  <div class='ocr_page' id='page_1' title='image "/cluster/home/n/w/nwhite01/storage/ocr_20150623/26/nnc1.0046978577/107.png"; bbox 0 0 3840 6220; ppageno 0'>
   <div class='ocr_carea' id='block_1_1' title="bbox 374 295 477 350">
    <p class='ocr_par' dir='ltr' id='par_1_1' title="bbox 374 295 477 350">
     <span class='ocr_line' id='line_1_1' title="bbox 374 295 477 350; baseline 0.01 -1"><span class='ocrx_word' id='word_1_1' title='bbox 374 295 477 350; x_wconf 69' lang='grc'><strong>1³39</strong></span> 
     </span>
    </p>
   </div>
   <div class='ocr_carea' id='block_1_2' title="bbox 985 289 3088 354">
    <p class='ocr_par' dir='ltr' id='par_1_2' title="bbox 985 289 3088 354">
     <span class='ocr_line' id='line_1_2' title="bbox 985 289 3088 354; baseline 0.002 -4"><span class='ocrx_word' id='word_1_2' title='bbox 985 295 1042 351; x_wconf 89' lang='lat' dir='ltr'><strong>S.</strong></span> <span class='ocrx_word' id='word_1_3' title='bbox 1083 293 1460 350; x_wconf 68' lang='lat' dir='ltr'><strong>ATIIANASII</strong></span> <span class='ocrx_word' id='word_1_4' title='bbox 1499 289 1653 350; x_wconf 75' lang='lat' dir='ltr'><strong>OPP&#39;.</strong></span> <span class='ocrx_word' id='word_1_5' title='bbox 1699 295 1881 351; x_wconf 76' lang='lat' dir='ltr'><strong>PARS</strong></span> <span class='ocrx_word' id='word_1_6' title='bbox 1922 298 1963 351; x_wconf 90' lang='grc'><strong>1.</strong></span> <span class='ocrx_word' id='word_1_7' title='bbox 2007 329 2074 338; x_wconf 88' lang='grc'><strong>-</strong></span> <span class='ocrx_word' id='word_1_8' title='bbox 2114 297 2490 353; x_wconf 70' lang='grc' dir='ltr'>Ηιετοιιιω</span> <span class='ocrx_word' id='word_1_9' title='bbox 2532 298 2620 354; x_wconf 76' lang='grc' dir='ltr'><strong>ΕΙ·</strong></span> <span class='ocrx_word' id='word_1_10' title='bbox 2663 296 3088 354; x_wconf 71' lang='lat' dir='ltr'><strong>DOGMATICA.</strong></span> 
     </span>
    </p>
   </div>
   <div class='ocr_carea' id='block_1_3' title="bbox 3551 300 3661 358">
    <p class='ocr_par' dir='ltr' id='par_1_3' title="bbox 3551 300 3661 358">
     <span class='ocr_line' id='line_1_3' title="bbox 3551 300 3661 358; baseline 0.027 -4"><span class='ocrx_word' id='word_1_11' title='bbox 3551 300 3661 358; x_wconf 71' lang='lat'><strong>200</strong></span> 
     </span>
    </p>
   </div>
   <div class='ocr_carea' id='block_1_4' title="bbox 371 410 1973 492">
    <p class='ocr_par' dir='ltr' id='par_1_4' title="bbox 371 414 1968 487">
     <span class='ocr_line' id='line_1_4' title="bbox 371 414 1968 487; baseline 0.001 -18"><span class='ocrx_word' id='word_1_12' title='bbox 371 414 535 472; x_wconf 81' lang='lat' dir='ltr'><strong>velim</strong></span> <span class='ocrx_word' id='word_1_13' title='bbox 567 431 738 487; x_wconf 86' lang='lat' dir='ltr'><strong>quare</strong></span> <span class='ocrx_word' id='word_1_14' title='bbox 757 416 941 471; x_wconf 84' lang='lat' dir='ltr'><strong>omnia</strong></span> <span class='ocrx_word' id='word_1_15' title='bbox 972 431 1069 486; x_wconf 90' lang='lat' dir='ltr'><strong>per</strong></span> <span class='ocrx_word' id='word_1_16' title='bbox 1091 417 1273 486; x_wconf 83' lang='lat' dir='ltr'><strong>ipsum</strong></span> <span class='ocrx_word' id='word_1_17' title='bbox 1305 416 1448 472; x_wconf 79' lang='lat' dir='ltr'><strong>facta</strong></span> <span class='ocrx_word' id='word_1_18' title='bbox 1477 417 1646 472; x_wconf 72' lang='lat' dir='ltr'><strong>sunt?</strong></span> <span class='ocrx_word' id='word_1_19' title='bbox 1673 433 1805 473; x_wconf 83' lang='lat' dir='ltr'><strong>sane</strong></span> <span class='ocrx_word' id='word_1_20' title='bbox 1831 418 1968 472; x_wconf 85' lang='lat' dir='ltr'><strong>nihil</strong></span> 
     </span>
    </p>
   </div>
   <div class='ocr_carea' id='block_1_5' title="bbox 2097 410 3664 492">
    <p class='ocr_par' dir='ltr' id='par_1_5' title="bbox 2097 410 3664 492">
     <span class='ocr_line' id='line_1_5' title="bbox 2097 410 3664 492; baseline 0.001 -20"><span class='ocrx_word' id='word_1_21' title='bbox 2097 419 2236 474; x_wconf 82' lang='lat' dir='ltr'><strong>t6vov</strong></span> <span class='ocrx_word' id='word_1_22' title='bbox 2265 419 2522 491; x_wconf 78' lang='grc' dir='ltr'>ὴθέληκε,</span> <span class='ocrx_word' id='word_1_23' title='bbox 2556 421 2650 474; x_wconf 78' lang='grc' dir='ltr'><strong>καὶ</strong></span> <span class='ocrx_word' id='word_1_24' title='bbox 2684 410 2892 489; x_wconf 80' lang='grc' dir='ltr'>ὑπέστη</span> <span class='ocrx_word' id='word_1_25' title='bbox 2914 421 2984 474; x_wconf 77' lang='grc' dir='ltr'>τὰ</span> <span class='ocrx_word' id='word_1_26' title='bbox 3011 421 3210 482; x_wconf 79' lang='grc' dir='ltr'>πάντα,</span> <span class='ocrx_word' id='word_1_27' title='bbox 3237 421 3332 474; x_wconf 77' lang='grc' dir='ltr'>καὶ</span> <span class='ocrx_word' id='word_1_28' title='bbox 3352 419 3432 491; x_wconf 80' lang='grc' dir='ltr'>τῷ</span> <span class='ocrx_word' id='word_1_29' title='bbox 3468 419 3664 492; x_wconf 78' lang='grc' dir='ltr'>βουλή-</span> 
     </span>
    </p>
   </div>
   <div class='ocr_carea' id='block_1_6' title="bbox 375 509 1966 580">
    <p class='ocr_par' dir='ltr' id='par_1_6' title="bbox 375 509 1966 580">
     <span class='ocr_line' id='line_1_6' title="bbox 375 509 1966 580; baseline 0.001 -17"><span class='ocrx_word' id='word_1_30' title='bbox 375 509 482 564; x_wconf 81' lang='lat' dir='ltr'><strong>nisi</strong></span> <span class='ocrx_word' id='word_1_31' title='bbox 525 510 921 580; x_wconf 84' lang='lat' dir='ltr'><strong>perabsurdum</strong></span> <span class='ocrx_word' id='word_1_32' title='bbox 965 511 1167 564; x_wconf 77' lang='lat' dir='ltr'><strong>habent</strong></span> <span class='ocrx_word' id='word_1_33' title='bbox 1207 510 1355 580; x_wconf 89' lang='lat' dir='ltr'><strong>quod</strong></span> <span class='ocrx_word' id='word_1_34' title='bbox 1405 510 1792 579; x_wconf 87' lang='lat' dir='ltr'><strong>respondeant.</strong></span> <span class='ocrx_word' id='word_1_35' title='bbox 1840 511 1966 566; x_wconf 66' lang='lat' dir='ltr'><strong>llaec</strong></span> 
     </span>
    </p>
   </div>
   <div class='ocr_carea' id='block_1_7' title="bbox 377 601 1962 671">
    <p class='ocr_par' dir='ltr' id='par_1_7' title="bbox 377 601 1962 671">
     <span class='ocr_line' id='line_1_7' title="bbox 377 601 1962 671; baseline 0 -15"><span class='ocrx_word' id='word_1_36' title='bbox 377 610 506 656; x_wconf 88' lang='lat' dir='ltr'><strong>sunt</strong></span> <span class='ocrx_word' id='word_1_37' title='bbox 551 602 910 656; x_wconf 85' lang='lat' dir='ltr'><strong>nihilominus</strong></span> <span class='ocrx_word' id='word_1_38' title='bbox 947 616 1070 671; x_wconf 62' lang='lat' dir='ltr'><strong>quae</strong></span> <span class='ocrx_word' id='word_1_39' title='bbox 1115 601 1217 655; x_wconf 93' lang='lat' dir='ltr'><strong>hac</strong></span> <span class='ocrx_word' id='word_1_40' title='bbox 1255 601 1323 655; x_wconf 93' lang='lat' dir='ltr'><strong>de</strong></span> <span class='ocrx_word' id='word_1_41' title='bbox 1357 616 1418 656; x_wconf 89' lang='lat' dir='ltr'><strong>re</strong></span> <span class='ocrx_word' id='word_1_42' title='bbox 1460 601 1732 656; x_wconf 76' lang='lat' dir='ltr'><strong>elfutiunt.</strong></span> <span class='ocrx_word' id='word_1_43' title='bbox 1775 620 1794 652; x_wconf 75' lang='grc' dir='ltr'><strong>ι</strong></span> <span class='ocrx_word' id='word_1_44' title='bbox 1825 601 1962 656; x_wconf 89' lang='lat' dir='ltr'><strong>Cum</strong></span> 
     </span>
    </p>
   </div>
   <div class='ocr_carea' id='block_1_8' title="bbox 377 692 1966 763">
    <p class='ocr_par' dir='ltr' id='par_1_8' title="bbox 377 692 1966 763">
     <span class='ocr_line' id='line_1_8' title="bbox 377 692 1966 763; baseline 0.001 -15"><span class='ocrx_word' id='word_1_45' title='bbox 377 692 544 756; x_wconf 85' lang='lat' dir='ltr'><strong>Deus,</strong></span> <span class='ocrx_word' id='word_1_46' title='bbox 575 694 850 763; x_wconf 83' lang='lat' dir='ltr'><strong>inquiunt,</strong></span> <span class='ocrx_word' id='word_1_47' title='bbox 879 694 1077 749; x_wconf 77' lang='lat' dir='ltr'><strong>factam</strong></span> <span class='ocrx_word' id='word_1_48' title='bbox 1111 703 1365 748; x_wconf 87' lang='lat' dir='ltr'><strong>naturam</strong></span> <span class='ocrx_word' id='word_1_49' title='bbox 1401 694 1563 748; x_wconf 83' lang='lat' dir='ltr'><strong>vellet</strong></span> <span class='ocrx_word' id='word_1_50' title='bbox 1591 709 1804 758; x_wconf 86' lang='lat' dir='ltr'><strong>creare,</strong></span> <span class='ocrx_word' id='word_1_51' title='bbox 1829 695 1966 750; x_wconf 89' lang='lat' dir='ltr'><strong>vidit</strong></span> 
     </span>
    </p>
   </div>
   <div class='ocr_carea' id='block_1_9' title="bbox 378 785 1964 857">
    <p class='ocr_par' dir='ltr' id='par_1_9' title="bbox 378 785 1964 857">
     <span class='ocr_line' id='line_1_9' title="bbox 378 785 1964 857; baseline 0.003 -18"><span class='ocrx_word' id='word_1_52' title='bbox 378 801 545 840; x_wconf 63' lang='lat' dir='ltr'><strong>merae</strong></span> <span class='ocrx_word' id='word_1_53' title='bbox 566 801 764 840; x_wconf 89' lang='lat' dir='ltr'><strong>manus</strong></span> <span class='ocrx_word' id='word_1_54' title='bbox 807 785 985 842; x_wconf 87' lang='lat' dir='ltr'><strong>Patris</strong></span> <span class='ocrx_word' id='word_1_55' title='bbox 1015 786 1247 857; x_wconf 87' lang='lat' dir='ltr'><strong>ejusque</strong></span> <span class='ocrx_word' id='word_1_56' title='bbox 1284 786 1579 841; x_wconf 85' lang='lat' dir='ltr'><strong>creationis</strong></span> <span class='ocrx_word' id='word_1_57' title='bbox 1607 802 1702 842; x_wconf 91' lang='lat' dir='ltr'><strong>seu</strong></span> <span class='ocrx_word' id='word_1_58' title='bbox 1733 788 1964 843; x_wconf 83' lang='lat' dir='ltr'><strong>actionis</strong></span> 
     </span>
    </p>
   </div>
   <div class='ocr_carea' id='block_1_10' title="bbox 379 878 1963 949">
    <p class='ocr_par' dir='ltr' id='par_1_10' title="bbox 379 878 1963 949">
     <span class='ocr_line' id='line_1_10' title="bbox 379 878 1963 949; baseline 0.003 -18"><span class='ocrx_word' id='word_1_59' title='bbox 379 879 696 949; x_wconf 85' lang='lat' dir='ltr'><strong>participem</strong></span> <span class='ocrx_word' id='word_1_60' title='bbox 725 879 838 934; x_wconf 81' lang='lat' dir='ltr'><strong>ﬁeri</strong></span> <span class='ocrx_word' id='word_1_61' title='bbox 873 895 982 934; x_wconf 91' lang='lat' dir='ltr'><strong>non</strong></span> <span class='ocrx_word' id='word_1_62' title='bbox 1010 894 1206 949; x_wconf 82' lang='lat' dir='ltr'><strong>posse:</strong></span> <span class='ocrx_word' id='word_1_63' title='bbox 1238 894 1402 948; x_wconf 89' lang='lat' dir='ltr'><strong>quam</strong></span> <span class='ocrx_word' id='word_1_64' title='bbox 1430 878 1501 932; x_wconf 90' lang='lat' dir='ltr'><strong>ob</strong></span> <span class='ocrx_word' id='word_1_65' title='bbox 1533 893 1756 933; x_wconf 86' lang='lat' dir='ltr'><strong>causam</strong></span> <span class='ocrx_word' id='word_1_66' title='bbox 1785 881 1963 948; x_wconf 90' lang='lat' dir='ltr'><strong>primo</strong></span> 
     </span>
    </p>
   </div>
   <div class='ocr_carea' id='block_1_11' title="bbox 378 968 1964 1040">
    <p class='ocr_par' dir='ltr' id='par_1_11' title="bbox 378 968 1964 1040">
     <span class='ocr_line' id='line_1_11' title="bbox 378 968 1964 1040; baseline -0.001 -15"><span class='ocrx_word' id='word_1_67' title='bbox 378 970 529 1025; x_wconf 80' lang='lat' dir='ltr'><strong>solus</strong></span> <span class='ocrx_word' id='word_1_68' title='bbox 552 971 728 1025; x_wconf 89' lang='lat' dir='ltr'><strong>solum</strong></span> <span class='ocrx_word' id='word_1_69' title='bbox 763 986 932 1024; x_wconf 88' lang='lat' dir='ltr'><strong>unum</strong></span> <span class='ocrx_word' id='word_1_70' title='bbox 960 971 1186 1035; x_wconf 87' lang='lat' dir='ltr'><strong>creavit,</strong></span> <span class='ocrx_word' id='word_1_71' title='bbox 1221 985 1383 1040; x_wconf 87' lang='lat' dir='ltr'><strong>quem</strong></span> <span class='ocrx_word' id='word_1_72' title='bbox 1410 968 1606 1023; x_wconf 87' lang='lat' dir='ltr'><strong>Filium</strong></span> <span class='ocrx_word' id='word_1_73' title='bbox 1641 979 1694 1024; x_wconf 93' lang='lat' dir='ltr'><strong>et</strong></span> <span class='ocrx_word' id='word_1_74' title='bbox 1722 968 1964 1025; x_wconf 85' lang='lat' dir='ltr'><strong>Verbum</strong></span> 
     </span>
    </p>
   </div>
   <div class='ocr_carea' id='block_1_12' title="bbox 378 1063 1966 1134">
    <p class='ocr_par' dir='ltr' id='par_1_12' title="bbox 378 1063 1966 1134">
     <span class='ocr_line' id='line_1_12' title="bbox 378 1063 1966 1134; baseline -0.001 -15"><span class='ocrx_word' id='word_1_75' title='bbox 378 1065 689 1134; x_wconf 83' lang='lat' dir='ltr'><strong>appellavit,</strong></span> <span class='ocrx_word' id='word_1_76' title='bbox 721 1074 782 1119; x_wconf 92' lang='lat' dir='ltr'><strong>ut</strong></span> <span class='ocrx_word' id='word_1_77' title='bbox 813 1065 906 1119; x_wconf 90' lang='lat' dir='ltr'><strong>illo</strong></span> <span class='ocrx_word' id='word_1_78' title='bbox 929 1064 1252 1120; x_wconf 88' lang='lat' dir='ltr'><strong>intermedio</strong></span> <span class='ocrx_word' id='word_1_79' title='bbox 1276 1065 1440 1128; x_wconf 76' lang='lat' dir='ltr'><strong>facto,</strong></span> <span class='ocrx_word' id='word_1_80' title='bbox 1461 1063 1533 1118; x_wconf 86' lang='lat' dir='ltr'><strong>ita</strong></span> <span class='ocrx_word' id='word_1_81' title='bbox 1559 1064 1818 1134; x_wconf 91' lang='lat' dir='ltr'><strong>deinceps</strong></span> <span class='ocrx_word' id='word_1_82' title='bbox 1847 1079 1966 1118; x_wconf 86' lang='lat' dir='ltr'><strong>om-</strong></span> 
     </span>
    </p>
   </div>
   <div class='ocr_carea' id='block_1_13' title="bbox 376 1154 1963 1228">
    <p class='ocr_par' dir='ltr' id='par_1_13' title="bbox 376 1154 1963 1228">
     <span class='ocr_line' id='line_1_13' title="bbox 376 1154 1963 1228; baseline 0 -18"><span class='ocrx_word' id='word_1_83' title='bbox 376 1157 468 1210; x_wconf 89' lang='lat' dir='ltr'><strong>nia</strong></span> <span class='ocrx_word' id='word_1_84' title='bbox 525 1172 619 1226; x_wconf 90' lang='lat' dir='ltr'><strong>per</strong></span> <span class='ocrx_word' id='word_1_85' title='bbox 668 1158 849 1226; x_wconf 90' lang='lat' dir='ltr'><strong>ipsum</strong></span> <span class='ocrx_word' id='word_1_86' title='bbox 899 1167 1124 1228; x_wconf 91' lang='lat' dir='ltr'><strong>possent</strong></span> <span class='ocrx_word' id='word_1_87' title='bbox 1179 1155 1317 1210; x_wconf 84' lang='lat' dir='ltr'><strong>ﬁeri.</strong></span> <span class='ocrx_word' id='word_1_88' title='bbox 1351 1175 1370 1207; x_wconf 74' lang='grc' dir='ltr'><strong>ι</strong></span> <span class='ocrx_word' id='word_1_89' title='bbox 1406 1154 1530 1210; x_wconf 67' lang='grc' dir='ltr'>11κο</span> <span class='ocrx_word' id='word_1_90' title='bbox 1584 1171 1692 1209; x_wconf 89' lang='lat' dir='ltr'><strong>non</strong></span> <span class='ocrx_word' id='word_1_91' title='bbox 1750 1165 1963 1210; x_wconf 92' lang='lat' dir='ltr'><strong>tantum</strong></span> 
     </span>
    </p>
   </div>
   <div class='ocr_carea' id='block_1_14' title="bbox 377 1247 1966 1313">
    <p class='ocr_par' dir='ltr' id='par_1_14' title="bbox 377 1247 1966 1313">
     <span class='ocr_line' id='line_1_14' title="bbox 377 1247 1966 1313; baseline 0.002 -12"><span class='ocrx_word' id='word_1_92' title='bbox 377 1247 594 1313; x_wconf 82' lang='lat' dir='ltr'><strong>dixere,</strong></span> <span class='ocrx_word' id='word_1_93' title='bbox 643 1250 738 1303; x_wconf 90' lang='lat' dir='ltr'><strong>sed</strong></span> <span class='ocrx_word' id='word_1_94' title='bbox 766 1249 930 1303; x_wconf 89' lang='lat' dir='ltr'><strong>etiam</strong></span> <span class='ocrx_word' id='word_1_95' title='bbox 971 1249 1214 1303; x_wconf 84' lang='lat' dir='ltr'><strong>scribere</strong></span> <span class='ocrx_word' id='word_1_96' title='bbox 1259 1249 1380 1302; x_wconf 90' lang='lat' dir='ltr'><strong>ausi</strong></span> <span class='ocrx_word' id='word_1_97' title='bbox 1419 1257 1548 1304; x_wconf 93' lang='lat' dir='ltr'><strong>sunt</strong></span> <span class='ocrx_word' id='word_1_98' title='bbox 1596 1247 1868 1303; x_wconf 83' lang='lat' dir='ltr'><strong>Eusebius</strong></span> <span class='ocrx_word' id='word_1_99' title='bbox 1911 1258 1966 1304; x_wconf 90' lang='lat' dir='ltr'><strong>et</strong></span> 
     </span>
    </p>
   </div>
   <div class='ocr_carea' id='block_1_15' title="bbox 378 1339 1700 1410">
    <p class='ocr_par' dir='ltr' id='par_1_15' title="bbox 378 1339 1700 1410">
     <span class='ocr_line' id='line_1_15' title="bbox 378 1339 1700 1410; baseline 0.001 -17"><span class='ocrx_word' id='word_1_100' title='bbox 378 1341 564 1404; x_wconf 85' lang='lat' dir='ltr'><strong>Arius,</strong></span> <span class='ocrx_word' id='word_1_101' title='bbox 598 1349 763 1410; x_wconf 86' lang='lat' dir='ltr'><strong>atque</strong></span> <span class='ocrx_word' id='word_1_102' title='bbox 788 1343 1035 1396; x_wconf 82' lang='lat' dir='ltr'><strong>Asterius</strong></span> <span class='ocrx_word' id='word_1_103' title='bbox 1060 1339 1152 1410; x_wconf 89' lang='lat' dir='ltr'><strong>qui</strong></span> <span class='ocrx_word' id='word_1_104' title='bbox 1187 1341 1350 1396; x_wconf 85' lang='lat' dir='ltr'><strong>idolis</strong></span> <span class='ocrx_word' id='word_1_105' title='bbox 1377 1340 1700 1395; x_wconf 82' lang='lat' dir='ltr'><strong>immolavit.</strong></span> 
     </span>
    </p>
   </div>
   <div class='ocr_carea' id='block_1_16' title="bbox 2077 509 3662 591">
    <p class='ocr_par' dir='ltr' id='par_1_16' title="bbox 2077 509 3662 591">
     <span class='ocr_line' id='line_1_16' title="bbox 2077 509 3662 591; baseline -0.002 -23"><span class='ocrx_word' id='word_1_106' title='bbox 2077 532 2206 584; x_wconf 89' lang='grc' dir='ltr'>ματι</span> <span class='ocrx_word' id='word_1_107' title='bbox 2237 515 2400 567; x_wconf 85' lang='grc' dir='ltr'>αὐτοῦ</span> <span class='ocrx_word' id='word_1_108' title='bbox 2429 513 2604 577; x_wconf 78' lang='grc' dir='ltr'>οὐδεὶς</span> <span class='ocrx_word' id='word_1_109' title='bbox 2626 513 2949 585; x_wconf 81' lang='grc' dir='ltr'>ἀνθέστηκε.</span> <span class='ocrx_word' id='word_1_110' title='bbox 2979 515 3137 576; x_wconf 80' lang='grc' dir='ltr'><strong>Τίνος</strong></span> <span class='ocrx_word' id='word_1_111' title='bbox 3161 509 3253 567; x_wconf 81' lang='grc' dir='ltr'>οῦν</span> <span class='ocrx_word' id='word_1_112' title='bbox 3279 513 3440 566; x_wconf 74' lang='grc' dir='ltr'>ἕνεκα</span> <span class='ocrx_word' id='word_1_113' title='bbox 3471 513 3534 566; x_wconf 81' lang='grc' dir='ltr'>οὐ</span> <span class='ocrx_word' id='word_1_114' title='bbox 3565 513 3662 591; x_wconf 60' lang='grc' dir='ltr'><strong>γέ-</strong></span> 
     </span>
    </p>
   </div>
   <div class='ocr_carea' id='block_1_17' title="bbox 2072 605 3662 678">
    <p class='ocr_par' dir='ltr' id='par_1_17' title="bbox 2072 605 3662 678">
     <span class='ocr_line' id='line_1_17' title="bbox 2072 605 3662 678; baseline -0.001 -19"><span class='ocrx_word' id='word_1_115' title='bbox 2072 623 2196 673; x_wconf 88' lang='grc' dir='ltr'>γονε</span> <span class='ocrx_word' id='word_1_116' title='bbox 2218 607 2286 659; x_wconf 81' lang='grc' dir='ltr'><strong>τὰ</strong></span> <span class='ocrx_word' id='word_1_117' title='bbox 2303 606 2479 659; x_wconf 87' lang='grc' dir='ltr'>πάντα</span> <span class='ocrx_word' id='word_1_118' title='bbox 2510 606 2660 676; x_wconf 69' lang='grc' dir='ltr'>παρὰ</span> <span class='ocrx_word' id='word_1_119' title='bbox 2683 605 2844 678; x_wconf 82' lang='grc' dir='ltr'>μόνου</span> <span class='ocrx_word' id='word_1_120' title='bbox 2869 605 2964 658; x_wconf 88' lang='grc' dir='ltr'><strong>τοῦ</strong></span> <span class='ocrx_word' id='word_1_121' title='bbox 2987 605 3123 658; x_wconf 88' lang='grc' dir='ltr'>Θεοῦ</span> <span class='ocrx_word' id='word_1_122' title='bbox 3150 605 3228 675; x_wconf 81' lang='grc' dir='ltr'>τῷ</span> <span class='ocrx_word' id='word_1_123' title='bbox 3252 605 3662 677; x_wconf 79' lang='grc' dir='ltr'>προστάγματι,</span> 
     </span>
    </p>
   </div>
   <div class='ocr_carea' id='block_1_18' title="bbox 2070 691 3662 768">
    <p class='ocr_par' dir='ltr' id='par_1_18' title="bbox 2070 691 3662 768">
     <span class='ocr_line' id='line_1_18' title="bbox 2070 691 3662 768; baseline 0.001 -19"><span class='ocrx_word' id='word_1_124' title='bbox 2070 691 2114 765; x_wconf 83' lang='grc' dir='ltr'><strong>ᾧ</strong></span> <span class='ocrx_word' id='word_1_125' title='bbox 2141 700 2330 768; x_wconf 87' lang='grc' dir='ltr'>γέγονε</span> <span class='ocrx_word' id='word_1_126' title='bbox 2354 699 2449 752; x_wconf 72' lang='grc' dir='ltr'><strong>καὶ</strong></span> <span class='ocrx_word' id='word_1_127' title='bbox 2483 699 2512 750; x_wconf 99' lang='lat'><strong>6</strong></span> <span class='ocrx_word' id='word_1_128' title='bbox 2541 698 2667 762; x_wconf 78' lang='grc' dir='ltr'><strong>Υἱός</strong></span> <span class='ocrx_word' id='word_1_129' title='bbox 2690 713 2704 763; x_wconf 90' lang='lat'><strong>;</strong></span> <span class='ocrx_word' id='word_1_130' title='bbox 2735 699 2806 751; x_wconf 78' lang='grc' dir='ltr'><strong>’Ἤ</strong></span> <span class='ocrx_word' id='word_1_131' title='bbox 2833 697 2922 750; x_wconf 68' lang='grc' dir='ltr'><strong>διὰ</strong></span> <span class='ocrx_word' id='word_1_132' title='bbox 2942 698 2993 751; x_wconf 91' lang='grc' dir='ltr'><strong>τί</strong></span> <span class='ocrx_word' id='word_1_133' title='bbox 3016 697 3209 752; x_wconf 77' lang='grc' dir='ltr'>τούτου</span> <span class='ocrx_word' id='word_1_134' title='bbox 3242 697 3423 751; x_wconf 80' lang='grc' dir='ltr'>πάντα</span> <span class='ocrx_word' id='word_1_135' title='bbox 3443 697 3662 765; x_wconf 78' lang='grc' dir='ltr'>γέγονε,</span> 
     </span>
    </p>
   </div>
   <div class='ocr_carea' id='block_1_19' title="bbox 2072 789 3660 862">
    <p class='ocr_par' dir='ltr' id='par_1_19' title="bbox 2072 789 3660 862">
     <span class='ocr_line' id='line_1_19' title="bbox 2072 789 3660 862; baseline -0.001 -19"><span class='ocrx_word' id='word_1_136' title='bbox 2072 791 2249 844; x_wconf 85' lang='grc' dir='ltr'>καίτοι</span> <span class='ocrx_word' id='word_1_137' title='bbox 2285 791 2380 844; x_wconf 70' lang='grc' dir='ltr'><strong>καὶ</strong></span> <span class='ocrx_word' id='word_1_138' title='bbox 2417 789 2580 844; x_wconf 82' lang='grc' dir='ltr'>αὑτοῦ</span> <span class='ocrx_word' id='word_1_139' title='bbox 2605 789 2866 861; x_wconf 73' lang='grc' dir='ltr'>γεννητοῦ</span> <span class='ocrx_word' id='word_1_140' title='bbox 2909 791 3293 862; x_wconf 75' lang='grc' dir='ltr'><strong>τυγχάνοντος,</strong></span> <span class='ocrx_word' id='word_1_141' title='bbox 3327 790 3660 859; x_wconf 79' lang='grc' dir='ltr'><strong>λεγέτωσαν.</strong></span> 
     </span>
    </p>
   </div>
   <div class='ocr_carea' id='block_1_20' title="bbox 2083 878 3665 956">
    <p class='ocr_par' dir='ltr' id='par_1_20' title="bbox 2083 878 3665 956">
     <span class='ocr_line' id='line_1_20' title="bbox 2083 878 3665 956; baseline -0.001 -20"><span class='ocrx_word' id='word_1_142' title='bbox 2083 883 2299 952; x_wconf 83' lang='grc' dir='ltr'>Ἀλογία</span> <span class='ocrx_word' id='word_1_143' title='bbox 2329 883 2427 954; x_wconf 79' lang='grc' dir='ltr'>μὲν</span> <span class='ocrx_word' id='word_1_144' title='bbox 2451 878 2544 938; x_wconf 83' lang='grc' dir='ltr'>οῦν</span> <span class='ocrx_word' id='word_1_145' title='bbox 2573 884 2647 954; x_wconf 88' lang='grc'><strong>(8)</strong></span> <span class='ocrx_word' id='word_1_146' title='bbox 2673 885 2823 937; x_wconf 80' lang='grc' dir='ltr'>πᾶσα</span> <span class='ocrx_word' id='word_1_147' title='bbox 2844 886 2974 956; x_wconf 77' lang='grc' dir='ltr'>παρ’</span> <span class='ocrx_word' id='word_1_148' title='bbox 3013 882 3228 946; x_wconf 77' lang='grc' dir='ltr'>αὐτοῖς’</span> <span class='ocrx_word' id='word_1_149' title='bbox 3261 884 3394 953; x_wconf 81' lang='grc' dir='ltr'><strong>φασὶ</strong></span> <span class='ocrx_word' id='word_1_150' title='bbox 3419 883 3478 936; x_wconf 84' lang='grc' dir='ltr'><strong>δὲ</strong></span> <span class='ocrx_word' id='word_1_151' title='bbox 3509 883 3665 954; x_wconf 79' lang='grc' dir='ltr'>ὅμως</span> 
     </span>
    </p>
   </div>
   <div class='ocr_carea' id='block_1_21' title="bbox 2073 971 3664 1045">
    <p class='ocr_par' dir='ltr' id='par_1_21' title="bbox 2073 971 3664 1045">
     <span class='ocr_line' id='line_1_21' title="bbox 2073 971 3664 1045; baseline 0 -21"><span class='ocrx_word' id='word_1_152' title='bbox 2073 975 2201 1042; x_wconf 56' lang='grc' dir='ltr'><strong>’περὶ⁵</strong></span> <span class='ocrx_word' id='word_1_153' title='bbox 2223 973 2438 1038; x_wconf 84' lang='grc' dir='ltr'>τούτου,</span> <span class='ocrx_word' id='word_1_154' title='bbox 2461 973 2536 1038; x_wconf 87' lang='grc' dir='ltr'><strong>ὼς</strong></span> <span class='ocrx_word' id='word_1_155' title='bbox 2568 974 2678 1044; x_wconf 83' lang='grc' dir='ltr'>ἄρα</span> <span class='ocrx_word' id='word_1_156' title='bbox 2712 991 2731 1024; x_wconf 83' lang='grc'><strong><em>‹</em></strong></span> <span class='ocrx_word' id='word_1_157' title='bbox 2754 974 2934 1027; x_wconf 79' lang='grc' dir='ltr'>Θέλων</span> <span class='ocrx_word' id='word_1_158' title='bbox 2951 976 2979 1028; x_wconf 88' lang='lat'><strong>6</strong></span> <span class='ocrx_word' id='word_1_159' title='bbox 2999 973 3132 1036; x_wconf 74' lang='grc' dir='ltr'>Θεὸς</span> <span class='ocrx_word' id='word_1_160' title='bbox 3163 973 3262 1045; x_wconf 79' lang='grc' dir='ltr'>τὴν</span> <span class='ocrx_word' id='word_1_161' title='bbox 3284 972 3520 1044; x_wconf 74' lang='grc' dir='ltr'>γενητὴν</span> <span class='ocrx_word' id='word_1_162' title='bbox 3544 971 3664 1025; x_wconf 87' lang='grc' dir='ltr'>κτί-</span> 
     </span>
    </p>
   </div>
   <div class='ocr_carea' id='block_1_22' title="bbox 2073 1062 3664 1137">
    <p class='ocr_par' dir='ltr' id='par_1_22' title="bbox 2073 1062 3664 1137">
     <span class='ocr_line' id='line_1_22' title="bbox 2073 1062 3664 1137; baseline -0.002 -19"><span class='ocrx_word' id='word_1_163' title='bbox 2073 1081 2163 1118; x_wconf 88' lang='grc' dir='ltr'><strong>σαι</strong></span> <span class='ocrx_word' id='word_1_164' title='bbox 2189 1064 2372 1130; x_wconf 80' lang='grc' dir='ltr'>φύσιν,</span> <span class='ocrx_word' id='word_1_165' title='bbox 2399 1065 2589 1136; x_wconf 75' lang='grc' dir='ltr'>ἐπειδὴ</span> <span class='ocrx_word' id='word_1_166' title='bbox 2612 1065 2759 1137; x_wconf 72' lang='grc' dir='ltr'>ἑώρα</span> <span class='ocrx_word' id='word_1_167' title='bbox 2802 1065 2878 1137; x_wconf 88' lang='grc' dir='ltr'>μὴ</span> <span class='ocrx_word' id='word_1_168' title='bbox 2924 1064 3234 1136; x_wconf 76' lang='grc' dir='ltr'><strong>δυναμένην</strong></span> <span class='ocrx_word' id='word_1_169' title='bbox 3271 1062 3440 1133; x_wconf 81' lang='grc' dir='ltr'>αὐτὴν</span> <span class='ocrx_word' id='word_1_170' title='bbox 3493 1078 3664 1131; x_wconf 85' lang='grc' dir='ltr'>μετα-</span> 
     </span>
    </p>
   </div>
   <div class='ocr_carea' id='block_1_23' title="bbox 2076 1155 3665 1230">
    <p class='ocr_par' dir='ltr' id='par_1_23' title="bbox 2076 1155 3665 1230">
     <span class='ocr_line' id='line_1_23' title="bbox 2076 1155 3665 1230; baseline 0 -22"><span class='ocrx_word' id='word_1_171' title='bbox 2076 1159 2223 1226; x_wconf 85' lang='grc' dir='ltr'>σχεῖν</span> <span class='ocrx_word' id='word_1_172' title='bbox 2279 1156 2381 1226; x_wconf 80' lang='grc' dir='ltr'>τῆς</span> <span class='ocrx_word' id='word_1_173' title='bbox 2427 1155 2521 1209; x_wconf 89' lang='grc' dir='ltr'><strong>τοῦ</strong></span> <span class='ocrx_word' id='word_1_174' title='bbox 2560 1157 2772 1229; x_wconf 78' lang='grc' dir='ltr'>Πατρὸς</span> <span class='ocrx_word' id='word_1_175' title='bbox 2817 1156 2891 1228; x_wconf 85' lang='lat'><strong>(9)</strong></span> <span class='ocrx_word' id='word_1_176' title='bbox 2920 1157 3161 1230; x_wconf 79' lang='grc' dir='ltr'><strong>ἀκράτου</strong></span> <span class='ocrx_word' id='word_1_177' title='bbox 3193 1157 3394 1228; x_wconf 77' lang='grc' dir='ltr'>χειρὸς,</span> <span class='ocrx_word' id='word_1_178' title='bbox 3436 1156 3532 1208; x_wconf 76' lang='grc' dir='ltr'><strong>καὶ</strong></span> <span class='ocrx_word' id='word_1_179' title='bbox 3563 1155 3665 1226; x_wconf 71' lang='grc' dir='ltr'>τῆς</span> 
     </span>
    </p>
   </div>
   <div class='ocr_carea' id='block_1_24' title="bbox 2073 1245 3666 1322">
    <p class='ocr_par' dir='ltr' id='par_1_24' title="bbox 2073 1245 3666 1322">
     <span class='ocr_line' id='line_1_24' title="bbox 2073 1245 3666 1322; baseline -0.001 -21"><span class='ocrx_word' id='word_1_180' title='bbox 2073 1249 2207 1319; x_wconf 80' lang='grc' dir='ltr'>παρ’</span> <span class='ocrx_word' id='word_1_181' title='bbox 2237 1248 2404 1302; x_wconf 82' lang='grc' dir='ltr'>αὐτοῦ</span> <span class='ocrx_word' id='word_1_182' title='bbox 2451 1249 2812 1322; x_wconf 81' lang='grc' dir='ltr'><strong>δημιουργίας</strong></span> <span class='ocrx_word' id='word_1_183' title='bbox 2833 1290 2848 1313; x_wconf 95' lang='grc'><strong>,</strong></span> <span class='ocrx_word' id='word_1_184' title='bbox 2881 1252 3028 1302; x_wconf 80' lang='grc' dir='ltr'>ποιεῖ</span> <span class='ocrx_word' id='word_1_185' title='bbox 3055 1250 3149 1302; x_wconf 75' lang='grc' dir='ltr'><strong>καὶ</strong></span> <span class='ocrx_word' id='word_1_186' title='bbox 3198 1247 3370 1312; x_wconf 78' lang='grc' dir='ltr'>κτίζει</span> <span class='ocrx_word' id='word_1_187' title='bbox 3427 1245 3666 1320; x_wconf 84' lang='grc' dir='ltr'><strong>πρώτως</strong></span> 
     </span>
    </p>
   </div>
   <div class='ocr_carea' id='block_1_25' title="bbox 2077 1341 3663 1411">
    <p class='ocr_par' dir='ltr' id='par_1_25' title="bbox 2077 1341 3663 1411">
     <span class='ocr_line' id='line_1_25' title="bbox 2077 1341 3663 1411; baseline 0.001 -19"><span class='ocrx_word' id='word_1_188' title='bbox 2077 1341 2236 1411; x_wconf 84' lang='grc' dir='ltr'><strong>μόνος</strong></span> <span class='ocrx_word' id='word_1_189' title='bbox 2265 1342 2424 1411; x_wconf 83' lang='grc' dir='ltr'>μόνον</span> <span class='ocrx_word' id='word_1_190' title='bbox 2467 1342 2586 1405; x_wconf 73' lang='grc' dir='ltr'>ἕνα,</span> <span class='ocrx_word' id='word_1_191' title='bbox 2619 1342 2714 1395; x_wconf 75' lang='grc' dir='ltr'><strong>καὶ</strong></span> <span class='ocrx_word' id='word_1_192' title='bbox 2739 1342 2896 1396; x_wconf 84' lang='grc' dir='ltr'>καλεῖ</span> <span class='ocrx_word' id='word_1_193' title='bbox 2946 1342 3134 1396; x_wconf 84' lang='grc' dir='ltr'>τοῦτον</span> <span class='ocrx_word' id='word_1_194' title='bbox 3163 1343 3292 1396; x_wconf 85' lang='grc' dir='ltr'>Υἱὸν</span> <span class='ocrx_word' id='word_1_195' title='bbox 3334 1342 3430 1396; x_wconf 71' lang='grc' dir='ltr'><strong>καὶ</strong></span> <span class='ocrx_word' id='word_1_196' title='bbox 3462 1343 3663 1410; x_wconf 78' lang='grc' dir='ltr'>Λόγον,</span> 
     </span>
    </p>
   </div>
   <div class='ocr_carea' id='block_1_26' title="bbox 379 1431 3665 1506">
    <p class='ocr_par' dir='ltr' id='par_1_26' title="bbox 379 1431 3665 1506">
     <span class='ocr_line' id='line_1_26' title="bbox 379 1431 3665 1506; baseline 0 -21"><span class='ocrx_word' id='word_1_197' title='bbox 379 1432 488 1498; x_wconf 78' lang='grc' dir='ltr'>ἵνα,</span> <span class='ocrx_word' id='word_1_198' title='bbox 522 1432 714 1486; x_wconf 85' lang='grc' dir='ltr'>τούτου</span> <span class='ocrx_word' id='word_1_199' title='bbox 746 1433 910 1504; x_wconf 80' lang='grc' dir='ltr'>μέσου</span> <span class='ocrx_word' id='word_1_200' title='bbox 943 1432 1235 1504; x_wconf 83' lang='grc' dir='ltr'>γενομένου</span> <span class='ocrx_word' id='word_1_201' title='bbox 1292 1431 1426 1504; x_wconf 81' lang='grc'>(10),</span> <span class='ocrx_word' id='word_1_202' title='bbox 1462 1431 1606 1486; x_wconf 76' lang='grc' dir='ltr'>οὕτω</span> <span class='ocrx_word' id='word_1_203' title='bbox 1642 1432 1826 1488; x_wconf 74' lang='grc' dir='ltr'><strong>λοιπὸν</strong></span> <span class='ocrx_word' id='word_1_204' title='bbox 1887 1433 1982 1487; x_wconf 70' lang='grc' dir='ltr'>καὶ</span> <span class='ocrx_word' id='word_1_205' title='bbox 2017 1433 2086 1486; x_wconf 78' lang='grc' dir='ltr'>τὰ</span> <span class='ocrx_word' id='word_1_206' title='bbox 2115 1435 2293 1487; x_wconf 81' lang='grc' dir='ltr'>πάντα</span> <span class='ocrx_word' id='word_1_207' title='bbox 2323 1434 2389 1487; x_wconf 86' lang='grc' dir='ltr'><strong>δι’</strong></span> <span class='ocrx_word' id='word_1_208' title='bbox 2415 1433 2580 1487; x_wconf 77' lang='grc' dir='ltr'>αὑτοῦ</span> <span class='ocrx_word' id='word_1_209' title='bbox 2615 1433 2866 1502; x_wconf 79' lang='grc' dir='ltr'>γενέσθαι</span> <span class='ocrx_word' id='word_1_210' title='bbox 2890 1434 3114 1506; x_wconf 82' lang='grc' dir='ltr'><strong>δυνηθῇ.</strong></span> <span class='ocrx_word' id='word_1_211' title='bbox 3154 1455 3173 1487; x_wconf 76' lang='grc' dir='ltr'><strong>ι</strong></span> <span class='ocrx_word' id='word_1_212' title='bbox 3205 1434 3392 1488; x_wconf 87' lang='grc' dir='ltr'>Ταῦτα</span> <span class='ocrx_word' id='word_1_213' title='bbox 3451 1435 3513 1488; x_wconf 87' lang='grc' dir='ltr'>οὐ</span> <span class='ocrx_word' id='word_1_214' title='bbox 3570 1433 3665 1504; x_wconf 81' lang='grc' dir='ltr'><strong>μό-</strong></span> 
     </span>
    </p>
   </div>
   <div class='ocr_carea' id='block_1_27' title="bbox 379 1528 3262 1601">
    <p class='ocr_par' dir='ltr' id='par_1_27' title="bbox 379 1528 3262 1601">
     <span class='ocr_line' id='line_1_27' title="bbox 379 1528 3262 1601; baseline 0 -19"><span class='ocrx_word' id='word_1_215' title='bbox 379 1544 469 1582; x_wconf 93' lang='grc' dir='ltr'>νον</span> <span class='ocrx_word' id='word_1_216' title='bbox 498 1529 804 1601; x_wconf 81' lang='grc' dir='ltr'><strong>εἰρήκασιν,</strong></span> <span class='ocrx_word' id='word_1_217' title='bbox 835 1529 970 1582; x_wconf 81' lang='grc' dir='ltr'><strong>ἀλλὰ</strong></span> <span class='ocrx_word' id='word_1_218' title='bbox 1005 1528 1101 1582; x_wconf 72' lang='grc' dir='ltr'><strong>καὶ</strong></span> <span class='ocrx_word' id='word_1_219' title='bbox 1121 1529 1330 1600; x_wconf 72' lang='grc' dir='ltr'>γράψαι</span> <span class='ocrx_word' id='word_1_220' title='bbox 1364 1528 1766 1600; x_wconf 84' lang='grc' dir='ltr'>τετολμήκασιν</span> <span class='ocrx_word' id='word_1_221' title='bbox 1796 1529 2060 1592; x_wconf 70' lang='grc' dir='ltr'><strong>Εὐσέϐιος</strong></span> <span class='ocrx_word' id='word_1_222' title='bbox 2083 1547 2144 1582; x_wconf 90' lang='grc' dir='ltr'><strong>τε</strong></span> <span class='ocrx_word' id='word_1_223' title='bbox 2176 1529 2271 1582; x_wconf 76' lang='grc' dir='ltr'><strong>καὶ</strong></span> <span class='ocrx_word' id='word_1_224' title='bbox 2299 1530 2536 1600; x_wconf 80' lang='grc' dir='ltr'>Ἀρειος,</span> <span class='ocrx_word' id='word_1_225' title='bbox 2573 1530 2668 1581; x_wconf 73' lang='grc' dir='ltr'><strong>καὶ</strong></span> <span class='ocrx_word' id='word_1_226' title='bbox 2701 1528 2918 1592; x_wconf 85' lang='grc' dir='ltr'>ὁθύσας</span> <span class='ocrx_word' id='word_1_227' title='bbox 2965 1529 3262 1601; x_wconf 78' lang='grc' dir='ltr'>Ἀστέριος.</span> 
     </span>
    </p>
   </div>
   <div class='ocr_carea' id='block_1_28' title="bbox 450 1621 1973 1692">
    <p class='ocr_par' dir='ltr' id='par_1_28' title="bbox 450 1621 1961 1692">
     <span class='ocr_line' id='line_1_28' title="bbox 450 1621 1961 1692; baseline 0.004 -17"><span class='ocrx_word' id='word_1_228' title='bbox 450 1621 541 1675; x_wconf 74' lang='grc'><strong>25.</strong></span> <span class='ocrx_word' id='word_1_229' title='bbox 593 1623 788 1675; x_wconf 84' lang='lat' dir='ltr'><strong>Annon</strong></span> <span class='ocrx_word' id='word_1_230' title='bbox 831 1622 994 1692; x_wconf 84' lang='lat' dir='ltr'><strong>igitur</strong></span> <span class='ocrx_word' id='word_1_231' title='bbox 1039 1639 1105 1678; x_wconf 70' lang='lat' dir='ltr'><strong>ex</strong></span> <span class='ocrx_word' id='word_1_232' title='bbox 1165 1625 1251 1680; x_wconf 90' lang='lat' dir='ltr'><strong>his</strong></span> <span class='ocrx_word' id='word_1_233' title='bbox 1303 1640 1535 1681; x_wconf 73' lang='lat' dir='ltr'><strong>summa:</strong></span> <span class='ocrx_word' id='word_1_234' title='bbox 1589 1635 1720 1680; x_wconf 88' lang='lat' dir='ltr'><strong>sunt</strong></span> <span class='ocrx_word' id='word_1_235' title='bbox 1764 1627 1961 1681; x_wconf 90' lang='lat' dir='ltr'><strong>merito</strong></span> 
     </span>
    </p>
   </div>
   <div class='ocr_carea' id='block_1_29' title="bbox 2097 1621 3665 1692">
    <p class='ocr_par' dir='ltr' id='par_1_29' title="bbox 2133 1622 3665 1690">
     <span class='ocr_line' id='line_1_29' title="bbox 2133 1622 3665 1690; baseline -0.003 -10"><span class='ocrx_word' id='word_1_236' title='bbox 2133 1627 2223 1680; x_wconf 72' lang='grc'><strong>25.</strong></span> <span class='ocrx_word' id='word_1_237' title='bbox 2268 1627 2393 1690; x_wconf 84' lang='grc' dir='ltr'><strong>Πῶς</strong></span> <span class='ocrx_word' id='word_1_238' title='bbox 2426 1622 2518 1680; x_wconf 84' lang='grc' dir='ltr'><strong>οῦν</strong></span> <span class='ocrx_word' id='word_1_239' title='bbox 2546 1627 2648 1680; x_wconf 77' lang='grc' dir='ltr'><strong>οὐκ</strong></span> <span class='ocrx_word' id='word_1_240' title='bbox 2669 1625 2734 1679; x_wconf 81' lang='grc' dir='ltr'><strong>ἄν</strong></span> <span class='ocrx_word' id='word_1_241' title='bbox 2760 1643 2845 1690; x_wconf 91' lang='grc' dir='ltr'><strong>τις</strong></span> <span class='ocrx_word' id='word_1_242' title='bbox 2887 1627 3066 1680; x_wconf 70' lang='grc' dir='ltr'>αὐτῶν</span> <span class='ocrx_word' id='word_1_243' title='bbox 3109 1628 3174 1679; x_wconf 78' lang='grc' dir='ltr'>ἐκ</span> <span class='ocrx_word' id='word_1_244' title='bbox 3223 1627 3430 1680; x_wconf 86' lang='grc' dir='ltr'>τούτων</span> <span class='ocrx_word' id='word_1_245' title='bbox 3473 1625 3665 1678; x_wconf 80' lang='grc' dir='ltr'>τέλεον</span> 
     </span>
    </p>
   </div>
   <div class='ocr_carea' id='block_1_30' title="bbox 380 1714 1964 1788">
    <p class='ocr_par' dir='ltr' id='par_1_30' title="bbox 380 1714 1964 1788">
     <span class='ocr_line' id='line_1_30' title="bbox 380 1714 1964 1788; baseline 0.002 -21"><span class='ocrx_word' id='word_1_246' title='bbox 380 1714 780 1768; x_wconf 87' lang='lat' dir='ltr'><strong>condemnandi</strong></span> <span class='ocrx_word' id='word_1_247' title='bbox 812 1714 1128 1785; x_wconf 85' lang='lat' dir='ltr'><strong>impietatis,</strong></span> <span class='ocrx_word' id='word_1_248' title='bbox 1164 1732 1328 1786; x_wconf 93' lang='lat' dir='ltr'><strong>quam</strong></span> <span class='ocrx_word' id='word_1_249' title='bbox 1375 1717 1581 1788; x_wconf 85' lang='lat' dir='ltr'><strong>insigni</strong></span> <span class='ocrx_word' id='word_1_250' title='bbox 1613 1733 1738 1772; x_wconf 92' lang='lat' dir='ltr'><strong>cum</strong></span> <span class='ocrx_word' id='word_1_251' title='bbox 1773 1733 1964 1772; x_wconf 85' lang='lat' dir='ltr'><strong>amen—</strong></span> 
     </span>
    </p>
   </div>
   <div class='ocr_carea' id='block_1_31' title="bbox 381 1806 1962 1876">
    <p class='ocr_par' dir='ltr' id='par_1_31' title="bbox 381 1806 1962 1876">
     <span class='ocr_line' id='line_1_31' title="bbox 381 1806 1962 1876; baseline 0.002 -16"><span class='ocrx_word' id='word_1_252' title='bbox 381 1806 456 1860; x_wconf 87' lang='lat' dir='ltr'><strong>tia</strong></span> <span class='ocrx_word' id='word_1_253' title='bbox 489 1806 906 1876; x_wconf 85' lang='lat' dir='ltr'><strong>conjungentes,</strong></span> <span class='ocrx_word' id='word_1_254' title='bbox 939 1821 1048 1861; x_wconf 91' lang='lat' dir='ltr'><strong>non</strong></span> <span class='ocrx_word' id='word_1_255' title='bbox 1085 1809 1418 1864; x_wconf 89' lang='lat' dir='ltr'><strong>erubescunt</strong></span> <span class='ocrx_word' id='word_1_256' title='bbox 1443 1819 1636 1865; x_wconf 88' lang='lat' dir='ltr'><strong>contra</strong></span> <span class='ocrx_word' id='word_1_257' title='bbox 1675 1809 1962 1864; x_wconf 81' lang='lat' dir='ltr'><strong>veritatem</strong></span> 
     </span>
    </p>
   </div>
   <div class='ocr_carea' id='block_1_32' title="bbox 381 1898 1962 1969">
    <p class='ocr_par' dir='ltr' id='par_1_32' title="bbox 381 1898 1962 1969">
     <span class='ocr_line' id='line_1_32' title="bbox 381 1898 1962 1969; baseline 0.001 -15"><span class='ocrx_word' id='word_1_258' title='bbox 381 1906 493 1954; x_wconf 88' lang='lat' dir='ltr'><strong>tam</strong></span> <span class='ocrx_word' id='word_1_259' title='bbox 550 1898 896 1969; x_wconf 87' lang='lat' dir='ltr'><strong>impudenter</strong></span> <span class='ocrx_word' id='word_1_260' title='bbox 944 1900 1258 1957; x_wconf 81' lang='lat' dir='ltr'><strong>bacchari?</strong></span> <span class='ocrx_word' id='word_1_261' title='bbox 1307 1901 1443 1957; x_wconf 85' lang='lat' dir='ltr'><strong>Nam</strong></span> <span class='ocrx_word' id='word_1_262' title='bbox 1499 1902 1544 1958; x_wconf 88' lang='lat' dir='ltr'><strong>si</strong></span> <span class='ocrx_word' id='word_1_263' title='bbox 1597 1901 1753 1956; x_wconf 89' lang='lat' dir='ltr'><strong>aiunt</strong></span> <span class='ocrx_word' id='word_1_264' title='bbox 1791 1900 1962 1955; x_wconf 91' lang='lat' dir='ltr'><strong>Deum</strong></span> 
     </span>
    </p>
   </div>
   <div class='ocr_carea' id='block_1_33' title="bbox 381 1991 1965 2064">
    <p class='ocr_par' dir='ltr' id='par_1_33' title="bbox 381 1991 1965 2064">
     <span class='ocr_line' id='line_1_33' title="bbox 381 1991 1965 2064; baseline 0.001 -20"><span class='ocrx_word' id='word_1_265' title='bbox 381 2005 707 2062; x_wconf 86' lang='lat' dir='ltr'><strong>procreasse</strong></span> <span class='ocrx_word' id='word_1_266' title='bbox 741 1991 918 2046; x_wconf 92' lang='lat' dir='ltr'><strong>solum</strong></span> <span class='ocrx_word' id='word_1_267' title='bbox 957 1991 1178 2059; x_wconf 83' lang='lat' dir='ltr'><strong>Filium,</strong></span> <span class='ocrx_word' id='word_1_268' title='bbox 1203 1994 1351 2064; x_wconf 91' lang='lat' dir='ltr'><strong>quod</strong></span> <span class='ocrx_word' id='word_1_269' title='bbox 1385 1994 1501 2063; x_wconf 92' lang='lat' dir='ltr'><strong>ipse</strong></span> <span class='ocrx_word' id='word_1_270' title='bbox 1544 1994 1720 2062; x_wconf 84' lang='lat' dir='ltr'><strong>impar</strong></span> <span class='ocrx_word' id='word_1_271' title='bbox 1748 2001 1868 2047; x_wconf 88' lang='lat' dir='ltr'><strong>erat</strong></span> <span class='ocrx_word' id='word_1_272' title='bbox 1896 1991 1965 2046; x_wconf 90' lang='lat' dir='ltr'><strong>ad</strong></span> 
     </span>
    </p>
   </div>
   <div class='ocr_carea' id='block_1_34' title="bbox 383 2084 1968 2155">
    <p class='ocr_par' dir='ltr' id='par_1_34' title="bbox 383 2084 1968 2155">
     <span class='ocr_line' id='line_1_34' title="bbox 383 2084 1968 2155; baseline 0 -17"><span class='ocrx_word' id='word_1_273' title='bbox 383 2099 474 2138; x_wconf 89' lang='lat' dir='ltr'><strong>res</strong></span> <span class='ocrx_word' id='word_1_274' title='bbox 501 2085 640 2139; x_wconf 90' lang='lat' dir='ltr'><strong>alias</strong></span> <span class='ocrx_word' id='word_1_275' title='bbox 671 2084 1021 2140; x_wconf 80' lang='lat' dir='ltr'><strong>cliieiendas:</strong></span> <span class='ocrx_word' id='word_1_276' title='bbox 1059 2086 1327 2142; x_wconf 88' lang='lat' dir='ltr'><strong>adversus</strong></span> <span class='ocrx_word' id='word_1_277' title='bbox 1367 2086 1490 2141; x_wconf 90' lang='lat' dir='ltr'><strong>illos</strong></span> <span class='ocrx_word' id='word_1_278' title='bbox 1523 2095 1785 2155; x_wconf 86' lang='lat' dir='ltr'><strong>tanquam</strong></span> <span class='ocrx_word' id='word_1_279' title='bbox 1825 2084 1968 2139; x_wconf 89' lang='lat' dir='ltr'><strong>indi-</strong></span> 
     </span>
    </p>
   </div>
   <div class='ocr_carea' id='block_1_35' title="bbox 385 2175 1964 2247">
    <p class='ocr_par' dir='ltr' id='par_1_35' title="bbox 385 2175 1964 2247">
     <span class='ocr_line' id='line_1_35' title="bbox 385 2175 1964 2247; baseline 0.001 -19"><span class='ocrx_word' id='word_1_280' title='bbox 385 2192 490 2247; x_wconf 82' lang='lat' dir='ltr'><strong>gna</strong></span> <span class='ocrx_word' id='word_1_281' title='bbox 523 2177 592 2230; x_wconf 86' lang='lat' dir='ltr'><strong>de</strong></span> <span class='ocrx_word' id='word_1_282' title='bbox 623 2175 736 2231; x_wconf 90' lang='lat' dir='ltr'><strong>Deo</strong></span> <span class='ocrx_word' id='word_1_283' title='bbox 784 2177 1070 2247; x_wconf 86' lang='lat' dir='ltr'><strong>loquentes</strong></span> <span class='ocrx_word' id='word_1_284' title='bbox 1119 2178 1441 2232; x_wconf 82' lang='lat' dir='ltr'><strong>reclamahit</strong></span> <span class='ocrx_word' id='word_1_285' title='bbox 1479 2179 1736 2232; x_wconf 86' lang='lat' dir='ltr'><strong>universa</strong></span> <span class='ocrx_word' id='word_1_286' title='bbox 1781 2191 1964 2232; x_wconf 89' lang='lat' dir='ltr'><strong>rerum</strong></span> 
     </span>
    </p>
   </div>
   <div class='ocr_carea' id='block_1_36' title="bbox 382 2268 1962 2340">
    <p class='ocr_par' dir='ltr' id='par_1_36' title="bbox 382 2268 1962 2340">
     <span class='ocr_line' id='line_1_36' title="bbox 382 2268 1962 2340; baseline -0.001 -16"><span class='ocrx_word' id='word_1_287' title='bbox 382 2278 696 2324; x_wconf 83' lang='lat' dir='ltr'><strong>creatarum</strong></span> <span class='ocrx_word' id='word_1_288' title='bbox 724 2277 944 2335; x_wconf 90' lang='lat' dir='ltr'><strong>natura,</strong></span> <span class='ocrx_word' id='word_1_289' title='bbox 983 2285 1083 2324; x_wconf 91' lang='lat' dir='ltr'><strong>nec</strong></span> <span class='ocrx_word' id='word_1_290' title='bbox 1108 2285 1216 2322; x_wconf 90' lang='lat' dir='ltr'><strong>non</strong></span> <span class='ocrx_word' id='word_1_291' title='bbox 1251 2268 1422 2324; x_wconf 84' lang='lat' dir='ltr'><strong>Isaias</strong></span> <span class='ocrx_word' id='word_1_292' title='bbox 1458 2270 1553 2340; x_wconf 86' lang='lat' dir='ltr'><strong>qui</strong></span> <span class='ocrx_word' id='word_1_293' title='bbox 1586 2269 1702 2324; x_wconf 63' lang='lat' dir='ltr'><strong>haec</strong></span> <span class='ocrx_word' id='word_1_294' title='bbox 1731 2268 1962 2324; x_wconf 89' lang='lat' dir='ltr'><strong>scribit:</strong></span> 
     </span>
    </p>
   </div>
   <div class='ocr_carea' id='block_1_37' title="bbox 382 2363 1969 2432">
    <p class='ocr_par' dir='ltr' id='par_1_37' title="bbox 382 2363 1969 2432">
     <span class='ocr_line' id='line_1_37' title="bbox 382 2363 1969 2432; baseline -0.003 -16"><span class='ocrx_word' id='word_1_295' title='bbox 382 2363 524 2418; x_wconf 81' lang='lat' dir='ltr'><strong>Deus</strong></span> <span class='ocrx_word' id='word_1_296' title='bbox 565 2374 815 2424; x_wconf 64' lang='lat' dir='ltr'><strong>aeternus,</strong></span> <span class='ocrx_word' id='word_1_297' title='bbox 849 2363 940 2432; x_wconf 77' lang='lat' dir='ltr'><strong>qui</strong></span> <span class='ocrx_word' id='word_1_298' title='bbox 989 2364 1239 2417; x_wconf 86' lang='lat' dir='ltr'><strong>terminos</strong></span> <span class='ocrx_word' id='word_1_299' title='bbox 1294 2373 1450 2416; x_wconf 74' lang='lat' dir='ltr'><strong>terra:</strong></span> <span class='ocrx_word' id='word_1_300' title='bbox 1488 2363 1818 2428; x_wconf 72' lang='lat' dir='ltr'><strong>construxit,</strong></span> <span class='ocrx_word' id='word_1_301' title='bbox 1862 2377 1969 2415; x_wconf 87' lang='lat' dir='ltr'><strong>non</strong></span> 
     </span>
    </p>
   </div>
   <div class='ocr_carea' id='block_1_38' title="bbox 381 2453 1969 2525">
    <p class='ocr_par' dir='ltr' id='par_1_38' title="bbox 381 2453 1969 2525">
     <span class='ocr_line' id='line_1_38' title="bbox 381 2453 1969 2525; baseline -0.002 -15"><span class='ocrx_word' id='word_1_302' title='bbox 381 2458 572 2510; x_wconf 82' lang='lat' dir='ltr'><strong>esuriet</strong></span> <span class='ocrx_word' id='word_1_303' title='bbox 607 2470 767 2525; x_wconf 87' lang='lat' dir='ltr'><strong>neque</strong></span> <span class='ocrx_word' id='word_1_304' title='bbox 790 2454 1076 2518; x_wconf 80' lang='lat' dir='ltr'><strong>laborabit,</strong></span> <span class='ocrx_word' id='word_1_305' title='bbox 1113 2470 1202 2508; x_wconf 88' lang='lat' dir='ltr'><strong>nec</strong></span> <span class='ocrx_word' id='word_1_306' title='bbox 1231 2463 1311 2508; x_wconf 87' lang='lat' dir='ltr'><strong>est</strong></span> <span class='ocrx_word' id='word_1_307' title='bbox 1335 2455 1668 2524; x_wconf 78' lang='lat' dir='ltr'><strong>investigatio</strong></span> <span class='ocrx_word' id='word_1_308' title='bbox 1692 2453 1969 2522; x_wconf 76' lang='lat' dir='ltr'><strong>sapientia:</strong></span> 
     </span>
    </p>
   </div>
   <div class='ocr_carea' id='block_1_39' title="bbox 382 2542 1966 2616">
    <p class='ocr_par' dir='ltr' id='par_1_39' title="bbox 382 2542 1966 2616">
     <span class='ocr_line' id='line_1_39' title="bbox 382 2542 1966 2616; baseline -0.001 -16"><span class='ocrx_word' id='word_1_309' title='bbox 382 2547 497 2616; x_wconf 79' lang='lat' dir='ltr'><strong>ejus</strong></span> <span class='ocrx_word' id='word_1_310' title='bbox 526 2546 592 2599; x_wconf 82' lang='grc'><strong>³⁸.</strong></span> <span class='ocrx_word' id='word_1_311' title='bbox 624 2544 782 2611; x_wconf 86' lang='lat' dir='ltr'><strong>Quod</strong></span> <span class='ocrx_word' id='word_1_312' title='bbox 825 2544 869 2598; x_wconf 91' lang='lat' dir='ltr'><strong>si</strong></span> <span class='ocrx_word' id='word_1_313' title='bbox 894 2542 1039 2598; x_wconf 89' lang='lat' dir='ltr'><strong>Deus</strong></span> <span class='ocrx_word' id='word_1_314' title='bbox 1063 2559 1151 2599; x_wconf 87' lang='lat' dir='ltr'><strong>res</strong></span> <span class='ocrx_word' id='word_1_315' title='bbox 1179 2544 1317 2598; x_wconf 88' lang='lat' dir='ltr'><strong>alias</strong></span> <span class='ocrx_word' id='word_1_316' title='bbox 1353 2559 1384 2598; x_wconf 88' lang='lat' dir='ltr'><strong>a</strong></span> <span class='ocrx_word' id='word_1_317' title='bbox 1417 2559 1478 2599; x_wconf 89' lang='lat' dir='ltr'><strong>se</strong></span> <span class='ocrx_word' id='word_1_318' title='bbox 1519 2543 1639 2598; x_wconf 86' lang='lat' dir='ltr'><strong>ﬁeri</strong></span> <span class='ocrx_word' id='word_1_319' title='bbox 1679 2543 1966 2614; x_wconf 85' lang='lat' dir='ltr'><strong>indignum</strong></span> 
     </span>
    </p>
   </div>
   <div class='ocr_carea' id='block_1_40' title="bbox 383 2634 1969 2706">
    <p class='ocr_par' dir='ltr' id='par_1_40' title="bbox 383 2634 1969 2706">
     <span class='ocr_line' id='line_1_40' title="bbox 383 2634 1969 2706; baseline -0.002 -14"><span class='ocrx_word' id='word_1_320' title='bbox 383 2654 444 2692; x_wconf 84' lang='lat' dir='ltr'><strong>se</strong></span> <span class='ocrx_word' id='word_1_321' title='bbox 469 2638 790 2700; x_wconf 90' lang='lat' dir='ltr'><strong>arbitratus,</strong></span> <span class='ocrx_word' id='word_1_322' title='bbox 811 2635 989 2690; x_wconf 91' lang='lat' dir='ltr'><strong>solum</strong></span> <span class='ocrx_word' id='word_1_323' title='bbox 1016 2635 1276 2706; x_wconf 85' lang='lat' dir='ltr'><strong>produxit</strong></span> <span class='ocrx_word' id='word_1_324' title='bbox 1303 2634 1526 2698; x_wconf 85' lang='lat' dir='ltr'><strong>Filium,</strong></span> <span class='ocrx_word' id='word_1_325' title='bbox 1562 2643 1758 2690; x_wconf 75' lang='lat' dir='ltr'><strong>caetera</strong></span> <span class='ocrx_word' id='word_1_326' title='bbox 1785 2645 1969 2690; x_wconf 90' lang='lat' dir='ltr'><strong>autem</strong></span> 
     </span>
    </p>
   </div>
   <div class='ocr_carea' id='block_1_41' title="bbox 385 2717 1970 2796">
    <p class='ocr_par' dir='ltr' id='par_1_41' title="bbox 385 2717 1970 2796">
     <span class='ocr_line' id='line_1_41' title="bbox 385 2717 1970 2796; baseline -0.001 -12"><span class='ocrx_word' id='word_1_327' title='bbox 385 2729 525 2784; x_wconf 83' lang='lat' dir='ltr'><strong>Filio</strong></span> <span class='ocrx_word' id='word_1_328' title='bbox 564 2729 731 2783; x_wconf 88' lang='lat' dir='ltr'><strong>veluti</strong></span> <span class='ocrx_word' id='word_1_329' title='bbox 761 2727 999 2796; x_wconf 89' lang='lat' dir='ltr'><strong>adjutori</strong></span> <span class='ocrx_word' id='word_1_330' title='bbox 1048 2727 1260 2782; x_wconf 87' lang='lat' dir='ltr'><strong>dimisit</strong></span> <span class='ocrx_word' id='word_1_331' title='bbox 1303 2743 1318 2780; x_wconf 91' lang='lat'><strong>:</strong></span> <span class='ocrx_word' id='word_1_332' title='bbox 1370 2717 1696 2796; x_wconf 81' lang='lat' dir='ltr'><strong>hocipsum</strong></span> <span class='ocrx_word' id='word_1_333' title='bbox 1723 2727 1970 2796; x_wconf 82' lang='lat' dir='ltr'><strong>profecto</strong></span> 
     </span>
    </p>
   </div>
   <div class='ocr_carea' id='block_1_42' title="bbox 383 2814 1972 2887">
    <p class='ocr_par' dir='ltr' id='par_1_42' title="bbox 383 2814 1972 2887">
     <span class='ocr_line' id='line_1_42' title="bbox 383 2814 1972 2887; baseline 0 -13"><span class='ocrx_word' id='word_1_334' title='bbox 383 2820 542 2874; x_wconf 87' lang='lat' dir='ltr'><strong>valde</strong></span> <span class='ocrx_word' id='word_1_335' title='bbox 575 2819 862 2887; x_wconf 86' lang='lat' dir='ltr'><strong>indignum</strong></span> <span class='ocrx_word' id='word_1_336' title='bbox 900 2827 984 2872; x_wconf 91' lang='lat' dir='ltr'><strong>est</strong></span> <span class='ocrx_word' id='word_1_337' title='bbox 1013 2816 1145 2871; x_wconf 86' lang='lat' dir='ltr'><strong>Deo.</strong></span> <span class='ocrx_word' id='word_1_338' title='bbox 1186 2814 1298 2872; x_wconf 89' lang='lat' dir='ltr'><strong>Nec</strong></span> <span class='ocrx_word' id='word_1_339' title='bbox 1320 2817 1466 2871; x_wconf 88' lang='lat' dir='ltr'><strong>enim</strong></span> <span class='ocrx_word' id='word_1_340' title='bbox 1505 2816 1614 2870; x_wconf 92' lang='lat' dir='ltr'><strong>ulla</strong></span> <span class='ocrx_word' id='word_1_341' title='bbox 1645 2817 1698 2871; x_wconf 92' lang='lat' dir='ltr'><strong>in</strong></span> <span class='ocrx_word' id='word_1_342' title='bbox 1730 2816 1840 2873; x_wconf 89' lang='lat' dir='ltr'><strong>Deo</strong></span> <span class='ocrx_word' id='word_1_343' title='bbox 1887 2827 1972 2874; x_wconf 84' lang='lat' dir='ltr'><strong>est</strong></span> 
     </span>
    </p>
   </div>
   <div class='ocr_carea' id='block_1_43' title="bbox 386 2907 1970 2981">
    <p class='ocr_par' dir='ltr' id='par_1_43' title="bbox 386 2907 1970 2981">
     <span class='ocr_line' id='line_1_43' title="bbox 386 2907 1970 2981; baseline -0.001 -15"><span class='ocrx_word' id='word_1_344' title='bbox 386 2910 666 2981; x_wconf 84' lang='lat' dir='ltr'><strong>superbia.</strong></span> <span class='ocrx_word' id='word_1_345' title='bbox 707 2907 1098 2964; x_wconf 84' lang='lat' dir='ltr'><strong>Verumtamen</strong></span> <span class='ocrx_word' id='word_1_346' title='bbox 1141 2907 1265 2963; x_wconf 91' lang='lat' dir='ltr'><strong>illos</strong></span> <span class='ocrx_word' id='word_1_347' title='bbox 1304 2923 1544 2978; x_wconf 89' lang='lat' dir='ltr'><strong>quoque,</strong></span> <span class='ocrx_word' id='word_1_348' title='bbox 1586 2907 1632 2963; x_wconf 91' lang='lat' dir='ltr'><strong>si</strong></span> <span class='ocrx_word' id='word_1_349' title='bbox 1674 2908 1748 2963; x_wconf 85' lang='lat' dir='ltr'><strong>ita</strong></span> <span class='ocrx_word' id='word_1_350' title='bbox 1780 2924 1970 2964; x_wconf 88' lang='lat' dir='ltr'><strong>sense-</strong></span> 
     </span>
    </p>
   </div>
   <div class='ocr_carea' id='block_1_44' title="bbox 2066 1709 3664 1790">
    <p class='ocr_par' dir='ltr' id='par_1_44' title="bbox 2066 1709 3664 1790">
     <span class='ocr_line' id='line_1_44' title="bbox 2066 1709 3664 1790; baseline -0.001 -18"><span class='ocrx_word' id='word_1_351' title='bbox 2066 1719 2363 1790; x_wconf 77' lang='grc' dir='ltr'>καταγνοίη</span> <span class='ocrx_word' id='word_1_352' title='bbox 2392 1719 2491 1790; x_wconf 83' lang='grc' dir='ltr'>τῆς</span> <span class='ocrx_word' id='word_1_353' title='bbox 2515 1717 2790 1782; x_wconf 77' lang='grc' dir='ltr'>ἀσεϐείας,</span> <span class='ocrx_word' id='word_1_354' title='bbox 2824 1720 2913 1790; x_wconf 75' lang='grc' dir='ltr'>ἣν,</span> <span class='ocrx_word' id='word_1_355' title='bbox 2955 1718 3092 1790; x_wconf 76' lang='grc' dir='ltr'>μετὰ</span> <span class='ocrx_word' id='word_1_356' title='bbox 3122 1718 3324 1788; x_wconf 76' lang='grc' dir='ltr'><strong>πολλῆς</strong></span> <span class='ocrx_word' id='word_1_357' title='bbox 3358 1718 3458 1788; x_wconf 85' lang='grc' dir='ltr'>τῆς</span> <span class='ocrx_word' id='word_1_358' title='bbox 3487 1709 3664 1788; x_wconf 65' lang='grc' dir='ltr'>ἄφρο-</span> 
     </span>
    </p>
   </div>
   <div class='ocr_carea' id='block_1_45' title="bbox 2069 1808 3664 1882">
    <p class='ocr_par' dir='ltr' id='par_1_45' title="bbox 2069 1808 3664 1882">
     <span class='ocr_line' id='line_1_45' title="bbox 2069 1808 3664 1882; baseline -0.001 -19"><span class='ocrx_word' id='word_1_359' title='bbox 2069 1810 2236 1881; x_wconf 78' lang='grc' dir='ltr'>σύνης</span> <span class='ocrx_word' id='word_1_360' title='bbox 2259 1811 2471 1874; x_wconf 78' lang='grc' dir='ltr'>ἑαυτοῖς</span> <span class='ocrx_word' id='word_1_361' title='bbox 2491 1810 2846 1882; x_wconf 84' lang='grc' dir='ltr'>κεράσαντες,</span> <span class='ocrx_word' id='word_1_362' title='bbox 2883 1812 2984 1864; x_wconf 79' lang='grc' dir='ltr'><strong>οὐκ</strong></span> <span class='ocrx_word' id='word_1_363' title='bbox 3009 1809 3337 1881; x_wconf 81' lang='grc' dir='ltr'>ὲρυθριῶσιν</span> <span class='ocrx_word' id='word_1_364' title='bbox 3373 1808 3518 1862; x_wconf 78' lang='grc' dir='ltr'>οὕτω</span> <span class='ocrx_word' id='word_1_365' title='bbox 3555 1826 3664 1862; x_wconf 83' lang='grc' dir='ltr'>κα-</span> 
     </span>
    </p>
   </div>
   <div class='ocr_carea' id='block_1_46' title="bbox 2067 1901 3666 1974">
    <p class='ocr_par' dir='ltr' id='par_1_46' title="bbox 2067 1901 3666 1974">
     <span class='ocr_line' id='line_1_46' title="bbox 2067 1901 3666 1974; baseline -0.001 -20"><span class='ocrx_word' id='word_1_366' title='bbox 2067 1901 2430 1972; x_wconf 81' lang='grc' dir='ltr'>ταμεθύοντες</span> <span class='ocrx_word' id='word_1_367' title='bbox 2451 1903 2547 1974; x_wconf 84' lang='grc' dir='ltr'>τῆς</span> <span class='ocrx_word' id='word_1_368' title='bbox 2564 1901 2839 1973; x_wconf 80' lang='grc' dir='ltr'>ἀληθείας.</span> <span class='ocrx_word' id='word_1_369' title='bbox 2873 1903 2936 1955; x_wconf 79' lang='grc' dir='ltr'><strong>Εἰ</strong></span> <span class='ocrx_word' id='word_1_370' title='bbox 2963 1903 3062 1973; x_wconf 80' lang='grc' dir='ltr'><strong>μὲν</strong></span> <span class='ocrx_word' id='word_1_371' title='bbox 3089 1903 3218 1974; x_wconf 78' lang='grc' dir='ltr'>γὰρ,</span> <span class='ocrx_word' id='word_1_372' title='bbox 3243 1901 3333 1955; x_wconf 87' lang='grc' dir='ltr'>διὰ</span> <span class='ocrx_word' id='word_1_373' title='bbox 3352 1901 3414 1954; x_wconf 82' lang='grc' dir='ltr'><strong>τὸ</strong></span> <span class='ocrx_word' id='word_1_374' title='bbox 3429 1902 3666 1970; x_wconf 82' lang='grc' dir='ltr'>κάμνειν</span> 
     </span>
    </p>
   </div>
   <div class='ocr_carea' id='block_1_47' title="bbox 2065 1991 3665 2066">
    <p class='ocr_par' dir='ltr' id='par_1_47' title="bbox 2065 1991 3665 2066">
     <span class='ocr_line' id='line_1_47' title="bbox 2065 1991 3665 2066; baseline -0.001 -20"><span class='ocrx_word' id='word_1_375' title='bbox 2065 1993 2156 2046; x_wconf 68' lang='grc' dir='ltr'><strong>τὸν</strong></span> <span class='ocrx_word' id='word_1_376' title='bbox 2180 1994 2313 2047; x_wconf 87' lang='grc' dir='ltr'>Θεὸν</span> <span class='ocrx_word' id='word_1_377' title='bbox 2347 1993 2482 2066; x_wconf 74' lang='grc' dir='ltr'>πρὸς</span> <span class='ocrx_word' id='word_1_378' title='bbox 2512 1993 2611 2065; x_wconf 84' lang='grc' dir='ltr'>τὴν</span> <span class='ocrx_word' id='word_1_379' title='bbox 2639 1993 2748 2046; x_wconf 79' lang='grc' dir='ltr'><strong>τῶν</strong></span> <span class='ocrx_word' id='word_1_380' title='bbox 2778 1993 2952 2047; x_wconf 84' lang='grc' dir='ltr'>ἄλλων</span> <span class='ocrx_word' id='word_1_381' title='bbox 2979 1993 3266 2064; x_wconf 81' lang='grc' dir='ltr'>ἐργασίαν,</span> <span class='ocrx_word' id='word_1_382' title='bbox 3291 1994 3525 2062; x_wconf 81' lang='grc' dir='ltr'>φήσουσι</span> <span class='ocrx_word' id='word_1_383' title='bbox 3563 1991 3665 2062; x_wconf 84' lang='grc' dir='ltr'><strong>μό-</strong></span> 
     </span>
    </p>
   </div>
   <div class='ocr_carea' id='block_1_48' title="bbox 2068 2083 3666 2156">
    <p class='ocr_par' dir='ltr' id='par_1_48' title="bbox 2068 2083 3666 2156">
     <span class='ocr_line' id='line_1_48' title="bbox 2068 2083 3666 2156; baseline -0.002 -18"><span class='ocrx_word' id='word_1_384' title='bbox 2068 2102 2158 2138; x_wconf 92' lang='grc' dir='ltr'>νον</span> <span class='ocrx_word' id='word_1_385' title='bbox 2210 2084 2372 2138; x_wconf 73' lang='grc' dir='ltr'>αὺτὸν</span> <span class='ocrx_word' id='word_1_386' title='bbox 2417 2085 2778 2156; x_wconf 81' lang='grc' dir='ltr'>πεποιηκέναι</span> <span class='ocrx_word' id='word_1_387' title='bbox 2828 2085 2920 2138; x_wconf 83' lang='grc' dir='ltr'><strong>τὸν</strong></span> <span class='ocrx_word' id='word_1_388' title='bbox 2978 2085 3136 2137; x_wconf 75' lang='grc' dir='ltr'><strong>Υἰόν·</strong></span> <span class='ocrx_word' id='word_1_389' title='bbox 3187 2083 3522 2154; x_wconf 77' lang='grc' dir='ltr'>καταδοήσει</span> <span class='ocrx_word' id='word_1_390' title='bbox 3565 2083 3666 2154; x_wconf 80' lang='grc' dir='ltr'><strong>μὲν</strong></span> 
     </span>
    </p>
   </div>
   <div class='ocr_carea' id='block_1_49' title="bbox 2068 2158 3668 2250">
    <p class='ocr_par' dir='ltr' id='par_1_49' title="bbox 2068 2158 3668 2250">
     <span class='ocr_line' id='line_1_49' title="bbox 2068 2158 3668 2250; baseline 0 -22"><span class='ocrx_word' id='word_1_391' title='bbox 2068 2174 2274 2229; x_wconf 78' lang='grc' dir='ltr'>τούτων</span> <span class='ocrx_word' id='word_1_392' title='bbox 2307 2178 2457 2230; x_wconf 77' lang='grc' dir='ltr'>πᾶσα</span> <span class='ocrx_word' id='word_1_393' title='bbox 2493 2177 2527 2248; x_wconf 86' lang='grc' dir='ltr'>ἡ</span> <span class='ocrx_word' id='word_1_394' title='bbox 2559 2177 2758 2244; x_wconf 85' lang='grc' dir='ltr'>κτίσις,</span> <span class='ocrx_word' id='word_1_395' title='bbox 2794 2178 2895 2231; x_wconf 82' lang='grc' dir='ltr'><strong>οὐκ</strong></span> <span class='ocrx_word' id='word_1_396' title='bbox 2924 2158 3053 2242; x_wconf 55' lang='grc' dir='ltr'>ἄξια</span> <span class='ocrx_word' id='word_1_397' title='bbox 3103 2177 3492 2247; x_wconf 79' lang='grc' dir='ltr'>φθεγγομένων</span> <span class='ocrx_word' id='word_1_398' title='bbox 3537 2175 3668 2250; x_wconf 73' lang='grc' dir='ltr'>περὶ</span> 
     </span>
    </p>
   </div>
   <div class='ocr_carea' id='block_1_50' title="bbox 2069 2265 3665 2339">
    <p class='ocr_par' dir='ltr' id='par_1_50' title="bbox 2069 2265 3665 2339">
     <span class='ocr_line' id='line_1_50' title="bbox 2069 2265 3665 2339; baseline 0.002 -20"><span class='ocrx_word' id='word_1_399' title='bbox 2069 2265 2164 2320; x_wconf 85' lang='grc' dir='ltr'><strong>τοῦ</strong></span> <span class='ocrx_word' id='word_1_400' title='bbox 2193 2265 2330 2320; x_wconf 84' lang='grc' dir='ltr'>Θεοῦ</span> <span class='ocrx_word' id='word_1_401' title='bbox 2353 2284 2366 2296; x_wconf 85' lang='grc'><strong>·</strong></span> <span class='ocrx_word' id='word_1_402' title='bbox 2405 2268 2699 2339; x_wconf 75' lang='grc' dir='ltr'>ἐγγράφως</span> <span class='ocrx_word' id='word_1_403' title='bbox 2731 2268 2787 2320; x_wconf 85' lang='grc' dir='ltr'><strong>δὲ</strong></span> <span class='ocrx_word' id='word_1_404' title='bbox 2805 2269 2833 2320; x_wconf 89' lang='grc' dir='ltr'>ὁ</span> <span class='ocrx_word' id='word_1_405' title='bbox 2865 2268 3088 2330; x_wconf 80' lang='grc' dir='ltr'>Ἡσαΐας</span> <span class='ocrx_word' id='word_1_406' title='bbox 3115 2268 3290 2336; x_wconf 81' lang='grc' dir='ltr'>λέγων</span> <span class='ocrx_word' id='word_1_407' title='bbox 3312 2285 3327 2300; x_wconf 80' lang='grc' dir='ltr'><strong>ο</strong></span> <span class='ocrx_word' id='word_1_408' title='bbox 3359 2268 3504 2334; x_wconf 84' lang='grc' dir='ltr'>Θεὸς</span> <span class='ocrx_word' id='word_1_409' title='bbox 3525 2269 3665 2322; x_wconf 74' lang='grc' dir='ltr'><strong>αἰώ-</strong></span> 
     </span>
    </p>
   </div>
   <div class='ocr_carea' id='block_1_51' title="bbox 2069 2359 3690 2430">
    <p class='ocr_par' dir='ltr' id='par_1_51' title="bbox 2069 2359 3690 2430">
     <span class='ocr_line' id='line_1_51' title="bbox 2069 2359 3690 2430; baseline 0.001 -17"><span class='ocrx_word' id='word_1_410' title='bbox 2069 2376 2218 2425; x_wconf 88' lang='grc' dir='ltr'>νιος,</span> <span class='ocrx_word' id='word_1_411' title='bbox 2247 2362 2280 2411; x_wconf 85' lang='grc' dir='ltr'><em>ὀ</em></span> <span class='ocrx_word' id='word_1_412' title='bbox 2306 2360 2770 2426; x_wconf 74' lang='grc' dir='ltr'>κατασκευάσας</span> <span class='ocrx_word' id='word_1_413' title='bbox 2789 2361 2861 2415; x_wconf 85' lang='grc' dir='ltr'>τὰ</span> <span class='ocrx_word' id='word_1_414' title='bbox 2899 2361 3052 2430; x_wconf 81' lang='grc' dir='ltr'>ἄκρα</span> <span class='ocrx_word' id='word_1_415' title='bbox 3083 2359 3189 2428; x_wconf 85' lang='grc' dir='ltr'>τῆς</span> <span class='ocrx_word' id='word_1_416' title='bbox 3240 2361 3386 2430; x_wconf 76' lang='grc' dir='ltr'>γῆς,</span> <span class='ocrx_word' id='word_1_417' title='bbox 3422 2363 3496 2415; x_wconf 83' lang='grc' dir='ltr'>οὐ</span> <span class='ocrx_word' id='word_1_418' title='bbox 3537 2366 3690 2415; x_wconf 60' lang='grc' dir='ltr'>περ’</span> 
     </span>
    </p>
   </div>
   <div class='ocr_carea' id='block_1_52' title="bbox 2069 2449 3666 2520">
    <p class='ocr_par' dir='ltr' id='par_1_52' title="bbox 2069 2449 3666 2520">
     <span class='ocr_line' id='line_1_52' title="bbox 2069 2449 3666 2520; baseline 0.002 -16"><span class='ocrx_word' id='word_1_419' title='bbox 2069 2449 2264 2514; x_wconf 85' lang='grc' dir='ltr'>νάσει,</span> <span class='ocrx_word' id='word_1_420' title='bbox 2293 2450 2438 2504; x_wconf 85' lang='grc' dir='ltr'><strong>οὐδὲ</strong></span> <span class='ocrx_word' id='word_1_421' title='bbox 2467 2451 2767 2519; x_wconf 81' lang='grc' dir='ltr'>κοπιάσει,</span> <span class='ocrx_word' id='word_1_422' title='bbox 2803 2452 2944 2507; x_wconf 82' lang='grc' dir='ltr'><strong>οὺδέ</strong></span> <span class='ocrx_word' id='word_1_423' title='bbox 2983 2455 3155 2507; x_wconf 88' lang='grc' dir='ltr'>ἐστιν</span> <span class='ocrx_word' id='word_1_424' title='bbox 3191 2452 3504 2520; x_wconf 80' lang='grc' dir='ltr'>ὲξεύρεσις</span> <span class='ocrx_word' id='word_1_425' title='bbox 3554 2451 3666 2520; x_wconf 82' lang='grc' dir='ltr'>τῆς</span> 
     </span>
    </p>
   </div>
   <div class='ocr_carea' id='block_1_53' title="bbox 2070 2536 3666 2610">
    <p class='ocr_par' dir='ltr' id='par_1_53' title="bbox 2070 2536 3666 2610">
     <span class='ocr_line' id='line_1_53' title="bbox 2070 2536 3666 2610; baseline 0.004 -21"><span class='ocrx_word' id='word_1_426' title='bbox 2070 2536 2422 2610; x_wconf 74' lang='grc' dir='ltr'>φρονήσεως</span> <span class='ocrx_word' id='word_1_427' title='bbox 2463 2540 2674 2594; x_wconf 85' lang='grc' dir='ltr'>αὑτοῦ.</span> <span class='ocrx_word' id='word_1_428' title='bbox 2714 2541 2777 2596; x_wconf 85' lang='grc' dir='ltr'><strong>Εἰ</strong></span> <span class='ocrx_word' id='word_1_429' title='bbox 2807 2541 2886 2607; x_wconf 79' lang='grc' dir='ltr'><strong>δὲ,</strong></span> <span class='ocrx_word' id='word_1_430' title='bbox 2917 2541 2994 2605; x_wconf 79' lang='grc' dir='ltr'><strong>ὡς</strong></span> <span class='ocrx_word' id='word_1_431' title='bbox 3027 2541 3275 2607; x_wconf 81' lang='grc' dir='ltr'>ἀπαξιῶν</span> <span class='ocrx_word' id='word_1_432' title='bbox 3324 2543 3353 2594; x_wconf 88' lang='lat'><strong>6</strong></span> <span class='ocrx_word' id='word_1_433' title='bbox 3410 2541 3547 2606; x_wconf 85' lang='grc' dir='ltr'>Θεὸς</span> <span class='ocrx_word' id='word_1_434' title='bbox 3594 2542 3666 2595; x_wconf 84' lang='grc' dir='ltr'>τὰ</span> 
     </span>
    </p>
   </div>
   <div class='ocr_carea' id='block_1_54' title="bbox 2071 2629 3668 2704">
    <p class='ocr_par' dir='ltr' id='par_1_54' title="bbox 2071 2629 3668 2704">
     <span class='ocr_line' id='line_1_54' title="bbox 2071 2629 3668 2704; baseline 0.003 -20"><span class='ocrx_word' id='word_1_435' title='bbox 2071 2629 2204 2684; x_wconf 79' lang='grc' dir='ltr'><strong>ἄλλα</strong></span> <span class='ocrx_word' id='word_1_436' title='bbox 2229 2629 2583 2701; x_wconf 81' lang='grc' dir='ltr'>ἐργάσασθαι,</span> <span class='ocrx_word' id='word_1_437' title='bbox 2615 2633 2704 2686; x_wconf 81' lang='grc' dir='ltr'><strong>τὸν</strong></span> <span class='ocrx_word' id='word_1_438' title='bbox 2744 2634 2841 2703; x_wconf 82' lang='grc' dir='ltr'>μὲν</span> <span class='ocrx_word' id='word_1_439' title='bbox 2866 2633 2996 2686; x_wconf 71' lang='grc' dir='ltr'>Υίὸν</span> <span class='ocrx_word' id='word_1_440' title='bbox 3028 2634 3186 2703; x_wconf 86' lang='grc' dir='ltr'>μόνον</span> <span class='ocrx_word' id='word_1_441' title='bbox 3231 2633 3529 2704; x_wconf 78' lang='grc' dir='ltr'>εἰργάσατο</span> <span class='ocrx_word' id='word_1_442' title='bbox 3549 2672 3564 2696; x_wconf 92' lang='grc'><strong>,</strong></span> <span class='ocrx_word' id='word_1_443' title='bbox 3597 2635 3668 2689; x_wconf 74' lang='grc' dir='ltr'>τὰ</span> 
     </span>
    </p>
   </div>
   <div class='ocr_carea' id='block_1_55' title="bbox 2070 2720 3672 2796">
    <p class='ocr_par' dir='ltr' id='par_1_55' title="bbox 2070 2720 3672 2796">
     <span class='ocr_line' id='line_1_55' title="bbox 2070 2720 3672 2796; baseline 0.003 -23"><span class='ocrx_word' id='word_1_444' title='bbox 2070 2720 2126 2773; x_wconf 83' lang='grc' dir='ltr'><strong>δὲ</strong></span> <span class='ocrx_word' id='word_1_445' title='bbox 2151 2720 2288 2776; x_wconf 80' lang='grc' dir='ltr'><strong>ἄλλα</strong></span> <span class='ocrx_word' id='word_1_446' title='bbox 2305 2722 2381 2793; x_wconf 81' lang='grc' dir='ltr'>τῷ</span> <span class='ocrx_word' id='word_1_447' title='bbox 2407 2722 2520 2793; x_wconf 83' lang='grc' dir='ltr'><strong>Υἰῷ</strong></span> <span class='ocrx_word' id='word_1_448' title='bbox 2547 2724 2658 2793; x_wconf 82' lang='lat' dir='ltr'><strong>(ll)</strong></span> <span class='ocrx_word' id='word_1_449' title='bbox 2686 2724 3014 2796; x_wconf 80' lang='grc' dir='ltr'>ἐνεχείρισεν</span> <span class='ocrx_word' id='word_1_450' title='bbox 3044 2726 3119 2788; x_wconf 84' lang='grc' dir='ltr'><strong>ὡς</strong></span> <span class='ocrx_word' id='word_1_451' title='bbox 3143 2724 3321 2796; x_wconf 79' lang='grc' dir='ltr'><strong>βοηθῷ</strong></span> <span class='ocrx_word' id='word_1_452' title='bbox 3338 2742 3351 2754; x_wconf 89' lang='grc'><strong>·</strong></span> <span class='ocrx_word' id='word_1_453' title='bbox 3384 2725 3479 2777; x_wconf 77' lang='grc' dir='ltr'><strong>καὶ</strong></span> <span class='ocrx_word' id='word_1_454' title='bbox 3507 2723 3672 2779; x_wconf 88' lang='grc' dir='ltr'>τοῦτο</span> 
     </span>
    </p>
   </div>
   <div class='ocr_carea' id='block_1_56' title="bbox 2075 2813 3671 2888">
    <p class='ocr_par' dir='ltr' id='par_1_56' title="bbox 2075 2813 3671 2888">
     <span class='ocr_line' id='line_1_56' title="bbox 2075 2813 3671 2888; baseline 0.003 -22"><span class='ocrx_word' id='word_1_455' title='bbox 2075 2813 2174 2885; x_wconf 82' lang='grc' dir='ltr'>μὲν</span> <span class='ocrx_word' id='word_1_456' title='bbox 2207 2815 2426 2881; x_wconf 76' lang='grc' dir='ltr'>ἀνάξιον</span> <span class='ocrx_word' id='word_1_457' title='bbox 2458 2816 2592 2870; x_wconf 87' lang='grc' dir='ltr'>Θεοῦ</span> <span class='ocrx_word' id='word_1_458' title='bbox 2617 2833 2630 2847; x_wconf 83' lang='lat'><strong><em>°</em></strong></span> <span class='ocrx_word' id='word_1_459' title='bbox 2660 2817 2760 2871; x_wconf 82' lang='grc' dir='ltr'><strong>οὐκ</strong></span> <span class='ocrx_word' id='word_1_460' title='bbox 2788 2817 2902 2870; x_wconf 77' lang='grc' dir='ltr'>ἔστι</span> <span class='ocrx_word' id='word_1_461' title='bbox 2930 2817 3041 2888; x_wconf 84' lang='grc' dir='ltr'><strong>γὰρ</strong></span> <span class='ocrx_word' id='word_1_462' title='bbox 3071 2819 3129 2870; x_wconf 80' lang='grc' dir='ltr'>ὲν</span> <span class='ocrx_word' id='word_1_463' title='bbox 3181 2817 3302 2888; x_wconf 84' lang='grc' dir='ltr'>Θεῷ</span> <span class='ocrx_word' id='word_1_464' title='bbox 3343 2816 3540 2886; x_wconf 75' lang='grc' dir='ltr'>τῦφοςο</span> <span class='ocrx_word' id='word_1_465' title='bbox 3577 2820 3671 2870; x_wconf 77' lang='grc' dir='ltr'><strong>ὲν-</strong></span> 
     </span>
    </p>
   </div>
   <div class='ocr_carea' id='block_1_57' title="bbox 2071 2907 3671 2981">
    <p class='ocr_par' dir='ltr' id='par_1_57' title="bbox 2071 2907 3671 2981">
     <span class='ocr_line' id='line_1_57' title="bbox 2071 2907 3671 2981; baseline 0.001 -20"><span class='ocrx_word' id='word_1_466' title='bbox 2071 2907 2260 2978; x_wconf 72' lang='grc' dir='ltr'>τρέψει</span> <span class='ocrx_word' id='word_1_467' title='bbox 2293 2909 2352 2962; x_wconf 81' lang='grc' dir='ltr'>δὲ</span> <span class='ocrx_word' id='word_1_468' title='bbox 2399 2909 2600 2972; x_wconf 73' lang='grc' dir='ltr'>αὐτοὺς</span> <span class='ocrx_word' id='word_1_469' title='bbox 2622 2909 2772 2980; x_wconf 82' lang='grc' dir='ltr'>ὅμως</span> <span class='ocrx_word' id='word_1_470' title='bbox 2797 2909 2826 2962; x_wconf 90' lang='lat'><strong>6</strong></span> <span class='ocrx_word' id='word_1_471' title='bbox 2848 2909 3053 2981; x_wconf 85' lang='grc' dir='ltr'>Κύριος</span> <span class='ocrx_word' id='word_1_472' title='bbox 3105 2909 3280 2976; x_wconf 82' lang='grc' dir='ltr'>λέγων</span> <span class='ocrx_word' id='word_1_473' title='bbox 3303 2924 3315 2938; x_wconf 82' lang='lat'><strong><em>°</em></strong></span> <span class='ocrx_word' id='word_1_474' title='bbox 3358 2910 3506 2976; x_wconf 73' lang='grc' dir='ltr'><strong>Οὐχὶ</strong></span> <span class='ocrx_word' id='word_1_475' title='bbox 3556 2908 3671 2964; x_wconf 71' lang='grc' dir='ltr'><strong>δύο</strong></span> 
     </span>
    </p>
   </div>
   <div class='ocr_carea' id='block_1_58' title="bbox 386 2999 1973 3076">
    <p class='ocr_par' dir='ltr' id='par_1_58' title="bbox 386 2999 1972 3070">
     <span class='ocr_line' id='line_1_58' title="bbox 386 2999 1972 3070; baseline -0.001 -13"><span class='ocrx_word' id='word_1_476' title='bbox 386 3003 518 3067; x_wconf 89' lang='lat' dir='ltr'><strong>rint,</strong></span> <span class='ocrx_word' id='word_1_477' title='bbox 570 3002 734 3057; x_wconf 85' lang='lat' dir='ltr'><strong>silere</strong></span> <span class='ocrx_word' id='word_1_478' title='bbox 782 3009 938 3066; x_wconf 77' lang='lat' dir='ltr'><strong>coget</strong></span> <span class='ocrx_word' id='word_1_479' title='bbox 985 2999 1277 3064; x_wconf 90' lang='lat' dir='ltr'><strong>Dominus,</strong></span> <span class='ocrx_word' id='word_1_480' title='bbox 1325 3000 1486 3070; x_wconf 86' lang='lat' dir='ltr'><strong>cujus</strong></span> <span class='ocrx_word' id='word_1_481' title='bbox 1546 3001 1808 3056; x_wconf 87' lang='lat' dir='ltr'><strong>nimirum</strong></span> <span class='ocrx_word' id='word_1_482' title='bbox 1856 3005 1972 3057; x_wconf 69' lang='lat' dir='ltr'><strong>haec</strong></span> 
     </span>
    </p>
   </div>
   <div class='ocr_carea' id='block_1_59' title="bbox 2097 2999 3672 3076">
    <p class='ocr_par' dir='ltr' id='par_1_59' title="bbox 2097 2999 3672 3069">
     <span class='ocr_line' id='line_1_59' title="bbox 2097 2999 3672 3069; baseline 0.001 -16"><span class='ocrx_word' id='word_1_483' title='bbox 2097 3001 2364 3069; x_wconf 69' lang='grc' dir='ltr'>τ’τρουθία</span> <span class='ocrx_word' id='word_1_484' title='bbox 2413 3001 2716 3069; x_wconf 80' lang='grc' dir='ltr'>ἀσσαρίου</span> <span class='ocrx_word' id='word_1_485' title='bbox 2747 3001 3067 3065; x_wconf 51' lang='lat' dir='ltr'><strong>sttuit-rimi;</strong></span> <span class='ocrx_word' id='word_1_486' title='bbox 3117 3002 3216 3055; x_wconf 75' lang='grc' dir='ltr'>καὶ</span> <span class='ocrx_word' id='word_1_487' title='bbox 3271 3000 3343 3055; x_wconf 81' lang='grc' dir='ltr'>ἐν</span> <span class='ocrx_word' id='word_1_488' title='bbox 3370 3001 3441 3065; x_wconf 80' lang='grc' dir='ltr'><strong>ἐξ</strong></span> <span class='ocrx_word' id='word_1_489' title='bbox 3465 2999 3672 3055; x_wconf 82' lang='grc' dir='ltr'>αὐτῶν</span> 
     </span>
    </p>
   </div>
   <div class='ocr_carea' id='block_1_60' title="bbox 388 3093 1973 3165">
    <p class='ocr_par' dir='ltr' id='par_1_60' title="bbox 388 3093 1973 3165">
     <span class='ocr_line' id='line_1_60' title="bbox 388 3093 1973 3165; baseline -0.001 -14"><span class='ocrx_word' id='word_1_490' title='bbox 388 3104 521 3151; x_wconf 85' lang='lat' dir='ltr'><strong>sunt</strong></span> <span class='ocrx_word' id='word_1_491' title='bbox 557 3096 725 3151; x_wconf 90' lang='lat' dir='ltr'><strong>verba</strong></span> <span class='ocrx_word' id='word_1_492' title='bbox 758 3113 772 3150; x_wconf 92' lang='lat'><strong>:</strong></span> <span class='ocrx_word' id='word_1_493' title='bbox 808 3093 998 3149; x_wconf 86' lang='lat' dir='ltr'><strong>Nonne</strong></span> <span class='ocrx_word' id='word_1_494' title='bbox 1033 3095 1141 3148; x_wconf 86' lang='lat' dir='ltr'><strong>duo</strong></span> <span class='ocrx_word' id='word_1_495' title='bbox 1186 3111 1427 3165; x_wconf 77' lang='lat' dir='ltr'><strong>passeres</strong></span> <span class='ocrx_word' id='word_1_496' title='bbox 1473 3111 1592 3149; x_wconf 87' lang='lat' dir='ltr'><strong>asse</strong></span> <span class='ocrx_word' id='word_1_497' title='bbox 1638 3105 1876 3164; x_wconf 68' lang='lat' dir='ltr'><strong>veneunt,</strong></span> <span class='ocrx_word' id='word_1_498' title='bbox 1923 3110 1973 3152; x_wconf 84' lang='lat' dir='ltr'><strong>et</strong></span> 
     </span>
    </p>
   </div>
   <div class='ocr_carea' id='block_1_61' title="bbox 387 3185 1977 3256">
    <p class='ocr_par' dir='ltr' id='par_1_61' title="bbox 387 3185 1977 3256">
     <span class='ocr_line' id='line_1_61' title="bbox 387 3185 1977 3256; baseline -0.001 -14"><span class='ocrx_word' id='word_1_499' title='bbox 387 3205 528 3243; x_wconf 81' lang='lat' dir='ltr'><strong>unus</strong></span> <span class='ocrx_word' id='word_1_500' title='bbox 567 3203 632 3241; x_wconf 71' lang='lat' dir='ltr'><strong>ex</strong></span> <span class='ocrx_word' id='word_1_501' title='bbox 663 3187 771 3241; x_wconf 84' lang='lat' dir='ltr'><strong>illis</strong></span> <span class='ocrx_word' id='word_1_502' title='bbox 810 3203 913 3241; x_wconf 87' lang='lat' dir='ltr'><strong>non</strong></span> <span class='ocrx_word' id='word_1_503' title='bbox 943 3187 1090 3240; x_wconf 86' lang='lat' dir='ltr'><strong>cadet</strong></span> <span class='ocrx_word' id='word_1_504' title='bbox 1122 3202 1278 3256; x_wconf 83' lang='lat' dir='ltr'><strong>super</strong></span> <span class='ocrx_word' id='word_1_505' title='bbox 1308 3194 1505 3238; x_wconf 83' lang='lat' dir='ltr'><strong>terram</strong></span> <span class='ocrx_word' id='word_1_506' title='bbox 1542 3187 1654 3239; x_wconf 87' lang='lat' dir='ltr'><strong>sine</strong></span> <span class='ocrx_word' id='word_1_507' title='bbox 1697 3185 1864 3241; x_wconf 85' lang='lat' dir='ltr'><strong>Patre</strong></span> <span class='ocrx_word' id='word_1_508' title='bbox 1891 3203 1977 3241; x_wconf 85' lang='lat' dir='ltr'><strong>ve-</strong></span> 
     </span>
    </p>
   </div>
   <div class='ocr_carea' id='block_1_62' title="bbox 387 3275 1974 3352">
    <p class='ocr_par' dir='ltr' id='par_1_62' title="bbox 387 3275 1974 3352">
     <span class='ocr_line' id='line_1_62' title="bbox 387 3275 1974 3352; baseline -0.001 -17"><span class='ocrx_word' id='word_1_509' title='bbox 387 3292 521 3343; x_wconf 88' lang='lat' dir='ltr'><strong>stro,</strong></span> <span class='ocrx_word' id='word_1_510' title='bbox 545 3281 636 3352; x_wconf 81' lang='lat' dir='ltr'><strong>qui</strong></span> <span class='ocrx_word' id='word_1_511' title='bbox 660 3281 714 3334; x_wconf 89' lang='lat' dir='ltr'><strong>in</strong></span> <span class='ocrx_word' id='word_1_512' title='bbox 751 3278 897 3332; x_wconf 76' lang='lat' dir='ltr'><strong>uelis</strong></span> <span class='ocrx_word' id='word_1_513' title='bbox 931 3288 1008 3333; x_wconf 85' lang='lat' dir='ltr'><strong>est</strong></span> <span class='ocrx_word' id='word_1_514' title='bbox 1034 3277 1078 3310; x_wconf 82' lang='grc'><strong>³¹</strong></span> <span class='ocrx_word' id='word_1_515' title='bbox 1099 3277 1121 3331; x_wconf 90' lang='lat'><strong>?</strong></span> <span class='ocrx_word' id='word_1_516' title='bbox 1144 3275 1208 3330; x_wconf 87' lang='lat' dir='ltr'><strong>Et</strong></span> <span class='ocrx_word' id='word_1_517' title='bbox 1239 3291 1466 3332; x_wconf 90' lang='lat' dir='ltr'><strong>rursus:</strong></span> <span class='ocrx_word' id='word_1_518' title='bbox 1499 3275 1582 3330; x_wconf 91' lang='lat' dir='ltr'><strong>Ne</strong></span> <span class='ocrx_word' id='word_1_519' title='bbox 1611 3277 1832 3331; x_wconf 85' lang='lat' dir='ltr'><strong>solliciti</strong></span> <span class='ocrx_word' id='word_1_520' title='bbox 1857 3280 1974 3334; x_wconf 83' lang='lat' dir='ltr'><strong>sitis</strong></span> 
     </span>
    </p>
   </div>
   <div class='ocr_carea' id='block_1_63' title="bbox 388 3371 1976 3443">
    <p class='ocr_par' dir='ltr' id='par_1_63' title="bbox 388 3371 1976 3443">
     <span class='ocr_line' id='line_1_63' title="bbox 388 3371 1976 3443; baseline 0.001 -16"><span class='ocrx_word' id='word_1_521' title='bbox 388 3376 584 3429; x_wconf 70' lang='lat' dir='ltr'><strong>anima:</strong></span> <span class='ocrx_word' id='word_1_522' title='bbox 621 3383 807 3429; x_wconf 70' lang='lat' dir='ltr'><strong>vestra:</strong></span> <span class='ocrx_word' id='word_1_523' title='bbox 829 3374 954 3443; x_wconf 86' lang='lat' dir='ltr'><strong>quid</strong></span> <span class='ocrx_word' id='word_1_524' title='bbox 987 3371 1338 3437; x_wconf 86' lang='lat' dir='ltr'><strong>manducetis,</strong></span> <span class='ocrx_word' id='word_1_525' title='bbox 1369 3387 1533 3441; x_wconf 78' lang='lat' dir='ltr'><strong>neque</strong></span> <span class='ocrx_word' id='word_1_526' title='bbox 1567 3374 1776 3442; x_wconf 84' lang='lat' dir='ltr'><strong>corpori</strong></span> <span class='ocrx_word' id='word_1_527' title='bbox 1806 3383 1976 3429; x_wconf 81' lang='lat' dir='ltr'><strong>vestro</strong></span> 
     </span>
    </p>
   </div>
   <div class='ocr_carea' id='block_1_64' title="bbox 387 3462 1974 3537">
    <p class='ocr_par' dir='ltr' id='par_1_64' title="bbox 387 3462 1974 3537">
     <span class='ocr_line' id='line_1_64' title="bbox 387 3462 1974 3537; baseline -0.001 -17"><span class='ocrx_word' id='word_1_528' title='bbox 387 3467 516 3537; x_wconf 85' lang='lat' dir='ltr'><strong>quid</strong></span> <span class='ocrx_word' id='word_1_529' title='bbox 542 3466 861 3520; x_wconf 85' lang='lat' dir='ltr'><strong>induamini.</strong></span> <span class='ocrx_word' id='word_1_530' title='bbox 899 3463 1092 3518; x_wconf 88' lang='lat' dir='ltr'><strong>Nonne</strong></span> <span class='ocrx_word' id='word_1_531' title='bbox 1129 3463 1316 3517; x_wconf 90' lang='lat' dir='ltr'><strong>anima</strong></span> <span class='ocrx_word' id='word_1_532' title='bbox 1366 3462 1486 3533; x_wconf 90' lang='lat' dir='ltr'><strong>plus</strong></span> <span class='ocrx_word' id='word_1_533' title='bbox 1537 3473 1616 3517; x_wconf 91' lang='lat' dir='ltr'><strong>est</strong></span> <span class='ocrx_word' id='word_1_534' title='bbox 1648 3481 1807 3536; x_wconf 89' lang='lat' dir='ltr'><strong>quam</strong></span> <span class='ocrx_word' id='word_1_535' title='bbox 1832 3483 1974 3531; x_wconf 87' lang='lat' dir='ltr'><strong>esca,</strong></span> 
     </span>
    </p>
   </div>
   <div class='ocr_carea' id='block_1_65' title="bbox 387 3555 1977 3628">
    <p class='ocr_par' dir='ltr' id='par_1_65' title="bbox 387 3555 1977 3628">
     <span class='ocr_line' id='line_1_65' title="bbox 387 3555 1977 3628; baseline -0.002 -15"><span class='ocrx_word' id='word_1_536' title='bbox 387 3568 437 3613; x_wconf 88' lang='lat' dir='ltr'><strong>et</strong></span> <span class='ocrx_word' id='word_1_537' title='bbox 466 3575 652 3628; x_wconf 87' lang='lat' dir='ltr'><strong>corpus</strong></span> <span class='ocrx_word' id='word_1_538' title='bbox 683 3557 801 3628; x_wconf 83' lang='lat' dir='ltr'><strong>plus</strong></span> <span class='ocrx_word' id='word_1_539' title='bbox 845 3573 1004 3626; x_wconf 82' lang='lat' dir='ltr'><strong>quam</strong></span> <span class='ocrx_word' id='word_1_540' title='bbox 1035 3557 1409 3610; x_wconf 80' lang='lat' dir='ltr'><strong>uestimentum</strong></span> <span class='ocrx_word' id='word_1_541' title='bbox 1448 3557 1473 3610; x_wconf 72' lang='grc' dir='ltr'><strong>ἱ)</strong></span> <span class='ocrx_word' id='word_1_542' title='bbox 1516 3555 1780 3624; x_wconf 79' lang='lat' dir='ltr'><strong>Respicite</strong></span> <span class='ocrx_word' id='word_1_543' title='bbox 1831 3557 1977 3612; x_wconf 78' lang='lat' dir='ltr'><strong>vola-</strong></span> 
     </span>
    </p>
   </div>
   <div class='ocr_carea' id='block_1_66' title="bbox 391 3649 1978 3720">
    <p class='ocr_par' dir='ltr' id='par_1_66' title="bbox 391 3649 1978 3720">
     <span class='ocr_line' id='line_1_66' title="bbox 391 3649 1978 3720; baseline -0.001 -16"><span class='ocrx_word' id='word_1_544' title='bbox 391 3650 512 3704; x_wconf 83' lang='lat' dir='ltr'><strong>tilia</strong></span> <span class='ocrx_word' id='word_1_545' title='bbox 533 3650 671 3713; x_wconf 74' lang='lat' dir='ltr'><strong>cmli,</strong></span> <span class='ocrx_word' id='word_1_546' title='bbox 702 3649 953 3719; x_wconf 87' lang='lat' dir='ltr'><strong>quoniam</strong></span> <span class='ocrx_word' id='word_1_547' title='bbox 986 3665 1091 3702; x_wconf 86' lang='lat' dir='ltr'><strong>non</strong></span> <span class='ocrx_word' id='word_1_548' title='bbox 1119 3656 1324 3715; x_wconf 87' lang='lat' dir='ltr'><strong>serunt,</strong></span> <span class='ocrx_word' id='word_1_549' title='bbox 1358 3664 1525 3719; x_wconf 82' lang='lat' dir='ltr'><strong>neque</strong></span> <span class='ocrx_word' id='word_1_550' title='bbox 1551 3656 1779 3715; x_wconf 88' lang='lat' dir='ltr'><strong>metunt,</strong></span> <span class='ocrx_word' id='word_1_551' title='bbox 1813 3665 1978 3720; x_wconf 83' lang='lat' dir='ltr'><strong>neque</strong></span> 
     </span>
    </p>
   </div>
   <div class='ocr_carea' id='block_1_67' title="bbox 390 3739 1976 3814">
    <p class='ocr_par' dir='ltr' id='par_1_67' title="bbox 390 3739 1976 3814">
     <span class='ocr_line' id='line_1_67' title="bbox 390 3739 1976 3814; baseline -0.001 -18"><span class='ocrx_word' id='word_1_552' title='bbox 390 3751 707 3814; x_wconf 68' lang='lat' dir='ltr'><strong>congregarat</strong></span> <span class='ocrx_word' id='word_1_553' title='bbox 733 3743 789 3795; x_wconf 88' lang='lat' dir='ltr'><strong>in</strong></span> <span class='ocrx_word' id='word_1_554' title='bbox 812 3741 1001 3795; x_wconf 87' lang='lat' dir='ltr'><strong>horrea</strong></span> <span class='ocrx_word' id='word_1_555' title='bbox 1020 3757 1039 3796; x_wconf 91' lang='lat'><strong>:</strong></span> <span class='ocrx_word' id='word_1_556' title='bbox 1067 3752 1116 3796; x_wconf 88' lang='lat' dir='ltr'><strong>et</strong></span> <span class='ocrx_word' id='word_1_557' title='bbox 1151 3739 1313 3794; x_wconf 83' lang='lat' dir='ltr'><strong>Pater</strong></span> <span class='ocrx_word' id='word_1_558' title='bbox 1346 3750 1518 3794; x_wconf 76' lang='lat' dir='ltr'><strong>vester</strong></span> <span class='ocrx_word' id='word_1_559' title='bbox 1555 3740 1778 3796; x_wconf 75' lang='lat' dir='ltr'><strong>etelestis</strong></span> <span class='ocrx_word' id='word_1_560' title='bbox 1807 3743 1976 3810; x_wconf 87' lang='lat' dir='ltr'><strong>pascit</strong></span> 
     </span>
    </p>
   </div>
   <div class='ocr_carea' id='block_1_68' title="bbox 389 3831 1976 3904">
    <p class='ocr_par' dir='ltr' id='par_1_68' title="bbox 389 3831 1976 3904">
     <span class='ocr_line' id='line_1_68' title="bbox 389 3831 1976 3904; baseline -0.002 -16"><span class='ocrx_word' id='word_1_561' title='bbox 389 3836 508 3890; x_wconf 86' lang='lat' dir='ltr'><strong>illa.</strong></span> <span class='ocrx_word' id='word_1_562' title='bbox 545 3834 734 3888; x_wconf 82' lang='lat' dir='ltr'><strong>Nonne</strong></span> <span class='ocrx_word' id='word_1_563' title='bbox 759 3850 850 3888; x_wconf 82' lang='lat' dir='ltr'><strong>vos</strong></span> <span class='ocrx_word' id='word_1_564' title='bbox 871 3833 984 3888; x_wconf 88' lang='lat' dir='ltr'><strong>illis</strong></span> <span class='ocrx_word' id='word_1_565' title='bbox 1013 3833 1414 3904; x_wconf 65' lang='lat' dir='ltr'><strong>praestantiores</strong></span> <span class='ocrx_word' id='word_1_566' title='bbox 1457 3833 1587 3887; x_wconf 84' lang='lat' dir='ltr'><strong>estis</strong></span> <span class='ocrx_word' id='word_1_567' title='bbox 1627 3833 1654 3886; x_wconf 66' lang='grc' dir='ltr'>τι</span> <span class='ocrx_word' id='word_1_568' title='bbox 1694 3831 1826 3898; x_wconf 80' lang='lat' dir='ltr'><strong>Quis</strong></span> <span class='ocrx_word' id='word_1_569' title='bbox 1860 3849 1976 3887; x_wconf 89' lang='lat' dir='ltr'><strong>vero</strong></span> 
     </span>
    </p>
   </div>
   <div class='ocr_carea' id='block_1_69' title="bbox 390 3919 1978 3994">
    <p class='ocr_par' dir='ltr' id='par_1_69' title="bbox 390 3919 1978 3994">
     <span class='ocr_line' id='line_1_69' title="bbox 390 3919 1978 3994; baseline -0.005 -14"><span class='ocrx_word' id='word_1_570' title='bbox 390 3941 457 3980; x_wconf 73' lang='lat' dir='ltr'><strong>ex</strong></span> <span class='ocrx_word' id='word_1_571' title='bbox 488 3924 632 3981; x_wconf 80' lang='lat' dir='ltr'><strong>vobis</strong></span> <span class='ocrx_word' id='word_1_572' title='bbox 657 3923 883 3979; x_wconf 84' lang='lat' dir='ltr'><strong>sollicite</strong></span> <span class='ocrx_word' id='word_1_573' title='bbox 905 3925 1146 3994; x_wconf 85' lang='lat' dir='ltr'><strong>cogitans</strong></span> <span class='ocrx_word' id='word_1_574' title='bbox 1167 3931 1339 3992; x_wconf 84' lang='lat' dir='ltr'><strong>potest</strong></span> <span class='ocrx_word' id='word_1_575' title='bbox 1369 3919 1596 3990; x_wconf 85' lang='lat' dir='ltr'><strong>adjicere</strong></span> <span class='ocrx_word' id='word_1_576' title='bbox 1621 3922 1694 3974; x_wconf 84' lang='lat' dir='ltr'><strong>ad</strong></span> <span class='ocrx_word' id='word_1_577' title='bbox 1715 3930 1978 3974; x_wconf 83' lang='lat' dir='ltr'><strong>staturam</strong></span> 
     </span>
    </p>
   </div>
   <div class='ocr_carea' id='block_1_70' title="bbox 391 4011 1976 4083">
    <p class='ocr_par' dir='ltr' id='par_1_70' title="bbox 391 4011 1976 4083">
     <span class='ocr_line' id='line_1_70' title="bbox 391 4011 1976 4083; baseline -0.004 -11"><span class='ocrx_word' id='word_1_578' title='bbox 391 4034 546 4073; x_wconf 85' lang='lat' dir='ltr'><strong>suam</strong></span> <span class='ocrx_word' id='word_1_579' title='bbox 568 4018 804 4070; x_wconf 81' lang='lat' dir='ltr'><strong>cubitum</strong></span> <span class='ocrx_word' id='word_1_580' title='bbox 829 4017 1033 4069; x_wconf 85' lang='lat' dir='ltr'><strong>unum?</strong></span> <span class='ocrx_word' id='word_1_581' title='bbox 1058 4014 1128 4068; x_wconf 86' lang='lat' dir='ltr'><strong>Et</strong></span> <span class='ocrx_word' id='word_1_582' title='bbox 1161 4014 1228 4068; x_wconf 87' lang='lat' dir='ltr'><strong>de</strong></span> <span class='ocrx_word' id='word_1_583' title='bbox 1256 4014 1570 4069; x_wconf 85' lang='lat' dir='ltr'><strong>vestimento</strong></span> <span class='ocrx_word' id='word_1_584' title='bbox 1589 4011 1719 4083; x_wconf 86' lang='lat' dir='ltr'><strong>quid</strong></span> <span class='ocrx_word' id='word_1_585' title='bbox 1754 4012 1976 4066; x_wconf 86' lang='lat' dir='ltr'><strong>solliciti</strong></span> 
     </span>
    </p>
   </div>
   <div class='ocr_carea' id='block_1_71' title="bbox 392 4106 1978 4178">
    <p class='ocr_par' dir='ltr' id='par_1_71' title="bbox 392 4106 1978 4178">
     <span class='ocr_line' id='line_1_71' title="bbox 392 4106 1978 4178; baseline -0.005 -12"><span class='ocrx_word' id='word_1_586' title='bbox 392 4112 524 4166; x_wconf 79' lang='lat' dir='ltr'><strong>estis</strong></span> <span class='ocrx_word' id='word_1_587' title='bbox 541 4111 567 4165; x_wconf 72' lang='lat'><strong>1’</strong></span> <span class='ocrx_word' id='word_1_588' title='bbox 588 4110 938 4166; x_wconf 86' lang='lat' dir='ltr'><strong>Considerate</strong></span> <span class='ocrx_word' id='word_1_589' title='bbox 962 4107 1082 4162; x_wconf 89' lang='lat' dir='ltr'><strong>lilia</strong></span> <span class='ocrx_word' id='word_1_590' title='bbox 1108 4108 1227 4178; x_wconf 87' lang='lat' dir='ltr'><strong>agri</strong></span> <span class='ocrx_word' id='word_1_591' title='bbox 1260 4106 1527 4178; x_wconf 84' lang='lat' dir='ltr'><strong>quomodo</strong></span> <span class='ocrx_word' id='word_1_592' title='bbox 1555 4114 1800 4160; x_wconf 86' lang='lat' dir='ltr'><strong>crescunt</strong></span> <span class='ocrx_word' id='word_1_593' title='bbox 1824 4120 1843 4158; x_wconf 91' lang='lat'><strong>:</strong></span> <span class='ocrx_word' id='word_1_594' title='bbox 1873 4121 1978 4158; x_wconf 87' lang='lat' dir='ltr'><strong>non</strong></span> 
     </span>
    </p>
   </div>
   <div class='ocr_carea' id='block_1_72' title="bbox 393 4198 1979 4272">
    <p class='ocr_par' dir='ltr' id='par_1_72' title="bbox 393 4198 1979 4272">
     <span class='ocr_line' id='line_1_72' title="bbox 393 4198 1979 4272; baseline -0.003 -16"><span class='ocrx_word' id='word_1_595' title='bbox 393 4200 642 4256; x_wconf 85' lang='lat' dir='ltr'><strong>laborant</strong></span> <span class='ocrx_word' id='word_1_596' title='bbox 663 4200 828 4272; x_wconf 81' lang='lat' dir='ltr'><strong>39o</strong></span> <span class='ocrx_word' id='word_1_597' title='bbox 851 4217 1014 4272; x_wconf 86' lang='lat' dir='ltr'><strong>neque</strong></span> <span class='ocrx_word' id='word_1_598' title='bbox 1058 4208 1204 4254; x_wconf 86' lang='lat' dir='ltr'><strong>nent.</strong></span> <span class='ocrx_word' id='word_1_599' title='bbox 1243 4198 1376 4254; x_wconf 83' lang='lat' dir='ltr'><strong>Dico</strong></span> <span class='ocrx_word' id='word_1_600' title='bbox 1423 4209 1600 4253; x_wconf 89' lang='lat' dir='ltr'><strong>autem</strong></span> <span class='ocrx_word' id='word_1_601' title='bbox 1648 4199 1815 4259; x_wconf 80' lang='lat' dir='ltr'><strong>vobis,</strong></span> <span class='ocrx_word' id='word_1_602' title='bbox 1852 4198 1979 4268; x_wconf 84' lang='lat' dir='ltr'><strong>quia</strong></span> 
     </span>
    </p>
   </div>
   <div class='ocr_carea' id='block_1_73' title="bbox 395 4288 1978 4360">
    <p class='ocr_par' dir='ltr' id='par_1_73' title="bbox 395 4288 1978 4360">
     <span class='ocr_line' id='line_1_73' title="bbox 395 4288 1978 4360; baseline -0.002 -15"><span class='ocrx_word' id='word_1_603' title='bbox 395 4308 488 4347; x_wconf 85' lang='lat' dir='ltr'><strong>nec</strong></span> <span class='ocrx_word' id='word_1_604' title='bbox 525 4289 780 4344; x_wconf 84' lang='lat' dir='ltr'><strong>Salomon</strong></span> <span class='ocrx_word' id='word_1_605' title='bbox 819 4291 876 4344; x_wconf 89' lang='lat' dir='ltr'><strong>in</strong></span> <span class='ocrx_word' id='word_1_606' title='bbox 915 4291 1060 4344; x_wconf 90' lang='lat' dir='ltr'><strong>omni</strong></span> <span class='ocrx_word' id='word_1_607' title='bbox 1090 4288 1265 4360; x_wconf 88' lang='lat' dir='ltr'><strong>gloria</strong></span> <span class='ocrx_word' id='word_1_608' title='bbox 1291 4305 1389 4342; x_wconf 89' lang='lat' dir='ltr'><strong>sua</strong></span> <span class='ocrx_word' id='word_1_609' title='bbox 1413 4295 1690 4358; x_wconf 86' lang='lat' dir='ltr'><strong>coopertus</strong></span> <span class='ocrx_word' id='word_1_610' title='bbox 1716 4296 1795 4342; x_wconf 80' lang='lat' dir='ltr'><strong>est</strong></span> <span class='ocrx_word' id='word_1_611' title='bbox 1837 4290 1978 4342; x_wconf 86' lang='lat' dir='ltr'><strong>sicut</strong></span> 
     </span>
    </p>
   </div>
   <div class='ocr_carea' id='block_1_74' title="bbox 477 4380 1469 4447">
    <p class='ocr_par' dir='ltr' id='par_1_74' title="bbox 477 4380 1469 4447">
     <span class='ocr_line' id='line_1_74' title="bbox 477 4380 1469 4447; baseline -0.004 -9"><span class='ocrx_word' id='word_1_612' title='bbox 477 4384 522 4418; x_wconf 79' lang='grc'>³⁸</span> <span class='ocrx_word' id='word_1_613' title='bbox 563 4381 668 4438; x_wconf 89' lang='lat' dir='ltr'><strong>lsa.</strong></span> <span class='ocrx_word' id='word_1_614' title='bbox 707 4399 794 4447; x_wconf 71' lang='grc' dir='ltr'>χι,</span> <span class='ocrx_word' id='word_1_615' title='bbox 827 4381 918 4438; x_wconf 75' lang='lat'><strong>28.</strong></span> <span class='ocrx_word' id='word_1_616' title='bbox 997 4382 1040 4413; x_wconf 82' lang='lat'>“</span> <span class='ocrx_word' id='word_1_617' title='bbox 1073 4380 1263 4435; x_wconf 82' lang='lat' dir='ltr'><strong>Matth.</strong></span> <span class='ocrx_word' id='word_1_618' title='bbox 1291 4396 1349 4447; x_wconf 82' lang='lat' dir='ltr'><strong>x,</strong></span> <span class='ocrx_word' id='word_1_619' title='bbox 1378 4380 1469 4437; x_wconf 73' lang='lat'><strong>29.</strong></span> 
     </span>
    </p>
   </div>
   <div class='ocr_carea' id='block_1_75' title="bbox 467 4473 2051 4548">
    <p class='ocr_par' dir='ltr' id='par_1_75' title="bbox 467 4473 2051 4548">
     <span class='ocr_line' id='line_1_75' title="bbox 467 4473 2051 4548; baseline -0.001 -17"><span class='ocrx_word' id='word_1_620' title='bbox 467 4476 544 4548; x_wconf 88' lang='lat'><strong>(8)</strong></span> <span class='ocrx_word' id='word_1_621' title='bbox 577 4476 920 4548; x_wconf 59' lang='lat' dir='ltr'><strong>SicSeguer.</strong></span> <span class='ocrx_word' id='word_1_622' title='bbox 957 4473 1176 4548; x_wconf 68' lang='lat' dir='ltr'><strong>Qobler.</strong></span> <span class='ocrx_word' id='word_1_623' title='bbox 1208 4484 1262 4530; x_wconf 92' lang='lat' dir='ltr'><strong>et</strong></span> <span class='ocrx_word' id='word_1_624' title='bbox 1302 4475 1618 4548; x_wconf 43' lang='lat' dir='ltr'><strong>Eelckman;</strong></span> <span class='ocrx_word' id='word_1_625' title='bbox 1664 4475 1714 4529; x_wconf 94' lang='grc'><strong>1.</strong></span> <span class='ocrx_word' id='word_1_626' title='bbox 1761 4473 1817 4548; x_wconf 62' lang='lat' dir='ltr'><strong>in</strong></span> <span class='ocrx_word' id='word_1_627' title='bbox 1836 4475 1974 4548; x_wconf 82' lang='lat' dir='ltr'><strong>aliis</strong></span> <span class='ocrx_word' id='word_1_628' title='bbox 2007 4480 2051 4534; x_wconf 92' lang='lat' dir='ltr'><strong>D</strong></span> 
     </span>
    </p>
   </div>
   <div class='ocr_carea' id='block_1_76' title="bbox 396 4542 1970 4616">
    <p class='ocr_par' dir='ltr' id='par_1_76' title="bbox 396 4542 1970 4616">
     <span class='ocr_line' id='line_1_76' title="bbox 396 4542 1970 4616; baseline -0.001 -14"><span class='ocrx_word' id='word_1_629' title='bbox 396 4559 450 4603; x_wconf 76' lang='lat' dir='ltr'><strong>et</strong></span> <span class='ocrx_word' id='word_1_630' title='bbox 469 4542 628 4603; x_wconf 78' lang='lat' dir='ltr'><strong>editis</strong></span> <span class='ocrx_word' id='word_1_631' title='bbox 653 4542 804 4601; x_wconf 56' lang='lat' dir='ltr'><strong>dees&#39;t</strong></span> <span class='ocrx_word' id='word_1_632' title='bbox 832 4542 946 4601; x_wconf 80' lang='grc' dir='ltr'>οὖν.</span> <span class='ocrx_word' id='word_1_633' title='bbox 974 4546 1142 4600; x_wconf 88' lang='lat' dir='ltr'><strong>Paulo</strong></span> <span class='ocrx_word' id='word_1_634' title='bbox 1175 4555 1297 4616; x_wconf 85' lang='lat' dir='ltr'><strong>post</strong></span> <span class='ocrx_word' id='word_1_635' title='bbox 1321 4546 1544 4613; x_wconf 80' lang='lat' dir='ltr'><strong>Seguer.</strong></span> <span class='ocrx_word' id='word_1_636' title='bbox 1586 4545 1716 4612; x_wconf 83' lang='lat' dir='ltr'><strong>Reg.</strong></span> <span class='ocrx_word' id='word_1_637' title='bbox 1749 4546 1970 4600; x_wconf 89' lang='lat' dir='ltr'><strong>Gohler.</strong></span> 
     </span>
    </p>
   </div>
   <div class='ocr_carea' id='block_1_77' title="bbox 398 4616 1973 4683">
    <p class='ocr_par' dir='ltr' id='par_1_77' title="bbox 398 4616 1973 4683">
     <span class='ocr_line' id='line_1_77' title="bbox 398 4616 1973 4683; baseline -0.003 -9"><span class='ocrx_word' id='word_1_638' title='bbox 398 4618 545 4675; x_wconf 81' lang='lat' dir='ltr'><strong>Felc.</strong></span> <span class='ocrx_word' id='word_1_639' title='bbox 581 4620 604 4672; x_wconf 90' lang='grc'><strong>1</strong></span> <span class='ocrx_word' id='word_1_640' title='bbox 637 4629 690 4672; x_wconf 84' lang='lat' dir='ltr'><strong>et</strong></span> <span class='ocrx_word' id='word_1_641' title='bbox 721 4619 776 4680; x_wconf 84' lang='lat'><strong>5,</strong></span> <span class='ocrx_word' id='word_1_642' title='bbox 799 4617 967 4670; x_wconf 74' lang='grc' dir='ltr'>θέλων</span> <span class='ocrx_word' id='word_1_643' title='bbox 999 4618 1028 4670; x_wconf 90' lang='lat'><strong>6</strong></span> <span class='ocrx_word' id='word_1_644' title='bbox 1058 4616 1209 4680; x_wconf 86' lang='grc' dir='ltr'>Θεός.</span> <span class='ocrx_word' id='word_1_645' title='bbox 1238 4617 1342 4670; x_wconf 89' lang='lat' dir='ltr'><strong>Alii</strong></span> <span class='ocrx_word' id='word_1_646' title='bbox 1366 4627 1419 4670; x_wconf 85' lang='lat' dir='ltr'><strong>et</strong></span> <span class='ocrx_word' id='word_1_647' title='bbox 1443 4617 1594 4683; x_wconf 85' lang='lat' dir='ltr'><strong>editi,</strong></span> <span class='ocrx_word' id='word_1_648' title='bbox 1627 4616 1794 4669; x_wconf 79' lang='grc' dir='ltr'>θέλων</span> <span class='ocrx_word' id='word_1_649' title='bbox 1819 4616 1973 4670; x_wconf 81' lang='grc' dir='ltr'>ὁτῶν</span> 
     </span>
    </p>
   </div>
   <div class='ocr_carea' id='block_1_78' title="bbox 393 4686 1976 4758">
    <p class='ocr_par' dir='ltr' id='par_1_78' title="bbox 393 4686 1976 4758">
     <span class='ocr_line' id='line_1_78' title="bbox 393 4686 1976 4758; baseline -0.004 -14"><span class='ocrx_word' id='word_1_650' title='bbox 393 4691 534 4745; x_wconf 77' lang='grc' dir='ltr'>ὅλων</span> <span class='ocrx_word' id='word_1_651' title='bbox 567 4689 719 4758; x_wconf 70' lang='grc' dir='ltr'>Θεός.</span> <span class='ocrx_word' id='word_1_652' title='bbox 750 4688 953 4758; x_wconf 87' lang='lat' dir='ltr'><strong>Ibidem</strong></span> <span class='ocrx_word' id='word_1_653' title='bbox 995 4686 1220 4756; x_wconf 79' lang='lat' dir='ltr'><strong>Seguer.</strong></span> <span class='ocrx_word' id='word_1_654' title='bbox 1256 4686 1475 4742; x_wconf 81' lang='lat' dir='ltr'><strong>Gobler.</strong></span> <span class='ocrx_word' id='word_1_655' title='bbox 1506 4696 1561 4742; x_wconf 87' lang='lat' dir='ltr'><strong>et</strong></span> <span class='ocrx_word' id='word_1_656' title='bbox 1602 4686 1746 4742; x_wconf 87' lang='lat' dir='ltr'><strong>Felc.</strong></span> <span class='ocrx_word' id='word_1_657' title='bbox 1784 4688 1836 4750; x_wconf 90' lang='grc'><strong>1,</strong></span> <span class='ocrx_word' id='word_1_658' title='bbox 1878 4687 1976 4758; x_wconf 82' lang='grc' dir='ltr'>τὴν</span> 
     </span>
    </p>
   </div>
   <div class='ocr_carea' id='block_1_79' title="bbox 399 4757 1974 4899">
    <p class='ocr_par' dir='ltr' id='par_1_79' title="bbox 399 4757 1974 4899">
     <span class='ocr_line' id='line_1_79' title="bbox 399 4757 1974 4832; baseline -0.003 -18"><span class='ocrx_word' id='word_1_659' title='bbox 399 4762 652 4832; x_wconf 84' lang='grc' dir='ltr'>γενητήν.</span> <span class='ocrx_word' id='word_1_660' title='bbox 683 4757 828 4812; x_wconf 90' lang='lat' dir='ltr'><strong>Felc.</strong></span> <span class='ocrx_word' id='word_1_661' title='bbox 854 4757 907 4821; x_wconf 83' lang='lat'><strong>5,</strong></span> <span class='ocrx_word' id='word_1_662' title='bbox 937 4758 1034 4829; x_wconf 85' lang='grc' dir='ltr'><strong>τὴν</strong></span> <span class='ocrx_word' id='word_1_663' title='bbox 1063 4758 1347 4830; x_wconf 81' lang='grc' dir='ltr'>γεννητήν.</span> <span class='ocrx_word' id='word_1_664' title='bbox 1377 4757 1481 4811; x_wconf 83' lang='lat' dir='ltr'><strong>Alii</strong></span> <span class='ocrx_word' id='word_1_665' title='bbox 1517 4767 1570 4812; x_wconf 87' lang='lat' dir='ltr'><strong>et</strong></span> <span class='ocrx_word' id='word_1_666' title='bbox 1598 4758 1766 4811; x_wconf 89' lang='lat' dir='ltr'><strong>editio</strong></span> <span class='ocrx_word' id='word_1_667' title='bbox 1809 4757 1974 4811; x_wconf 84' lang='lat' dir='ltr'><strong>Com-</strong></span> 
     </span>
     <span class='ocr_line' id='line_1_80' title="bbox 400 4827 1937 4899; baseline -0.005 -12"><span class='ocrx_word' id='word_1_668' title='bbox 400 4833 528 4888; x_wconf 86' lang='lat' dir='ltr'><strong>mel.</strong></span> <span class='ocrx_word' id='word_1_669' title='bbox 555 4830 652 4899; x_wconf 83' lang='grc' dir='ltr'>τὴν</span> <span class='ocrx_word' id='word_1_670' title='bbox 685 4829 929 4899; x_wconf 84' lang='grc' dir='ltr'>γενετήν.</span> <span class='ocrx_word' id='word_1_671' title='bbox 963 4829 1091 4882; x_wconf 85' lang='lat' dir='ltr'><strong>Item</strong></span> <span class='ocrx_word' id='word_1_672' title='bbox 1125 4829 1255 4899; x_wconf 73' lang='lat' dir='ltr'><strong>ibid.</strong></span> <span class='ocrx_word' id='word_1_673' title='bbox 1300 4829 1443 4883; x_wconf 83' lang='lat' dir='ltr'><strong>Felc.</strong></span> <span class='ocrx_word' id='word_1_674' title='bbox 1477 4829 1531 4890; x_wconf 78' lang='grc'>4,</span> <span class='ocrx_word' id='word_1_675' title='bbox 1563 4829 1656 4880; x_wconf 74' lang='grc' dir='ltr'>ἐπὶ</span> <span class='ocrx_word' id='word_1_676' title='bbox 1679 4828 1737 4880; x_wconf 80' lang='grc' dir='ltr'><strong>δὲ</strong></span> <span class='ocrx_word' id='word_1_677' title='bbox 1768 4827 1937 4898; x_wconf 77' lang='grc' dir='ltr'>ἐώρα.</span> 
     </span>
    </p>
   </div>
   <div class='ocr_carea' id='block_1_80' title="bbox 465 4868 1975 4982">
    <p class='ocr_par' dir='ltr' id='par_1_80' title="bbox 465 4868 1975 4982">
     <span class='ocr_line' id='line_1_81' title="bbox 465 4868 1975 4982; baseline 0.003 -26"><span class='ocrx_word' id='word_1_678' title='bbox 465 4868 680 4982; x_wconf 47' lang='grc' dir='ltr'><strong>βλεῖο</strong></span> <span class='ocrx_word' id='word_1_679' title='bbox 963 4868 1975 4982; x_wconf 54' lang='lat' dir='ltr'><strong>iii&#39;iie&#39;E&#39;EeicT’i&#39;eiiiiiai&#39;ei‘iliiii.</strong></span> 
     </span>
    </p>
   </div>
   <div class='ocr_carea' id='block_1_81' title="bbox 400 4968 1978 5039">
    <p class='ocr_par' dir='ltr' id='par_1_81' title="bbox 400 4968 1978 5039">
     <span class='ocr_line' id='line_1_82' title="bbox 400 4968 1978 5039; baseline -0.003 -14"><span class='ocrx_word' id='word_1_680' title='bbox 400 4968 492 5025; x_wconf 79' lang='grc' dir='ltr'><strong>τοῦ</strong></span> <span class='ocrx_word' id='word_1_681' title='bbox 517 4971 672 5025; x_wconf 82' lang='grc' dir='ltr'>Θεοῦ.</span> <span class='ocrx_word' id='word_1_682' title='bbox 709 4970 842 5024; x_wconf 79' lang='lat' dir='ltr'><strong>ibid.</strong></span> <span class='ocrx_word' id='word_1_683' title='bbox 877 4968 1100 5038; x_wconf 74' lang='lat' dir='ltr'><strong>Seguer.</strong></span> <span class='ocrx_word' id='word_1_684' title='bbox 1133 4979 1187 5023; x_wconf 92' lang='lat' dir='ltr'><strong>et</strong></span> <span class='ocrx_word' id='word_1_685' title='bbox 1215 4968 1362 5024; x_wconf 87' lang='lat' dir='ltr'><strong>Felc.</strong></span> <span class='ocrx_word' id='word_1_686' title='bbox 1387 4969 1438 5032; x_wconf 89' lang='grc'><strong>1,</strong></span> <span class='ocrx_word' id='word_1_687' title='bbox 1475 4968 1698 5039; x_wconf 41' lang='grc' dir='ltr'>καὶ-τῆς</span> <span class='ocrx_word' id='word_1_688' title='bbox 1731 4969 1858 5039; x_wconf 60' lang='grc' dir='ltr'>παρ’</span> <span class='ocrx_word' id='word_1_689' title='bbox 1880 4969 1978 5021; x_wconf 79' lang='grc' dir='ltr'>αὐ-</span> 
     </span>
    </p>
   </div>
   <div class='ocr_carea' id='block_1_82' title="bbox 400 5036 1979 5110">
    <p class='ocr_par' dir='ltr' id='par_1_82' title="bbox 400 5036 1979 5110">
     <span class='ocr_line' id='line_1_83' title="bbox 400 5036 1979 5110; baseline -0.001 -14"><span class='ocrx_word' id='word_1_690' title='bbox 400 5043 515 5096; x_wconf 85' lang='grc' dir='ltr'>τοῦ.</span> <span class='ocrx_word' id='word_1_691' title='bbox 547 5042 739 5097; x_wconf 71' lang='lat' dir='ltr'><strong>Caeteri</strong></span> <span class='ocrx_word' id='word_1_692' title='bbox 771 5051 824 5096; x_wconf 92' lang='lat' dir='ltr'><strong>et</strong></span> <span class='ocrx_word' id='word_1_693' title='bbox 861 5036 1014 5110; x_wconf 78' lang='lat' dir='ltr'><strong>editi,</strong></span> <span class='ocrx_word' id='word_1_694' title='bbox 1050 5040 1144 5092; x_wconf 73' lang='grc' dir='ltr'><strong>καὶ</strong></span> <span class='ocrx_word' id='word_1_695' title='bbox 1179 5041 1308 5110; x_wconf 87' lang='grc' dir='ltr'>παρ’</span> <span class='ocrx_word' id='word_1_696' title='bbox 1338 5036 1524 5110; x_wconf 77' lang='grc' dir='ltr'>αὑτοῦ.</span> <span class='ocrx_word' id='word_1_697' title='bbox 1576 5036 1698 5110; x_wconf 72' lang='lat' dir='ltr'><strong>Mox</strong></span> <span class='ocrx_word' id='word_1_698' title='bbox 1735 5036 1866 5109; x_wconf 75' lang='lat' dir='ltr'><strong>Reg.</strong></span> <span class='ocrx_word' id='word_1_699' title='bbox 1924 5047 1979 5093; x_wconf 80' lang='lat' dir='ltr'><strong>et</strong></span> 
     </span>
    </p>
   </div>
   <div class='ocr_carea' id='block_1_83' title="bbox 400 5107 1772 5180">
    <p class='ocr_par' dir='ltr' id='par_1_83' title="bbox 400 5107 1772 5180">
     <span class='ocr_line' id='line_1_84' title="bbox 400 5107 1772 5180; baseline -0.004 -13"><span class='ocrx_word' id='word_1_700' title='bbox 400 5112 544 5167; x_wconf 75' lang='lat' dir='ltr'><strong>Felc.</strong></span> <span class='ocrx_word' id='word_1_701' title='bbox 578 5115 631 5169; x_wconf 82' lang='lat'><strong>5.</strong></span> <span class='ocrx_word' id='word_1_702' title='bbox 665 5110 839 5175; x_wconf 79' lang='grc' dir='ltr'>κτίζει</span> <span class='ocrx_word' id='word_1_703' title='bbox 867 5109 1117 5180; x_wconf 72' lang='grc' dir='ltr'>πρώτως.</span> <span class='ocrx_word' id='word_1_704' title='bbox 1143 5107 1337 5163; x_wconf 74' lang='grc' dir='ltr'><strong>ΑΙὶἰέι</strong></span> <span class='ocrx_word' id='word_1_705' title='bbox 1358 5109 1510 5180; x_wconf 59' lang='lat' dir='ltr'><strong>editi,</strong></span> <span class='ocrx_word' id='word_1_706' title='bbox 1536 5107 1772 5180; x_wconf 79' lang='grc' dir='ltr'>πρῶτος.</span> 
     </span>
    </p>
   </div>
   <div class='ocr_carea' id='block_1_84' title="bbox 473 5177 1980 5254">
    <p class='ocr_par' dir='ltr' id='par_1_84' title="bbox 473 5177 1980 5254">
     <span class='ocr_line' id='line_1_85' title="bbox 473 5177 1980 5254; baseline -0.005 -18"><span class='ocrx_word' id='word_1_707' title='bbox 473 5183 583 5254; x_wconf 79' lang='grc' dir='ltr'><strong>(ιο)</strong></span> <span class='ocrx_word' id='word_1_708' title='bbox 611 5183 833 5253; x_wconf 84' lang='lat' dir='ltr'><strong>Seguer.</strong></span> <span class='ocrx_word' id='word_1_709' title='bbox 870 5177 1002 5254; x_wconf 78' lang='lat' dir='ltr'><strong>Reg.</strong></span> <span class='ocrx_word' id='word_1_710' title='bbox 1040 5180 1326 5254; x_wconf 80' lang='lat' dir='ltr'><strong>Basiliens.</strong></span> <span class='ocrx_word' id='word_1_711' title='bbox 1354 5187 1426 5254; x_wconf 83' lang='lat' dir='ltr'><strong>_et_</strong></span> <span class='ocrx_word' id='word_1_712' title='bbox 1453 5177 1603 5254; x_wconf 54' lang='lat' dir='ltr'><strong>_Felc&#39;.</strong></span> <span class='ocrx_word' id='word_1_713' title='bbox 1653 5178 1687 5230; x_wconf 73' lang='grc'>4</span> <span class='ocrx_word' id='word_1_714' title='bbox 1710 5220 1725 5243; x_wconf 90' lang='grc'><strong>,</strong></span> <span class='ocrx_word' id='word_1_715' title='bbox 1755 5178 1980 5254; x_wconf 57' lang='grc' dir='ltr'>γενομέτ</span> 
     </span>
    </p>
   </div>
   <div class='ocr_carea' id='block_1_85' title="bbox 401 5248 1982 5322">
    <p class='ocr_par' dir='ltr' id='par_1_85' title="bbox 401 5248 1982 5322">
     <span class='ocr_line' id='line_1_86' title="bbox 401 5248 1982 5322; baseline -0.004 -16"><span class='ocrx_word' id='word_1_716' title='bbox 401 5248 514 5308; x_wconf 77' lang='grc' dir='ltr'>νου.</span> <span class='ocrx_word' id='word_1_717' title='bbox 549 5248 742 5309; x_wconf 46' lang='grc' dir='ltr'><strong>(Σωρντί</strong></span> <span class='ocrx_word' id='word_1_718' title='bbox 778 5263 832 5308; x_wconf 86' lang='lat' dir='ltr'><strong>et</strong></span> <span class='ocrx_word' id='word_1_719' title='bbox 867 5248 973 5322; x_wconf 74' lang='lat' dir='ltr'><strong>alii</strong></span> <span class='ocrx_word' id='word_1_720' title='bbox 997 5250 1306 5322; x_wconf 74' lang='grc' dir='ltr'>γινομένου.</span> <span class='ocrx_word' id='word_1_721' title='bbox 1354 5248 1557 5322; x_wconf 73' lang='lat' dir='ltr'><strong>Ibidem</strong></span> <span class='ocrx_word' id='word_1_722' title='bbox 1601 5264 1735 5322; x_wconf 70' lang='lat' dir='ltr'><strong>mss.</strong></span> <span class='ocrx_word' id='word_1_723' title='bbox 1780 5251 1874 5322; x_wconf 61' lang='grc' dir='ltr'>καξι</span> <span class='ocrx_word' id='word_1_724' title='bbox 1913 5249 1982 5300; x_wconf 74' lang='grc' dir='ltr'>τὰ</span> 
     </span>
    </p>
   </div>
   <div class='ocr_carea' id='block_1_86' title="bbox 402 5318 1985 5446">
    <p class='ocr_par' dir='ltr' id='par_1_86' title="bbox 402 5318 1985 5446">
     <span class='ocr_line' id='line_1_87' title="bbox 402 5318 1985 5446; baseline -0.003 -70"><span class='ocrx_word' id='word_1_725' title='bbox 402 5325 602 5446; x_wconf 65' lang='grc' dir='ltr'>πάῖτα,</span> <span class='ocrx_word' id='word_1_726' title='bbox 648 5335 840 5394; x_wconf 62' lang='lat' dir='ltr'><strong>praeter</strong></span> <span class='ocrx_word' id='word_1_727' title='bbox 885 5318 1031 5377; x_wconf 83' lang='lat' dir='ltr'><strong>Felc.</strong></span> <span class='ocrx_word' id='word_1_728' title='bbox 1073 5318 1132 5388; x_wconf 72' lang='lat'><strong>2,</strong></span> <span class='ocrx_word' id='word_1_729' title='bbox 1167 5321 1222 5374; x_wconf 90' lang='lat' dir='ltr'><strong>in</strong></span> <span class='ocrx_word' id='word_1_730' title='bbox 1251 5336 1360 5390; x_wconf 91' lang='lat' dir='ltr'><strong>quo</strong></span> <span class='ocrx_word' id='word_1_731' title='bbox 1389 5328 1450 5374; x_wconf 89' lang='lat' dir='ltr'><strong>ut</strong></span> <span class='ocrx_word' id='word_1_732' title='bbox 1497 5319 1554 5373; x_wconf 86' lang='lat' dir='ltr'><strong>in</strong></span> <span class='ocrx_word' id='word_1_733' title='bbox 1584 5318 1744 5374; x_wconf 89' lang='lat' dir='ltr'><strong>editis</strong></span> <span class='ocrx_word' id='word_1_734' title='bbox 1769 5359 1786 5386; x_wconf 93' lang='lat'><strong>,</strong></span> <span class='ocrx_word' id='word_1_735' title='bbox 1831 5319 1985 5372; x_wconf 89' lang='lat' dir='ltr'><strong>deest</strong></span> 
     </span>
     <span class='ocr_line' id='line_1_88' title="bbox 402 5410 515 5446; baseline 0 0"><span class='ocrx_word' id='word_1_736' title='bbox 402 5410 473 5446; x_wconf 82' lang='grc' dir='ltr'><strong>κα</strong></span> <span class='ocrx_word' id='word_1_737' title='bbox 503 5437 515 5446; x_wconf 97' lang='grc'><strong>.</strong></span> 
     </span>
    </p>
   </div>
   <div class='ocr_carea' id='block_1_87' title="bbox 402 5410 515 5449">
    <p class='ocr_par' dir='ltr' id='par_1_87' title="bbox 402 5410 515 5449">
     <span class='ocr_line' id='line_1_89' title="bbox 402 5410 515 5449; baseline 0.009 -2"><span class='ocrx_word' id='word_1_738' title='bbox 402 5410 515 5449; x_wconf 85' lang='grc' dir='ltr'>και.</span> 
     </span>
    </p>
   </div>
   <div class='ocr_carea' id='block_1_88' title="bbox 474 5458 1982 5535">
    <p class='ocr_par' dir='ltr' id='par_1_88' title="bbox 474 5458 1982 5535">
     <span class='ocr_line' id='line_1_90' title="bbox 474 5458 1982 5535; baseline -0.005 -16"><span class='ocrx_word' id='word_1_739' title='bbox 474 5464 585 5535; x_wconf 84' lang='lat' dir='ltr'><strong>(ll)</strong></span> <span class='ocrx_word' id='word_1_740' title='bbox 611 5464 765 5535; x_wconf 85' lang='lat' dir='ltr'><strong>Felc.</strong></span> <span class='ocrx_word' id='word_1_741' title='bbox 791 5465 848 5525; x_wconf 75' lang='lat'><strong>2.</strong></span> <span class='ocrx_word' id='word_1_742' title='bbox 883 5462 1113 5535; x_wconf 17' lang='lat' dir='ltr'><strong>ctiediti,</strong></span> <span class='ocrx_word' id='word_1_743' title='bbox 1149 5459 1226 5532; x_wconf 83' lang='grc' dir='ltr'>τῷ</span> <span class='ocrx_word' id='word_1_744' title='bbox 1252 5460 1417 5535; x_wconf 78' lang='grc' dir='ltr'>ἔργῳ.</span> <span class='ocrx_word' id='word_1_745' title='bbox 1452 5458 1557 5513; x_wconf 83' lang='lat' dir='ltr'><strong>Alii</strong></span> <span class='ocrx_word' id='word_1_746' title='bbox 1583 5473 1800 5535; x_wconf 64' lang='lat' dir='ltr'><strong>omnes</strong></span> <span class='ocrx_word' id='word_1_747' title='bbox 1845 5473 1982 5535; x_wconf 69' lang='lat' dir='ltr'><strong>mss.</strong></span> 
     </span>
    </p>
   </div>
   <div class='ocr_carea' id='block_1_89' title="bbox 401 5527 1979 5617">
    <p class='ocr_par' dir='ltr' id='par_1_89' title="bbox 401 5527 1979 5617">
     <span class='ocr_line' id='line_1_91' title="bbox 401 5527 1979 5617; baseline -0.005 -28"><span class='ocrx_word' id='word_1_748' title='bbox 517 5527 662 5617; x_wconf 45' lang='lat' dir='ltr'><strong>Yign</strong></span> <span class='ocrx_word' id='word_1_749' title='bbox 690 5535 892 5617; x_wconf 72' lang='lat' dir='ltr'><strong>Ibidem</strong></span> <span class='ocrx_word' id='word_1_750' title='bbox 919 5534 1151 5617; x_wconf 52' lang='lat' dir='ltr'><strong>_Segue!.</strong></span> <span class='ocrx_word' id='word_1_751' title='bbox 1185 5527 1549 5617; x_wconf 48' lang='grc' dir='ltr'>ἐνεχείρησεν,</span> <span class='ocrx_word' id='word_1_752' title='bbox 1767 5537 1836 5617; x_wconf 68' lang='lat' dir='ltr'><strong>et_</strong></span> <span class='ocrx_word' id='word_1_753' title='bbox 1861 5527 1979 5617; x_wconf 48' lang='lat' dir='ltr'><strong>lio-</strong></span> 
     </span>
    </p>
   </div>
   <div class='ocr_carea' id='block_1_90' title="bbox 404 5588 1978 5674">
    <p class='ocr_par' dir='ltr' id='par_1_90' title="bbox 404 5588 1978 5674">
     <span class='ocr_line' id='line_1_92' title="bbox 404 5588 1978 5674; baseline -0.006 -14"><span class='ocrx_word' id='word_1_754' title='bbox 404 5588 544 5662; x_wconf 78' lang='lat' dir='ltr'><strong>m&#39;er.</strong></span> <span class='ocrx_word' id='word_1_755' title='bbox 573 5588 787 5661; x_wconf 53' lang='lat' dir='ltr'><strong>1%ch</strong></span> <span class='ocrx_word' id='word_1_756' title='bbox 807 5588 860 5660; x_wconf 88' lang='lat' dir='ltr'><strong>et</strong></span> <span class='ocrx_word' id='word_1_757' title='bbox 907 5607 961 5668; x_wconf 75' lang='grc' dir='ltr'><strong>ι,</strong></span> <span class='ocrx_word' id='word_1_758' title='bbox 987 5588 1062 5668; x_wconf 71' lang='grc' dir='ltr'>ὥς</span> <span class='ocrx_word' id='word_1_759' title='bbox 1095 5588 1307 5674; x_wconf 70' lang='grc' dir='ltr'><strong>βοηθῷζξ</strong></span> <span class='ocrx_word' id='word_1_760' title='bbox 1331 5588 1470 5674; x_wconf 67' lang='grc' dir='ltr'>Ειιὶιί</span> <span class='ocrx_word' id='word_1_761' title='bbox 1495 5609 1554 5674; x_wconf 76' lang='lat' dir='ltr'><strong>_et</strong></span> <span class='ocrx_word' id='word_1_762' title='bbox 1581 5602 1675 5654; x_wconf 89' lang='lat' dir='ltr'><strong>alii</strong></span> <span class='ocrx_word' id='word_1_763' title='bbox 1709 5599 1785 5674; x_wconf 81' lang='grc' dir='ltr'><strong>ὡς</strong></span> <span class='ocrx_word' id='word_1_764' title='bbox 1811 5601 1978 5652; x_wconf 88' lang='lat' dir='ltr'><strong>omit-</strong></span> 
     </span>
    </p>
   </div>
   <div class='ocr_carea' id='block_1_91' title="bbox 405 5669 1977 5743">
    <p class='ocr_par' dir='ltr' id='par_1_91' title="bbox 405 5669 1977 5743">
     <span class='ocr_line' id='line_1_93' title="bbox 405 5669 1977 5743; baseline -0.004 -15"><span class='ocrx_word' id='word_1_765' title='bbox 405 5685 544 5730; x_wconf 86' lang='lat' dir='ltr'><strong>tunt.</strong></span> <span class='ocrx_word' id='word_1_766' title='bbox 571 5677 716 5732; x_wconf 85' lang='lat' dir='ltr'><strong>Felc.</strong></span> <span class='ocrx_word' id='word_1_767' title='bbox 743 5677 799 5740; x_wconf 77' lang='grc'>4,</span> <span class='ocrx_word' id='word_1_768' title='bbox 820 5676 1040 5739; x_wconf 82' lang='lat' dir='ltr'><strong>ibidem,</strong></span> <span class='ocrx_word' id='word_1_769' title='bbox 1066 5669 1320 5743; x_wconf 46' lang='lat' dir='ltr'><strong>satam</strong></span> <span class='ocrx_word' id='word_1_770' title='bbox 1347 5671 1464 5743; x_wconf 79' lang='grc' dir='ltr'>μέν.</span> <span class='ocrx_word' id='word_1_771' title='bbox 1495 5669 1639 5726; x_wconf 90' lang='lat' dir='ltr'><strong>Idem</strong></span> <span class='ocrx_word' id='word_1_772' title='bbox 1665 5679 1720 5743; x_wconf 88' lang='lat' dir='ltr'><strong>et</strong></span> <span class='ocrx_word' id='word_1_773' title='bbox 1751 5673 1977 5743; x_wconf 60' lang='lat' dir='ltr'><strong>segnem</strong></span> 
     </span>
    </p>
   </div>
   <div class='ocr_carea' id='block_1_92' title="bbox 405 5741 1981 5812">
    <p class='ocr_par' dir='ltr' id='par_1_92' title="bbox 405 5741 1981 5812">
     <span class='ocr_line' id='line_1_94' title="bbox 405 5741 1981 5812; baseline -0.005 -12"><span class='ocrx_word' id='word_1_774' title='bbox 405 5762 469 5800; x_wconf 84' lang='lat' dir='ltr'><strong>ac</strong></span> <span class='ocrx_word' id='word_1_775' title='bbox 499 5745 742 5812; x_wconf 85' lang='lat' dir='ltr'><strong>Gohler.,</strong></span> <span class='ocrx_word' id='word_1_776' title='bbox 775 5745 991 5812; x_wconf 78' lang='grc' dir='ltr'>ἀνάξιον</span> <span class='ocrx_word' id='word_1_777' title='bbox 1040 5741 1196 5798; x_wconf 83' lang='grc' dir='ltr'>Θεοῦ.</span> <span class='ocrx_word' id='word_1_778' title='bbox 1235 5741 1374 5797; x_wconf 78' lang='lat' dir='ltr'><strong>Editi</strong></span> <span class='ocrx_word' id='word_1_779' title='bbox 1417 5751 1470 5797; x_wconf 87' lang='lat' dir='ltr'><strong>et</strong></span> <span class='ocrx_word' id='word_1_780' title='bbox 1507 5742 1718 5805; x_wconf 64' lang='lat' dir='ltr'><strong>caueri,</strong></span> <span class='ocrx_word' id='word_1_781' title='bbox 1765 5741 1981 5806; x_wconf 79' lang='grc' dir='ltr'>ἀνάξιον</span> 
     </span>
    </p>
   </div>
   <div class='ocr_carea' id='block_1_93' title="bbox 404 5817 541 5889">
    <p class='ocr_par' dir='ltr' id='par_1_93' title="bbox 404 5817 541 5889">
     <span class='ocr_line' id='line_1_95' title="bbox 404 5817 541 5889; baseline 0.022 -21"><span class='ocrx_word' id='word_1_782' title='bbox 404 5817 541 5889; x_wconf 80' lang='grc' dir='ltr'>Θεῷ.</span> 
     </span>
    </p>
   </div>
   <div class='ocr_carea' id='block_1_94' title="bbox 2077 3091 3675 3163">
    <p class='ocr_par' dir='ltr' id='par_1_94' title="bbox 2077 3091 3675 3163">
     <span class='ocr_line' id='line_1_96' title="bbox 2077 3091 3675 3163; baseline 0.001 -17"><span class='ocrx_word' id='word_1_783' title='bbox 2077 3095 2149 3147; x_wconf 84' lang='grc' dir='ltr'>οὐ</span> <span class='ocrx_word' id='word_1_784' title='bbox 2206 3091 2476 3147; x_wconf 78' lang='grc' dir='ltr'>πεσεῖται</span> <span class='ocrx_word' id='word_1_785' title='bbox 2532 3094 2632 3147; x_wconf 75' lang='grc' dir='ltr'><strong>ἐπὶ</strong></span> <span class='ocrx_word' id='word_1_786' title='bbox 2705 3092 2822 3160; x_wconf 75' lang='grc' dir='ltr'>τὴν</span> <span class='ocrx_word' id='word_1_787' title='bbox 2871 3093 2990 3163; x_wconf 78' lang='grc' dir='ltr'>γῆν</span> <span class='ocrx_word' id='word_1_788' title='bbox 3063 3093 3209 3148; x_wconf 81' lang='grc' dir='ltr'>ἄνευ</span> <span class='ocrx_word' id='word_1_789' title='bbox 3271 3093 3381 3147; x_wconf 84' lang='grc' dir='ltr'><strong>τοῦ</strong></span> <span class='ocrx_word' id='word_1_790' title='bbox 3438 3093 3675 3161; x_wconf 72' lang='grc' dir='ltr'>Πατρός</span> 
     </span>
    </p>
   </div>
   <div class='ocr_carea' id='block_1_95' title="bbox 2075 3183 3672 3257">
    <p class='ocr_par' dir='ltr' id='par_1_95' title="bbox 2075 3183 3672 3257">
     <span class='ocr_line' id='line_1_97' title="bbox 2075 3183 3672 3257; baseline 0.004 -19"><span class='ocrx_word' id='word_1_791' title='bbox 2075 3183 2244 3254; x_wconf 82' lang='grc' dir='ltr'>ὑμῶν</span> <span class='ocrx_word' id='word_1_792' title='bbox 2275 3185 2409 3257; x_wconf 70' lang='grc'>(12),</span> <span class='ocrx_word' id='word_1_793' title='bbox 2450 3184 2557 3239; x_wconf 84' lang='grc' dir='ltr'><strong>τοῦ</strong></span> <span class='ocrx_word' id='word_1_794' title='bbox 2581 3186 2652 3239; x_wconf 87' lang='grc' dir='ltr'>ἐν</span> <span class='ocrx_word' id='word_1_795' title='bbox 2697 3185 2824 3252; x_wconf 84' lang='grc' dir='ltr'>τοῖς</span> <span class='ocrx_word' id='word_1_796' title='bbox 2858 3186 3174 3254; x_wconf 83' lang='grc' dir='ltr'>οὐρανοῖς;</span> <span class='ocrx_word' id='word_1_797' title='bbox 3221 3187 3314 3240; x_wconf 58' lang='grc' dir='ltr'><strong>καὶ⁵</strong></span> <span class='ocrx_word' id='word_1_798' title='bbox 3347 3186 3539 3240; x_wconf 79' lang='grc' dir='ltr'>πάλιν’</span> <span class='ocrx_word' id='word_1_799' title='bbox 3571 3188 3672 3256; x_wconf 78' lang='grc' dir='ltr'><strong>Μὴ</strong></span> 
     </span>
    </p>
   </div>
   <div class='ocr_carea' id='block_1_96' title="bbox 2070 3277 3674 3356">
    <p class='ocr_par' dir='ltr' id='par_1_96' title="bbox 2070 3277 3674 3356">
     <span class='ocr_line' id='line_1_98' title="bbox 2070 3277 3674 3356; baseline 0.004 -26"><span class='ocrx_word' id='word_1_800' title='bbox 2070 3277 2391 3349; x_wconf 75' lang='grc' dir='ltr'>μεριμνᾶτε</span> <span class='ocrx_word' id='word_1_801' title='bbox 2410 3278 2486 3347; x_wconf 79' lang='grc' dir='ltr'>τῇ</span> <span class='ocrx_word' id='word_1_802' title='bbox 2505 3277 2677 3348; x_wconf 71' lang='grc' dir='ltr'><strong>ψυχῇ</strong></span> <span class='ocrx_word' id='word_1_803' title='bbox 2702 3277 2890 3348; x_wconf 85' lang='grc' dir='ltr'>ὑμῶν,</span> <span class='ocrx_word' id='word_1_804' title='bbox 2925 3281 2982 3333; x_wconf 84' lang='grc' dir='ltr'><strong>τί</strong></span> <span class='ocrx_word' id='word_1_805' title='bbox 3003 3280 3252 3351; x_wconf 72' lang='grc' dir='ltr'>φάγητε,</span> <span class='ocrx_word' id='word_1_806' title='bbox 3273 3281 3432 3356; x_wconf 71' lang='grc' dir='ltr'><strong>μηᾷὲ</strong></span> <span class='ocrx_word' id='word_1_807' title='bbox 3457 3281 3539 3348; x_wconf 81' lang='grc' dir='ltr'>τῷ</span> <span class='ocrx_word' id='word_1_808' title='bbox 3558 3284 3674 3338; x_wconf 85' lang='grc' dir='ltr'><strong>σώ-</strong></span> 
     </span>
    </p>
   </div>
   <div class='ocr_carea' id='block_1_97' title="bbox 2071 3369 3676 3442">
    <p class='ocr_par' dir='ltr' id='par_1_97' title="bbox 2071 3369 3676 3442">
     <span class='ocr_line' id='line_1_99' title="bbox 2071 3369 3676 3442; baseline 0.002 -19"><span class='ocrx_word' id='word_1_809' title='bbox 2071 3369 2420 3440; x_wconf 88' lang='grc' dir='ltr'>ματιύμῶν,</span> <span class='ocrx_word' id='word_1_810' title='bbox 2455 3372 2512 3424; x_wconf 88' lang='grc' dir='ltr'><strong>τί</strong></span> <span class='ocrx_word' id='word_1_811' title='bbox 2527 3371 2894 3438; x_wconf 78' lang='grc' dir='ltr'>ἐνδύσησθε.</span> <span class='ocrx_word' id='word_1_812' title='bbox 2941 3373 3089 3442; x_wconf 80' lang='grc' dir='ltr'><strong>Οὐχὶ</strong></span> <span class='ocrx_word' id='word_1_813' title='bbox 3133 3374 3172 3442; x_wconf 85' lang='grc' dir='ltr'><strong><em>ἠ</em></strong></span> <span class='ocrx_word' id='word_1_814' title='bbox 3229 3373 3402 3442; x_wconf 64' lang='grc' dir='ltr'><strong>ψυχὴ</strong></span> <span class='ocrx_word' id='word_1_815' title='bbox 3455 3375 3676 3430; x_wconf 74' lang='grc' dir='ltr'><strong>πλεῖόν</strong></span> 
     </span>
    </p>
   </div>
   <div class='ocr_carea' id='block_1_98' title="bbox 2077 3461 3674 3535">
    <p class='ocr_par' dir='ltr' id='par_1_98' title="bbox 2077 3461 3674 3535">
     <span class='ocr_line' id='line_1_100' title="bbox 2077 3461 3674 3535; baseline 0.006 -21"><span class='ocrx_word' id='word_1_816' title='bbox 2077 3462 2207 3516; x_wconf 86' lang='grc' dir='ltr'>ἐστι</span> <span class='ocrx_word' id='word_1_817' title='bbox 2251 3461 2356 3531; x_wconf 83' lang='grc' dir='ltr'>τῆς</span> <span class='ocrx_word' id='word_1_818' title='bbox 2389 3462 2619 3533; x_wconf 74' lang='grc' dir='ltr'>τροφῆς</span> <span class='ocrx_word' id='word_1_819' title='bbox 2641 3502 2656 3527; x_wconf 96' lang='grc'><strong>,</strong></span> <span class='ocrx_word' id='word_1_820' title='bbox 2692 3464 2790 3518; x_wconf 81' lang='grc' dir='ltr'>καὶ</span> <span class='ocrx_word' id='word_1_821' title='bbox 2821 3467 2884 3517; x_wconf 87' lang='grc' dir='ltr'>τὸ</span> <span class='ocrx_word' id='word_1_822' title='bbox 2920 3463 3094 3534; x_wconf 85' lang='grc' dir='ltr'>σῶμα</span> <span class='ocrx_word' id='word_1_823' title='bbox 3142 3465 3249 3520; x_wconf 83' lang='grc' dir='ltr'><strong>τοῦ</strong></span> <span class='ocrx_word' id='word_1_824' title='bbox 3293 3465 3674 3535; x_wconf 70' lang='grc' dir='ltr'>ἐνδύματοςς</span> 
     </span>
    </p>
   </div>
   <div class='ocr_carea' id='block_1_99' title="bbox 2091 3552 3675 3624">
    <p class='ocr_par' dir='ltr' id='par_1_99' title="bbox 2091 3552 3675 3624">
     <span class='ocr_line' id='line_1_101' title="bbox 2091 3552 3675 3624; baseline 0.004 -17"><span class='ocrx_word' id='word_1_825' title='bbox 2091 3552 2462 3624; x_wconf 71' lang='grc' dir='ltr'>Ἑμϐλέψατε</span> <span class='ocrx_word' id='word_1_826' title='bbox 2485 3557 2573 3622; x_wconf 75' lang='grc' dir='ltr'>εὶς</span> <span class='ocrx_word' id='word_1_827' title='bbox 2613 3557 2686 3609; x_wconf 88' lang='grc' dir='ltr'>τὰ</span> <span class='ocrx_word' id='word_1_828' title='bbox 2712 3557 2955 3608; x_wconf 76' lang='grc' dir='ltr'>πετεινὰ</span> <span class='ocrx_word' id='word_1_829' title='bbox 2980 3555 3086 3609; x_wconf 88' lang='grc' dir='ltr'><strong>τοῦ</strong></span> <span class='ocrx_word' id='word_1_830' title='bbox 3123 3556 3384 3623; x_wconf 77' lang='grc' dir='ltr'>οὐρανοῦ</span> <span class='ocrx_word' id='word_1_831' title='bbox 3409 3596 3424 3619; x_wconf 83' lang='grc'><strong>,</strong></span> <span class='ocrx_word' id='word_1_832' title='bbox 3466 3556 3560 3611; x_wconf 82' lang='grc' dir='ltr'>ὅτι</span> <span class='ocrx_word' id='word_1_833' title='bbox 3596 3561 3675 3614; x_wconf 78' lang='grc' dir='ltr'>οὐ</span> 
     </span>
    </p>
   </div>
   <div class='ocr_carea' id='block_1_100' title="bbox 2073 3646 3675 3720">
    <p class='ocr_par' dir='ltr' id='par_1_100' title="bbox 2073 3646 3675 3720">
     <span class='ocr_line' id='line_1_102' title="bbox 2073 3646 3675 3720; baseline 0.002 -19"><span class='ocrx_word' id='word_1_834' title='bbox 2073 3647 2442 3714; x_wconf 81' lang='grc' dir='ltr'>σπείρουσιν</span> <span class='ocrx_word' id='word_1_835' title='bbox 2465 3688 2479 3712; x_wconf 91' lang='grc'><strong>,</strong></span> <span class='ocrx_word' id='word_1_836' title='bbox 2514 3647 2658 3702; x_wconf 84' lang='grc' dir='ltr'><strong>οὐδὲ</strong></span> <span class='ocrx_word' id='word_1_837' title='bbox 2701 3646 3067 3716; x_wconf 77' lang='grc' dir='ltr'>θερίζουσιν,</span> <span class='ocrx_word' id='word_1_838' title='bbox 3105 3649 3250 3702; x_wconf 79' lang='grc' dir='ltr'><strong>οὐδὲ</strong></span> <span class='ocrx_word' id='word_1_839' title='bbox 3285 3647 3675 3720; x_wconf 77' lang='grc' dir='ltr'>συνάγουσιν</span> 
     </span>
    </p>
   </div>
   <div class='ocr_carea' id='block_1_101' title="bbox 2077 3738 3675 3810">
    <p class='ocr_par' dir='ltr' id='par_1_101' title="bbox 2077 3738 3675 3810">
     <span class='ocr_line' id='line_1_103' title="bbox 2077 3738 3675 3810; baseline 0.003 -18"><span class='ocrx_word' id='word_1_840' title='bbox 2077 3741 2166 3804; x_wconf 83' lang='grc' dir='ltr'><strong>εις</strong></span> <span class='ocrx_word' id='word_1_841' title='bbox 2206 3738 2314 3806; x_wconf 81' lang='grc' dir='ltr'>τὰς</span> <span class='ocrx_word' id='word_1_842' title='bbox 2342 3738 2657 3806; x_wconf 79' lang='grc' dir='ltr'>ἀποθήκας</span> <span class='ocrx_word' id='word_1_843' title='bbox 2689 3741 2835 3810; x_wconf 79' lang='grc'><strong>(15)·</strong></span> <span class='ocrx_word' id='word_1_844' title='bbox 2863 3741 2963 3794; x_wconf 77' lang='grc' dir='ltr'>καὶ</span> <span class='ocrx_word' id='word_1_845' title='bbox 2995 3743 3026 3794; x_wconf 83' lang='grc' dir='ltr'>ό</span> <span class='ocrx_word' id='word_1_846' title='bbox 3053 3739 3259 3808; x_wconf 78' lang='grc' dir='ltr'>Πατὴρ</span> <span class='ocrx_word' id='word_1_847' title='bbox 3286 3739 3456 3810; x_wconf 82' lang='grc' dir='ltr'>ὑμῶν</span> <span class='ocrx_word' id='word_1_848' title='bbox 3491 3744 3526 3795; x_wconf 84' lang='grc' dir='ltr'><em>ὁ</em></span> <span class='ocrx_word' id='word_1_849' title='bbox 3564 3743 3675 3797; x_wconf 78' lang='grc' dir='ltr'><strong>οὐ·</strong></span> 
     </span>
    </p>
   </div>
   <div class='ocr_carea' id='block_1_102' title="bbox 2070 3828 3674 3900">
    <p class='ocr_par' dir='ltr' id='par_1_102' title="bbox 2070 3828 3674 3900">
     <span class='ocr_line' id='line_1_104' title="bbox 2070 3828 3674 3900; baseline 0.004 -18"><span class='ocrx_word' id='word_1_850' title='bbox 2070 3828 2284 3896; x_wconf 82' lang='grc' dir='ltr'>ράνιος</span> <span class='ocrx_word' id='word_1_851' title='bbox 2309 3829 2507 3898; x_wconf 68' lang='grc' dir='ltr'>τρέφει</span> <span class='ocrx_word' id='word_1_852' title='bbox 2534 3829 2705 3884; x_wconf 84' lang='grc' dir='ltr'>αὑτά.</span> <span class='ocrx_word' id='word_1_853' title='bbox 2733 3832 2858 3899; x_wconf 80' lang='grc' dir='ltr'><strong>Οὐχ</strong></span> <span class='ocrx_word' id='word_1_854' title='bbox 2883 3829 3055 3899; x_wconf 81' lang='grc' dir='ltr'>ὑμεῖς</span> <span class='ocrx_word' id='word_1_855' title='bbox 3090 3829 3328 3898; x_wconf 72' lang='grc' dir='ltr'>μᾶλλον</span> <span class='ocrx_word' id='word_1_856' title='bbox 3355 3830 3674 3900; x_wconf 75' lang='grc' dir='ltr'>διαφέρετε</span> 
     </span>
    </p>
   </div>
   <div class='ocr_carea' id='block_1_103' title="bbox 2077 3920 3677 3992">
    <p class='ocr_par' dir='ltr' id='par_1_103' title="bbox 2077 3920 3677 3992">
     <span class='ocr_line' id='line_1_105' title="bbox 2077 3920 3677 3992; baseline 0.003 -18"><span class='ocrx_word' id='word_1_857' title='bbox 2077 3920 2278 3976; x_wconf 80' lang='grc' dir='ltr'>αὐτῶν</span> <span class='ocrx_word' id='word_1_858' title='bbox 2300 3937 2320 3988; x_wconf 89' lang='grc'><em>;</em></span> <span class='ocrx_word' id='word_1_859' title='bbox 2352 3923 2446 3985; x_wconf 85' lang='grc' dir='ltr'>Τίς</span> <span class='ocrx_word' id='word_1_860' title='bbox 2466 3921 2534 3975; x_wconf 88' lang='grc' dir='ltr'><em>δὲ</em></span> <span class='ocrx_word' id='word_1_861' title='bbox 2551 3921 2620 3986; x_wconf 84' lang='grc' dir='ltr'><strong>ἐξ</strong></span> <span class='ocrx_word' id='word_1_862' title='bbox 2643 3920 2832 3991; x_wconf 85' lang='grc' dir='ltr'>ὑμῶν,</span> <span class='ocrx_word' id='word_1_863' title='bbox 2860 3920 3186 3992; x_wconf 85' lang='grc' dir='ltr'>μεριμνῶν.</span> <span class='ocrx_word' id='word_1_864' title='bbox 3207 3921 3458 3976; x_wconf 83' lang='grc' dir='ltr'>δύναται</span> <span class='ocrx_word' id='word_1_865' title='bbox 3479 3939 3677 3992; x_wconf 71' lang='grc' dir='ltr'>προσ-</span> 
     </span>
    </p>
   </div>
   <div class='ocr_carea' id='block_1_104' title="bbox 2079 4011 3673 4082">
    <p class='ocr_par' dir='ltr' id='par_1_104' title="bbox 2079 4011 3673 4082">
     <span class='ocr_line' id='line_1_106' title="bbox 2079 4011 3673 4082; baseline 0.002 -14"><span class='ocrx_word' id='word_1_866' title='bbox 2079 4014 2267 4068; x_wconf 86' lang='grc' dir='ltr'>θεῖναι</span> <span class='ocrx_word' id='word_1_867' title='bbox 2317 4014 2417 4068; x_wconf 77' lang='grc' dir='ltr'><strong>ἐπὶ</strong></span> <span class='ocrx_word' id='word_1_868' title='bbox 2467 4014 2582 4082; x_wconf 82' lang='grc' dir='ltr'>τὴν</span> <span class='ocrx_word' id='word_1_869' title='bbox 2603 4014 2853 4080; x_wconf 75' lang='grc' dir='ltr'>ἠλικίαν</span> <span class='ocrx_word' id='word_1_870' title='bbox 2897 4013 3088 4069; x_wconf 85' lang='grc' dir='ltr'>αὐτοῦ</span> <span class='ocrx_word' id='word_1_871' title='bbox 3125 4011 3333 4082; x_wconf 79' lang='grc' dir='ltr'>πῆχυν</span> <span class='ocrx_word' id='word_1_872' title='bbox 3353 4014 3466 4070; x_wconf 83' lang='grc' dir='ltr'>ἕνα</span> <span class='ocrx_word' id='word_1_873' title='bbox 3482 4030 3502 4080; x_wconf 87' lang='grc'><em>;</em></span> <span class='ocrx_word' id='word_1_874' title='bbox 3558 4017 3673 4071; x_wconf 77' lang='grc' dir='ltr'><strong>Καὶ</strong></span> 
     </span>
    </p>
   </div>
   <div class='ocr_carea' id='block_1_105' title="bbox 2079 4103 3676 4177">
    <p class='ocr_par' dir='ltr' id='par_1_105' title="bbox 2079 4103 3676 4177">
     <span class='ocr_line' id='line_1_107' title="bbox 2079 4103 3676 4177; baseline 0.001 -18"><span class='ocrx_word' id='word_1_875' title='bbox 2079 4108 2213 4176; x_wconf 71' lang='grc' dir='ltr'>περὶ</span> <span class='ocrx_word' id='word_1_876' title='bbox 2240 4106 2575 4177; x_wconf 78' lang='grc' dir='ltr'>ἐνδύματος</span> <span class='ocrx_word' id='word_1_877' title='bbox 2598 4105 2710 4176; x_wconf 76' lang='grc'><strong>(14)</strong></span> <span class='ocrx_word' id='word_1_878' title='bbox 2737 4106 2794 4160; x_wconf 80' lang='grc' dir='ltr'><strong>τί</strong></span> <span class='ocrx_word' id='word_1_879' title='bbox 2810 4103 3170 4176; x_wconf 85' lang='grc' dir='ltr'>μεριμνᾶτε;</span> <span class='ocrx_word' id='word_1_880' title='bbox 3193 4105 3577 4176; x_wconf 81' lang='grc' dir='ltr'>Καταμάθετε</span> <span class='ocrx_word' id='word_1_881' title='bbox 3599 4107 3676 4161; x_wconf 82' lang='grc' dir='ltr'>τὰ</span> 
     </span>
    </p>
   </div>
   <div class='ocr_carea' id='block_1_106' title="bbox 2079 4189 3672 4269">
    <p class='ocr_par' dir='ltr' id='par_1_106' title="bbox 2079 4189 3672 4269">
     <span class='ocr_line' id='line_1_108' title="bbox 2079 4189 3672 4269; baseline -0.001 -14"><span class='ocrx_word' id='word_1_882' title='bbox 2079 4200 2258 4268; x_wconf 77' lang='grc' dir='ltr'>κρίνα</span> <span class='ocrx_word' id='word_1_883' title='bbox 2277 4199 2384 4254; x_wconf 88' lang='grc' dir='ltr'><strong>τοῦ</strong></span> <span class='ocrx_word' id='word_1_884' title='bbox 2415 4189 2624 4269; x_wconf 76' lang='grc' dir='ltr'>ἀγροῦ,</span> <span class='ocrx_word' id='word_1_885' title='bbox 2646 4196 2773 4265; x_wconf 81' lang='grc' dir='ltr'><strong>πῶς</strong></span> <span class='ocrx_word' id='word_1_886' title='bbox 2804 4197 3186 4262; x_wconf 82' lang='grc' dir='ltr'>αὐξάνουσιν</span> <span class='ocrx_word' id='word_1_887' title='bbox 3202 4214 3216 4228; x_wconf 89' lang='grc'><strong>·</strong></span> <span class='ocrx_word' id='word_1_888' title='bbox 3239 4201 3312 4253; x_wconf 85' lang='grc' dir='ltr'>οὺ</span> <span class='ocrx_word' id='word_1_889' title='bbox 3344 4198 3672 4263; x_wconf 73' lang='grc' dir='ltr'>κοπιῶσιν,</span> 
     </span>
    </p>
   </div>
   <div class='ocr_carea' id='block_1_107' title="bbox 2081 4289 3679 4363">
    <p class='ocr_par' dir='ltr' id='par_1_107' title="bbox 2081 4289 3679 4363">
     <span class='ocr_line' id='line_1_109' title="bbox 2081 4289 3679 4363; baseline 0.002 -19"><span class='ocrx_word' id='word_1_890' title='bbox 2081 4290 2224 4345; x_wconf 80' lang='grc' dir='ltr'><strong>οὐδὲ</strong></span> <span class='ocrx_word' id='word_1_891' title='bbox 2252 4289 2528 4358; x_wconf 80' lang='grc' dir='ltr'>νήθουσι.</span> <span class='ocrx_word' id='word_1_892' title='bbox 2555 4289 2721 4360; x_wconf 80' lang='grc' dir='ltr'>Λέγω</span> <span class='ocrx_word' id='word_1_893' title='bbox 2747 4291 2815 4344; x_wconf 83' lang='grc' dir='ltr'><em>δὲ</em></span> <span class='ocrx_word' id='word_1_894' title='bbox 2842 4291 2986 4361; x_wconf 86' lang='grc' dir='ltr'>ὑμῖν</span> <span class='ocrx_word' id='word_1_895' title='bbox 3017 4290 3151 4363; x_wconf 85' lang='grc'>(15),</span> <span class='ocrx_word' id='word_1_896' title='bbox 3177 4289 3268 4344; x_wconf 89' lang='grc' dir='ltr'>ὅτι</span> <span class='ocrx_word' id='word_1_897' title='bbox 3297 4290 3443 4346; x_wconf 74' lang='grc' dir='ltr'><strong>οὐδὲ</strong></span> <span class='ocrx_word' id='word_1_898' title='bbox 3485 4295 3679 4347; x_wconf 74' lang='grc' dir='ltr'>Σολο-</span> 
     </span>
    </p>
   </div>
   <div class='ocr_carea' id='block_1_108' title="bbox 2152 4471 3679 4546">
    <p class='ocr_par' dir='ltr' id='par_1_108' title="bbox 2152 4471 3679 4546">
     <span class='ocr_line' id='line_1_110' title="bbox 2152 4471 3679 4546; baseline -0.005 -18"><span class='ocrx_word' id='word_1_899' title='bbox 2152 4472 2396 4546; x_wconf 70' lang='lat' dir='ltr'><strong>(12)_Sie</strong></span> <span class='ocrx_word' id='word_1_900' title='bbox 2421 4487 2561 4546; x_wconf 55' lang='lat' dir='ltr'><strong>mss.</strong></span> <span class='ocrx_word' id='word_1_901' title='bbox 2585 4471 2768 4526; x_wconf 84' lang='lat' dir='ltr'><strong>Editio</strong></span> <span class='ocrx_word' id='word_1_902' title='bbox 2810 4481 2992 4546; x_wconf 67' lang='lat' dir='ltr'><strong>autem</strong></span> <span class='ocrx_word' id='word_1_903' title='bbox 3028 4473 3336 4546; x_wconf 83' lang='lat' dir='ltr'><strong>commel.&#39;,</strong></span> <span class='ocrx_word' id='word_1_904' title='bbox 3372 4473 3504 4546; x_wconf 73' lang='grc' dir='ltr'>ἄνευ</span> <span class='ocrx_word' id='word_1_905' title='bbox 3554 4476 3679 4532; x_wconf 65' lang='lat' dir='ltr'><strong>Ila-</strong></span> 
     </span>
    </p>
   </div>
   <div class='ocr_carea' id='block_1_109' title="bbox 2081 4542 3676 4618">
    <p class='ocr_par' dir='ltr' id='par_1_109' title="bbox 2081 4542 3676 4618">
     <span class='ocr_line' id='line_1_111' title="bbox 2081 4542 3676 4618; baseline 0.002 -19"><span class='ocrx_word' id='word_1_906' title='bbox 2081 4542 2254 4618; x_wconf 49' lang='grc' dir='ltr'>στρος(</span> <span class='ocrx_word' id='word_1_907' title='bbox 2285 4543 2493 4618; x_wconf 70' lang='lat' dir='ltr'><strong>ibidem</strong></span> <span class='ocrx_word' id='word_1_908' title='bbox 2530 4543 2780 4618; x_wconf 25' lang='lat' dir='ltr'><strong>S‘eguera</strong></span> <span class='ocrx_word' id='word_1_909' title='bbox 2809 4542 3011 4618; x_wconf 50' lang='lat' dir='ltr'><strong>Basili;</strong></span> <span class='ocrx_word' id='word_1_910' title='bbox 3059 4545 3270 4618; x_wconf 58' lang='lat' dir='ltr'><strong>Anglic.</strong></span> <span class='ocrx_word' id='word_1_911' title='bbox 3301 4553 3376 4618; x_wconf 74' lang='lat' dir='ltr'><strong>_et</strong></span> <span class='ocrx_word' id='word_1_912' title='bbox 3411 4543 3569 4618; x_wconf 56' lang='lat' dir='ltr'><strong>Felc.</strong></span> <span class='ocrx_word' id='word_1_913' title='bbox 3598 4549 3676 4618; x_wconf 10' lang='lat'><strong>74,</strong></span> 
     </span>
    </p>
   </div>
   <div class='ocr_carea' id='block_1_110' title="bbox 2081 4613 3673 4685">
    <p class='ocr_par' dir='ltr' id='par_1_110' title="bbox 2081 4613 3673 4685">
     <span class='ocr_line' id='line_1_112' title="bbox 2081 4613 3673 4685; baseline 0.001 -16"><span class='ocrx_word' id='word_1_914' title='bbox 2081 4613 2257 4685; x_wconf 72' lang='grc' dir='ltr'>ὑμῶν,</span> <span class='ocrx_word' id='word_1_915' title='bbox 2296 4625 2354 4668; x_wconf 87' lang='lat' dir='ltr'><strong>ut</strong></span> <span class='ocrx_word' id='word_1_916' title='bbox 2381 4613 2742 4685; x_wconf 68' lang='lat' dir='ltr'><strong>etScriptura</strong></span> <span class='ocrx_word' id='word_1_917' title='bbox 2769 4614 2946 4685; x_wconf 76' lang='lat' dir='ltr'><strong>habet.</strong></span> <span class='ocrx_word' id='word_1_918' title='bbox 2978 4614 3109 4683; x_wconf 82' lang='lat' dir='ltr'><strong>Reg.</strong></span> <span class='ocrx_word' id='word_1_919' title='bbox 3141 4625 3204 4685; x_wconf 62' lang='lat' dir='ltr'><strong>et</strong></span> <span class='ocrx_word' id='word_1_920' title='bbox 3225 4613 3371 4668; x_wconf 72' lang='lat' dir='ltr'><strong>Felc.</strong></span> <span class='ocrx_word' id='word_1_921' title='bbox 3407 4616 3460 4678; x_wconf 81' lang='lat'><strong>5,</strong></span> <span class='ocrx_word' id='word_1_922' title='bbox 3488 4617 3673 4685; x_wconf 67' lang='grc' dir='ltr'>ἡμῶν.</span> 
     </span>
    </p>
   </div>
   <div class='ocr_carea' id='block_1_111' title="bbox 2082 4682 3675 4755">
    <p class='ocr_par' dir='ltr' id='par_1_111' title="bbox 2082 4682 3675 4755">
     <span class='ocr_line' id='line_1_113' title="bbox 2082 4682 3675 4755; baseline 0.001 -15"><span class='ocrx_word' id='word_1_923' title='bbox 2082 4682 2187 4740; x_wconf 86' lang='lat' dir='ltr'><strong>Alii</strong></span> <span class='ocrx_word' id='word_1_924' title='bbox 2222 4695 2277 4740; x_wconf 84' lang='lat' dir='ltr'><strong>et</strong></span> <span class='ocrx_word' id='word_1_925' title='bbox 2318 4683 2483 4755; x_wconf 90' lang='lat' dir='ltr'><strong>e_diti,</strong></span> <span class='ocrx_word' id='word_1_926' title='bbox 2515 4683 2638 4755; x_wconf 84' lang='grc' dir='ltr'>μοῦ.</span> <span class='ocrx_word' id='word_1_927' title='bbox 2667 4682 2787 4737; x_wconf 77' lang='lat' dir='ltr'><strong>Mox</strong></span> <span class='ocrx_word' id='word_1_928' title='bbox 2822 4683 3043 4755; x_wconf 63' lang='lat' dir='ltr'><strong>Qublcr.</strong></span> <span class='ocrx_word' id='word_1_929' title='bbox 3066 4682 3138 4755; x_wconf 25' lang='lat' dir='ltr'><strong>iet</strong></span> <span class='ocrx_word' id='word_1_930' title='bbox 3167 4683 3312 4738; x_wconf 86' lang='lat' dir='ltr'><strong>Felc.</strong></span> <span class='ocrx_word' id='word_1_931' title='bbox 3345 4686 3396 4748; x_wconf 89' lang='grc'><strong>1,</strong></span> <span class='ocrx_word' id='word_1_932' title='bbox 3444 4682 3675 4754; x_wconf 42' lang='lat' dir='ltr'><strong>giers.</strong></span> 
     </span>
    </p>
   </div>
   <div class='ocr_carea' id='block_1_112' title="bbox 2083 4753 3682 4879">
    <p class='ocr_par' dir='ltr' id='par_1_112' title="bbox 2083 4753 3682 4879">
     <span class='ocr_line' id='line_1_114' title="bbox 2083 4753 3682 4879; baseline 0.001 -67"><span class='ocrx_word' id='word_1_933' title='bbox 2083 4757 2289 4879; x_wconf 50' lang='lat' dir='ltr'><strong>ligidem</strong></span> <span class='ocrx_word' id='word_1_934' title='bbox 2335 4753 2526 4808; x_wconf 69' lang='lat' dir='ltr'><strong>Basili.</strong></span> <span class='ocrx_word' id='word_1_935' title='bbox 2552 4753 2767 4825; x_wconf 82' lang='lat' dir='ltr'><strong>Anglic.</strong></span> <span class='ocrx_word' id='word_1_936' title='bbox 2819 4753 2949 4825; x_wconf 81' lang='lat' dir='ltr'><strong>Reg.</strong></span> <span class='ocrx_word' id='word_1_937' title='bbox 2977 4764 3032 4810; x_wconf 92' lang='lat' dir='ltr'><strong>et</strong></span> <span class='ocrx_word' id='word_1_938' title='bbox 3059 4754 3242 4810; x_wconf 84' lang='lat' dir='ltr'><strong>Felck.</strong></span> <span class='ocrx_word' id='word_1_939' title='bbox 3268 4755 3323 4820; x_wconf 80' lang='grc'>4,</span> <span class='ocrx_word' id='word_1_940' title='bbox 3369 4755 3422 4808; x_wconf 74' lang='grc' dir='ltr'><strong>τί</strong></span> <span class='ocrx_word' id='word_1_941' title='bbox 3455 4753 3682 4814; x_wconf 47' lang='lat'><strong>1.656;-</strong></span> 
     </span>
     <span class='ocr_line' id='line_1_115' title="bbox 2086 4844 2200 4879; baseline 0 0"><span class='ocrx_word' id='word_1_942' title='bbox 2086 4844 2118 4879; x_wconf 90' lang='grc' dir='ltr'><strong>σ</strong></span> <span class='ocrx_word' id='word_1_943' title='bbox 2154 4844 2200 4879; x_wconf 90' lang='grc' dir='ltr'><strong>ε.</strong></span> 
     </span>
    </p>
   </div>
   <div class='ocr_carea' id='block_1_113' title="bbox 2086 4844 2200 4882">
    <p class='ocr_par' dir='ltr' id='par_1_113' title="bbox 2086 4844 2200 4882">
     <span class='ocr_line' id='line_1_116' title="bbox 2086 4844 2200 4882; baseline 0.018 -2"><span class='ocrx_word' id='word_1_944' title='bbox 2086 4844 2200 4882; x_wconf 84' lang='grc' dir='ltr'>συε.</span> 
     </span>
    </p>
   </div>
   <div class='ocr_carea' id='block_1_114' title="bbox 2156 4894 3675 4967">
    <p class='ocr_par' dir='ltr' id='par_1_114' title="bbox 2156 4894 3675 4967">
     <span class='ocr_line' id='line_1_117' title="bbox 2156 4894 3675 4967; baseline 0.001 -18"><span class='ocrx_word' id='word_1_945' title='bbox 2156 4896 2266 4967; x_wconf 79' lang='grc'><strong>(15)</strong></span> <span class='ocrx_word' id='word_1_946' title='bbox 2295 4895 2441 4952; x_wconf 87' lang='lat' dir='ltr'><strong>Felc.</strong></span> <span class='ocrx_word' id='word_1_947' title='bbox 2461 4895 2514 4960; x_wconf 86' lang='lat'><strong>5,</strong></span> <span class='ocrx_word' id='word_1_948' title='bbox 2544 4895 2958 4967; x_wconf 59' lang='lat' dir='ltr'><strong>ei;ﬁmBﬁxa;.</strong></span> <span class='ocrx_word' id='word_1_949' title='bbox 2987 4894 3155 4967; x_wconf 81' lang='lat' dir='ltr'><strong>Paulo</strong></span> <span class='ocrx_word' id='word_1_950' title='bbox 3186 4905 3306 4963; x_wconf 82' lang='lat' dir='ltr'><strong>post</strong></span> <span class='ocrx_word' id='word_1_951' title='bbox 3335 4895 3675 4967; x_wconf 57' lang='lat' dir='ltr'><strong>arguerim).</strong></span> 
     </span>
    </p>
   </div>
   <div class='ocr_carea' id='block_1_115' title="bbox 2084 4939 3683 5037">
    <p class='ocr_par' dir='ltr' id='par_1_115' title="bbox 2084 4939 3683 5037">
     <span class='ocr_line' id='line_1_118' title="bbox 2084 4939 3683 5037; baseline 0.002 -16"><span class='ocrx_word' id='word_1_952' title='bbox 2084 4939 2266 5021; x_wconf 55' lang='grc' dir='ltr'>Βεθεἷῖ</span> <span class='ocrx_word' id='word_1_953' title='bbox 2283 4939 2514 5037; x_wconf 54' lang='lat'><strong>3.15%.?</strong></span> <span class='ocrx_word' id='word_1_954' title='bbox 2538 4939 3003 5036; x_wconf 52' lang='grc' dir='ltr'><strong>ἑὶἰτὲίὲῗϊῖῐξῖ</strong></span> <span class='ocrx_word' id='word_1_955' title='bbox 3014 4939 3172 5036; x_wconf 61' lang='grc' dir='ltr'><strong>ὄεῖἑὲξ</strong></span> <span class='ocrx_word' id='word_1_956' title='bbox 3187 4939 3439 5036; x_wconf 62' lang='grc' dir='ltr'><strong>ῖὶἇὶλῖἓιῗ</strong></span> <span class='ocrx_word' id='word_1_957' title='bbox 3449 4939 3568 5022; x_wconf 58' lang='lat' dir='ltr'><strong>&quot;Ai:</strong></span> <span class='ocrx_word' id='word_1_958' title='bbox 3567 4939 3683 5024; x_wconf 59' lang='lat'><strong>{&#39;21</strong></span> 
     </span>
    </p>
   </div>
   <div class='ocr_carea' id='block_1_116' title="bbox 2085 5037 2894 5107">
    <p class='ocr_par' dir='ltr' id='par_1_116' title="bbox 2085 5037 2894 5107">
     <span class='ocr_line' id='line_1_119' title="bbox 2085 5037 2894 5107; baseline -0.006 -13"><span class='ocrx_word' id='word_1_959' title='bbox 2085 5038 2238 5101; x_wconf 86' lang='lat' dir='ltr'><strong>editi,</strong></span> <span class='ocrx_word' id='word_1_960' title='bbox 2263 5038 2362 5106; x_wconf 77' lang='grc' dir='ltr'><strong>οὐχ</strong></span> <span class='ocrx_word' id='word_1_961' title='bbox 2395 5038 2576 5107; x_wconf 76' lang='grc' dir='ltr'>ἡμεῖς,</span> <span class='ocrx_word' id='word_1_962' title='bbox 2613 5037 2894 5107; x_wconf 79' lang='lat' dir='ltr'><strong>mendose.</strong></span> 
     </span>
    </p>
   </div>
   <div class='ocr_carea' id='block_1_117' title="bbox 2157 5106 3684 5179">
    <p class='ocr_par' dir='ltr' id='par_1_117' title="bbox 2157 5106 3684 5179">
     <span class='ocr_line' id='line_1_120' title="bbox 2157 5106 3684 5179; baseline -0.001 -19"><span class='ocrx_word' id='word_1_963' title='bbox 2157 5107 2266 5179; x_wconf 68' lang='grc'>(14)</span> <span class='ocrx_word' id='word_1_964' title='bbox 2295 5106 2611 5179; x_wconf 76' lang='lat' dir='ltr'><strong>Goblerian.</strong></span> <span class='ocrx_word' id='word_1_965' title='bbox 2638 5119 2690 5161; x_wconf 90' lang='lat' dir='ltr'><strong>et</strong></span> <span class='ocrx_word' id='word_1_966' title='bbox 2712 5106 3023 5179; x_wconf 79' lang='lat' dir='ltr'><strong>Felckman.</strong></span> <span class='ocrx_word' id='word_1_967' title='bbox 3045 5106 3096 5179; x_wconf 80' lang='grc'><strong>1,</strong></span> <span class='ocrx_word' id='word_1_968' title='bbox 3127 5106 3433 5179; x_wconf 67' lang='grc' dir='ltr'>προσὰῆναι</span> <span class='ocrx_word' id='word_1_969' title='bbox 3459 5107 3554 5179; x_wconf 61' lang='grc' dir='ltr'><strong>ἐπὶ</strong></span> <span class='ocrx_word' id='word_1_970' title='bbox 3575 5109 3684 5178; x_wconf 73' lang='grc' dir='ltr'>τὴν</span> 
     </span>
    </p>
   </div>
   <div class='ocr_carea' id='block_1_118' title="bbox 2083 5177 3686 5250">
    <p class='ocr_par' dir='ltr' id='par_1_118' title="bbox 2083 5177 3686 5250">
     <span class='ocr_line' id='line_1_121' title="bbox 2083 5177 3686 5250; baseline 0.001 -20"><span class='ocrx_word' id='word_1_971' title='bbox 2083 5177 2300 5250; x_wconf 79' lang='grc' dir='ltr'>ἡλικίαν</span> <span class='ocrx_word' id='word_1_972' title='bbox 2335 5177 2500 5231; x_wconf 81' lang='grc' dir='ltr'>αὑτοῦ</span> <span class='ocrx_word' id='word_1_973' title='bbox 2534 5179 2709 5248; x_wconf 83' lang='grc' dir='ltr'>πῆχυν</span> <span class='ocrx_word' id='word_1_974' title='bbox 2732 5177 2845 5250; x_wconf 64' lang='grc' dir='ltr'>ἕνα,</span> <span class='ocrx_word' id='word_1_975' title='bbox 2875 5179 2970 5230; x_wconf 75' lang='grc' dir='ltr'><strong>καὶ</strong></span> <span class='ocrx_word' id='word_1_976' title='bbox 3121 5178 3268 5249; x_wconf 79' lang='grc' dir='ltr'>ἑξῆς.</span> <span class='ocrx_word' id='word_1_977' title='bbox 3316 5177 3381 5230; x_wconf 88' lang='lat' dir='ltr'><strong>Ei.</strong></span> <span class='ocrx_word' id='word_1_978' title='bbox 3421 5177 3533 5247; x_wconf 64' lang='grc' dir='ltr'>γὰρ</span> <span class='ocrx_word' id='word_1_979' title='bbox 3575 5177 3686 5232; x_wconf 69' lang='grc' dir='ltr'><strong>οὐκ</strong></span> 
     </span>
    </p>
   </div>
   <div class='ocr_carea' id='block_1_119' title="bbox 2086 5248 3102 5312">
    <p class='ocr_par' dir='ltr' id='par_1_119' title="bbox 2086 5248 3102 5312">
     <span class='ocr_line' id='line_1_122' title="bbox 2086 5248 3102 5312; baseline -0.003 -10"><span class='ocrx_word' id='word_1_980' title='bbox 2086 5248 2326 5312; x_wconf 78' lang='grc' dir='ltr'>ἀνάξιον,</span> <span class='ocrx_word' id='word_1_981' title='bbox 2357 5258 2461 5302; x_wconf 90' lang='lat' dir='ltr'><strong>etc.</strong></span> <span class='ocrx_word' id='word_1_982' title='bbox 2493 5249 2715 5302; x_wconf 85' lang='lat' dir='ltr'><strong>omissis</strong></span> <span class='ocrx_word' id='word_1_983' title='bbox 2745 5248 3102 5301; x_wconf 77' lang='lat' dir='ltr'><strong>intermediis.</strong></span> 
     </span>
    </p>
   </div>
   <div class='ocr_carea' id='block_1_120' title="bbox 2159 5316 3682 5389">
    <p class='ocr_par' dir='ltr' id='par_1_120' title="bbox 2159 5316 3682 5389">
     <span class='ocr_line' id='line_1_123' title="bbox 2159 5316 3682 5389; baseline 0.001 -17"><span class='ocrx_word' id='word_1_984' title='bbox 2159 5319 2269 5389; x_wconf 70' lang='lat' dir='ltr'><strong>(is)</strong></span> <span class='ocrx_word' id='word_1_985' title='bbox 2299 5319 2366 5372; x_wconf 85' lang='grc' dir='ltr'><strong>Δὲ</strong></span> <span class='ocrx_word' id='word_1_986' title='bbox 2394 5319 2524 5385; x_wconf 78' lang='grc' dir='ltr'>ὑμῖν</span> <span class='ocrx_word' id='word_1_987' title='bbox 2554 5319 2722 5389; x_wconf 79' lang='lat' dir='ltr'><strong>abest</strong></span> <span class='ocrx_word' id='word_1_988' title='bbox 2741 5333 2769 5370; x_wconf 91' lang='lat' dir='ltr'><strong>a</strong></span> <span class='ocrx_word' id='word_1_989' title='bbox 2797 5317 2942 5372; x_wconf 74' lang='lat' dir='ltr'><strong>Felc.</strong></span> <span class='ocrx_word' id='word_1_990' title='bbox 2987 5318 3045 5389; x_wconf 75' lang='lat' dir='ltr'><strong>E_i._</strong></span> <span class='ocrx_word' id='word_1_991' title='bbox 3085 5318 3286 5372; x_wconf 85' lang='lat' dir='ltr'><strong>Ibidem</strong></span> <span class='ocrx_word' id='word_1_992' title='bbox 3312 5316 3457 5389; x_wconf 80' lang='lat' dir='ltr'><strong>idem</strong></span> <span class='ocrx_word' id='word_1_993' title='bbox 3479 5330 3535 5372; x_wconf 90' lang='lat' dir='ltr'><strong>et</strong></span> <span class='ocrx_word' id='word_1_994' title='bbox 3568 5316 3682 5374; x_wconf 83' lang='lat' dir='ltr'><strong>Se-</strong></span> 
     </span>
    </p>
   </div>
   <div class='ocr_carea' id='block_1_121' title="bbox 2089 5386 3682 5470">
    <p class='ocr_par' dir='ltr' id='par_1_121' title="bbox 2089 5386 3682 5470">
     <span class='ocr_line' id='line_1_124' title="bbox 2089 5386 3682 5470; baseline -0.001 -27"><span class='ocrx_word' id='word_1_995' title='bbox 2089 5386 2268 5470; x_wconf 34' lang='grc' dir='ltr'>μέν),</span> <span class='ocrx_word' id='word_1_996' title='bbox 2298 5391 2356 5470; x_wconf 64' lang='grc' dir='ltr'><strong>εν</strong></span> <span class='ocrx_word' id='word_1_997' title='bbox 2378 5391 2532 5470; x_wconf 53' lang='grc' dir='ltr'>πασῃ</span> <span class='ocrx_word' id='word_1_998' title='bbox 2554 5387 2794 5470; x_wconf 41' lang='lat'><strong>«16651.1,</strong></span> <span class='ocrx_word' id='word_1_999' title='bbox 2827 5397 2970 5470; x_wconf 67' lang='lat' dir='ltr'><strong>ut_et</strong></span> <span class='ocrx_word' id='word_1_1000' title='bbox 2998 5386 3190 5470; x_wconf 52' lang='lat' dir='ltr'><strong>hiatu].</strong></span> <span class='ocrx_word' id='word_1_1001' title='bbox 3219 5403 3290 5451; x_wconf 83' lang='lat' dir='ltr'><strong>vl,</strong></span> <span class='ocrx_word' id='word_1_1002' title='bbox 3316 5387 3682 5470; x_wconf 44' lang='lat' dir='ltr'><strong>29,‘legitur.</strong></span> 
     </span>
    </p>
   </div>
   <div class='ocr_carea' id='block_1_122' title="bbox 2092 5457 3686 5531">
    <p class='ocr_par' dir='ltr' id='par_1_122' title="bbox 2092 5457 3686 5531">
     <span class='ocr_line' id='line_1_125' title="bbox 2092 5457 3686 5531; baseline 0.002 -20"><span class='ocrx_word' id='word_1_1003' title='bbox 2092 5459 2234 5531; x_wconf 66' lang='lat' dir='ltr'><strong>Editi</strong></span> <span class='ocrx_word' id='word_1_1004' title='bbox 2271 5468 2326 5514; x_wconf 89' lang='lat' dir='ltr'><strong>et</strong></span> <span class='ocrx_word' id='word_1_1005' title='bbox 2357 5460 2474 5531; x_wconf 77' lang='lat' dir='ltr'><strong>alii,</strong></span> <span class='ocrx_word' id='word_1_1006' title='bbox 2501 5457 2574 5531; x_wconf 64' lang='grc' dir='ltr'><strong>’ἓν</strong></span> <span class='ocrx_word' id='word_1_1007' title='bbox 2598 5457 2696 5528; x_wconf 73' lang='grc' dir='ltr'><strong>ὅλῃ</strong></span> <span class='ocrx_word' id='word_1_1008' title='bbox 2725 5457 2792 5529; x_wconf 83' lang='grc' dir='ltr'>τῇ</span> <span class='ocrx_word' id='word_1_1009' title='bbox 2813 5458 2972 5531; x_wconf 79' lang='grc' dir='ltr'>δόξῃ.</span> <span class='ocrx_word' id='word_1_1010' title='bbox 3002 5457 3205 5531; x_wconf 85' lang='lat' dir='ltr'><strong>Ibidem</strong></span> <span class='ocrx_word' id='word_1_1011' title='bbox 3237 5457 3566 5531; x_wconf 61' lang='lat' dir='ltr'><strong>pt:o_aiavo§,</strong></span> <span class='ocrx_word' id='word_1_1012' title='bbox 3617 5468 3686 5531; x_wconf 64' lang='lat' dir='ltr'><strong>ut</strong></span> 
     </span>
    </p>
   </div>
   <div class='ocr_carea' id='block_1_123' title="bbox 2091 5527 3684 5600">
    <p class='ocr_par' dir='ltr' id='par_1_123' title="bbox 2091 5527 3684 5600">
     <span class='ocr_line' id='line_1_126' title="bbox 2091 5527 3684 5600; baseline 0.001 -18"><span class='ocrx_word' id='word_1_1013' title='bbox 2091 5529 2317 5600; x_wconf 82' lang='lat' dir='ltr'><strong>Segucr.</strong></span> <span class='ocrx_word' id='word_1_1014' title='bbox 2350 5529 2490 5600; x_wconf 62' lang='lat' dir='ltr'><strong>Reg.</strong></span> <span class='ocrx_word' id='word_1_1015' title='bbox 2524 5527 3237 5600; x_wconf 39' lang='lat' dir='ltr'><strong>Basiliensng:Anglican.</strong></span> <span class='ocrx_word' id='word_1_1016' title='bbox 3272 5527 3416 5583; x_wconf 80' lang='lat' dir='ltr'><strong>Felc.</strong></span> <span class='ocrx_word' id='word_1_1017' title='bbox 3456 5529 3492 5583; x_wconf 71' lang='grc'><strong>4</strong></span> <span class='ocrx_word' id='word_1_1018' title='bbox 3523 5540 3589 5600; x_wconf 86' lang='lat' dir='ltr'><strong>_et</strong></span> <span class='ocrx_word' id='word_1_1019' title='bbox 3616 5529 3684 5594; x_wconf 84' lang='lat'><strong>5,</strong></span> 
     </span>
    </p>
   </div>
   <div class='ocr_carea' id='block_1_124' title="bbox 2091 5598 3685 5655">
    <p class='ocr_par' dir='ltr' id='par_1_124' title="bbox 2091 5598 3685 5655">
     <span class='ocr_line' id='line_1_127' title="bbox 2091 5598 3685 5655; baseline 0.001 -3"><span class='ocrx_word' id='word_1_1020' title='bbox 2091 5598 2312 5655; x_wconf 86' lang='lat' dir='ltr'><strong>habent.</strong></span> <span class='ocrx_word' id='word_1_1021' title='bbox 2349 5598 2549 5654; x_wconf 73' lang='lat' dir='ltr'><strong>Felc.2</strong></span> <span class='ocrx_word' id='word_1_1022' title='bbox 2592 5600 2754 5654; x_wconf 85' lang='lat' dir='ltr'><strong>habet</strong></span> <span class='ocrx_word' id='word_1_1023' title='bbox 2793 5598 2972 5653; x_wconf 79' lang='grc' dir='ltr'>αὐτῶν</span> <span class='ocrx_word' id='word_1_1024' title='bbox 3011 5615 3024 5651; x_wconf 90' lang='lat'><strong>:</strong></span> <span class='ocrx_word' id='word_1_1025' title='bbox 3063 5600 3235 5654; x_wconf 83' lang='lat' dir='ltr'><strong>editio</strong></span> <span class='ocrx_word' id='word_1_1026' title='bbox 3269 5608 3453 5653; x_wconf 86' lang='lat' dir='ltr'><strong>autem</strong></span> <span class='ocrx_word' id='word_1_1027' title='bbox 3509 5598 3685 5654; x_wconf 88' lang='lat' dir='ltr'><strong>Com-</strong></span> 
     </span>
    </p>
   </div>
   <div class='ocr_carea' id='block_1_125' title="bbox 2092 5667 3688 5792">
    <p class='ocr_par' dir='ltr' id='par_1_125' title="bbox 2092 5667 3688 5792">
     <span class='ocr_line' id='line_1_128' title="bbox 2092 5667 3688 5792; baseline -0.001 -69"><span class='ocrx_word' id='word_1_1028' title='bbox 2092 5669 2244 5792; x_wconf 48' lang='lat' dir='ltr'><strong>;ntili,</strong></span> <span class='ocrx_word' id='word_1_1029' title='bbox 2271 5669 2461 5736; x_wconf 82' lang='grc' dir='ltr'>αὐτοῦ,</span> <span class='ocrx_word' id='word_1_1030' title='bbox 2491 5678 2552 5725; x_wconf 80' lang='grc' dir='ltr'><strong>ιιι</strong></span> <span class='ocrx_word' id='word_1_1031' title='bbox 2583 5668 2886 5740; x_wconf 88' lang='lat' dir='ltr'><strong>Scriptura.</strong></span> <span class='ocrx_word' id='word_1_1032' title='bbox 2921 5667 3068 5725; x_wconf 81' lang='lat' dir='ltr'><strong>Felc.</strong></span> <span class='ocrx_word' id='word_1_1033' title='bbox 3109 5668 3164 5736; x_wconf 74' lang='grc' dir='ltr'><strong>ι,</strong></span> <span class='ocrx_word' id='word_1_1034' title='bbox 3204 5669 3436 5733; x_wconf 86' lang='lat' dir='ltr'><strong>ibidem,</strong></span> <span class='ocrx_word' id='word_1_1035' title='bbox 3489 5685 3688 5740; x_wconf 84' lang='grc' dir='ltr'>περιε-</span> 
     </span>
     <span class='ocr_line' id='line_1_129' title="bbox 2131 5756 3184 5792; baseline 0 0"><span class='ocrx_word' id='word_1_1036' title='bbox 2131 5756 2164 5792; x_wconf 87' lang='grc' dir='ltr'><strong>α</strong></span> <span class='ocrx_word' id='word_1_1037' title='bbox 2229 5757 2336 5792; x_wconf 84' lang='grc' dir='ltr'>ετο.</span> <span class='ocrx_word' id='word_1_1038' title='bbox 3171 5759 3184 5763; x_wconf 53' lang='grc' dir='ltr'><strong><em>η</em></strong></span> 
     </span>
    </p>
   </div>
   <div class='ocr_carea' id='block_1_126' title="bbox 2131 5756 3184 5795">
    <p class='ocr_par' dir='ltr' id='par_1_126' title="bbox 2131 5756 3184 5795">
     <span class='ocr_line' id='line_1_130' title="bbox 2131 5756 3184 5795; baseline 0.001 -3"><span class='ocrx_word' id='word_1_1039' title='bbox 2131 5756 2336 5795; x_wconf 77' lang='grc' dir='ltr'>αΛΑετο.</span> <span class='ocrx_word' id='word_1_1040' title='bbox 3171 5759 3184 5763; x_wconf 76' lang='grc'><strong>”</strong></span> 
     </span>
    </p>
   </div>
  </div>
