3840 6220
377 294 483 351 205

956 290 1013 350 S.
1038 290 1422 346 .ATHANASH
1460 287 1607 344 OPP.
1653 288 1832 343 PARS
1871 288 1912 344 Ι.

2067 286 2435 344 ΙΙΙδΤΟῐὶΙΕΛ
2475 283 2562 338 ΕΤ
2604 284 3030 342 DOGMATICA.

3522 287 3635 344 ξω

377 396 605 466 necesse
635 422 737 467 est.
791 410 874 464 An
916 424 1047 465 vero
1093 409 1323 464 necdum
1354 408 1527 464 factas
1558 422 1681 463 esse
1707 408 1948 475 opinan-

2064 402 2223 468 s?)th
2245 404 2419 474 ἀσεϐῆ
2450 403 2544 456 καὶ
2568 401 2756 475 μωρὰν
2789 401 3027 455 διάνοιαν
3050 400 3250 466 αὐτῶν,
3296 400 3406 455 οὐδ’
3438 399 3507 457 ἂν
3542 399 3643 460 ὕπ-

380 511 488 569 tur,
511 501 999 571 intermediumque
1028 500 1262 570 aliquem
1291 500 1469 554 adhuc
1493 507 1745 568 quaerunt
1765 496 1945 568 {Nam

2064 497 2183 569 ἔστη
2212 496 2282 550 τά
2309 496 2436 549 ὄντα
2456 494 2591 566 (26),
2610 494 2684 566 μὴ
2719 494 3109 566 εὑρισκομένου
3142 492 3237 547 τοῦ
3267 494 3455 565 μέσου.

374 593 531 663 juxta
563 593 784 662 impiam
823 591 963 646 hanc
989 600 1042 647 et
1065 592 1287 646 stultam
1331 591 1549 645 illorum
1596 589 1949 653 sententiam,
1991 587 2215 643 minimc
2238 588 2566 643 exsisterent
2594 587 2761 641 etiam
2798 603 2863 641 ea
2890 602 3013 657 qua:
3041 586 3336 653 exsistunt,
3377 602 3502 643 cum
3542 586 3632 644 in-

378 688 674 744 termedius
702 702 811 745 non
847 687 1169 755 reperiatur.

450 805 540 858 27.
579 804 649 860 At
681 820 810 859 vero
842 805 975 875 quid
1003 804 1269 873 objiciunt
1298 804 1607 860 videamus.
1664 803 1824 869 Ecce,
1873 804 1954 859 in-

380 893 595 962 quiunt,
648 892 793 949 Deus
840 908 937 964 per
992 892 1233 963 Moysem
1285 894 1546 963 p0pnlum
1607 893 1834 948 deduxit
1885 909 1952 948 ex

308 988 321 995 ‘
379 983 635 1056 Egypto,
683 999 779 1053 per
826 984 1080 1038 eumdem
1114 984 1285 1054 legem
1327 984 1495 1049 dedit,
1535 986 1751 1041 tametsi
1786 986 1952 1040 homo

380 1078 496 1147 ipse
541 1084 661 1131 erat
702 1095 714 1129 :
771 1091 837 1131 ac
871 1076 1105 1146 proinde
1144 1075 1349 1132 similia
1380 1092 1476 1146 per
1509 1077 1690 1132 simile
1720 1088 1953 1148 possunt

378 1169 516 1225 ﬁeri.
546 1167 745 1238 Utique
774 1168 1012 1221 maxime
1043 1167 1227 1223 decuit
1257 1169 1370 1223 haec
1398 1182 1492 1223 eos
1509 1168 1746 1223 latenter
1771 1169 1948 1237 loqui,

379 1278 451 1319 ne
478 1276 694 1317 summo
745 1259 1089 1317 adicerentur
1115 1262 1342 1332 pudore.
1394 1260 1505 1316 Nec
1547 1264 1695 1317 enim
1737 1262 1954 1333 Moyses

377 1354 582 1409 missus
614 1362 700 1408 est
746 1352 811 1407 ad
867 1352 1187 1418 creandum,
1244 1367 1423 1421 neque
1471 1360 1647 1416 utea,
1684 1367 1808 1421 quae
1845 1366 1954 1407 non

378 1444 538 1514 39]
571 1452 720 1507 sunt,
751 1452 971 1498 vocaret
1005 1452 1064 1495 ut
1091 1443 1221 1508 sint,
1242 1457 1418 1511 neque
1442 1450 1500 1495 ut
1527 1441 1777 1498 homines
1803 1443 1957 1498 simi-

378 1535 458 1590 les
488 1534 767 1598 formaret,
803 1534 897 1589 sed
929 1541 1144 1587 tantum
1172 1543 1233 1587 ut
1262 1534 1405 1602 apud
1438 1534 1697 1604 populum
1731 1537 1953 1604 etapud

378 1638 559 1694 regem
582 1622 918 1679 Pharaonem
946 1638 1261 1679 sermonum
1278 1632 1423 1679 esset
1449 1625 1801 1680 administer:
1833 1642 1954 1695 qua:

377 1715 620 1787 proiecto
673 1718 903 1771 multum
960 1716 1099 1770 inter
1153 1731 1210 1770 se
1260 1714 1540 1771 diﬂ‘erunt.
1609 1715 1744 1771 Nam
1795 1718 1954 1771 mini-

379 1816 554 1860 strare
598 1820 778 1860 rerum
816 1804 1081 1860 factarum
1110 1812 1193 1859 est
1222 1813 1479 1874 tanquam
1503 1820 1786 1861 servorum
1817 1825 1830 1860 ε
1865 1823 1952 1861 res

377 1910 510 1950 vero
552 1895 852 1965 producere
889 1905 943 1950 et
976 1910 1164 1949 creare
1197 1894 1367 1951 solius
1400 1894 1494 1950 Dei
1525 1908 1608 1951 est
1635 1896 1953 1966 prapriique

379 1981 499 2050 ejus
538 1961 699 2035 Verbi
738 1988 793 2035 et
834 1980 1134 2050 sapientia}.
1169 1977 1305 2034 Hinc
1344 1994 1505 2034 nemo
1528 1961 1667 2035 alius
1699 1961 1756 2033 in
1790 1961 1954 2037 rebus
1984 1961 2031 2021 Β

379 2071 633 2126 creandis
660 2071 901 2127 occurrit
928 2082 1124 2141 praeter
1148 2071 1323 2126 solum
1352 2071 1443 2127 Dei
1469 2068 1709 2128 Verbum
1734 2092 1748 2127 :
1774 2074 1957 2129 omnia

381 2166 652 2237 siquidem
691 2168 743 2220 in
772 2167 1037 2237 sapientia
1090 2166 1230 2221 facta
1275 2178 1403 2223 sunt
1429 2167 1495 2235 ³³,
1547 2179 1601 2223 et
1626 2170 1746 2224 sine
1780 2168 1958 2224 Verbo

390 2257 596 2314 factum
630 2268 713 2313 est
754 2259 892 2313 nihil
923 2259 989 2313 ³⁸.
1030 2258 1185 2325 Quod
1221 2268 1402 2315 autem
1444 2261 1511 2316 ad
1541 2276 1635 2316 eos
1665 2262 1760 2332 qui
1795 2263 1958 2316 mini-

378 2359 557 2406 strant
584 2360 811 2420 spectat,
842 2365 950 2405 non
983 2367 1126 2406 unus
1155 2364 1320 2419 certe,
1342 2353 1434 2408 sed
1465 2368 1531 2407 ex
1560 2354 1817 2409 omnibus
1847 2356 1959 2425 plu-

378 2442 505 2496 rimi
541 2450 687 2509 sunt,
712 2457 850 2511 quos
883 2442 1143 2496 nimirum
1174 2442 1407 2499 Domino
1432 2445 1696 2513 placuerit
1719 2447 1954 2502 mittere.

379 2533 594 2589 Etenim
623 2533 778 2589 multi
807 2533 1145 2603 archangeli,
1178 2534 1330 2588 multi
1364 2534 1547 2589 tiu-oni
1578 2546 1632 2590 et
1659 2544 1958 2606 potestates

379 2641 445 2680 ac
491 2624 891 2680 dominationes
928 2625 1220 2695 .milliaque
1273 2626 1500 2681 millium
1528 2638 1581 2682 et
1608 2628 1791 2683 decies
1831 2629 1957 2683 mil-

380 2719 480 2772 lies
504 2719 643 2772 dena
684 2716 853 2771 millia
896 2718 1211 2772 ministrant
1247 2733 1313 2772 ac
1347 2732 1543 2788 praesto
1573 2729 1703 2775 sunt
1727 2721 1794 2775 ad
1824 2722 1956 2777 mis-

381 2808 591 2864 sionem
619 2810 684 2863 ³³.
734 2808 885 2862 Multi
917 2824 1137 2879 quoque
1161 2818 1290 2865 sunt
1321 2810 1596 2880 propheta:
1625 2831 1638 2867 :
1668 2814 1957 2869 duodecim

387 2910 519 2958 sunt
546 2902 670 2955 item
706 2900 960 2970 apostoli,
998 2913 1052 2956 et
1079 2899 1303 2955 Paulus.
1349 2900 1415 2955 Et
1438 2918 1566 2958 vero
1597 2904 1715 2974 ipse
1744 2905 1958 2977 Moyses

378 3006 490 3046 non
516 2990 687 3057 solus,
720 2990 813 3046 sed
847 2990 1026 3045 Aaron
1054 3007 1180 3046 cum
1204 3006 1287 3059 eo,
1315 3008 1379 3047 ac
1405 2990 1599 3050 deinde
1628 2995 1719 3050 alii
1742 3007 1960 3067 septua-

379 3083 532 3153 ginta
572 3093 766 3138 sancto
798 3081 1002 3152 Spiritu
1034 3082 1217 3152 repleti
1242 3094 1371 3140 sunt
1392 3084 1437 3116 ³⁸
1463 3105 1475 3141 :
1503 3100 1568 3142 ac
1598 3085 1771 3159 Moysi
1799 3087 1958 3148 Jesus

378 3176 527 3231 ﬁlius
568 3174 715 3230 Nave
752 3176 1040 3241 successit,
1072 3175 1161 3230 cui
1193 3190 1509 3233 successere
1538 3179 1774 3249 judices,
1806 3182 1952 3252 judi-

375 3269 540 3325 cibus
576 3283 709 3324 vero
758 3284 866 3323 non
916 3284 1060 3325 unus
1113 3269 1202 3325 sed
1249 3270 1407 3324 multi
1474 3287 1651 3345 reges.
1694 3274 1751 3330 Si
1793 3276 2030 3373 igiturc

379 3371 602 3416 creatus
628 3371 685 3415 et
714 3360 891 3416 factus
937 3370 1085 3416 esset
1130 3360 1324 3427 Filius,
1375 3363 1573 3418 multos
1603 3381 1821 3437 quoque
1852 3369 1957 3422 bu-

370 3452 616 3522 jusmodi
640 3453 785 3508 ﬁlios
813 3468 934 3508 esse
961 3463 1261 3524 oporteret,
1306 3466 1364 3511 ut
1388 3458 1589 3514 multos
1616 3459 1819 3528 pariter
1839 3461 1959 3531 ejus

378 3544 594 3614 generis
644 3544 929 3600 ministros
989 3543 1215 3600 haberet
1258 3544 1436 3612 Deus,
1495 3549 1954 3617 quemadmodum

379 3637 612 3693 aliorum
658 3653 855 3708 magna
903 3647 988 3693 est
1031 3637 1350 3697 multitudo.
1401 3638 1557 3706 Quod
1594 3643 1639 3696 si
1673 3643 1725 3695 id
1768 3658 1955 3696 verum

376 3744 489 3783 non
532 3738 634 3794 est,
659 3729 757 3784 sed
795 3745 882 3784 res
909 3730 1129 3800 quidem
1161 3741 1359 3787 creata:
1389 3732 1574 3788 multa:
1596 3743 1744 3800 sunt,
1780 3749 1954 3789 unum

375 3829 558 3876 autem
584 3829 668 3876 est
691 3820 964 3887 Verbum;
1002 3825 1125 3893 quis
1157 3837 1267 3878 non
1298 3822 1425 3878 inde
1452 3824 1711 3893 perspicit
1753 3823 1954 3880 Filium

374 3910 447 3965 ab
463 3911 719 3967 omnibus
738 3911 973 3980 dill‘erre,
999 3928 1098 3968 nec
1114 3929 1201 3969 res
1217 3922 1432 3969 creatas
1456 3913 1532 3968 illi
1546 3930 1669 3971 esse
1690 3917 1951 3986 aequales,

377 4004 473 4058 sed
528 4020 656 4059 cum
695 4006 975 4074 proprium
1025 4021 1148 4060 esse
1198 4004 1423 4063 Patris?
1456 4006 1611 4063 Unde
1645 4023 1751 4061 non
1784 4010 1953 4063 multa

375 4106 507 4151 sunt
530 4095 729 4163 Verba,
753 4096 847 4150 sed
873 4097 1048 4151 solum
1075 4114 1243 4152 unum
1282 4099 1443 4154 unius
1473 4098 1653 4153 Patris
1690 4096 1955 4166 Verbum,

375 4202 596 4257 unaque
648 4187 811 4241 unius
866 4186 961 4241 Dei
1035 4188 1213 4259 imago
1273 4199 1384 4244 est.
1437 4189 1621 4259 Atqui,
1680 4190 1955 4259 inquiunt,

373 4278 540 4334 etiam
595 4278 680 4334 sol
739 4295 881 4333 unus
926 4287 1029 4343 est,
1076 4288 1130 4333 et
1174 4289 1317 4333 terra
1348 4295 1477 4334 una.
1511 4280 1729 4335 Addant
1768 4281 1946 4336 insani

372 4385 541 4425 unam
591 4386 788 4439 aquam
834 4386 1113 4441 unumque
1158 4373 1337 4442 ignem
1364 4386 1506 4437 esse,
1534 4381 1592 4427 ut
1622 4372 1815 4428 deinde
1851 4390 1948 4428 au—

372 4462 561 4527 diant,
612 4462 909 4532 quamlibet
956 4461 1173 4532 quidem
1228 4477 1409 4516 rerum
1465 4461 1733 4518 factarum
1780 4479 1945 4519 unam

446 4638 490 4671 ³³
521 4638 665 4693 Psal.
706 4655 833 4705 cm,
863 4638 952 4693 24.
1034 4640 1078 4671 ai
1102 4638 1260 4693 Joan.
1311 4654 1348 4705 ι,
1381 4639 1434 4693 5.

2122 802 2211 857 27.
2254 800 2391 853 Ἀλλ’
2423 802 2597 853 ἐκεῖνο
2622 801 2919 868 φάσκουσιν
2939 812 2953 826 ·
2995 797 3124 850 Ἰδοὺ
3145 795 3210 868 δὴ
3235 797 3330 851 καὶ
3358 796 3448 851 διὰ
3476 799 3645 852 Μωῦ¹⁹

2056 894 2193 957 σέως
2220 891 2455 963 ἐξήγαγε
2487 891 2577 944 τὸν
2605 890 2733 943 λαὸν
2786 888 2847 952 ἐξ
2899 888 3176 956 Αἰγύπτου
3216 889 3307 942 καὶ
3359 890 3427 942 δι’
3469 889 3640 943 αὑτοῦ

2054 987 2143 1039 τὸν
2176 985 2335 1055 νόμον
2361 983 2557 1036 δέδωκε
2583 981 2718 1053 (27),
2750 980 2929 1034 καίτοι
2951 979 3045 1033 καὶ
3073 979 3235 1032 αὐτοῦ
3274 981 3644 1051 τυγχάνοντος

2055 1073 2375 1149 ἀνθρώπουο
2416 1073 2558 1126 ὥστε
2591 1072 2815 1126 δυνατὸν
2853 1070 2942 1125 διά
2992 1072 3085 1125 τοῦ
3128 1071 3315 1142 ὁμοίου
3365 1072 3435 1125 τά
3477 1074 3644 1144 ὃμοια

2058 1166 2324 1236 γίνεσθαι.
2380 1164 2551 1219 Τοῦτο
2581 1164 2636 1216 δὲ
2681 1163 2860 1231 λέγειν
2891 1164 3086 1227 αὐτοὺς
3126 1163 3647 1234 ὲγκαλυπτομένους

2062 1257 2319 1330 ἔπρεπεν,
2380 1256 2467 1308 ἵνα
2526 1254 2600 1326 μὴ
2652 1253 2846 1325 πολλὴν
2889 1254 3151 1325 αἰσχύνην
3204 1255 3642 1326 ἀπενέγκωνται.

2062 1350 2300 1421 Μωῦσῆς
2336 1350 2444 1421 γὰρ
2491 1350 2552 1402 οὺ
2595 1348 2946 1419 δημιουργεῖν
2979 1347 3288 1418 ἐπέμπετο,
3316 1350 3439 1402 οὐδὲ
3465 1351 3536 1405 τά
3566 1353 3647 1424 μὴ

2060 1443 2188 1497 ὄντα
2209 1442 2320 1513 (28)
2349 1443 2429 1505 είς
2447 1441 2507 1493 τὸ
2527 1436 2665 1493 εἶναι
2682 1438 2926 1503 καλέσαι,
2944 1440 3038 1492 καὶ
3068 1437 3269 1493 πλάσαι
3281 1444 3407 1505 τοὺς
3421 1443 3644 1514 ὁμοίους

2062 1532 2402 1606 ἀνθρώπους,
2437 1531 2572 1585 ἀλλά
2596 1530 2915 1600 διακονῆσαι
2946 1530 3105 1601 μόνον
3133 1533 3353 1603 ῥήματα
3384 1534 3521 1604 πρὸς
3546 1536 3641 1589 τὸν

2059 1626 2185 1681 λαὸν
2229 1627 2323 1680 καὶ
2364 1625 2502 1696 πρὸς
2552 1624 2644 1677 τὸν
2696 1622 2921 1693 βασιλέα
2957 1623 3069 1694 (29)
3107 1624 3323 1695 Φαραώ.
3377 1627 3533 1697 Ἔχει
3581 1628 3643 1681 δὲ

2058 1712 2216 1767 τοῦτο
2245 1713 2444 1784 πολλὴν
2468 1712 2565 1784 τὴν
2593 1711 2877 1783 διαφορὰν,
2906 1714 2986 1766 ὃτι
3021 1713 3080 1766 τὸ
3112 1714 3210 1785 μὲν
3234 1715 3503 1771 διακονεῖν
3530 1718 3642 1772 τῶν

2059 1803 2301 1877 γενητῶν
2322 1804 2399 1867 ὡς
2423 1803 2624 1858 δούλων
2647 1802 2795 1855 ἐστί’
2824 1804 2885 1857 τὸ
2914 1804 3269 1876 δημιουργεῖν
3300 1808 3357 1860 δὲ
3391 1809 3487 1862 καὶ
3523 1812 3647 1863 κτί-

2060 1896 2171 1962 ζειν
2195 1896 2354 1968 μόνου
2380 1894 2473 1948 τοῦ
2504 1894 2637 1948 Θεοῦ
2668 1899 2806 1960 ἐστι,
2833 1896 2927 1948 καὶ
2955 1895 3049 1948 τοῦ
3090 1896 3222 1949 ίδίου
3267 1898 3432 1952 αὐτοῦ
3462 1900 3643 1971 Λόγου

2059 1989 2154 2043 καὶ
2177 1988 2273 2059 τῆς
2305 1987 2516 2073 σοφίας.
2550 1987 2649 2040 Διά
2676 1988 2833 2041 τοῦτο
2860 1986 2990 2056 γοῦν
3012 1988 3104 2041 ἐπὶ
3136 1989 3235 2060 μὲν
3259 1989 3352 2043 τοῦ
3378 1990 3645 2067 δημιουρ-

2058 2084 2175 2148 γεῖν
2205 2080 2305 2133 ούκ
2331 2081 2396 2133 ἄν
2427 2096 2510 2143 τις
2531 2079 2687 2134 ἄλλον
2715 2078 2885 2150 εὖροι,
2911 2080 2943 2151 ἢ
2969 2081 3128 2151 μόνον
3152 2080 3261 2151 (50)
3283 2082 3375 2135 τὸν
3391 2085 3486 2139 τοῦ
3503 2086 3642 2141 Θεοῦ

2059 2175 2262 2242 Λόγον·
2293 2174 2470 2227 πάντα
2492 2171 2601 2243 γάρ
2624 2174 2682 2226 ὲν
2723 2171 2885 2243 σοφίᾳ.
2912 2173 3103 2241 γέγονε
3128 2214 3143 2238 ,
3186 2174 3280 2227 καὶ
3334 2178 3503 2246 χωρὶς
3543 2178 3643 2232 τοῦ

2057 2268 2232 2336 Λόγου
2259 2267 2475 2335 ἐγένετο
2497 2267 2616 2319 οὐδὲ
2643 2266 2720 2322 ἓν.
2752 2267 2895 2339 Πρὸς
2920 2266 2977 2319 δὲ
3003 2268 3099 2332 τάς
3116 2268 3390 2331 διακονίας
3414 2269 3513 2340 οὐχ
3537 2265 3645 2335 εἷς,

2058 2361 2174 2415 ἀλλ’
2214 2364 2279 2414 ὲκ
2314 2361 2531 2416 πάντων
2564 2360 2748 2414 πολλοί
2777 2364 2935 2425 είσιν,
2967 2361 3061 2425 οὓς
3107 2362 3202 2416 ὲάν
3244 2362 3376 2435 θέλῃ
3402 2366 3646 2436 πέμπειν

2057 2454 2087 2505 ὁ
2115 2451 2338 2523 Κύριος.
2384 2451 2575 2505 Πολλοὶ¹
2620 2453 2717 2523 μὲν
2757 2451 2866 2523 γὰρ
2896 2452 3224 2523 ἁρχάγγελοι
3274 2454 3421 2525 (51),
3457 2455 3649 2510 πολλοῖ⁵

2058 2543 2115 2597 δὲ
2145 2542 2322 2615 θρόνοι
2349 2545 2443 2597 καὶ
2473 2542 2733 2608 ἐξουσίαι,
2760 2545 2853 2597 καὶ
2882 2545 3221 2615 κυριότητες,
3251 2544 3418 2615 χίλιαί
3460 2564 3522 2599 τε
3554 2565 3647 2618 χι-

2057 2635 2256 2699 λιάδες,
2292 2636 2385 2689 καὶ
2444 2634 2636 2709 μύριαι
2679 2636 2939 2707 μυριάδες
2983 2639 3363 2708 παρεστήκασι
3396 2638 3648 2713 λειτουρ-

2057 2727 2296 2796 γούντων
2315 2728 2409 2781 καὶ
2441 2728 2672 2799 ἑτοίμων
2696 2731 2777 2793 εἰς
2810 2729 2869 2782 τὸ
2899 2730 3324 2784 ἀποστέλλεσθαι
3365 2732 3496 2804 (52).
3533 2734 3652 2787 Καὶ

2058 2821 2330 2891 προφῆται
2361 2820 2458 2891 μὲν
2487 2819 2693 2884 πολλοὶ,
2722 2821 2815 2873 καὶ
2847 2820 3136 2875 ἀπόστολοι
3156 2821 3213 2874 δὲ
3238 2823 3369 2877 δέκα
3399 2825 3494 2878 καὶ
3526 2825 3647 2889 δύο,

2057 2914 2152 2966 καὶ
2173 2915 2201 2966 ὁ
2229 2912 2439 2976 Παῦλος
2485 2913 2596 2984 (55)
2619 2930 2631 2942 '
2665 2914 2760 2967 καὶ
2792 2915 3031 2984 Μωῦσῆς
3071 2914 3127 2967 δὲ
3158 2915 3317 2979 αὐτὸς
3348 2917 3408 2969 ού
3445 2918 3607 2987 μόνος
3628 2958 3647 2980 ,

2056 3002 2193 3057 ἀλλὰ
2220 3004 2313 3057 καὶ
2365 3003 2573 3075 Ἀαρὼν
2613 3006 2711 3058 σὺν
2744 3004 2910 3074 αὐτῷ,
2941 3006 3036 3059 καὶ
3081 3008 3219 3077 μετά
3264 3008 3438 3062 ταῦτα
3490 3010 3649 3065 ἄλλοι

2057 3089 2425 3166 ἑϐδομήκοντα
2469 3095 2787 3166 Πνεύματος
2840 3095 3238 3169 ἐπληρώθησαν
3282 3099 3437 3167 ἁγίου
3464 3115 3477 3128 ’
3543 3103 3648 3155 καὶ

2056 3187 2296 3258 Μωϋσῆν
2317 3185 2582 3254 διεδέξατο
2620 3187 2824 3258 Ἰησοῦς
2852 3190 2882 3242 ό
2926 3188 3021 3242 τοῦ
3061 3190 3243 3260 Ναυῆ,
3292 3192 3543 3246 κάκεῖνον
3592 3196 3648 3247 οἱ

2059 3277 2265 3349 κριταὶ,
2314 3278 2601 3340 κάκείνους
2629 3278 2727 3348 οὺχ
2762 3273 2863 3342 εἷς,
2904 3277 3038 3331 ἀλλά
3087 3279 3330 3332 πλεῖστοι
3380 3279 3644 3350 βασιλεῖς.

2060 3370 2232 3441 Εἴπερ
2265 3364 2358 3422 οῦν
2405 3368 2498 3422 καὶ
2533 3369 2737 3439 κτίσμα
2792 3368 2904 3440 (54)
2933 3366 3001 3441 ἦν
3037 3371 3131 3424 καὶ
3174 3371 3283 3424 τῶν
3328 3371 3573 3443 γενητῶν
3614 3374 3652 3424 ὁ

2060 3459 2207 3527 Υἱὸς,
2237 3459 2345 3513 ἔδει
2375 3460 2470 3513 καὶ
2497 3458 2726 3522 πολλοὺς
2760 3455 2897 3512 εἶναι
2927 3459 3201 3524 τοιούτους
3229 3461 3399 3524 υἱοὺς,
3428 3462 3515 3514 ἵνα
3545 3463 3651 3515 καὶ

2059 3553 2285 3617 πολλοὺς
2309 3552 2578 3616 τοιούτους
2609 3552 2885 3615 διακόνους
2909 3550 3005 3623 ἔχῃ
3026 3554 3055 3606 ό
3085 3551 3238 3616 Θεὸς,
3269 3553 3520 3625 καθάπερ
3547 3555 3652 3608 καὶ

2059 3648 2154 3701 ἐπὶ
2197 3647 2305 3701 τῶν
2334 3647 2507 3702 ἄλλων
2534 3645 2738 3716 πλῆθός
2770 3648 2937 3699 ἐστιν.
2970 3646 3035 3698 Et
3063 3644 3121 3698 δὲ
3146 3646 3304 3702 τοῦτο
3346 3647 3446 3700 οὐκ
3491 3646 3650 3700 ἐστιν

2060 3739 2208 3803 ίδεῖν,
2234 3738 2368 3794 ἀλλά
2398 3739 2465 3793 τά
2491 3738 2590 3809 μὲν
2634 3736 2910 3807 κτίσματα
2933 3737 3123 3803 πολλὰ,
3171 3740 3200 3792 ὁ
3246 3737 3303 3791 δὲ
3351 3740 3523 3808 Λόγος
3559 3734 3650 3804 εἷς

2058 3831 2209 3882 ἐστι’
2242 3829 2327 3893 τίς
2367 3830 2427 3881 ού
2459 3829 2657 3899 συνορᾷ
2689 3827 2783 3880 καὶ
2816 3829 2880 3880 ὲκ
2922 3826 3128 3881 τούτων
3158 3827 3292 3900 (55),
3322 3828 3403 3881 ὅτι
3436 3831 3465 3882 ό
3510 3828 3650 3893 Υἱὸς

2056 3920 2307 3990 διέστηκε
2335 3918 2443 3973 τῶν
2494 3919 2730 3983 πάντων,
2760 3919 2852 3971 καὶ
2878 3918 2939 3971 ού
2971 3918 3105 3989 πρὸς
3146 3918 3213 3971 τά
3243 3918 3515 3989 κτίσματα
3539 3919 3647 3989 τὴν

2058 4006 2308 4077 ἐξίσωσιν
2339 4012 2473 4083 ἔχει,
2498 4012 2634 4066 ἀλλά
2664 4012 2799 4085 πρὸς
2828 4012 2917 4065 τὸν
2965 4012 3185 4082 Πατέρα
3227 4012 3324 4083 τὴν
3367 4011 3643 4082 ίδιότητα;

2060 4105 2224 4158 Ὅθεν
2270 4104 2391 4157 οὐδὲ
2442 4104 2626 4157 πολλοὶ
2663 4105 2860 4173 Λόγοι,
2913 4102 3049 4157 ἀλλά
3075 4104 3236 4174 μόνος
3267 4101 3348 4166 είς
3378 4103 3471 4157 τοῦ
3518 4105 3646 4168 ἑνὸς

2060 4194 2274 4265 Πατρὸς
2326 4195 2509 4263 Λόγος,
2571 4195 2663 4247 καὶ
2700 4193 2799 4264 μία
2846 4192 2940 4246 τοῦ
2991 4194 3109 4256 ἑνὸς
3137 4193 3273 4246 Θεοῦ
3314 4193 3423 4264 (56)
3474 4193 3647 4248 εἰκών

2053 4289 2220 4340 ἐστιν.
2266 4286 2402 4338 Ἀλλ’
2430 4285 2561 4350 ἰδοὺ,
2604 4285 2757 4355 φασὶ,
2785 4286 2879 4338 καὶ
2909 4285 3059 4354 ἥλιος
3092 4284 3251 4355 μόνος
3279 4279 3358 4350 εἷς
3386 4286 3480 4339 καὶ
3509 4286 3544 4358 ἡ
3566 4286 3647 4358 γῆ

2057 4375 2174 4447 μία.
2208 4376 2474 4447 Ἀφρονες
2507 4376 2818 4429 εἰπάτωσαν
2844 4375 2924 4428 ὃτι
2954 4375 3049 4427 καὶ
3083 4374 3228 4446 ὓδωρ
3259 4373 3345 4439 ἓν,
3397 4376 3493 4428 καὶ
3525 4374 3645 4448 πῦρ

2053 4463 2132 4528 ἓν,
2167 4464 2253 4517 ἵνα
2281 4462 2583 4518 ἀκούσωσιν
2603 4502 2619 4527 ,
2659 4463 2742 4516 ὅτι
2769 4463 2878 4518 τῶν
2908 4462 3216 4534 γενομένων
3256 4464 3370 4537 (57)
3412 4464 3647 4520 ἕκαστον

1544 4639 1588 4672 ³⁸
1612 4637 1820 4695 Daniel.
1855 4657 1953 4706 vn,
1986 4640 2073 4697 10.
2170 4641 2215 4673 ³⁸
2251 4638 2413 4694 Num.
2444 4638 2627 4705 ιι,25.

443 4794 556 4867 (26)
575 4795 919 4867 _Seguerian.
942 4792 1699 4867 _Goblerian._et_Fe_lckman.
1749 4794 1775 4847 1
1804 4836 1841 4867 ,_
1876 4794 1947 4848 τά

2085 4793 2236 4867 ’.(52)
2269 4792 3070 4867 δίοΞεευενίθη.ᾲϐοι)ιετί²η.
3115 4795 3266 4850 Felc.
3302 4796 3325 4849 1
3365 4803 3524 4867 et}.
3572 4797 3648 4850 At

368 4862 715 4921 livrafEdiii
764 4873 815 4919 et
864 4864 978 4926 alii,
1006 4864 1320 4973 τάγενητά.
1359 4863 1562 4918 Ibidem
1619 4862 1940 4933 Seguerian.

370 4938 570 4973 anum-
619 4935 741 4973 ιῗιιιρ
792 4935 813 4973 1
851 4945 899 4973 οι
932 4934 967 4973 Α
1028 4952 1120 4973 ιι-ιιη
1166 4952 1196 4973 η
1235 4951 1329 4973 nm.
1388 4932 1525 4973 Ιίᾶίιί
1569 4943 1618 4973 pr
1658 4935 1745 4973 alii
1846 4934 1940 4973 η·ηῆ

370 4938 589 4991 Gobler.
616 4935 761 4990 Felc.
792 4935 903 5005 [et
932 4934 999 5005 4,7
1028 4932 1120 5005 τοῦ
1164 4932 1350 5005 μέσου.
1374 4932 1529 5005 Editi
1569 4943 1623 4989 et
1658 4932 1747 4989 alii
1775 4975 1790 5001 ,
1846 4934 1941 4988 τοῦ

375 5007 621 5077 μεσίτου.
649 5005 767 5060 Mox
803 5004 947 5077 Felc.
975 5004 1028 5067 4,
1066 5004 1173 5057 ἰδοὺ
1198 5004 1401 5077 gem.

440 5077 553 5146 (27)
596 5074 820 5145 Seguer.
849 5076 1066 5131 Goblcr.
1103 5084 1157 5129 et
1194 5073 1339 5131 Felc.
1394 5075 1443 5140 1,
1481 5074 1702 5129 δέδωκε.
1749 5075 1944 5130 Caneri

370 5155 426 5202 et
450 5148 603 5207 editi,
633 5146 819 5200 ἔδωκε.

442 5217 557 5287 (28)
588 5214 906 5285 Seguerian.
943 5215 1076 5285 Reg.
1101 5215 1421 5287 AGoblerian.
1447 5224 1503 5287 et
1552 5215 1697 5287 Felc.
1736 5216 1786 5279 1,
1822 5215 1945 5268 οὐδὲ

368 5284 548 5358 eam
582 5284 729 5358 ὅντα.
761 5287 865 5358 Alii
903 5298 956 5358 ct
985 5284 1148 5350 editi,
1184 5284 1304 5340 οὐδὲ
1340 5285 1413 5356 μὴ
1463 5285 1612 5339 ὄντα.
1665 5286 1811 5351 Mox,
1855 5287 1948 5338 καὶ

368 5355 597 5420 πλάσαι,
626 5356 778 5411 deest
802 5357 856 5410 in
898 5357 1121 5425 Seguer.

441 5427 555 5496 (29)
590 5426 932 5498 Segnerian.,
957 5426 1109 5498 πρδς
1127 5425 1371 5498 βασιλέα.

442 5499 555 5569 (50)
586 5496 896 5569 Goblerian.
922 5507 984 5569 et
1005 5496 1333 5569 'Felckman.
1353 5497 1407 5569 1,
1432 5496 1597 5569 ἢᾳμὴγ
1621 5497 1798 5569 μόνον.

443 5565 557 5638 (51)
595 5566 686 5623 Sic
712 5567 1031 5638 Seguerian.
1067 5565 1199 5634 Reg.
1242 5565 1428 5638 Basili.
1456 5565 1685 5638 coma.
1709 5567 1872 5638 Felc.;
1910 5567 1936 5620 1

2064 5570 2142 5624 ιαὶ
2168 5569 2239 5638 γῆ

368 5638 501 5763 et
528 5635 635 5693 Alii
668 5647 720 5693 et
752 5637 881 5692 editi
911 5638 1018 5708 γάρ
1044 5640 1319 5693 omittunt.
1351 5637 1552 5693 Ibidem
1587 5637 1734 5696 Felc.
1766 5637 1819 5705 4,
1843 5635 1941 5705 ἀγ-

368 5724 433 5763 re
466 5726 535 5763 οι.

362 5724 535 5778 γελοι.

2050 4864 2143 4919 alii
2169 4863 2226 4919 et
2250 4865 2402 4932 editi,
2443 4863 2772 4936 λειτουργῶν
2812 4866 2903 4918 καὶ
2936 4864 3165 4935 ἑτοίμων
3212 4868 3291 4930 είς
3336 4866 3398 4917 τὸ
3436 4865 3645 4930 ἐξαπο-

2053 4935 2385 4988 στέλλεσθαι.

2053 4952 2385 4989 στελλεσυαι.

2123 5005 2238 5074 (55)
2268 5006 2360 5061 Sic
2407 5004 2726 5074 Seguerian.
2771 5003 3079 5059 Goblerian.
3125 5003 3271 5059 Felc.
3309 5004 3335 5057 1
3380 5014 3434 5059 et
3471 5004 3530 5058 4.
3569 5007 3645 5060 At

2051 5075 2144 5129 alii
2173 5084 2229 5130 et
2250 5076 2401 5142 editi,
2425 5074 2520 5130 καὶ
2554 5074 2782 5139 Παῦλος.
2811 5074 3015 5130 ibidem
3048 5075 3269 5132 Gobler.
3296 5083 3351 5130 et
3389 5074 3534 5130 Felc.
3578 5076 3636 5141 1,

2051 5146 2337 5230 αὐτὲςικαὶ
2378 5145 2608 5230 Ἀαρών.

2125 5217 2240 5287 (54)
2274 5215 2595 5287 Seguerian.
2618 5256 2634 5280 ,
2667 5219 2761 5271 καὶ
2790 5215 3032 5287 κτίσμα,
3065 5225 3121 5271 et
3148 5230 3300 5287 mox
3320 5255 3337 5279 ,
3373 5215 3481 5269 ἔδει
3536 5216 3639 5269 καὶ

2052 5286 2300 5353 πολλούς.
2338 5286 2395 5342 in
2422 5289 2545 5343 aliis
2564 5298 2617 5343 et
2636 5287 2816 5352 editis,
2850 5286 2943 5339 καί
2981 5286 3271 5357 utrobique
3298 5287 3473 5341 deest.

2147 5358 2237 5424 55)
2271 5358 2617 5428 Seguerian.,
2657 5360 2723 5411 ὲκ
2742 5357 2955 5428 τούτου.

2146 5428 2236 5495 56)
2274 5424 2619 5499 Seguerian.,
2646 5428 2739 5481 τοῦ
2774 5424 3070 5499 ἑνὸςίΘεοῦ.
3106 5424 3248 5499 Editi
3272 5434 3326 5480 et
3358 5425 3449 5499 al_ii
3478 5424 3640 5499 omit-

2051 5490 2169 5554 tunt
2197 5490 2785 5569 €v6;.'chuer.vibid.,
2827 5498 2921 5551 καὶ
2969 5496 3121 5569 ἥλιος
3161 5495 3320 5569 μόνος
3344 5490 3447 5569 Δεἷς
3488 5497 3638 5564 ἐστι,

2325 5569 2395 5623 ία.
2430 5561 2591 5635 Editi,
2626 5570 2720 5622 καὶ
2750 5561 2780 5623 ό
2808 5569 2961 5639 ἦλιος
2988 5561 3091 5631 εἷς,
3120 5561 3254 5639 ἠγῆ
3294 5566 3412 5637 μία.

2118 5640 2230 5711 (57)
2263 5638 2411 5696 Felc.
2448 5640 2500 5704 1,
2527 5650 2579 5695 et
2607 5638 2943 5705 Goblerian.,
2973 5638 3292 5708 γινομένων.
