3840 6220
242 330 344 388 εοθ

1383 336 1643 397 ORATIO
1680 339 1725 397 Il
1763 338 2041 399 CONTRA
2077 341 2399 403 ABIANOS.

3388 346 3496 400 210

241 446 475 521 σελήνης
527 446 684 520 ὑμῶν
734 448 998 504 δέδεικται
1047 449 1265 525 σαθρόν.
1294 453 1531 510 Κάκεῖνο
1555 455 1611 508 δὲ
1661 454 1814 509 πάλιν

1926 458 2210 529 probatum
2232 468 2338 515 est.
2374 459 2760 516 Verumtamen
2787 459 2868 517 sic
2888 460 3052 516 etiam
3076 474 3174 516 vos
3203 474 3497 529 possumus

241 538 385 609 ὑμᾶς
419 539 692 612 ὲντρέψει.
744 541 808 594 Et
857 539 1027 595 θέλων
1073 543 1102 595 ὁ
1138 541 1272 609 Θεὸς
1311 545 1407 616 τὴν
1446 546 1676 618 γενητὴν
1706 546 1817 618 (55)

242 631 424 686 κτίσαι
447 630 630 701 φύσιν,
656 633 786 704 περὶ
810 633 867 687 δὲ
893 634 1098 708 ταύτης
1125 636 1548 709 βουλευσάμενος
1566 679 1581 703 ,
1613 642 1821 693 ἐπινοεῖ

241 723 336 777 καὶ
368 720 544 788 κτίζει
576 724 667 778 τὸν
695 725 823 778 Υἱὸν
855 725 979 779 καθ’
1001 728 1166 798 ὑμᾶς,
1211 729 1297 782 ἵνα
1353 728 1418 783 δι’
1454 730 1621 784 αὐτοῦ
1673 733 1820 802 ἡμᾶς

240 812 621 889 δημιουργήσῃ
642 834 656 849 ·
699 822 949 872 σκοπεῖτε
978 820 1149 893 πόσην
1200 821 1454 876 ἀσέϐειαν
1490 823 1819 894 φθέγγεσθαι

239 908 472 980 τετολμὴ
480 927 632 964 κατε.

306 1001 397 1056 50.
421 1000 645 1073 Πρῶτον
680 1002 801 1075 μὲν,
833 1004 915 1057 ὅτι
950 1004 1197 1073 φαίνεται
1232 1004 1431 1075 μᾶλλον
1453 1006 1615 1070 αὐτὸς
1643 1008 1671 1062 ό
1693 1006 1818 1072 Υἱὸς

237 1094 473 1165 arma;
492 1093 766 1164 γεγονὼς,
801 1097 895 1151 καὶ
916 1098 1014 1168 οὐχ
1056 1098 1217 1170 ἡμεῖς
1256 1097 1322 1151 δι’
1366 1099 1525 1153 αὐτόν
1551 1116 1564 1129 °
1604 1099 1665 1153 ού
1711 1100 1819 1173 γὰρ

237 1185 305 1240 δι’
330 1186 494 1241 αὐτὸν
520 1186 852 1260 ὲκτίσθημεν
880 1187 990 1261 (56)
1014 1229 1028 1252 ,
1054 1189 1169 1245 ἀλλ’
1202 1189 1373 1255 αὐτὸς
1418 1192 1485 1245 δι’
1529 1193 1677 1263 ἡμᾶς
1720 1209 1818 1246 πε-

238 1279 462 1351 ποίηται
487 1296 502 1311 ο
540 1278 683 1334 ὥστε
724 1280 885 1353 χάριν
908 1282 1072 1335 αὐτὸν
1102 1283 1234 1354 ἡμῖν
1279 1283 1478 1354 μᾶλλον
1504 1283 1680 1355 ἔχειν,
1726 1284 1820 1339 καὶ

240 1369 318 1443 μὴ
350 1373 504 1442 ἡμᾶς
535 1372 706 1442 αὐτῷ,
733 1372 986 1445 καθάπερ
1022 1373 1134 1443 (57)
1159 1375 1252 1428 καὶ
1277 1377 1310 1446 ἡ
1340 1375 1475 1447 γυνὴ
1516 1375 1595 1447 τῷ
1642 1375 1816 1446 ἀνδρί.

240 1462 456 1532 Οὐγὰρ
479 1463 751 1531 ἐκτίσθη,
794 1467 960 1537 φησιν
1019 1468 1053 1538 ἡ
1098 1466 1323 1538 Γραφὴ,
1362 1467 1520 1535 ἀνὴρ
1568 1466 1666 1522 διὰ
1705 1466 1820 1537 τὴν

234 1553 515 1623 γυναῖκα,
538 1554 701 1609 ἀλλὰ
728 1555 882 1626 γυνὴ
912 1554 1009 1610 διὰ
1034 1555 1143 1609 τὸν
1165 1556 1375 1624 ἄνδρα.
1405 1557 1524 1628 'Ap’
1566 1552 1682 1633 οὖν⁴
1713 1556 1820 1610 ῶσ-

236 1664 345 1720 περ
377 1648 551 1718 ὁμὲν
570 1650 727 1717 ἀνὴρ
770 1649 948 1704 εἰκὼν
969 1650 1067 1704 καὶ
1084 1649 1235 1714 δόξα
1275 1650 1424 1704 Θεοῦ
1462 1649 1737 1719 ὑπάρχει,
1778 1653 1817 1721 ἠ

232 1739 305 1794 δὲ
338 1742 494 1811 γυνὴ
524 1742 675 1808 δόξα
692 1744 911 1812 ἀνδρός
935 1744 1109 1798 ἐστιν
1128 1762 1141 1775 ·
1172 1743 1347 1808 οὕτως
1393 1745 1555 1815 ἡμεῖς
1598 1744 1695 1814 μὲν
1724 1743 1817 1797 τοῦ

1926 549 2191 608 refellere.
2241 551 2300 606 Si
2347 551 2544 609 factam
2586 562 2837 608 naturam
2882 553 3071 609 volens
3113 551 3257 610 Deus
3292 568 3493 618 creare.

1925 644 2101 715 deque
2128 644 2245 715 ipsa
2277 643 2529 700 facienda
2565 645 2896 705 deliberans.
2949 642 3147 698 Filium
3194 644 3495 699 secundum

1925 743 2022 784 vos
2048 729 2321 798 excogitat
2346 739 2401 783 et
2427 739 2597 793 creat,
2625 737 2683 783 ut
2706 744 2807 784 nos
2833 744 2928 798 per
2953 728 3128 797 ipsum
3159 736 3344 797 postea
3371 744 3498 800 pro—

1926 821 2119 886 ducat,
2166 830 2429 892 quantam
2477 820 2726 894 proferre
2766 821 2977 875 audetis
3014 820 3343 889 impietatem
3378 823 3498 878 aui-

1925 910 2265 966 madvertite.

2001 1002 2091 1057 50.
2123 999 2309 1056 Primo
2336 1000 2480 1055 enim
2514 998 2637 1054 inde
2662 999 2931 1069 sequitur,
2964 1007 3027 1054 ut
3054 999 3169 1071 ipse
3191 999 3362 1058 Filius
3397 1020 3496 1058 no-

1928 1093 2029 1149 stri
2059 1092 2246 1162 potius
2276 1108 2444 1149 causa
2471 1088 2648 1147 factus
2694 1089 2879 1155 fuerit,
2913 1106 3078 1161 quam
3122 1108 3222 1149 nos
3276 1104 3497 1165 prapter

1929 1186 2129 1258 ipsum.
2164 1183 2275 1241 Nec
2308 1186 2454 1241 enim
2506 1200 2607 1240 nos
2636 1192 2853 1254 propter
2886 1198 3013 1237 eum
3064 1185 3231 1239 creati
3259 1202 3452 1242 sumus
3476 1229 3493 1257 ,

1929 1278 2023 1333 sed
2058 1277 2177 1347 ipse
2203 1282 2427 1349 propter
2460 1292 2563 1332 nos
2598 1274 2775 1331 lactus
2799 1280 2904 1342 est,
2936 1274 3009 1329 ita
3034 1287 3092 1331 ut
3115 1276 3203 1332 ille
3228 1278 3383 1333 nobis
3408 1295 3497 1349 po-

1928 1368 2038 1424 tius
2065 1368 2266 1424 habeat
2314 1367 2568 1439 gratiam,
2602 1383 2767 1438 quam
2825 1383 2927 1424 nos
2957 1368 3056 1435 illi,
3104 1375 3161 1421 ut
3219 1378 3273 1423 et
3304 1371 3496 1425 mulier

1928 1461 2066 1516 viro.
2108 1459 2343 1527 Etenim,
2372 1469 2430 1515 ut
2457 1461 2535 1516 ait
2566 1459 2869 1530 Scriptura,
2904 1476 3008 1514 non
3039 1469 3116 1513 est
3169 1470 3371 1514 creatus
3415 1461 3496 1514 vir

1925 1562 2142 1625 propter
2170 1552 2460 1619 mulierem,
2482 1551 2575 1608 sed
2595 1552 2785 1607 mulier
2803 1562 3017 1622 prapter
3039 1552 3211 1605 virum
3235 1552 3300 1607 “.
3328 1552 3497 1622 Igitur

1927 1643 2388 1715 quemadmodum
2416 1644 2494 1698 vir
2532 1644 2709 1714 imago
2748 1653 2798 1697 et
2835 1644 3007 1715 gloria
3049 1643 3143 1697 Dei
3167 1652 3265 1710 est,
3307 1643 3496 1699 mulier

1927 1750 2106 1794 autem
2125 1739 2297 1810 gloria
2317 1739 2416 1793 viri
2443 1747 2521 1793 est
2545 1738 2612 1804 “,
2672 1740 2744 1794 ita
2770 1754 2871 1794 nos
2894 1736 2987 1792 Dei
3014 1737 3191 1808 imago
3204 1748 3258 1792 et
3280 1737 3347 1793 ad
3373 1738 3496 1809 ejus

233 1831 372 1886 θεοῦ
388 1831 577 1897 εἰκὼν,
596 1838 691 1888 καὶ
710 1835 790 1899 εἰς
816 1833 973 1900 δόξαν
1000 1834 1166 1889 αὐτοῦ
1191 1835 1495 1905 γεγόναμεν
1514 1850 1526 1861 ·
1554 1836 1584 1887 ὁ
1610 1834 1667 1887 δὲ
1696 1833 1814 1898 Υἱὸς

1926 1831 2154 1903 gloriam
2182 1829 2311 1885 lacti
2339 1845 2531 1886 sumus
2560 1848 2575 1885 :
2615 1830 2785 1885 Filius
2814 1838 2997 1885 autem
3033 1831 3205 1885 nostri
3242 1830 3419 1901 imago
3440 1841 3495 1887 et

234 1922 394 1995 ἡμῶν
428 1925 579 1977 ἐστιν
606 1923 769 1978 εἰκὼν
791 1925 885 1978 καὶ
918 1926 999 1989 εἰς
1032 1924 1190 1994 ἡμῶν
1232 1924 1390 1991 δόξαν
1436 1924 1663 1996 ὑπέστη.
1714 1906 1823 1979 Καὶ

231 2016 394 2086 ἡμεῖς
425 2016 529 2087 μὲν
561 2018 642 2081 εἰς
664 2016 727 2070 τὸ
756 2011 897 2071 εἶναι
927 2017 1233 2088 γεγόναμεν
1251 2033 1264 2048 ο
1295 2016 1324 2069 ὁ
1356 2016 1412 2070 δὲ
1440 2018 1534 2069 τοῦ
1558 2015 1693 2070 Θεοῦ
1716 2017 1821 2070 Λό-

231 2124 330 2175 γος
362 2106 487 2161 καθ’
514 2109 681 2179 ὑμᾶς,
706 2109 805 2162 οὐκ
831 2110 910 2173 εἰς
942 2108 1003 2162 τὸ
1036 2104 1195 2173 εἶναι,
1239 2108 1353 2162 ἀλλ’
1389 2109 1470 2171 εἰς
1522 2107 1621 2178 τὴν
1665 2108 1822 2179 ἡμῶν

231 2198 445 2272 χρείαν,
492 2198 569 2263 ὡς
626 2199 857 2271 ὄργανον
913 2199 1243 2271 πεποίηται’
1274 2199 1415 2254 ὥστε
1453 2198 1528 2271 μὴ
1580 2202 1730 2271 ἡμᾶς
1762 2200 1822 2266 ἐξ

231 2285 422 2350 αὑτοῦ,
482 2285 598 2340 ἀλλ’
631 2286 794 2339 αὐτὸν
839 2288 905 2340 ἐκ
956 2286 1057 2357 τῆς
1109 2287 1268 2359 ἡμῶν
1318 2288 1512 2359 χρείας
1566 2287 1820 2340 συνίστα-

233 2378 362 2432 σθαι
401 2376 536 2450 (58).
561 2378 674 2432 Καὶ
708 2377 826 2442 πῶς
846 2378 907 2431 ού
936 2380 1116 2432 πᾶσαν
1155 2379 1341 2433 ἄνοιαν
1388 2378 1820 2450 ὑπερῦάλλουσιν

230 2470 284 2523 οἱ
316 2469 496 2524 ταῦτα
542 2470 638 2524 κα)⁸
683 2470 844 2542 μόνον
871 2469 1305 2542 ὲνθυμούμενοι;
1363 2472 1476 2525 Καὶ
1520 2471 1630 2543 γὰρ
1675 2473 1724 2526 εἰ
1752 2472 1819 2525 δι’

231 2564 382 2634 ἡμᾶς
406 2562 631 2632 γέγονεν
651 2566 680 2618 ό
702 2563 894 2630 Λόγος,
931 2564 1033 2617 οὐκ
1070 2562 1219 2617 ἐστιν
1251 2562 1372 2617 οὐδὲ
1416 2563 1631 2634 πρῶτος
1663 2563 1819 2634 ἡμῶν

233 2653 385 2723 παρὰ
411 2652 490 2724 τῷ
515 2652 654 2725 Θεῷ.
681 2652 816 2706 Οὐδὲ
838 2651 948 2725 γὰρ
974 2653 1180 2707 ἐκεῖνον
1205 2651 1345 2722 ἔχων
1383 2653 1440 2707 ὲν
1473 2651 1652 2723 ἑαυτῷ
1690 2651 1819 2723 περὶ

231 2743 391 2817 ἡμῶν
444 2744 567 2817 (59),
598 2744 943 2816 βουλεύεται’
999 2743 1112 2798 ἀλλ’
1138 2746 1287 2815 ἡμᾶς
1320 2742 1458 2815 ἔχων
1510 2745 1566 2798 ἐν
1615 2742 1816 2814 ἑαυτῷ,

232 2835 571 2908 βουλεύεται,
602 2837 679 2901 ὡς
717 2836 913 2891 ἐκεῖνοί
936 2853 1089 2907 φασι,
1119 2835 1365 2910 περὶτοῦ
1394 2835 1587 2889 ἑαυτοῦ
1619 2836 1818 2904 Λόγου.

230 2930 296 2985 El
324 2929 385 2984 δὲ
407 2930 568 2983 τοῦτό
594 2930 732 2995 ἐστι,
757 2931 901 3001 τάχα
925 2928 1046 2983 οὐδὲ
1065 2930 1203 2993 ὅλως
1230 2930 1391 3001 ἤθελε
1423 2928 1533 3000 (60)
1566 2931 1660 2984 τὸν
1690 2930 1818 2985 Υἱὸν

227 3024 260 3075 ὁ
285 3023 509 3093 Πατήρο
540 3022 603 3075 οὐ
632 3023 742 3093 γάρ
794 3021 963 3075 θέλων
1006 3022 1167 3075 αὑτὸν
1198 3020 1441 3075 ἔκτισεν*
1501 3022 1614 3076 ἀλλ’
1667 3024 1819 3094 ἡμᾶς

229 3114 420 3179 θέλων,
461 3115 528 3168 δι’
557 3116 706 3187 ἡμᾶς
732 3114 895 3169 αὐτὸν
918 3114 1318 3186 ἐδημιούργησε
1343 3131 1359 3146 ·
1391 3114 1509 3185 μεθ’
1534 3117 1683 3187 ἡμᾶς
1708 3116 1817 3188 γὰρ

227 3206 393 3260 αὐτὸν
412 3207 707 3277 ἐπενόησεν
731 3222 745 3236 ο
766 3204 908 3259 ὥστε
944 3206 1086 3259 κατὰ
1119 3210 1245 3269 τοὺς
1272 3204 1602 3271 ἀσεϐοῦντας
1626 3224 1817 3277 περιτ-
1844 3178 1887 3238 C

225 3297 320 3351 τὸν
344 3295 488 3351 εἶναι
515 3297 700 3351 λοιπὸν
732 3296 822 3350 τὸν
848 3295 975 3349 Υἱὺν
1000 3296 1093 3349 τὸν
1129 3296 1419 3367 γενόμενον
1451 3297 1529 3360 ὡς
1559 3295 1811 3368 ὄργανον,

225 3389 536 3459 γενομένων
584 3382 659 3442 ὧν
702 3387 866 3441 ἕνεκα
903 3388 997 3442 καὶ
1025 3386 1269 3459 ἐκτίσθη.
1296 3390 1358 3441 Εἰ
1385 3388 1443 3442 δὲ
1469 3389 1545 3452 ὡς
1575 3387 1686 3459 (61)
1718 3390 1813 3443 δυ-

226 3481 386 3546 νατὸς
408 3483 440 3534 ό
479 3482 606 3544 Υἱὸς
650 3482 811 3552 μόνος
869 3480 1022 3555 παρὰ
1074 3482 1234 3554 μόνου
1282 3480 1376 3535 τοῦ
1405 3481 1540 3536 Θεοῦ
1566 3483 1809 3553 γέγονεν,

223 3577 390 3646 ἡμεῖς
416 3574 477 3628 δὲ
503 3575 581 3639 ὡς
610 3574 861 3630 ἀδύνατοι
916 3575 1068 3645 παρὰ
1114 3574 1208 3628 τοῦ
1241 3574 1414 3644 Λόγου
1470 3576 1774 3648 γεγόναμεν
1798 3592 1812 3607 ο

223 3666 315 3721 διὰ
340 3667 396 3720 τι
429 3667 503 3739 μὴ
536 3666 629 3720 καὶ
662 3665 899 3739 πρῶτον,
929 3666 1004 3730 ὼς
1034 3665 1259 3720 δυνατοῦ
1295 3666 1446 3731 ὄντος
1485 3667 1651 3721 αὑτοῦ
1682 3667 1814 3739 (62),

226 3759 358 3832 περὶ
390 3757 561 3812 αὐτοῦ
602 3759 934 3830 βουλεύεται,
970 3758 1105 3814 ἀλλὰ
1141 3759 1271 3829 περὶ
1293 3757 1488 3829 ήμῶν;
1522 3761 1593 3812 Ἦ
1634 3759 1722 3813 διὰ
1764 3760 1817 3813 τί

221 3850 315 3906 τὸν
344 3851 574 3905 δυνατὸν
620 3851 682 3905 ού
733 3851 1021 3924 προκρίνει
1058 3852 1165 3905 τῶν
1204 3851 1484 3916 ἁσθενῶν;
1530 3852 1601 3906 Ἢ
1646 3852 1733 3905 διὰ
1762 3851 1816 3905 τι

223 3941 442 4016 πρῶτον
470 3942 635 3996 αὑτὸν
667 3942 859 4008 ποιῶν,
884 3943 1007 4013 οὐχὶ
1037 3943 1132 3997 καὶ
1166 3943 1295 4015 περὶ
1324 3943 1434 4014 (65)
1462 3942 1557 3996 τοῦ
1593 3943 1810 4015 πρώτου

224 4032 394 4087 αὑτοῦ
435 4033 747 4103 βουλεύεται
774 4050 789 4099 ;
816 4035 888 4087 Ἢ
911 4034 1000 4088 διὰ
1024 4034 1075 4087 τι
1105 4035 1234 4107 περὶ
1265 4033 1423 4105 ἡμῶν
1444 4034 1661 4106 πρῶτον
1692 4035 1814 4106 βου-

220 4123 540 4196 λευόμενος,
574 4126 633 4178 οὐ
669 4124 921 4196 πρώτους
955 4127 1102 4197 ἡμᾶς
1137 4125 1451 4197 ἐργάζεται,
1506 4125 1691 4181 ἱκανοῦ
1727 4127 1813 4180 ὃν·

222 4230 314 4279 τος
334 4212 433 4267 τοῦ
459 4212 799 4285 βουλήματος
831 4214 996 4268 αὐτοῦ
1026 4216 1163 4286 πρὸς
1190 4216 1289 4287 τὴν
1318 4215 1426 4270 τῶν
1456 4217 1676 4272 πάντων
1701 4218 1814 4290 (64)
1838 4242 1841 4245 π

297 4367 343 4400 ⁸³
379 4365 401 4420 I
602 4383 680 4433 ιι,
719 4368 775 4423 9.
850 4367 897 4401 ⁸⁸
933 4368 1073 4433 ibid.,
1116 4368 1167 4423 7.

448 4479 583 4564 Reg.
613 4492 668 4536 et
699 4481 863 4564 Basil.
910 4481 1006 4564 τῂν
1042 4484 1289 4564 γενετὴν.
1322 4481 1537 4564 Ibidem
1579 4478 1807 4564 Segtter:
1841 4486 1889 4545 ι)

222 4563 278 4608 ει
306 4549 475 4639 ;Fe’lc.
509 4549 566 4616 4⁷,
613 4552 740 4622 περί
770 4569 831 4605 τε
864 4549 1089 4624 ταύτης.
1127 4549 1235 4607 Alii
1281 4563 1336 4609 et
1381 4551 1534 4619 editi,
1585 4549 1713 4623 περὶ
1754 4549 1813 4604 δὲ

221 4640 548 4782 ςῗῗξὲἶέξε
583 4690 812 4782 ξερμετ.
844 4703 902 4782 et
926 4691 1491 4782 lie-ExGoblerkFelc.
1520 4690 1806 4782 iet-A5,.

180 4819 187 4827 _
221 4762 419 4819 αὐτόν·
452 4764 513 4816 οὐ
545 4762 654 4834 γὰρ
678 4765 842 4834 ἡμεῖς
873 4764 939 4834 διέ
966 4762 1127 4818 αὑτὸν
1153 4763 1499 4834 ἐκτίσθημεν.
1530 4762 1724 4834 Caneri
1750 4768 1807 4834 et

220 4835 377 4899 editi,
405 4834 504 4887 καὶ
543 4802 654 4904 όύὶ
674 4802 839 4904 ἡμεῖς
873 4833 940 4886 δι’
990 4835 1152 4904 αὐτὸν
1201 4802 1551 4904 ἐκτίσθιὴυμεν,
1585 4831 1806 4904 omissis

220 4852 377 4899 cal",
405 4852 504 4887 και
543 4852 655 4956 011‘i
674 4852 834 4904 ημεις
873 4852 936 4886 οι
990 4852 1152 4888 αυτον
1201 4852 1551 4904 εκτισυημεν,
1585 4852 1806 4886 OIIIISSIS

220 4904 585 4983 inter-mediis.
614 4973 641 4983 _
664 4903 1085 4983 ox.S__e_guerian_.
1117 4903 1418 4983 Gobler._et
1450 4902 1593 4983 Felc:
1627 4900 1806 4983 1ιχά-

257 4993 306 5029 ιν
334 4975 501 5057 αὐτόν
522 4973 704 5045 ἡμῶν.
736 4970 919 5056 Διῐῖει
939 4976 1089 5039 editi,
1119 4976 1274 5059 χάριν
1301 4974 1463 5028 αὐτὸν
1487 4974 1640 5095 ἡμῖν.
1668 4970 1810 5050 Ibid.

257 5060 550 5095 mutenan.
590 5042 720 5095 Rm.
755 5042 942 5095 Basnll.
974 5044 1186 5095 ΔηρΙιε.
1231 5044 1469 5095 Felckm.
1556 5050 1611 5095 et
1640 5042 1692 5095 5.
1732 5042 1805 5095 wh

257 4993 306 5029 ιν
334 4993 501 5057 αυτον
522 4993 704 5045 ημων.
736 4993 840 5026 nm
864 4993 919 5056 et
939 4993 1089 5039 eutll,
1119 4993 1274 5047 χάριν
1301 4993 1463 5028 αυτόν
1529 4993 1640 5043 μιν.
1668 4993 1807 5050 nuru.

220 4993 550 5116 ἕείιιιεητίηζ
590 5042 942 5116 I10g._Bas|lt.
974 5044 1186 5115 Anglic.
1231 4993 1528 5100 Felckml
1556 5050 1611 5097 et
1640 5042 1692 5111 5,
1730 5042 1807 5115 μὴ

214 5113 576 5190 angam.
605 5113 769 5190 Eum,

286 5186 406 5257 (57)
439 5183 759 5257 Segttei'iajn.
788 5183 1097 5257 Go'blerian.
1128 5183 1274 5257 Eelc.
1309 5185 1331 5239 1
1364 5194 1417 5239 ει
1448 5183 1801 5257 ιικαθάπερ.

222 5253 475 5313 Εᾶἰιῐει
514 5253 895 5326 ριἱί,ᾃίἴ)σπερ.
946 5254 1438 5326 MoxASeguerian.
1486 5253 1799 5326 Goblerian.

840 5116 873 5185 ἡ
902 5116 1062 5186 ἡμεῖς
1088 5115 1255 5186 αὐτῷ.

214 5337 266 5383 et
300 5326 451 5381 Felc.
506 5324 558 5390 I,
586 5327 621 5396 ῄ
649 5324 864 5396 Γραφή,
890 5325 1046 5395 ἀνὴρ
1075 5324 1171 5381 διὰ
1193 5327 1309 5392 τὴν
1333 5324 1609 5396 γυναῖκα,
1641 5324 1807 5396 ἀλλὰ

215 5397 395 5469 γυνή,
432 5405 547 5469 elc._
584 5394 726 5469 Ediii
775 5394 839 5450 et
872 5394 1061 5469 _ali_i,_i1
1100 5397 1311 5469 Γραφή,
1342 5394 1664 5469 ὀάνῂρρζὰ
1689 5395 1807 5469 τὴν

214 5464 1157 5537 γυναῖκαεάλϊήγυνήέιιὶύεηί
1190 5464 1416 5537 S_eg'uet_'.
1460 5465 1645 5537 Basili.
1686 5464 1806 5537 ΔΑιι-

216 5531 421 5608 ὲιὶειιη.
466 5531 782 5591 Goblet‘ian.
824 5531 882 5592 et
916 5536 1060 5592 Felc.
1109 5537 1160 5603 1,
1203 5531 1291 5608 ἄρ’
1338 5531 1451 5590 οὖν.
1508 5534 1702 5590 Caneri
1748 5544 1805 5590 et

215 5609 365 5665 editi.
394 5606 485 5665 ἄρ’
512 5602 627 5661 οὖν.

284 5623 365 5669 ιιι,
394 5623 483 5669 αρ’
512 5623 627 5661 ουν.

287 5677 408 5751 (58)
436 5674 586 5751 ῐΐειε.
605 5674 671 5751 ῥ’,
699 5677 1087 5751 παρζστασθαι.
1116 5676 1306 5751 Paulo
1327 5684 1451 5751 post
1484 5674 1801 5751 Seguerian.

217 5745 318 5823 gas
341 5745 526 5823 μόνον.
555 5746 663 5823 Alii
691 5745 912 5819 ete'diti,
936 5750 1028 5805 καὶ
1060 5750 1238 5823 μόνον.
1271 5748 1473 5805 Ibidem
1492 5745 1800 5819 Anglican,

218 5811 509 5875 Kat'cloB-J
546 5811 714 5889 ἡμᾶς.

1925 1924 1991 1978 ad
2018 1932 2260 1978 nostram
2282 1923 2509 1993 gloriam
2538 1921 2715 1978 lactus
2737 1922 2998 1979 dicendus
3014 1924 3138 1977 erit.
3174 1922 3378 1977 Deinde
3395 1937 3495 1979 nos

1923 2013 2141 2083 quidem
2162 2012 2287 2068 lacti
2316 2029 2507 2070 sumus
2542 2023 2600 2068 ut
2625 2015 2984 2070 existeremus
3013 2033 3027 2069 :
3059 2024 3111 2069 at
3139 2013 3231 2068 Dei
3254 2012 3495 2069 Verbum

1922 2122 2032 2163 non
2051 2118 2109 2163 ut
2130 2108 2405 2168 existeret,
2432 2106 2525 2161 sed
2553 2108 2726 2162 nostri
2760 2108 2953 2179 gratia,
2977 2106 3495 2162 instarinstrumen-

1925 2199 1984 2263 ti,
2007 2198 2212 2253 factum
2228 2209 2340 2267 est;
2365 2199 2697 2270 proindeque
2726 2213 2835 2253 non
2857 2213 2956 2253 nos
2981 2206 3201 2269 propter
3217 2198 3370 2262 illud,
3397 2197 3496 2253 sed

1923 2291 2101 2361 ipsum
2119 2299 2338 2360 propter
2370 2304 2472 2345 nos
2493 2290 2730 2346 exsistit.
2761 2290 2841 2344 An
2868 2305 2975 2345 non
2994 2305 3124 2345 vero
3147 2290 3240 2361 qui
3277 2291 3393 2346 haec
3407 2290 3495 2345 vel

1920 2388 2130 2435 tantum
2147 2382 2406 2452 cogitant,
2422 2381 2664 2435 onmium
2682 2379 3076 2435 dementissimi
3090 2391 3218 2437 sunt
3234 2379 3498 2436 habendi?

1918 2469 2057 2526 Nam
2080 2471 2126 2527 si
2153 2479 2369 2542 propter
2395 2486 2498 2526 nos
2529 2469 2731 2525 factum
2752 2478 2836 2525 est
2862 2468 3126 2536 Verbum,
3169 2471 3329 2525 nobis
3344 2480 3495 2527 certe

1919 2562 2076 2632 prius
2103 2577 2213 2617 non
2229 2571 2312 2617 est
2337 2562 2479 2632 apud
2498 2561 2690 2618 Deum.
2705 2560 2889 2633 Neque
2905 2558 3049 2617 enim
3071 2576 3195 2616 cum
3213 2562 3344 2615 illud
3362 2562 3417 2615 in
3435 2576 3496 2616 se

1921 2655 2037 2724 ipse
2062 2654 2307 2719 haberet,
2346 2657 2414 2710 de
2451 2655 2612 2710 nobis
2658 2653 2912 2710 creandis
2952 2653 3269 2709 deliberavit
3310 2650 3491 2721 Deus;

1920 2746 2013 2800 sed
2042 2747 2221 2815 potius
2246 2762 2370 2802 cum
2390 2761 2490 2802 nos
2509 2746 2562 2800 in
2587 2761 2645 2802 se
2668 2746 2786 2817 ipse
2810 2745 3051 2810 haberet,
3080 2744 3147 2800 de
3166 2759 3267 2801 suo
3292 2743 3493 2813 Verbo,

1919 2844 1980 2891 ut
1995 2836 2070 2890 illi
2088 2837 2357 2903 dictitant,
2377 2837 2725 2908 producendo
2740 2835 3234 2903 deliberavit.Quod
3246 2837 3293 2891 si
3305 2850 3494 2891 verum

1918 2936 2022 2996 est,
2045 2928 2181 2986 forte
2207 2946 2306 2986 nec
2348 2930 2574 2987 omnino
2600 2930 2755 2987 Pater
2772 2929 2973 2986 Filium
3004 2929 3196 2985 voluit.
3219 2927 3354 2984 Nam
3383 2945 3495 2986 non

1925 3021 2104 3092 ipsum
2142 3023 2354 3089 volens,
2384 3023 2613 3087 creavit,
2650 3021 2744 3079 sed
2768 3036 2871 3077 nos
2894 3021 3105 3089 volens,
3160 3021 3339 3089 ipsum
3366 3033 3496 3090 pro-

1920 3124 2041 3185 pter
2062 3131 2163 3171 nos
2197 3116 2422 3170 creavit.
2462 3113 2743 3185 Siquidem
2778 3128 2903 3169 eum
2936 3121 3062 3184 post
3090 3126 3192 3167 nos
3219 3109 3496 3181 excogita—

1920 3208 2018 3274 vit,
2050 3207 2186 3263 adeo
2209 3214 2269 3263 ut
2288 3207 2424 3277 jam,
2447 3222 2516 3261 ex
2543 3206 2708 3277 impia
2734 3205 2952 3260 illorum
2986 3202 3277 3267 sententia,
3326 3199 3496 3255 inuti—

1920 3300 1990 3356 lis
2015 3300 2085 3355 sit
2115 3299 2310 3365 Filius,
2336 3315 2497 3370 quem
2533 3298 2706 3352 instar
2736 3294 3092 3351 instrumenti
3115 3293 3320 3349 factum
3369 3304 3494 3347 esse

1918 3392 2127 3455 volunt,
2146 3390 2580 3460 quandoquidem
2601 3403 2664 3443 ea
2675 3371 2815 3443 'snnt
2836 3386 3046 3450 eﬂ‘ecta,
3068 3398 3302 3455 quorum
3324 3396 3492 3438 causa

1918 3492 2135 3538 creatus
2163 3483 2279 3552 ipse
2301 3491 2406 3537 est.
2434 3480 2589 3547 Quod
2617 3480 2663 3535 si
2686 3478 2858 3534 Filius
2893 3495 2923 3532 a
2963 3477 3082 3533 solo
3121 3474 3281 3530 Patre
3314 3472 3491 3528 lactus

1911 3586 2015 3642 est,
2047 3574 2174 3645 quia
2205 3575 2357 3630 solus
2384 3573 2560 3644 potuit
2592 3575 2661 3627 ab
2704 3573 2796 3628 illo
2826 3571 2966 3633 tieri.
3005 3584 3107 3625 nos
3128 3577 3312 3623 autem
3358 3567 3490 3638 quia

1912 3681 2023 3722 non
2053 3666 2415 3737 potuerimus,
2452 3680 2483 3719 a
2516 3662 2698 3719 Verbo
2719 3662 2845 3717 lacti
2880 3660 3086 3716 luimus
3118 3678 3133 3713 :
3167 3674 3266 3714 cur
3286 3672 3396 3712 non
3421 3658 3491 3712 de

1913 3760 2029 3826 illo,
2052 3759 2252 3829 quippe
2277 3758 2370 3827 qui
2395 3758 2463 3813 ab
2493 3757 2615 3828 ipso
2652 3766 2837 3827 posset
2868 3754 3009 3819 ﬁeri,
3063 3753 3159 3809 sed
3207 3752 3275 3807 de
3326 3751 3488 3806 nobis

1913 3852 2166 3908 creandis
2191 3851 2426 3921 primum
2456 3849 2817 3905 deliberavit?
2845 3846 2940 3902 Vel
2964 3862 3062 3901 cur
3091 3859 3215 3900 eum
3266 3842 3363 3914 qui
3416 3842 3487 3898 ab

1914 3943 2033 4014 ipso
2063 3943 2179 3998 ﬁeri
2212 3950 2424 4013 poterat
2477 3941 2564 3997 bis
2624 3941 2718 4011 qui
2751 3954 2857 3995 non
2885 3946 3135 4010 poterant
3169 3950 3281 3991 non
3331 3944 3491 3990 aute-

1914 4037 2136 4109 posuit?
2163 4035 2260 4092 Vel
2281 4050 2450 4107 quare
2479 4051 2603 4090 cum
2634 4034 2873 4104 primum
2899 4047 3025 4088 eum
3055 4030 3265 4094 fecerit,
3294 4027 3361 4083 de
3393 4027 3488 4082 illo

1914 4142 2026 4183 non
2057 4126 2295 4197 primum
2336 4124 2705 4182 deliberavit?
2735 4124 2845 4180 Aut
2872 4123 3108 4193 denique
3154 4138 3253 4177 cur
3273 4136 3396 4178 cum
3421 4120 3490 4175 de

1914 4218 2075 4273 nobis
2100 4216 2340 4288 primum
2372 4216 2706 4284 deliberarit,
2731 4232 2841 4272 non
2888 4224 3070 4271 tamen
3106 4216 3344 4284 primum
3385 4227 3499 4268 nos

1988 4481 2100 4554 (59)
2139 4481 2651 4554 Basil.,etFelcle,
2682 4484 2947 4554 omittunt
2967 4485 3094 4554 περὶ
3125 4483 3304 4554 ἡμῶν.
3344 4484 3494 4554 Ibid.

1909 4550 2141 4675 ftegner.
2195 4552 2505 4608 Goblerian.
2541 4553 2688 4609 Felc.
2742 4552 2770 4609 1
2819 4563 2874 4609 et
2920 4552 2975 4623 4,
3010 4550 3319 4627 ἀλλ”ἡμᾶς
3360 4553 3487 4623 βου-

1941 4640 2143 4675 ευεται.

1941 4640 2143 4677 ευεται.

2134 4691 2267 4765 Reg.
2298 4692 2404 4746 οὐδ’
2439 4693 2617 4765 ἤθελε.

1980 4761 2093 4834 (61)
2136 4761 2551 4834 δυέυειήίςιηίΕἰ
2579 4766 2635 4819 δὲ
2667 4768 2761 4820 καὶ
2798 4767 2893 4829 ὡς.
2925 4764 3047 4819 Mox
3075 4762 3215 4819 idem
3260 4773 3314 4819 et
3346 4761 3479 4834 Reg.

1913 4833 2227 4907 Goblerian.
2257 4844 2311 4907 et
2338 4833 2483 4907 Felc.
2522 4835 2572 4899 1,
2611 4838 2772 4907 ἡμεῖς
2803 4837 2879 4907 δέ.
2912 4836 3016 4907 Alii
3049 4844 3102 4907 et
3128 4834 3293 4907 editio
3324 4833 3485 4907 (ξοπι-

1906 4905 2057 4975 mel.,
2078 4906 2237 4975 ὑμεῖς
2257 4904 2334 4975 δέ.
2353 4905 2561 4970 Anglic.
2584 4901 2804 4961 etHFelc.
2832 4906 2888 4971 ‘2,
2908 4905 3062 4970 ibid.,
3080 4901 3477 4975 6ovqrcol._Reg.

1906 4984 1961 5029 et
1990 4972 2130 5030 Felc.
2163 4974 2215 5039 5,
2248 4974 2491 5029 δυνατοῦ.
2528 4975 2659 5031 Ibid.
2692 4975 3036 5044 Seguerian.,
3066 4973 3215 5045 παρὰ
3240 4972 3335 5027 τοῦ
3375 4972 3480 5027 Λό-

1906 5063 2023 5116 γου.
2060 5045 2164 5099 Alii
2197 5048 2433 5116 et_editi,
2464 5046 2553 5100 διά
2587 5046 2682 5116 τοῦ
2713 5048 2907 5116 Λόγου.

1979 5116 2092 5181 (62)
2135 5116 2225 5170 Sic
2250 5114 2567 5184 Seguerian.
2619 5115 2751 5179 Reg.
2797 5113 2962 5171 Basil.
2992 5113 3200 5183 Anglic.
3242 5124 3299 5170 et
3330 5114 3481 5172 FeIc.

1906 5186 1959 5243 4.
1988 5187 2056 5257 At
2089 5186 2222 5257 editi
2252 5196 2306 5240 et
2340 5188 2451 5251 alii,
2475 5187 2706 5257 δυνατοῦ
2722 5186 2872 5250 ὄντος
2902 5187 3030 5257 περὶ
3056 5184 3244 5257 αὐτοῦ.

1976 5256 2086 5328 (65)
2122 5255 2268 5328 Fglc.
2304 5257 2358 5319 4,
2392 5257 2468 5319 ὡς
2510 5256 2660 5328 περί.
2687 5255 2891 5328 Ibidem
2928 5255 3244 5328 Seguerian.
3281 5255 3483 5328 Goble-

1905 5325 2142 5399 rian._’ct
2169 5326 2314 5399 Felc.
2348 5328 2400 5399 1,
2429 5328 2556 5399 περ).
2584 5325 2801 5399 πρῴτου
2839 5326 3347 5399 βουλεύεταιηῐὶεθ.
3377 5325 3482 5399 Ba:

1906 5400 1996 5454 sil.
2024 5397 2170 5453 Felc.
2206 5396 2241 5450 4
2264 5406 2317 5451 et
2339 5396 2555 5468 5,-περ).Δ
2570 5396 2787 5468 πρώτου
2818 5397 2982 5452 αὐτοῦ
3012 5396 3342 5468 βουλεύεται.
3374 5397 3490 5468 A_Ii't~

1905 5477 1960 5524 et
1986 5469 2137 5532 editi,
2170 5469 2297 5540 περὶ
2321 5466 2415 5540 τοῦ
2448 5463 2670 5540 πρώτου
2692 5468 2856 5540 αὑτοῦ
2885 5463 3216 5540 βουλεύεται.
3246 5466 3483 5540 Μωδε-

1907 5541 2154 5611 guerian.
2194 5536 2347 5611 Reg.
2376 5536 2593 5611 Gob'ler.
2631 5537 2776 5611 Fe‘lc.
2812 5536 2932 5604 1,’4
2971 5547 3025 5594 ει
3060 5539 3113 5604 5,
3161 5538 3483 5611 βουλευόμε-

1907 5606 2025 5680 νος.
2046 5609 2150 5680 Alii
2184 5618 2239 5663 et
2265 5606 2416 5680 editi,
2455 5606 2902 5680 βουλευσάμεκρς.

1979 5678 2092 5750 (64)
2132 5676 2769 5750 δεευετὶεῃιιεηῦοωεέ.
2804 5678 2952 5738 Felc.
2985 5679 3009 5736 1
3041 5688 3094 5736 ει
3121 5678 3177 5749 ι,
3198 5678 3308 5733 τῶν
3345 5676 3485 5741 πάν-

1906 5748 2033 5808 των.
2068 5749 2176 5807 Alii
2208 5748 2266 5806 ει
2298 5748 2448 5818 editi,
2481 5748 2588 5805 τῶν
2620 5749 2808 5808 όντων.
