3840 6220
347 362 455 420 215

938 395 949 403 -
993 361 1051 418 S.
1097 357 1469 416 ATHANASII
1500 358 1653 457 OPP.
1694 359 1876 416 PARS
1903 360 1945 416 Ι.
1971 391 2042 402 ——
2067 359 2437 417 HlSTORlCA
2471 358 2560 414 ET
2600 358 3023 416 DOGMATICA.

3484 360 3595 417 2’16

277 552 289 562 .
344 481 513 552 gignit
554 494 638 533 me
663 478 751 544 ⁸⁹;
789 491 969 532 nonne
1003 485 1058 531 et
1116 475 1243 547 ipsi,
1275 492 1430 531 more
1461 478 1742 548 gigantum
1773 492 1914 549 quos

2027 495 2135 532 nor
2154 475 2402 543 βουνῶν
2425 474 2609 547 γεννᾷ
2627 492 2705 545 με
2728 491 2742 506 ο
2780 474 2896 539 πῶς
2920 476 2982 528 ού
3020 473 3161 528 κατά
3192 473 3320 537 τοὺς
3363 471 3598 545 μυθευοσ-

346 574 624 628 celebrant
679 569 895 632 fabulae,
948 567 1150 623 bellare
1185 584 1309 624 cum
1375 567 1487 624 Deo
1516 568 1730 625 dicendi
1763 580 1913 636 sunt,

346 665 437 734 qui
460 665 666 735 lingua,
691 671 749 716 ut
775 677 899 716 cum
928 659 1216 716 Psalmista
1250 662 1466 731 loquar,
1513 670 1771 732 tanquam
1801 662 1917 733 gla-

346 757 437 811 dio
474 763 636 810 acuto
664 753 730 819 ⁸⁸,
758 768 857 822 pro
885 753 1179 808 asserenda
1212 754 1489 823 impietate
1521 754 1793 810 utuntur?
1823 752 1915 809 Si-

276 874 287 881 -
345 845 564 916 quidem
595 859 694 898 nec
716 841 894 897 Patris
914 857 1101 897 vocem
1131 858 1233 896 nec
1263 841 1563 898 Salvatoris
1596 843 1759 897 verba
1790 851 1918 897 sunt

343 937 562 994 reveriti
596 954 610 991 :
647 951 748 991 nec
777 934 985 990 sanctis
1017 934 1178 990 ﬁdem
1232 935 1456 999 habent,
1486 950 1722 1005 quorum
1770 949 1917 989 unus

341 1029 560 1101 quidem
592 1030 671 1085 sic
695 1027 921 1084 scribit:
950 1028 1055 1094 Qui
1094 1045 1211 1083 cum
1258 1029 1328 1083 sit
1370 1028 1617 1099 splendor
1646 1027 1832 1099 glorite
1865 1035 1918 1082 et

342 1125 516 1194 ﬁgura
536 1122 848 1177 substantia:
867 1123 981 1191 ejus
1008 1120 1050 1154 ⁶¹
1076 1136 1098 1186 ;
1121 1131 1175 1176 et
1204 1140 1217 1175 :
1245 1121 1490 1177 Christus
1519 1119 1616 1174 Dei
1662 1122 1828 1174 virtus
1865 1128 1918 1175 et

342 1213 442 1269 Dei
480 1214 744 1283 sapientia
761 1214 806 1246 θ’
840 1213 1023 1281 ;alius
1051 1212 1275 1268 veroita
1327 1212 1546 1281 psallit:
1595 1210 1737 1277 Quia
1775 1209 1918 1279 apud

345 1311 493 1358 te-est
517 1304 635 1373 fons
657 1303 798 1366 vitm,
824 1305 874 1357 in
899 1303 1097 1357 lumine
1120 1312 1209 1357 tuo
1230 1302 1520 1357 videbimus
1541 1302 1715 1356 lumen
1740 1301 1808 1366 ⁶³;
1828 1310 1913 1356 et:

348 1394 543 1450 Omnia
577 1396 633 1448 in
674 1396 935 1462 sapientia
962 1395 1136 1465 fecisti
1168 1395 1234 1448 ⁸⁸.
1270 1393 1557 1465 Propheta:
1585 1395 1711 1449 item
1738 1395 1912 1449 aiunt:

342 1482 415 1538 Et
439 1485 640 1555 factum
662 1494 739 1539 est
772 1482 995 1538 Verbum
1018 1483 1232 1540 Domini
1257 1485 1325 1538 ad
1351 1501 1428 1538 me
1454 1485 1520 1540 ⁸⁸.
1546 1484 1611 1537 Et
1633 1484 1873 1538 Joannes
1896 1503 1913 1539 :

341 1573 412 1628 In
434 1575 693 1644 principio
721 1585 835 1629 erat
865 1573 1091 1629 Verbum
1120 1575 1188 1630 ⁸⁸.
1226 1573 1293 1629 Ει
1321 1574 1499 1630 Lucas
1527 1594 1540 1629 :
1570 1574 1721 1630 Sicut
1753 1575 1919 1629 tradi-

342 1666 531 1719 derunt
555 1665 726 1729 nobis,
752 1668 842 1738 qui
864 1666 928 1719 ab
958 1666 1114 1720 initio
1152 1667 1253 1736 ipsi
1280 1666 1543 1730 viderunt,
1588 1675 1637 1719 et
1679 1666 1917 1720 ministri

351 1754 508 1811 Verbi
530 1756 742 1827 fuerunt
765 1758 832 1812 °".
864 1754 1035 1813 David
1078 1758 1243 1813 etiam
1276 1757 1412 1813 dicit
1439 1777 1451 1812 :
1507 1757 1658 1811 Misit
1690 1755 1917 1812 Verbum

2021 571 2213 642 μένους
2226 570 2488 639 γίγαντας
2510 568 2604 622 καὶ¹
2619 568 2774 621 αὐτοὶ
2797 566 2890 620 νῦν
2919 564 3267 636 θεομαχοῦσι.
3291 566 3392 636 τὴν
3417 565 3600 634 γλῶτ-

2017 678 2117 716 ταν
2140 659 2373 732 ἔχοντες,
2396 659 2471 722 ὡς
2499 653 2652 711 εἶπεν
2677 657 2706 709 ὁ
2724 654 2941 727 ψάλλων
2965 655 3099 727 (85),
3127 654 3397 726 μάχαιραν
3418 653 3599 720 ὀξεῖαν

2017 755 2097 818 είς
2129 751 2413 818 ἀσέϐειαν;
2442 749 2579 805 Οὔτε
2612 748 2722 820 γὰρ
2754 749 2851 820 τὴν
2885 747 3070 819 φωνὴν
3100 746 3194 801 τοῦ
3227 748 3440 819 Πατρὸς
3471 750 3601 817 ἐφο-

2019 843 2281 916 6ήθησαν,
2316 841 2440 896 οὔτε
2476 840 2571 894 τοῦ
2604 841 2855 911 Σωτῆρος
2887 838 3189 911 ᾐδέσθησαν
3220 838 3333 907 (86)
3380 837 3452 892 τὰ
3495 839 3599 910 ῥή-

2022 952 2167 1007 ματα
2182 952 2198 968 ο
2228 933 2343 988 ἀλλ’
2364 934 2482 986 οὐδὲ
2500 936 2615 996 τοῖς
2634 932 2809 1000 ἁγίοις
2833 929 3187 1001 ἐπείσθησαν,
3210 930 3306 983 τοῦ
3334 930 3434 1000 μὲν
3463 932 3601 1002 γρά-

2018 1044 2231 1099 φοντοςο
2272 1030 2376 1094 ⁸ος
2407 1025 2493 1080 ὢν
2517 1026 2884 1095 ἀπαύγασμα
2913 1023 3027 1093 τῆς
3056 1024 3241 1091 δόξης
3278 1024 3377 1078 καί
3415 1040 3599 1093 χαρα-

2016 1119 2169 1189 κτὴρ
2199 1118 2309 1187 τῆς
2350 1117 2744 1184 ὑποστάσεως
2766 1116 2954 1173 αὑτοῦ
2989 1114 3128 1187 (87)·
3165 1116 3281 1170 καί*
3343 1113 3600 1184 Χριστὸς

2019 1211 2170 1265 Θεοῦ
2194 1209 2306 1281 (88)
2330 1208 2602 1279 δύναμις,
2624 1207 2723 1261 καὶ
2753 1206 2902 1261 Θεοῦ
2935 1209 3152 1277 σοφίαο
3168 1205 3263 1260 τοῦ
3288 1205 3346 1259 δὲ
3368 1206 3599 1276 ψάλλον-

2015 1319 2130 1368 τοςο
2163 1304 2284 1357 Ὅτι
2309 1300 2468 1370 παρὰ
2496 1299 2596 1355 σοι
2628 1297 2791 1369 πηγὴ
2820 1297 2991 1368 ζωῆς,
3034 1299 3105 1353 ἐν
3146 1298 3227 1365 τῷ
3274 1299 3427 1369 φωτί
3478 1313 3599 1353 σου

2018 1397 2284 1465 ὀψόμεθα
2316 1393 2462 1464 φῶς,
2505 1394 2603 1447 καί
2616 1410 2631 1425 ο
2662 1397 2868 1449 Πάντα
2909 1396 2981 1448 ἐν
3025 1391 3213 1461 σοφίᾳ
3266 1392 3595 1458 ἐποίησας’

2016 1488 2111 1541 καὶ⁸
2134 1487 2242 1542 τῶν
2263 1487 2359 1558 μὲν
2389 1486 2682 1558 προφητῶν
2700 1487 2963 1555 λεγόντων
2983 1499 2999 1516 ⁵
3026 1483 3133 1539 Καὶ
3154 1482 3392 1553 ἐγένετο
3409 1483 3601 1552 Λόγος

2015 1575 2238 1643 Κυρίου
2274 1572 2425 1642 πρὸς
2449 1573 2555 1643 μέ·
2577 1574 2669 1627 τοῦ
2695 1574 2751 1627 δὲ
2797 1575 3043 1628 Ἰωάννου
3066 1614 3082 1638 ,
3134 1573 3232 1626 Ἐν
3261 1570 3421 1641 ἀρχῇ
3457 1566 3538 1642 ἦν
3563 1574 3599 1625 ὸ

2016 1667 2238 1735 Λόγος·
2293 1666 2390 1720 καὶ
2438 1665 2532 1720 τοῦ
2581 1667 2786 1730 Δουκᾶ,
2844 1664 3051 1731 Καθὼς
3103 1663 3455 1732 παίέδωκαν
3487 1661 3599 1733 (89)

2016 1758 2162 1827 ἡμῖν
2179 1762 2234 1813 οἱ
2252 1758 2353 1811 ἀπ’
2391 1757 2587 1827 ἀρχῆς
2617 1759 2907 1812 αὐτόπται
2948 1757 3048 1811 καὶ
3090 1754 3380 1824 ὑπηρέται
3428 1754 3600 1824 τενό-

342 1863 521 1913 suum,
562 1857 611 1904 et
633 1851 840 1904 sanavit
868 1866 955 1905 eos
980 1850 1044 1904 “.
1087 1847 1213 1904 llaac
1252 1849 1398 1903 enim
1448 1850 1627 1904 omnia
1662 1848 1916 1905 Arianam

2027 1869 2191 1922 μενοι
2223 1850 2332 1904 τοῦ
2357 1853 2583 1920 Λόγου·
2620 1852 2695 1914 ὡς
2729 1850 2824 1903 καὶ
2847 1848 3009 1902 πάλιν
3040 1846 3204 1901 Δαυῒδ
3252 1846 3403 1915 λέγει
3440 1844 3552 1916 (90)
3582 1863 3597 1876 ⁸

343 1941 545 2011 ubique
593 1941 879 2012 proﬂigant
934 1941 1181 1997 haeresim
1206 1983 1221 2007 ,
1256 1938 1528 2010 Verbique
1560 1948 1813 1996 asserunt
1844 1956 1914 1995 τε·

341 2033 669 2099 ternitatem,
704 2049 805 2089 nec
829 2035 1007 2103 ipsum
1038 2034 1302 2099 alienum,
1337 2032 1431 2087 sed
1483 2041 1693 2086 natura:
1737 2031 1913 2088 Patris

342 2120 624 2188 pr0prium
655 2135 796 2177 esse.
830 2120 965 2186 Quis
1003 2121 1147 2175 enim
1211 2136 1455 2191 unquam
1485 2121 1661 2177 lucem
1708 2120 1914 2192 absque

343 2209 633 2279 splendore
662 2210 834 2264 vidit?
869 2208 964 2264 Vel
1010 2210 1137 2278 quis
1161 2280 1165 2282 ν
1191 2210 1563 2266 characterem
1597 2212 1915 2266 substantia:

342 2300 564 2356 audebit
583 2300 818 2356 alienum
851 2301 972 2372 ejus
999 2315 1120 2357 esse
1149 2302 1368 2359 dicere?
1399 2305 1509 2359 Aut
1553 2303 1645 2374 qui
1707 2304 1755 2359 is
1801 2318 1911 2358 non

343 2393 579 2449 maxime
603 2395 825 2460 insanit,
843 2397 938 2465 qui
961 2397 1045 2451 vel
1062 2397 1265 2466 cogitat
1282 2395 1448 2452 Deum
1476 2394 1768 2466 aliquando
1795 2396 1913 2450 sine

342 2480 523 2541 Verbo
554 2485 670 2541 sive
716 2486 949 2543 Ratione
997 2498 1051 2543 et
1097 2489 1376 2560 Sapientia
1432 2487 1637 2542 fuisse?
1668 2484 1913 2555 Namque

340 2578 466 2634 ideo
502 2579 732 2650 hujusce
756 2581 903 2634 modi
932 2582 1178 2650 exempla
1209 2596 1271 2635 ac
1320 2578 1587 2651 imagines
1631 2575 1914 2647 proposuit

343 2668 644 2738 Scriptura,
669 2680 730 2725 ut
766 2672 1027 2741 quoniam
1072 2687 1160 2725 res
1206 2672 1421 2726 divinas
1454 2667 1915 2738 comprehendere

342 2760 626 2833 hominum
653 2775 763 2815 non
794 2761 935 2815 valet
966 2770 1184 2826 natura,
1215 2761 1407 2816 saltem
1430 2774 1497 2816 ex
1526 2760 1613 2815 his
1642 2760 1825 2828 aliqua
1845 2774 1913 2814 ex

340 2861 496 2923 parte
544 2864 601 2909 et
652 2854 907 2921 obscure,
965 2870 1066 2925 pro
1102 2855 1302 2911 nostris
1330 2852 1559 2918 viribus,
1616 2851 1914 2920 intelligere

340 2959 650 3014 possemus.
673 2945 752 3000 Ac
772 2947 1233 3016 quemadmodum
1267 2947 1383 3017 ipsa
1407 2960 1587 3001 rerum
1610 2954 1803 2998 natura
1832 2959 1915 2998 sa-

340 3037 412 3091 tis
444 3053 509 3092 ex
539 3053 599 3095 se
625 3048 712 3093 est
739 3038 807 3093 ad
835 3037 1179 3108 prohandum
1228 3039 1398 3094 Deum
1428 3050 1480 3094 et
1512 3036 1913 3108 providentiam

337 3139 499 3183 esse:
530 3125 803 3199 Siquidem
823 3145 888 3183 ex
920 3129 1283 3199 magnitudine
1327 3138 1377 3185 et
1419 3129 1809 3200 pulchritudine
1833 3144 1915 3182 re-

2033 1936 2369 1993 Ἆπέστειλε
2399 1937 2507 1992 τὸν
2531 1941 2726 2007 Λόγον
2752 1937 2960 2001 αὐτοῦ,
2988 1936 3338 2029 καῑκίάσατο
3353 1934 3599 2001 αὐτούς.

2021 2030 2206 2085 Ταῦτα
2228 2030 2338 2103 γὰρ
2372 2030 2549 2084 πάντα
2570 2031 2669 2103 τὴν
2696 2032 2793 2102 μὲν
2829 2027 3111 2103 ’Ᾱρειανὴν
3154 2029 3364 2101 αἵρεσιν
3418 2027 3604 2098 στηλι-

2018 2123 2163 2176 τεύει
2185 2121 2482 2193 πανταχοῦ,
2499 2122 2598 2194 τὴν
2622 2123 2680 2176 δὲ
2707 2122 2802 2176 τοῦ
2826 2122 2996 2191 Λόγου
3020 2121 3298 2191 ἀῖδιὸτητα
3322 2121 3599 2192 σημαίνει,

1978 2227 1986 2235 '
2020 2215 2114 2267 καὶ
2144 2214 2225 2267 ὅτι
2256 2214 2317 2266 οὗ
2349 2212 2517 2278 ξένος,
2558 2214 2671 2267 ἀλλ’
2707 2214 2838 2279 ἴδιος
2871 2214 2982 2285 (91)
3013 2213 3113 2285 τῆς
3151 2211 3483 2284 τοῦιΠατρὺς
3507 2210 3603 2264 ού-

2022 2306 2144 2370 σίας
2171 2305 2307 2360 ὲστί.
2340 2305 2478 2360 Πότε
2505 2308 2613 2379 γὰρ
2638 2304 2745 2360 εἷδέ
2774 2325 2858 2372 τις
2893 2306 3008 2376 φῶς
3037 2307 3209 2379 χωρὶς
3236 2305 3330 2360 τοῦ
3351 2304 3606 2374 ἀπαυγά-

2021 2415 2257 2469 σματος;
2291 2398 2363 2451 ’Ἡ
2380 2399 2464 2462 τίς
2487 2397 2663 2470 τολμᾷ
2690 2397 2868 2467 λέγειν
2887 2397 3167 2470 ἀλλότριον
3190 2392 3331 2451 εἶναι
3371 2396 3463 2450 τὸν
3498 2412 3602 2467 χα-

2022 2489 2271 2560 ρακτῆρα
2298 2488 2399 2559 τῆς
2417 2490 2805 2555 ὑποστάσεως;
2834 2490 2906 2543 Ἢ
2938 2489 3056 2553 πῶς
3075 2489 3136 2543 οὺ
3159 2489 3409 2561 μαίνεται
3437 2487 3604 2542 πλέον

2018 2581 2048 2633 ό
2081 2578 2180 2633 κᾶν
2209 2579 2606 2651 ἐνθυμούμενος
2634 2580 2826 2651 ἄλογον
2849 2582 2942 2635 καὶ
2963 2580 3162 2651 ἀσοφόν
3182 2597 3311 2634 ποτε
3331 2579 3422 2633 τὸν
3436 2579 3601 2644 Θεόν;

2020 2670 2254 2724 Τοιαῦτα
2312 2670 2422 2744 γὰρ
2471 2670 2542 2725 τὰ
2574 2672 2990 2745 παραδείγματα
3037 2671 3148 2744 (92)
3202 2672 3298 2726 καὶ
3346 2671 3603 2734 τοιαύτας

2017 2760 2117 2825 τὰς
2168 2762 2384 2826 εἰκόνας
2435 2761 2692 2835 ἐθηκενή
2734 2764 2963 2837 Γραφὴ,
2995 2765 3060 2819 ἵν’
3102 2763 3290 2835 ἐπειδὴ
3341 2759 3606 2826 ἀδύνατός

2019 2856 2166 2909 ἐστιν
2193 2856 2227 2927 ἡ
2264 2854 2577 2929 ἀνθρωπίνη
2611 2856 2771 2926 φύσις
2803 2859 2931 2930 περὶ
2960 2857 3094 2911 Θεοῦ
3127 2857 3477 2919 καταλαϐεῖν,
3499 2853 3607 2910 κᾶν

2020 2948 2087 3002 ὲκ
2110 2948 2316 3001 τούτων
2346 2948 2639 3017 ὀλιγοστῶς
2666 2967 2784 3013 πως
2805 2950 2902 3004 καὶ
2941 2949 3199 3022 ἀμυδρῶς
3219 2992 3235 3017 ,
3273 2947 3349 3014 ὡς
3379 2948 3606 3018 ἐφικτόν

2021 3038 2159 3100 ἐστι,
2188 3037 2515 3092 διανοεῖσθαι
2554 3038 2892 3112 δυνηθῶμεν.
2942 3040 3055 3094 Καὶ
3098 3039 3286 3114 ῶσπερ
3330 3042 3462 3113 περὶ
3505 3038 3604 3096 τοῦ

2022 3127 2162 3184 εἶναι
2183 3129 2319 3184 θεὸν
2349 3130 2461 3203 (95)
2485 3132 2577 3186 καὶ
2607 3134 2864 3205 πρόνοιαν
2892 3133 3173 3205 αὐτάρκης
3203 3136 3236 3205 ὴ
3265 3134 3441 3199 κτίσις
3464 3135 3607 3204 πρὸς

341 3235 461 3273 rum
500 3229 799 3274 creaturam
826 3264 841 3287 ,
885 3220 1103 3274 illarum
1149 3219 1372 3275 Creator
1409 3223 1769 3276 convenienter
1793 3237 1916 3276 con-

2027 3222 2117 3295 τὴν
2144 3222 2346 3292 γνῶσιν
2364 3242 2378 3255 ·
2428 3226 2528 3279 Ἐκ
2550 3224 2659 3298 γὰρ
2681 3228 2973 3296 μεγέθους
3001 3226 3104 3280 καὶ
3136 3227 3448 3296 καλλονῆς
3477 3245 3607 3283 κτι-

338 3310 564 3378 spicitur
581 3310 626 3341 ⁸³
656 3327 671 3377 ;
705 3325 805 3364 nec
832 3310 995 3365 verba
1023 3310 1295 3381 exigimus
1330 3320 1385 3366 ut
1414 3312 1715 3378 discamus,
1747 3310 1842 3367 sed
1868 3318 1926 3366 et

343 3404 643 3474 Scripturis
673 3403 873 3460 auditis
904 3404 1200 3466 credimus,
1233 3414 1287 3460 et
1319 3406 1527 3459 huncce
1554 3404 1800 3459 omnium
1832 3418 1923 3458 re-

341 3511 466 3551 rum
496 3495 746 3551 ordinem
782 3510 846 3550 ac
875 3505 1202 3551 concentum
1247 3496 1702 3565 contemplantes,
1761 3496 1917 3551 illum

342 3583 696 3655 intelligimus
724 3584 971 3639 omnium
986 3584 1278 3656 .opiiicem,
1304 3583 1593 3639 Dominum
1632 3600 1697 3640 ac
1743 3583 1916 3639 Deum

340 3693 487 3745 esse,
517 3678 748 3748 ejusque
774 3677 829 3732 in
857 3692 945 3732 res
974 3690 1168 3732 omnes
1218 3674 1614 3747 providentiam
1672 3676 1912 3731 admira-

339 3770 504 3826 bilem
539 3778 594 3825 et
625 3769 1072 3839 gubernationem
1117 3766 1508 3839 agnoscimus;
1559 3769 1635 3823 ita
1662 3767 1916 3822 similiter

339 3875 464 3916 eum
491 3873 577 3925 ea,
607 3874 729 3929 qua:
767 3859 1031 3914 hactenus
1055 3858 1202 3913 dicta
1237 3867 1388 3923 sunt,
1436 3859 1595 3929 plane
1638 3857 1918 3914 sufﬁciant

340 3951 409 4005 ad
443 3950 568 4005 Filii
598 3950 931 4018 probandam
981 3949 1322 4005 divinitatem
1351 3988 1366 4015 ,
1396 3966 1623 4017 vanum,
1651 3951 1762 4005 imo
1786 3951 1918 4007 stul-

340 4039 616 4095 tissimum
650 4037 816 4092 fuerit
842 4039 945 4093 hac
969 4038 1035 4093 de
1061 4053 1122 4093 re
1150 4039 1420 4105 dubitare,
1457 4049 1621 4110 atque
1662 4039 1920 4097 haeretice

343 4133 703 4202 interrogare,
725 4131 1002 4201 quomodo
1030 4129 1203 4183 Filius
1237 4130 1411 4199 potuit
1447 4145 1568 4185 esse
1606 4132 1674 4185 ah
1700 4132 1918 4186 aeterni-

343 4229 475 4283 tate,
501 4221 587 4275 vel
613 4221 889 4290 quomodo
916 4235 983 4274 ex
1008 4218 1188 4272 Patris
1226 4228 1310 4273 est
1339 4218 1667 4287 substantia,
1699 4235 1802 4275 nec
1836 4228 1919 4275 ta-

342 4327 472 4367 men
497 4311 620 4382 ejus
640 4326 789 4381 pars,
816 4326 942 4366 cum
967 4311 1021 4366 id
1068 4309 1312 4381 quidem,
1340 4308 1507 4380 396
1530 4310 1676 4379 quod
1711 4325 1779 4365 ex
1818 4311 1921 4365 ali-

415 4469 461 4500 "
509 4467 669 4523 Prov.
714 4468 952 4535 “13,25.
1068 4468 1112 4499 ⁶⁰
1140 4467 1281 4522 Psal.
1324 4482 1431 4529 ινι,
1480 4467 1533 4521 5.

1642 4466 1683 4498 ⁸³
1717 4464 1883 4520 Hebr.
1922 4482 1960 4529 ι,
1990 4467 2044 4522 5.

2026 3308 2273 3378 σμάτων
2290 3312 2603 3384 ἀναλόγως
2623 3317 2656 3368 ό
2687 3318 3108 3385 γενεσιοιφγός
3134 3316 3332 3371 αὐτῶν
3377 3317 3610 3388 θεωρεῖ-

2021 3419 2117 3458 ται
2144 3419 2159 3433 ·
2183 3402 2278 3456 καὶ
2301 3404 2362 3456 οὐ
2397 3404 2581 3473 φωνὰς
2606 3407 2966 3472 ἀπαιτοῦντες
2991 3412 3123 3481 παρ’
3165 3408 3346 3464 αὐτῶν
3394 3410 3607 3482 μανθά-

2020 3514 2206 3568 νομεν,
2241 3497 2356 3551 ἀλλ’
2391 3498 2682 3562 ἀκούοντες
2708 3498 2806 3569 μὲν
2837 3498 2946 3552 τῶν
2985 3497 3217 3571 Γραφῶν
3254 3499 3608 3572 πιστεύομεν,

2021 3587 2116 3639 καὶ
2139 3572 2311 3659 αὐτὴν
2337 3587 2395 3642 δὲ
2424 3589 2524 3660 τὴν
2558 3586 2712 3655 τάξιν
2737 3586 2845 3640 τῶν
2886 3586 3102 3642 πάντων
3138 3588 3472 3661 θεωροῦντες
3512 3591 3611 3645 καὶ

2018 3675 2118 3747 τὴν
2154 3679 2440 3751 ἁρμονίαν,
2483 3678 2920 3749 ὲπιγινώσκομεν
2963 3678 3151 3734 τοῦτον
3197 3678 3336 3735 εἶναι
3380 3681 3605 3736 πάντων

2022 3765 2251 3838 ποιητὴν
2279 3765 2373 3820 καὶ
2404 3767 2683 3838 Δεσπότην
2714 3769 2809 3822 καὶ
2840 3767 2991 3832 Θεὸν,
3024 3770 3215 3824 τούτου
3255 3788 3316 3824 τε
3350 3771 3463 3842 (94)
3507 3772 3611 3845 τὴν
3690 3826 3699 3833 .

2021 3858 2103 3921 είς
2130 3856 2309 3911 πάντα
2332 3857 2588 3929 πρόνοιάν
2612 3876 2671 3912 τε
2701 3858 3021 3932 θαυμαστὴν
3052 3864 3147 3915 καὶ
3174 3861 3472 3933 ἡγεμονίαν
3504 3880 3610 3917 κα-

2020 3945 2442 4018 ταλαμϐάνομεν
2461 3964 2475 3977 ·
2508 3948 2601 4000 τὸν
2627 3949 2790 4003 αὐτὸν
2819 3951 3021 4023 τρόπον
3044 3952 3173 4022 περὶ
3198 3952 3298 4023 τῆς
3335 3950 3433 4006 τοῦ
3471 3952 3608 4007 Υἱοῦ

2023 4034 2279 4108 θεότητος
2325 4037 2525 4093 ἱκανῶν
2567 4039 2736 4094 ὄντων
2766 4042 2875 4095 τῶν
2917 4041 3331 4113 προειρημένων
3381 4045 3566 4116 ῥητῶν
3588 4085 3604 4109 ,

2023 4131 2297 4200 περιττὸν,
2332 4130 2532 4199 μᾶλλον
2565 4132 2623 4185 δὲ
2650 4133 2745 4185 καὶ
2787 4133 2984 4203 μανίας
3038 4134 3204 4187 πλέον
3248 4135 3397 4188 ἐστὶν
3432 4136 3611 4206 ἀμφι-

2023 4220 2260 4285 suum,
2279 4221 2374 4274 καὶ
2399 4222 2690 4292 αἱρετικῶς
2714 4223 3101 4290 πυνθάνεσθαι,
3126 4225 3243 4290 πῶς
3271 4223 3365 4281 οὗν
3380 4226 3607 4284 δύναται

2023 4310 2212 4375 ἀῐδίως
2238 4306 2379 4365 εἶναι
2402 4315 2431 4365 ό
2456 4312 2585 4376 Υἱός
2624 4312 2736 4387 (95)
2764 4331 2779 4382 ;
2817 4314 2852 4386 ἢ
2883 4315 3000 4381 πῶς
3022 4316 3244 4372 δύναται
3283 4322 3350 4374 ὲκ
3380 4320 3481 4391 τῆς
3514 4319 3610 4376 οἰ-

2165 4468 2210 4499 "
2237 4465 2258 4520 Ι
2290 4464 2417 4522 Cor.
2458 4481 2497 4527 t.
2539 4466 2630 4521 2i.

2738 4468 2781 4499 ”
2812 4467 2954 4524 Psal.
2985 4486 3155 4536 xxxv,
3185 4471 3274 4529 10.
3381 4471 3429 4505 ⁸⁸
3454 4472 3601 4531 Psal.

339 4556 460 4608 cur,
485 4539 575 4593 24.
652 4539 697 4571 ⁸⁸
723 4536 920 4595 letam.
951 4538 1081 4605 11,1.
1160 4537 1206 4568 “
1243 4536 1402 4592 Joau.
1452 4552 1491 4603 ι,
1530 4538 1578 4592 l.
1653 4537 1695 4568 ⁸⁷
1728 4536 1862 4592 Luc.
1908 4554 1916 4591 ι

2027 4544 2041 4588 ί
2106 4536 2314 4593 “Psal.
2346 4552 2455 4605 cvr,
2477 4537 2567 4591 20.
2647 4539 2693 4571 ⁸⁸
2719 4536 2959 4610 Sapient.
2992 4557 3113 4607 xui,
3136 4541 3190 4597 5.

414 4729 529 4797 (85)
559 4727 777 4783 Gobler.
807 4736 863 4782 et
888 4724 1031 4781 Felc.
1068 4728 1122 4787 Ι.
1161 4722 1313 4780 εἶπεν
1336 4727 1370 4779 ὁ

414 4729 507 4797 (85
559 4729 777 4783 Gobler.
807 4736 863 4782 et
888 4729 1031 4781 Felc.
1068 4729 1122 4787 l,
1161 4729 1313 4780 εἶπεν
1336 4729 1370 4779 ὁ
1398 4729 1633 4796 ψαλμός.

412 4729 720 4877 (86)-,Ὲεια
757 4797 821 4877 ﬁ,
873 4797 1222 4877 ἐφοϐήθησαν
1274 4797 1313 4877 ἣ
1357 4797 1725 4877 ὲςρρξὶηθησαν.
1776 4796 1915 4852 Ibid.

413 4838 526 4869 μιν,
575 4838 720 4856 .-.η
766 4838 821 4860 τ,
873 4838 1218 4877 ..γυνηνγνη
1281 4838 1291 4849 .
1358 4838 1699 4866 qua”--.

340 4870 484 4924 Felc.
521 4870 573 4933 5,
611 4870 893 4933 mendose,
924 4868 991 4921 τὰ
1018 4885 1111 4920 του
1144 4838 1357 4938 Πατρὲς
1376 4838 1704 4938 ῂδέσὸησαν.

437 4940 526 5007 87)
566 4938 737 4991 Αὑτοῦ
778 4939 932 4992 abest
957 4954 988 4992 a
1029 4938 1350 5005 Seguerian.

413 4940 525 5083 (88)
560 5009 915 5083 ὃςέιιθικλκαὶ
942 5008 1274 5083 ᾕριστος-ὃὲ
1309 5007 1350 5083 9

1398 4725 1506 4794 ψαλ
1513 4725 1633 4796 μός.

364 5038 371 5044 -
413 5006 525 5079 (88)
560 5009 783 5079 Sgguer.
822 5009 915 5061 καὶ
944 5008 1274 5079 ίΧριστὸςίὸὲ
1309 5006 1469 5079 Θεοῦ,
1498 5017 1603 5063 etc.
1638 5006 1761 5062 Mox
1804 5006 1918 5063 Go-

340 5077 477 5134 bler.
513 5087 567 5133 et
610 5077 755 5149 Felc.
784 5079 839 5143 2,
873 5078 971 5149 τού
1007 5077 1069 5132 δὲ
1114 5077 1427 5149 ψαλμιρδοίζ.

413 5150 524 5221 (89)
565 5148 908 5221 δὶρδεςιιοικ
947 5148 1082 5218 Reg.
1121 5146 1338 5221 Gobler.
1378 5147 1524 5203 Felc.
1551 5148 1578 5201 1
1604 5159 1660 5203 et
1686 5148 1742 5202 4.
1773 5146 1916 5203 Editi

341 5218 702 5307 vci'gnetnalii:
733 5218 1043 5307 xaﬁdagnx'a‘t
1074 5220 1418 5307 παρέδωκαν.

435 5289 524 5357 90)
560 5287 780 5344 Gobler.
812 5301 868 5343 et
904 5289 1047 5344 Felc.
1079 5291 1104 5343 1
1143 5287 1218 5353 ὡς
1248 5300 1302 5344 et
1332 5289 1479 5357 λέγει
1503 5288 1781 5343 omittunt.

438 5357 916 5440 9l_)r_Sic‘S‘egu_er.
963 5360 1280 5440 At‘An‘glie.
1306 5359 1463 5440 and}:
1503 5358 1916 5440 diﬁtoq.ﬂC:cteri

341 5441 396 5483 θοι
425 5427 605 5493 editi,
643 5429 779 5483 ἀλλὰ
824 5430 975 5493 ἴδιος.
1027 5427 1198 5485 Paulo
1247 5441 1373 5497 post
1423 5429 1647 5499 Seguer.
1691 5427 1915 5499 Gobler.

344 5499 488 5572 b‘elc.
523 5500 560 5572 l
582 5508 636 5552 et
662 5500 716 5563 4,
746 5503 914 5571 χωρὶς
943 5502 1038 5555 τοῦ
1077 5497 1531 5572 ἁπαυγάσματος.
1557 5497 1664 5554 Alii
1685 5510 1740 5555 et
1765 5498 1916 5564 editi,

341 5570 509 5640 χωρὶς
538 5569 989 5640 ἀπαυγασματος.

413 5638 536 5712 (92)
568 5638 1292 5712 Segtter._VAnglic._Gobler.
1320 5651 1371 5696 et
1412 5640 1562 5697 Fele.
1597 5641 1645 5697 Ι,
1697 5638 1922 5712 τοιαῦτα

343 5710 453 5784 γὰρ
484 5710 1016 5784 σεάπαραδείγματα.
1045 5710 1180 5784 ibid.
1214 5712 1463 5784 segnem
1493 5713 1751 5784 τοιαύτας
1778 5710 1924 5784 είκόη

339 5781 456 5848 νας·
490 5781 631 5839 Editi
664 5781 731 5838 et
770 5783 882 5850 alii,
925 5782 1159 5849 Τοιαῷτα
1198 5781 1308 5854 γὰρ
1356 5781 1774 5856 παραδείγματα.
1806 5781 1926 5836 καὶ·

1945 4729 1997 4789 ι)
2021 4724 2274 4789 τοιαύτας
2312 4722 2412 4795 τὰς
2451 4724 2688 4789 εἰκόνας.
2735 4724 2908 4780 Paulo
2935 4734 3061 4795 post
3108 4726 3334 4795 Seguer.
3375 4723 3602 4782 Gobler.

2025 4807 2078 4852 et
2112 4796 2259 4850 Felc.
2289 4796 2342 4861 1,
2364 4794 2678 4863 ὸλιγοστῶς.
2715 4794 2910 4850 Caneri
2940 4794 2993 4848 et
3023 4794 3425 4864 θιὶἱῑίίόλίγως.

2096 4867 2206 4940 (9-5)
2240 4865 2491 4940 Seguer.,
2515 4865 2605 4940 τόν
2635 4865 2923 4940 Qsvailox
2944 4866 3085 4940 idem
3113 4877 3167 4940 et
3192 4865 3350 4940 R_eg.,
3368 4866 3608 4940 iExjdp

2099 4936 2296 5008 γέθους
2324 4936 2418 4988 καὶ
2449 4935 2715 5008 καλλονῆς
2743 4937 3086 5008 *κτισμάτων
3130 4936 3429 5008 ἀναλόγως.
3468 4935 3602 5008 Reg.

2044 5014 2208 5079 labet,
2229 5006 2339 5060 τῶν
2361 5006 2695 5079 κτισμάτων.
2729 5006 2947 5062 Gobler.
2983 5006 3129 5079 Felc.
3169 5008 3193 5061 1
3230 5016 3285 5061 et
3308 5006 3362 5072 5,
3396 5009 3463 5079 εκ
3495 5006 3609 5079 γᾶρ

2069 5077 2291 5146 εγὲθους
2338 5077 2445 5148 καὶ
2485 5077 2746 5148 καλλονῆς
2789 5080 2883 5131 καὶ
2933 5078 3249 5148 κτισμάτων
3301 5077 3605 5148 ἀναλόγως.

2024 5094 2291 5200 ἕεγεοους
2350 5094 2445 5130 και
2485 5094 2883 5163 καλλονηὶκαι
2933 5094 3249 5159 κτισμμτων
3301 5094 3605 5201 αναλοιὲως.

2069 5150 2171 5219 elc.
2207 5148 2261 5212 4,
2310 5147 2405 5219 Ἐκ
2456 5164 2565 5219 γαρ
2598 5164 2857 5219 μεγαλης
2893 5148 3157 5218 καλλονης
3209 5148 3305 5201 καὶ
3342 5150 3476 5219 μεγέ
3512 5166 3608 5214 ους

2023 5218 2119 5271 καὶ
2144 5218 2459 5293 κτισμάτων
2492 5218 2788 5293 ἀναλόγωςἶ
2815 5218 2954 5293 Ettiti
2988 5227 3201 5293 vero_et
3226 5218 3351 5293 alii,
3380 5219 3476 5293 Ἐκ
3496 5219 3608 5293 γὰρ

2068 5286 2289 5359 εγέθους
2313 5288 2405 5341 καὶ
2427 5288 2690 5359 καλλονῆς
2707 5289 2802 5359 καὶ
2825 5288 3054 5352 κτίσεως
3076 5289 3284 5359 κόσμου
3302 5286 3608 5359 ἀναλόγως.

2023 5306 2289 5411 μεγεθους
2313 5306 2405 5341 και
2427 5306 2690 5359 καλλονης
2707 5306 2802 5340 και
2825 5306 3054 5352 κτίσεως
3076 5306 3284 5359 κόσμου
3302 5306 3608 5359 αναΑογως.

2050 5360 2161 5431 h_id.
2194 5357 2418 5431 Seguer.
2456 5359 2675 5431 Gobler.
2708 5358 2852 5413 Felc.
2875 5360 2913 5431 17
2936 5359 3071 5431 eti,
3106 5361 3490 5431 γενεσιουργὺς
3516 5360 3612 5414 αὺ-

2023 5428 2151 5482 τῶν.
2187 5429 2293 5482 Alii
2321 5439 2375 5482 ct
2412 5430 2541 5484 editi
2569 5430 2827 5483 omittunt
2860 5429 3061 5485 αὐτῶν.

2096 5498 2206 5570 (94)
2236 5500 2459 5570 Seguer.
2491 5498 2709 5570 Regius,
2729 5498 3073 5570 Basiliensis,
3101 5500 3461 5568 Anglicanus.
3496 5498 3607 5556 Go-

2029 5571 2255 5625 hlerian.
2294 5581 2349 5622 et
2375 5569 2519 5626 Felc.
2561 5569 2610 5634 li,
2650 5569 2838 5623 τούτου
2866 5587 2948 5624 τε.
2990 5569 3133 5626 Editi
3168 5582 3219 5623 et
3253 5570 3368 5633 alii,
3408 5570 3607 5623 τούτου

2027 5640 2106 5694 δέ.
2135 5639 2268 5693 Ibid.
2309 5638 2695 5708 Seguerianus,
2739 5641 3049 5696 Goblerian.
3097 5649 3154 5694 et
3184 5638 3503 5696 Felckman.
3550 5636 3607 5708 ίν

2030 5710 2287 5783 πρόνοιάν
2319 5727 2398 5783 τε..
2429 5711 2497 5764 At
2534 5712 2586 5765 in
2615 5712 2735 5783 aliis
2762 5725 2816 5764 et
2844 5713 3004 5783 editis
3027 5712 3177 5768 deest
3198 5726 3282 5765 τε.

2102 5778 2215 5853 (95)
2247 5779 2558 5836 Felckman.
2594 5783 2647 5849 4,
2677 5777 2814 5836 εἶναι
2848 5781 2977 5847 Υἱός
