3840 6220
349 333 457 391 Ξ19

998 326 1058 385 S.
1098 327 1477 385 ATHANASII
1513 325 1667 386 OPP.
1700 326 1893 385 PARS
1921 326 1963 383 1.
1994 359 2065 372 --
2096 325 2596 386 BlSTORiCAET
2635 323 3058 383 DOGMATICA.

3518 308 3628 382 2'30

419 453 512 508 54.
545 448 797 521 Namque
845 448 895 504 si
948 446 1004 503 in
1035 446 1195 504 factis
1225 447 1314 503 his
1345 455 1401 503 et
1427 448 1711 518 corporeis
1766 446 1924 503 rebus

2106 446 2194 502 34.
2229 447 2295 500 Ει
2327 446 2436 518 γὰρ
2458 445 2553 501 καὶ
2585 445 2681 500 ἐπὶ
2733 443 2937 497 τούτων
2961 440 3072 496 τῶν
3097 438 3341 514 γενητῶν
3390 438 3486 495 καὶ
3517 456 3629 497 σω-

348 540 574 614 quidam
605 540 951 611 reperiuntur
990 536 1176 605 fetus,
1232 537 1328 608 qui
1384 550 1734 605 naturarum,
1789 537 1936 592 unde

349 645 480 690 sunt
509 633 708 697 exorti,
741 639 923 701 partes
952 644 1063 685 non
1091 630 1223 696 sint,
1280 644 1383 685 nec
1413 630 1624 701 patibili
1685 628 1936 700 producti

349 726 460 782 sint
487 725 674 790 modo,
726 738 905 792 neque
941 731 1231 792 parentum
1285 723 1588 778 minuerint
1636 733 1931 790 naturam;

349 832 532 872 nonne
559 830 755 871 rursus
784 815 1068 870 dementes
1101 823 1254 880 sunt,
1287 814 1383 884 qui
1424 815 1479 869 in
1510 830 1645 870 vero
1669 823 1725 870 et
1751 815 1936 869 incor-

348 921 518 977 poreo
542 905 651 960 Deo
678 913 862 976 partes
890 919 957 958 ac
985 903 1226 973 patiendi
1254 903 1445 959 modos
1478 912 1730 974 quaerant
1762 913 1817 959 et
1836 919 1933 958 su-

348 998 647 1068 spicentur,
678 996 839 1066 eique
896 996 991 1065 qui
1035 995 1394 1052 immutabilis
1438 1004 1523 1051 est
1580 1011 1681 1051 nec
1726 994 1933 1065 aliquid

347 1090 459 1159 pati
490 1096 690 1159 potest,
722 1087 1028 1142 attribuant
1058 1086 1377 1153 divisiones,
1403 1095 1464 1142 ut
1491 1088 1700 1143 scilicet
1723 1087 1935 1156 simpli-

347 1182 492 1238 cium
527 1198 690 1237 aures
712 1181 819 1236 hac
848 1181 1065 1235 ratione
1092 1181 1428 1236 conturbent
1452 1191 1618 1253 atque
1655 1197 1685 1236 a
1707 1180 1933 1236 veritate

347 1275 645 1331 averlant?
700 1272 837 1340 Quis
879 1274 1026 1328 enim
1059 1273 1335 1329 audiendo
1369 1288 1568 1327 nomen
1602 1272 1726 1328 Filii
1757 1312 1772 1338 ,
1822 1288 1931 1351 non

346 1368 528 1422 statim
554 1365 820 1435 intelligat
844 1365 990 1435 quod
1037 1362 1216 1418 Patris
1241 1374 1453 1421 natura:
1484 1366 1765 1436 proprium
1794 1373 1879 1421 est
1909 1365 1934 1419 ἲ

345 1457 484 1523 Quis
509 1471 661 1523 vero,
713 1470 838 1511 cum
877 1455 1073 1526 primis
1120 1454 1450 1512 Christiana:
1483 1456 1768 1527 religionis
1817 1457 1929 1513 ele-

347 1547 547 1601 mentis
593 1543 1005 1610 informaretur,
1061 1542 1172 1598 Deo
1219 1542 1419 1598 Filium
1473 1561 1596 1601 esse
1654 1545 1927 1614 audiens,

345 1638 644 1707 omniaque
673 1652 796 1691 cum
822 1636 1044 1706 proprio
1076 1633 1258 1691 Verbo
1282 1635 1445 1706 397
1484 1635 1710 1703 fecisse,
1737 1638 1789 1693 id
1817 1654 1927 1693 non

345 1743 413 1783 eo
461 1744 626 1784 sensu
688 1728 994 1799 perceperit
1021 1743 1132 1798 quo
1179 1745 1281 1785 nos
1317 1744 1465 1784 nunc
1529 1729 1929 1803 intelligimus?

346 1820 484 1889 Quis
515 1837 640 1876 cum
664 1822 877 1891 impura
912 1821 1242 1876 Arianorum
1275 1822 1499 1879 hat-esis
1526 1833 1654 1878 nata
1678 1831 1781 1888 est,
1819 1840 1927 1879 non
1963 1798 2005 1852 Β

346 1915 614 1970 continuo
641 1913 827 1968 audita
866 1913 1084 1967 illorum
1112 1914 1383 1969 sententia
1409 1915 1714 1985 obstupuit,
1745 1923 1931 1985 utpote

345 2008 522 2062 aliena
556 2007 916 2077 loquentium,
943 2007 1217 2077 aliamque
1243 2008 1802 2077 superseminantium
1833 2010 1931 2065 do-

343 2100 576 2157 ctriuam
606 2101 676 2155 ab
710 2115 773 2155 ea
796 2115 917 2170 quae
939 2099 1008 2154 ab
1038 2099 1197 2154 initio
1225 2100 1493 2155 seminata
1516 2100 1645 2156 est?
1672 2100 1931 2157 Doctrina

343 2192 615 2262 siquidem
646 2206 769 2261 quae
802 2191 1040 2261 primum
1073 2190 1128 2244 in
1159 2190 1405 2259 qualibet
1436 2191 1619 2246 anima
1649 2200 1733 2248 est
1762 2191 1929 2247 semi-

344 2291 493 2348 nata,
522 2281 835 2351 hujusmodi
864 2291 971 2346 est,
1010 2280 1120 2336 Deo
1146 2280 1347 2335 Filium
1392 2296 1517 2337 esse
1562 2282 1656 2352 qui
1690 2283 1811 2351 ejus
1859 2284 1932 2338 sit

342 2371 603 2440 Verbum,
628 2374 894 2442 sapientia
926 2383 981 2428 et
1007 2373 1201 2441 virtus,
1228 2374 1456 2444 haecque
1498 2375 1618 2444 ejus
1644 2390 1768 2430 esse
1793 2376 1933 2433 ima-

341 2465 521 2536 ginem
545 2474 600 2520 et
631 2465 976 2534 splendorem
1005 2484 1017 2519 :
1046 2481 1115 2520 ex
1147 2465 1350 2536 quibus
1385 2466 1529 2519 ultro
1565 2467 1814 2535 sequitur
1839 2464 1933 2518 Fi-

341 2558 475 2613 lium
505 2572 721 2627 semper
741 2572 883 2622 esse,
908 2572 974 2611 ex
1000 2556 1160 2611 Patre
1183 2572 1327 2623 esse,
1356 2556 1593 2611 similem
1614 2557 1761 2612 illius
1786 2571 1927 2620 esse,

340 2659 716 2721 aeternumque
754 2660 964 2705 natura;
1000 2664 1123 2723 esse
1165 2650 1357 2716 letum,
1392 2649 1527 2703 nihil
1568 2649 1805 2718 denique
1846 2648 1933 2703 hic

341 2745 547 2799 factum
595 2753 690 2799 aut
743 2754 988 2799 creatum
1035 2743 1232 2798 debere
1289 2743 1542 2812 cogitari.
1575 2743 1645 2796 At
1683 2744 1773 2798 ubi
1828 2744 1932 2798 ini-

342 2836 523 2892 micus
578 2837 744 2892 homo
812 2835 1215 2898 dormientibus
1271 2835 1589 2890 hominibus
1660 2837 1823 2891 hasce
1865 2837 1932 2891 de

340 2928 484 2983 Filio
515 2928 801 2998 opiniones
826 2927 1285 2997 superseminavit
1310 2927 1378 2994 "",
1413 2943 1607 2997 nempe
1628 2944 1752 2982 eum
1778 2944 1933 2983 crea-

342 3027 458 3074 tum
480 3034 622 3085 esse,
654 3019 951 3088 aliquando
984 3018 1155 3074 fuisse
1186 3034 1311 3074 cum
1346 3034 1454 3073 non
1503 3028 1670 3084 esset,
1701 3027 1755 3073 et
1789 3036 1930 3090 quo-

340 3113 509 3167 modo
553 3112 720 3181 igitur
752 3111 805 3166 id
845 3111 961 3166 ﬁeri
1016 3112 1227 3181 potest?
1272 3126 1402 3166 tunc
1440 3112 1606 3167 veluti
1654 3113 1926 3168 zizanium
1956 3153 1999 3210 ϐ

339 3201 484 3257 facta
526 3211 609 3257 est
636 3217 891 3271 perversa
925 3201 1130 3256 Christi
1165 3201 1516 3257 inimicorum
1553 3202 1799 3270 haeresis,
1831 3206 1923 3273 qui

340 3294 509 3356 illico,
537 3302 800 3364 tanquam
853 3294 1005 3348 omni
1054 3303 1203 3348 recto
1242 3309 1408 3348 sensu
1439 3294 1706 3359 destituti,
1740 3294 1923 3349 furum

340 3386 536 3450 instar,
557 3385 850 3441 circumire
871 3395 1175 3457 creperum,
1198 3401 1373 3457 eoque
1396 3387 1732 3443 devenerunt
1756 3398 1925 3444 teme-

337 3476 520 3531 ritatis
557 3484 611 3530 ut
646 3477 763 3532 haec
799 3476 1081 3533 dicerent:
1114 3496 1135 3529 ι
1172 3478 1278 3546 Qui
1313 3479 1431 3534 ﬁeri
1464 3490 1726 3551 potestut
1749 3483 1923 3541 Filius

340 3582 558 3637 semper
592 3582 715 3622 cum
759 3566 920 3624 Patre
951 3568 1159 3624 fuerit?
1185 3569 1434 3641 Namque
1484 3574 1628 3643 apud
1673 3575 1921 3631 homines

337 3670 465 3733 post
510 3662 731 3731 aliquod
779 3663 1044 3716 duntaxat
1090 3673 1303 3733 tempus
1347 3680 1412 3720 ex
1467 3666 1782 3724 hominibus
1824 3669 1921 3722 lilii

341 3762 663 3820 nascuntur,
691 3753 765 3807 ita
799 3762 857 3807 ut
886 3754 1036 3809 verbi
1079 3754 1251 3824 gratia
1285 3765 1437 3826 pater
1469 3757 1689 3827 triginta
1721 3760 1792 3814 sit
1824 3774 1924 3812 an-

341 3860 561 3911 norum,
580 3862 703 3901 cum
723 3846 938 3916 genitus
961 3847 1106 3902 [ilius
1122 3856 1303 3902 ortum
1324 3849 1553 3919 accipit:
1588 3851 1923 3921 omninoque

339 3937 522 4007 quivis
544 3937 783 3993 hominis
817 3939 962 3993 lilius
994 3952 1102 3992 non
1144 3939 1299 4009 prius
1332 3940 1535 3994 existit
1570 3957 1735 4012 quam
1764 3942 1917 4013 geni-

339 4038 431 4084 tus
453 4039 557 4084 est.
585 4046 603 4081 ι
624 4029 833 4085 Rursus
853 4028 1065 4101 vero§ita
1085 4040 1470 4085 murmurant:
1493 4050 1511 4083 ι
1539 4031 1643 4098 Qui
1676 4032 1789 4087 ﬁeri
1816 4047 1913 4102 po-

1998 606 2003 609 _
2040 538 2287 610 ματικῶν
2308 538 2620 610 εὑρίσκεται
2642 536 2712 589 τὰ
2750 535 3065 606 γεννήματα
3097 528 3173 604 (9)
3210 531 3287 603 μὴ
3322 531 3465 604 μέρη
3494 530 3620 589 ὅντα

2037 630 2145 684 τῶν
2170 630 2368 684 οὐσιῶν
2392 629 2451 696 ἐξ
2481 622 2555 683 ὧν
2586 630 2713 694 εἰσι,
2751 627 2884 700 μηδὲ
2914 623 3229 697 παθητικῶς
3258 623 3622 695 ὑφιστάμενα,

2040 724 2178 797 μηδὲ
2209 722 2466 795 μειοῦντα
2487 722 2586 786 τὰς
2609 722 2799 785 οὐσίας
2816 719 2925 776 τῶν
2957 718 3178 789 γονέων·
3214 717 3332 781 πῶς
3364 716 3528 773 πάλιν
3559 719 3622 771 οὐ

2041 815 2323 887 μαίνονται
2356 816 2448 870 ἐπὶ
2476 814 2572 869 τοῦ
2601 812 2713 885 (10)
2742 812 3034 885 ἀσωμάτου
3064 811 3161 865 καὶ
3184 809 3438 881 ἀληθινοῦ
3462 808 3623 875 Θεοῦ,

2037 908 2329 981 ζητοῦντες
2363 909 2458 962 καὶ
2496 905 2851 969 ὑπονοοῦντες
2912 904 3052 977 μέρη
3095 905 3190 959 καὶ
3217 904 3388 976 πάθη,
3421 904 3627 976 διαιρέ-

2039 1018 2153 1065 σεις
2175 1001 2232 1054 δὲ
2280 1001 2689 1073 προσάπτοντες
2739 999 2819 1069 τῷ
2872 996 3077 1052 ἀπαθεῖ
3125 996 3221 1050 καὶ
3280 994 3629 1068 άναλλοιὼτῳ

2035 1092 2176 1164 Θεῷ,
2211 1093 2298 1148 ἵνα
2324 1092 2425 1157 τὰς
2456 1092 2628 1156 ἀκοὰς
2655 1094 2713 1145 ἐν
2738 1090 2948 1155 τούτοις
2999 1091 3313 1165 ταράσσωσι
3344 1089 3456 1142 τῶν
3492 1089 3629 1144 ἀκε-

2039 1187 2332 1261 ραιοτέρων
2359 1187 2498 1257 (11),
2523 1186 2618 1239 καὶ
2639 1183 3034 1256 διαστρέψωσιν
3058 1182 3168 1236 ἀπὸ
3197 1183 3296 1254 τῆς
3328 1180 3624 1253 άληθείαςς

2035 1281 2132 1345 Τίς
2151 1281 2262 1352 γὰρ
2288 1278 2503 1334 ἀκούων
2554 1278 2704 1343 Υἱὸν,
2751 1278 2852 1330 οὐκ
2883 1275 3198 1347 ἐνθυμεῖται
3259 1273 3321 1327 τὸ
3367 1273 3497 1327 mox:
3522 1271 3628 1343 τῆς

2032 1374 2127 1429 τοῦ
2164 1374 2375 1447 Πατρὸς
2409 1372 2627 1437 οὐσίας;
2663 1371 2760 1435 Τίς
2782 1370 2838 1424 δὲ
2862 1369 2999 1441 (12),
3045 1368 3307 1433 ἀκούσας,
3355 1366 3443 1420 ὅτε
3488 1382 3627 1419 κατα

2031 1468 2215 1537 ηχεῖτο
2246 1463 2388 1518 κατὰ
2410 1464 2507 1535 τὴν
2538 1462 2732 1535 ἀρχὴν,
2763 1462 2844 1514 ὅτι
2875 1461 2905 1513 ὁ
2938 1460 3071 1524 Θεὸς
3102 1459 3230 1513 Υἱὸν
3268 1458 3401 1529 ἔχει,
3424 1456 3521 1511 καὶ
3546 1454 3629 1528 τῷ

2036 1559 2151 1630 ἰδίῳ
2202 1558 2361 1629 Λόγῳ
2412 1556 2480 1610 τὰ
2514 1557 2692 1610 πάντα
2748 1554 3068 1624 πεποίηκεν,
3131 1552 3230 1622 οὐχ
3281 1550 3456 1615 οὕτως
3511 1548 3633 1603 est-

2032 1649 2160 1718 ξατο
2187 1650 2329 1704 κατὰ
2355 1650 2455 1720 τὴν
2488 1648 2727 1703 διάνοιαν
2781 1646 2857 1710 ὡς
2896 1644 2993 1700 νῦν
3056 1646 3216 1715 ἡμεῖς
3272 1640 3578 1715 φρονοῦμεν
3607 1657 3628 1709 ;

2036 1745 2163 1808 Τίς,
2209 1744 2298 1796 ὅτε
2331 1743 2556 1812 γέγονεν
2606 1742 2639 1811 ἡ
2678 1738 2848 1811 μιαρά
2910 1739 3019 1792 τῶν
3067 1734 3361 1808 ’Δρειανῶν
3385 1735 3625 1805 αἵρεσις,
3730 1802 3733 1809 ν

2032 1836 2133 1889 οὐκ
2152 1834 2332 1898 εὐθὺς,
2352 1833 2587 1897 ἀκούσας
2610 1831 2646 1887 ἃ
2680 1831 2947 1901 λέγουσιν,
2973 1828 3241 1899 ἐξενίσθη,
3270 1826 3346 1892 ὡς
3370 1826 3629 1898 ἀλλότρια

2031 1927 2299 1996 λεγόντων
2324 1926 2526 1992 αὐτῶν,
2556 1925 2651 1979 καὶ
2707 1924 2860 1997 παρὰ
2915 1923 3008 1976 τὸν
3049 1920 3111 1986 ἐξ
3132 1923 3308 1993 ἀρχῆς
3342 1917 3456 1992 (15)
3483 1934 3629 1973 σπα-

2036 2020 2195 2094 ρέντα
2226 2018 2383 2088 λόγον
2405 2016 2865 2089 ὲπισπειρόντων;
2902 2014 2977 2068 Τὸ
2999 2013 3098 2086 μὲν
3129 2012 3240 2084 γὰρ
3264 2010 3628 2082 σπειρόμενόν

2032 2113 2178 2165 ἐστιν
2203 2110 2262 2177 ἐξ
2286 2108 2461 2180 ἀρχῆς
2510 2107 2716 2179 ἑκάστῃ
2759 2106 2931 2178 ψυχῇ,
2968 2105 3051 2159 ὃτι
3113 2103 3225 2174 (14)
3254 2104 3282 2156 ὁ
3311 2100 3444 2164 Θεὸς
3493 2099 3626 2153 re.»

2031 2206 2123 2260 τὸν
2149 2205 2340 2273 Λόγον,
2363 2202 2461 2273 τὴν
2487 2202 2700 2273 σοφίαν,
2729 2200 2830 2271 τὴν
2855 2199 3083 2269 δύναμιν
3126 2196 3261 2267 ἔχει,
3324 2194 3418 2249 καὶ
3448 2192 3627 2247 ταῦτά

2032 2296 2180 2349 ἐστιν
2208 2292 2376 2347 αὐτοῦ
2404 2290 2567 2346 εἰκὼν
2613 2291 2708 2345 καὶ
2747 2290 3108 2361 ἀπαύγασμα·
3158 2287 3352 2357 φύεται
3379 2286 3436 2339 δὲ
3459 2283 3627 2348 εὐθὺς

2034 2388 2098 2441 ὲκ
2122 2385 2227 2440 τῶν
2287 2385 2561 2457 ῥηθέντων
2614 2383 2676 2437 τὸ
2715 2383 2821 2449 ἀεὶ,
2876 2383 2937 2436 τὸ
3003 2384 3067 2435 ὲκ
3123 2378 3218 2434 τοῦ
3282 2379 3517 2458 Πατρὸξ,
3559 2376 3627 2430 τὸ

2032 2478 2237 2549 ὅμοιον,
2273 2476 2335 2530 τὸ
2366 2476 2537 2531 ἀΐδιον
2582 2474 2678 2529 τοῦ
2728 2474 3070 2544 γεννήματος
3117 2471 3215 2542 τῆς
3269 2469 3456 2532 οὐσίας
3482 2467 3621 2538 (15)’

2033 2571 2129 2624 καὶ
2157 2571 2273 2624 οὐδε
2285 2569 2381 2641 μία
2411 2569 2539 2642 περὶ
2571 2568 2872 2639 κτίσματος
2897 2567 2931 2636 ἦ
2960 2565 3264 2634 ποιήματος
3324 2563 3382 2614 ἐν
3408 2560 3626 2623 τούτοις

2033 2664 2231 2717 ἔννοια.
2270 2665 2400 2716 Ὅτε
2431 2662 2487 2715 δὲ
2531 2659 2724 2732 ἐχθρὸς
2770 2658 3055 2730 ἄνθρωπος
3102 2654 3461 2726 κοιμωμένων
3508 2653 3624 2706 τῶν

2033 2755 2334 2828 ἀνθρώπων
2357 2755 2651 2827 ὲπέσπειρε
2676 2751 3003 2822 τὸ,’κτίσμα,
3030 2750 3123 2802 mi.
3146 2748 3225 2811 τὸ,
3255 2742 3323 2818 ἦν
3350 2763 3481 2800 ποτε
3504 2745 3624 2816 (16)

2032 2850 2120 2902 ὅτε
2159 2850 2258 2901 οὐκ
2280 2843 2369 2919 ἦν,
2403 2846 2599 2911 καὶτὸ,
2633 2845 2751 2908 πῶς
2782 2840 2874 2897 οὖν
2907 2842 3148 2896 δύναται’
3187 2840 3307 2894 τότε
3339 2838 3523 2892 λοιπὸν
3543 2838 3625 2902 ὡς

2033 2940 2269 3005 ζιζάνιον
2302 2940 2525 3008 γέγονεν
2552 2940 2585 3010 ἡ
2619 2937 2929 3009 κακοῦργος
2949 2936 3159 3006 αἵρεσις
3189 2933 3296 2987 τῶν
3314 2930 3623 3005 χριστομά-

2033 3051 2166 3104 χων·
2201 3033 2297 3086 καὶ
2330 3032 2509 3095 εὐθὺς,
2539 3031 2614 3094 ὡς
2640 3030 3020 3102 ἐρημωθέντες
3060 3027 3242 3097 πάσης
3291 3026 3459 3097 ὀρθῆς
3488 3041 3627 3097 φρο-

2034 3125 2261 3194 νήσεως,
2292 3122 2449 3193 δίκην
2501 3120 2714 3193 λῃστῶν
2776 3116 3233 3188 περιεργάζονται
3290 3114 3385 3167 καὶ
3437 3111 3624 3181 λέγειν

2031 3214 2289 3286 τολμῶσι·
2326 3233 2344 3265 ι
2387 3214 2510 3277 Πῶς
2539 3211 2632 3266 οὖν
2653 3212 2874 3265 δύναται
2905 3209 3017 3281 (17)
3064 3211 3093 3262 ὁ
3119 3208 3251 3271 Υἱὸς
3278 3206 3463 3268 άῖδίως
3492 3220 3625 3258 συν-

2031 3307 2299 3378 υπάρχειν
2325 3305 2404 3377 τῷ
2458 3305 2669 3377 Πατρι;
2721 3304 2834 3358 Καὶ
2861 3302 2970 3374 γάρ
3031 3301 3082 3353 οἱ
3139 3298 3415 3371 ἂνθρωποι
3479 3296 3625 3368 μετὰ

2029 3400 2219 3471 χρόνον
2251 3399 2310 3465 ἐξ
2348 3396 2650 3468 ἀνθρώπων
2679 3395 2787 3449 υἱοὶ
2823 3394 3088 3464 γίνονταιο
3116 3392 3210 3446 καὶ⁵
3243 3392 3271 3444 ὁ
3301 3390 3398 3461 μὲν
3431 3390 3622 3461 πατὴρ

2028 3491 2324 3563 τριάκοντα
2350 3489 2488 3544 ἐτῶν
2509 3491 2676 3542 ἐστιν·
2708 3490 2737 3542 ὁ
2763 3486 2822 3540 δὲ
2859 3485 2974 3549 υίὸς
3008 3484 3181 3556 ἀρχὴν
3209 3483 3320 3554 ἔχει
3348 3481 3470 3535 τότε
3492 3498 3619 3549 γεν-

2026 3580 2229 3651 νηθείς*
2263 3581 2356 3634 καὶ
2401 3579 2539 3643 ὅλως
2572 3578 2685 3650 (18)
2724 3578 2833 3641 πᾶς
2869 3574 2983 3639 υἱός
3028 3571 3316 3646 ἀνθρώπου
3371 3572 3472 3625 οὐκ
3522 3567 3618 3644 ἦν,

2028 3674 2156 3744 πρὶν
2187 3672 2474 3745 γεννηθῇ.)
2508 3674 2676 3729 Πάλιν
2703 3689 2763 3726 τε
2777 3671 3138 3745 ψιθυρίζουσι·
3173 3669 3327 3735 «Πῶς
3345 3670 3621 3724 δύναταιὸ

2028 3763 2159 3827 Υἱὸς
2181 3763 2352 3832 Λόγος
2382 3761 2541 3829 εἶναι,
2570 3762 2604 3835 ἢ
2640 3766 2669 3818 ὁ
2697 3763 2871 3833 Λόγος
2905 3760 3068 3816 εἰκὼν
3105 3760 3199 3815 τοῦ
3228 3760 3394 3827 Θεοῦ;
3429 3761 3487 3814 Ὁ
3502 3748 3620 3832 γάρ

2031 3852 2334 3925 ἀνθρώπων
2367 3855 2539 3925 Λόγος
2578 3857 2644 3909 ὲκ
2712 3853 2992 3909 συλλαϐῶν
3042 3855 3417 3925 συγκείμενος,
3453 3853 3618 3924 μόνον

2028 3946 2269 4016 ὲσήμανε
2296 3944 2358 3997 τὸ
2382 3944 2631 4018 βούλημα
2682 3945 2777 4000 τοῦ
2799 3945 3149 4018 λαλήσαντος,
3205 3945 3301 4000 καὶ
3323 3944 3487 4009 εὐθὺς
3517 3944 3618 4000 πέ-

2022 4053 2226 4090 παυται
2255 4038 2348 4091 καὶ
2375 4039 2689 4107 ἠφάνισται.
2704 4058 2723 4090 ι

340 4129 451 4178 test
472 4130 536 4176 ut
572 4119 810 4176 Verbum
851 4102 929 4178 sit.
958 4121 1130 4178 Filius
1177 4131 1231 4177 et
1280 4122 1462 4195 imago
1521 4124 1655 4180 Dei?
1717 4142 1843 4181 nam
1882 4128 2165 4183 hominum
2219 4102 2448 4187 verbum
2501 4148 2569 4188 ex
2624 4132 2845 4204 syllabis
2888 4132 3285 4203 compositum,
3336 4130 3617 4203 loquentis

341 4216 675 4271 voluntatem
718 4215 1062 4272 solummodo
1102 4216 1346 4284 indicat,
1378 4227 1681 4293 posteaque
1722 4222 1925 4279 desinit
1947 4231 2002 4279 et
2029 4225 2326 4281 evanescit.
2352 4245 2372 4279 ι

410 4397 460 4430 ⁷⁸
483 4396 674 4454 Matth.
709 4416 829 4465 xm,
853 4397 944 4454 25.

436 4575 1053 4669 γενῄματα.
1076 4580 1249 4669 Paulo
1267 4590 1387 4668 post
1411 4598 1545 4639 mss.
1571 4597 1783 4669 omnes,
1813 4582 1924 4653 ὑφι-

2035 4583 2229 4669 Ξμοιονη
2246 4582 2344 4637 καὶ
2378 4582 2548 4669 ἀΐδιον
2573 4584 2669 4669 τος)
2692 4587 3031 4669 γεννήματος
3063 4585 3161 4657 τῆς
3193 4583 3416 4669 ὀύσίας.
3460 4584 3613 4651 Felc.

343 4648 821 4770 στάμενα.Ει1ἰιίο
847 4648 1138 4719 Commel.,
1172 4648 1538 4723 ἀφιστάμενα.
1570 4655 1851 4709 mendose.

412 4721 429 4770 ί
475 4719 531 4770 0)
562 4718 783 4770 Gobler.
814 4730 869 4770 cl
907 4721 1049 4770 Felc-
1088 4723 1139 4770 1-
1178 4722 1307 4770 περὶ
1338 4723 1453 4770 τοῦ-
1507 4724 1627 4770 Μαι
1665 4724 1826 4770 iidem

412 4718 531 4788 (10)
562 4718 783 4794 ϐυῦιριδ.
814 4721 1049 4794 et_Felc.
1088 4718 1140 4790 1,
1178 4718 1453 4794 περὶτοῦ.
1507 4724 1628 4778 Mox
1665 4724 1826 4778 iidem
1871 4732 1926 4779 et

342 4787 923 4882 SeguerzacheicL-i,
950 4787 1134 4882 πάθη,
1157 4787 1450 4882 ξιαὲρέσεις
1485 4795 1543 4849 δὲ
1577 4794 1925 4882 προσάπτον-

337 4877 451 4985 ζες.
486 4860 596 4915 Alii
631 4869 686 4916 et
729 4863 884 4929 editi,
909 4862 1058 4935 πάθη
1086 4860 1188 4919 ’καὶ
1241 4860 1535 4937 διαιρέσεις
1577 4860 1923 4937 προσάπτον-

373 4948 450 4996 ες.

410 5000 522 5071 (11)
577 4999 670 5057 Sic
716 5001 949 5072 Seguer.
995 5003 1209 5073 Anglic.
1254 5007 1476 5063 Gobler.
1511 5006 1660 5062 Felc.
1698 5005 1723 5061 1
1759 5013 1814 5060 et
1861 5006 1920 5059 4.

339 5069 532 5149 Caneri
559 5080 616 5127 et
651 5074 804 5139 editi,
835 5073 1132 5146 ἀκεραίων.
1173 5074 1377 5132 Ibidem
1407 5078 1656 5149 Seguer.,
1681 5077 1776 5131 καὶ
1803 5075 1924 5128 δια-

562 5159 942 5287 gi::_Seguer._
940 5213 1075 5286 Reg.
1097 5224 1158 5287 _et
1190 5216 1402 5287 Anglic.
1435 5215 1492 5270 In
1530 5217 1654 5271 aliis
1681 5225 1736 5272 et
1756 5216 1919 5287 editis

338 5278 861 5372 deestoélllbi‘dkm
901 5278 1049 5372 Εειοῖ
1082 5285 1137 5352 4,
1181 5278 1334 5372 παρά
1365 5288 1465 5358 τὴν
1517 5288 1712 5361 ἀρχήν.
1768 5286 1915 5343 Idem

338 5352 505 5423 paulo
538 5362 681 5435 post,
711 5353 872 5427 Λόγῳ
905 5356 1085 5411 πάντα
1113 5352 1437 5429 πεποίηκενζ
1557 5352 1570 5361 ’
1593 5352 1626 5359 ”
1648 5352 1660 5359 ’

416 5419 525 5547 gl?»
557 5422 1003 5508 SicHSeguerian.
1040 5425 1174 5519 Reg.
1209 5427 1393 5483 Basili.
1439 5427 1653 5499 Anglic.
1697 5426 1844 5483 Felc.
1884 5426 1920 5482 4

340 5500 396 5547 et
467 5532 480 5544 .
509 5497 580 5547 At
602 5493 693 5547 alu
722 5503 778 5547 et
808 5497 958 5547 editi.
980 5513 1092 5547 παο
1143 5498 1306 5547 αὐτὸν
1336 5498 1396 5547 ὲξ
1418 5500 1611 5547 ἀονῆς.

340 5500 396 5547 et
426 5493 480 5547 5.
509 5497 580 5547 At
602 5493 693 5548 alii
722 5503 778 5548 et
808 5497 958 5559 editi,
980 5499 1109 5566 παρ’
1127 5493 1306 5553 ἀὐτὸν
1336 5498 1396 5564 ὲξ
1418 5493 1611 5570 ἀρχῆς.

414 5561 527 5638 (1-4)
539 5562 772 5638 _Basi_li_.,
791 5564 940 5638 ψυχῇ
966 5566 1243 5638 σπαρέντα
1268 5569 1446 5638 λόγον,
1481 5571 1584 5623 ὅτι.
1611 5568 1717 5623 Alii
1754 5584 1870 5624 mss

414 5561 527 5645 (1-4)
558 5562 772 5647 δαείη,
790 5564 869 5647 qu
907 5568 940 5638 ᾖ
966 5561 1243 5638 σπαρέντα
1268 5561 1584 5639 λόγον,’ῧτὶ.
1611 5568 1717 5623 Alii
1754 5584 1914 5634 mss.,

339 5633 643 5758 sim;
662 5635 826 5758 ita
848 5584 1401 5758 inrasae.

427 5691 559 5788 bim.
591 5713 643 5786 et
672 5691 825 5760 Felc.,
848 5691 907 5788 1',
930 5691 1029 5777 ἓῆν
1060 5691 1401 5794 σοφίανξιιάὶ
1428 5691 1527 5836 ἔτην
1554 5691 1803 5782 δύῦἆίὶινέ

427 5773 528 5836 ,15)
562 5773 654 5832 Sic
683 5774 1006 5836 Senuenan.
1039 5778 1109 5834 At
1135 5779 1351 5836 bobler.
1403 5780 1474 5836 Fe
1498 5799 1546 5836 ο.
1584 5781 1609 5836 1
1666 5791 1720 5836 et
1752 5779 1785 5834 4

411 5772 528 5849 (15)
562 5773 654 5832 Sic
683 5772 1006 5849 Seguerian'.
1039 5778 1109 5834 At
1135 5772 1351 5837 Gobler.
1403 5772 1546 5838 Felc.
1584 5781 1609 5836 1
1666 5772 1720 5838 εἰ
1752 5779 1817 5850 4,
1853 5781 1913 5835 τὸ

2031 4654 2084 4735 Ξ,
2108 4654 2167 4708 τὸ
2203 4655 2387 4735 ὅμοιον
2427 4654 2521 4709 καὶ
2571 4654 2737 4735 dioto);
2768 4654 3092 4735 τῆς-οὐσίας
3120 4654 3221 4709 τοῦ
3248 4657 3610 4735 γεννήματος.

2028 4724 2196 4797 Reg.1
2210 4724 2273 4777 τὸ
2305 4726 2491 4796 ὅμοιον
2519 4729 2613 4781 καὶ
2639 4724 2947 4797 άῖδιον’τῆς
2975 4728 3163 4797 οὐσίας
3190 4724 3297 4797 τοῦ,
3314 4724 3617 4797 γεννήσαν-

2024 4813 2134 4859 τος.
2158 4795 2390 4871 Felc._2,
2423 4796 2692 4871 τὸίὸμοιον
2724 4799 2819 4853 καὶ
2850 4795 3019 4851 ἀΐδιον
3049 4795 3150 4871 τῆίς
3179 4795 3369 4858 οὐσίας
3411 4795 3612 4871 γεννή-

2027 4883 2241 4931 σαντος,
2273 4867 2324 4922 id
2356 4875 2441 4922 est
2464 4867 2691 4923 similem
2721 4885 2839 4923 eum
2869 4878 2917 4922 et
2949 4869 3221 4936 proprium
3250 4882 3371 4936 resse
3397 4867 3614 4924 notari:

2026 4938 2302 5007 genitoris.
2328 4936 2471 4992 Editi
2495 4948 2549 4993 et
2574 4940 2689 5004 alii,
2717 4939 2778 4992 τὸ
2804 4935 2988 5009 ὅμοιον
3020 4940 3120 5010 τῆς
3139 4935 3328 4997 οὐσίας
3357 4937 3612 5061 τοῦΝγεν-

2026 5008 2305 5061 νήσαντος.
2340 5008 2566 5061 similem
2595 5025 2713 5061 eum
2753 5026 2863 5061 esse
2911 5018 3117 5061 natura:
3150 5005 3419 5061 aeniloris.
3505 5024 3610 5061 an-

2023 5005 2305 5075 νήσαντος,
2340 5008 2566 5062 similem
2595 5025 2713 5063 eum
2753 5005 2863 5063 esse
2911 5005 3117 5063 naturis
3150 5005 3441 5078 geniturisL
3456 5005 3610 5063 Nan-

2018 5077 2167 5200 gius,
2192 5078 2362 5133 ἀΐδιον
2382 5094 2603 5150 quoque
2631 5081 2855 5151 legerat.
2884 5078 3004 5133 Mox
3035 5094 3137 5151 pro
3154 5076 3364 5141 ἔννοια,
3412 5076 3608 5148 Basil.,

2048 5164 2250 5200 πινοια.

2048 5164 2250 5202 πινοια.

2092 5218 2556 5294 (16)__S_egucrian.
2575 5220 2913 5294 _Gobleria_n.
2932 5220 3075 5294 Felc.
3103 5222 3216 5294 let
3241 5222 3306 5294 4_,
3332 5224 3430 5294 καὶ
3453 5222 3517 5277 τὸ
3540 5219 3611 5294 ἦν

2020 5290 2189 5373 ποτε,
2199 5290 2473 5373 iidemque
2498 5299 2553 5346 et
2574 5291 2709 5373 βεδε.
2726 5290 3052 5373 οειῗειοκΰ,
3084 5290 3205 5356 πῶς
3225 5290 3321 5349 οὖν
3353 5290 3605 5349 δύναται.

2019 5360 2214 5414 Caeteri
2243 5372 2298 5416 et
2319 5359 2450 5417 editi
2480 5359 2819 5416 omittu'nt'ro
2846 5370 2901 5416 et
2938 5359 3054 5417 οὖν.

2120 5430 2207 5503 17)
2237 5428 2347 5487 Οὗν
2379 5433 2534 5488 abest
2563 5448 2595 5487 a
2623 5432 2811 5503 Basili.
2844 5432 3046 5489 Ibidem
3089 5432 3237 5489 Felc.
3266 5434 3337 5498 4,
3379 5433 3607 5489 δύναται

2024 5500 2369 5573 nocildem,
2388 5503 2520 5557 ibid.
2564 5512 2620 5557 et
2657 5501 2979 5573 Seguerian.
3023 5503 3336 5560 Goblerian.
3363 5504 3514 5561 Felc.
3552 5504 3607 5573 1,

2022 5571 2395 5661 “signaria,
2412 5573 2562 5661 9s?"
2596 5575 2706 5661 βαι
2735 5571 2853 5661 γάβ
2878 5573 3176 5661 ἀνθρευποξε

2093 5643 2207 5768 g8)
2242 5643 2555 5700 Felrikman.
2588 5644 2643 5711 4,
2679 5646 2773 5701 καὶ
2805 5643 2943 5710 ὅλως
2963 5643 3101 5711 πῶς.
3128 5644 3601 5729 Μοινϐοωθινίεη.

2019 5720 2073 5769 et
2146 5715 2246 5772 elc.
2287 5714 2339 5772 1.
2372 5714 2541 5770 Πάλιν
2573 5732 2659 5772 γε.

2234 5755 2246 5769 .
2287 5733 2339 5783 1,
2374 5733 2541 5770 ιιαΛιν
2573 5733 2659 5787 γε.
