3840 6220
198 322 307 382 m
346 304 349 305 ,

1334 330 1590 394 ORATIO
1620 336 1665 392 11
1705 337 1986 397 CONTRA
2023 342 2344 405 ABIANOS.

3366 356 3476 411 2.23

267 439 359 496 35.
402 441 634 533 Ἐκεῖνοι
663 442 761 514 μὲν
791 434 907 507 οῦν,
936 443 1127 518 ὥσπερ
1149 428 1529 519 ἐπιλαθόμενοι
1551 450 1664 520 (19)
1684 451 1784 504 τῶν

1968 457 2059 513 55.
2095 459 2186 513 Sic
2217 458 2315 522 illi,
2360 459 2517 528 quasi
2542 459 2655 525 jam
2700 469 3181 531 argumentorum,
3219 477 3343 533 qua
3374 463 3477 518 atl-

199 531 609 603 προλεχθέντων
655 536 776 588 κατ’
801 536 979 590 αὐτῶν
1006 535 1264 608 ἐλέγχων,
1310 542 1572 606 τοιούτοις
1626 542 1788 597 πάλιν

196 624 426 686 ἑαυτοὺς
451 624 675 695 δεσμοῖς
703 626 958 692 ἀσεϐείας
1009 631 1421 704 περιπείροντες
1463 633 1789 705 διαλογίζον-

195 732 283 768 ται
298 713 551 770 τοιαῦτα·
577 718 606 770 ό
629 715 687 769 δὲ
722 718 825 788 τῆς
850 718 1112 791 ἀληθείας
1145 722 1302 791 λόγος
1330 724 1543 796 ἐλέγχει
1566 727 1788 792 τούτους

194 804 370 870 οὕτως
398 804 539 876 (20).
570 807 635 861 El
661 807 760 880 μὲν
786 811 915 883 περ).
960 811 1248 886 ἀνθρώπου
1278 814 1424 879 τινὸς
1453 816 1786 886 διαλογίζον-

193 914 305 961 ται,
343 897 704 969 ἀνθρωπίνως
741 901 837 955 καὶ
883 902 1013 973 περὶ
1048 903 1140 957 τοῦ
1174 903 1333 973 λόγου
1371 908 1537 960 αὑτοῦ
1577 910 1783 964 καὶτοῦ

195 986 314 1040 υἱοῦ
344 986 460 1058 (21)
491 986 658 1043 αὐτοῦ
699 988 1122 1059 λογιζέσθωσανο
1153 994 1200 1047 εί
1246 994 1302 1048 δέ
1335 998 1465 1067 περὶ
1519 997 1613 1051 τοῦ
1649 997 1783 1053 Θεοῦ

78 1100 79 1103 η
193 1076 289 1129 τοῦ
320 1076 611 1142 κτίσαντος
641 1081 768 1141 τοὺς
793 1079 1134 1152 ἀνθρώπους,
1167 1083 1364 1156 μηκέτι
1405 1086 1780 1159 ἀνθρωπίνως,

194 1168 332 1223 ἀλλά
363 1169 543 1235 άλλως
567 1171 707 1244 ὑπὲρ
730 1171 828 1244 τὴν
853 1173 964 1228 τῶν
1000 1175 1305 1247 ἀνθρώπων
1332 1178 1492 1248 φύσιν
1528 1180 1641 1252 (22)
1664 1182 1781 1235 δια-

193 1262 546 1317 νοείσθωσαν.
594 1264 808 1329 Ὀποίος
864 1266 973 1339 γάρ
1002 1263 1129 1343 ἂνῇ
1163 1271 1191 1324 6
1247 1270 1475 1339 γεννῶν,
1538 1274 1780 1327 τοιοῦτον

192 1354 410 1425 ἀνάγκη
444 1355 540 1409 καὶ¹
576 1354 637 1409 τό
665 1355 912 1429 γέννημα
934 1354 1091 1413 εἶναι·
1115 1360 1211 1414 καὶ
1242 1362 1424 1426 ὁποῖος
1470 1362 1537 1417 ἂν
1626 1366 1654 1417 6
1683 1364 1778 1418 τοῦ

194 1446 371 1515 Λόγου
400 1447 613 1519 Πατὴρ,
640 1449 880 1513 τοιοῦτος
908 1448 975 1505 ἂν
1000 1450 1084 1522 εἴη
1117 1453 1211 1505 καὶ
1245 1454 1275 1506 6
1297 1453 1470 1523 Λόγος
1495 1455 1683 1510 αὐτοῦ.
1722 1456 1780 1508 Ὀ

196 1537 295 1608 μὲν
348 1534 448 1592 οὖν
476 1538 765 1612 ἄνθρωπος
834 1542 891 1594 ἐν
948 1542 1126 1613 χρόνῳ
1157 1542 1499 1616 γεννώμενος
1543 1546 1679 1617 (23),
1722 1550 1780 1601 ἐν

191 1630 375 1701 χρόνῳ
412 1630 508 1683 καὶ
538 1629 699 1695 αὐτὸς
729 1633 893 1703 γεννᾷ
914 1631 975 1685 τὸ
1006 1633 1214 1687 τέκνον⁹
1263 1636 1357 1690 καὶ
1383 1636 1568 1709 ἐπειδὴ
1597 1640 1660 1691 ἐκ
1683 1639 1776 1694 τοῦ

196 1722 273 1794 μὴ
311 1722 468 1785 δντος
485 1721 697 1791 γέγονε,
719 1722 807 1777 διὰ
835 1723 995 1777 τοῦτο
1047 1726 1188 1778 καὶὸ
1232 1725 1390 1796 λόγος
1438 1729 1604 1783 αὐτοῦ
1641 1730 1780 1784 παύ-

1889 565 2083 605 versus
2124 565 2182 605 se
2226 566 2390 619 supra
2423 552 2583 604 allata
2616 563 2764 616 sunt,
2795 552 2971 617 obliti,
3003 554 3197 609 iterum
3229 569 3353 609 sese
3386 541 3476 608 liis

1888 639 2182 708 impietatis
2212 641 2593 710 constringunt
2616 641 2871 696 vinculis.
2892 641 3091 697 Verum
3125 643 3198 698 ita
3226 659 3323 698 eos
3354 643 3472 713 ipsa

1888 733 2136 787 eonfutat
2170 734 2394 788 veritas.
2431 733 2487 787 Si
2532 734 2599 788 de
2626 735 2810 804 aliquo
2862 735 3084 789 homine
3136 751 3318 791 sermo
3362 734 3474 789 illis

1886 832 1990 885 est,
2024 822 2264 877 humana
2315 825 2478 876 etiam
2526 822 2593 876 de
2627 824 2746 889 ejus
2773 823 2942 877 verbo
2965 831 3019 876 et
3046 822 3159 876 ﬁlio
3192 821 3468 891 cogitent:

1886 912 1978 966 sed
2004 911 2050 965 si
2072 912 2139 966 de
2161 911 2272 964 Deo
2299 912 2583 965 hominum
2610 919 2858 966 creatore
2878 912 3179 981 disputant,
3203 910 3340 965 nihil
3363 910 3472 965 hu-

1884 1002 2054 1064 mani,
2080 1002 2173 1057 sed
2204 1004 2384 1072 potius
2406 1002 2541 1056 nihil
2572 1002 2675 1056 nisi
2703 1017 2869 1071 supra
2900 1003 3183 1056 hominum
3211 1011 3469 1057 naturam

1885 1094 2214 1164 concipiant.
2241 1093 2374 1147 Nam
2406 1094 2585 1164 qualis
2609 1106 2691 1148 est
2711 1094 2943 1163 genitor,
2965 1094 3129 1148 talem
3149 1102 3203 1147 et
3225 1093 3469 1163 genitum

1882 1200 2005 1240 esse
2056 1200 2278 1240 necesse
2328 1194 2445 1251 est;
2495 1194 2547 1240 et
2597 1186 2778 1254 qualis
2814 1194 2899 1240 est
2937 1186 3098 1241 Verbi
3140 1184 3322 1251 Pater,
3362 1185 3472 1241 tale

1881 1290 2101 1346 quoque
2115 1275 2235 1343 ejus
2256 1274 2416 1329 debet
2435 1289 2558 1329 esse
2570 1272 2828 1330 Verbum.
2848 1277 3034 1345 Itaque
3055 1275 3220 1330 homo
3236 1275 3454 1345 quidem

1881 1367 1973 1437 qui
2003 1366 2057 1420 in
2108 1375 2353 1436 tempore
2398 1365 2660 1436 gignitur,
2686 1366 2801 1435 ipse
2846 1381 3066 1437 quoque
3112 1366 3167 1420 in
3209 1374 3454 1435 tempore

1881 1457 2053 1527 gignit
2082 1456 2284 1522 ﬁlium;
2313 1464 2365 1511 et
2406 1456 2535 1525 quia
2574 1471 2641 1511 ex
2689 1456 2863 1511 nihilo
2889 1467 2972 1513 est
3005 1454 3215 1519 factus,
3248 1455 3457 1511 idcirco

1879 1547 1998 1617 ejus
2035 1548 2258 1601 verbum
2288 1546 2513 1611 desinit,
2530 1563 2629 1602 nec
2654 1556 2952 1617 permanet.
2981 1545 3127 1602 Deus
3147 1554 3327 1601 autem
3345 1559 3456 1600 non

1879 1650 1941 1694 ut
1972 1640 2134 1694 homo
2174 1647 2277 1703 est,
2303 1638 2765 1709 quemadmodum
2804 1648 3035 1695 testatur
3076 1639 3360 1708 Scriptura
3375 1638 3458 1693 ἠς

1880 1730 1972 1784 sed
2005 1732 2052 1785 is
2081 1729 2268 1799 estqui
2288 1737 2373 1784 est
2391 1730 2460 1761 ⁷⁸·
2484 1747 2499 1796 ;
2519 1744 2582 1785 ac
2613 1730 2841 1800 proinde
2860 1745 2989 1786 vere
3017 1731 3220 1801 pariter
3240 1737 3324 1784 est
3341 1727 3463 1799 ejus

193 1829 340 1876 εται,
372 1813 470 1867 καὶ
505 1813 567 1866 οὐ
599 1813 769 1884 μένει·
808 1813 836 1866 6
858 1814 915 1867 δὲ
938 1814 1071 1878 Θεὸς
1091 1817 1191 1887 οὐχ
1222 1817 1297 1881 ὡς
1322 1819 1608 1891 ἄνθρωπός
1634 1824 1772 1875 ἐστι·

1897 1821 2143 1887 Verbum,
2181 1837 2503 1893 semperque
2540 1830 2625 1877 est
2647 1836 2770 1876 cum
2814 1821 2994 1888 Patre,
3029 1830 3288 1893 tanquam
3322 1819 3465 1876 lucis

189 1904 353 1958 τοῦτο
402 1904 511 1978 γὰρ
572 1903 725 1958 εἶπεν
768 1908 800 1977 ἡ
862 1905 1075 1977 Γραφή’
1113 1907 1229 1961 ἀλλ’
1253 1906 1330 1962 ὢν
1390 1912 1638 1966 ἐστικαὶ
1693 1913 1780 1967 ἀεί

190 1992 319 2049 ἐστι’
342 1995 483 2067 (2.1)
513 1996 602 2050 διὰ
623 1997 782 2050 τοῦτο
810 1998 901 2051 καὶ
933 1999 961 2051 6
1003 1994 1177 2067 Λόγος
1210 2000 1374 2055 αὐτοῦ
1409 2001 1483 2057 ὥν
1506 2005 1623 2057 ἐστι
1688 2007 1782 2061 καὶ

190 2087 381 2152 ἀϊδίως
416 2089 535 2141 ἐστὶ
558 2088 696 2159 μετά
726 2088 820 2143 τοῦ
857 2089 1089 2162 Πατρὸς,
1109 2091 1184 2156 ὼς
1217 2092 1558 2165 ἀπαύγασμα
1581 2097 1778 2166 φωτός.

190 2181 306 2236 Καὶ
328 2182 360 2234 6
390 2181 490 2252 μὲν
520 2181 629 2236 τῶν
672 2182 976 2253 ἀνθρώπων
1018 2184 1175 2253 λόγος
1222 2188 1286 2239 ἐκ
1335 2187 1614 2243 συλλαϐῶν
1664 2193 1781 2244 ἐστι

119 2341 127 2349 .
192 2275 575 2346 συγκείμενος,
612 2276 707 2331 καὶ
728 2274 851 2329 οὔτε
884 2279 974 2348 ζῇ,
1005 2276 1129 2332 οὔτε
1166 2295 1218 2332 τι
1248 2280 1483 2350 ἐνεργεῖ,
1518 2281 1653 2336 ἀλλὰ
1684 2283 1782 2353 μό-

188 2386 281 2422 νον
308 2367 427 2440 (25)
461 2368 580 2422 ἐστὶ
603 2369 935 2439 σημαντικὸς
962 2370 1059 2440 τῆς
1085 2370 1180 2424 τοῦ
1206 2370 1488 2436 λαλοῦντος
1522 2374 1779 2441 διανοίας,

190 2462 287 2515 καὶ
319 2460 484 2532 μόνον
526 2459 721 2530 ἐξῆλθε
756 2461 853 2514 καὶ
896 2462 1146 2533 παρῆλθε
1197 2463 1393 2535 μηκέτι
1434 2467 1780 2537 φαινόμενος,

190 2551 382 2623 ἐπειδὴ
410 2551 532 2606 οὐδὲ
549 2547 617 2623 ἦν
642 2551 800 2615 ὅλως,
826 2553 956 2622 πρὶν
982 2552 1208 2625 λαληοῇ·
1242 2554 1323 2608 διὸ
1373 2554 1498 2610 οὔτε
1537 2556 1625 2629 ζῇ,
1659 2558 1781 2613 οὔτε

188 2662 242 2698 τι
273 2645 515 2717 ἐνεργεῖ,
548 2642 670 2697 οὔτε
703 2643 839 2707 ὅλως
861 2642 1147 2714 ἄνθρωπός
1181 2645 1327 2699 ἐστιν
1376 2648 1406 2700 6
1434 2647 1541 2701 τῶν
1574 2649 1783 2722 ἀνθρὼ-

188 2752 310 2791 πων
377 2735 570 2803 λόγος’
640 2734 844 2805 πάσχει
909 2734 966 2789 δὲ
1034 2737 1227 2803 τοῦτο,
1290 2739 1435 2793 καθά
1486 2745 1780 2812 προεῖπον,

189 2828 318 2882 ἐπεὶ
348 2827 465 2897 (26)
497 2826 594 2881 καὶ
629 2827 658 2880 6
685 2827 878 2881 τοῦτον
901 2829 1107 2896 γεννῶν
1157 2828 1443 2900 ἄνθρωπος
1475 2832 1541 2884 ἐκ
1559 2831 1655 2886 τοῦ
1707 2834 1781 2903 μὴ

184 2920 344 2983 ὄντος
371 2919 486 2991 ἔχει
513 2918 614 2990 τὴν
635 2919 817 2989 φύσιν⁹
845 2921 873 2972 6
905 2920 963 2973 δὲ
985 2920 1078 2975 τοῦ
1103 2920 1237 2974 Θεοῦ
1263 2922 1434 2990 Λόγος
1467 2923 1585 2993 οὐχ,
1614 2923 1690 2986 ὡς
1718 2924 1783 2978 ἄν

186 3030 275 3076 Tt;
306 3012 474 3076 εῖποι,
506 3011 841 3083 προφορικός
890 3012 1060 3076 ἐστιν,
1102 3012 1224 3066 οὐδὲ
1273 3012 1445 3083 ψόφος
1498 3015 1779 3085 ῥημάτων,

186 3104 312 3159 οὐδὲ
340 3104 404 3157 τὸ
430 3103 729 3176 προστάξαι
756 3104 910 3167 Θεὸν,
936 3104 1096 3158 τοῦτό
1124 3106 1273 3157 ἐστιν
1294 3105 1323 3157 6
1347 3105 1474 3169 Υἱός
1510 3106 1645 3177 (27)*
1664 3107 1777 3160 ἀλλ’

185 3200 267 3262 ὡς
298 3197 482 3268 φωτὸς
517 3196 877 3269 ἀπαύγασμα,
928 3197 1101 3261 οὕτως
1124 3198 1240 3250 ἐστὶ
1282 3198 1528 3269 γέννημα
1580 3199 1784 3255 τέλειον

186 3292 255 3345 ἐκ
283 3290 516 3344 τελείου.
538 3289 629 3343 Διὸ
659 3289 755 3342 καὶ
776 3288 910 3353 Θεός
964 3290 1111 3342 ἐστιν
1133 3288 1296 3343 εἰκὼν
1330 3289 1439 3360 (28)
1472 3288 1565 3343 τοῦ
1617 3291 1779 3345 Θεοῦο

188 3384 287 3438 καὶ
316 3382 468 3449 Θεὸς
496 3381 606 3455 γάρ
638 3378 738 3453 ἦν,
767 3382 952 3453 φησὶν,
980 3383 1013 3434 ό
1052 3381 1259 3450 Λόγος.
1284 3382 1394 3436 Καὶ
1420 3384 1470 3436 οἱ
1505 3383 1603 3454 μὲν
1636 3383 1782 3453 λόγοι

188 3476 301 3529 τῶν
328 3473 639 3546 ἀνθρώπων
661 3473 813 3526 οὐδέν
838 3474 973 3525 εἰσιν
1004 3473 1085 3535 είς
1115 3472 1414 3543 ἐνέργειαν·
1445 3474 1525 3527 διὸ
1548 3475 1667 3529 οὐδὲ
1696 3475 1785 3530 διὰ

189 3568 392 3637 λόγων,
416 3565 554 3620 ἀλλά
575 3565 664 3620 διὰ
684 3564 883 3636 χειρῶν
917 3563 1202 3635 ἄνθρωπος
1239 3563 1553 3636 ἐργάζεται,
1577 3567 1658 3619 ὃτι
1689 3560 1785 3621 αὖ-

191 3677 284 3715 ται
307 3659 411 3731 μὲν
439 3658 795 3729 ὑπάρχουσιν,
828 3658 857 3709 6
878 3655 936 3709 δὲ
986 3655 1161 3724 Λόγος
1208 3655 1388 3710 αὐτῶν
1419 3657 1517 3727 οὐχ
1557 3658 1784 3726 ὑφίστα-

189 3768 283 3804 ται
310 3748 447 3820 (29).
492 3750 550 3801 ’0
573 3748 633 3801 δέ
654 3746 749 3800 τοῦ
777 3745 913 3799 Θεοῦ
948 3746 1139 3814 Λόγος,
1173 3746 1249 3810 ὼς
1277 3742 1429 3800 εἶπεν
1453 3750 1481 3801 6
1531 3748 1787 3802 Ἀπόστο-

191 3842 306 3907 λος,
350 3838 465 3902 ζῶν
488 3840 662 3894 ἐστιν
691 3841 725 3893 ὁ
741 3840 933 3908 Λόγος
957 3837 1064 3892 τοῦ
1096 3838 1245 3892 Θεοῦ
1270 3839 1367 3892 καὶ
1396 3838 1668 3909 ἐνεργὴς,
1686 3840 1783 3895 καὶ

191 3933 527 4004 τομώτερος
552 3931 704 4000 ὑπὲρ
724 3928 932 3986 πᾶσαν
972 3929 1279 4000 μάχαιραν
1320 3929 1631 3999 δίστομον,
1682 3932 1783 3986 καὶ

190 4026 612 4095 διικνούμενος
670 4023 809 4093 ἄχρι
854 4021 1151 4092 μερισμοῦ
1222 4023 1334 4093 (50)
1399 4022 1610 4093 ψυχῆς
1684 4024 1783 4079 καὶ

191 4117 562 4186 πνεύματος,
588 4113 792 4184 ἁρμῶν
828 4130 894 4167 τε
937 4113 1038 4168 καὶ
1079 4111 1347 4182 μυελῶν,
1401 4114 1500 4167 καὶ
1525 4116 1784 4183 κριτικὸς

1883 1915 2159 1985 splendor.
2194 1914 2460 1969 Praeterea
2518 1913 2746 1968 verbum
2797 1913 3084 1967 hominum
3134 1927 3199 1968 ex
3240 1911 3467 1983 syllabis

1880 2019 1964 2065 est
1992 2010 2378 2079 compositum,
2403 2024 2505 2063 nec
2541 2007 2695 2073 vivit,
2729 2023 2831 2063 nec
2868 2006 3000 2077 quid
3034 2005 3219 2073 edicit,
3256 2005 3354 2061 sed
3385 2005 3468 2061 lo-

1881 2103 2100 2172 quentis
2126 2110 2337 2156 tantum
2355 2109 2590 2155 mentem
2615 2099 2912 2170 signiﬁcat,
2932 2098 3229 2168 statimque
3257 2106 3319 2152 ut
3337 2095 3478 2151 exiit

1880 2190 2174 2256 evanescit,
2186 2190 2387 2261 quippe
2400 2205 2526 2244 cum
2544 2189 2751 2244 nullum
2774 2197 2918 2245 esset
2936 2188 3163 2243 omnino
3177 2196 3473 2258 antequam

1879 2278 2246 2353 proferretur,
2279 2282 2407 2337 hinc
2440 2297 2543 2337 nec
2571 2280 2705 2335 vivit
2735 2295 2837 2336 nec
2863 2279 2995 2351 quid
3025 2280 3208 2347 eﬂicit,
3238 2294 3341 2335 nec
3373 2277 3474 2335 de-

1882 2376 2047 2445 nique
2078 2376 2243 2429 homo
2269 2382 2354 2429 est
2386 2373 2674 2428 hominum
2701 2372 2952 2428 verbum.
2972 2372 3143 2441 Cujus
3168 2372 3363 2441 utique
3388 2369 3473 2426 rei

1888 2482 1952 2521 ea
1985 2474 2069 2521 est
2094 2466 2234 2520 ratio
2271 2480 2435 2535 quam
2476 2464 2744 2530 diximus,
2796 2464 2925 2533 quia
2965 2463 3177 2519 scilicet
3211 2462 3473 2529 hominis,

1882 2557 1974 2627 qui
1998 2556 2129 2611 illud
2159 2556 2355 2626 gignit,
2376 2563 2568 2608 natura
2585 2561 2753 2609 estex
2784 2553 2976 2607 nihilo.
3004 2552 3075 2607 At
3095 2552 3186 2607 Dei
3212 2550 3470 2618 Verbum,

1882 2665 1990 2703 non
2037 2662 2122 2704 est
2168 2648 2373 2718 aliquid
2421 2646 2570 2717 quod
2623 2643 2963 2715 proferatur,
2996 2653 3060 2702 ut
3100 2644 3239 2701 forte
3274 2644 3475 2700 dixerit

1882 2739 2050 2811 398
2080 2739 2303 2809 aliquis,
2332 2753 2435 2793 nec
2455 2736 2610 2792 vocis
2657 2751 2829 2792 sonus
2867 2745 2975 2803 est,
3012 2751 3112 2791 nec
3142 2735 3289 2806 quod
3328 2734 3475 2791 Deus

1884 2832 2219 2901 przeccperit,
2250 2832 2352 2887 hoc
2379 2830 2551 2887 Filius
2573 2838 2685 2885 est:
2714 2829 2808 2884 sed
2840 2837 2898 2884 ut
2928 2829 3067 2885 lucis
3090 2828 3369 2899 splendor,
3392 2827 3475 2883 sic

1883 2924 1972 2978 ille
2000 2922 2273 2993 perfectus
2300 2932 2385 2978 est
2411 2939 2478 2977 ex
2517 2921 2761 2993 perfecto
2793 2920 2959 2976 fetus.
3006 2922 3146 2975 Hinc
3173 2921 3304 2976 item
3329 2918 3476 2976 Deus

1882 3026 1965 3071 est
1981 3016 2098 3085 ipsa
2118 3017 2296 3087 imago
2318 3015 2434 3071 Dei.
2453 3013 2587 3069 Nam
2608 3015 2772 3077 Deus,
2797 3014 2995 3084 inquit,
3018 3026 3132 3070 erat
3163 3013 3388 3069 Verbum
3402 3014 3471 3068 ".

1883 3108 2134 3177 Insuper,
2155 3109 2323 3163 verba
2352 3108 2635 3163 hominum
2658 3107 2795 3163 nihil
2816 3108 2885 3163 ad
2906 3106 3248 3163 eﬂiciendum
3271 3106 3472 3173 valent,

1890 3202 2035 3256 unde
2061 3201 2225 3255 homo
2259 3216 2367 3255 non
2410 3200 2590 3255 verbis
2632 3200 2726 3255 sed
2764 3200 3020 3255 manibus
3050 3200 3191 3269 agit,
3231 3198 3362 3269 quia
3390 3198 3476 3254 hae

1889 3293 2107 3363 quidem
2144 3293 2408 3359 existunt,
2468 3300 2524 3346 at
2549 3291 2774 3345 verbum
2816 3291 3031 3345 illorum
3064 3290 3200 3345 nihil
3229 3298 3315 3346 est
3344 3305 3475 3346 con-

1888 3384 2110 3438 sistens.
2138 3380 2375 3436 Verbum
2403 3388 2586 3434 antem
2620 3377 2739 3445 Dei,
2768 3388 2826 3434 ut
2856 3378 2935 3433 ait
2963 3377 3280 3447 Apostolus,
3297 3378 3473 3431 vivens

1885 3484 1936 3530 et
1958 3477 2140 3545 eﬂicax
2165 3485 2243 3530 est
2268 3474 2366 3528 Dei
2390 3471 2614 3527 Verbum
2636 3480 2686 3525 et
2713 3469 3085 3541 penetrabilius
3115 3470 3257 3523 omni
3293 3468 3474 3540 gladio

1889 3562 2134 3630 ancipiti,
2154 3571 2201 3615 et
2224 3562 2523 3631 pertingens
2556 3574 2719 3629 usque
2748 3559 2816 3611 ad
2841 3558 3150 3612 divisionem
3178 3558 3373 3613 animi:
3408 3574 3474 3611 ac

1889 3655 2130 3724 spiritus,
2154 3670 2464 3723 compagum
2497 3669 2700 3724 quoque
2728 3669 2790 3706 ac
2821 3650 3197 3716 medullarum,
3220 3658 3270 3704 et
3302 3650 3475 3720 judea:

1890 3757 1965 3800 est
2000 3745 2405 3799 meditationum
2426 3753 2474 3799 et
2498 3744 2884 3814 cogitationum
2912 3742 3108 3809 cordis,
3134 3758 3225 3795 nec
3255 3741 3367 3795 ulla
3391 3759 3473 3797 res

1891 3848 2069 3892 creata
2101 3836 2185 3890 illi
2212 3836 2418 3890 occulta
2440 3845 2537 3901 est,
2560 3835 2651 3889 sed
2678 3836 2857 3888 omnia
2890 3838 3034 3886 nuda
3068 3844 3117 3888 et
3148 3842 3330 3902 aperta
3349 3841 3475 3888 sunt

1891 3929 2056 3984 oculis
2072 3930 2205 3998 ejus,
2222 3933 2290 3982 ad
2311 3928 2448 3999 quod
2465 3928 2614 3982 nobis
2635 3940 2710 3984 est
2731 3928 2978 3983 sermo".
2996 3926 3093 3998 Opi
3103 3926 3185 3983 [ex
3213 3928 3379 3999 igitur
3390 3934 3477 3982 est

1890 4031 1940 4078 et
1964 4022 2082 4076 sine
2112 4022 2229 4091 ipso
2254 4020 2459 4076 factum
2491 4028 2576 4076 est
2601 4021 2758 4087 nihil,
2787 4035 2889 4077 nec
2917 4020 3124 4091 aliquid
3154 4019 3362 4090 absque
3378 4018 3474 4073 illo

1890 4121 2070 4184 potest
2100 4112 2238 4168 ﬁeri.

192 4207 590 4279 ἐνθυμήσεων
611 4206 712 4260 καὶ
756 4205 1008 4261 ἐννοιῶν
1056 4205 1324 4275 καρδίας·
1375 4206 1476 4260 καὶ
1523 4209 1635 4261 οὐκ
1681 4207 1813 4261 ἔστι
1844 4208 2040 4273 κτίσις
2080 4207 2321 4278 ἀφανὴς
2366 4206 2623 4263 ἐνώπιον
2672 4206 2880 4276 αὑτοῦ,
2919 4204 3117 4262 πάντα
3163 4206 3232 4258 δὲ
3280 4202 3477 4276 γυμνὰ

266 4341 317 4373 ⁷³
340 4338 526 4394 Juditb
551 4354 670 4402 VIII,
704 4337 792 4393 15.
868 4338 936 4370 "‘
963 4336 1137 4393 Exod.
1169 4350 1253 4405 Ill,
1287 4337 1373 4392 14.
1451 4339 1499 4371 ⁷⁸
1525 4337 1684 4394 Joan.
1716 4355 1756 4405 ι,

1916 4343 1961 4373 ⁷⁷
1988 4339 2153 4396 Hebr.
2183 4358 2258 4410 IV,
2293 4342 2381 4407 12,
2409 4343 2496 4397 1'5.

274 4453 386 4526 (19)
418 4453 761 4526 Sggnerian.,
788 4452 1294 4526 ἐπιλανθανόμενοι.
1327 4452 1477 4526 Felc.
1494 4451 1788 4526 gamu-

198 4521 626 4596 νόμενοι.ΡΞιιιιο
658 4534 790 4596 post_
806 4521 1132 4596 Seguerian.‘
1157 4521 1468 4596 Goblerian.
1494 4521 1696 4596 Felc._1
1730 4533 1790 4579 et

198 4591 729 4666 ιζπεριπείραντες.
763 4591 947 4648 Basili.
981 4602 1035 4666 et
1058 4591 1369 4659 Anglican.,
1402 4593 1789 4664 περισπειρανι

199 4682 313 4729 τες.
339 4661 531 4720 Caeteri
555 4676 609 4719 et
634 4666 786 4727 editi,
809 4661 1254 4734 περιπείροντες,

211 4774 218 4781 .
273 4735 401 4807 (20)Δ
415 4734 509 4790 Sic
532 4734 854 4805 Seguerian.
878 4731 1100 4789 Gobler.
1126 4731 1273 4787 Felc.
1311 4733 1337 4787 1
1364 4741 1419 4789 et
1442 4732 1496 4788 4.
1528 4734 1598 4789 At
1620 4734 1713 4789 alii
1736 4743 1792 4790 et

197 4805 354 4863 editi.
376 4805 566 4869 ὅντως.

275 4876 393 4946 (21)
427 4875 648 4948 prler.
671 4874 900 4948 etelg.
928 4875 982 4948 1A,
1011 4875 1105 4948 καὶ
1134 4874 1263 4948 περ).
1282 4872 1395 4948 Δτοῦ
1420 4874 1571 4948 Υίοῦ.
1600 4873 1788 4948 iidem,

201 4944 339 5017 Reg.
369 4943 436 5001 ac
459 4945 712 5017 Seguer.,
742 4945 873 5017 ἴξὶοῢ
904 4943 1095 5017 αὑτοῦ.
1142 4943 1399 5017 ᾼιάὐτοῦ
1450 4946 1527 5017 ab
1569 4945 1691 5002 aliis
1738 4955 1794 5000 et

201 5016 371 5071 editis
390 5014 565 5071 abest'.
604 5014 729 5069 Mox
760 5014 1080 5085 Seguerian.
1136 5016 1449 5085 Goblerian.
1487 5014 1635 5072 Felc.
1681 5018 1709 5070 1
1738 5025 1794 5071 et

201 5086 260 5151 .1,
293 5085 607 5159 περὶβεοῦ.
638 5086 746 5159 Alii
772 5094 830 5159 et
842 5084 984 5159 editi
1004 5125 1019 5149 ,
1046 5088 1185 5159 -περὶ
1215 5084 1311 5159 τοῦ
1336 5084 1493 5159 Θεοῦ.

274 5154 394 5224 (22⁷)
432 5154 1013 5228 δεευει-ῇεηηϐοὺιειο.
1046 5154 1344 5228 Fel’c._1get
1361 5156 1417 5228 .1,
1446 5154 1548 5228 τὴν
1576 5154 1790 5228 ἀνθρω-

202 5222 372 5300 πίνην
395 5222 576 5300 φύσῇ.
598 5227 731 5300 _Mox_
763 5226 948 5300 iidem,
980 5235 1175 5300 praeter
1193 5225 1339 5300 Felc.
1371 5226 1435 5291 1,
1466 5222 1575 5297 γὰρ
1604 5222 1792 5300 ﬁ,_'u_bi

202 5244 372 5350 mva
395 5244 576 5297 φυσιν.
605 5244 731 5283 mox
763 5244 948 5288 nuem,
980 5244 1339 5294 printer-rere.
1371 5244 1435 5291 ιι,
1466 5244 1575 5297 γαρ
1604 5244 1661 5300 ῃ,
1699 5244 1789 5281 um

201 5300 325 5367 Ang
351 5297 419 5351 ie.
446 5305 500 5351 et
518 5296 666 5367 Felc.
700 5295 758 5359 4,
786 5292 875 5367 ἦν.
896 5294 1070 5367 Paulo
1112 5305 1236 5365 post
1284 5298 1510 5367 segner.
1542 5306 1597 5352 et
1643 5296 1789 5353 Felc.

201 5372 258 5433 οὶ,
282 5363 472 5441 ὗσεοίος
494 5368 562 5422 ἂν
681 5367 788 5421 Alii
812 5363 873 5441 et
900 5366 1056 5441 editi,
1090 5363 1274 5441 ὅποῖος
1301 5363 1513 5441 ἀνείη.

275 5438 394 5525 (123)
424 5428 816 5525 δεειιεῗὶειιιιε,
840 5436 972 5519 Reg.
1002 5428 1540 5525 Anglican.‘1“-elc."4
1570 5437 1695 5525 et‘5,
1735 5438 1792 5492 ἐν

204 5508 385 5632 χρξῖ
417 5508 777 5632 ἒξννώμενος)
800 5523 925 5578 qua:
951 5508 1004 5561 in
1033 5508 1157 5561 aliis
1186 5521 1241 5589 et
1258 5508 1418 5563 editis
1443 5508 1662 5590 desunt.

214 5649 228 5660 _
278 5582 297 5649 (
346 5581 394 5660 __)
440 5575 1284 5660 ‘tc.SeguernaIt._11eg.'Anglic:
1308 5576 1789 5660 Goblerian._§"elc.

206 5649 229 5701 1
260 5646 318 5704 et
342 5651 397 5705 5.
425 5648 532 5702 Alii
578 5646 709 5703 vero
736 5657 792 5704 et
820 5646 1124 5716 εάίιίίάλκ
1159 5647 1236 5703 ὢν
1268 5649 1407 5715 ἐστι,
1447 5649 1540 5702 καὶ
1582 5648 1790 5714 ἀῖδίως,

205 5721 429 5775 υιιιίεεὶε
466 5719 785 5788 interjertis.

279 5790 396 5862 (25)
425 5788 572 5846 Felc.
606 5789 661 5859 4,
685 5789 810 5846 οὔτε
843 5789 1072 5862 ἐνεργεῖ,
1101 5788 1236 5844 ἀλλὰ
1272 5791 1448 5861 μόνος.
1480 5787 1648 5845 Paulo
1671 5797 1793 5860 post

2002 4456 2235 4537 "sua":
2275 4450 2681 4537 ἐπεξημηδὲῆγ-
2734 4452 3051 4537 (ἓρβιςνίειες
3091 4447 3473 4537 Feb-.192}:

1897 4454 2235 4525 Seguerian.,
2275 4456 2395 4509 ἐπεὶ
2429 4455 2564 4527 μηδὲ
2592 4454 2681 4526 ἦν.
2734 4454 3047 4509 Goblerian.
3091 4454 3237 4504 Felc.
3276 4454 3301 4502 1
3343 4457 3397 4502 et
3415 4454 3473 4514 4,

1897 4526 2080 4609 ἐπειδὴ
2109 4526 2246 4609 μηδὲ
2278 4522 2365 4609 ἦνν.
2393 4526 2585 4609 (ῥέξειενί
2608 4534 2668 4609 ει
2705 4524 2856 4589 editi,
2881 4521 3069 4593 ἐπειδὴ
3090 4520 3212 4573 οὐδὲ
3238 4513 3327 4587 ἦν.
3350 4517 3475 4574 Mox
3582 4596 3585 4599 η

1896 4597 2244 4668 Seguerian.,
2271 4597 2395 4650 οὕτε
2418 4598 2650 4668 ἐνεργεῖ.

1988 4662 2077 4737 26)
2112 4662 2430 4747 Seguerian.
2455 4662 2523 4720 et'
2544 4662 2702 4735 Reg.,
2736 4662 2970 4786 ἐπειδη..
3360 4728 3373 4740 .

1988 4737 2078 4786 271
2112 4736 2269 4786 Rem.
2304 4737 2462 4786 τουτό
2510 4739 2657 4786 ἐστιν
2708 4735 2859 4786 Υἱός.
2923 4732 3101 4786 bidem
3151 4727 3373 4786 Seauerr

1987 4727 2078 4808 27)
2112 4727 2269 4808 ne},
2304 4737 2463 4808 τοῦτό
2510 4727 2657 4789 eam?
2685 4727 2859 4808 mg.
2895 4727 3101 4808 Ibidem
3151 4727 3473 4808 διξερε-τῖες..

1892 4817 1947 4863 ει
1972 4799 2118 4863 Felc.
2146 4799 2221 4873 4:
2233 4807 2309 4871 ὡς
2335 4807 2512 4877 φωτὸς
2551 4804 2913 4877 ἀπαύγασμα.
2966 4801 3095 4877 Alii_
3118 4810 3171 4855 et
3208 4799 3370 4877 editi,
3397 4799 3476 4865 ὡς

1894 4878 2010 4949 φῶς
2042 4878 2138 4932 καὶ
2160 4869 2522 4949 ἀπαύγασμα.
2558 4869 2852 4949 ltem_ihid.
2872 4872 3193 4943 Seguerian.
3233 4879 3289 4924 et
3311 4869 3474 4940 Reg.,

1893 4940 2067 5012 οὕτως
2100 4949 2236 5003 ἐστί.
2268 4940 2484 5003 Editiet
2512 4948 2626 5009 alii,
2654 4940 2811 5009 οὗτός
2838 4940 2978 5012 ἐστιζ

1966 5007 2077 5091 (28')
2110 5018 2242 5091 Beg.
2280 5018 2484 5091 Basili:
2505 5007 2800 5091 Anglican.
2833 5011 3078 5091 μέρος.
3126 5010 3180 5091 ε,
3238 5007 3478 5091 ﬁnirat

1894 5078 2103 5162 eludw;
2115 5078 2280 5162 Paulo
2302 5100 2423 5162 post
2453 5078 2688 5162 segnem
2707 5084 2878 5162 Reg.‘
2893 5082 3079 5162 Basili.
3104 5078 3327 5162 Anglic.

1894 5161 2031 5215 bler.
2063 5159 2208 5215 Felc.
2248 5161 2273 5214 1
2304 5150 2363 5213 et
2390 5159 2443 5221 4,
2466 5150 2618 5212 οὐδέν
2646 5150 2815 5210 εἰσινῖ
2840 5151 3041 5221 C:eteri
3063 5161 3117 5221 et
3145 5150 3298 5211 editi,
3316 5150 3475 5221 ούδέν

1894 5232 2063 5285 ἐστιν.
2090 5230 2292 5285 Ibidem
2329 5219 2675 5300 Segiucrianq
2710 5225 2790 5279 διὸ
2811 5224 2933 5277 οὐδὲ
2971 5220 3061 5275 διὰ
3096 5220 3292 5289 λόγων.
3329 5219 3475 5276 Editi

1895 5311 1950 5356 et
1982 5301 2097 5364 alii,
2127 5300 2207 5354 διὸ
2229 5300 2324 5355 καὶ
2356 5299 2500 5363 οὐδὲ,
2524 5309 2629 5355 etc.

1968 5360 2093 5442 (29)
2116 5360 2507 5442 Seguerianus,
2536 5368 2851 5442 Goblerian.
2899 5362 3045 5442 Felc.
3089 5363 3137 5442 1_
3159 5370 3214 5416 et
3247 5360 3303 5442 1“
3300 5402 3316 5426 ,
3339 5432 3351 5442 _
3372 5362 3478 5442 6:9:-

1968 5388 2079 5442 (τυ)
2116 5388 2185 5426 δε
2225 5388 2507 5432 uertanus,
2536 5388 2851 5424 bonlerlan.
2899 5388 3045 5418 retu.
3089 5388 3110 5416 1
3159 5388 3214 5416 ει
3247 5388 3316 5426 ιιι,
3372 5388 3478 5431 υφ-

1896 5442 2145 5516 έστηκεν.
2178 5388 2318 5516 ἓᾴὶιί
2341 5442 2563 5516 aliique,
2601 5434 3073 5516 ὑφίσταταιηΜοχ
3098 5431 3406 5516 βεξκῖειε.
3439 5428 3479 5509 ξ

1894 5521 1951 5637 (ὧι
2066 5512 2175 5578 ζῶν
2219 5513 2337 5565 ἐστι
2388 5503 2483 5564 καὶ
2534 5503 2797 5583 ἐνεργής,
2835 5505 3059 5561 omissis
3097 5507 3127 5556 6
3178 5503 3350 5572 Λόγος
3375 5503 3474 5554 τοῦ

1940 5599 2050 5637 εου.

1940 5599 2028 5636 εου
2037 5625 2050 5637 .

1968 5653 2080 5722 (50)
2118 5653 2463 5724 Seguerian.,
2502 5650 2806 5724 μερισμῶν.
2839 5646 3130 5705 Basilicus.
3157 5644 3319 5716 paulo
3350 5646 3479 5714 poet

1897 5741 1995 5797 pro
2020 5722 2258 5796 μυελῶν,
2296 5725 2456 5780 habet
2477 5722 2676 5796 μελῶν.
