3840 6220
355 331 478 385 223.

962 332 1020 385 S.
1053 328 1425 386 ATHANASll
1464 329 1616 386 OPP.
1659 329 1841 385 PARS
1879 332 1920 384 ι.
1952 358 2024 371 -—
2061 327 2434 385 HISTORICA
2470 321 2560 382 ΕΤ
2599 327 3018 385 DOGMATICA.

3524 328 3635 386 2‘24

355 451 459 504 καὶ
492 449 1008 520 τετραχηλισμένα
1037 449 1161 514 τοῖς
1185 449 1513 519 ὀφθαλμοῖς
1549 450 1756 512 αὑτοῦ,
1793 449 1941 517 πρύς
1980 449 2054 504 ὃν
2085 447 2230 518 ἡμῖν
2269 451 2302 502 ό
2339 450 2537 518 λόγος.
2574 447 2912 520 Δημιουργὸς
2946 442 3038 501 οῦν
3065 450 3179 502 ἐστι
3228 449 3361 521 (51),
3419 449 3512 504 καὶ
3537 469 3635 523 χω-

356 540 448 614 ρὶς
480 540 647 594 αὑτοῦ
677 540 895 610 ἐγένετο
920 540 1044 593 οὐδὲ
1080 539 1158 604 ἒν,
1186 540 1307 594 οὐδὲ
1333 541 1557 595 δυνατόν
1617 559 1671 594 τι
1717 541 1959 611 γίνεσθαι
1990 542 2158 614 χωρὶς
2185 539 2372 594 αὐτοῦ.

430 660 522 716 56.
552 659 661 716 Nec
691 675 820 716 vero
858 658 1152 729 quaerenda
1180 668 1262 714 est
1285 660 1428 714 ratio
1457 676 1556 715 cur
1588 659 1682 715 Dei
1711 660 1949 716 Verbum
1983 670 2028 724 Α

364 767 474 806 non
517 753 623 806 tale
680 752 751 806 sit
799 752 960 820 quale
1006 761 1297 805 nostrum:
1353 753 1792 822 quandoquidem
1842 771 1950 808 non

361 846 486 899 talis
515 855 596 899 est
622 843 763 899 Deus
790 845 978 914 quales
999 859 1118 910 nos,
1143 845 1219 898 uti
1246 845 1356 913 jam
1382 846 1640 900 diximus.
1660 846 1768 900 Nec
1789 849 1953 902 etiam

362 937 693 1006 investigare
726 936 982 990 convenit
1017 936 1294 1006 quomodo
1325 935 1562 991 Verbum
1613 953 1677 991 ex
1708 937 1954 1000 Deo-est,

360 1041 535 1091 quove
586 1025 750 1078 modo
795 1026 1052 1095 splendor
1091 1025 1162 1079 sit
1194 1024 1310 1090 Dei,
1340 1036 1433 1080 aut
1459 1029 1734 1096 quomodo
1790 1029 1958 1098 gignit

362 1115 527 1180 Deus,
558 1117 749 1186 quisve
789 1117 878 1169 ille
906 1117 975 1170 sit
1007 1115 1100 1168 Dei
1152 1117 1407 1185 gignendi
1460 1119 1677 1171 modus.
1726 1119 1958 1174 Insanus

362 1207 506 1259 enim
561 1207 606 1260 is
649 1215 733 1260 est
767 1207 1146 1271 aestimandus,
1180 1208 1274 1276 qui
1311 1207 1414 1261 ista
1457 1208 1689 1262 scrutari
1731 1224 1837 1261 non
1870 1225 1959 1262 ve-

364 1299 598 1362 rebitur,
633 1299 834 1368 quippe
883 1299 975 1367 qui
1030 1299 1307 1353 existimet
1358 1315 1471 1353 rem
1527 1301 1956 1370 inexplicabilem

364 1391 670 1465 divinumque
695 1391 969 1459 propriam
994 1400 1224 1452 naturae,
1257 1390 1356 1444 soli
1389 1389 1498 1444 Deo
1527 1407 1589 1445 ac
1614 1391 1752 1447 Filio
1774 1395 1961 1460 cogni-

367 1492 498 1545 tam,
533 1497 692 1550 posse
728 1483 908 1536 verbis
938 1483 1191 1552 exprimi.
1220 1481 1368 1536 Idem
1405 1483 1551 1536 enim
1599 1494 1685 1538 est
1717 1485 1960 1553 profecto

365 1582 437 1633 π
459 1578 506 1633 si
538 1578 639 1646 ipsi
668 1587 993 1647 quaererent.
1043 1578 1262 1631 ubinam
1299 1593 1477 1646 quove
1507 1579 1665 1631 modo
1695 1579 1766 1633 sit
1795 1578 1957 1644 Deus,

365 1678 421 1724 et
450 1670 628 1740 qualis
657 1670 728 1724 sit
756 1669 934 1723 Pater.
969 1668 1038 1723 Ut
1064 1685 1196 1739 ergo
1229 1669 1296 1722 de
1326 1669 1445 1722 istis
1471 1669 1634 1722 rebus
1666 1670 1958 1737 sciscitari,

367 1763 585 1816 nonnisi
618 1763 906 1831 impiorum
939 1773 992 1816 et
1020 1761 1187 1816 Deum
1225 1763 1593 1833 ignorantium
1627 1773 1744 1816 est:
1774 1764 1846 1816 ita
1878 1774 1961 1817 ta-

367 1856 439 1909 lia
475 1855 540 1908 de
567 1853 688 1907 Filii
721 1853 814 1908 Dei
851 1854 1198 1924 generatione
1223 1855 1426 1908 audere
1458 1853 1738 1922 indagare,
1772 1853 1964 1910 Deum-

368 1963 475 2016 que
503 1963 568 2000 ac
591 1947 710 2015 ejus
743 1947 1066 2015 sapientiam
1093 1955 1281 1999 nostra
1325 1957 1521 1999 natura
1556 1955 1611 2001 et
1642 1945 1960 2000 infirmitate

2159 661 2248 716 56.
2285 662 2356 715 Ού
2379 661 2460 714 δεῖ
2484 661 2540 714 δὲ
2590 659 2790 730 ζητεῖν,
2851 660 2940 714 διὰ
2981 663 3034 714 τί
3096 662 3169 733 μὴ
3196 662 3436 725 τοιοῦτος
3488 662 3634 716 ότοῦ

2056 753 2190 806 Θεοῦ
2216 753 2388 821 Λόγος
2415 749 2527 817 οἷος
2546 753 2641 806 καὶ
2667 755 2694 806 6
2739 752 3024 824 ἡμέτερος·
3069 755 3192 806 ἐπεὶ
3219 753 3292 824 μὴ
3342 754 3582 817 τοιοῦτος
3609 758 3638 808 6

2056 844 2188 908 Θεὸς
2217 839 2317 896 οἷοι
2348 845 2440 898 καὶ
2461 847 2641 915 ἡμεῖς,
2703 843 2777 906 ὡς
2815 845 3134 914 προείρηται
3181 846 3314 911 (52)·
3375 845 3487 898 ἀλλ’
3517 846 3637 899 οὐδὲ

2059 937 2258 1005 πρέπει
2289 935 2467 1005 ζητεῖν
2510 936 2626 1000 πῶς
2683 938 2746 988 ἐκ
2787 935 2882 988 τοῦ
2939 935 3073 989 Θεοῦ
3115 937 3261 989 ἐστιν
3316 938 3344 990 6
3376 937 3566 1006 Λόγος,
3602 937 3639 1007 ἢ

2059 1027 2176 1090 πῶς
2207 1027 2546 1097 ἀπαύγασμά
2569 1029 2684 1079 ἐστι
2721 1025 2816 1078 τοῦ
2849 1025 3004 1087 Θεοῦ,
3032 1027 3064 1098 ἢ
3095 1029 3210 1089 πῶς
3244 1029 3404 1099 γεννᾷ
3437 1029 3464 1081 6
3483 1028 3639 1092 Θεὸς,

2060 1121 2152 1172 καὶ
2183 1119 2265 1183 τίς
2294 1121 2321 1172 6
2357 1119 2554 1189 τρόπος
2581 1117 2681 1187 τῆς
2706 1117 2799 1170 τοῦ
2842 1116 2977 1170 Θεοῦ
3031 1121 3352 1188 γεννήσεως·
3397 1118 3645 1189 μαίνοιτο

2059 1211 2169 1281 γὰρ
2199 1211 2264 1264 ἀν
2323 1228 2405 1275 τις
2436 1209 2661 1263 τοιαῦτα
2696 1209 2928 1279 τολμῶν,
2993 1211 3074 1263 ὅτι
3126 1213 3356 1281 πρᾶγμα
3401 1211 3644 1282 ἄρρητον

2061 1306 2155 1358 καὶ
2183 1303 2394 1372 φύσεως
2427 1303 2553 1356 ῖδιον
2581 1302 2738 1364 Θεοῦ,
2804 1303 2948 1372 μόνῳ
2977 1319 3036 1354 τε
3071 1303 3220 1372 αὐτῷ
3267 1303 3358 1356 καὶ
3399 1303 3474 1374 τῷ
3525 1302 3645 1373 Υἱῷ

2061 1396 2485 1465 γινωσκόμενον,
2515 1392 2655 1459 ἀξιοῖ
2703 1393 2882 1462 λόγοις
2911 1393 3040 1446 αὐτὸ
3076 1395 3184 1463 (55)
3220 1395 3639 1466 ἐρμηνευθῆναι·

2065 1489 2177 1541 ἴσον
2197 1486 2304 1558 γάρ
2331 1488 2446 1538 ἐστι
2471 1487 2597 1549 τοὺς
2621 1485 2894 1548 τοιούτους
2923 1486 3126 1556 ζητεῖν,
3159 1485 3261 1538 ποῦ
3292 1486 3320 1538 6
3363 1485 3516 1550 Θεὸς,
3547 1486 3646 1541 καὶ

2066 1578 2183 1641 πῶς
2214 1579 2359 1629 ἐστιν
2382 1579 2410 1630 6
2438 1577 2586 1640 Θεὸς,
2621 1579 2716 1630 καὶ
2740 1577 2981 1637 ποταπὸς
3012 1577 3120 1648 (54)
3175 1580 3321 1630 ἐστιν
3349 1581 3376 1631 6
3425 1579 3644 1650 Πατήρ.

2077 1669 2429 1740 Ἀλλ’ῶσπερ
2457 1669 2516 1722 τὸ
2564 1669 2774 1722 τοιοῦτο
2821 1670 3030 1740 ἐρωτᾷν
3087 1669 3281 1732 ἀσεϐές
3342 1672 3493 1734 ἐστι,
3548 1671 3652 1724 καὶ

2066 1761 2401 1830 ἀγνοούντων
2434 1759 2522 1812 τὸν
2553 1759 2703 1820 Θεὸν,
2734 1758 2877 1811 οὕτω
2933 1760 3026 1812 καὶ
3054 1759 3114 1812 ού
3175 1759 3334 1829 θέμις
3371 1761 3487 1813 οὐδὲ
3517 1761 3651 1831 περὶ

2064 1852 2165 1923 τῆς
2196 1852 2288 1906 τοῦ
2326 1851 2454 1904 Υίοῦ
2518 1851 2611 1904 τοῦ
2647 1850 2781 1904 Θεοῦ
2817 1852 3123 1920 γεννήσεως
3154 1850 3376 1904 τοιαῦτα
3413 1852 3647 1922 τολμᾷν,

2067 1945 2186 1998 οὐδὲ
2227 1946 2292 2014 τῇ
2330 1942 2532 1996 ὲαυτῶν
2567 1941 2723 2011 φύσει
2747 1943 2843 1996 καὶ
2888 1942 3140 2013 ἀσθενείᾳ
3193 1947 3521 2014 συμμετρείν
3555 1944 3651 1996 τὸν

368 2037 570 2102 metiri,
601 2052 826 2106 prorsus
867 2036 1020 2090 nefas
1057 2045 1161 2091 est.
1208 2035 1326 2088 Non
1369 2037 1573 2092 idcirco
1624 2045 1800 2090 tamen
1829 2037 1958 2106 quid

2073 2036 2194 2090 Θεὸν
2219 2009 2314 2090 κᾶι
2351 2037 2448 2107 τὴν
2470 2009 2655 2088 τούτου
2694 2035 2902 2104 σοφίαν·
2933 2036 3046 2088 ἀλλ’
3078 2009 3198 2088 οῦδὲ
3345 2009 3500 2088 τοῦτο
3535 2036 3650 2104 (55)

367 2137 564 2198 praeter
592 2128 873 2181 veritatem
903 2128 1144 2198 cogitare
1189 2127 1340 2193 licet,
1371 2144 1472 2182 nec
1514 2130 1559 2182 si
1613 2128 1737 2198 quis
1778 2127 1832 2180 in
1876 2128 1961 2182 his

366 2218 717 2286 exquirendis
747 2216 1025 2283 defecerit,
1056 2218 1216 2272 debet
1269 2220 1432 2271 etiam
1475 2220 1632 2273 [idem
1667 2216 1962 2285 Scripturaa

367 2308 652 2379 derogare.
684 2307 963 2376 Siquidem
999 2318 1222 2378 praestat
1243 2311 1560 2364 haesitantes
1587 2311 1747 2364 silere
1765 2319 1818 2364 et
1844 2325 1963 2364 cre-

369 2398 520 2463 dere,
549 2414 714 2467 quam
743 2399 886 2454 nolle
923 2399 1147 2454 credere
1182 2401 1310 2469 quia
1335 2401 1789 2455 haesitaverimus.
1825 2399 1960 2454 Nam

371 2489 420 2544 is
443 2471 546 2560 'qui
583 2490 1052 2552 lmsitat,veniam
1083 2492 1268 2560 aliquo
1295 2493 1458 2546 modo
1483 2502 1657 2561 potest
1679 2494 1958 2559 consequi,

370 2592 656 2652 propterea
686 2582 856 2651 quod,
898 2583 1113 2636 tametsi
1164 2593 1443 2638 scrutatus
1480 2592 1582 2648 est,
1615 2594 1793 2638 tamen
1827 2600 1960 2638 con~

373 2674 610 2744 quievit.
641 2673 744 2739 Qui
787 2683 966 2728 autem
1005 2675 1134 2743 quia
1180 2673 1296 2743 ipse
1348 2674 1582 2737 haesitat,
1610 2690 1673 2728 ea
1704 2691 1824 2742 (tua:
1857 2676 1961 2727 mi--

373 2767 522 2818 nime
553 2764 749 2818 decent
787 2765 948 2817 audet
989 2761 1358 2826 comminisci,
1387 2772 1550 2829 atque
1585 2762 1804 2829 indigna
1851 2761 1961 2816 Deo

373 2857 641 2927 hquitnr,
693 2857 896 2910 nullam
927 2856 972 2910 is
999 2855 1244 2926 profecto
1269 2853 1588 2908 temeritatis
1615 2868 1727 2908 suae
1751 2855 1959 2908 veniam

376 2948 664 3001 obtinebit.
696 2944 940 3015 Namque
965 2945 1017 2998 in
1051 2945 1200 2998 hisce
1230 2943 1639 2998 diliicultatihns
1667 2952 1843 3013 potest
1873 2959 1963 2998 so-

376 3037 570 3091 latium
607 3035 826 3104 aliquod
855 3050 923 3088 ex
953 3033 1155 3087 divinis
1191 3033 1411 3086 haurire
1450 3032 1767 3102 Scripturis,
1801 3035 1872 3086 ita
1905 3042 1964 3088 ut

378 3145 500 3199 qme
523 3129 723 3196 scripta
750 3136 876 3181 sunt
902 3136 1044 3183 recte
1060 3127 1343 3196 intelligat,
1364 3134 1721 3195 nostrumque
1737 3127 1961 3181 verbum

379 3221 578 3276 habeat
604 3221 774 3275 instar
801 3219 1033 3288 exerupli
1063 3227 1117 3272 et
1156 3219 1431 3288 imaginis.
1475 3216 1544 3280 Ut
1567 3219 1708 3272 enim
1737 3220 1960 3272 verbum

2063 2129 2156 2181 καὶ
2182 2127 2335 2198 παρά
2359 2127 2455 2197 τὴν
2487 2126 2739 2198 ἀλήθειαν
2767 2130 2905 2180 νοεῖν
2929 2130 3212 2197 προσήκει·
3232 2127 3351 2179 οὐδὲ
3378 2128 3424 2179 εξ
3453 2129 3654 2199 ἀπορεῖ

2060 2231 2144 2277 τις
2174 2213 2354 2284 ζητῶν
2403 2213 2530 2284 περὶ
2575 2212 2800 2277 τούτων,
2849 2212 3054 2280 ὀφείλει
3107 2211 3200 2263 καὶ
3257 2213 3505 2265 ἀπιστεῖν
3534 2213 3652 2274 τοῖς

2061 2304 2465 2376 γεγραμμένοις
2499 2303 2631 2374 (56).
2669 2303 2884 2356 Βέλτιον
2909 2303 3016 2374 γὰρ
3061 2302 3398 2374 ἀποροῦντας
3438 2305 3654 2374 σιωπᾷν

2063 2397 2155 2449 καὶ
2179 2395 2473 2460 πιστεύειν,
2505 2395 2811 2466 ἦάπιστεῖν
2853 2394 2940 2448 διὰ
2968 2395 3028 2447 τὸ
3085 2395 3308 2466 ἀπορεῖν
3339 2395 3472 2465 (57)·
3514 2394 3654 2449 διότι

2061 2489 2090 2540 6
2123 2489 2220 2559 μὲν
2244 2487 2463 2559 ἀπορῶν
2517 2487 2741 2541 δύναταί
2793 2505 2911 2550 πως
2962 2488 3056 2540 καὶ
3111 2487 3440 2557 συγγνώμην
3480 2486 3652 2556 ἔχειν,

2060 2580 2141 2632 ὅτι
2172 2579 2306 2642 ὅλως
2338 2579 2442 2632 κᾶν
2470 2579 2707 2650 ζητήσας
2762 2579 3062 2650 ἠρέμησεν·
3118 2581 3145 2630 6
3178 2579 3234 2630 δὲ
3292 2579 3378 2631 διὰ
3423 2578 3482 2630 τὸ
3515 2580 3656 2631 ἀπο-

2064 2675 2178 2744 ρεῖν
2203 2673 2311 2743 (58)
2355 2671 2582 2724 ἐπινοῶν
2612 2671 2789 2741 ἑαυτῷ
2838 2671 2906 2723 τὰ
2965 2671 3038 2741 μὴ
3077 2671 3296 2732 δέοντα,
3346 2671 3440 2722 καὶ
3468 2670 3537 2723 τὰ
3573 2671 3655 2740 μὴ

2063 2763 2188 2829 ἄξια
2222 2764 2348 2833 περὶ
2377 2762 2510 2814 Θεοῦ
2547 2763 2937 2832 φθεγγόμενος,
2993 2763 3377 2830 ἀσύγγνωστον
3410 2762 3522 2833 ἔχει
3551 2762 3657 2834 τῆς

2061 2857 2264 2928 τόλμης
2285 2858 2382 2928 τὴν
2410 2856 2586 2926 δίκην.
2643 2855 2874 2908 Δύναται
2923 2853 3032 2926 γὰρ
3093 2854 3186 2907 καὶ
3238 2853 3346 2906 τῶν
3393 2853 3655 2907 τοιούτων

2062 2949 2306 3020 ἀποριῶν
2340 2949 2482 3020 ἔχειν
2511 2947 2632 3001 τινὰ
2679 2945 3033 3017 παραμυθίαν
3067 2948 3130 2998 ὲκ
3175 2946 3285 2998 τῶν
3319 2945 3475 2998 θείων
3510 2945 3657 3017 Epa-

2063 3042 2200 3112 φῶν,
2242 3041 2380 3095 ὥστε
2429 3040 2725 3112 λαμϐάνειν
2778 3039 2876 3110 μὲν
2933 3038 3113 3102 καλῶς
3145 3037 3215 3092 τὰ
3266 3038 3654 3110 γεγραμμένα,

2064 3141 2202 3193 νοεῖν
2231 3139 2287 3191 δὲ
2315 3137 2389 3200 ὡς
2416 3139 2472 3188 ὲν
2498 3135 2900 3206 παραδείγματι
2927 3131 3016 3186 τὸν
3043 3133 3307 3205 ἡμέτερον
3330 3133 3506 3201 λόγον·
3568 3132 3656 3185 ὅτι

2063 3229 2253 3302 ὥσπερ
2278 3224 2430 3291 οὗτος
2480 3227 2608 3290 ἴδιος
2661 3225 2719 3289 ἐξ
2745 3225 2902 3295 ἡμῶν
2957 3226 3095 3285 ἐστι,
3145 3225 3240 3278 καὶ
3295 3226 3396 3277 οὐκ
3450 3225 3658 3289 ἔξωθεν

378 3325 626 3369 nostrum
665 3329 728 3366 ex
766 3312 924 3365 nobis
956 3320 1061 3372 est,
1096 3326 1194 3364 nec
1238 3311 1456 3380 aliquod
1508 3321 1592 3364 est
1641 3327 1776 3380 opus
1809 3321 1958 3365 extra

2073 3322 2220 3392 ήμῶν
2257 3320 2365 3389 (59)
2390 3319 2569 3389 ἔργον,
2613 3318 2756 3371 οῦτω
2796 3317 2889 3370 καὶ
2922 3318 2950 3370 6
3005 3316 3098 3370 τοῦ
3131 3317 3265 3370 Θεοῦ
3313 3316 3481 3385 Λόγος
3522 3317 3659 3382 ἴδιός

379 3421 482 3460 nos
509 3405 734 3466 factum,
775 3403 848 3455 ita
875 3410 926 3455 et
955 3401 1044 3455 Dei
1074 3400 1314 3455 Verbum
1346 3401 1623 3470 proprium
1654 3418 1718 3454 ex
1743 3402 1833 3454 illo
1855 3411 1957 3465 est,

380 3512 483 3552 nec
513 3513 650 3566 Opus
675 3495 892 3563 aliquod
923 3503 1026 3558 est,
1054 3509 1154 3547 nec
1179 3496 1341 3547 etiam
1368 3493 1515 3547 Velut
1546 3493 1827 3547 hominum
1848 3509 1966 3547 ver-

381 3590 533 3643 bum.
576 3589 829 3657 Alioquin
875 3586 1044 3640 Deum
1083 3587 1359 3640 hominem
1404 3601 1524 3640 esse
1563 3587 1785 3640 omnino
1821 3595 1966 3641 esset

381 3682 811 3750 intelligendum.
841 3679 1054 3734 Etenim
1095 3679 1328 3748 plurima
1359 3686 1412 3733 et
1440 3679 1653 3733 diversa
1679 3679 1962 3733 hominum

381 3773 545 3827 verba
569 3772 812 3841 quotidie
834 3781 1183 3840 praetereunt,
1216 3771 1340 3839 quia
1374 3771 1552 3839 priora
1579 3786 1684 3824 non
1723 3779 1961 3834 manent,

384 3866 479 3920 sed
510 3879 862 3919 evanescunt.
893 3863 1062 3930 Cujus
1089 3863 1165 3916 rei
1199 3863 1314 3916 haec
1337 3878 1503 3934 causa
1535 3872 1638 3926 est,
1667 3863 1812 3931 quod
1841 3863 1954 3917 illo-

381 3967 502 4006 rum
527 3964 728 4021 patres,
769 3967 892 4006 cum
921 3951 1174 4006 homines
1197 3951 1325 4016 sint,
1345 3950 1518 4004 ﬂuxas
1543 3952 1962 4018 liabentwtates,

382 4041 624 4110 aliasque
672 4043 794 4096 aliis
839 4041 1196 4096 succedentes
1242 4041 1638 4110 cogitationes,
1675 4058 1738 4096 ac
1781 4044 1964 4109 qualia

387 4133 490 4202 ipsi
529 4133 767 4203 cogitant
793 4142 844 4186 et
877 4133 1230 4199 meditantur,
1259 4134 1386 4187 talia
1421 4143 1474 4187 et
1494 4135 1826 4205 loquontur:
1855 4150 1964 4204 quo

383 4228 445 4280 tit
479 4235 536 4279 ut
565 4227 732 4280 multa
783 4226 1018 4279 habeant
1045 4227 1242 4290 verba,
1275 4227 1596 4296 nullumque
1634 4235 1812 4280 tamen
1846 4228 1966 4280 il-lo-

384 4335 507 4372 rum
555 4330 741 4388 postea
796 4321 1056 4387 supersit.
1093 4321 1230 4374 Cum
1279 4318 1425 4372 enim
1469 4319 1536 4383 is,
1569 4319 1664 4388 qui
1724 4319 1966 4389 loquitur

385 4410 619 4475 siluerit,
640 4410 804 4482 399
827 4426 1017 4466 eorum
1049 4411 1231 4465 statim
1267 4411 1448 4465 deﬁcit
1473 4411 1721 4464 verbum.
1749 4411 1841 4465 Dei
1868 4429 1966 4468 au—

386 4513 493 4558 tem
532 4501 766 4558 Verbum
793 4521 962 4559 unum
996 4513 1050 4558 et
1081 4504 1222 4558 idem
1247 4514 1349 4565 est,
1377 4512 1450 4564 et.
1489 4512 1548 4558 ut
1576 4505 1834 4574 scriptum
1859 4516 1962 4570 est,

389 4593 624 4652 Verbum
659 4599 750 4652 Dei
779 4597 833 4651 in
866 4597 1126 4652 saeculum
1158 4603 1441 4666 permanet
1469 4597 1535 4663 ⁷⁸,
1569 4613 1668 4652 nec
1699 4608 1961 4667 mutatur,

456 4755 503 4788 ⁷⁸
533 4752 679 4809 Psal.
723 4771 912 4821 cxvm,
949 4757 1039 4812 89.

2065 3415 2212 3466 ἑστιν
2238 3413 2295 3477 ἐξ
2321 3411 2508 3474 αὑτοῦ,
2537 3412 2628 3466 καὶ
2653 3412 2751 3464 οὐκ
2778 3411 2894 3464 ἔστι
2931 3411 3166 3482 ποίημα,
3211 3411 3333 3464 οὐδὲ
3371 3410 3445 3476 ὼς
3481 3412 3510 3464 6
3542 3409 3660 3464 τῶν

2064 3503 2366 3576 ἀνθρώπων
2391 3503 2569 3573 λόγος·
2622 3503 2744 3555 ἐπεὶ
2793 3504 2888 3556 καὶ
2943 3503 3035 3556 τὸν
3083 3502 3214 3556 Θεὸν
3261 3503 3471 3574 ἀνάγκη
3512 3507 3658 3558 νοεῖν

2064 3596 2368 3666 ἄνθρωπον.
2406 3595 2536 3648 Ἰδοὺ
2563 3594 2672 3666 γὰρ
2703 3593 2864 3647 πάλιν
2894 3593 3001 3646 τῶν
3053 3592 3150 3663 μὲν
3183 3591 3485 3664 ἀνθρώπων
3521 3594 3658 3647 πολ-

2063 3687 2146 3739 λοὶ
2175 3687 2268 3740 καὶ
2293 3686 2540 3756 διάφοροι
2573 3684 2721 3753 λόγοι
2766 3683 2888 3737 καθ’
2913 3683 3124 3754 ἡμέραν
3151 3685 3535 3755 παρέρχονται,
3564 3685 3659 3741 διὰ

2065 3779 2124 3832 τὸ
2155 3780 2282 3841 τοὺς
2309 3777 2557 3850 πρώτους
2593 3776 2668 3848 μὴ
2706 3775 2911 3847 μένειν,
2944 3775 3060 3829 ἀλλ’
3100 3775 3474 3843 ἀφανίζεσθαι.
3507 3775 3660 3830 Γίνε-

2064 3886 2154 3922 ται
2182 3869 2237 3922 δὲ
2268 3869 2426 3922 πάλιν
2462 3868 2570 3938 (40)
2596 3868 2774 3930 τοῦτο,
2818 3868 2940 3920 ἐπεὶ
2963 3869 3058 3920 καὶ
3087 3869 3135 3919 οί
3159 3867 3363 3921 τούτων
3390 3867 3655 3941 πατέρες,

2065 3960 2340 4031 ἄνθρωποι
2367 3960 2538 4023 ὅντες,
2574 3957 2991 4030 παρερχομένας
3023 3957 3122 4026 μὲν
3163 3956 3345 4027 ἔχουσι
3395 3958 3494 4022 τάς
3535 3961 3656 4029 ἡλι-

2065 4053 2210 4116 κίας,
2231 4053 2299 4106 τὰ
2315 4052 2371 4104 δὲ
2395 4053 2642 4121 νοήματα
2670 4050 3033 4122 ἐπερχόμενα·
3066 4051 3160 4104 καὶ
3183 4049 3320 4121 πρὸς
3341 4049 3376 4103 ἃ
3404 4049 3654 4118 λογίζον-

2063 4161 2154 4197 ται
2187 4145 2281 4196 καὶ
2314 4141 2713 4210 ὲπιλογίζονται
2743 4141 2874 4211 (4i),
2921 4139 3149 4193 τοιαῦτα
3171 4141 3262 4194 καὶ
3299 4141 3650 4210 φθέγγονται·

2065 4235 2206 4290 ὥστε
2232 4237 2328 4290 καὶ
2363 4235 2588 4298 πολλοὺς
2635 4226 2827 4303 λόγους
2861 4233 3027 4305 ἔχειν,
3059 4235 3154 4288 καὶ
3184 4233 3321 4304 μετά
3365 4235 3492 4298 τοὺς
3524 4235 3655 4288 πολ-

2064 4327 2190 4390 λοὺς
2223 4326 2426 4398 μηδένα
2447 4326 2652 4378 τούτων
2681 4324 2836 4388 ὅλως·
2867 4325 3142 4379 πέπαυται
3169 4325 3317 4396 γάρό
3336 4323 3535 4387 λαλῶν,
3555 4327 3653 4377 καὶ

2065 4419 2093 4470 6
2123 4417 2278 4486 λόγος
2322 4417 2481 4480 εὐθὺς
2518 4417 2812 4486 ἀνήλωται.
2880 4417 2940 4469 '0
2991 4416 3049 4469 δὲ
3076 4415 3170 4468 τοῦ
3203 4414 3337 4468 Θεοῦ
3368 4415 3541 4482 Λόγος
3569 4409 3652 4478 εἷς

2064 4513 2296 4565 ἐστικαὶ
2322 4513 2350 4565 6
2376 4511 2556 4576 αὐτὸς,
2609 4512 2723 4572 καὶ,
2777 4511 2853 4572 ὠς
2901 4509 3226 4580 γέγραπται,
3269 4511 3298 4561 6
3349 4507 3520 4576 Λόγος
3552 4505 3650 4559 τοῦ

2065 4603 2200 4656 Θεοῦ
2235 4603 2344 4674 (4'2)
2377 4605 2456 4666 εἰς
2485 4602 2577 4656 τὸν
2629 4599 2800 4654 αἰῶνα
2833 4599 3096 4670 διαμένει,
3143 4599 3216 4670 μὴ
3245 4598 3649 4669 ἀλλοιούμενος,

459 4918 571 4994 (iii)
596 4916 919 4994 Seguerian.
949 4926 1001 4994 et
1025 4915 1170 4971 Felc.
1204 4919 1258 4994 4,
1285 4917 1633 4994 yoﬁleidem
1663 4919 1825 4994 paulo
1845 4927 1958 4994 post

2073 4920 2255 4994 Aliiget
2281 4923 2430 4988 editi,
2465 4925 2552 4978 διά
2576 4923 2638 4978 τὸ
2673 4923 2746 4994 μὴ
2775 4924 3000 4994 ἀπορεῖν

386 4997 442 5122 ξι
474 4987 630 5072 Begu,
647 4989 769 5041 οὐδὲ
789 4987 1012 5040 δυνατόν
1040 5004 1094 5039 τι
1120 4988 1396 5056 γενέσθαι.
1425 4987 1568 5044 Felc.
1588 4990 1642 5055 4,
1664 4987 1818 5056 ibid.,
1844 4991 1964 5042 οὐδὲ

422 5075 592 5122 ητειν.

462 5076 592 5111 τειν.

422 5075 592 5198 ﬂ:
615 5129 1014 5202 Seguerian._et
1046 5125 1191 5202 elc.
1232 5127 1265 5180 4
1287 5167 1302 5191 ,
1349 5128 1540 5202 ὥσπερ
1573 5129 1809 5202 εἴρηται.
1842 5129 1967 5186 Mox

392 5197 732 5263 Seguerian},
753 5200 866 5265 ,καὶ
896 5198 1011 5260 πῶς
1041 5197 1400 5267 ἀπαύγασμα.

461 5270 574 5340 (55)
605 5267 1164 5340 δρειιειξίειιη-λόγοις
1196 5269 1355 5340 αὑτό.
1384 5269 1698 5324 Gohierian.
1735 5269 1879 5326 Felc.
1932 5272 1958 5326 ‘l

389 5348 444 5394 et
466 5337 723 5410 4,}.6706;
751 5339 919 5408 αὐτῷ.
953 5337 1090 5410 Ειιιιί
1115 5347 1167 5391 et
1201 5339 1491 5410 θιὶἰπλὸγῳ
1525 5339 1693 5410 αύτῷ.

463 5408 572 5476 (54)
606 5411 926 5480 Segucrian.
959 5409 1272 5480 Golilerian.
1315 5408 1473 5464 Felc.‘
1504 5411 1523 5462 ι
1550 5421 1604 5466 et
1627 5408 1682 5474 4,
1703 5411 1960 5476 ποδαπός.

461 5480 571 5547 (55)
611 5478 950 5548 Seguerian.,
979 5478 1090 5530 ἀλλ’
1118 5479 1176 5530 ού
1198 5479 1287 5532 διὰ
1314 5480 1489 5533 τοῦτο.

461 5549 572 5619 (56)
604 5549 748 5602 Fele.
777 5548 831 5610 5,
855 5549 1325 5619 τοῖςᾴγενομένοις.

947 5601 1096 5687 'R'eg.
1116 5601 1428 5674 Coblei'ian.
1451 5621 1596 5675 Felc.
1622 5622 1647 5675 1
1681 5630 1735 5676 et
1780 5621 1836 5684 4,
1877 5620 1965 5676 διὰ

395 5691 453 5742 τὸ
478 5687 726 5759 ἀπορεῖν.
759 5687 899 5770 Editi
933 5704 1060 5742 vero
1088 5699 1140 5743 et
1175 5691 1286 5755 alii,
1313 5691 1400 5744 διὰ
1435 5691 1494 5744 τὸ
1520 5693 1605 5817 9);
1626 5695 1872 5764 ἀπορεῖν.

461 5760 573 5817 (58)
611 5760 928 5817 Seeuenan.
961 5757 1092 5817 Reiz.
1127 5759 1269 5816 Felc.
1299 5759 1331 5814 «ι
1353 5772 1404 5817 et
1437 5762 1490 5817 5.
1517 5777 1565 5815 οι
1635 5762 1695 5817 τὸ
1717 5765 1872 5817 arma:

461 5760 573 5834 (58)
598 5757 928 5832 Βεευοιῆιιη.
961 5757 1092 5831 Reg.
1127 5759 1269 5816 Felc.
1299 5759 1331 5814 4
1353 5772 1404 5818 et
1437 5762 1490 5828 5,
1517 5757 1605 5817 διὰ
1635 5762 1695 5817 τὸ
1717 5757 1958 5832 ἀπορεῖν.

2284 4993 2593 5066 Qoblerian.
2633 4992 2685 5066 et
2725 4992 2869 5048 Felc.
2891 4992 2956 5066 ‘4,
2982 4994 3178 5066 ἔξωθεν
3213 4995 3272 5060 ἐξ
3304 4994 3480 5066 ήμῶν.

2168 5061 2255 5135 40)
2298 5064 2615 5133 Seguerian.
2658 5063 2842 5118 Basili.
2884 5065 3098 5135 Anglic.
3132 5061 3444 5122 Gobler'i'an.
3497 5065 3643 5122 Felc.

2072 5132 2094 5184 1
2226 5133 2279 5202 4,
2305 5132 2512 5204 γίνεται
2545 5136 2602 5190 δὲ
2645 5135 2826 5190 πάλιν.
2870 5132 3063 5190 (Σαξιὲτὶ
3100 5147 3166 5200 ,et
3214 5138 3384 5201 editi,
3431 5136 3647 5204 γίνεται

2072 5219 2113 5255 π
2184 5221 2250 5255 ιν.

2069 5219 2250 5256 παλιν.

2142 5274 2253 5342 (41)
2286 5273 2377 5329 Sic
2411 5274 2726 5344 Seguerian.
2760 5275 2971 5345 Anglic.
3008 5274 3318 5331 Goblerian.
3355 5274 3501 5331 Felc.
3529 5276 3555 5330 1
3592 5286 3648 5330 et

2069 5344 2124 5399 4.
2151 5345 2216 5398 At
2253 5347 2342 5398 alii
2366 5355 2419 5400 et
2453 5348 2579 5401 editi
2609 5344 2867 5400 omittunt
2890 5347 2984 5400 καὶ
3018 5347 3437 5414 ἐπιλογίξονται.

2141 5415 2602 5494 (ιξὲλιξοὺιριὶἓιι.
2634 5427 2688 5471 et
2744 5416 2892 5494 Felc_.
2975 5412 3233 5494 omittunt
3258 5419 3304 5494 _6
3347 5415 3519 5494 Λόγος
3551 5412 3644 5494 τοῦ

2067 5483 2824 5565 9506.'lillemit_Seguer._ac
2849 5487 3001 5565 _Felc._
3023 5486 3077 5551 4,
3111 5487 3384 5565 διαμένει,
3410 5486 3509 5565 ’μὴ

2067 5556 2396 5636 λοιούμενος.
2425 5552 2651 5636 Εξόὶιίἐι
2683 5558 2796 5636 alii,
2845 5557 3120 5636 διαμένει,
3158 5552 3252 5636 διαὶ
3286 5557 3365 5636 μή
3398 5552 3645 5636 ἀλλοιού-

2074 5625 2252 5754 μίεὲρῖ.
2291 5626 2415 5751 M‘ox
2449 5628 2637 5699 ἐτέρου
2671 5629 2822 5684 deest
2865 5629 2918 5684 in
2940 5625 3297 5698 ‘Seguerian.
3326 5625 3644 5683 Goblerian.

2074 5714 2100 5754 ε
2187 5714 2214 5754 e
2239 5713 2286 5754 c.
2359 5735 2374 5752 .

2069 5713 2120 5754 ει
2144 5713 2172 5752 I‘
2187 5713 2286 5754 εις.
2325 5713 2374 5752 ι.
