3840 6220
348 217 475 296 ἠπ

991 237 1050 294 S.
1088 235 1462 292 ATHANASII
1501 235 1652 294 OPP.
1689 235 1872 292 PARS
1903 235 1945 292 l.
1985 267 2054 275 —
2095 234 2464 294 HISTORICA
2501 238 2589 294 ET
2625 237 3054 296 DOGMATICA.

3533 239 3646 299 9.28

372 366 492 417 cata
530 353 844 410 ulciscenda
877 352 1141 407 divinitus
1169 353 1498 419 immissam,
1543 368 1652 406 non
1684 351 1933 406 virtutem

2045 369 2132 404 ται
2153 351 2394 418 δικαίως·
2421 349 2533 407 οἷον
2560 353 2589 407 ὃ
2621 355 2719 426 μὲν
2768 356 3051 426 προφήτης
3075 355 3174 428 τὴν
3225 355 3447 429 ἀκρίδα,
3480 358 3640 429 δίκην

371 457 608 512 tantum,
647 445 743 502 sed
782 460 1037 516 magnam
1083 445 1338 499 virtutem
1367 461 1398 499 a
1432 445 1541 499 Deo
1569 445 1687 515 ipso
1717 453 1950 499 testatur

366 539 627 610 appellari
661 539 743 570 “°
782 537 981 591 Beatus
1038 537 1165 590 item
1213 536 1379 592 David
1433 553 1540 592 non
1599 548 1811 592 tantum
1852 553 1950 592 an-

369 632 542 702 gelos,
573 629 667 684 sed
701 629 866 684 etiam
894 629 1124 683 virtutes
1147 629 1215 683 ad
1243 629 1413 685 Deum
1445 629 1780 684 laudandum
1822 629 1950 683 bor-

370 732 516 780 tatur
539 723 606 777 “.
641 740 662 774 ι

437 923 526 978 ‘58.
561 921 688 978 Haec
709 937 832 978 cum
865 921 941 976 illi
971 921 1054 975 vel
1084 927 1296 974 tantum
1325 920 1473 990 loqui
1502 919 1727 985 audent,
1755 935 1948 976 nonne

366 1016 608 1071 omnium
638 1015 764 1070 odio
795 1012 1102 1084 dignissimi
1135 1014 1298 1066 sunt?
1325 1013 1380 1066 Si
1411 1013 1578 1076 enim,
1605 1022 1665 1066 ut
1689 1014 1788 1083 ipsi
1821 1013 1949 1082 qui-

365 1109 489 1165 dem
526 1115 738 1178 putant,
766 1107 934 1162 Filius
969 1115 1071 1168 est,
1098 1120 1206 1159 non
1231 1105 1359 1174 quia
1405 1120 1470 1158 ex
1523 1103 1682 1159 Patre
1733 1106 1950 1175 genitus

365 1210 490 1264 est,
535 1215 635 1253 nec
685 1205 909 1267 propter
955 1206 1162 1250 naturae
1193 1195 1616 1266 proprietatem;
1652 1195 1815 1267 400
1852 1195 1949 1250 sed

365 1291 604 1347 Verbum
633 1290 850 1351 dicitur,
889 1289 1002 1343 sive
1030 1287 1187 1342 Ratio
1215 1289 1284 1342 ob
1317 1303 1404 1342 res
1428 1287 1641 1342 ratione
1672 1289 1946 1356 praeditas,

363 1395 420 1439 et
461 1382 749 1454 sapientia,
777 1394 998 1451 propter
1047 1382 1172 1435 illos
1210 1381 1303 1454 qui
1333 1382 1613 1451 sapientes
1653 1380 1816 1445 ﬁunt;
1850 1395 1948 1450 po-

365 1474 532 1532 tentia
566 1489 660 1528 seu
688 1474 879 1533 virtus.
907 1488 1095 1528 eorum
1127 1488 1292 1527 causa
1314 1473 1405 1542 qui
1441 1481 1684 1541 potentes
1713 1472 1949 1526 reddun-

366 1557 951 1636 tur;deniqueFilitis,
979 1580 1074 1619 eos
1105 1575 1324 1634 propter
1351 1564 1444 1633 qui
1476 1565 1570 1618 lilii
1603 1564 1943 1632 eﬂiciuntur;

365 1655 599 1712 fortasse
640 1672 858 1727 quoque
903 1657 972 1711 ob
1002 1672 1090 1710 res
1119 1671 1240 1724 quae
1271 1655 1542 1710 exsistunt
1593 1655 1708 1708 sola
1739 1655 1946 1723 cogita-

366 1747 513 1829 tione
537 1721 739 1803 existit.
759 1721 898 1812 Quid
923 1762 1052 1815 ergo
1077 1721 1292 1799 tandem
1329 1745 1547 1798 futurus
1565 1745 1652 1798 ille
1669 1745 1784 1798 est?
1802 1721 1948 1798 Nihil
1983 1721 2024 1774 Β

363 1841 509 1895 enim
536 1839 752 1894 illorum
781 1855 901 1894 esse
926 1839 1040 1892 dici
1061 1839 1232 1907 possit
1265 1838 1400 1906 ipse,
1429 1837 1474 1891 si
1505 1838 1618 1891 haec
1649 1852 1795 1890 mera
1825 1838 1944 1906 ejus

363 1939 492 1986 sunt
513 1930 756 1994 nomina,
785 1930 1010 1998 solaque
1031 1928 1359 1998 c0gitatione
1380 1927 1644 1982 dicendus
1674 1937 1758 1983 est
1794 1929 1909 1982 exsi
1927 1958 1944 1970 -

363 2033 530 2087 stere,
567 2037 692 2076 cum
721 2021 894 2075 nostri
944 2030 1154 2075 tantum
1183 2037 1348 2075 causa
1374 2021 1686 2087 hujusmodi
1720 2030 1945 2075 ornetur

362 2112 696 2172 nominibus.
724 2110 866 2163 Sane
895 2110 996 2179 ipsi
1026 2111 1208 2180 potius
1239 2110 1493 2163 censendi
1520 2118 1647 2163 sunt
1675 2109 1944 2162 diabolica

361 2213 456 2258 aut
483 2203 645 2258 etiam
681 2202 952 2257 deteriore
1007 2201 1201 2271 agitari
1245 2201 1482 2263 insania,
1517 2200 1715 2270 quippe
1746 2200 1837 2269 qui
1885 2215 1943 2255 se

360 2295 580 2366 quidem
625 2309 752 2347 vere
817 2292 1053 2348 existere
1099 2293 1286 2356 velint,
1335 2291 1425 2345 Dei
1472 2301 1650 2345 autem
1703 2289 1940 2344 Verbum

361 2388 478 2444 solo
533 2386 754 2441 nomine
781 2393 974 2455 putent
997 2385 1251 2438 existere.
1292 2384 1374 2436 An
1403 2399 1508 2436 non
1539 2397 1666 2436 vero
1699 2393 1941 2436 monstra

360 2479 572 2542 dicunt,
603 2492 726 2531 cum
757 2475 1026 2528 aﬂirmant
1065 2475 1386 2544 sapientiam
1423 2473 1586 2526 simul
1617 2489 1740 2526 cum
1783 2471 1942 2526 Patre

359 2571 644 2636 exsistere,
667 2581 900 2636 eamque
929 2566 1209 2620 Christum
1238 2581 1358 2619 esse
1391 2575 1610 2635 negant,
1633 2565 1723 2618 sed
1745 2565 1940 2617 multas

361 2665 518 2716 aiunt
568 2662 797 2718 virtutes
837 2669 1045 2714 creatas
1075 2667 1130 2712 et
1179 2657 1474 2726 sapientias
1525 2673 1665 2722 esse,
1708 2672 1938 2726 quarum

361 2771 470 2808 una
511 2755 582 2808 sit
613 2751 897 2814 Dominus,
935 2767 1096 2820 quem
1140 2766 1264 2804 cum
1304 2765 1466 2804 eruca
1498 2760 1552 2803 et
1574 2749 1784 2803 locusta
1809 2762 1940 2800 con-

359 2842 503 2898 ferre
531 2858 639 2897 non
666 2843 954 2897 dubitant?
987 2845 1065 2895 An
1090 2857 1196 2896 non
1233 2841 1396 2896 etiam
1422 2840 1606 2894 dolose
1629 2852 1815 2910 agunt,
1845 2838 1938 2908 qui

359 2949 486 2990 cum
511 2949 540 2988 a
569 2933 728 2987 nobis
752 2933 983 2986 audiunt
1012 2930 1252 2985 Verbum
1292 2947 1398 2985 una
1451 2946 1573 2984 cum
1619 2929 1777 2985 Patre
1825 2930 1938 2983 exi-

2049 446 2158 499 τῶν
2190 446 2544 518 ἀνθρωπίνων
2579 448 2993 519 ἁμαρτημάτων
3019 449 3276 519 θεήλατον
3325 452 3641 524 γινομένην,

2050 539 2111 591 οὐ
2133 538 2360 610 δύναμιν
2398 539 2575 610 μόνον,
2599 538 2737 592 άλλὰ
2765 539 2858 592 καὶ
2883 539 3125 610 μεγάλην
3158 542 3324 611 φησιν
3360 543 3452 595 ὑπ’
3474 544 3641 599 αὑτοῦ

2051 631 2553 703 προσαγορεύεσθαι
2587 631 2682 684 τοῦ
2712 630 2869 683 Θεοῦ·
2897 634 2926 684 ό
2955 632 3012 684 δέ
3050 649 3112 700 γε
3157 634 3423 705 μακάριος
3479 635 3644 690 Δαυῖδ

2049 729 2108 780 ἐν
2144 727 2351 780 πλείοσι
2381 727 2490 780 τῶν
2515 725 2745 796 ψαλμῶν
2765 727 2866 779 οὐκ
2889 727 3142 796 ἀγγέλοις
3171 727 3352 798 μόνον,
3383 729 3519 783 ἀλλά
3542 732 3640 783 καὶ

2048 821 2343 890 δυνάμεσιν
2365 821 2538 872 αἰνεῖν
2570 819 3002 892 παρακελεύεται
3041 819 3134 871 τὸν
3167 819 3354 872 Θεόν.»

2123 936 2210 989 58.
2248 934 2417 988 Τοῦτο
2476 935 2532 988 δὲ
2578 935 2670 988 καὶ
2728 934 2887 1005 μόνον
2944 933 3328 1004 φθεγξάμενοι,
3365 934 3482 997 πῶς
3540 936 3641 988 οὐκ

2049 1029 2190 1096 ἄξιοι
2214 1028 2415 1091 παντὸς
2443 1027 2636 1098 μίσους
2665 1026 2801 1080 είσίν
2834 1025 2949 1096 (52)
2975 1042 2989 1090 ;
3018 1027 3082 1078 Εἰ
3104 1025 3232 1097 γάρ,
3267 1026 3343 1089 ὡς
3375 1028 3528 1079 αὐτοὶ
3555 1043 3644 1080 νο-

2053 1118 2323 1190 μίζουσιν,
2351 1119 2410 1170 οὐ
2437 1116 2524 1170 διὰ
2549 1116 2644 1188 τὴν
2670 1119 2734 1170 ὲκ
2764 1117 2976 1187 Πατρὸς
3006 1115 3258 1186 γέννησιν
3279 1117 3374 1170 καὶ
3403 1117 3464 1169 τὸ
3505 1117 3641 1170 ἴδιον

2048 1211 2148 1280 τῆς
2179 1211 2366 1275 οὐσίας
2393 1210 2521 1273 Υἱός
2543 1212 2688 1262 ἐστιν
2709 1209 2844 1280 (55),
2864 1208 3000 1261 ἀλλὰ
3028 1207 3114 1261 διά
3141 1207 3210 1260 τά
3233 1207 3424 1277 λογικά
3445 1210 3639 1278 Λόγος,

2052 1301 2145 1354 καὶ
2170 1299 2256 1353 διὰ
2277 1299 2343 1353 τὰ
2384 1299 2712 1369 σοφιζόμενα
2734 1298 2914 1367 σοφία,
2949 1297 3042 1350 καὶ
3061 1296 3148 1350 διὰ
3175 1296 3242 1350 τά
3257 1297 3641 1368 δυναμούμενοι

2047 1391 2275 1462 δύναμις
2307 1390 2542 1459 λέγεται·
2578 1389 2797 1452 πάντως
2820 1407 2920 1441 που
2957 1388 3050 1441 καὶ
3099 1387 3186 1440 διὰ
3211 1388 3337 1451 τοὺς
3369 1389 3642 1441 υἱοποιου-

2051 1483 2245 1554 μένους
2281 1482 2390 1551 (54)
2429 1481 2554 1543 Υἱὸς
2574 1480 2800 1550 ἐκλήθηο
2828 1481 2922 1532 καὶ
2943 1478 3084 1549 τάχα
3118 1479 3207 1532 διὰ
3237 1477 3307 1532 τά
3357 1478 3486 1532 όντα
3520 1478 3638 1548 ἔχει

2048 1576 2142 1628 καὶ
2174 1575 2234 1628 τὸ
2260 1569 2398 1627 εἶναι
2429 1575 2548 1626 κατ’
2589 1573 2850 1626 ἐπίνοιαν.
2882 1571 2946 1624 Τί
2977 1570 3070 1625 οὖν
3126 1571 3234 1645 ἄρα
3275 1570 3457 1623 λοιπόν
3487 1571 3639 1624 ἐστιν

2054 1666 2255 1731 αὐτός;
2293 1665 2460 1718 Οὐδὲν
2493 1663 2601 1735 γάρ
2636 1663 2702 1717 ἂν
2727 1665 2810 1734 εἴη
2848 1663 3052 1716 τούτων
3090 1663 3271 1728 αὐτὸς,
3313 1664 3360 1715 εί
3396 1662 3638 1734 ὀνόματα

2055 1756 2213 1826 μόνον
2243 1756 2389 1808 ἐστὶν
2413 1753 2576 1807 αὑτοῦ
2601 1753 2791 1816 ταῦτα,
2815 1755 2908 1806 καὶ
2940 1753 3106 1824 μόνην
3134 1753 3228 1806 τοῦ
3261 1749 3397 1806 εἶναι
3427 1770 3636 1822 φαντα-

2050 1846 2167 1899 σίαν
2198 1847 2331 1916 ἔχει,
2355 1847 2420 1899 δι’
2445 1849 2476 1916 ἡ
2485 1847 2592 1916 μᾶς
2621 1846 2716 1899 καὶ
2741 1848 2852 1907 τοῖς
2873 1844 3098 1915 ὀνόμασι
3124 1845 3331 1908 τούτοις
3353 1843 3636 1898 καλλωπι-

2048 1937 2292 2010 ζόμενος.
2358 1937 2516 1990 Ἀλλά
2570 1938 2663 1990 καὶ
2725 1936 2881 1989 τοῦτο
2935 1937 3044 2007 (55)
3096 1935 3374 2008 διαϐολικὴ
3430 1935 3635 2008 μᾶλλόν

2047 2033 2192 2084 ἐστιν
2220 2031 2464 2093 ἀπόνοια,
2482 2029 2622 2100 τάχα
2654 2028 2710 2081 δὲ
2739 2028 2833 2081 καὶ
2861 2027 3062 2092 πλεῖον,
3119 2027 3200 2080 ὅτι
3249 2029 3473 2092 ἑαυτοὺς
3530 2031 3633 2102 μὲν

2044 2124 2260 2195 ἀληθῶς
2304 2123 2599 2192 ὑφεστάναι
2636 2121 2869 2184 θέλουσι,
2904 2120 2995 2174 τὸν
3026 2121 3084 2174 δὲ
3141 2119 3236 2173 τοῦ
3291 2120 3426 2175 Θεοῦ
3455 2123 3632 2192 Λόγον

2043 2216 2270 2286 ὀνόματι
2302 2215 2460 2285 μόνον
2494 2209 2634 2266 εἶναι
2665 2211 2993 2282 νομίζουσιν.
3025 2211 3148 2275 Πῶς
3170 2211 3226 2264 δὲ
3257 2212 3317 2264 οὐ
3345 2214 3634 2284 τερατολο-

2042 2305 2136 2374 γία
2172 2304 2347 2357 αὐτῶν
2377 2305 2470 2357 καὶ⁹
2497 2302 2686 2367 ταῦτα,
2715 2303 2892 2371 λέγειν
2919 2303 3016 2374 μὲν
3035 2302 3222 2371 σοφίαν
3259 2305 3634 2376 συνυπάρχου-

2046 2413 2142 2449 σαν
2164 2394 2241 2465 τῷ
2268 2394 2463 2464 ΙΙατρὶ,
2503 2395 2576 2464 μὴ
2623 2393 2802 2461 λέγειν
2854 2392 2912 2445 δὲ
2949 2392 3151 2462 ταύτην
3194 2389 3332 2446 εἶναι
3369 2395 3460 2448 τὸν
3489 2397 3633 2466 Χρι-

2045 2487 2166 2542 στὸν
2199 2487 2330 2556 (56),
2355 2486 2491 2540 ἀλλά
2521 2484 2720 2548 πολλάς
2749 2485 2973 2548 κτιστάς
2995 2484 3250 2555 δυνάμεις
3281 2486 3375 2539 καὶ
3433 2487 3630 2556 σοφίας

2042 2575 2200 2640 εἶναι,
2238 2578 2440 2632 τούτων
2469 2579 2525 2630 δὲ
2563 2577 2689 2648 μίαν
2722 2571 2862 2629 εἶναι
2893 2577 2983 2629 τὸν
3013 2575 3236 2647 Κύριον,
3290 2578 3382 2631 τὸν
3437 2579 3530 2632 καὶ
3555 2583 3626 2652 τῇ

2041 2673 2236 2742 κάμπη
2262 2672 2356 2723 καὶ
2383 2673 2449 2740 τῇ
2482 2671 2664 2740 άκρίδι
2718 2668 3194 2739 παραϐαλλόμενον
3240 2671 3368 2740 παρ’
3400 2669 3580 2723 αὐτῶν
3607 2688 3626 2736 ;

2042 2763 2166 2825 Πῶς
2196 2763 2251 2815 δὲ
2276 2763 2368 2816 καὶ
2413 2763 2474 2814 οὐ
2523 2760 2818 2834 πανοῦργοι
2858 2761 2992 2830 (57),
3015 2762 3116 2824 ὃτι,
3153 2761 3282 2831 παρ’
3321 2761 3477 2832 ἡμῶν
3523 2763 3628 2833 μὲν

2041 2853 2324 2918 ἀκούοντες
2361 2854 2724 2924 συνυπάρχειν
2749 2853 2837 2906 τὸν
2876 2854 3048 2920 Λόγον
3089 2852 3167 2923 τῷ
3195 2853 3388 2924 Πατρὶ,
3414 2853 3628 2922 γογγύ-

2041 2943 2221 3008 ζουσιν
2252 2943 2412 3006 εὐθὺς
2436 2946 2752 3012 φάσκοντες·
2787 2940 2993 2995 Οὐκοῦν
3013 2940 3105 2994 δύο
3133 2941 3372 3009 ἀγένητα
3399 2940 3511 3010 (58)
3532 2941 3628 2993 λέ-

359 3039 523 3093 stere,
555 3027 814 3081 continuo
845 3024 930 3079 bis
959 3023 1602 3077 obmurmurantvcrbis:
1634 3023 1800 3092 Igitur
1828 3023 1933 3077 duo

2044 3052 2196 3105 γετε;
2227 3035 2379 3088 αὐτοὶ
2423 3035 2480 3087 δὲ
2538 3033 2785 3102 λέγοντες
2823 3033 2906 3095 τὸ,
2951 3033 3016 3085 Ἦ
3039 3031 3298 3099 ἀγένητος
3330 3029 3494 3082 αὐτοῦ
3531 3048 3625 3084 σο-

361 3135 469 3175 non
518 3118 659 3173 facta
707 3117 820 3188 (55)
867 3115 1090 3170 dicitis:
1127 3130 1250 3169 cum
1288 3123 1467 3170 autem
1502 3114 1604 3183 ipsi
1643 3115 1796 3168 aiunt
1826 3129 1933 3168 non

2044 3128 2153 3198 φία,
2183 3127 2281 3196 οὐχ
2317 3124 2483 3198 ὁρῶσι
2517 3125 2635 3176 κατ’
2659 3123 2838 3178 αὐτῶν
2867 3121 3193 3192 φθάνουσαν,
3221 3122 3288 3192 ἣν
3311 3120 3619 3186 αἰτιῶνται,

359 3209 561 3266 factam
588 3207 710 3278 ejus
739 3221 860 3261 esse
895 3205 1250 3275 sapientiam,
1283 3219 1392 3258 non
1431 3205 1617 3258 vident
1660 3215 1850 3258 contra
1879 3218 1933 3258 se

2044 3217 2268 3290 ματαίαν
2299 3215 2540 3287 μέμψιν;
2571 3215 2682 3267 Καὶ
2711 3214 2818 3286 γὰρ
2841 3213 3068 3283 κάκείνη
3098 3211 3210 3283 (59)
3246 3211 3405 3264 πάλιν
3436 3210 3622 3264 αὐτῶν

357 3302 507 3373 ipsos
541 3299 892 3354 vanamhanc
918 3298 1162 3352 factitare
1179 3296 1617 3352 accusationem?
1646 3295 1936 3352 Enimvero

358 3409 427 3449 an
452 3409 561 3448 non
589 3393 754 3446 etiam
787 3391 942 3444 valde
972 3389 1134 3443 stulta
1151 3398 1234 3442 est
1255 3389 1369 3444 haec
1396 3389 1610 3443 illorum
1646 3388 1932 3452 sententia,

358 3500 554 3554 nempe
581 3499 688 3536 non
719 3481 914 3536 factam
957 3481 1104 3536 illam
1131 3480 1474 3549 sapientiam,
1503 3480 1772 3549 simulque
1805 3495 1929 3534 cum

355 3575 469 3630 Deo
493 3574 867 3638 exsistentem,
897 3572 1074 3641 ipsum
1109 3587 1233 3627 esse
1256 3571 1461 3626 Deum?
1498 3573 1635 3625 Nam
1675 3571 1821 3642 quod
1856 3571 1932 3626 si-

356 3666 470 3722 mul
490 3666 692 3729 existit,
721 3680 827 3718 non
870 3679 1078 3728 secum,
1127 3663 1218 3717 sed
1261 3679 1385 3718 cum
1413 3663 1596 3732 aliquo
1626 3663 1788 3717 simul
1815 3662 1933 3716 exi-

355 3759 472 3819 stit.
503 3767 565 3812 ut
586 3759 652 3812 de
676 3755 909 3809 Domino
939 3764 1163 3819 narrant
1191 3753 1566 3823 Evangelistaa,
1592 3770 1713 3807 eum
1740 3768 1933 3822 nempe

354 3849 652 3905 simulcum
672 3847 954 3916 discipulis
971 3844 1162 3900 fuisse.
1178 3843 1286 3900 Nec
1299 3846 1442 3899 enim
1462 3859 1668 3911 secum,
1690 3845 1781 3899 sed
1799 3859 1924 3898 cum

356 3939 639 4010 discipulis
664 3939 823 3993 simul
844 3947 985 3992 erat.
1025 3936 1142 3992 Nisi
1169 3936 1307 3991 forte
1347 3937 1516 3991 Deum
1547 3938 1715 3991 velint
1747 3938 1927 3992 dicere

355 4033 738 4100 compositum,
763 4045 997 4099 eumque
1022 4031 1345 4099 permixtam
1376 4029 1574 4083 habere
1606 4029 1927 4099 sapientiam

355 4123 440 4178 vel
466 4137 588 4192 qua:
616 4122 689 4177 sit
722 4137 835 4178 sua:
872 4130 1079 4176 naturae
1117 4121 1608 4192 complementum,
1651 4136 1774 4192 quae
1809 4121 1925 4191 ipsa

410 4322 454 4355 ⁸⁸
481 4320 596 4376 Joel
620 4338 680 4390 ιι,
705 4321 798 4378 25.
873 4323 918 4354 ⁸³
949 4320 1092 4376 Psal.
1119 4336 1216 4389 cn,
1243 4320 1338 4374 ει.

2031 3313 2065 3382 ἡ
2103 3309 2311 3362 διάνοια
2340 3307 2455 3370 πῶς
2483 3307 2544 3360 οὑ
2603 3306 2742 3359 πάνυ
2795 3303 2976 3375 μωρὰ,
3009 3303 3188 3371 λέγειν
3224 3302 3322 3372 τὴν
3348 3302 3621 3371 ἀγένητον

2033 3401 2484 3470 συνυπάρχουσαν
2507 3398 2583 3469 τῷ
2613 3397 2730 3468 Θεῷ
2757 3397 2946 3466 σοφίαν
2973 3395 3132 3449 αὐτὸν
3165 3391 3302 3448 εἶναι
3328 3394 3418 3446 τὸν
3443 3393 3617 3461 Θεόν;

2031 3493 2105 3545 Τὸ
2137 3491 2244 3562 γὰρ
2275 3490 2616 3562 συνυπάρχον
2651 3489 2750 3559 οὐχ
2777 3478 2973 3558 ἐαυτῷ,
3003 3487 3110 3539 τινὶ
3167 3486 3224 3538 δὲ
3255 3485 3616 3556 συνυπάρχει,

2033 3581 2108 3644 ὼς
2137 3579 2382 3652 περὶτοῦ
2439 3579 2644 3651 Κυρίου
2698 3578 2946 3645 λέγουσιν
2989 3579 3037 3630 oi
3087 3577 3488 3644 εὐαγγελισταὶ,
3528 3576 3617 3629 ὅτι.

2035 3671 2202 3740 συνῆν
2236 3672 2344 3732 τοῖς
2387 3669 2674 3740 μαθηταῖςο
2709 3669 2770 3720 οὐ
2795 3668 2903 3737 γὰρ
2941 3666 3138 3737 ἑαυτῷ,
3174 3665 3308 3720 άλλά
3356 3667 3468 3729 τοῖς
3500 3681 3612 3735 μα-

2034 3761 2225 3832 θηταῖς
2253 3761 2437 3830 συνῆψ
2481 3762 2529 3812 εί
2554 3759 2628 3830 μὴ
2651 3759 2758 3831 ἄρα
2795 3757 2905 3827 (60)
2965 3756 3218 3810 σύνθετον
3262 3757 3462 3809 εἴποιεν
3515 3755 3613 3809 τὸν

2030 3854 2182 3916 Θεὸν,
2206 3852 2396 3922 ἔχοντα
2431 3850 2920 3922 συμπεπλεγμένην
2955 3848 2986 3920 ἢ
3019 3847 3476 3920 συμπληρωτικὴν
3507 3847 3614 3917 τῆς

2031 3942 2215 4005 οὐσίας
2244 3941 2435 3994 ἑαυτοῦ
2467 3941 2676 4010 σοφίαν,
2730 3938 2991 4009 ἀγένητον
3025 3937 3136 4008 (61)
3171 3935 3334 3992 οὖσαν
3361 3937 3456 3990 καὶ
3502 3937 3610 3990 αὺ-

2033 4033 2153 4104 τὴν,
2179 4034 2368 4103 ἥντινα
2419 4035 2512 4086 καὶ
2540 4032 2868 4104 δημιουργὸν
2907 4032 3058 4084 αὐτοὶ
3105 4028 3480 4097 ἁντεισάγουσι
3507 4027 3608 4080 τοῦ

2034 4125 2262 4195 κόσμου,
2286 4125 2373 4180 ἵνα
2393 4125 2487 4178 καὶ
2505 4123 2598 4179 τοῦ
2623 4124 2978 4195 δημιουργεῖν
3005 4121 3096 4175 τὸν
3123 4121 3250 4174 Υἱὸν
3269 4118 3604 4189 ἀφέλωνται.

427 4505 548 4582 (52)
571 4503 662 4558 Sic
694 4517 828 4582 mss.
854 4503 924 4582 ξι
945 4462 1082 4582 εἰσιν
1114 4502 1363 4582 abestab
1382 4501 1622 4582 edi-tione
1651 4497 1916 4582 Commel.

2044 4508 2078 4558 τι
2102 4499 2416 4582 summa
2440 4499 2596 4582 ἡμῶν
2617 4500 2667 4582 εἱέ
2694 4501 2812 4582 rs:-

355 4569 488 4631 Ibid.
516 4569 833 4645 Seguerian.
870 4573 1090 4645 Qobler.
1123 4584 1176 4628 et
1205 4573 1347 4645 Felc.
1375 4574 1428 4645 1,
1461 4572 1524 4645 Et
1547 4570 1671 4645 ’γὰρ
1710 4569 1784 4645 ῶς
1818 4570 1917 4621 αὐ-

353 4646 454 4701 τοί.
484 4639 662 4715 Alii'et
694 4643 844 4715 editi,
874 4644 1078 4715 Εἰγὰρ
1106 4645 1200 4697 καὶ
1224 4644 1299 4715 ῶς
1327 4642 1498 4715 αὐτοί.
1530 4639 1669 4715 ῌΜοχ
1716 4639 1922 4715 Θεςιιθ-

354 4720 496 4772 rian.
526 4714 839 4770 Goblerian.
872 4709 1018 4766 Felc.
1046 4709 1082 4767 ’1
1124 4724 1177 4767 et
1208 4713 1263 4780 4,
1288 4713 1380 4766 καὶ
1420 4713 1480 4765 τὸ
1529 4711 1678 4764 ἴδιον.
1727 4709 1832 4763 Alii
1867 4716 1922 4762 et

353 4787 519 4842 editio
554 4784 842 4844 Commel.,
866 4783 959 4836 xui.
981 4783 1040 4836 τὸ
1068 4784 1252 4837 ἀΐδιον.

573 4853 687 4918 Vel,
710 4853 754 4908 si
777 4854 898 4927 aliis
928 4855 1100 4923 magis
1131 4853 1368 4917 arridet,
1412 4851 1667 4922 ingenita,
1693 4857 1746 4904 et
1769 4864 1916 4915 mox,

355 4924 664 4996 iitg'eni'tqm,
689 4939 753 4996 ac
779 4924 1054 4996 deinceps.

426 4990 538 5067 (54)
567 4995 660 5050 Sic
689 4993 912 5064 Seguer.
940 4990 1010 5046 At
1038 4993 1128 5046 alii
1151 5000 1204 5046 et
1223 4991 1373 5057 editi,
1399 4990 1484 5044 διά
1517 4991 1642 5054 τοὺς
1672 4990 1921 5060 ποιουμέ-

352 5082 497 5128 νους.

425 5135 536 5206 (55)
568 5133 793 5206 δεευβτ.
825 5133 1042 5206 anler.
1068 5131 1210 5206 Eelc.
1242 5133 1349 5206 iet
1375 5131 1582 5206 4,-ἀλλᾲ
1612 5130 1707 5184 καὶ
1736 5129 1912 5206 τουτο.

352 5200 544 5259 ϐαίιειίὶ
587 5200 817 5268 ρι’θάὶιί,
847 5205 982 5258 ἀλλὰ
1010 5203 1184 5257 τοῦτο.
1237 5202 1360 5257 Mox
1409 5201 1620 5263 Basili.,
1657 5215 1755 5269 pro
1782 5200 1916 5252 ἀπό-

351 5291 492 5336 νοια,
510 5275 672 5328 habet
697 5274 926 5327 ἐπίνοια.
956 5273 1365 5342 lbid._Seguer.,
1391 5271 1668 5336 πλέον,ὃτι
1695 5269 1910 5342 αὐτούς.

421 5344 533 5423 (56)
559 5343 805 5423 βρςιιθεη
829 5345 1034 5416 ταύτην
1067 5338 1215 5397 εἷναί
1225 5343 1315 5396 τὸν
1343 5342 1596 5414 Χριστόν.
1629 5343 1687 5394 In
1712 5341 1835 5395 aliis
1862 5349 1917 5394 et

351 5409 523 5468 editis
541 5409 691 5468 deest
713 5409 871 5468 εἶναι.

423 5483 536 5552 (57)
572 5482 662 5537 Sic
701 5483 1014 5553 Seguerian.
1045 5483 1349 5538 Goblerian.
1378 5480 1688 5553 Felckman.
1712 5479 1749 5553 di
1784 5487 1837 5532 et
1858 5478 1910 5534 4.

347 5549 538 5623 At'alii
566 5564 618 5608 et
649 5549 799 5611 editi:
833 5554 950 5617 πῶς
975 5554 1032 5605 δὲ
1065 5555 1157 5607 καὶ
1181 5553 1493 5623 πανοῦργοι.
1534 5551 1666 5623 Ibid.
1708 5549 1912 5623 Segne-

346 5624 488 5678 rian.
514 5621 645 5695 Reg.
673 5633 728 5679 et
751 5623 1062 5681 Felckman.
1104 5625 1156 5692 5,
1182 5625 1311 5694 παρ’
1356 5619 1512 5694 ἧμῖῶν
1548 5621 1664 5693 μέν.
1713 5619 1905 5674 (ἐωιεινί

2095 4571 2209 4643 (58)
2246 4569 2567 4643 seguerian.
2590 4569 2816 4643 _Basili.
2857 4579 2912 4626 et
2955 4570 3204 4643 Anglia,
3243 4569 3504 4643 ἀγένητα,
3542 4578 3600 4623 et

2023 4638 2173 4705 mox,
2205 4643 2237 4712 ἠ
2273 4641 2553 4712 ἀγένητος.
2590 4638 2731 4712 Editi
2761 4657 2891 4696 vero
2924 4651 2979 4696 et
3019 4638 3133 4712 alii.
3182 4638 3485 4712 ἀγέννητοι,
3543 4651 3600 4694 et

2027 4709 2336 4782 ἀγέννητος.
2364 4709 2593 4782 ibidem?
2629 4711 2946 4782 Seguerian.
2996 4721 3049 4766 et
3084 4710 3216 4780 Reg.
3252 4709 3314 4762 τό
3361 4711 3591 4766 addunt.

2026 4781 2404 4855 quodin_aliis
2432 4789 2485 4855 et
2514 4781 2673 4855 editis
2706 4785 2874 4855 deest.

2100 4851 2210 4924 (59)
2241 4851 2557 4924 seguerian.
2594 4849 2724 4924 Reg.
2739 4851 3067 4924 _GQb|erian.
3110 4852 3422 4924 Felckman.
3469 4849 3524 4924 l‘,
3562 4851 3598 4904 4

2023 4933 2078 4977 et
2110 4920 2162 4988 5,
2186 4923 2301 4992 ,Καὶ
2323 4920 2439 4991 *γάρ
2459 4921 2706 4992 κάκεῇιη.
2739 4921 2877 4974 Editi
2901 4932 2955 4976 et
2979 4924 3089 4986 alii,
3121 4923 3228 4976 Καὶ
3255 4923 3362 4992 γὰρ
3390 4920 3593 4992 ἐκεί-νη.

2022 4994 2147 5048 Mox
2176 4989 2493 5061 Seguerian.
2530 5001 2587 5063 et
2608 4989 2764 5063 Beg.,
2805 4992 2983 5061 λέγειν
3025 4993 3121 5063 τὴν
3167 4989 3448 5063 ἀγένητον.
3491 4989 3598 5042 na-

2022 5066 2131 5117 sili.
2162 5060 2444 5129 Anglican.
2477 5070 2530 5114 et
2550 5060 2948 5131 Fclckman.72.
2981 5060 3157 5131 λέγειν
3189 5062 3281 5116 καὶ
3303 5061 3592 5131 ἀγένητον.

2021 5134 2237 5204 Gobler.
2265 5131 2408 5186 Felc.
2445 5131 2468 5183 1
2503 5130 2640 5204 et_5,
2675 5132 2853 5200 λέγειν
2893 5134 2990 5204 τὴν
3020 5129 3329 5204 ἀγέννητον.
3355 5129 3500 5184 Editi
3540 5139 3595 5184 et

2019 5205 2130 5266 alii,
2169 5201 2346 5270 λέγειν
2377 5200 2752 5272 μονογένητον.

2089 5275 2200 5344 (60)
2235 5271 2388 5344 Εείοζ
2411 5271 2466 5335 4,
2489 5273 2537 5344 εί
2568 5271 2666 5344 μέν
2689 5271 2817 5344 ἄρα.

2093 5337 2202 5413 (61)
2233 5343 2458 5411 Seguer.
2494 5337 2711 5413 Go’bler.
2731 5337 2882 5413 Felc.
2914 5342 2938 5394 1
2969 5351 3023 5396 et
3055 5344 3108 5408 4,
3139 5342 3422 5413 ἀγένητον.
3443 5337 3593 5391 Editi

2018 5428 2071 5468 et
2100 5410 2214 5474 alii,
2265 5410 2593 5482 ἀγέννητον.
2630 5411 2748 5466 Mox
2786 5411 3106 5482 Segnerian.
3169 5410 3515 5482 (ῖιοζιῐιξιίειιι.⁸
3535 5415 3595 5461 ct

2017 5483 2158 5538 Felc.
2200 5475 2463 5554 1.30mi:
2502 5481 2680 5535 Editio
2709 5475 3207 5554 ϐοηιιῖιεΙ.,αὐτήν.
3246 5481 3449 5537 Ibidem
3477 5475 3594 5533 Go-

2017 5556 2152 5610 bler.
2190 5565 2240 5610 et
2263 5551 2406 5608 Felc.
2446 5555 2497 5619 1,
2531 5555 2929 5621 συνεισάγουσι.
