3840 6220
217 308 326 363 9.33

1314 311 1575 368 υιιΑτιο
1614 313 1656 367 II
1697 313 1976 372 CONTRA
2017 316 2340 375 ARIANOS.

3371 342 3477 401 254

288 428 377 483 II.
429 426 552 481 um
616 428 966 482 ἀκουέτωσαν
1004 430 1103 500 μὲν
1149 431 1206 485 αἱ
1242 431 1396 486 ἄλλαι
1429 434 1671 505 αἱρέσεις
1706 452 1771 488 κα

1970 438 2059 491 41.
2095 436 2290 493 Verum
2322 440 2546 497 audiant
2570 456 2696 497 cum
2730 440 3012 497 Manichaei
3045 451 3158 498 tum
3186 443 3278 498 alii
3310 444 3481 501 haere-

219 519 529 590 Μανιχαῖοι,
572 520 654 573 ὅτι
679 516 761 583 εἷς
792 522 939 573 ἐστιν
966 521 995 573 ό
1021 520 1117 574 τοῦ
1152 521 1253 592 μὲν
1280 523 1520 596 Χριστοῦ
1556 523 1665 595 (84)
1694 526 1809 579 Πα-

215 616 340 687 τὴρ,
372 612 478 685 τῆς
525 613 582 667 δὲ
633 612 863 678 κτίσεως
911 614 1182 686 δεσπότης
1217 617 1313 670 καὶ
1339 618 1571 688 ποιητὴς
1593 618 1682 672 διά
1710 618 1808 671 τοῦ

217 706 349 759 ίδίου
381 705 591 774 Λόγου·
630 703 978 759 ἀκουέτωσαν
1008 704 1070 758 δὲ
1101 705 1209 777 ἰδίᾳ
1243 708 1337 760 καὶ
1380 700 1805 779 Ἀρειομανῖται,

211 800 292 853 ὅτι
319 791 401 862 εἷς
438 799 589 852 ἐστιν
619 799 647 850 6
674 796 769 851 τοῦ
792 796 926 850 Θεοῦ
944 798 1135 867 Λόγος,
1162 798 1191 851 6
1217 798 1377 869 μόνος
1409 799 1539 864 ῐδιος
1561 803 1655 854 καὶ
1674 804 1807 875 γνή-

213 908 328 955 σιος
385 889 453 944 ὲκ
510 891 610 962 τῆς
653 889 842 954 οὐσίας
870 888 1035 943 αὐτοῦ
1079 888 1158 942 ὢν
1205 890 1351 953 Υἱὸς,
1385 890 1478 944 καὶ
1505 890 1805 963 ἀχώριστον

210 984 349 1054 ἔχων
379 982 520 1053 πρὸς
564 983 656 1037 τὸν
710 982 930 1053 Πατέρα
963 979 1074 1052 (85)
1112 981 1307 1037 ἑαυτοῦ
1331 982 1431 1054 τὴν
1454 984 1680 1055 ἑνότητα
1700 983 1804 1053 τῆς

210 1074 488 1144 θεότητος,
552 1074 630 1137 ὡς
656 1073 919 1136 πολλάκις
948 1072 1194 1144 είπομεν,
1233 1072 1499 1144 μαθόντες
1534 1075 1665 1146 παρ’
1698 1075 1800 1128 αὐ-

205 1162 298 1219 τοῦ
338 1164 437 1218 τοῦ
489 1164 762 1235 Σωτῆρος.
803 1165 958 1217 Ἐπεὶ
997 1166 1045 1217 εί
1077 1164 1152 1236 μὴ
1180 1163 1350 1228 οὕτως
1376 1164 1509 1235 ἔχει,
1533 1165 1622 1218 διὰ
1641 1165 1695 1220 τί
1726 1164 1796 1217 δι’

206 1255 373 1310 αὐτοῦ
435 1253 611 1319 κτίζει
636 1257 665 1308 6
694 1255 906 1327 Πατὴρ,
954 1257 1048 1310 καὶ
1080 1257 1137 1309 ὲν
1176 1257 1325 1327 αὐτῷ
1355 1255 1797 1310 ἀποκαλύπτεται

204 1342 285 1412 οἷς
316 1347 416 1400 ἐὰν
452 1346 603 1419 θέλῃ,
654 1348 748 1401 καὶ
797 1347 1021 1418 φωτίζει
1058 1347 1316 1414 τούτους;
1367 1348 1438 1401 Ἦ
1461 1347 1549 1401 διὰ
1595 1348 1647 1401 τί
1704 1348 1797 1401 καὶ

203 1440 261 1491 ὲν
299 1438 413 1506 (86)
440 1440 509 1510 τῇ
537 1436 814 1491 τελειώσει
842 1437 934 1491 τοῦ
977 1438 1353 1509 βαπτίσματος
1388 1440 1795 1510 συγκατονομά-

201 1529 355 1593 ζεται
416 1529 496 1601 τῷ
531 1530 705 1601 Πατρ)⁸
731 1532 759 1583 6
786 1530 916 1594 Υίός
945 1547 959 1596 ;
990 1532 1051 1584 Εί
1093 1531 1193 1602 μὲν
1219 1532 1329 1602 γὰρ
1376 1532 1656 1603 αὐτάρκης
1691 1532 1792 1585 οὐκ

199 1622 347 1675 ἔστιν
382 1625 412 1676 6
446 1623 657 1693 Πατὴρ,
712 1622 915 1693 ἀσεὸὴς
956 1624 989 1693 ἡ
1043 1623 1232 1692 φωνή·
1267 1623 1315 1675 εί
1369 1621 1427 1675 δὲ
1483 1622 1785 1691 αὐτάρκης,

198 1714 359 1768 τοῦτο
407 1714 518 1784 γὰρ
567 1713 723 1784 θέμις
752 1714 947 1777 εἰπεῖν,
975 1713 1059 1776 τίς
1092 1714 1126 1784 ἡ
1169 1712 1327 1784 χρεία
1354 1711 1447 1766 τοῦ
1476 1712 1607 1766 Υίοῦ
1640 1712 1673 1782 ἢ
1706 1712 1787 1775 είς

198 1804 296 1875 τὴν
349 1803 711 1874 δημιουργίαν
765 1804 799 1875 ἢ
850 1805 930 1865 είς
952 1803 1015 1855 τὸ
1046 1804 1198 1872 ἆγιον
1222 1803 1481 1876 λουτρόν;
1512 1804 1651 1857 Ποία
1679 1803 1786 1875 γὰρ
1816 1800 1861 1855 Β

197 1896 457 1949 κοινωνία
483 1894 561 1965 τῷ
595 1896 853 1966 κτίσματι
884 1894 1022 1965 πρὸς
1050 1895 1139 1948 τὸν
1164 1896 1391 1967 κτίστην
1421 1895 1566 1966 (87);
1596 1896 1668 1948 Ἢ
1693 1895 1782 1950 διὰ

195 1988 250 2040 τί
272 1988 336 2041 τὸ
392 1988 760 2058 πεποιημένον
801 1987 1214 2061 συναριθμεῖται
1244 1987 1322 2060 τῷ
1372 1989 1657 2059 ποιήσαντι
1701 1990 1782 2052 είς

193 2080 294 2152 τὴν
339 2062 453 2133 τῶν
512 2080 729 2133 πάντων
758 2079 1078 2144 τελείωσιν;
1113 2080 1184 2131 Ἣ
1221 2077 1309 2131 διὰ
1341 2079 1395 2131 τί
1429 2077 1549 2131 καθ’
1575 2079 1724 2149 ἡμᾶς
1745 2077 1779 2147 ἠ

196 2172 381 2236 πίστις
410 2173 491 2234 είς
517 2171 615 2225 ἕνα
642 2171 867 2241 κτίστην
896 2171 1006 2242 (88)
1042 2170 1135 2224 καὶ
1157 2170 1238 2234 είς
1260 2168 1319 2222 ἓν
1351 2169 1558 2240 κτίσμα
1604 2186 1782 2238 παρα-

194 2266 399 2320 δίδοται
424 2282 440 2330 ;
472 2265 536 2318 Εἰ
568 2265 665 2337 μὲν
691 2263 800 2335 γάρ
834 2264 924 2318 ἵνα
952 2262 1310 2332 συναφθῶμεν
1337 2265 1403 2332 τῇ
1433 2262 1666 2332 θεότητι,
1696 2262 1782 2325 τίς

194 2358 357 2429 χρεία
416 2355 511 2409 τοῦ
546 2355 841 2426 κτίσματος
870 2372 885 2421 ;
939 2356 989 2408 εἰ
1029 2354 1086 2408 δὲ
1120 2355 1206 2407 ἵνα
1236 2353 1524 2423 ἐνωθῶμεν
1554 2352 1632 2424 τῷ
1665 2351 1780 2424 Υἱῷ

192 2450 457 2520 κτίσματι
489 2448 628 2512 ὄντι,
652 2447 883 2520 περιττὴ
899 2447 1022 2502 καθ’
1046 2448 1190 2518 ὑμᾶς
1214 2448 1318 2518 ήὲν
1339 2445 1418 2516 τῷ
1443 2444 1779 2515 βαπτίσματι

191 2542 285 2595 τοῦ
325 2540 460 2594 Υἱοῧ
514 2540 798 2612 ὀνομασία.
844 2539 903 2592 '0
943 2539 1051 2611 γὰρ
1077 2539 1237 2592 αὐτὸν
1273 2537 1591 2608 υίοποιήσας
1646 2535 1781 2598 Θεὸς

192 2634 381 2700 ἱκανός
417 2636 535 2688 ἐστι
562 2635 657 2688 καὶ
685 2635 831 2705 ἡμᾶς
860 2631 1407 2703 υίοποιῆσαι.Ἀλλως
1421 2646 1481 2682 τε
1498 2632 1546 2682 εί
1576 2628 1780 2700 κτίσμα

190 2726 341 2780 ἐστὶν
366 2728 396 2780 6
426 2726 571 2791 Υἱὸς,
611 2727 740 2798 μιᾶς
764 2723 932 2795 οὐσης
982 2726 1081 2795 τῆς
1111 2722 1325 2792 φύσεως
1346 2720 1457 2793 (89)
1486 2720 1599 2773 τῶν
1629 2719 1778 2787 λογι-

186 2817 303 2872 κῶν
344 2817 685 2890 κτισμάτων,
718 2815 943 2875 οὐδεμία
992 2813 1144 2887 παρὰ
1183 2814 1479 2886 κτίσματος
1514 2812 1780 2882 κτίσμασι

189 2909 415 2981 βοήθεια
434 2910 741 2979 γενήσεται,
758 2907 847 2961 διὰ
865 2907 925 2960 τὸ
941 2906 1145 2971 πάντας
1168 2905 1374 2959 δεῖσθαι
1403 2904 1505 2973 τῆς
1518 2903 1669 2974 παρὰ
1686 2901 1779 2955 τοῦ

186 3001 324 3055 Θεοῦ
346 3002 459 3071 (90)
479 3001 722 3074 χάριτος.
741 2999 927 3070 ὐλίγα
951 2999 1049 3066 μὲν
1060 2993 1153 3052 οὖν
1171 2997 1531 3070 προλαϐόντες
1559 2998 1783 3067 είπομεν

184 3096 261 3161 ὡς
276 3094 592 3159 ἀκολούθως
607 3094 674 3147 δι’
692 3094 854 3149 αὐτοῦ
867 3094 1056 3163 γέγονε
1072 3093 1140 3147 τά
1153 3093 1331 3146 πάντα
1349 3109 1362 3122 ·
1387 3090 1573 3161 ἐπειδὴ
1600 3090 1658 3143 δὲ
1686 3092 1782 3142 καὶ

183 3188 278 3242 τοῦ
308 3188 472 3257 ἁγίου
520 3186 891 3259 βαπτίσματος
921 3184 1268 3257 ἡὰκολουθία
1312 3182 1426 3254 (91)
1480 3180 1778 3273 πεποίηκεν
1804 3212 1847 3273 C

183 3280 335 3350 ἡμᾶς
386 3277 779 3349 μνημονεῦσαι,
833 3278 1149 3346 ἀναγκαῖον,
1176 3274 1253 3338 ὣς
1303 3290 1369 3342 γε
1396 3271 1503 3326 νοῶ
1547 3271 1640 3324 κα),
1672 3286 1772 3322 πε-

184 3370 479 3434 πίστευκα,
527 3367 727 3436 λέγειν,
762 3367 860 3437 οὐχ
903 3367 979 3431 ᾠς
1040 3365 1116 3437 μὴ
1156 3365 1460 3437 αὐτάρκους
1496 3362 1650 3426 ὄντος
1676 3360 1770 3414 τοῦ

184 3461 421 3533 Πατρὸς,
472 3459 889 3531 συνονομάζεται
942 3459 1036 3512 καὶ
1060 3460 1089 3512 ό
1115 3458 1263 3522 Υίὺς,
1291 3456 1413 3509 οὐδὲ
1467 3453 1654 3518 ἁπλῶς
1679 3453 1773 3507 καὶ

182 3550 256 3614 ὡς
285 3553 509 3623 ἔτυχεν·
541 3552 653 3605 ἀλλ’
704 3550 892 3621 δπειδὴ
921 3550 1093 3620 Λόγος
1118 3550 1234 3603 ἐστὶ
1259 3547 1353 3602 τοῦ
1386 3545 1520 3601 Θεοῦ
1544 3547 1639 3600 καὶ
1667 3544 1772 3598 ἰδία

184 3641 372 3711 σοφία,
426 3639 770 3710 άπαύγασμά
817 3657 877 3691 τε
905 3638 979 3693 ὣν
1006 3638 1170 3692 αὐτοῦ
1208 3637 1341 3708 (92),
1371 3638 1458 3691 ἀεί
1488 3638 1603 3689 ἐστι
1635 3633 1774 3706 μετὰ

181 3733 280 3786 τοῦ
332 3733 572 3803 Πατρδς,
612 3732 700 3785 διὰ
749 3732 906 3786 τοῦτο
955 3731 1236 3797 ἀδύνατον,
1284 3730 1624 3801 παρέχοντος
1676 3724 1770 3780 τοῦ

181 3825 420 3898 Πατρὸς,
455 3824 531 3896 μὴ
560 3826 617 3877 ὲν
653 3824 732 3896 τῷ
758 3824 875 3895 Tit?)
919 3822 1157 3878 δίδοσθαι
1185 3824 1284 3895 τὴν
1333 3822 1524 3894 χάριν·
1579 3823 1637 3875 ὲν
1693 3819 1772 3891 τῷ

181 3915 360 3986 Πατρὶ
390 3914 503 3987 γάρ
522 3917 668 3967 ἐστιν
689 3916 717 3967 ό
732 3915 878 3978 Υἱὸς,
903 3914 978 3978 ὡς
993 3914 1053 3967 τὸ
1074 3912 1411 3982 ἀπαύγασμα
1438 3913 1494 3963 ὲν
1507 3909 1587 3980 τῷ
1608 3908 1767 3979 φωτί.

180 4009 254 4061 οὐ
285 4008 400 4079 γάρ
433 4007 510 4071 ὡς
559 4006 744 4078 ἐνδεὴς
773 4008 802 4059 6
830 4006 981 4070 Θεὸς,
1024 4005 1137 4060 ἀλλ’
1171 4005 1247 4069 ὡς
1298 4003 1489 4071 Πατὴρ
1533 4000 1648 4068 (9'5)
1698 4001 1765 4070 τῇ

179 4097 378 4153 ἑαυτοῦ
398 4098 563 4168 σοφίᾳ
594 4097 961 4167 τεθεμελίωκε
983 4097 1084 4167 τὴν
1116 4095 1242 4165 γῆν,
1283 4094 1379 4148 καὶ
1407 4092 1486 4163 τῷ
1516 4087 1768 4154 ὲξοαύτοῦ

174 4190 338 4260 Λόγῳ
360 4189 431 4241 τὰ
460 4189 640 4242 πάντα
690 4188 978 4260 πεποίηκε,
1014 4188 1076 4241 τό
1096 4205 1157 4240 τε
1187 4187 1341 4256 ἆγιον
1371 4181 1594 4253 λουτρὸν
1612 4183 1669 4234 ὲν
1690 4179 1769 4250 τῷ

178 4282 295 4354 Υίῷ
352 4282 581 4352 βεϐαιοῖ.
615 4281 784 4335 Ἔνθα
842 4282 951 4354 γὰρ
1002 4285 1029 4336 6
1054 4280 1266 4353 Πατὴρ,
1299 4280 1415 4332 ἐκεῖ
1458 4277 1553 4330 καὶ
1581 4278 1609 4330 6
1636 4274 1768 4337 Υίός

175 4376 324 4428 ἔστιν
346 4391 365 4404 ·
397 4374 473 4437 ὡς
500 4372 628 4426 ἔνθα
656 4373 717 4426 τὸ
749 4373 885 4442 φῶς,
910 4375 1026 4427 ἐκεῖ
1050 4373 1145 4426 καὶ
1172 4372 1235 4425 τὸ
1260 4370 1623 4439 ἀπαύγασμα.
1651 4366 1764 4420 Καὶ

240 4487 289 4520 θ’
308 4486 472 4540 Prov.
506 4502 589 4551 ιιι,
616 4485 703 4539 I9.

1916 527 2007 582 tici
2038 546 2205 585 unum
2244 547 2365 588 esse
2414 530 2617 588 Christi
2648 532 2887 598 Patrem,
2915 534 3010 605 qui
3056 550 3240 590 rerum
3272 546 3483 592 creata-

1913 635 2031 674 rum
2066 620 2331 679 Dominus
2354 632 2437 680 est
2461 634 2514 680 et
2535 625 2756 682 eﬂ‘cctor
2788 641 2884 697 per
2903 627 3182 698 proprium
3209 627 3478 687 .Verbnm.

1909 708 2149 766 Audiam
2186 728 2315 769 vero
2341 716 2623 784 speciatim
2660 716 2843 772 Ariani
2867 734 3036 773 unum
3065 734 3185 775 esse
3217 718 3308 774 Dei
3347 719 3486 776 Ver-

1907 799 2061 866 bum,
2098 802 2390 873 ipsumque
2429 805 2629 871 solum,
2662 807 2939 875 proprium
2967 816 3022 862 et
3068 810 3363 878 genuinum
3411 826 3479 865 ex

1905 906 2149 976 ejusdem
2181 918 2375 964 natura
2420 919 2600 982 ortum
2651 911 2848 966 Filium
2894 929 3034 979 esse,
3082 923 3245 987 alque
3283 915 3481 973 indivi-

1904 997 2068 1052 duam
2100 999 2397 1055 divinitatis
2429 1017 2553 1056 cum
2602 1019 2702 1058 suo
2746 1002 2906 1060 Patre
2944 1007 3202 1062 unitatem
3253 1010 3476 1076 habere,

1902 1090 1983 1145 uti
2012 1106 2153 1160 saepe
2183 1092 2445 1156 diximus,
2489 1094 2652 1163 idque
2680 1096 2748 1149 ab
2788 1096 2907 1166 ipso
2947 1098 3238 1156 didicimus
3290 1100 3479 1158 Salvn-

1900 1189 2039 1238 tore.
2066 1184 2321 1252 Alioquin
2352 1185 2397 1239 si
2426 1201 2533 1240 non
2571 1188 2643 1241 ita
2676 1189 2764 1251 sit,
2798 1204 2967 1258 quare
2994 1206 3088 1259 per
3125 1192 3300 1261 ipsum
3329 1204 3479 1250 creat

1899 1272 2081 1336 Pater.
2115 1290 2282 1346 seque
2310 1276 2362 1329 in
2393 1277 2513 1346 ipso
2542 1278 2743 1348 quibus
2770 1280 3000 1334 voluerit
3022 1282 3296 1351 patefacit,
3326 1286 3480 1341 illos-

1897 1382 2003 1437 que
2026 1367 2342 1424 illuminat?
2372 1367 2466 1423 Vel
2496 1385 2665 1441 quare
2694 1372 2748 1425 in
2778 1372 3051 1441 baptismo
3080 1389 3187 1428 una
3215 1390 3339 1429 cum
3374 1376 3479 1432 Pa-

1896 1482 1977 1529 tre
2006 1476 2319 1531 nominatur
2347 1475 2565 1532 Filius?
2607 1476 2742 1532 Nam
2784 1478 2830 1534 si
2860 1480 3224 1549 respondeant
3258 1479 3473 1537 Patrem

1893 1565 2120 1621 minime
2180 1566 2450 1632 suiiicere,
2509 1568 2677 1640 impia
2738 1578 2821 1624 est
2872 1571 3178 1639 responsio.
3233 1573 3289 1627 Si
3344 1589 3476 1628 vero

1893 1656 2137 1713 sufﬁcere
2165 1659 2400 1724 dicatur,
2436 1662 2581 1729 quod
2620 1661 2806 1731 utique
2848 1661 2931 1717 i'as
2964 1672 3049 1717 est
3078 1665 3281 1729 dicere,
3316 1667 3472 1736 quid,

1890 1764 2098 1819 quaeso,
2132 1764 2270 1819 opus
2295 1758 2381 1805 est
2413 1749 2552 1805 Filio
2596 1750 2711 1807 sive
2741 1752 2793 1806 in
2824 1768 3006 1807 rerum
3034 1755 3312 1810 creatione
3359 1756 3475 1811 sive

1889 1842 1942 1895 in
1992 1850 2185 1896 sancto
2236 1841 2503 1897 lavacro?
2546 1840 2733 1911 Ecqua
2787 1844 2932 1898 enim
2986 1846 3065 1899 rei
3112 1855 3308 1901 creatae
3344 1864 3471 1903 cum

1882 1931 2142 1990 Creatore
2175 1936 2591 1992 communitas?
2625 1939 2736 1993 Aut
2775 1954 2947 2008 quare
2982 1938 3035 1993 id
3082 1941 3229 2009 quod
3264 1939 3471 1996 factum

1880 2036 1987 2091 est,
2051 2042 2175 2082 cum
2224 2026 2343 2097 ipso
2397 2027 2650 2083 eﬂ'ectore
2698 2029 3052 2100 coniungitur
3109 2031 3164 2087 in
3222 2034 3470 2087 omnium

1881 2116 2236 2173 initiatione?
2279 2117 2377 2173 Vel
2433 2134 2531 2174 cur
2565 2118 2784 2174 tandem
2841 2120 2978 2175 ﬁdes
3011 2123 3311 2176 secundum
3372 2139 3470 2181 vos

1880 2208 1938 2264 in
1984 2209 2205 2264 nomine
2264 2211 2429 2266 unius
2475 2210 2750 2266 Creatoris
2811 2211 3087 2282 uniusque
3135 2214 3213 2268 rei
3271 2224 3471 2285 creata:

1881 2301 2164 2356 traditur?
2232 2300 2291 2356 Si
2346 2301 2491 2356 enim
2554 2302 2607 2356 id
2670 2301 2746 2357 ita
2804 2302 2904 2369 iit,
2970 2311 3031 2358 ut
3083 2320 3208 2359 cum
3267 2306 3467 2360 divini-

1880 2400 1992 2447 tate
2013 2391 2447 2464 conjungamur:
2472 2392 2602 2463 quid
2630 2408 2689 2448 re
2709 2401 2890 2448 creata
2922 2409 3061 2463 opus
3080 2395 3201 2449 est?
3224 2394 3281 2449 Si
3312 2412 3464 2465 vero,

1880 2492 1942 2538 ut
1968 2499 2093 2539 cum
2127 2482 2265 2537 Filio
2294 2484 2388 2554 qui
2413 2498 2500 2540 res
2520 2493 2607 2539 εει
2633 2495 2816 2540 creata
2841 2500 3092 2540 ineamus
3113 2487 3464 2546 societatem:

1881 2575 2150 2631 inutiliter
2183 2574 2487 2632 secundum
2527 2590 2627 2632 vos
2656 2574 2782 2631 Filii
2832 2592 3033 2632 nomen
3083 2579 3371 2635 adhibetur
3409 2580 3466 2636 in

1880 2666 2191 2737 baptismo;
2227 2666 2499 2735 siquidem
2531 2665 2675 2722 Deus
2706 2668 2802 2738 qui
2835 2666 3035 2723 Filium
3076 2670 3230 2725 illum
3264 2671 3464 2742 eﬂ'ecit,

1880 2773 1981 2815 nos
2026 2773 2244 2830 quoque
2293 2759 2544 2814 similiter
2588 2757 2730 2814 ﬁlios
2775 2769 2956 2829 potest
2998 2760 3229 2819 elIieere.
3274 2759 3462 2831 Quan-

1880 2864 2045 2920 quam
2075 2847 2122 2905 si
2148 2847 2318 2903 Filius
2340 2863 2428 2903 res
2448 2856 2629 2904 creata
2653 2858 2756 2917 est,
2775 2864 2899 2905 cum
2922 2865 3105 2905 rerum
3128 2861 3460 2924 creatarnm,

1880 2971 2003 3026 qua:
2034 2954 2247 3010 ratione
2283 2962 2415 3011 sunt
2453 2953 2713 3025 praedita,
2744 2970 2853 3010 una
2886 2956 2959 3011 sit
2999 2965 3218 3023 natura,
3250 2959 3462 3015 nullum

1882 3047 2156 3103 auxilium
2198 3045 2364 3101 rebus
2411 3044 2610 3101 creatis
2659 3044 2804 3100 ferre
2855 3046 3057 3116 poterit
3104 3064 3192 3105 res
3234 3062 3458 3119 creata,

1880 3152 2082 3222 quippe
2128 3166 2253 3207 cum
2299 3165 2495 3206 omnes
2538 3150 2712 3221 gratia
2761 3149 2859 3207 Dei
2909 3150 3210 3222 indigeant.
3262 3153 3461 3213 Paucis

1879 3243 2098 3314 quidem
2115 3251 2276 3298 antea
2297 3242 2688 3312 explicavimus
2709 3257 2873 3313 quam
2894 3255 3259 3316 congruenter
3274 3250 3462 3304 omnia

1878 3351 1977 3404 per
2005 3338 2183 3405 ipsum
2213 3333 2357 3391 facta
2386 3334 2590 3390 fuerint
2618 3353 2632 3390 :
2663 3335 2884 3405 quando
2933 3352 3065 3392 vero
3097 3346 3287 3395 nostra
3331 3354 3459 3395 ora—

1880 3428 2027 3483 tione
2075 3428 2370 3482 incidimus
2413 3427 2470 3481 in
2521 3425 2776 3495 baptismi
2819 3428 3178 3495 mentionem,
3231 3444 3459 3486 necesse

1876 3527 1963 3572 est
1994 3518 2340 3587 respondere,
2370 3526 2429 3571 ut
2454 3530 2556 3586 ego
2589 3517 2807 3587 quidem
2838 3518 3018 3573 sentio
3048 3526 3104 3574 et
3127 3520 3312 3589 credo,
3344 3537 3456 3578 non

1881 3608 2086 3663 idcirco
2116 3607 2315 3662 Filium
2344 3622 2471 3662 cum
2499 3606 2659 3663 Patre
2682 3607 2976 3674 nominari,
3012 3610 3173 3680 quasi
3200 3610 3317 3680 ipse
3340 3627 3453 3669 non

1880 3699 2149 3756 sutiiceret
2177 3698 2338 3752 Pater
2362 3716 2377 3765 ;
2407 3713 2586 3769 neque
2612 3698 2666 3754 id
2694 3707 2899 3754 temere
2932 3708 2989 3754 et
3034 3699 3261 3756 fortuito
3287 3701 3404 3757 fieri
3432 3722 3450 3757 :

1878 3791 1972 3847 sed
2003 3791 2133 3862 quia
2166 3789 2257 3845 Dei
2281 3787 2521 3845 Verbum
2546 3798 2631 3846 est
2652 3790 2982 3861 propriaque
3011 3791 3131 3862 ejus
3160 3793 3452 3864 sapientia,

1877 3910 2201 3966 semperque
2227 3903 2312 3949 est
2342 3909 2467 3949 cum
2495 3892 2677 3961 Patre,
2705 3903 2966 3966 tanquam
2998 3896 3119 3962 eius
3146 3896 3404 3967 splendor
3430 3917 3447 3965 ;

1873 3983 2001 4037 hinc
2030 3982 2144 4037 ﬁeri
2183 3983 2373 4052 nequit
2408 3990 2490 4047 ut,
2519 3980 2679 4037 Patre
2723 3982 3017 4053 praebente,
3049 3998 3159 4039 non
3202 3986 3363 4041 detur
3394 3988 3451 4042 in

1871 4074 2009 4128 Filio
2038 4073 2231 4145 gratia.
2263 4071 2510 4143 Namque
2539 4074 2592 4127 in
2622 4071 2785 4129 Patre
2816 4083 2901 4130 est
2930 4072 3124 4143 Filius,
3162 4083 3225 4132 ut
3263 4078 3414 4145 splen
3435 4108 3450 4119 α

1870 4166 1972 4219 dor
1999 4166 2056 4219 in
2087 4164 2229 4220 luce.
2262 4162 2374 4220 Nec
2402 4165 2546 4219 enim
2576 4163 2720 4221 Deus
2746 4166 2903 4235 quasi
2939 4166 3209 4235 indigens,
3247 4169 3341 4223 sed
3389 4180 3451 4225 ut

1868 4255 2050 4321 Pater,
2082 4270 2181 4311 sua
2231 4255 2407 4325 ipsius
2458 4255 2727 4325 sapientia
2772 4263 2975 4311 terram
3024 4255 3275 4313 fundavit
3294 4259 3360 4325 δ’,
3391 4270 3448 4313 et

1868 4348 2053 4403 omnia
2079 4344 2280 4411 Verbo,
2310 4345 2456 4416 quod
2485 4361 2551 4400 ex
2575 4362 2634 4401 se
2665 4354 2769 4412 est,
2796 4345 2943 4414 fecit,
2973 4359 3333 4417 sanctumque
3364 4352 3446 4407 la-

240 4596 360 4667 (84)
400 4594 494 4651 Sic
525 4594 749 4663 Seguer.
790 4594 923 4667 Reg.
958 4592 1168 4667 Anglic.
1212 4587 1601 4667 Gobler.§‘el_c.
1637 4588 1688 4651 I,

1884 4582 2006 4646 lem,
2035 4576 2263 4667 Seguer.
2290 4583 2345 4631 et
2364 4574 2510 4631 Felc.
2546 4575 2605 4641 4,
2626 4575 2712 4639 τίς
2748 4576 2925 4650 χρεία.
2953 4575 3060 4629 Alii
3089 4585 3144 4632 et
3174 4576 3323 4642 editi,
3359 4580 3445 4643 τίς

169 4675 222 4721 ει
246 4654 353 4721 ’5.’
378 4667 483 4720 Alii
514 4654 645 4719 vero
705 4675 757 4719 et
786 4654 951 4717 ediiio
983 4654 1247 4717 Cd'mmel.
1300 4661 1383 4715 ὅτι
1413 4654 1495 4723 εἷς
1533 4660 1680 4712 ἔστιν
1726 4661 1755 4711 ό

1884 4669 1957 4723 ιχ

166 4734 264 4792 τοῦ
291 4737 433 4790 Θεοῦ
462 4737 654 4803 Λόγος,
682 4736 711 4787 6
744 4735 933 4805 μόνος,
953 4742 1081 4805 etc.,
1107 4730 1442 4805 intermediis
1471 4730 1714 4805 omissis.

239 4799 619 4877 (85)Seguer.
672 4799 983 4877 Excusare);
1036 4803 1127 4877 τὸν
1176 4801 1417 4871 Πατέρα.
1466 4799 1663 4854 Caneri
1697 4806 1753 4854 et

167 4873 321 4941 editi,
342 4873 496 4947 ἔχων
515 4876 614 4946 τὴν
637 4873 770 4948 πρὸς
790 4875 881 4928 τὸν
894 4873 1146 4944 Πατέρα.

243 4968 357 5039 (86)
393 4966 493 5039 Sic
520 4966 748 5039 Seguer.
779 4964 1001 5039 Beguet
1022 4962 1168 5039 Itale.
1201 4960 1347 5039 4._In
1371 4958 1752 5039 aliis‘eteditis

164 5039 225 5092 ἐν
252 5029 433 5092 ’όεεει
462 5029 766 5092 ΙὺὶιιῘΡεΙε.
794 5035 828 5088 4
846 5029 901 5088 εἶ
926 5035 979 5094 5.
1007 5032 1087 5106 τῷ
1114 5034 1289 5104 Πατρῖ
1317 5031 1411 5085 καὶ
1448 5034 1477 5084 6
1500 5029 1644 5093 Υίός.

239 5129 357 5198 (87)
391 5127 485 5183 Sic
513 5127 739 5198 Seguer.
794 5125 926 5198 Reg.
957 5125 1178 5198 Gobler.
1210 5123 1353 5198 Felc.
1389 5124 1413 5176 I
1467 5131 1521 5176 et

164 5190 297 5254 editi
328 5190 384 5253 et
412 5200 527 5262 alii,
573 5190 709 5267 πρὸς
762 5190 1009 5267 κτίστην.
1071 5193 1534 5267 Ιῄὺίἀεῐημδεειιειο.
1563 5190 1754 5267 B_a_sili.

164 5215 297 5254 eum
328 5215 384 5253 ει
412 5215 527 5262 aut,
573 5217 614 5252 π
651 5215 709 5261 ος
762 5215 1009 5267 κτίστην.
1071 5215 1274 5250 IDlaem
1308 5215 1534 5263 ocguer.
1563 5215 1754 5245 Dasm.

163 5269 298 5340 Reg.
334 5279 391 5324 et
417 5268 567 5324 Felc.
603 5215 659 5332 f,
706 5267 763 5391 Ri
800 5266 890 5319 διὰ
938 5266 1010 5319 τί.
1068 5265 1137 5319 Αι
1164 5266 1198 5336 ἡ
1248 5265 1404 5319 abest
1457 5263 1526 5316 ab
1557 5262 1679 5315 aliis
1705 5270 1758 5313 et

163 5341 406 5391 mitione
420 5339 686 5391 Commel.
768 5352 836 5391 οι
860 5336 1085 5391 Seauer.
1105 5336 1324 5391 Goliler.
1350 5343 1403 5389 et
1425 5332 1572 5388 Felc.
1602 5333 1654 5391 1.
1676 5331 1757 5391 είς

160 5331 406 5395 ειιιῖίοιιε
420 5331 686 5393 Commel.
713 5331 836 5392 Mox
860 5336 1085 5405 Seguer.
1105 5331 1324 5391 Goliler.
1350 5343 1403 5389 et
1425 5332 1572 5388 Felc.
1602 5333 1654 5397 1,
1676 5331 1757 5395 είς

157 5411 255 5464 τὸν
276 5411 521 5464 πάντων.

233 5500 353 5569 (88)
393 5498 540 5553 Felc.
571 5499 609 5553 2
659 5496 911 5569 etediti‘,
953 5497 1034 5560 είς
1080 5495 1328 5569 κτίστην.
1370 5493 1573 5569 _Caet_eri
1604 5507 1751 5569 inss.

158 5573 242 5635 είς
269 5561 369 5624 ἕνα
408 5570 655 5640 κτίστην.
698 5567 834 5640 Ibid.
865 5561 1327 5640 Segger._Ang_lic.
1361 5563 1579 5640 Gobler.
1604 5561 1751 5640 Eelc.

159 5643 186 5695 1
222 5632 279 5697 et
311 5641 369 5703 4.
395 5641 492 5710 καὶ
519 5632 603 5702 είς
626 5638 685 5692 ἓν
709 5632 1132 5710 κτίσμαξΕιίίιι,
1160 5632 1253 5710 κα).
1279 5634 1583 5710 ἓν-κτίσμτα.
1629 5632 1752 5687 Mox

273 5726 394 5766 uer.
435 5707 569 5780 Beg.
618 5703 853 5780 (Anglic:
903 5705 1123 5780 Goble‘r.
1162 5705 1360 5780 Eech
1409 5703 1557 5780 et‘;5,
1589 5719 1751 5780 συνα-

156 5773 897 5856 φθῦμεν.ϐκῖει·ἰειεάὶιίο
951 5777 1220 5832 Commel.
1275 5774 1605 5844 ωναφοῶσι.
1642 5773 1718 5827 lbi

484 5880 755 5940 ΡΑτιιοι..
788 5877 907 5938 Gn.
941 5876 1178 5937 XXVI.

1999 4651 2105 4702 εία.

1933 4713 2047 4791 (89)
2083 4713 2525 4791 Sgguer._obcmc_
2548 4713 2649 4783 τῆς
2676 4714 2909 4791 egerem;
2938 4713 3155 4791 G‘obler.
3178 4725 3250 4791 _et
3290 4716 3435 4791 Felc.

1862 4790 1888 4844 1
1919 4784 1973 4845 ει
2001 4790 2054 4851 4,
2089 4784 2256 4857 οὔσης
2286 4786 2388 4855 τῆς
2438 4785 2688 4857 κτίσεως.
2708 4785 2965 4857 rEditi_et4
2997 4785 3111 4857 alii,
3143 4784 3312 4857 οὔσης
3339 4787 3442 4854 φύοε

1862 4877 2019 4924 σεως.
2055 4857 2175 4911 Mox
2208 4852 2594 4924 Segni-rianns,
2619 4852 2837 4908 Gobler.
2877 4853 3020 4908 Felc.
3058 4855 3083 4907 1
3118 4865 3172 4908 ει
3208 4852 3442 4924 5,’γίνι.

1857 4923 2213 4993 ται.⁷Αης;1ἰε.
2239 4926 2483 4994 γένηται.
2514 4923 2704 4994 Caateri
2737 4935 2790 4977 et
2819 4925 2972 4991 editi,
3001 4925 3305 4994 γενήσεται.

1932 4999 2044 5070 (90)
2074 4993 2297 5070 Seguer.
2335 4993 2565 5070 G_ob_ler._
2587 4993 2731 5049 Felc.
2766 4997 2789 5047 l
2819 5004 2874 5048 et
2895 4995 2949 5060 5,
2975 4995 3127 5066 παρὰ
3151 4993 3246 5048 τοῦ
3276 4994 3437 5054 Θεοῦ.

1854 5062 1960 5124 Alii
1984 5062 2036 5123 et
2069 5062 2219 5132 editi,
2249 5064 2402 5136 παρὰ
2433 5062 2589 5136 Θεοῦ).

1932 5138 2043 5211 (91)
2066 5136 2290 5211 Εειοιῖ
2322 5133 2398 5211 Δἐι
2453 5135 2606 5211 editi,
2615 5135 2667 5211 ’ᾖ
2692 5133 2952 5211 diendam.
2995 5133 3189 5211 galeri
3242 5150 3437 5211 omnes

1856 5204 2033 5289 mss,
2054 5210 2086 5279 ἡ
2118 5204 2428 5289 ᾁκολουθία.
2460 5204 2757 5289 Mosjelc.
2796 5204 3121 5289 anetqeditio
3144 5205 3435 5288 commel"

1855 5280 1931 5345 ὥς
1962 5296 2027 5348 γε
2066 5276 2209 5340 νοῦν,
2232 5278 2509 5329 mendose.
2539 5276 2643 5327 Alii
2671 5284 2723 5328 et
2750 5276 2900 5334 editi,
2929 5276 3003 5354 ὣς
3032 5290 3095 5342 γε
3134 5277 3257 5329 νοῶ.

1926 5349 2037 5418 (92)
2069 5348 2287 5418 Gobler.
2321 5354 2379 5418 et
2397 5344 2538 5418 Fglc.
2563 5345 2615 5418 1,
2635 5344 2711 5397 ὢν
2743 5343 2801 5408 ἐξ
2825 5346 3025 5418 αὐτου.
3040 5344 3247 5418 “Basili.
3302 5346 3434 5418 ibid.

1853 5421 1940 5474 ἀεί
1979 5413 2093 5472 ὲστι
2130 5415 2268 5489 μετὰ
2290 5415 2382 5489 τοῦ
2434 5414 2667 5489 Ῑξατρὸς,
2703 5416 2971 5489 φαμὲν-ὲν
3174 5416 3434 5489 δίδοσθαι.

1853 5492 2057 5567 Ibidem
2089 5484 2660 5567 SeguerianzGobler.
2710 5496 2764 5538 et
2816 5484 2960 5539 Fclc.
2999 5486 3049 5551 I,
3080 5487 3139 5537 ὲν
3185 5486 3264 5556 τῷ
3300 5487 3434 5557 Υίῷ.

1850 5561 1954 5614 Alii
1979 5567 2033 5613 et
2059 5555 2209 5620 editi,
2237 5557 2295 5608 ὲν
2325 5555 2459 5625 Υίῷ.

1921 5630 2033 5698 (95)
2068 5627 2253 5698 Felc.“
2274 5626 2335 5698 4,
2356 5624 2516 5698 alii
2547 5624 2735 5698 ᾦσπερ
2779 5626 3081 5698 (ΒΑ-Πατήρ.-
3113 5624 3285 5698 Paulo
3315 5635 3438 5694 post

1847 5693 2022 5760 mss,
2073 5700 2132 5751 ἐν
2185 5695 2264 5767 τῷ
2325 5695 2441 5765 Υίῷ
2497 5693 2723 5767 βεϐαιοῖζ
2800 5693 3009 5753 ΕιΙὶιίά
3043 5693 3329 5751 (Ζοιιιιιιειί
3376 5699 3436 5749 ὲν

1847 5770 2069 5826 omittit.
