3840 6220
384 363 495 422 255

1032 359 1090 416 S.
1130 357 1510 414 ATHANASII
1547 356 1700 414 OPP.
1741 355 1924 412 PARS
1964 356 2093 414 l.—
2136 356 2506 415 HlSTORICA
2541 360 2630 417 ET
2669 359 3096 419 DOGMATICA.

3549 354 3659 416 956

384 493 612 536 vacrum
646 477 703 534 in
731 476 1207 533 Filio-conﬁrmat.
1247 473 1348 530 Ubi
1375 474 1522 531 enim
1548 472 1710 529 Pater
1727 483 1831 542 est,
1859 474 1936 529 illi

2072 476 2222 531 ὥσπε
2229 496 2261 550 ρ
2275 477 2312 533 ἆ
2322 481 2350 533 ὁ
2360 479 2548 554 Πατὴρ
2563 480 2878 553 ἐργάζεται,
2889 479 2975 534 διὰ
2986 476 3079 532 τοῦ
3095 476 3225 530 Υίοῦ
3237 474 3550 547 ἐργάζεται,
3563 476 3662 530 καὶ

382 580 470 628 est
493 579 548 626 et
577 568 768 638 Filius,
792 569 1255 641 quemadmodum
1280 568 1371 625 ubi
1397 568 1490 623 lux
1519 579 1625 633 est,
1656 568 1728 623 ibi
1754 582 1973 638 quoque

382 672 465 720 est
500 663 781 735 splendor.
812 663 891 717 Ac
908 662 1059 718 sicut
1089 677 1155 717 ea
1189 676 1315 732 quae
1346 659 1508 717 Pater
1542 660 1722 726 elIicit,
1757 676 1852 731 per
1880 660 1971 715 Fi-

381 756 517 812 lium
547 755 728 819 eﬂicit,
770 756 916 825 quod
944 755 1167 826 quidem
1207 755 1327 827 ipse
1350 754 1628 811 Dominus
1669 755 1755 811 his
1785 755 1966 811 verbis

381 855 614 902 testatur
639 864 653 900 :
685 845 819 912 Qua:
846 845 1005 900 video
1032 843 1250 899 Patrem
1277 843 1595 910 iacientem,
1639 844 1754 900 hazc
1779 853 1835 900 et
1865 860 1966 915 ego

378 938 524 995 facio
546 940 593 972 9°
618 956 634 1006 ;
672 939 746 993 ita
769 953 895 993 cum
941 935 1225 993 confertur
1253 937 1582 1007 haptismus,
1613 952 1775 1007 quem
1804 935 1967 992 Pater

374 1030 537 1104 5.03
561 1030 824 1101 baptizat,
854 1031 1003 1085 hunc
1028 1028 1200 1084 Filius
1229 1028 1501 1099 haptizat;
1523 1039 1577 1084 et
1601 1044 1764 1098 quem
1792 1027 1965 1086 Filius

379 1123 643 1193 baptizat,
672 1122 817 1178 idem
844 1121 901 1175 in
924 1119 1129 1191 Spiritu
1162 1128 1354 1176 sancto
1375 1119 1962 1187 initiatur.'Prmterea,

376 1214 840 1285 quemadmodum
874 1214 1089 1269 lucente
1122 1213 1239 1268 sole
1264 1221 1410 1268 recte
1435 1214 1542 1268 dici
1581 1221 1758 1284 p0test
1784 1213 1967 1284 splen-

374 1306 479 1360 dor
506 1305 856 1374 illuminare;
890 1322 1014 1361 cum
1048 1321 1157 1360 una
1190 1314 1245 1360 et
1274 1306 1466 1363 eadem
1493 1306 1568 1361 sit
1594 1305 1686 1361 lux
1716 1320 1839 1375 quae
1863 1320 1965 1361 nec

374 1396 548 1452 dividi
578 1412 682 1453 nec
728 1397 967 1453 discindi
1021 1396 1239 1468 possit:
1283 1396 1358 1452 ita
1414 1396 1507 1453 ubi
1548 1396 1712 1451 Pater
1756 1405 1839 1451 est
1877 1395 1960 1450 vel

2077 569 2223 639 λέγει
2247 573 2411 638 αὐτὸς
2429 575 2456 627 ὁ
2476 574 2699 648 Κύριος·
2736 575 2802 628 'A
2817 573 2999 644 βλέπω
3024 571 3115 626 τὸν
3136 568 3359 643 Πατέρα
3377 568 3659 631 ποιοῦντα,

2073 662 2247 716 ταῦτα
2272 662 2429 733 κάγὼ
2456 666 2618 718 ποιῶ·
2640 663 2783 719 οὕτω
2811 665 2905 717 καὶ
2922 661 3056 734 (94⁸)
3073 659 3166 714 τοῦ
3186 658 3561 730 βαπτίσματος
3579 658 3663 712 δι-

2071 753 2319 825 δομένου,
2342 755 2401 809 δν
2424 755 2674 828 βαπτίζει
2690 762 2718 811 ὁ
2740 756 2948 827 Πατὴρ,
2964 753 3169 809 τοῦτον·
3186 754 3280 809 καὶ
3294 752 3352 806 ὃν
3367 752 3395 804 ὁ
3413 751 3542 815 Υἱὸς
3559 751 3661 821 βα.-

2073 848 2324 912 πτίςει,ὁ
2357 846 2486 911 Υίὸς
2519 846 2790 918 βαπτίζει,
2816 842 2975 913 οὗτος
2995 850 3053 902 ὲν
3084 845 3364 917 Πνεύματι
3398 843 3539 915 ἁγίῳ
3569 859 3663 897 τε·

2072 936 2130 991 λε
2137 938 2330 994 ιοῦται.
2340 941 2510 995 Πάλιν
2519 958 2580 995 τε
2590 940 2778 1013 ὥσπερ
2789 940 2882 995 τοῦ
2894 940 3048 1013 ἡλίου
3066 937 3369 1009 φαίνοντος,
3384 937 3531 1004 λέγοι
3545 934 3659 1008 (95)

2070 1029 2137 1083 ἄν
2168 1047 2253 1095 τις
2286 1032 2381 1085 καὶ
2407 1032 2470 1084 τὸ
2497 1031 2838 1103 ἀπαύγασμα
2873 1032 3129 1101 φωτίζειν
3151 1047 3165 1060 °
3207 1028 3266 1083 ἓν
3290 1029 3399 1100 γάρ
3446 1029 3563 1081 ἐστι
3591 1026 3661 1079 τὸ

2070 1123 2209 1194 φῶς,
2232 1126 2327 1179 καὶ
2340 1124 2441 1179 οὐκ
2461 1124 2576 1179 ἔστι
2597 1125 2811 1190 διελεῖν,
2838 1123 2958 1178 οὐδὲ
2971 1122 3267 1195 ἀποσχίσαι
3290 1139 3305 1153 ο
3333 1120 3505 1185 οὕτως
3525 1119 3660 1174 ἔνθα

2073 1216 2234 1271 πάλιν
2262 1219 2292 1271 ὁ
2315 1218 2506 1290 Πατήρ
2535 1220 2681 1273 ἐστιν
2706 1219 2740 1289 ἢ
2775 1216 3120 1290 ὀνομάζεται,
3163 1218 3281 1270 ἐκεῖ
3316 1216 3533 1278 πάντως
3557 1214 3660 1267 καὶ

2067 1312 2098 1363 ὁ
2130 1308 2253 1373 Υἱὸς
2275 1309 2531 1383 ὑπάρχειο
2558 1309 2885 1383 ὀνομάζεται
2928 1311 2991 1365 δὲ
3023 1311 3081 1364 ὲν
3127 1309 3207 1380 τῷ
3240 1308 3578 1379 βαπτίσματι
3624 1308 3660 1359 ὀ

2067 1398 2279 1472 Πατὴρ,
2310 1401 2524 1474 ἀνάγκη
2558 1403 2654 1456 καὶ
2680 1402 2771 1456 τὸν
2801 1398 2929 1455 Υὶὸν
2956 1399 3555 1472 συγκατονομάζεσθαι.

371 1489 708 1555 nominatur,
758 1489 833 1545 ibi
884 1491 1114 1545 omnino
1162 1498 1248 1546 est
1306 1491 1439 1546 item
1494 1486 1686 1547 Filius.
1728 1488 2000 1557 Quocirca
2041 1505 2167 1546 cum
2227 1492 2389 1549 Pater
2438 1496 2493 1549 in
2544 1496 2821 1567 baptismo
2869 1495 3216 1562 nominetur,
3270 1496 3326 1551 in
3375 1509 3442 1550 eo
3482 1494 3655 1550 etiam

371 1582 571 1638 Filium
604 1596 830 1637 necesse
858 1592 942 1637 est
966 1583 1263 1639 nominari.

443 1679 535 1734 ιε.
572 1677 874 1748 Eapropter
916 1692 1042 1732 cum
1088 1677 1204 1747 ipse
1254 1677 1397 1732 bona
1437 1675 1647 1732 sanctis
1677 1677 1958 1746 promitte-

2134 1674 2223 1729 42.
2269 1671 2368 1727 Διὰ
2426 1672 2586 1728 τοῦτο
2625 1674 2719 1728 καλ⁸
2755 1677 2867 1739 τοῖς
2919 1675 3095 1744 ἁγίοις
3152 1672 3650 1744 ἐπαγγελλόμενος,

369 1779 473 1837 ret,
511 1769 594 1826 sic
625 1770 702 1825 ait
746 1766 1053 1825 :‘Veniemus
1102 1786 1196 1840 ego
1233 1778 1282 1824 et
1331 1768 1513 1835 Pater,
1548 1781 1595 1824 et
1632 1771 1936 1825 mansione"

2070 1768 2235 1833 οὕτως
2264 1767 2449 1836 ἔλεγεν
2471 1783 2483 1796 ·
2532 1767 2936 1837 Ἐλευσόμεθα
2958 1765 3074 1836 ἐγὼ
3102 1765 3199 1819 καὶ
3232 1768 3265 1818 ὀ
3294 1763 3522 1832 Πατὴρ,
3546 1764 3653 1817 καὶ

368 1862 511 1933 apud
539 1877 658 1916 eum
694 1862 953 1932 faciemus
971 1858 1140 1916 “(Et
1168 1875 1364 1916 rursus
1398 1877 1413 1915 :
1454 1859 1522 1915 Ut
1542 1862 1677 1915 sicut
1704 1878 1797 1933 ego
1819 1872 1867 1917 et
1898 1873 1955 1917 tu

368 1972 533 2010 unum
559 1970 765 2022 sumus,
797 1953 877 2008 sic
916 1961 966 2007 et
994 1951 1087 2006 illi
1123 1968 1289 2006 unum
1318 1953 1425 2006 sint
1460 1952 1518 2005 in
1547 1953 1696 2007 nobis
1723 1953 1790 2007 ”.
1837 1950 1955 2007 Una

366 2049 623 2105 similiter
663 2055 748 2103 est
793 2046 988 2119 gratia,
1018 2060 1143 2115 qua:
1175 2060 1207 2099 a
1238 2043 1398 2100 Patre
1430 2045 1485 2100 in
1514 2045 1653 2101 Filio
1682 2045 1863 2111 datur,
1894 2056 1955 2101 ut

366 2142 424 2196 in
451 2138 1005 2210 omnibus'EpistOIis
1030 2137 1223 2193 scribit
1246 2135 1490 2193 Paulus:
1518 2136 1709 2192 Gratia
1732 2138 1873 2192 vobis
1903 2149 1953 2193 et

362 2248 473 2304 pax
506 2249 539 2287 a
573 2231 684 2286 Deo
708 2230 884 2285 'Patre
923 2238 1104 2283 nostro
1139 2237 1190 2283 et
1228 2226 1453 2282 Domino
1479 2225 1612 2283 Iesu
1640 2227 1854 2283 Christo
1880 2228 1950 2281 ’³.

360 2320 659 2380 Necessum
694 2320 842 2377 enim
873 2332 959 2376 est
988 2321 1166 2375 lucem
1196 2334 1306 2373 una
1331 2334 1458 2376 cum
1489 2320 1780 2389 splendore
1804 2334 1949 2385 esse,

359 2422 418 2471 et
460 2415 811 2489 splendorem
861 2429 987 2469 cum
1041 2412 1263 2484 propria
1315 2412 1439 2468 luce
1482 2411 1677 2466 videri.
1723 2410 1843 2478 Qua
1884 2412 1952 2466 de

359 2523 529 2565 causa
560 2506 733 2563 Judaei
761 2501 1084 2577 qui‘Filium
1125 2518 1251 2560 cum
1297 2505 1420 2561 istis
1460 2514 1683 2575 negant,
1713 2520 1814 2559 nec
1846 2504 1950 2574 ipsi

357 2600 524 2656 etiam
552 2598 772 2654 Patrem
800 2597 1024 2653 habent.
1056 2594 1191 2651 Nam
1232 2602 1373 2653 cum'
1394 2596 1602 2653 fontem
1645 2597 1947 2667 sapientiae,

359 2700 422 2746 ut
462 2690 572 2746 illis
617 2688 914 2760 exprobrat
940 2686 1156 2743 Baruch
1178 2687 1250 2754 “,
1283 2687 1697 2759 deréliquerint,
1730 2689 1949 2758 sapien-

358 2783 490 2838 tiam
522 2795 742 2851 quoque
780 2795 850 2835 ex
896 2778 1049 2835 fonte
1078 2780 1196 2848 ipso
1228 2788 1675 2849 promanantem,
1700 2795 1822 2851 quae
1862 2790 1949 2836 est

362 2869 628 2926 Dominus
660 2876 848 2924 noster
877 2866 1039 2923 Jesus
1079 2868 1357 2935 Christus,
1382 2882 1417 2923 a
1444 2884 1502 2925 se
1536 2871 1946 2940 tuncprojece-

356 2971 509 3025 runt,
531 2976 659 3018 cum
682 2959 940 3014 dixerunt
964 2977 976 3013 :
1006 2958 1130 3013 Non
1158 2960 1408 3014 habemus
1440 2974 1613 3032 regem
1640 2962 1744 3015 nisi
1768 2962 1947 3017 (Stesa-

2052 1861 2254 1933 μονὴν
2284 1860 2422 1930 παρ’
2463 1857 2624 1925 αὐτῷ
2649 1859 3016 1931 ποιήσομεν-ο
3066 1860 3165 1912 καὶ
3200 1858 3362 1913 πάλιν
3382 1872 3395 1886 ⁸
3432 1859 3533 1912 ’Ἰν’
3563 1858 3652 1924 ὡς

2054 1953 2169 2023 ἐγὼ
2187 1952 2283 2007 καί
2302 1952 2384 2007 σὺ
2412 1952 2483 2007 ἓν
2499 1952 2687 2022 ἐσμεν
2702 1950 2835 2024 (96),
2857 1951 3121 2007 κάκεῖνοι
3136 1950 3205 2005 ἐν
3218 1947 3369 2006 ὦσιν
3386 1950 3457 2003 ἐν
3475 1949 3645 2020 ἡμῖν.

2054 2046 2165 2100 Καὶ
2194 2049 2227 2117 ή
2257 2045 2507 2117 διδομένη
2540 2046 2597 2100 δὲ
2633 2044 2797 2118 χάρις
2830 2045 2931 2117 μία
2958 2045 3078 2099 ἐστί
3108 2045 3259 2116 παρὰ
3299 2042 3393 2097 τοῦ
3426 2042 3648 2114 Πατρὸς

2053 2141 2112 2193 ἐν
2154 2138 2269 2209 Υἱῷ
2303 2138 2586 2210 διδομένη,
2621 2138 2698 2204 ὡς
2751 2139 2780 2190 ὁ
2809 2138 3021 2201 Παῦλος
3062 2138 3150 2191 διὰ
3194 2138 3375 2206 πάσης
3420 2138 3649 2190 ἐπιστο-

2052 2230 2151 2301 λῆς
2176 2230 2289 2302 (97)
2319 2229 2549 2301 γράφει·
2587 2228 2769 2298 Χάρις
2787 2228 2933 2300 ὑμῖν
2962 2228 3061 2283 καὶ
3098 2228 3307 2298 εἰρήνη
3342 2228 3461 2284 ἀπὸ
3490 2229 3647 2283 Θεοῦ

2051 2322 2283 2391 Πατρός
2315 2321 2485 2392 ἡμῶν
2514 2322 2614 2376 καὶ
2630 2323 2853 2390 Κυρίου
2881 2322 3076 2391 Ἰησοῦ
3099 2322 3381 2392 Χριστοῦ.
3412 2325 3507 2377 Δεῖ
3532 2323 3648 2396 γὰρ

2050 2414 2114 2468 τὸ
2147 2413 2261 2484 φῶς
2301 2409 2441 2468 εἶναι
2490 2415 2629 2486 μετὰ
2675 2416 2773 2486 τῆς
2802 2415 2997 2485 αὐγῆς,
3054 2416 3149 2469 καὶ
3196 2414 3258 2468 τὸ
3297 2414 3648 2487 ἀπαύγασμα

2053 2504 2383 2577 συνορᾶσθαι
2413 2503 2522 2576 (98)
2560 2502 2701 2575 μετὰ
2728 2502 2824 2558 τοῦ
2879 2504 3007 2558 ίδίου
3044 2504 3242 2573 φωτός.
3293 2505 3456 2559 Ὅθεν
3505 2507 3647 2560 Ἰου-

2049 2596 2188 2649 δαῖοι
2223 2595 2362 2667 μετὰ
2389 2594 2595 2649 τούτων
2640 2594 2965 2666 ἀρνούμενοι
2994 2594 3085 2647 τὸν
3114 2594 3263 2660 Υίὸν,
3293 2597 3394 2650 οὐκ
3422 2595 3646 2667 ἔχουσιν

2047 2689 2170 2742 οὐδὲ
2195 2689 2287 2742 τὸν
2308 2688 2532 2761 Πατέρα
2550 2706 2563 2719 ·
2596 2688 3022 2758 καταλείψαντες
3051 2688 3160 2759 γὰρ
3186 2688 3287 2759 τὴν
3312 2689 3421 2760 (99)
3454 2692 3645 2763 πηγὴν

2047 2782 2147 2854 τῆς
2179 2781 2405 2851 σοφίας,
2451 2782 2528 2846 ὡς
2570 2780 2846 2845 ὀνειδίζων
2888 2782 3086 2845 αὐτοὺς
3130 2777 3285 2835 εἶπεν
3321 2784 3351 2836 ὁ
3396 2782 3640 2855 Βαροὺχ,

2047 2873 2322 2927 ἀπέϐαλον
2349 2875 2443 2943 ἀφ’
2474 2873 2685 2929 ἑαυτῶν
2718 2874 2813 2928 καὶ
2837 2873 2937 2945 τὴν
2966 2876 3031 2927 ἐκ
3069 2873 3274 2944 ταύτης
3318 2875 3513 2944 σοφίαν
3543 2875 3643 2929 τὸν

2047 2966 2251 3038 Κύριον
2291 2965 2448 3037 ἡμῶν
2488 2965 2698 3038 Ἰησοῦν
2722 2968 2961 3037 Χριστόν
2984 2984 2995 2996 ·
3029 2967 3283 3035 Χριστὸς
3299 2967 3430 3037 γὰρ,
3469 2969 3644 3040 φησὶν

355 3071 466 3111 rem
489 3054 556 3107 ".
597 3052 844 3109 Christus
881 3052 1042 3116 enim,
1075 3052 1255 3122 inquit
1295 3054 1610 3123 Apostolus,
1642 3053 1741 3108 Dei
1761 3055 1936 3109 uirtus

2070 3082 2074 3104 ι
2111 3056 2453 3121 Ἀπόστολος,
2490 3056 2639 3112 Θεοῦ
2668 3056 2923 3128 δύναμις
2953 3058 3050 3112 καὶ
3091 3057 3239 3112 Θεοῦ
3278 3059 3498 3127 σοφία·
3545 3060 3642 3114 λέ-

350 3156 403 3201 et
434 3145 534 3199 Dei
561 3144 824 3214 sapientia
862 3154 942 3198 est
967 3144 1036 3198 ⁸⁸.
1077 3142 1248 3198 ειυύωί
1294 3144 1479 3214 itaque
1521 3145 1714 3217 dignas
1760 3146 1936 3216 impia

2070 3166 2267 3215 ὀντες
2312 3152 2435 3205 Οὐκ
2498 3151 2718 3221 ἔχομεν
2773 3151 3042 3215 βασιλέα
3092 3153 3145 3204 εἰ
3189 3151 3276 3222 μὴ
3335 3153 3639 3221 Καίσαρα.

352 3237 668 3310 negationis
707 3236 1029 3307 persolvunt
1070 3250 1303 3306 poenas:
1336 3236 1605 3292 rationem
1642 3237 1790 3292 enim
1830 3254 1936 3294 una

2070 3239 2301 3294 Ἰουδαῖοι
2332 3240 2431 3312 μὲν
2462 3236 2555 3294 οὖν
2602 3239 2784 3311 ἔχουσι
2815 3240 2916 3311 τῆς
2951 3242 3233 3312 ἀρνήσεως
3275 3242 3343 3296 τὰ
3377 3243 3643 3315 ἐπίχειρα

349 3345 478 3386 cum
517 3329 655 3385 urbe
681 3344 780 3385 sua
807 3329 1132 3384 amiserunt.
1185 3327 1277 3382 Isti
1328 3337 1511 3383 autem
1544 3328 1597 3382 in
1631 3329 1935 3399 periculum

2070 3333 2147 3403 τῆς
2176 3334 2492 3404 ἐπιτιμίας·
2523 3332 2814 3388 ἀπώλεσαν
2851 3334 2960 3404 γὰρ
3005 3335 3102 3387 σὺν
3139 3338 3205 3406 τῇ
3232 3334 3382 3389 πόλει
3414 3336 3510 3389 καὶ
3542 3337 3642 3390 τὸν

346 3422 580 3477 veniunt
614 3420 930 3477 amittenda:
978 3420 1223 3492 mysterii
1269 3420 1357 3489 (de
1403 3420 1677 3489 baptismo
1711 3420 1936 3491 loquor)

2070 3425 2324 3497 .ογισμόν.
2345 3418 2505 3480 Οὗτοι
2526 3426 2584 3480 δὲ
2614 3426 2983 3480 κινδυνεύουσι
3007 3427 3193 3481 λοιπὸν
3217 3428 3313 3482 καὶ
3342 3430 3469 3501 περὶ
3498 3432 3643 3485 αὐτὸ

340 3511 675 3582 integritatis
703 3510 838 3583 (94).
868 3509 1005 3565 Nam
1042 3511 1090 3565 si
1124 3511 1181 3564 in
1219 3508 1400 3566 Patris
1429 3519 1485 3566 et
1534 3509 1658 3565 Filii
1710 3510 1936 3566 nomine

2070 3515 2106 3568 ro
2137 3515 2414 3589 πλήρωμα
2434 3515 2528 3569 τοῦ
2562 3518 2864 3588 μυστηρίου
2885 3535 2899 3547 ο
2939 3520 3083 3589 φημὶ
3114 3518 3179 3587 δὴ
3219 3519 3281 3572 τὸ
3321 3519 3637 3591 βάπτισμα.

338 3605 656 3673 initiamur,
683 3605 759 3660 illi
807 3614 991 3660 autem
1038 3619 1228 3659 verum
1270 3618 1381 3658 non
1420 3602 1780 3674 pronuntiant
1831 3604 1938 3659 Pa-

338 3707 508 3763 trem,
529 3707 723 3770 utpote
750 3697 847 3769 qui
886 3696 964 3765 id,
997 3696 1145 3767 quod
1187 3710 1255 3750 ex
1290 3696 1410 3767 ipso
1432 3704 1537 3761 est,
1572 3696 1804 3767 ejusque
1840 3711 1939 3751 na-

988 3856 1032 3887 ⁹¹
1074 3852 1234 3909 Joan.
1266 3870 1378 3917 xiv,
1427 3852 1520 3907 ‘25.

439 3856 487 3889 ”
512 3853 676 3914 Joan.
718 3871 771 3922 ν,
796 3855 884 3911 19.

340 3925 390 3960 ’⁸
422 3927 641 3982 Baruch
672 3942 754 3994 tu,
784 3927 869 3983 1‘2.

411 4109 620 4182 (94)Ex
653 4110 758 4182 hoc
789 4109 909 4165 loco
939 4106 1280 4182 contendunt
1312 4102 1561 4182 nonnulli
1596 4101 1769 4182 fuisse
1794 4118 1922 4159 sano

337 4174 429 4239 eti'
467 4174 753 4235 Athanasii
802 4180 1153 4241 sententiam,
1209 4176 1480 4246 baptisma
1541 4174 1920 4246 haereticorum

341 4255 502 4323 plane
538 4251 755 4323 irritum
787 4264 930 4323 esse,
966 4245 1422 4323 iterumque’esse
1445 4245 1802 4314 baptizandus
1825 4245 1920 4316 qui

337 4316 404 4379 ex
430 4321 703 4377 haereticis
750 4320 818 4374 ad
864 4316 1539 4376 Ecclesiam'catholicam
1588 4324 1922 4371 convertun-

337 4401 450 4450 tur.
478 4390 681 4447 Verum
726 4391 781 4444 id
829 4390 977 4445 clare
1038 4404 1146 4443 non
1188 4388 1420 4459 probant
1459 4384 1633 4442 sancti
1678 4387 1920 4459 doctoris

337 4463 528 4528 verba,
562 4461 658 4532 qui
706 4461 848 4515 forte
882 4475 953 4532 ea
991 4468 1201 4532 tantum
1248 4458 1461 4532 ratione
1499 4471 1733 4511 vacuum
1760 4465 1816 4512 et
1842 4458 1922 4512 in-

1621 3852 1668 3882 ”
1706 3850 1866 3907 Joau.
1927 3867 2063 3918 xvn,
2092 3853 2184 3908 2:2.

973 3926 1019 3957 ⁸⁸
1056 3923 1213 3979 Joan.
1244 3940 1360 3991 nx,
1400 3923 1484 3977 16.
1560 3923 1608 3955 ’⁸
1646 3920 1813 3978 lCor.
1845 3938 1883 3987 ι,
1912 3922 2004 3979 24.

2046 3607 2109 3659 Εἰ
2163 3607 2272 3679 γὰρ
2321 3609 2402 3669 εἰς
2442 3607 2621 3679 δνομα
2675 3607 2752 3679 (Ι)
2784 3609 2997 3679 Πατρὸς
3045 3610 3139 3663 καὶ
3187 3611 3315 3664 Υἱοῦ
3361 3612 3567 3666 δίδοται
3600 3615 3637 3683 ἡ

2044 3697 2343 3764 τελείωσις,
2372 3700 2433 3753 οὐ
2466 3699 2685 3769 λέγουσι
2731 3700 2789 3753 δὲ
2827 3700 3049 3773 Πατέρα
3103 3701 3385 3773 ἀληθινὸν,
3430 3702 3521 3756 διὰ
3571 3705 3639 3757 τὸ

2295 3854 2341 3885 ⁸³
2383 3854 2542 3908 Rom.
2576 3870 2591 3909 ι
2632 3897 2650 3923 ,
2681 3854 2750 3922 7;
2786 3854 2958 3911 lCor.
2990 3872 3028 3920 l,
3060 3858 3128 3923 5;
3198 3857 3399 3928 Ephes.
3464 3874 3504 3926 ι,
3566 3859 3629 3916 2.

2029 4110 2078 4155 et
2109 4106 2315 4161 tenent;
2339 4098 2455 4171 fimo
2485 4108 2533 4152 et
2555 4098 2697 4153 obest
2732 4099 2802 4171 ad
2835 4100 3251 4161 damnationem,
3278 4100 3418 4171 quod
3445 4103 3503 4156 in
3533 4120 3627 4160 sa.

2029 4171 2227 4241 crilega
2271 4170 2553 4239 iniquitate
2596 4170 2791 4224 erroris
2840 4170 3080 4234 humani,
3103 4172 3263 4225 etiam
3305 4172 3475 4225 divini
3525 4191 3630 4229 sa-

2030 4241 2287 4311 ammenti
2309 4256 2532 4309 nonper
2556 4257 2715 4311 quam
2742 4242 3078 4304 mandentur,
3110 4241 3218 4311 sed
3229 4257 3321 4308 per
3349 4259 3507 4311 quam
3530 4264 3626 4302 se-

2027 4313 2201 4367 verius
2222 4309 2816 4380 judicentur,_detinent
2854 4312 3145 4365 veritatem.
3180 4309 3304 4366 Haec
3332 4309 3443 4369 ille.
3480 4311 3625 4373 Vide

2027 4381 2411 4437 Praefationem
2438 4382 2768 4451 generalem.

2104 4453 2251 4524 (ιψ)
2286 4452 2379 4524 Sic
2418 4452 2643 4524 Seguer.
2674 4451 2893 4507 Goblcr.
2925 4451 3116 4507 Felc.i
3147 4463 3202 4509 et
3227 4454 3280 4508 4.
3318 4455 3387 4510 At
3409 4455 3463 4508 in
3486 4457 3622 4514 aliis

338 4535 476 4590 utile
505 4521 631 4588 esse
674 4537 837 4586 uocet
880 4529 1262 4586 hereticorum
1312 4527 1613 4597 baptisma,
1642 4536 1919 4596 quatenus
1953 4521 1996 4539 ¹¹
2022 4532 2078 4579 et
2101 4521 2443 4597 ed_i_tis_deest
2474 4521 2587 4597 καί.

335 4605 477 4662 nihil
519 4601 738 4674 prolicit
789 4599 1163 4674 adhpietatem
1210 4599 1325 4653 sive
1346 4595 1917 4674 gerumDeicultum,

335 4677 430 4751 qui
458 4664 659 4751 in'sola
700 4664 972 4751 catholica
1021 4670 1310 4751 exhibetur
1350 4665 1618 4723 Ecclesia.
1634 4664 1764 4751 ‘Nec
1790 4664 1921 4725 vero

337 4744 531 4819 inepte
553 4744 633 4798 ait
658 4758 780 4819 eos,
815 4757 918 4819 qui
940 4744 1320 4796 hatreticorum
1352 4746 1720 4819 asperguntur
1750 4753 1915 4809 aqua,

224 4839 233 4852 υ
336 4808 535 4872 1⁵ωᾶπί
560 4813 744 4884 potius
768 4808 1066 4884 impietate,
1088 4825 1260 4884 quam
1287 4808 1533 4884 redimi;
1561 4808 1763 4884 quippe
1790 4808 1916 4865 cum

335 4887 440 4954 illi,
476 4879 747 4956 baptisma
793 4879 864 4937 ab
912 4879 1182 4956 bmreticis
1230 4880 1573 4956 accipiendo,
1618 4879 1673 4956 in
1722 4893 1915 4934 eorum

335 4948 685 5029 ascriba'ntur
732 4967 1043 5029 numerum,
1076 4952 1318 5019 ﬁantque
1359 4958 1415 5004 et
1452 4948 1564 5029 ipsi
1618 4948 1722 5004 hoc
1757 4960 1917 5019 pacto

337 5027 603 5088 hau-elici,
628 5039 694 5080 ac
717 5022 961 5093 proinde
987 5038 1173 5077 veram
1208 5029 1364 5093 extra
1391 5020 1708 5093 religionem
1737 5030 1915 5093 etsa-

268 5128 271 5129 ν
336 5098 467 5154 lutis
507 5099 674 5151 viam.
708 5088 922 5149 Similia
968 5093 1173 5162 passim
1218 5091 1410 5162 habet_
1424 5088 1766 5162 Augustinus
1800 5090 1917 5160 ipse

335 5178 528 5224 contra
557 5166 886 5223 Douatistas.
922 5158 1164 5233 Exempli
1194 5161 1371 5233 gratia
1398 5159 1492 5233 lib.
1523 5158 1599 5233 De
1636 5161 1792 5213 unico
1816 5158 1914 5215 ba-

336 5239 533 5309 ptismo
560 5246 747 5309 contra
769 5230 1117 5309 Petilianum',
1239 5231 1293 5298 8,
1321 5234 1403 5309 ait
1425 5230 1762 5309 baptismum
1802 5247 1912 5309 non

336 5300 514 5381 solum
542 5306 678 5381 nihil
701 5307 955 5381 prodesse
977 5304 1248 5381 biereticis
1357 5300 1612 5381 salutem,
1631 5301 1723 5381 sed
1746 5302 1911 5381 etiam

334 5380 533 5433 obesse
576 5379 643 5431 ad
686 5371 1115 5432 damnationem.
1172 5373 1348 5429 Verba
1396 5371 1574 5426 sancti
1617 5371 1912 5441 Augustini

334 5458 466 5504 sunt
498 5466 511 5502 :
545 5446 693 5501 Sicut
740 5445 873 5499 nihil
918 5447 995 5499 eis
1019 5446 1266 5513 proderat
1299 5442 1368 5497 ad
1401 5440 1625 5513 salutem
1654 5440 1750 5513 qui
1789 5440 1913 5496 Ver-

331 5520 458 5574 bum
505 5516 669 5571 Deum
710 5511 1033 5588 ignorantes,
1067 5531 1203 5588 eum
1237 5527 1409 5588 tamen
1445 5511 1704 5588 colebant,
1730 5512 1836 5588 imo
1860 5525 1912 5570 et

330 5589 513 5643 aberat
540 5589 608 5640 ad
632 5580 934 5655 perniciem,
967 5587 1104 5655 quod
1126 5585 1291 5655 falsos
1328 5586 1451 5638 deos
1470 5580 1906 5655 simulcolentes,

329 5660 501 5716 eidem
541 5652 661 5714 vero
710 5658 819 5711 Deo
859 5652 1173 5727 sacrilegam
1199 5656 1461 5727 injuriam
1487 5652 1798 5727 faciebant:
1831 5657 1909 5715 sic

332 5728 468 5785 nihil
508 5730 718 5799 prodest
745 5728 1003 5783 haereticis
1023 5724 1092 5780 ad
1127 5724 1350 5799 salutem
1371 5724 1511 5796 quod
1539 5734 1693 5777 extra
1727 5724 1912 5799 Eccle-

329 5804 471 5860 sium
509 5797 692 5858 rerum
729 5799 1051 5870 baptismum
1086 5814 1179 5867 per
1215 5797 1573 5867 ignorantiam
1603 5803 1651 5846 et
1688 5798 1905 5855 tradunt

2098 4593 2214 4664 (95)
2256 4590 2481 4664 Seguer.
2512 4592 2740 4664 λέγοιεν.

2098 4661 2212 4738 (96)
2254 4661 2477 4738 Seguer.
2508 4661 2727 4738 Gobler.
2761 4663 3013 4738 etFelck.
3038 4666 3481 4738 1,’ποιησὸμεθα,
3515 4671 3623 4724 καὶ

2024 4734 2188 4820 πᾴλιν
2212 4735 2378 4820 ’λίνα
2409 4734 2543 4820 διπου
2576 4732 2688 4802 ἐγὼ
2724 4732 3333 4820 καὶὶσύηίεσμεν,’καὶξςῇ⁷
3355 4738 3618 4820 διδομένη

2022 4806 2210 4878 χάρις.
2236 4805 2374 4878 ibid.
2429 4803 2653 4878 Seguer.
2701 4805 2855 4878 παρὰ
2893 4803 3346 4878 {inspectant}.
3385 4803 3615 4865 Gobler:

2022 4874 2075 4948 et
2099 4874 2393 4948 'Fe_l_ck._i,
2420 4874 2592 4948 παρα
2616 4874 2976 4948 Δτοῦμιιατρὸς
3018 4874 3153 4948 Υἱῷ.
3196 4874 3362 4932 Βεεῖί.
3390 4880 3614 4948 Anglic.

2022 4944 2153 5018 βας.
2192 4945 2372 5018 Felck.
2404 4947 2439 4998 Δ
2462 4944 2588 5010 ct5,
2615 4945 2702 4999 ἴνα
2725 4944 2917 5018 ὥσπερ
2943 4946 3075 5017 ἐγώ,
3104 4944 3212 5003 etc.
3244 4949 3387 5003 Edili
3410 4959 3465 5002 et
3484 4944 3613 5015 alii,

2021 5017 2087 5069 ἵν’
2107 5014 2182 5081 ὡς
2219 5014 2349 5085 ἐγώ.
2377 5024 2482 5071 etc.

2093 5088 2205 5159 (97)
2246 5087 2345 5140 Διὰ
2385 5086 2566 5159 πάσης
2597 5086 2885 5158 ἐπιστολῆς
2928 5088 3082 5144 abest
3124 5104 3153 5143 a
3188 5089 3504 5145 Goblerian.
3554 5102 3617 5149 et

2018 5154 2201 5213 Felck.
2241 5160 2291 5212 1.

2093 5228 2204 5298 (98)
2249 5228 2471 5302 Seguer.
2512 5228 2731 5302 Goblcr.
2756 5227 2940 5302 Felck.
2975 5230 3000 5284 l
3029 5241 3083 5285 et
3103 5230 3430 5302 4,ὁρᾶσθαι.
3459 5233 3606 5288 ῐιιίσΙ.

2020 5297 2245 5371 Seguer.
2285 5297 2425 5371 μετὰ
2448 5301 2541 5353 τοῦ
2575 5300 2744 5353 ἀϊδίου
2786 5301 2984 5370 φωτός.
3018 5297 3236 5357 ϐοὺιθιί.
3278 5302 3461 5357 Fclck.
3495 5305 3611 5358 iet

2017 5370 2071 5434 5,
2107 5371 2235 5425 ibid.
2264 5370 2386 5424 ὃθεν
2409 5371 2459 5423 οἱ
2496 5371 2759 5424 Ἰουδαῖοι.

2113 5440 2203 5515 99)
2245 5440 2788 5515 Seguerset‘Felckn
2821 5442 2886 5515 5,
2923 5443 3349 5515 καταλείψαντές
3377 5462 3437 5497 τε
3473 5446 3603 5515 τήν.

2015 5509 2331 5604 ἐρωεῖ-.-ελ
2347 5509 2534 5604 ίῗιῗιρις.¹
2557 5512 2605 5572 1.
2635 5509 3200 5604 κατρλείψαντεςῃγὰρ
3243 5517 3362 5573 τήν.
3403 5509 3607 5571 theri

2013 5591 2068 5636 et
2097 5583 2264 5656 editio
2293 5581 2562 5656 Commel;
2590 5581 3017 5656 καταλείψαντες
3044 5581 3246 5656 δὲήτήν.

2086 5653 2162 5728 (ί)
2206 5650 2509 5728 Seg_u_er._et
2528 5651 2663 5728 Reg.
2681 5638 2943 5728 et_Felc_L\
3059 5656 3122 5708 Et
3291 5659 3371 5720 εἰς
3399 5655 3601 5728 ὄνομα.

2011 5722 2117 5777 Alii
2149 5731 2203 5779 et
2230 5724 2398 5779 editio
2421 5722 2690 5781 Commrl.
2720 5724 2813 5788 Είς
2835 5724 2942 5796 γὰρ
2970 5724 3160 5796 ὄνομα.
