3840 6220
298 381 404 438 ⁸237

256 568 268 583 ”
298 568 589 660 ἀρνοῦνται
612 588 668 640 δὲ
698 588 791 641 καὶ
811 587 902 640 τὸν
928 587 1180 658 ἀληθινὸν
1202 588 1352 651 Υίὸν,
1371 589 1465 641 καὶ
1489 589 1647 642 ἄλλον
1667 591 1880 654 ἑαυτοῖς

299 681 358 746 ἐξ
393 680 494 732 οὐκ
549 679 717 732 ὄντων
766 678 982 731 κτιστὸν
1038 678 1470 743 ἀναπλάττοντες
1520 680 1877 751 ὀνομάζουσι,

298 771 418 834 πῶς
442 771 503 823 οὐ
531 769 808 834 παντελῶς
831 769 986 824 κενὸν
1007 772 1102 823 καὶ
1133 770 1441 835 ἀλυσιτελὲς
1463 771 1525 825 τὸ
1548 775 1677 844 παρ’
1702 774 1880 827 αὐτῶν

295 862 572 932 διδόμενόν
611 865 746 925 ἐστι,
777 861 1138 933 προσποίησιν
1170 863 1266 934 μὲν
1293 863 1435 934 ἔχον,
1469 867 1534 935 τῇ
1567 865 1621 917 δὲ
1655 864 1880 937 ἀληθείᾳ

301 952 469 1023 μηδὲν
501 953 624 1022 ἕχον
674 952 811 1025 πρὸς
868 951 1151 1006 εὐσέϐειαν
1191 953 1442 1026 βοήθημα
1493 955 1602 1025 (5);
1631 956 1706 1008 Οὐ
1771 956 1880 1026 γὰρ

294 1047 377 1108 εἰς
423 1045 648 1116 Πατέρα
701 1045 794 1098 καὶ
840 1045 966 1098 Υἰὸν
1015 1045 1252 1098 διδόασιν
1307 1049 1354 1100 οἱ
1413 1049 1718 1120 Ἀρειανοὶ,
1764 1049 1878 1102 ἀλλ’

294 1139 376 1200 είς
429 1137 658 1208 κτίστην
727 1137 822 1190 καὶ
873 1137 1112 1207 κτίσμα,
1175 1139 1268 1192 καὶ
1338 1141 1417 1203 είς
1481 1142 1711 1211 ποιητὴν
1785 1143 1879 1194 καὶ

295 1227 527 1299 ποίημα.
595 1230 806 1299 Ὠσπερ
871 1227 926 1280 δὲ
975 1227 1102 1282 ἄλλο
1138 1231 1254 1283 ἐστὶ
1301 1233 1506 1302 κτίσμα
1578 1231 1726 1305 παρά
1788 1232 1880 1286 τὸν

295 1321 424 1374 Υἱὺν
445 1362 459 1384 ,
493 1322 665 1385 οὕτως
703 1321 834 1376 ἄλλο
865 1321 930 1375 ἂν
978 1323 1065 1393 εἴη
1098 1323 1176 1396 (4)
1216 1324 1313 1395 τῆς
1347 1324 1607 1394 ἀληθείας
1651 1325 1712 1378 τὸ
1747 1326 1878 1396 παρ’

296 1415 476 1468 αὐτῶν
511 1413 864 1485 νομιζόμενον
889 1415 1150 1477 δίδοσθαι,
1191 1417 1294 1470 κᾶν
1325 1417 1386 1469 τὸ
1423 1417 1596 1487 ὄνομα
1631 1417 1722 1470 τοῦ
1761 1419 1878 1471 Πα-

292 1505 422 1576 τρὸς
455 1507 549 1560 κα)⁹
593 1505 688 1558 τοῦ
722 1505 872 1568 Υίοῦ,
903 1504 990 1558 διὰ
1038 1505 1099 1557 τὸ
1129 1506 1538 1577 γεγραμμένον,
1591 1506 1879 1577 ὀνομάζειν

295 1596 723 1668 προσποιῶνται.
762 1597 836 1650 Οὐ
869 1596 978 1669 γὰρ
1009 1599 1038 1650 ὁ
1061 1597 1235 1666 λέγων
1256 1599 1462 1662 ἁπλῶς,
1492 1601 1692 1668 Κύριε,
1722 1595 1877 1666 οὗτος

292 1689 387 1742 καὶ
417 1687 631 1740 δίδωσιν
662 1688 737 1757 (5)
760 1705 772 1718 ·
809 1688 925 1741 ἀλλ’
968 1689 996 1740 ὁ
1032 1688 1171 1760 μετά
1206 1690 1298 1742 τοῦ
1328 1689 1590 1760 ὀνόματος
1643 1692 1736 1746 καὶ
1777 1691 1877 1764 τὴν

292 1781 475 1833 πίστιν
510 1781 648 1850 ἔχων
682 1781 868 1853 ὀρθήν.
899 1780 998 1834 Διά
1027 1782 1185 1834 τοῦτο
1211 1781 1340 1851 γοῦν
1376 1783 1468 1834 καὶ
1499 1784 1528 1834 ὁ
1558 1783 1748 1853 Σωτὴρ
1777 1785 1876 1854 οὐχ

292 1873 480 1936 ἁπλῶς
530 1873 832 1926 ἐνετείλατο
883 1873 1192 1943 βαπτίζειν,
1245 1874 1380 1928 ἀλλά
1429 1875 1643 1946 πρῶτόν
1700 1891 1871 1946 φησι,
1909 1857 1950 1911 Β

290 1966 744 2032 Μαθητεύσατε·
776 1963 874 2018 εἷθ’
891 1965 1032 2018 οὕτω
1052 1981 1066 1995 '
1096 1963 1409 2026 Βαπτίζετε
1434 1969 1520 2031 εἰς
1538 1965 1722 2034 ὄνομα
1738 1965 1872 2035 (6-7)

291 2057 546 2126 Πατρός,
582 2058 680 2111 καὶ
740 2057 896 2122 Υἱοῦ,
944 2059 1041 2112 καὶ
1072 2059 1246 2126 ἁγίου
1297 2059 1674 2124 Πνεύματος·
1712 2057 1777 2110 ἵν’
1811 2059 1876 2111 ὲκ

288 2149 391 2217 τῆς
451 2147 744 2219 μαθήσεως
793 2151 826 2218 ἡ
871 2149 1056 2211 πίστις
1106 2147 1239 2220 ὀρθὴ
1286 2147 1547 2218 γένηται,
1612 2149 1705 2202 καὶ
1739 2148 1876 2218 μετά

291 2238 532 2300 πίστεως
563 2240 596 2310 ἡ
630 2237 723 2290 τοῦ
754 2236 1130 2308 βαπτίσματος
1167 2236 1443 2298 τελείωσις
1469 2236 1540 2306 (8)
1576 2235 1872 2307 προστεθῇ.

361 2330 451 2384 45.
493 2328 695 2382 Πολλά).
721 2328 852 2398 γοῦν
882 2329 975 2384 καὶ
1018 2329 1176 2384 ἄλλαι
1215 2328 1476 2399 αἱρέσεις,
1510 2326 1763 2394 λέγουσαι
1808 2327 1876 2380 τὰ

287 2422 530 2492 ὀνόματα
572 2421 751 2495 μόνον,
792 2421 864 2494 μὴ
895 2420 1183 2492 φρονοῦσαι
1213 2419 1268 2472 δὲ
1289 2418 1484 2491 ὀρθῶς,
1525 2418 1600 2481 ὼς
1637 2419 1871 2490 εἴρηται,

294 2515 433 2584 μηδὲ
479 2514 580 2585 τὴν
633 2515 816 2570 πίστιν
866 2514 1214 2581 ὑγιαίνουσαν
1263 2511 1515 2580 ἔχουσαι,
1561 2509 1874 2572 ἀλυσιτελὲς

289 2605 474 2676 ἔχουσι
503 2607 598 2658 καὶ
623 2604 684 2656 τὸ
718 2605 848 2674 παρ’
881 2603 1058 2658 αὐτῶν
1097 2603 1370 2672 διδόμενον
1407 2601 1570 2672 ὕδωρ,
1611 2600 1871 2670 λειπόμε-

285 2714 380 2752 νον
412 2696 699 2767 εὐσεϐεία’
745 2695 885 2748 ὥστε
933 2695 1027 2748 καὶ
1065 2695 1139 2765 (9)
1177 2695 1268 2747 τὸν
1319 2691 1701 2764 ῥαντιζὸμενον
1743 2697 1872 2764 παρ’

286 2788 470 2844 αὐτῶν
498 2787 853 2859 ῥυπαίνεσθαι
889 2787 1086 2857 μᾶλλον
1115 2788 1172 2839 ὲν
1201 2785 1426 2855 ἀσεϐείᾳ
1452 2786 1482 2856 ἢ
1522 2785 1868 2856 λυτροῦσθαι.
1925 2835 1938 2840 ..

287 2880 446 2933 Οῦτω
473 2882 567 2934 καὶ
585 2880 864 2950 Ἕλληνες,
889 2879 1066 2933 καίτοι
1087 2879 1216 2932 Θεὸν
1238 2878 1328 2932 διὰ
1348 2878 1570 2949 χειλέων
1595 2879 1868 2948 λέγοντες,

288 2971 582 3039 ἀθεότητος
620 2970 831 3040 ἔχουσιν
867 2970 1138 3040 ἔγκλημα,
1180 2971 1260 3023 ὅτι
1292 2970 1382 3022 τὸν
1413 2970 1582 3034 ὅντως
1611 2969 1738 3022 ὄντα
1778 2971 1871 3022 κα)⁸

284 3061 543 3132 ἀληθινὸν
572 3063 704 3116 Θεὸν
732 3064 793 3116 οὐ
817 3061 1172 3130 γινώσκουσι,
1195 3063 1286 3115 τὸν
1320 3061 1643 3132 Πατέρατοῦ
1662 3061 1868 3132 Κυρίου

285 3154 447 3223 ἡμῶν
483 3153 659 3226 Ἰησοῦ
695 3153 960 3227 Χριστοῦο
996 3154 1136 3207 οὕτω
1186 3156 1476 3223 Μακκιχαῖοι
1521 3154 1614 3207 καὶ
1639 3154 1866 3224 Φρύγες,
1898 3193 1940 3248 C

285 3246 384 3300 καὶ
431 3246 480 3296 οἱ
526 3245 624 3297 τοῦ
655 3246 1030 3315 Σαμωσατέως
1081 3245 1354 3317 μαθηταὶ,
1396 3243 1464 3298 τὰ
1509 3245 1748 3316 ὀνόματα
1781 3245 1870 3296 λέ-

284 3353 498 3404 γοντες,
537 3336 690 3389 οὐδὲν
737 3334 898 3409 ἧττόν
947 3339 1083 3390 εἰσιν
1119 3335 1412 3408 αἱρετικοί·
1459 3335 1602 3389 οὕτω
1635 3335 1870 3405 καθεξῆς

287 3427 402 3496 (10)
438 3426 624 3479 λοιπὸν
666 3428 760 3480 κα)⁸
799 3429 848 3480 οἱ
893 3428 960 3481 τὰ
995 3428 1202 3499 Ἀρείου
1230 3427 1580 3500 φρονοῦντες,
1613 3427 1714 3480 κᾶν
1743 3429 1871 3480 ἀνα-

283 3517 599 3586 γινώσκωσι
631 3518 700 3570 τά
727 3520 1087 3590 γεγραμμένα
1108 3561 1121 3581 ,
1151 3522 1246 3573 καὶ
1289 3519 1578 3589 λέγωσιτά
1608 3521 1866 3592 ὀνόματα,

282 3612 384 3663 καὶ
426 3611 582 3662 αὐτοὶ
624 3609 877 3676 παίζουσι
902 3613 1028 3674 τοὺς
1061 3610 1440 3682 λαμϐάνοντας
1486 3614 1616 3684 παρ’
1655 3613 1866 3677 αὐτῶν,

285 3701 452 3758 πλέον
477 3701 587 3756 τῶν
619 3701 792 3755 ἄλλων
830 3702 1093 3772 αἱρέσεων
1127 3703 1236 3772 (11)
1270 3703 1620 3774 ἀσεϐέστεροι
1661 3704 1866 3774 τυγχά-

283 3811 493 3857 νοντες,
526 3795 622 3846 καὶ
669 3797 792 3847 κατ’
836 3794 1016 3861 ὀλίγον
1053 3793 1165 3864 (12)
1219 3795 1604 3866 ὑπερκείμενοι
1646 3796 1865 3859 ταύτας,

283 3885 384 3937 καὶ
406 3883 742 3947 δικαιοῦντες
762 3883 931 3947 αὑτάς
959 3886 1022 3936 ὲκ
1046 3884 1145 3954 τῆς
1174 3884 1382 3937 ἑαυτῶν
1410 3884 1864 3956 ἀθυρογλωττίας.

298 3978 540 4030 Ἐκεῖναι
577 3976 676 4045 μὲν
708 3976 817 4048 γὰρ
859 3975 1018 4028 πλέον
1051 3993 1102 4028 τι
1156 3976 1256 4047 τῆς
1301 3975 1558 4047 ἀληθείας
1594 3977 1867 4045 καταψεύ-

282 4068 496 4129 δονται,
535 4068 625 4120 καὶ¹
673 4068 706 4138 ἢ
754 4067 882 4138 περὶ
918 4067 978 4118 τὸ
1027 4066 1186 4137 σῶμα
1226 4067 1449 4138 σφάλμα
1506 4067 1687 4137 έχουσι
1730 4068 1864 4137 (κδ’

280 4158 532 4227 λέγοντες
557 4159 631 4229 μὴ
661 4159 726 4210 ὲκ
747 4159 964 4229 Μαρίας
996 4160 1286 4230 ἐσχηκέναι
1319 4160 1498 4230 σάρκα
1519 4160 1609 4212 τὸν
1641 4159 1864 4230 Κύριον,

277 4252 323 4322 ἢε
352 4251 436 4302 ὅτι
465 4251 603 4313 ὅλως
637 4252 696 4302 οὐ
731 4249 921 4318 γέγονε
956 4249 1204 4314 θάνατος,
1243 4251 1363 4303 οὐδὲ
1404 4251 1540 4313 ὅλως
1581 4249 1866 4322 ἄνθρωπος

279 4343 528 4410 γέγονεν,
560 4342 694 4395 ἀλλά
730 4341 889 4412 μόνον
919 4342 1111 4411 ἐφάνη,
1147 4343 1242 4396 καὶ
1270 4344 1370 4396 οὐκ
1395 4338 1462 4414 ἦν
1497 4341 1730 4414 ἀληθῶς,
1769 4343 1863 4395 καὶ

279 4433 458 4486 ἐδόκει
509 4433 669 4504 σῶμα
716 4433 880 4504 ἔχειν,
919 4434 994 4504 μὴ
1034 4434 1192 4506 ἔχων,
1238 4436 1330 4488 καὶ
1372 4435 1542 4488 ἐδόκει
1573 4434 1860 4504 ἄνθρωπος

352 4631 397 4662 ’⁷
435 4629 628 4686 Matth.
657 4648 754 4696 vn,
784 4633 874 4686 2L
951 4633 997 4666 ⁸⁸
1034 4632 1225 4688 Matth.
1267 4649 1461 4700 xxvnt,
1499 4633 1584 4688 19.

350 4790 696 4873 (ἱλὸεειιεις.
733 4792 794 4846 τὺ
829 4790 1084 4872 ἐξαῦτοῦ
1111 4792 1206 4844 καὶ
1227 4792 1434 4873 ὅμοιον,
1464 4801 1524 4847 ut
1558 4791 1851 4873 et‘videtur
1883 4794 1926 4849 D

277 4861 529 4920 Nannius
550 4861 789 4933 'Iegisse,
822 4865 914 4930 qui
951 4878 1142 4929 nempe
1170 4861 1352 4926 vertit,
1394 4879 1452 4917 eo
1486 4861 1623 4930 quod
1669 4871 1851 4933 negent

272 4933 479 5003 aliquid
502 4950 567 4987 ea;
593 4932 705 5002 ipso
720 4934 992 5003 exsistere,
1019 4943 1067 4984 et
1097 4933 1273 5003 simile
1308 4949 1417 4986 esse
1444 4933 1590 4987 illius
1615 4932 1854 5003 substan-

275 5001 386 5057 tiae.
423 5002 556 5073 Reg.
592 5001 654 5056 τὸ
695 5001 953 5073 ὲξῃαὺτοῦ
1001 5001 1250 5072 ὁμοίωμα
1277 5003 1373 5072 τῆς
1402 5003 1609 5065 οὐσίας.
1662 5001 1767 5055 Alii
1800 5011 1855 5057 et

271 5075 428 5134 editi,
458 5071 525 5144 το
543 5074 600 5140 ἐξ
622 5071 788 5144 αὐτοῦ
812 5073 994 5144 ὅμοιον
1013 5071 1120 5144 τῆς
1144 5071 1352 5144 οὐσίας.

350 5144 428 5211 (5)
474 5143 564 5198 Sic
613 5141 856 5210 Seguer.’
888 5141 1089 5195 Gobler
1142 5141 1326 5198 Felck.
1361 5145 1380 5196 1
1421 5152 1474 5198 ει
1498 5144 1551 5198 4.
1581 5143 1649 5197 At
1679 5141 1769 5197 alii
1797 5149 1852 5196 et

273 5215 445 5268 editio
466 5212 900 5284 Commel._npb;
934 5211 1187 5284 ﬂoiﬁistav
1214 5213 1518 5284 εὐσέϐημα.

345 5284 426 5350 (4)
470 5283 694 5353 Seguer.
731 5276 864 5352 Reg.
908 5276 970 5353 et
1014 5276 1193 5339 Felck.
1228 5283 1280 5346 5,
1314 5276 1467 5348 οὗτος
1489 5282 1714 5353 ἀλλοᾼᾶν
1743 5283 1849 5353 εἴη.

267 5355 377 5425 Alii
407 5362 460 5425 et
489 5350 654 5425 editio
680 5350 944 5425 gemmel.
978 5353 1304 5425 οὓτως-ἀλλο
1329 5353 1437 5425 εἴη.
1471 5353 1592 5408 Mox
1622 5350 1850 5424 Seguer.

265 5424 374 5478 κᾶν
395 5423 456 5475 τὸ
472 5423 653 5494 ρνομα
687 5421 903 5494 Πατρος
926 5423 1019 5494 xa._‘t
1052 5422 1202 5494 Υίοῦ.

339 5494 421 5562 (5t
466 5486 692 5562 Seguer.
722 5486 945 5562 Gohler.
975 5489 1154 5550 Felck.
1190 5494 1212 5546 1
1252 5502 1305 5548 et
1337 5486 1683 5562 ι1ι,οἰ5’τοςῌκα)⁸
1698 5492 1852 5546 δίδω-

266 5557 373 5618 σιν.
404 5557 740 5630 Βιιε.”οὓτως
755 5561 849 5614 καὶ
877 5559 1110 5616 δίδωσιν.
1138 5563 1244 5617 Alii
1275 5575 1328 5617 ει
1343 5565 1494 5625 editi,
1522 5557 1678 5627 οὗτος
1701 5563 1851 5616 δίδω-

262 5632 536 5706 enabit”:
558 5630 784 5706 Seguer.
812 5630 1092 5706 Ausoniam
1117 5633 1247 5706 γοῦν
1275 5636 1303 5686 ὁ
1330 5635 1540 5706 Σωτήρ.

338 5703 476 5772 (6-7)
497 5699 683 5772 Felt-R.
705 5700 759 5760 5.
779 5703 867 5772 εἰς
882 5699 944 5772 τὸ
972 5699 1165 5772 ὄνομα.
1182 5705 1376 5772 Ceteri
1401 5713 1455 5758 et
1471 5699 1658 5760 'editio
1676 5703 1841 5759 Com-

264 5775 520 5847 mel.”:ii
555 5771 744 5847 ὄνομα.
777 5771 998 5847 ibidem
1025 5771 1228 5847 _Felck.
1257 5773 1292 5826 4
1317 5787 1371 5829 ει
1400 5775 1454 5844 5,
1485 5775 1578 5828 τοῦ
1609 5775 1838 5847 Πατρὸς,

261 5844 358 5903 τοῦ
395 5842 546 5907 Υζοῦ,
583 5839 677 5896 καὶ
711 5841 804 5895 τοῦ
839 5839 994 5910 ἁγίου
1025 5843 1365 5914 Πνεῦματος.

1415 383 1669 440 ORATIO
1709 383 1749 438 Il
1787 384 2065 441 CONTRA
2103 383 2422 442 ARIANOS.

298 496 584 570 ἀρνεῖσθαι
629 495 690 549 τὸ
733 495 791 563 ἐξ
843 495 1005 549 αὐτοῦ
1041 495 1134 549 κα)⁴
1187 496 1371 566 ὅμοιον
1413 495 1490 567 (2)
1540 498 1639 568 τῆς
1671 497 1868 561 οὐσίας,

1985 507 2120 552 ειη-ω
2161 508 2246 554 εει
2292 499 2490 564 simile,
2523 505 2721 570 negent
2761 513 2929 555 :cum
2977 500 3104 555 item
3151 516 3340 558 verum
3389 505 3553 562 iidem
3639 525 3650 540 ο

3446 392 3552 448 238

1983 598 2182 659 negant
2211 590 2429 655 Filium,
2455 589 2730 660 aliumque
2757 591 3062 660 nominant,
3103 609 3265 664 quem
3285 611 3353 652 ex
3382 599 3554 654 nihilo

1981 688 2224 733 creatum
2269 695 2392 735 esse
2435 680 2959 748 comminiscuntur,
2999 682 3092 751 qui
3136 684 3252 737 ﬁeri
3287 695 3465 753 potest
3497 696 3557 742 ut

1980 788 2208 842 prorsus
2248 788 2458 828 vacuus
2489 788 2555 828 ac
2598 772 2808 827 inutilis
2847 788 2956 828 non
2998 776 3071 829 sit
3096 776 3425 845 baptismus,
3460 779 3555 850 qui

1981 866 2051 919 ab
2089 866 2198 922 illis
2225 867 2408 929 datur,
2442 867 2494 920 in
2527 882 2636 936 quo
2666 867 2883 936 quidem
2915 869 3042 923 insit
3068 869 3348 940 religionis
3383 871 3556 926 simu-

1981 958 2139 1022 latio,
2174 959 2266 1012 sed
2295 974 2484 1013 revera
2515 959 2650 1012 nihil
2681 961 2746 1013 ad
2776 961 3029 1030 pietatem
3073 974 3238 1027 queat
3269 961 3558 1017 conferre?

1979 1046 2092 1102 Nec
2134 1049 2278 1102 enim
2332 1049 2519 1103 Ariani
2573 1050 2626 1103 in
2680 1048 2859 1106 Patris
2906 1062 2960 1106 et
2996 1052 3117 1106 Filii
3157 1054 3378 1108 nomine
3421 1054 3558 1108 dant

1981 1139 2335 1208 baptismum,
2369 1141 2462 1195 sed
2501 1141 2556 1194 in
2599 1142 2818 1196 nmnine
2860 1142 3123 1197 creatoris
3144 1151 3198 1196 et
3222 1143 3301 1196 rei
3338 1151 3553 1206 creatae,

1979 1228 2250 1285 eﬂ‘ectoris
2300 1246 2354 1285 et
2404 1232 2481 1286 rei
2534 1232 2711 1288 factae.
2766 1234 2921 1290 Unde
2955 1235 3414 1304 quemadmodum
3463 1250 3555 1288 res

1979 1331 2162 1376 creata
2215 1323 2318 1376 alia
2371 1333 2458 1378 est
2500 1340 2532 1379 a
2569 1324 2726 1389 Filio,
2768 1326 2844 1380 ita
2897 1327 3223 1394 haptismus,
3257 1341 3418 1395 quem
3475 1326 3552 1381 illi

1980 1413 2112 1467 dare
2149 1423 2432 1483 putantur,
2470 1432 2499 1470 a
2542 1432 2674 1471 vero
2710 1417 2982 1487 baptismo
3021 1417 3162 1471 alius
3197 1425 3300 1482 est,
3337 1417 3552 1472 etiamsi

1979 1518 2181 1558 nomen
2219 1505 2394 1561 Patris
2435 1518 2489 1561 et
2517 1507 2664 1572 Filii,
2694 1518 2755 1562 ut
2799 1508 3042 1578 praecipit
3087 1507 3393 1577 Scriptura,
3422 1523 3554 1577 pro-

1977 1593 2124 1650 ferre
2167 1599 2506 1654 assimulent.
2548 1599 2664 1656 Non
2707 1601 2852 1654 enim
2898 1602 2992 1670 qui
3037 1601 3190 1665 dicit,
3235 1600 3456 1654 Domine
3483 1601 3551 1665 "’,

1977 1686 2068 1741 ille
2103 1688 2268 1742 etiam
2329 1689 2443 1754 dat,
2481 1691 2577 1745 sed
2645 1692 2690 1745 is
2745 1700 2978 1757 tantum,
3015 1691 3109 1760 qui
3159 1707 3283 1746 cum
3333 1690 3554 1744 nomine

1977 1789 2180 1832 rectam
2214 1795 2434 1850 quoque
2468 1782 2628 1837 habet
2663 1783 2844 1836 tidem.
2889 1781 2965 1838 Ea
2999 1783 3065 1837 de
3103 1798 3271 1838 causa
3306 1781 3554 1837 Salvator

1979 1888 2086 1926 non
2130 1875 2306 1928 solum
2353 1875 2632 1944 baptizare
2669 1876 2855 1946 jussit,
2887 1878 2981 1931 sed
3010 1876 3246 1946 primum
3287 1874 3364 1929 ait
3394 1893 3408 1928 :
3443 1873 3554 1927 Do-

1978 1973 2105 2030 cete,
2135 1974 2189 2020 et
2210 1965 2426 2031 deinde,
2454 1967 2722 2036 baptizata
2753 1969 2806 2021 in
2849 1968 3056 2021 nomine
3079 1966 3244 2039 m4
3282 1965 3468 2020 Patris
3501 1975 3552 2018 et

1981 2056 2112 2110 Filii
2150 2069 2198 2112 et
2240 2057 2474 2127 Spiritus
2524 2059 2698 2112 sancti
2729 2059 2794 2124 ⁸⁸,
2833 2067 2894 2112 ut
2924 2073 2990 2113 ex
3022 2057 3270 2112 doctrina
3315 2057 3553 2111 oriretur

1979 2155 2125 2202 recta
2167 2147 2321 2214 ﬁdes,
2350 2158 2405 2203 et
2435 2163 2560 2203 cum
2596 2147 2699 2202 ﬁde
2729 2147 3000 2218 baptismo
3031 2148 3390 2202 initiaremur.

2047 2324 2138 2378 45.
2181 2321 2364 2394 Itaque
2402 2324 2588 2380 multae
2626 2340 2845 2394 quoque
2893 2327 3013 2382 aliae
3057 2329 3292 2386 haereses
3331 2331 3553 2387 nomina

1976 2423 2186 2468 tantum
2235 2415 2637 2484 pronuntiant:
2671 2432 2857 2471 verum
2898 2432 3022 2472 cum
3075 2430 3217 2475 recte
3266 2437 3372 2476 non
3421 2437 3553 2477 681l-

1976 2507 2134 2570 tiant,
2169 2507 2248 2562 uti
2300 2509 2506 2562 dictum
2533 2518 2638 2577 est,
2677 2524 2776 2565 nec
2829 2525 3018 2565 sanam
3074 2513 3313 2568 habeant
3363 2514 3550 2576 ﬁdem,

1976 2595 2184 2651 inutilis
2234 2606 2319 2650 est
2363 2613 2504 2667 aqua
2559 2615 2722 2668 quam
2768 2599 2993 2664 donant,
3035 2601 3236 2671 quippe
3278 2604 3366 2658 cui
3411 2605 3554 2659 desit

1973 2687 2178 2756 pietas;
2213 2688 2285 2742 ita
2320 2698 2377 2743 ut
2414 2705 2798 2760 quemcunque
2853 2691 2929 2744 illi
2971 2693 3323 2760 as'ierserint,
3356 2693 3553 2766 impie-

1974 2787 2084 2832 tate
2116 2777 2350 2834 fasdetur
2399 2781 2604 2850 potius,
2644 2797 2806 2851 quam
2847 2782 3163 2838 redimatur.
3218 2784 3308 2840 Sic
3353 2797 3407 2840 et
3447 2787 3552 2856 ipsi

1973 2870 2222 2938 gentiles,
2249 2873 2465 2926 tametsi
2499 2871 2668 2926 Deum
2696 2874 2751 2928 in
2781 2889 2876 2930 ore
2913 2875 3136 2940 habent,
3166 2876 3337 2932 Deum
3367 2887 3550 2934 tamen

1973 2963 2377 3018 convincuntur
2407 2979 2516 3018 non
2549 2967 2750 3032 colere,
2784 2967 2910 3035 quia
2949 2967 3121 3033 illum,
3159 2970 3251 3039 qui
3287 2986 3452 3026 verus
3496 2983 3552 3025 et

1972 3069 2099 3108 vere
2129 3065 2213 3110 est
2244 3054 2411 3122 Deus,
2446 3055 2663 3113 Patrem
2711 3059 2919 3114 scilicet
2955 3059 3169 3116 Domini
3209 3063 3382 3118 nostri
3421 3061 3548 3117 Jesu

1973 3143 2178 3199 Christi
2223 3161 2332 3199 non
2372 3157 2696 3216 agnoscunt.
2736 3148 2828 3204 Sic
2862 3149 3166 3216 Manichaei,
3196 3150 3460 3222 Phryges,
3495 3163 3551 3205 et

1976 3233 2380 3292 Samosatensis
2408 3237 2683 3308 discipuli,
2709 3240 2960 3308 quamvis
2991 3239 3278 3310 proferunt
3301 3243 3546 3306 nomina,

1971 3325 2331 3380 nihilominus
2367 3335 2496 3381 sunt
2529 3327 2790 3382 heretici.
2826 3328 2916 3383 Sic
2948 3330 3111 3383 etiam
3138 3330 3334 3384 deinde
3367 3331 3422 3384 hi
3452 3333 3546 3400 qui

1969 3433 2096 3472 cum
2133 3418 2264 3472 Ario
2303 3419 2568 3482 sentiunt,
2593 3419 2718 3474 licet
2749 3434 2872 3489 quze
2901 3420 3101 3490 scripta
3135 3431 3268 3475 sunt
3296 3422 3546 3488 recitent,

1969 3521 2024 3564 et
2055 3510 2278 3564 nomina
2320 3511 2694 3579 pronuntient,
2722 3526 2816 3566 eos
2847 3521 3050 3572 tamen,
3077 3512 3170 3579 qui
3210 3513 3280 3568 ab
3313 3514 3420 3568 illis
3452 3530 3548 3570 ac-

1970 3603 2179 3672 cipiunt
2201 3603 2558 3669 baptismum,
2587 3601 2866 3671 decipiunt
2889 3611 2940 3656 et
2969 3602 3218 3668 eludunt,
3240 3619 3364 3660 cum
3390 3606 3548 3675 longe

1969 3694 2146 3764 major
2176 3694 2248 3748 sit
2273 3695 2518 3764 ipsorum
2547 3694 2801 3763 impietas
2827 3709 2990 3764 quam
3017 3704 3339 3750 caaterorum
3377 3697 3548 3752 hatre-

1969 3786 2225 3849 ticorum,
2271 3800 2411 3854 quos
2460 3785 2662 3839 sensim
2705 3785 3249 3854 praetergreeiiuntur,
3283 3795 3344 3840 ut
3379 3786 3546 3841 etiam

1969 3894 2069 3933 sua
2119 3893 2229 3948 pra:
2280 3877 2632 3946 loquacitate,
2673 3877 2834 3946 culpa
2890 3877 3043 3931 liberi
3101 3877 3179 3930 illi
3230 3877 3543 3932 videantur.

1969 3969 2260 4024 Enimvero
2307 3969 2399 4023 alii
2449 3969 2686 4024 haeretici
2721 3963 2980 4040 quiddam
3023 3978 3222 4039 praeter
3261 3971 3547 4025 veritatem

1970 4073 2098 4119 sunt
2136 4063 2452 4125 commenti,
2487 4063 2561 4116 ita
2613 4071 2674 4116 ut
2717 4062 2801 4116 vel
2843 4077 3035 4117 eorum
3067 4077 3224 4118 error
3261 4063 3408 4118 circa
3441 4062 3548 4117 Do—

1968 4156 2101 4209 mini
2158 4170 2357 4225 corpus
2393 4164 2662 4221 versetur,
2701 4171 2937 4225 eumque
2985 4171 3051 4210 ex
3100 4155 3270 4211 Maria
3324 4156 3548 4226 Virgine

1967 4263 2186 4304 carnem
2238 4259 2437 4318 negent
2479 4249 2758 4312 habuisse,
2799 4250 2883 4302 vel
2933 4250 3268 4304 contendant
3313 4257 3545 4302 mortem

1969 4355 2075 4394 non
2110 4339 2364 4404 subiisse,
2391 4355 2491 4395 nec
2518 4338 2722 4394 factum
2754 4340 2865 4393 ullo
2894 4339 3060 4394 modo
3089 4355 3212 4394 esse
3240 4340 3543 4402 hominem,

1968 4431 2059 4488 sed
2107 4431 2282 4485 solum
2337 4433 2674 4506 apparuisse,
2703 4446 2814 4486 non
2862 4443 3045 4490 autem
3093 4446 3278 4487 revera
3321 4429 3541 4486 fuisse:

2028 4788 2107 4914 (8)
2147 4787 2239 4842 Sic
2288 4786 2515 4867 seguer.
2555 4783 2700 4866 .lieg.
2759 4783 2924 4838 Basil.
2980 4783 3191 4866 Anglic.
3228 4783 3450 4862 Gohle_r.
3486 4797 3544 4838 et

1961 4857 2035 4915 Fe
2059 4859 2144 4914 cIt.
2181 4860 2230 4912 1.
2265 4859 2367 4910 Alli
2395 4865 2449 4909 et
2482 4855 2649 4910 edltlo
2682 4855 2944 4908 Commel.
2975 4871 3007 4924 η
3034 4855 3216 4916 πίστις
3247 4856 3280 4923 ἡ
3319 4871 3412 4906 του
3445 4853 3544 4924 βα-

1962 4871 2144 4915 ινειοιί.
2181 4871 2230 4912 1.
2265 4871 2367 4910 AIII
2395 4871 2449 4909 et
2482 4871 2649 4910 ealuo
2682 4871 2944 4908 bommet.
2975 4871 3007 4924 η

1962 4931 2265 5000 πτίσματος
2289 4926 2589 5000 τελείωσις
2632 4995 2643 5000 _
2699 4994 2710 5000 .
2810 4991 2845 5000 .-
2872 4995 2882 5000 _
2907 4994 2920 5000 _

2033 4991 2112 5070 (9i
2152 5002 2377 5068 Seguer.
2406 4996 2499 5050 καί
2537 4994 2756 5050 omittit.
2808 4991 3010 5049 Ibidem
3046 4992 3229 5048 Felck.
3259 4992 3314 5057 5,
3342 4993 3543 5064 μᾶλλον

1960 5071 2419 5209 ὰσῗῗδζᾳὲεςυειε
2453 5134 2664 5209 Anglic.
2692 5144 2746 5209 e_t
2772 5132 2952 5190 Felck.
2985 5132 3216 5209 4,9'330)
3279 5131 3538 5204 καθεξῆς.

1961 5203 2064 5264 Alii
2101 5203 2155 5264 et
2183 5203 2350 5263 editio
2380 5205 2649 5262 Commel.
2682 5204 2825 5274 ορτω
2855 5208 2946 5259 καὶ
2977 5203 3236 5274 καθεξῆς.

2034 5281 2145 5349 (11)
2187 5279 2414 5349 Seguer.
2453 5277 2672 5349 Gobler.
2700 5273 2881 5349 Felclt.
2918 5277 2968 5338 1,
3000 5275 3034 5327 4
3060 5285 3114 5329 ει
3140 5272 3195 5338 5,
3225 5272 3430 5345 etReg.
3458 5277 3544 5331 αί-

1965 5345 2356 5423 ρέσεωνηεᾶἰιί
2385 5357 2438 5402 et
2463 5347 2577 5423 alii,
2600 5345 2922 5423 uipeztx_év._
3037 5415 3078 5423 _
3115 5417 3128 5423 _
3165 5416 3179 5423 _
3260 5415 3274 5423 _
3338 5382 3341 5384 -

2035 5422 2146 5492 (12)
2187 5421 2279 5492 Sic
2304 5420 2529 5492 Seguer.
2552 5414 2762 5492 Anglic.
2777 5414 3008 5492 _Go_bl_er.
3037 5415 3226 5492 Felclg.
3252 5415 3445 5492 _I_et__42
3474 5416 3544 5492 At

2035 5435 2146 5492 (12)
2187 5435 2279 5476 διο
2304 5435 2372 5475 δε
2415 5435 2529 5472 uer.
2552 5435 2762 5486 angue.
2789 5435 3008 5471 uenter.
3041 5435 3221 5471 relcu.
3253 5435 3276 5467 ι
3309 5435 3362 5468 et
3393 5435 3444 5466 4.
3474 5435 3539 5470 at

1961 5491 2068 5567 alii
2085 5502 2142 5546 et
2166 5491 2336 5567 editio
2367 5435 2638 5567 gommch
2661 5485 2802 5567 καξὰ
2821 5484 3325 5567 τὸθλογικόνηιοίςξ.
3356 5483 3539 5567 Ῑτειεις.

1960 5561 2016 5636 5,
2048 5561 2433 5636 ὑπερκείμενοι
2457 5555 2696 5636 αὐτούς.
2722 5555 2914 5611 Caeteri
2965 5567 3019 5612 et
3066 5556 3232 5612 editio
3269 5555 3539 5611 Commel.

1955 5629 2344 5702 ὑπερκείμενοι
2372 5629 2645 5702 ταυτας,
2690 5697 2740 5702 __
2843 5695 2882 5702 _
2921 5697 2932 5702 ,
2970 5697 2983 5702 _
3053 5697 3066 5702 ,
3135 5697 3149 5702 -

2027 5694 2140 5772 (15)
2184 5694 2410 5769 Seguer.
2447 5699 2578 5772 Reg.
2607 5695 3025 5772 Go_bler.Fecht_.
3046 5697 3098 5759 1,
3121 5697 3224 5772 «iet
3243 5697 3298 5760 5,
3320 5694 3544 5772 σφάλμα

1951 5767 2162 5843 ἔχουσιἶ
2197 5767 2560 5843 Aliietetliti,
2595 5767 3089 5843 ocpdtllovrat._hlox
3124 5767 3302 5843 σάρκα
3331 5767 3484 5822 abest
3510 5783 3542 5826 tt

1954 5837 2115 5897 Basil.
2150 5841 2288 5904 Ibid.
2316 5840 2499 5894 Felck.
2530 5840 2584 5904 5,
2620 5840 2798 5910 σάρκα
2826 5839 2918 5890 τὸν
2953 5837 3207 5908 Χριστόν.
