3840 6220
321 358 428 415 259

922 355 978 410 S.
1004 351 1375 409 ATHANASII
1413 352 1562 409 OPP.
1595 351 1776 407 PARS
1809 352 1851 409 I.
1890 379 1962 395 ο·-
1999 351 2372 409 IIISTORICA
2409 351 2496 407 ET
2535 351 2962 410 DOGMATICA.

3451 351 3562 407 2ιο

216 495 236 518 ο
323 486 524 541 corpus
555 470 806 527 similiter
837 469 1042 540 specie,
1074 484 1182 524 non
1225 483 1354 525 vere
1398 469 1693 536 habuisse;
1740 470 1882 524 deni-

1995 469 2297 539 φαίνεσθαι,
2343 470 2419 533 ὡς
2470 470 2527 522 ὲν
2587 468 2780 540 ὀνείρῳ
2824 465 3153 536 φαντασίας·
3191 458 3337 521 οῦτοι
3385 463 3442 518 δὲ
3480 466 3565 529 είς

321 578 430 634 que
459 564 734 619 hominem
769 563 951 617 visum
980 560 1247 616 duntaxat
1273 558 1469 627 fuisse,
1494 575 1560 617 eo
1591 561 1752 616 modo
1783 576 1892 630 quo

322 654 442 709 visa
473 653 875 709 somnian'ibus
909 661 1224 706 occurrunt.
1266 651 1457 707 Ariani
1489 663 1669 706 autem
1706 660 1894 721 aperte

320 746 376 800 in
419 747 598 816 ipsum
645 744 862 799 Patrem
912 744 1067 814 impii
1114 753 1264 806 sunt,
1308 744 1469 813 cujus
1514 744 1890 809 divinitatem,

321 853 485 908 quam
516 839 568 891 in
594 836 731 892 Filio
759 845 1017 906 tanquam
1051 835 1107 890 in
1135 834 1370 905 imagine
1396 834 1699 904 Scripturis
1730 843 1893 889 testa-

321 937 431 983 tam
479 927 730 992 audiunt,
765 925 1118 996 blasphemiis
1150 926 1354 980 audent
1399 926 1739 995 impugnare,
1770 941 1892 980 eam

318 1028 556 1077 creatam
596 1034 719 1074 esse
763 1017 1119 1082 afﬁrmantes,
1148 1026 1202 1071 et
1246 1032 1577 1088 quocunque
1610 1032 1670 1072 se
1699 1028 1893 1072 contu-

316 1112 501 1175 ierint,
533 1111 783 1167 voculam
837 1112 1001 1173 banc,
1030 1126 1135 1164 non
1180 1118 1317 1174 erat,
1357 1108 1521 1163 veluti
1568 1124 1786 1164 caenum
1834 1109 1889 1163 in

321 1218 446 1273 pera
477 1216 663 1258 secum
693 1199 1107 1263 circumferunt,
1139 1201 1347 1270 sicque,
1371 1210 1429 1255 ut
1459 1215 1686 1270 serpens
1716 1201 1888 1264 virus,

317 1303 598 1350 evomunt.
650 1293 850 1348 Deinde
897 1308 1028 1347 vero
1080 1293 1299 1363 quando
1354 1293 1570 1347 illorum
1621 1294 1889 1348 sententia

319 1403 580 1443 nauseam
626 1387 771 1456 parit
808 1386 1086 1451 omnibus,
1120 1386 1383 1442 continuo
1414 1386 1714 1441 humanum
1754 1402 1889 1455 prae-

320 1478 521 1533 sidium
551 1477 1066 1545 auctoritatemque,
1093 1476 1329 1530 labantis
1356 1475 1580 1531 haeresis
1607 1474 1891 1530 fulcienda)

318 1583 508 1631 causa,
543 1566 882 1624 substituunt
928 1576 983 1620 et
1026 1575 1364 1636 supponunt,
1399 1574 1457 1621 ut
1500 1567 1621 1636 ejus
1666 1576 1887 1636 aspectu

318 1666 414 1714 aut
445 1665 613 1721 metu,
649 1672 814 1726 quam
849 1656 1010 1712 noxia
1050 1656 1123 1711 sit
1159 1656 1327 1724 impia
1365 1658 1606 1726 ipsorum
1641 1658 1886 1713 doctrina

317 1761 426 1801 non
461 1745 764 1817 intelligant
813 1745 1164 1801 incautiores.
1192 1745 1276 1799 An
1310 1760 1417 1800 non
1464 1747 1630 1817 igitur
1661 1747 1889 1802 misera-

1992 560 2152 615 αὐτὸν
2183 560 2275 615 τὸν
2312 560 2529 631 Πατέρα
2571 577 2821 630 φανερως
2848 557 3122 614 ἀσεϐοῦσι.
3154 557 3262 628 Τὴν
3285 555 3393 629 γὰρ
3440 555 3561 610 θεό-

1990 668 2129 723 τητα
2154 651 2319 705 αὑτοῦ
2348 653 2427 714 εις
2444 650 2535 703 τὸν
2555 649 2685 703 Υίόν
2711 650 2785 713 ὡς
2823 650 2879 701 ὲν
2912 648 3079 702 εικόνι
3113 646 3564 720 μαρτυρουμένην

1991 745 2280 808 ἀκούοντες
2305 744 2414 797 ἀπὸ
2449 744 2555 797 τῶν
2598 744 2852 814 Γραφῶν,
2882 740 3278 813 βλασφημοῦσι,
3313 739 3563 809 λέγοντες

1991 835 2160 907 αὐτὴν
2191 831 2329 889 εἶναι
2380 836 2587 906 κτίσμα
2627 838 2723 889 καὶ
2769 833 3043 905 πανταχοῦ
3068 832 3177 903 (14)
3218 831 3348 904 περὶ
3391 828 3563 899 αὐτῆς

1990 928 2069 993 τὸ,
2103 929 2212 981 οὐκ
2241 923 2341 997 ἦν,
2368 926 2443 990 ὡς
2471 928 2528 980 ὲν
2561 927 2713 999 πήρᾳ.
2740 925 3018 998 βόρϐορον,
3046 924 3107 977 τὸ
3126 923 3379 991 λεξείδιον
3407 920 3565 976 τοῦτο

1991 1018 2367 1090 περιφέρουσι,
2398 1019 2494 1072 καὶ
2528 1019 2604 1083 ὡς
2651 1018 2773 1086 ὄφις
2814 1018 2925 1089 (15)
2960 1016 3049 1070 τὸν
3085 1017 3190 1081 ίὸν,
3227 1015 3385 1068 τοῦτο
3428 1032 3563 1086 προ-

1990 1110 2294 1164 ϐάλλονται.
2338 1106 2500 1173 Εἶτα,
2552 1110 2739 1181 ἐπειδὴ
2786 1109 3056 1180 ναυσηρὸν
3109 1107 3261 1179 παρὰ
3324 1108 3457 1161 πᾶσι
3502 1106 3563 1158 τὸ

1991 1204 2121 1274 παρ’
2153 1203 2335 1266 αὐτοῖς
2368 1204 2484 1256 ἐστι
2510 1202 2684 1270 δόγμα
2707 1241 2722 1266 ,
2763 1202 2925 1265 εὐθὺς
2960 1201 3149 1273 ὥσπερ
3198 1200 3427 1272 ἔρεισμα
3452 1197 3561 1268 (16)

1989 1294 2067 1365 τῷ
2103 1294 2356 1364 πτώματι
2408 1294 2508 1365 τῆς
2544 1294 2843 1364 αἱρέσεως,
2894 1292 2991 1364 τὴν
3034 1291 3378 1364 ἀνθρωπίνην
3425 1306 3561 1361 προ·

1992 1386 2218 1441 στασίαν
2234 1385 2570 1444 ὑποτιθέασι,
2586 1386 2674 1439 ἵνα
2693 1383 2893 1456 ταύτην
2909 1385 3115 1456 βλέπων
3127 1388 3155 1438 ό
3175 1384 3559 1456 ἁπλούστερος,

1990 1479 2023 1549 ἦ
2051 1478 2146 1531 καὶ
2179 1477 2386 1543 δεδιὼς,
2424 1478 2499 1548 μὴ
2532 1479 2768 1548 κατανοῇ
2800 1477 2909 1546 (17)
2942 1476 3003 1529 τὺ
3049 1476 3306 1547 βλαϐερὸν
3333 1479 3431 1545 τῆς
3466 1493 3564 1529 κα-

1991 1567 2328 1640 κοφροσύνης
2373 1566 2572 1620 αὐτῶν.
2619 1567 2745 1631 Πῶς
2791 1564 2882 1621 οὖν
2929 1569 3029 1622 οὐκ
3077 1569 3223 1635 ἄξιον
3274 1566 3561 1638 οἰκτείρειν

1989 1662 2113 1722 τοὺς
2168 1659 2295 1731 παρ’
2349 1658 2527 1712 αὐτῶν
2578 1658 3004 1729 ἁπατωμένουςς
3034 1661 3103 1712 Ἦ
3161 1658 3277 1721 πῶς
3316 1658 3415 1711 οὐκ
3468 1656 3563 1709 ἐπὶ

1988 1748 2196 1813 τούτοις
2231 1748 2495 1821 δακρῦσαι
2546 1748 2729 1812 καλὸν,
2755 1749 2835 1801 δτι
2889 1752 2954 1820 τῇ
2997 1749 3306 1821 παραυτίκα
3332 1747 3419 1801 διὰ
3462 1745 3561 1810 τὰς

318 1837 468 1891 tione
497 1835 648 1905 digni
691 1844 822 1890 sunt
853 1835 946 1904 qui
993 1835 1067 1889 ita
1119 1835 1496 1905 decipiuntur?
1544 1837 1627 1890 An
1653 1851 1763 1892 non
1793 1851 1882 1892 eos

1991 1838 2180 1910 ἡδονὰς
2198 1839 2307 1911 (18)
2335 1819 2603 1910 φαντασίᾳ
2622 1819 2935 1912 προδιδόασι
2949 1840 3009 1893 τὸ
3029 1819 3237 1903 ἑαυτοῖς
3261 1838 3560 1909 συμφέρον,

315 1942 531 1997 aequum
577 1934 661 1982 est
694 1925 913 1992 deﬂere,
953 1927 1045 1996 qui
1088 1927 1340 1996 praesenti
1388 1928 1748 1998 mendacique
1785 1944 1886 1986 vo-

313 2024 582 2085 .uptatum
630 2015 813 2086 specie
849 2012 1001 2080 victi,
1030 2031 1191 2070 suum
1235 2017 1472 2086 produnt
1512 2020 1884 2087 commodum,

313 2115 368 2162 et
394 2106 577 2163 futura
605 2122 700 2176 spe
725 2107 959 2162 cadunt?
988 2107 1092 2173 Qui
1121 2109 1266 2162 enim
1302 2110 1359 2162 in
1382 2110 1603 2164 nomine
1627 2110 1768 2180 ejus,
1793 2111 1887 2181 qui

316 2199 500 2255 nullus
550 2207 669 2264 est,
723 2198 1057 2268 baptismum
1119 2198 1372 2254 videntur
1417 2201 1698 2271 accipere,
1750 2203 1888 2258 nihil

312 2302 461 2349 certe
502 2292 793 2361 accipient,
825 2289 920 2346 sed
968 2290 1047 2345 rei
1094 2300 1293 2347 creatae
1334 2293 1637 2362 conjuncti,
1673 2294 1885 2349 nullum

311 2383 382 2439 ab
412 2398 475 2438 ea
516 2395 925 2452 consequentur
972 2381 1260 2437 auxilium.
1305 2381 1442 2438 Cum
1494 2383 1624 2438 item
1676 2385 1730 2439 in
1772 2400 1885 2440 rem

313 2484 507 2530 natura
550 2489 581 2529 a
611 2473 771 2529 Patre
804 2474 1039 2529 alienam
1081 2482 1138 2529 et
1188 2474 1510 2531 dissimilem
1564 2477 1730 2531 iidem
1765 2493 1888 2534 cre-

309 2567 464 2632 dant,
489 2566 697 2621 nullam
747 2580 969 2634 quoque
1020 2580 1147 2622 cum
1183 2581 1250 2621 eo
1284 2567 1723 2637 coniunctionem
1759 2578 1888 2625 sunt

313 2655 575 2722 habituri,
606 2655 808 2725 quippe
850 2654 944 2724 qui
990 2655 1271 2724 proprium
1308 2665 1364 2711 et
1401 2665 1596 2711 natura
1624 2672 1695 2713 ex
1726 2656 1888 2715 Patre

311 2746 556 2817 genitum
592 2760 700 2801 non
741 2744 981 2800 habeant
1007 2745 1229 2807 Filium.
1259 2746 1353 2817 qui
1390 2755 1445 2803 et
1487 2747 1605 2816 ipse
1635 2748 1689 2801 in
1726 2747 1889 2805 Patre

310 2846 413 2903 est,
440 2846 496 2893 et
541 2837 596 2892 in
637 2852 750 2907 quo
777 2843 862 2892 est
895 2836 1150 2891 similiter
1180 2835 1361 2903 Pater,
1392 2839 1625 2893 ut~idem
1657 2848 1889 2895 testatur

312 2928 489 2985 Filius
514 2928 592 2995 ”;
624 2928 719 2983 sed
748 2926 1015 2991 infelices,
1046 2927 1260 2983 illorum
1292 2929 1652 2985 circumventi
1683 2931 1888 3002 impro-

310 3020 500 3087 bitate,
528 3020 661 3074 nudi
687 3020 846 3090 plane
872 3029 927 3073 et
953 3019 1200 3075 destituti
1230 3019 1514 3075 Divinitate
1544 3032 1883 3091 permanent.

1988 1933 2084 1985 καὶ
2111 1933 2437 1987 ἐκπίπτουσι
2471 1933 2569 2003 τῆς
2595 1932 2892 2005 μελλούσης
2918 1932 3167 1997 ὲλπίδος;
3201 1933 3293 1995 Εἰς
3330 1930 3437 2004 γὰρ
3469 1928 3561 1984 τὸν

1986 2027 2087 2079 οὐκ
2108 2024 2237 2078 ὄντα
2255 2024 2537 2088 δοκοῦντες
2570 2023 2887 2094 λαμϐάνειν,
2925 2024 3075 2078 οὐδὲν
3097 2024 3377 2095 εἰληφότες
3412 2022 3561 2075 ἔσον-

1985 2134 2105 2170 ται’
2142 2115 2398 2187 κτίσματι
2430 2133 2489 2169 τε
2519 2116 2957 2186 συντασσόμενοι,
2990 2114 3245 2187 οὐδεμίαν
3282 2115 3434 2187 παρὰ
3461 2117 3563 2185 τῆς

1988 2208 2217 2271 κτίσεως
2265 2206 2442 2271 ἕξουσι
2489 2206 2757 2277 βοήθειαν.
2801 2208 2911 2261 Καὶ
2948 2210 3027 2271 είς
3065 2207 3316 2278 ἀνόμοιον
3357 2207 3415 2260 δὲ
3464 2208 3561 2261 καὶ

1987 2299 2266 2371 ἀλλότριον
2307 2299 2426 2353 κατ’
2472 2299 2658 2375 οὐσίαν
2688 2297 2780 2351 τοῦ
2826 2300 3035 2371 Πατρδς
3086 2298 3460 2363 πιστεύοντες,
3496 2298 3559 2350 οὗ

1989 2391 2423 2462 συναφθήσονται
2454 2390 2532 2461 τῷ
2549 2392 2745 2462 Πατρὶ,
2767 2391 2842 2462 μὴ
2866 2390 3077 2460 ἔχοντες
3111 2388 3201 2442 τὸν
3233 2388 3360 2441 ἴδιον
3386 2390 3480 2441 καὶ
3502 2387 3564 2452 ἐξ

1987 2481 2153 2536 αὑτοῦ
2183 2482 2341 2551 φύσει
2365 2483 2513 2549 Υίὸν,
2535 2483 2625 2535 τὸν
2650 2483 2779 2536 ὂντα
2806 2486 2862 2536 ἐν
2884 2481 2962 2552 τῷ
2982 2480 3300 2553 Πατρὶ(19),
3319 2483 3376 2533 ὲν
3467 2480 3563 2534 καὶ

1986 2576 2016 2627 ό
2047 2574 2236 2645 Πατήρ
2266 2576 2434 2638 ἐστιν,
2456 2574 2531 2637 ὡς
2564 2574 2722 2638 αὐτὸς
2747 2574 2998 2646 εἴρηκεν*
3031 2571 3166 2627 ἀλλὰ
3199 2572 3564 2642 πλανηθέντες

1987 2664 2139 2735 παρὰ
2167 2663 2394 2728 τούτων,
2419 2664 2612 2736 ἔρημοι
2652 2663 2746 2717 καὶ
2775 2663 2973 2735 γυμνοὶ
3003 2663 3187 2717 λοιπὸν
3224 2661 3559 2732 ἀπομένουσι

1984 2756 2084 2827 τῆς
2119 2755 2371 2828 θεότητος
2415 2757 2464 2809 οἱ
2502 2756 2694 2812 ἄθλιοι.
2729 2756 2865 2810 Οὐδὲ
2895 2755 3002 2828 γὰρ
3044 2754 3399 2824 ἀκολουθήσει
3444 2749 3557 2821 (20)

1986 2846 2196 2910 τούτοις
2241 2846 2674 2921 ἀποθνήσκουσιν
2721 2850 2754 2920 ἡ
2805 2847 2912 2900 τῶν
2959 2847 3053 2899 ἐπὶ
3107 2848 3210 2917 γῆς
3253 2842 3559 2913 φαντασία·

1985 2939 2092 2992 οὐδ’
2115 2939 2243 2992 ὅταν
2271 2940 2472 3003 ίδωσιν,
2504 2938 2562 2991 ὃν
2610 2941 2917 3010 ἠρνήσαντο
2936 2976 2951 3002 ,
3001 2937 3204 3009 Κύριον
3250 2934 3562 3005 καθήμεναι»

1985 3030 2080 3083 ἐπὶ
2110 3030 2201 3085 τὸν
2234 3030 2420 3102 θρόνον
2444 3030 2554 3103 (21)
2584 3030 2677 3085 τοῦ
2720 3030 2932 3102 Πατρὸς
2964 3028 3149 3093 αὐτοῦ,
3189 3029 3282 3081 καὶ
3306 3025 3560 3096 κρίνοντα

308 3110 422 3168 Nec
459 3112 604 3168 enim
649 3111 800 3183 ipsos
831 3112 1127 3167 morientes
1157 3121 1456 3181 sequentur
1483 3111 1698 3169 fallacia
1727 3123 1882 3170 terrae

1991 3120 2196 3185 ζῶντας
2244 3122 2342 3176 καὶ
2392 3122 2651 3193 νεκροὺς,
2699 3121 2985 3191 δυνήσεταί
3041 3137 3126 3184 τις
3171 3122 3251 3183 εἰς
3310 3118 3565 3190 βοήθειαν

309 3206 475 3270 bona,
520 3219 621 3260 nec
671 3219 796 3260 cum
836 3203 1147 3268 Dominum,
1200 3218 1363 3273 quem
1418 3214 1772 3274 negaverunt,
1824 3207 1879 3262 in

1991 3214 2412 3269 επικαλέσασθαί
2434 3216 2546 3286 (22)
2579 3232 2701 3269 τινα
2728 3213 2838 3268 τῶν
2862 3214 2949 3268 ¹οῦν
2980 3214 3395 3286 ἀπατησάντων.
3423 3212 3568 3280 Κρι-

308 3298 510 3351 throno
531 3296 711 3352 Patris
728 3295 892 3368 405
920 3296 1006 3352 sui
1035 3296 1312 3352 sedentem
1336 3296 1590 3362 viderint,
1618 3298 1883 3368 vivosque

306 3401 373 3444 ac
404 3396 655 3445 mortuos
680 3386 1041 3457 iudicantem,
1065 3386 1304 3457 aliquem
1350 3387 1591 3453 illorum,
1619 3403 1651 3442 a
1681 3388 1883 3458 quibus

1983 3305 2243 3375 νομένους
2261 3308 2369 3377 γὰρ
2393 3308 2485 3360 καὶ
2510 3308 2706 3370 αὐτοὺς
2725 3307 2944 3376 ὄψονται
2973 3307 3065 3360 καὶ
3089 3302 3566 3378 μεταμελομένους

1983 3395 2067 3464 ἐφ’
2101 3392 2183 3461 οἷς
2214 3398 2480 3470 ἠδίκησαν
2504 3399 2599 3452 καὶ
2625 3399 2920 3469 ἠσέϐησαν.

307 3482 662 3537 circumventi
696 3488 847 3547 sunt,
874 3479 930 3534 in
974 3479 1061 3535 sui
1093 3478 1359 3534 auxilium
1390 3478 1576 3534 licebit
1603 3479 1684 3535 eis
1714 3481 2003 3541 advocare.
2039 3486 2174 3544 Nam
2204 3490 2326 3546 illos
2373 3506 2592 3561 quoque
2638 3490 2896 3561 judicari,
2927 3502 2982 3545 et
3008 3489 3276 3553 omnium,
3309 3503 3431 3559 quae
3454 3486 3566 3541 ini-

304 3591 414 3647 que
439 3586 495 3631 et
523 3576 690 3646 impie
722 3575 953 3646 egerint,
981 3573 1247 3629 videbunt
1272 3575 1555 3645 pmnitere.

377 3671 467 3726 M.
516 3669 645 3727 Haec
696 3686 895 3740 porro,
942 3671 1048 3726 loci
1095 3669 1517 3728 Proverbiorum
1569 3675 1875 3744 explicandi

306 3763 503 3831 gratia,
531 3762 796 3817 hactenus
837 3760 1227 3832 praemisimus,
1263 3761 1626 3834 absurdisque
1656 3766 1875 3823 illorum

306 3853 618 3937 refellendis
667 3852 992 3908 commentis
1044 3853 1379 3917 institimus;
1433 3864 1493 3911 ut
1531 3868 1875 3927 perspectum

306 3945 587 4009 habentes,
621 3943 821 3999 Filium
869 3943 964 4000 Dei
1015 3945 1125 4001 dici
1177 3954 1424 4001 creatum
1481 3962 1591 4002 non
1645 3950 1874 4018 debere,

305 4046 455 4091 recte
501 4036 680 4105 legere
726 4034 939 4089 discant
989 4035 1142 4089 illum
1195 4035 1615 4092 Proverb‘orum
1670 4039 1874 4105 locum,

303 4128 465 4197 cujus
506 4142 641 4183 sana
685 4126 874 4196 utique
911 4135 996 4181 est
1041 4127 1330 4182 sententia.
1379 4126 1569 4198 Itaque
1612 4131 1875 4200 scriptum

305 4218 527 4290 quidem
574 4227 658 4273 est
689 4236 702 4271 :
734 4215 987 4272 Dominus
1039 4220 1233 4272 creauit
1278 4235 1359 4274 me
1411 4221 1628 4274 initium
1670 4223 1878 4277 viarum

304 4325 526 4365 suarum
558 4310 614 4364 in
650 4326 812 4380 opera
844 4326 945 4364 sua
971 4312 1027 4377 ¹;
1071 4326 1262 4366 verum
1302 4313 1447 4383 quia
1466 4315 1757 4385 proverbia
1785 4315 1877 4370 illa

305 4410 457 4468 sarit,
482 4402 647 4471 idque
667 4401 841 4459 instar
872 4403 1145 4472 proverbii
1171 4414 1257 4459 est
1276 4404 1514 4473 dictum;
1539 4405 1652 4461 hac
1674 4405 1877 4461 idcirco

2051 3678 2139 3733 44.
2194 3678 2377 3732 Ταῦτα
2414 3678 2519 3749 πρὸ
2566 3677 2659 3732 τοῦ
2700 3676 2863 3748 ῥητοῦ
2909 3675 3016 3731 τῶν
3062 3673 3374 3748 Παροιμιῶν
3418 3674 3565 3738 τέως

1982 3767 2318 3840 διελάϐομεν,
2340 3768 2678 3840 ἐνιστάμενοι
2705 3769 2840 3840 πρὸς
2861 3767 2961 3831 τὰς
2984 3768 3209 3837 ἀλόγους
3236 3769 3299 3819 ὲκ
3328 3766 3563 3838 καρδίας

1983 3860 2162 3915 αὐτῶν
2194 3860 2625 3932 μυθοπλαστίας·
2675 3860 2761 3914 ίνα
2809 3859 3046 3928 γνόντες,
3078 3859 3155 3923 ὡς
3195 3859 3294 3930 οὐχ
3326 3856 3562 3930 ἁρμόζει

1983 3950 2161 4020 λέγειν
2190 3953 2392 4022 κτίσμα
2418 3951 2507 4004 τὸν
2540 3951 2667 4005 Υίὸν
2689 3950 2782 4004 τοῦ
2810 3949 2966 4016 Θεοῦ,
2992 3950 3204 4020 μάθωσι
3229 3949 3407 4014 καλῶς
3432 3950 3565 4003 ἀνα-

1983 4043 2267 4114 γινώσκειν
2307 4046 2400 4098 καὶ
2446 4044 2600 4098 αὐτοὶ
2644 4043 2706 4097 τὸ
2747 4045 2804 4097 ἐν
2852 4046 2971 4107 ταῖς
3008 4041 3332 4115 Παροιμίαις
3370 4040 3560 4113 ῥητὸν,

1984 4133 2150 4207 ὀρθὴν
2181 4135 2302 4205 ἔχον
2353 4135 2447 4189 καὶ
2490 4134 2621 4188 αὐτὸ
2667 4133 2765 4204 τὴν
2811 4134 3065 4189 διάνοιαν.
3113 4132 3422 4203 Γέγραπται
3456 4131 3563 4202 μὲν

1986 4227 2125 4297 γάρ’
2162 4227 2375 4294 Κύριος
2420 4224 2620 4280 ἕκτισέ
2660 4241 2739 4295 με
2779 4214 2980 4295 ’ἀρχὴν
3027 4222 3181 4279 ὁδῶν
3233 4221 3417 4277 αὑτοῦ
3469 4225 3564 4290 εις

1983 4320 2129 4390 ἔργα
2156 4319 2341 4374 αὐτοῦ
2360 4336 2374 4350 ·
2409 4318 2522 4373 ἀλλ’
2556 4316 2740 4387 ἐπειδὴ
2771 4316 3061 4387 παροιμίαι
3090 4314 3214 4379 είσὶ,
3240 4313 3333 4367 καὶ
3366 4332 3566 4386 παροι-

1987 4411 2200 4483 μιωδῶς
2233 4408 2448 4481 ἐλέχθη,
2492 4410 2551 4462 οὐ
2594 4408 2673 4460 δεῖ
2717 4407 2816 4478 τὴν
2859 4406 3145 4477 πρόχειρον
3194 4404 3338 4470 λέξιν
3371 4404 3563 4469 ἁπλῶς

303 4494 468 4548 verba
520 4509 651 4561 non,
693 4502 756 4547 ut
802 4492 947 4549 nude
986 4493 1193 4564 iacent,
1226 4504 1354 4551 sunt
1397 4497 1739 4567 explicanda,
1782 4497 1877 4552 sed

1991 4501 2151 4565 δῦτως
2187 4500 2567 4571 ἐκλαμϐάνειν,
2597 4496 2733 4551 ἀλλὰ
2776 4497 2837 4549 τὸ
2883 4496 3174 4567 πρόσωπον
3203 4495 3313 4565 (25)
3348 4495 3559 4564 ζητεῖν,

305 4584 693 4640 attendendum
729 4592 814 4641 est
847 4583 915 4640 ad
948 4601 1259 4656 personam,
1295 4588 1478 4657 itaque
1510 4598 1875 4661 congruenter

1991 4591 2065 4643 ιαὶ
2093 4589 2235 4644 οὕτω
2276 4590 2390 4660 μετ’
2431 4587 2711 4649 εὐσεϐείας
2738 4586 2829 4640 τὸν
2858 4584 2982 4638 νοῦν
3016 4576 3351 4655 ’ἐφαρμόζειν
3379 4582 3554 4654 αὐτῷ.

373 4741 417 4773 ⁵⁸
454 4738 614 4796 Joan.
643 4756 755 4806 xxv,
784 4741 873 4795 10.
972 4743 987 4773 ί
1019 4739 1181 4797 Prov.
1214 4756 1333 4804 vm,
1360 4741 1452 4799 22.

374 4895 486 4967 (14)
522 4892 705 4968 Felck.
733 4896 790 4968 ᾖ,
824 4896 931 4950 ἀπὸ
978 4898 1084 4968 τῶν
1129 4896 1360 4968 Γραφῶν
1411 4893 1875 4968 μαρτυροῦσαλέτ

300 4962 490 5033 γοντες
513 4965 684 5046 αιξτὴν
705 4962 845 5020 εἶναι
898 4967 1122 5038 κτίσμα,
1172 4962 1269 5021 καὶ.
1331 4962 1733 5037 βλασιρημόῦσι,
1783 4964 1876 5018 καὶ

309 5051 612 5106 πανταχοῦ,
642 5047 747 5092 etc.

374 5103 664 5176 (15)"Reg.
695 5114 748 5176 et
768 5105 949 5163 FeIcIt.
985 5106 1040 5170 5,
1066 5107 1143 5172 ὡς
1174 5105 1346 5176 ὄφεις.
1382 5105 1548 5161 Iidem
1594 5114 1648 5160 et
1690 5103 1871 5160 Felck.

302 5175 359 5236 4,
387 5174 579 5227 τοῦτου
608 5174 1019 5236 προϐάλλονται.

376 5244 490 5317 (16)
527 5239 706 5300 Felck.
740 5246 808 5317 2
833 5258 887 5300 et
911 5239 1100 5317 “Editio
1127 5245 1391 5317 Cummel.
1419 5243 1581 5308 εὐθὺς
1620 5243 1869 5317 ἔρεισμα.

303 5313 493 5388 (λειεξί
526 5330 659 5388 mss.
700 5314 861 5379 εὐθὺς
883 5315 1087 5388 έῦστιςερ
1114 5316 1365 5388 ἔρεισμα.

404 5384 488 5454 17)
531 5382 755 5454 Seguer.
793 5395 849 5439 et
882 5382 1068 5441 Felck:
1097 5382 1156 5451 1,
1180 5382 1453 5440 κατανοεῖ.

401 5453 490 5525 18)
531 5453 757 5525 Seguer.
797 5454 1015 5510 Gobler.
1047 5456 1227 5511 Felck.
1267 5459 1288 5505 1
1327 5464 1383 5511 et
1410 5454 1465 5525 :1,
1492 5454 1589 5525 6nd;
1618 5454 1717 5518 τὰς
1751 5454 1874 5525 ἡδο·

303 5525 420 5597 νᾴς.
453 5523 703 5597 Editi'et
738 5526 852 5591 alii,
894 5525 984 5580 διὰ
1012 5528 1122 5597 τῆς
1151 5526 1360 5597 ᾐδονῆς.
1408 5523 1781 5597 Modinglic.‘
1808 5526 1873 5579 0i

303 5595 412 5665 γὰρ
439 5593 530 5648 τὸν
554 5594 654 5648 οὐκ
679 5595 907 5666 ὄνταμιι
930 5606 982 5649 et
1011 5593 1138 5666 legit
1157 5593 1422 5666 Nannius.
1454 5594 1561 5648 Alii
1586 5610 1711 5666 vero
1736 5609 1869 5650 mss.

303 5664 496 5737 omnes
528 5674 584 5737 et
618 5664 1080 5737 editio_CommelI
1108 5668 1201 5730 Εἰς
1222 5666 1339 5737 γὰρ,
1353 5665 1445 5719 τὸν
1467 5664 1742 5737 οὺκγὸντα.
1763 5675 1867 5720 etc.

379 5682 496 5718 mes
528 5682 584 5719 et
618 5682 784 5720 como
812 5682 1075 5720 nominet.
1108 5682 1201 5730 ιιις
1262 5682 1330 5737 αρ
1353 5682 1445 5719 τον
1467 5682 1568 5718 ουκ
1595 5682 1742 5727 οντα.
1763 5682 1867 5720 etc.

375 5733 488 5813 (1?)
529 5733 753 5813 segner.
790 5734 1171 5813 Reg._i}pbler.
1202 5682 1258 5791 1ιῖ
1247 5736 1445 5813 elck._1
1479 5746 1532 5790 et
1556 5735 1616 5813 5,
1638 5736 1765 5813 ὄντα
1812 5737 1871 5813 ἐιν

301 5804 381 5874 τῷ
409 5803 739 5875 ΠατρίζΑιίί
791 5815 845 5861 et
878 5803 1053 5862 editio
1080 5806 1345 5863 Commel.
1377 5806 1504 5860 ὄντα
1549 5803 1625 5876 τῷ
1669 5805 1864 5876 Πατρί.

1982 4893 2107 4948 Mox
2135 4892 2359 4962 chuer.
2396 4891 2525 4963 Reg.
2565 4892 3047 4963 Gobler.Felck.1
3082 4905 3137 4950 et
3164 4897 3218 4958 5,
3256 4895 3407 4963 παρὰ
3430 4897 3548 4952 τού.

1981 4982 2107 5018 των.
2142 4964 2280 5017 Editi
2332 4972 2387 5019 et
2429 4962 2541 5020 alii.
2570 4963 2677 5017 ἀπὸ
2712 4962 2936 5017 τούτων.
2979 4962 3182 5020 Ibidem
3234 4962 3402 5020 Basil.
3440 4965 3553 5022 λοι-

1983 5034 2080 5087 πὸν
2116 5034 2450 5088 ἀπομένωσι.

2054 5052 2080 5085 ν
2116 5052 2222 5087 απο
2269 5052 2450 5088 ενωσι.

2052 5104 2163 5177 (21))
2196 5052 2430 5177 ἔξιμεν.
2476 5103 2595 5155 οὐδὲ
2639 5104 2748 5175 γὰρ
2791 5104 2912 5159 οὐδὲ
2944 5106 3317 5177 ἀκολουθήσει.
3343 5106 3552 5162 Ibidem

1977 5172 2161 5229 Felck.
2192 5175 2246 5230 5.
2281 5172 2522 5237 τούτους.

2050 5243 2336 5317 (2ILReg.
2384 5253 2441 5317 et
2485 5243 2662 5317 Feich
2695 5244 2868 5317 Enen}
2910 5245 3004 5298 τοῦ
3055 5246 3265 5317 θρόνου.
3319 5243 3549 5317 Seguer.

1977 5313 2355 5402 ibid.}larpb¢
2378 5313 2593 5369 ἑαυτοῦ.
2622 5313 2802 5371 Felck.
2834 5316 2889 5381 4,
2922 5313 3137 5380 αὐτούς.
3170 5316 3275 5370 Alii
3317 5327 3371 5371 et
3391 5313 3548 5381 editi,

1978 5400 2164 5436 αυτου.

2053 5454 2164 5524 (22)
2198 5454 2421 5524 Seguer.
2460 5463 2514 5507 et
2559 5454 2701 5509 FeIc.
2750 5454 2805 5516 4,
2848 5454 3297 5509 ἐπικαλέσασθαι.
3343 5453 3547 5510 Ibidem

1980 5523 2204 5596 ‘Seguer.
2253 5535 2326 5596 et;
2343 5523 2578 5596 Regius,
2602 5524 2711 5596 τῶν
2761 5525 2855 5579 νῦν
2903 5527 3321 5596 ἀπατησᾲντων.
3364 5524 3544 5596 νΒιιεὶΙ.

1973 5592 2257 5665 Anglican.
2290 5592 2507 5665 Gobler.
2538 5593 2684 5649 Felc.
2728 5596 2750 5647 1
2792 5603 2847 5649 et
2888 5592 3090 5665 5,716»
3124 5594 3544 5665 ἀπατησάντων.

1976 5663 2137 5750 ξαξιξ,
2166 5663 2713 5750 ἐπέκαλεῖρθαίιτιναθ
2739 5664 3093 5750 κρινομένους
3111 5664 3241 5750 γάρ,
3277 5663 3382 5750 etc.
3409 5664 3547 5718 Ibid.

1974 5733 2367 5807 Golller._Fel_c.
2410 5735 2429 5787 1
2458 5743 2511 5787 et
2522 5733 2605 5807 _4,
2630 5732 2981 5807 κρινομένους
3005 5732 3358 5807 γαραῦτούς.

2047 5803 2157 5872 (25)
2189 5802 2408 5859 Gobler.
2441 5813 2495 5857 et
2522 5802 2680 5859 Fele.’
2702 5805 2754 5872 1,
2788 5802 2922 5858 ἀλλὰ
2952 5802 3260 5877 πρίσωπον.
