3840 6220
378 241 478 295 231

1078 235 1450 291 ATIIANASII
1489 233 1643 290 OPP.
1678 229 1858 286 PARS
1898 230 1940 287 i.
1978 261 2047 271 ——
2085 228 2467 286 HISTORICA
2499 231 2587 285 ET
2630 230 3049 288 DOGMATICA.

3518 230 3627 288 Ξ.ῑῆ

381 352 552 423 Igitur
583 350 650 416 si,
682 362 741 406 ut
766 350 902 413 dixi,
935 348 1170 404 Verbum
1205 357 1447 403 creatum
1473 356 1641 411 esset,
1669 360 1780 400 non
1805 359 1952 414 prius

2058 339 2264 412 κτίσμα
2310 338 2377 413 ἦν
2408 344 2436 397 6
2471 344 2643 413 Λόγος
2668 388 2683 411 ,
2736 344 2840 397 ἔδει
2878 344 2952 416 μὴ
2983 342 3197 416 πρῶτον
3247 343 3445 409 αὐτῶν,
3491 345 3629 399 ἀλλὰ

379 442 476 497 sed
506 458 613 497 una
644 458 766 497 cum
797 441 918 496 aliis
947 439 1241 494 virtutibus
1273 437 1475 493 factum
1526 435 1741 499 fuisset,
1777 450 1954 505 quan-

381 535 583 587 tumvis
631 534 822 586 iisdem
880 532 1054 602 gloria
1106 530 1413 584 antecellat.
1466 529 1539 583 lta
1589 527 1735 582 enim
1767 542 1827 582 se
1870 542 1956 581 res

381 624 544 679 liabet
572 626 624 678 in
655 623 884 687 caeteris,
921 638 1043 691 qua:
1072 638 1267 693 nempe
1302 620 1470 676 simul
1507 620 1665 675 facta:
1692 618 1917 674 fuerunt
1938 656 1953 681 ,

381 714 637 781 nullaque
674 713 813 765 inter
860 712 982 766 illas
1028 711 1205 780 prima
1261 719 1347 765 est
1396 710 1480 764 vel
1523 709 1785 775 secunda,
1826 707 1955 762 licet

380 803 550 873 gloria
586 804 731 856 inter
759 818 817 856 se
849 801 1125 862 dill’erant,
1170 803 1245 855 ita
1274 810 1335 855 ut
1366 801 1485 855 alia;
1513 796 1794 871 quidem'a
1820 800 1957 855 dex-

378 895 509 959 tris,
562 894 682 948 aliae
748 896 987 957 circum,
1043 894 1165 948 aliae
1213 911 1245 948 a
1292 893 1564 959 sinistris,
1623 894 1719 950 sed
1771 902 1953 947 tamen

377 1002 569 1040 omnes
596 988 760 1041 simul
789 987 960 1042 Deum
993 988 1236 1054 laudent,
1263 997 1316 1042 et
1349 986 1584 1042 Domino
1621 987 1952 1043 ministrent.

374 1079 646 1145 Quocirca
672 1080 718 1134 si
752 1078 989 1134 Verbum
1030 1089 1274 1135 creatum
1310 1088 1412 1146 est,
1441 1095 1542 1136 nec
1572 1081 1812 1150 primum
1853 1095 1956 1135 nec

380 1172 710 1242 principium
753 1173 989 1239 aliorum
1026 1188 1146 1228 esse
1188 1180 1389 1242 potest.
1436 1172 1494 1227 Si
1526 1188 1659 1228 vero
1709 1182 1834 1228 ante
1866 1188 1955 1228 res

374 1277 570 1318 omnes
598 1271 702 1325 est,
736 1264 815 1317 uti
843 1277 1032 1319 revera
1061 1273 1168 1327 est,
1196 1265 1487 1335 ipsumque
1518 1265 1690 1320 solum
1715 1265 1953 1335 primum

375 1363 460 1408 est
492 1362 545 1406 et
577 1352 749 1408 Filius
794 1364 918 1408 est:
971 1371 1079 1409 non
1135 1355 1303 1424 igitur
1352 1356 1652 1411 secundum
1702 1366 1951 1411 naturam

373 1445 620 1499 omnium
669 1454 755 1500 est
801 1447 1154 1517 principium.
1204 1447 1341 1503 Nam
1392 1449 1535 1504 inter
1566 1448 1750 1503 omnia
1785 1450 1951 1505 etiam

373 1536 620 1589 omnium
679 1537 1009 1606 principium
1069 1548 1409 1594 numeratur.
1462 1539 1618 1606 Quod
1656 1540 1701 1595 si
1748 1541 1954 1610 princi-

375 1625 524 1694 pium
570 1641 678 1680 non
733 1636 854 1694 est;
906 1644 1006 1683 nec
1039 1630 1203 1684 etiam
1250 1644 1494 1686 creatum
1524 1640 1628 1695 est,
1678 1633 1770 1687 sed
1806 1641 1952 1702 patet

374 1715 553 1784 ipsum
590 1717 899 1771 substantia
929 1728 983 1772 et
1013 1727 1208 1774 natura
1237 1734 1267 1774 a
1306 1721 1471 1775 rebus
1500 1720 1718 1790 quidem
1752 1721 1951 1774 creatis

376 1804 615 1870 dili‘erre,
654 1807 912 1878 aliudque
939 1809 1008 1863 ab
1031 1810 1139 1865 illis
1165 1826 1308 1875 esse,
1342 1811 1514 1866 solius
1544 1820 1723 1865 autem
1756 1820 1811 1865 et
1837 1811 1953 1865 veri

377 1894 472 1950 Dei
498 1897 911 1953 similitudinem
937 1915 1061 1955 esse
1095 1911 1150 1954 et
1179 1902 1493 1972 imaginem,
1518 1903 1693 1956 solum
1721 1902 1955 1972 denique

375 1994 430 2039 et
478 1988 657 2055 ipsum
707 1988 992 2043 exsistere.
1030 1987 1170 2043 Hinc
1210 1990 1392 2058 ipsum
1425 1990 1569 2044 inter-
1606 2004 1695 2045 res
1741 1998 1952 2044 creatas

375 2094 485 2132 non
538 2080 809 2135 collocant
840 2080 1155 2152 Scripturze.
1210 2082 1320 2137 lmo
1371 2081 1540 2138 David
1569 2098 1665 2138 eos
1692 2121 1708 2147 ,
1762 2083 1856 2153 qui
1899 2083 1954 2138 id

373 2173 459 2226 vel
489 2188 647 2241 agere
683 2175 948 2244 cogitant,
985 2176 1069 2231 bis
1095 2176 1276 2231 verbis
1306 2177 1485 2247 arguit
1525 2195 1537 2230 :
1578 2176 1710 2241 Quis
1759 2176 1952 2231 similis

375 2265 455 2317 tui
477 2265 530 2317 in
559 2265 688 2329 diis,
726 2265 949 2322 Domine
978 2268 1022 2299 ³⁰
1043 2268 1067 2321 ?
1091 2276 1178 2322 et:
1215 2267 1346 2333 Quis
1375 2268 1569 2322 similis
1593 2269 1693 2322 erit
1726 2267 1954 2321 Domino

374 2356 435 2408 in
462 2355 593 2424 ﬁliis
627 2355 725 2409 Dei
759 2357 850 2411 “1'
889 2356 955 2411 Et
1007 2357 1257 2413 Barucb;
1299 2358 1405 2413 Hic
1448 2369 1526 2413 est
1574 2359 1715 2413 Deus
1755 2368 1953 2425 noster,

376 2464 483 2501 non
535 2451 895 2503 wstimabitur
926 2450 1068 2504 alius
1107 2451 1361 2506 adversus
1415 2468 1535 2506 eum
1561 2452 1625 2504 ³³.
1661 2451 1954 2506 Enimvero

374 2538 469 2593 bic
506 2548 678 2603 creat,
715 2542 805 2595 illa
839 2553 1019 2597 autem
1061 2551 1341 2598 creantur.
1391 2541 1680 2613 Proprium
1738 2544 1827 2598 ille
1870 2554 1956 2598 est

376 2641 587 2686 naturae
611 2632 786 2689 Patris
816 2632 1052 2688 Verbum
1077 2643 1131 2690 et
1157 2634 1470 2705 Sapientia:
1503 2651 1591 2691 res
1614 2651 1741 2691 vero
1773 2634 1950 2699 facta},

2060 432 2197 501 μετὰ
2232 431 2339 486 τῶν
2385 433 2558 489 ἄλλων
2591 434 2702 505 (8i)
2745 434 3023 504 δυνάμεων
3066 435 3182 504 ἅμα
3219 433 3482 502 γίνεσθαι,
3523 435 3629 489 κᾶν

2056 523 2121 592 τῇ
2157 521 2285 593 δόξῃ
2314 522 2473 575 πλέον
2516 524 2622 576 τῶν
2657 522 2830 575 ἄλλων
2876 521 3119 594 ὑπερέχῃ
3142 538 3155 547 ⁸
3192 521 3333 575 οὑτω
3376 516 3499 594 γὰρ¹
3535 524 3630 578 καὶ

2056 614 2149 666 ἐπὶ
2186 614 2294 667 τῶν
2318 614 2492 668 ἄλλων
2524 615 2702 685 εὑρεῖν
2738 614 2904 679 ἔστιν,
2953 616 3036 667 ὅτι
3069 616 3184 685 ἆμα
3218 615 3315 685 μὲν
3346 616 3628 684 γεγόνασι,

2056 710 2151 763 καὶ
2178 711 2276 763 οὑκ
2306 709 2421 763 ἔστι
2453 710 2666 781 πρῶτος
2711 710 2748 781 ἣ
2790 708 3061 782 δεύτερος,
3108 710 3421 781 διαφέρουσι
3450 710 3508 763 δὲ
3536 711 3632 765 d1.-

2056 801 2233 871 λήλων
2261 803 2318 854 ὲν
2344 800 2492 875 δόξῃ,
2515 801 2609 854 xui.
2640 800 2812 871 οίμὲν
2847 802 2910 854 ὲκ
2929 800 3135 867 δεξιῶν,
3154 803 3201 854 ei
3234 800 3290 855 δὲ
3314 801 3519 872 κύκλῳ,
3536 803 3635 856 καὶ

2056 893 2203 947 ἄλλοι
2222 892 2281 958 ἐξ
2300 893 2618 964 ἀριστερῶν,
2636 893 2728 946 καὶ
2744 893 2939 956 πάντες
2956 892 3361 964 ὑμνοῦσιννᾶμα,
3385 895 3478 948 xui.
3497 910 3631 964 παρ·

2056 986 2317 1055 εστήκασι
2356 983 2789 1055 λειτουργοῦντες
2821 983 2898 1053 τῷ
2912 984 3119 1056 Κυρίῳ.
3134 984 3340 1038 Οὐκοῦν
3356 987 3404 1037 εί
3422 985 3631 1054 κτίσμα

2055 1078 2200 1130 ὲστϊν
2225 1080 2253 1131 6
2268 1077 2455 1144 Λόγος,
2474 1077 2534 1130 οὑ
2559 1076 2773 1147 πρῶτος
2792 1076 2857 1130 ἂν
2878 1077 2985 1146 εἴη,
3008 1075 3128 1129 οὐδὲ
3147 1075 3289 1146 ἀρχὴ
3304 1075 3409 1129 τῶν
3429 1076 3627 1130 ἄλλωνο

2056 1171 2105 1221 εί
2133 1169 2188 1223 δὲ
2221 1169 2326 1240 πρὸ
2349 1169 2564 1221 πάντων
2581 1169 2745 1233 ἐστὶν,
2766 1168 2954 1240 ῶσπερ
2975 1164 3065 1223 οὖν
3086 1169 3178 1222 καὶ
3200 1168 3337 1234 ἔστι,
3351 1168 3446 1222 καὶ
3465 1169 3652 1240 μόνος·

2056 1262 2215 1325 αὐτὸς
2243 1261 2456 1332 πρῶτος
2489 1262 2582 1314 xui.
2613 1262 2738 1326 Υίὸς
2761 1264 2930 1323 ἐστιν,
2952 1261 3057 1314 οὑκ
3075 1261 3181 1331 ἄρα
3209 1259 3330 1312 οὑδὲ
3352 1259 3491 1332 ἀρχὴ
3512 1258 3627 1313 τῶν

2056 1352 2270 1406 πάντων
2304 1351 2411 1422 (82)
2446 1353 2511 1421 τῇ
2547 1353 2709 1424 οὐσία
2734 1353 2879 1405 ἐστίν
2902 1370 2914 1381 ·
2939 1353 2995 1404 ἐν
3027 1350 3139 1421 γὰρ,
3166 1352 3277 1413 τοῖς
3302 1352 3436 1403 πᾶσι
3466 1351 3558 1404 καὶ
3586 1353 3641 1421 ἡ,

2055 1443 2197 1516 ἀρχὴ
2228 1444 2337 1497 τῶν
2386 1445 2602 1498 πάντων
2661 1443 3091 1514 συναριθμεῖται.
3150 1443 3212 1495 Ei
3254 1441 3311 1495 δὲ
3356 1442 3430 1513 μὴ
3477 1443 3628 1514 ἀρχή

2055 1539 2222 1604 ἐστιν,
2252 1538 2371 1591 οὑδὲ
2405 1539 2611 1610 κτίσμα
2643 1539 2808 1602 ἐστὶν,
2832 1537 2945 1590 ἀλλ’
2979 1534 3198 1606 εὔδηλον
3232 1533 3297 1588 ἂν
3326 1534 3433 1606 εἴη,
3461 1534 3535 1597 ὼς
3556 1537 3647 1606 τὴ

2056 1630 2213 1702 οὐσίᾳ
2238 1630 2332 1684 xui.
2361 1634 2425 1702 τῇ
2458 1629 2616 1700 φύσει
2639 1630 2747 1682 τῶν
2779 1630 2876 1700 μὲν
2902 1629 3215 1699 κτισμάτων
3235 1627 3505 1697 διέστηκε,
3533 1628 3639 1681 καὶ

2058 1721 2215 1785 ἄλλος
2248 1722 2393 1775 ἐστίν
2423 1721 2603 1775 αὐτῶν
2626 1738 2639 1751 ο
2670 1720 2765 1774 τοῦ
2808 1719 2864 1773 δὲ
2895 1719 3055 1791 μόνου
3085 1720 3181 1773 xui.
3204 1717 3457 1790 ἀληθινοῦ
3489 1718 3640 1772 Θεοῦ

2055 1813 2314 1884 ὁμοίωσις
2338 1814 2430 1867 καὶ
2454 1812 2616 1866 εἰκών
2636 1814 2772 1877 ἐστι,
2812 1813 2969 1884 μόνος
3019 1812 3113 1865 καὶ
3159 1810 3320 1874 αὐτὸς
3345 1810 3645 1881 ὑπάρχων-

2055 1904 2155 1958 Διὰ
2191 1904 2347 1958 τοῦτο
2380 1904 2511 1974 γοῦν
2545 1904 2665 1958 οὑδὲ
2710 1906 2823 1967 τοῖς
2862 1905 3156 1975 κτίσμασιν
3200 1902 3361 1956 αὑτὸν
3412 1902 3638 1956 συντάτ-

2054 2015 2237 2051 τουσιν
2270 2000 2325 2053 αἱ
2354 1997 2565 2070 Γραφαί
2589 2015 2603 2029 ο
2635 1997 2751 2051 ἀλλ’
2793 1998 2822 2050 6
2867 1997 2973 2069 μὲν
3008 1994 3174 2049 Δαυῒδ
3213 1993 3345 2066 (83).
3370 1993 3641 2066 ὲπιπλήττ

2053 2108 2137 2145 τει
2168 2095 2282 2155 τοῖς
2321 2090 2561 2143 τοιοῦτον
2609 2089 2770 2142 αὑτὸν
2815 2088 2919 2142 κᾶν
2963 2085 3309 2157 ἐνθυμεῖσθαι
3354 2083 3632 2156 τολμῶσι,

2055 2180 2254 2250 λέγων·
2284 2182 2378 2246 Τίς
2404 2179 2604 2250 ὅμοιός
2643 2195 2743 2233 σοι
2796 2180 2865 2231 ἐν
2909 2177 3084 2244 θεοῖς,
3115 2178 3327 2246 Κύριε;
3362 2175 3455 2229 καί
3483 2189 3496 2202 ·
3532 2177 3646 2242 Τίς

2057 2271 2482 2342 ὁμοιωθήσεται
2508 2271 2587 2337 τῷ
2617 2272 2811 2338 Κυρίῳ
2838 2270 2908 2323 ἐν
2938 2269 3089 2335 υἱοῖς
3113 2266 3261 2322 Θεοῦ
3288 2283 3308 2331 ;
3351 2268 3407 2321 '0
3435 2267 3492 2320 δὲ
3521 2267 3639 2319 Βα-

2058 2364 2190 2436 ροὺχ
2210 2381 2223 2394 ·
2261 2360 2451 2429 Οὗτος
2482 2366 2516 2417 ὁ
2545 2363 2687 2429 Θεὸς
2716 2361 2903 2432 ἡμῶν,
2936 2363 3008 2416 οὐ
3039 2360 3463 2431 λογισθήσεται
3501 2359 3627 2413 ἓτε-

2049 2475 2161 2527 ρος
2190 2458 2340 2526 πρὸς
2365 2457 2570 2510 αὐτόν.
2615 2456 2673 2507 '0
2699 2455 2797 2526 μὲν
2822 2454 2930 2526 γὰρ
2962 2452 3156 2518 κτίζει,
3190 2452 3258 2506 τὰ
3284 2452 3340 2506 δὲ
3365 2450 3637 2516 κτίζεταιῑ

2056 2549 2149 2602 καί
2172 2550 2200 2601 6
2236 2549 2333 2618 μὲν
2362 2548 2461 2618 τῆς
2487 2545 2580 2600 τοῦ
2607 2545 2819 2616 [ἰατρὸς
2838 2545 3024 2606 οὐσίας
3052 2543 3179 2606 ἴδιός
3210 2545 3325 2597 ἐστι
3349 2541 3520 2610 Λόγος
3535 2540 3655 2594 καὶ,

2057 2639 2226 2709 Σοφία
2254 2656 2267 2669 ·
2301 2638 2370 2692 τὰ
2406 2638 2463 2691 δὲ
2498 2637 2787 2706 γενόμενα,
2822 2636 2922 2689 οὑκ
2948 2635 3075 2688 ὅντα
3103 2635 3368 2707 πρότερον
3396 2633 3527 2704 (84),
3558 2632 3634 2686 δι’

374 2736 502 2776 cum
544 2734 700 2777 antea
728 2738 837 2782 non
883 2735 1089 2793 essent,
1124 2741 1222 2796 per
1252 2726 1430 2796 ipsum
1462 2725 1702 2781 Verbum
1733 2725 1952 2782 fuerunt

2058 2730 2222 2786 αὑτοῦ
2252 2731 2343 2784 τοῦ
2369 2730 2543 2799 Λόγου
2578 2729 2889 2800 πεποίηται.

375 2812 676 2883 produetze.

448 2903 538 2956 50.
573 2903 701 2958 Haec
732 2905 898 2974 igitur
919 2920 1040 2974 quae
1073 2914 1181 2959 tam
1213 2906 1410 2961 crebro
1450 2907 1717 2977 jactitatis
1764 2907 1952 2975 verba,

2129 2911 2216 2965 50.
2262 2911 2335 2964 Τὸ
2368 2911 2475 2982 ἄρα
2515 2908 2947 2982 πολυθρύλλητον
2980 2909 3107 2980 παρ’
3130 2906 3282 2978 ὑμῶν
3316 2903 3633 2977 εἰρημένω,

375 2992 548 3049 Filius
581 3010 669 3067 res
702 3005 786 3050 est
835 3005 1038 3061 creata,
1086 3012 1215 3051 vera
1248 2998 1398 3053 nullo
1440 2998 1604 3054 modo
1637 3006 1806 3064 sunt,
1854 2999 1947 3054 sed

2058 3006 2273 3074 Κτίσμα
2305 3002 2501 3056 ὲστὶνό
2536 3002 2682 3066 Υἱὸς,
2722 3002 2822 3055 οὑκ
2869 3000 3014 3053 ἔστιν
3055 2998 3274 3070 ἀληθὲς,
3321 2990 3435 3053 ἀλλ’
3470 2998 3634 3069 ὑμῶν

376 3101 589 3141 merum
642 3095 837 3141 vestrae
889 3087 1088 3143 mentis
1148 3098 1519 3144 commentum
1574 3098 1692 3158 εει,
1745 3106 1951 3161 vosque

373 3177 635 3234 Salomon
672 3180 787 3247 ipse
815 3181 1062 3250 increpat
1093 3180 1238 3251 quod
1266 3196 1409 3250 saepe
1444 3183 1593 3238 illius
1628 3183 1952 3239 auctoritate

372 3270 511 3325 false
538 3271 692 3325 abusi
727 3269 962 3326 fueritis.
991 3271 1176 3343 Neque
1207 3273 1353 3329 enim
1384 3274 1571 3330 docuit
1600 3274 1800 3330 Filium
1833 3293 1946 3332 rem

369 3369 611 3416 creatam
648 3377 790 3426 esse,
832 3364 927 3417 sed
972 3361 1141 3417 fetum
1177 3371 1231 3419 et
1264 3365 1587 3434 sapientiam
1638 3366 1755 3435 Dei,
1791 3376 1852 3422 ut
1883 3384 1951 3423 ex

374 3454 463 3508 liis
484 3454 603 3523 ejus
633 3454 815 3509 verbis
845 3453 1057 3510 clarum
1092 3465 1215 3510 est:
1251 3455 1393 3511 Deus
1434 3460 1701 3528 sapientia
1751 3459 1952 3529 funda-

371 3547 445 3599 vit
485 3555 682 3598 terram
706 3544 786 3610 ³³;
816 3554 869 3600 et
896 3564 909 3597 :
948 3544 1226 3615 Sapientia
1256 3549 1539 3618 aediﬁcavit
1569 3551 1672 3606 sibi
1705 3554 1807 3621 ipsi
1855 3552 1953 3607 do-

374 3654 522 3690 mum
550 3637 617 3691 “.
651 3635 794 3703 Quin
837 3638 1001 3692 etiam
1048 3639 1224 3707 locus,
1257 3657 1418 3711 quem
1451 3642 1541 3698 hic
1570 3646 1949 3714 expendimus,

376 3735 613 3781 vestram
649 3728 807 3797 plane
835 3727 1084 3783 confutat
1127 3730 1483 3800 impietatem.
1515 3731 1652 3788 Nam
1688 3738 1951 3807 scriptum

374 3827 496 3873 est:
540 3819 796 3873 Dominus
826 3821 1019 3875 creavit
1052 3838 1132 3876 me
1173 3823 1389 3877 initium
1414 3826 1620 3879 viarum
1646 3844 1865 3882 suarum
1896 3831 1951 3883 in

375 3927 533 3979 opera
558 3928 655 3964 sua
684 3911 750 3965 ³⁸.
788 3912 958 3981 Igitur
982 3913 1028 3967 si
1066 3914 1181 3984 ipse
1202 3924 1286 3971 est
1308 3925 1433 3971 ante
1460 3919 1667 3985 omnia,
1689 3920 1822 3975 dicit
1855 3938 1953 3976 au-

373 4011 505 4066 tem,
532 4003 729 4055 creavit
758 4017 859 4065 me,
896 4018 1005 4058 non
1030 4014 1088 4058 ut
1113 4019 1277 4074 opera
1309 4004 1529 4074 faciam,
1555 4009 1651 4063 sed
1673 4011 1728 4063 in
1754 4028 1912 4080 opera
1931 4028 1950 4066 :

374 4094 458 4146 vel
492 4093 568 4157 id,
599 4094 744 4163 quod
794 4095 900 4149 ista
947 4111 1100 4162 voce,
1152 4100 1372 4165 creavit,
1424 4100 1785 4171 signiﬁcatur,
1832 4105 1951 4174 ipso

374 4192 462 4238 est
494 4184 788 4252 posterius,
824 4184 909 4239 vel
935 4185 1051 4255 ipse
1077 4188 1334 4257 operibus
1361 4192 1632 4260 posterior
1659 4194 1955 4262 videbitur,

2060 3094 2326 3165 φαντασία
2356 3092 2513 3164 μόνη,
2538 3094 2632 3145 καὶ
2670 3090 3060 3163 κατηγορεῖσθε
3095 3088 3243 3161 παρὰ
3264 3088 3358 3144 τοῦ
3390 3089 3499 3160 (85)
3533 3091 3636 3144 Σο-

2058 3186 2317 3257 λομῶνος,
2354 3185 2436 3237 ὃτι
2465 3182 2723 3245 πολλάκις
2752 3179 2918 3235 αὑτοῦ
2958 3180 3383 3251 κατεψεύσασθε.
3414 3182 3488 3234 Οὑ
3518 3180 3639 3252 γὰρ

2059 3280 2279 3349 εἴρηκεν
2335 3274 2495 3328 αὑτὸν
2542 3273 2783 3345 κτίσμα,
2810 3272 2969 3327 ’ἀλλὰ
3014 3273 3258 3343 γέννημα
3295 3271 3392 3326 xui
3435 3271 3649 3342 σοφίαν.

2059 3368 2216 3435 Θεοῦ,
2271 3368 2466 3436 λέγων’
2529 3365 2592 3419 '0
2629 3365 2775 3431 Θεὸς
2810 3363 2883 3432 τῇ
2908 3364 3094 3433 σοφίᾳ
3124 3362 3482 3431 ἐθεμελίωσε
3514 3361 3638 3430 τὴν

2057 3461 2193 3532 γῆν·
2226 3461 2339 3514 καί·
2368 3461 2428 3514 Ἠ
2449 3459 2637 3528 Σοφία
2664 3458 3050 3526 ᾠκοδόμησεν
3086 3453 3270 3524 ἐαύτῇ
3298 3455 3483 3509 οἷκον.
3518 3454 3654 3506 Καὶ

2057 3551 2188 3606 αὑτὸ
2209 3552 2266 3604 δὲ
2294 3551 2354 3603 τὸ
2385 3550 2548 3622 ῥητὸν
2578 3547 2688 3619 (86)
2724 3547 3105 3617 ἐξεταζόμενον
3134 3544 3349 3616 ἐλέγχει
3379 3543 3477 3615 τὴν
3508 3543 3640 3596 δυσ-

2061 3644 2274 3697 σέϐειαν
2301 3640 2454 3713 ὑμῶν
2478 3659 2490 3671 ·
2532 3641 2840 3712 γέγραπται
2895 3639 3022 3715 γᾴρ·
3061 3639 3273 3705 Κύριος
3316 3635 3521 3691 ἔκτισέ
3551 3653 3638 3705 με

2057 3734 2257 3804 ἀρχὴν
2288 3731 2446 3787 ὁδῶν
2472 3733 2658 3786 αὑτοῦ
2685 3733 2771 3797 είς
2798 3732 2940 3800 ἔργα
2972 3729 3178 3783 αὑτοῦ.
3211 3728 3416 3782 Οὐκοῦν
3448 3730 3496 3780 εί
3523 3727 3649 3798 πρὸ,

2059 3825 2279 3878 πάντων
2305 3825 2451 3877 ἐστὶν
2479 3822 2662 3886 αὐτὸς,
2714 3821 2861 3890 λέγει
2906 3820 2984 3886 δὲ,
3020 3818 3226 3874 ἔκτισέ
3250 3835 3347 3889 με,
3397 3820 3496 3889 οὐχ
3541 3818 3648 3871 ἴνα,

2060 3920 2267 3990 ποιήσω
2286 3918 2356 3970 τὰ
2376 3916 2534 3987 ἔργα,
2569 3914 2683 3969 ἀλλ’
2714 3916 2802 3979 είς
2827 3913 2899 3966 τὰ
2924 3912 3099 3981 ἔργαο
3140 3910 3173 3982 ἥ
3201 3910 3452 3982 δεύτερόν
3480 3911 3645 3964 ἐστιν.

2059 4010 2222 4065 αὑτοῦ
2251 4010 2311 4063 τὸ
2341 4009 2603 4071 ἔκτισεν,
2630 4006 2663 4077 ἢ
2695 4007 2992 4075 φανήσεται
3026 4003 3279 4075 δεύτερος
3315 4001 3478 4066 αὐτὸς
3517 4002 3636 4056 τῶν

2041 4101 2256 4173 ἔργων,
2304 4100 2571 4172 εὑρίσκων
2621 4097 2760 4151 αὑτὰ
2807 4094 3122 4165 κτιζόμενος
3168 4094 3271 4164 ήδη
3316 4092 3420 4164 πρὸ
3462 4092 3647 4148 αὑτοῦ.

2059 4195 2345 4266 ὑφεστῶτα
2379 4194 2515 4265 (87).
2547 4194 2631 4262 ἐφ’
2660 4191 2696 4246 ἃ.
2732 4191 2829 4246 xui.
2868 4189 3100 4258 γίνεται.
3130 4188 3193 4239 Εί
3219 4187 3276 4240 δὲ
3306 4184 3484 4248 τοῦτο,
3512 4185 3651 4250 πῶς,

375 4276 577 4345 quippe
627 4274 723 4343 qui
766 4273 882 4341 illa,
935 4291 1060 4331 cum
1113 4286 1334 4333 creatur
1383 4280 1519 4349 ipse,
1566 4283 1680 4353 jam
1732 4294 1860 4340 ante
1893 4302 1952 4341 se

2059 4286 2273 4356 ἔτι-πρὸ
2300 4285 2516 4337 πάντων
2560 4282 2707 4335 ἐστὶν
2750 4279 2947 4342 αὑτός;
2985 4277 3110 4340 Πῶς
3138 4276 3196 4330 δὲ.
3230 4275 3324 4328 xui.
3354 4274 3532 4327 πάντα
3560 4272 3636 4327 δι’

373 4365 697 4421 exsistentia
749 4367 1027 4435 reperiat,
1075 4378 1129 4423 et
1172 4386 1409 4439 quorum
1446 4388 1614 4428 causa
1654 4375 1796 4430 idem
1841 4378 1952 4448 ipse

2060 4375 2226 4431 αὑτοῦ
2258 4375 2493 4443 ἐγένετο,
2526 4360 2621 4425 xui.
2649 4372 2706 4423 ὲν
2740 4367 2887 4439 αὐτῷ
2938 4366 3299 4435 συνέστηκεν;
3350 4364 3481 4417 Ἰδοὺ
3522 4363 3638 4432 γὰρ

370 4463 608 4512 creetur.
636 4454 768 4521 Quae
792 4457 837 4511 si
872 4472 998 4511 vera
1037 4467 1188 4523 sunt,
1234 4461 1330 4531 qui
1368 4473 1547 4533 potest
1580 4465 1718 4533 ﬁeri,
1750 4477 1809 4522 ut
1841 4469 1952 4539 ipse

2058 4469 2180 4524 καθ’
2205 4469 2348 4540 ὑμᾶς
2378 4467 2471 4520 xui.
2501 4465 2605 4537 πρὸ
2628 4461 2791 4517 αὑτοῦ
2827 4460 3167 4530 συνειστήκει
3196 4456 3264 4511 τὰ
3300 4456 3459 4528 ἔργα,
3489 4458 3571 4520 εἰς
3597 4453 3639 4508 ἃ.

445 4610 673 4690 ³⁸1³531.
711 4613 1007 4690 uuln};
1039 4630 1239 4674 Lxxxv.
1268 4615 1324 4671 8.
1400 4618 1444 4650 ³¹
1483 4617 1627 4675 Psal.
1660 4638 1922 4690 Lxxxvm,

2082 4624 2125 4655 "
2166 4621 2378 4677 Barucb
2415 4637 2501 4687 ιιι,
2532 4619 2622 4673 56.
2723 4617 2769 4649 ³³
2788 4614 2950 4671 Prov.
2990 4628 3075 4679 ιιι,
3109 4613 3199 4669 19.
3277 4612 3322 4644 ³⁸
3359 4609 3522 4666 Prov.
3554 4626 3633 4675 ιι,

375 4683 428 4737 1.
504 4682 548 4715 ³⁵
585 4682 747 4738 Prov.
781 4699 899 4748 vnt,
923 4684 1015 4739 22.

448 4818 560 4911 (8'1)
602 4839 826 4911 Seguer.
861 4839 990 4908 Reg.
1023 4840 1241 4911 Gobler.
1278 4842 1459 4898 Felek.
1493 4842 1545 4907 1,
1595 4843 1637 4896 4
1675 4851 1729 4897 et
1785 4842 1837 4896 5.
1880 4842 1952 4896 At

376 4912 468 4963 alii
518 4910 571 4966 et
612 4911 763 4971 editi,
800 4912 918 4981 μετ’
947 4910 1140 4981 ᾷλλων.
1173 4910 1340 4969 Paulo
1366 4923 1511 4981 post,
1534 4914 1687 4976 editi,
1719 4914 1811 4965 ἐπὶ
1842 4912 1949 4965 τῶν

379 4982 553 5034 ἄλλων
581 4980 916 5050 κτισμάτων.
950 4980 1007 5033 In
1044 4980 1271 5052 Seguer.
1305 4980 1642 5052 recteigleest
1682 4998 1783 5037 vos
1834 5000 1951 5035 κτι-

2056 4842 2361 4913 Quinum
2387 4841 2494 4913 μὴν
2529 4841 2622 4913 καὶ
2653 4841 2682 4893 6
2708 4840 2889 4913 Δαυῖδ.
2920 4837 3044 4893 Mox
3082 4839 3306 4913 Seguer.
3325 4835 3638 4913 _Gobler_.et

2056 4911 2239 4967 Felck.
2276 4908 2459 4977 1,κὰί⁵
2479 4912 2575 4975 Τίς
2607 4911 3025 4982 ὁμοιωθήσεται,
3051 4919 3111 4962 ιιι
3137 4917 3190 4982 et
3220 4908 3505 4982 Psalmista
3535 4908 3637 4982 ba-

476 5000 553 5066 ων
581 4975 916 5050 κτισμάτων.
950 4980 1023 5063 In.
1044 4980 1271 5066 Seguer.
1305 4975 1451 5063 recte
1466 4975 1642 5066 lleest
1676 4975 1783 5037 vos
1834 5000 1951 5063 κτι-

2058 4983 2167 5066 bet.
2209 4975 2338 5066 item
2374 4982 2563 5066 ~Felck.
2591 4975 2929 5052 5,'anonj'tn.
2961 4978 3373 5051 ὁμοιωθήσεται.
3407 4975 3546 5030 Editi
3580 4986 3635 5031 et

382 5052 625 5121 σμάτων,
663 5067 764 5105 nec
807 5066 927 5105 eam
975 5050 1190 5105 videtur
1238 5053 1437 5122 legisse
1466 5050 1711 5106 Nannius
1745 5070 1758 5104 :
1795 5053 1953 5105 vertit
2059 5052 2172 5118 alii,
2268 5053 2350 5115 τίς
2372 5055 2571 5124 ὅμοιος.
2823 5050 2835 5052 “
3002 5050 3005 5051 ⁷

379 5123 525 5175 enim
558 5139 572 5175 :
606 5120 693 5174 Ita
722 5122 861 5173 enim
890 5138 943 5175 se
972 5137 1081 5175 rem
1110 5121 1302 5175 habere
1328 5123 1491 5175 etiam
1516 5123 1570 5174 in
1599 5122 1720 5175 aliis
1748 5122 1955 5174 invene-
2131 5053 2417 5246 (841.11%.
2449 5134 2501 5177 et
2528 5120 2707 5175 Felck.
2740 5119 2794 5185 5,
2824 5118 3060 5191 πρῶτον.
3094 5118 3215 5172 Mox
3256 5114 3480 5183 Seguer.
3517 5117 3631 5171 Go-

379 5190 476 5243 ris.
516 5190 686 5245 Porro
732 5190 839 5244 τῶν
887 5191 1060 5244 ἄλλων
1106 5191 1448 5245 referendum
1502 5207 1621 5246 esse
1666 5193 1732 5245 ad
1762 5207 1948 5245 vocent
2060 5192 2193 5246 bler.
2273 5193 2409 5246 elck.
2443 5195 2466 5245 1
2500 5202 2555 5245 et
2589 5192 2644 5246 5.
2680 5189 3101 5246 πολυθρύλητον.

379 5190 476 5243 ris.
516 5190 686 5245 Porro
732 5190 839 5244 τῶν
887 5191 1060 5244 ἄλλων
1106 5191 1448 5245 referendum
1502 5207 1621 5246 esse
1666 5193 1732 5245 ad
1762 5207 1948 5245 vocent

2060 5189 2193 5246 bler.
2225 5189 2409 5246 Felck.
2443 5195 2466 5245 1
2500 5202 2555 5245 et
2589 5192 2644 5254 5,
2680 5189 3101 5261 οιτολυθριέιλητονζ

375 5260 683 5330 δυνάμεων,
716 5270 863 5332 patet
884 5278 947 5315 ex
986 5262 1072 5316 his
1097 5277 1219 5330 quae
1251 5263 1448 5332 ibidem
1475 5275 1801 5329 sequuntur.
1843 5261 1951 5315 Nec

2080 5331 2087 5332 ί
2128 5263 2241 5332 (85)
2283 5264 2391 5316 Τοῦ
2424 5262 2666 5332 deestAjn
2707 5256 2924 5332 βωμὸν.
2975 5256 3031 5332 et
3065 5257 3272 5332 ξ’ᾳιιιὶιζ
3295 5258 3346 5312 1.
3386 5256 3548 5332 [idem
3576 5265 3649 5309 et:

380 5277 683 5330 υυναμεων,
754 5277 947 5315 atetex
988 5277 1072 5316 ms
1097 5277 1219 5330 quae
1251 5277 1448 5315 unnem
1475 5277 1801 5329 sequuntur.
1843 5277 1951 5315 uec
2128 5277 2241 5332 (ab)
2284 5277 2391 5316 ἰου
2424 5277 2574 5316 neest
2612 5277 2666 5313 In
2707 5277 2924 5313 bﬂlllel'.
2976 5277 3031 5312 et
3084 5277 3257 5311 reirx.
3295 5277 3346 5312 τ.
3386 5277 3548 5310 linem
3576 5277 3631 5309 et

380 5332 559 5384 obstat
590 5277 1125 5398 quocfmasenlinum
1153 5347 1322 5397 genus
1359 5331 1430 5384 ibi
1460 5341 1753 5399 usurpetur
1780 5350 1790 5383 τ
1821 5347 1948 5384 nam
2058 5331 2375 5401 Seguerian.
2415 5332 2546 5402 Reg.
2582 5329 2766 5402 Felck.
2796 5330 2829 5383 4
2880 5339 2934 5383 et
2977 5329 3030 5393 5,
3064 5327 3391 5398 Σολομῶνος.
3438 5327 3541 5380 Alii
3576 5334 3631 5379 et

381 5409 569 5470 notum
605 5411 690 5454 est
715 5415 855 5466 saepe
887 5402 1244 5455 Athanasium
1286 5401 1548 5456 rationem
1595 5403 1807 5470 generis
1842 5416 1949 5454 non
2057 5399 2223 5457 editio
2257 5399 2517 5457 Commel'.
2553 5399 2887 5470 Eunuchos;

382 5469 1256 5543 habere,sed_rerum_dunlaxiat.
1545 5466 1621 5543 _'
1758 5541 1766 5543 Α
1890 5539 1899 5543 _

2130 5474 2239 5543 (86)
2284 5472 2375 5527 Sic
2426 5474 2649 5543 seguer.
2684 5466 2816 5543 Reg.
2847 5468 3063 5543 Goliler.
3103 5467 3284 5543 Fclck.
3333 5468 3357 5521 1
3393 5476 3441 5520 et
3470 5466 3522 5522 5.
3558 5466 3632 5522 At

453 5540 569 5607 (εει)
609 5539 825 5594 Gobler.
861 5549 915 5593 et
947 5539 1128 5612 clek.
1152 5542 1212 5612 1.
1248 5543 1341 5595 xui.
1363 5542 1491 5605 Υἱός
1540 5541 1686 5594 ἐστιν
1706 5557 1719 5571 ·
1752 5541 1811 5593 ἐν
1841 5539 1950 5612 γὲρ

2058 5538 2147 5598 alii
2174 5538 2232 5597 et
2256 5544 2422 5597 editio
2454 5538 2875 5612 Cuntmel._u6~.6
2900 5540 2955 5612 δὲ
2987 5538 3169 5612 ῥητόν.

382 5612 682 5686 τοζὶξτᾶξι.
713 5619 842 5686 e_t_c.,
862 5611 1673 5686 male,_on_n_issisinter-turdus.
1915 5606 1929 5612 ⁷

2126 5614 2239 5686 (87)
2283 5613 2414 5685 Reg.
2451 5611 2668 5669 Gobler.
2702 5609 2882 5665 Felck.
2916 5610 2939 5664 1
2978 5606 3119 5676 έιι,
3151 5606 3484 5686 συνεστῶτξ.

453 5679 569 5750 (85)
610 5678 701 5736 Sic
745 5681 967 5751 Segucr.
1019 5680 1237 5737 Gobler.
1288 5680 1467 5737 Felek.
1510 5682 1532 5737 l
1567 5693 1619 5739 et
1647 5682 1700 5738 4.
1739 5681 1842 5738 Alii
1892 5689 1946 5739 ει
