3840 6220
134 258 245 315 εδδ

1277 256 1537 315 ORATIO
1562 257 1607 313 11
1637 258 1919 315 CONTRA
1957 260 2276 319 ARIANOS.

3299 266 3408 324 23L

137 381 402 446 κτίζεται
427 380 524 434 καὶ
551 379 959 436 ἀποστέλλεται.
1011 381 1148 434 ’.ἁλλ’
1181 381 1280 434 οὐκ
1328 380 1475 435 ἔστιν
1533 380 1675 436 οὕτω
1705 396 1720 411 ⁶

1841 383 1899 438 ιίι
1925 395 2051 438 ante
2080 381 2303 439 omnia?
2327 381 2615 449 Quomodo
2648 398 2815 454 porro
2844 383 3033 438 omnia
3069 398 3167 452 per
3217 382 3396 455 ipsum

141 470 218 542 μὴ
246 470 488 539 γένοιτοι
533 469 752 541 Ψευδής
783 472 901 523 ἐστι
942 469 1053 523 τῶν
1092 470 1386 543 αἱρετικῶν
1414 471 1526 543 (88)
1560 474 1593 543 ἡ
1624 470 1733 525 διάσ

139 576 281 615 νεια.
319 560 395 613 Οὐ
428 559 539 632 γὰρ
568 559 772 631 κτίσμα
804 561 972 627 ἐστὶν,
1010 561 1147 614 ἀλλὰ
1179 562 1405 634 κτίστης
1451 563 1550 634 μέν
1582 565 1732 618 ἐστιν

138 655 170 708 ὸ
213 652 313 706 τοῦ
369 651 510 705 Θεοῦ
579 652 785 721 Λόγοςο
831 653 953 707 τότε
1011 653 1070 708 δέ
1128 654 1274 723 λέγει
1324 655 1729 728 παροιμιωδῶςο

141 743 353 798 eum
393 761 493 813 με,
545 745 636 797 ὅτε
682 744 781 815 τὴν
828 745 1054 816 κτιλστὴν
1083 746 1368 799 ἐνεδύσατο
1398 745 1596 816 σάρκα.
1622 746 1732 799 Καὶ

143 834 301 888 τοῦτο
343 835 510 889 πάλιν
556 835 781 890 δυνατόν
823 839 947 889 ἐστι
973 838 1068 890 καὶ
1115 837 1175 901 ἐξ
1208 836 1377 891 αὐτοῦ
1426 836 1519 890 τοῦ
1563 835 1729 908 ῥητοῦ

142 926 491 981 διανοεῖσθαι.
528 927 658 991 Υἱὸς
686 928 796 1000 γὰρ
822 928 898 983 ὣν
932 928 1026 982 καὶ
1045 929 1263 1003 Πατέρα
1292 929 1382 982 τὸν
1412 928 1543 981 Θεὸν
1569 929 1728 998 ἔχων,

141 1018 309 1071 αὐτοῦ
340 1019 454 1091 γάρ
485 1019 625 1073 ἴδιόν
647 1021 764 1073 ἐστι
788 1020 1056 1091 γέννημα,
1086 1021 1235 1091 ὅμως
1262 1019 1467 1091 Κύριον
1500 1020 1597 1075 νῦν
1618 1020 1728 1091 (89)

141 1110 400 1180 ὀνομάζει
447 1109 539 1163 τὸν
574 1111 796 1182 Πατέρα
822 1126 838 1141 ο
869 1112 968 1182 οὐχ
996 1113 1079 1165 ὅτι
1107 1111 1289 1176 δοῦλος
1337 1107 1428 1182 ἦν,
1477 1110 1592 1165 ἀλλ’
1650 1112 1731 1165 ὅτι

142 1201 240 1272 τὴν
266 1202 362 1256 τοῦ
396 1202 587 1255 δούλου
619 1204 831 1274 μορφὴν
864 1203 976 1276 (90)
1008 1203 1299 1259 ἀνέλαϐεν.
1327 1205 1575 1276 Ἔπρεπε
1621 1204 1731 1276 γὰρ

142 1292 326 1358 αὑτὸν,
362 1292 556 1364 ὥσπερ
587 1292 718 1347 ὄντα
768 1294 947 1363 Λόγον
988 1295 1053 1347 ἐκ
1099 1292 1195 1347 τοῦ
1244 1293 1477 1365 Πατρὸς,
1510 1294 1731 1365 Πατέρα

138 1382 233 1436 τὸν
262 1384 398 1436 θεὸν
446 1384 634 1437 καλεῖν
659 1400 675 1415 ·
727 1383 883 1439 τοῦτο
921 1384 1031 1457 γὰρ
1084 1385 1213 1439 ἴδιον
1263 1384 1375 1457 (91)
1425 1384 1545 1438 υἱοῦ
1595 1386 1732 1456 πρὸς

140 1474 359 1546 πατέρα
378 1491 399 1509 ν
421 1475 594 1539 οὕτως
621 1474 847 1530 ἐλθόντα
876 1475 1161 1530 τελειῶσαι
1190 1476 1253 1530 τὸ
1277 1476 1460 1548 ἔργον,
1498 1477 1603 1532 καὶ
1619 1477 1734 1530 δού-

139 1565 234 1620 λου
262 1566 500 1622 λαϐόντα
529 1568 763 1640 μορφὴν,
791 1567 998 1640 Κύριον
1038 1569 1327 1640 ὀνομάζειν
1365 1569 1455 1623 τὸν
1487 1570 1727 1640 Πατέρα.

139 1660 251 1711 Καὶ
279 1659 491 1731 ταύτην
526 1660 625 1731 τὴν
648 1660 911 1733 διαφορὰν
955 1661 1117 1726 αὐτὸς
1161 1661 1363 1727 ἐδίδαξε
1392 1661 1529 1733 μετά
1562 1662 1731 1734 καλῆς

1833 473 1975 529 facta
2001 482 2128 530 sunt
2155 474 2200 505 “
2228 480 2281 529 et
2320 474 2377 528 in
2421 475 2540 545 ipso
2586 475 2879 530 constituta
2912 474 2998 528 '7?
3026 472 3274 544 Namque
3312 489 3401 530 se-

1833 567 2072 622 cundum
2118 584 2218 623 vos
2265 576 2391 622 ante
2430 582 2555 621 eum
2589 566 2921 621 exstiterunt
2951 582 3138 636 opera,
3168 581 3405 636 quorum

1832 673 1996 712 causa
2026 658 2141 728 ipse
2173 668 2256 713 est
2284 667 2521 722 creatus,
2565 667 2618 712 et
2645 657 2714 713 ad
2748 673 2870 727 qua:
2899 658 3102 713 missus
3134 657 3256 713 fuit.
3291 655 3406 713 Ve-

1830 762 1952 800 rum
1981 763 2086 801 non
2115 747 2188 801 ita
2216 762 2274 802 se
2307 763 2395 801 res
2417 747 2577 801 habet
2600 764 2621 800 ι
2644 746 2805 801 absit.
2844 745 3009 800 Falsa
3033 748 3147 801 haec
3174 757 3259 801 est
3291 747 3404 801 bae-

1831 835 2126 891 retlcorum
2170 837 2459 890 sententia.
2494 834 2605 890 Nec
2626 836 2773 890 enim
2806 835 2896 890 Dei
2927 834 3166 891 Verbum
3200 852 3289 893 res
3322 845 3407 891 est

1831 936 2034 993 creata,
2065 928 2158 982 sed
2189 938 2404 982 creator
2434 928 2551 996 ipse
2584 936 2701 981 est:
2740 936 2870 982 tunc
2901 936 3082 982 autem
3128 928 3409 997 proverbii

1831 1022 2003 1077 instar
2027 1021 2123 1084 ait,
2158 1018 2411 1074 Dominus
2441 1020 2633 1072 crearit
2667 1035 2767 1085 me,
2798 1034 2920 1073 cum
2958 1028 3197 1074 creatam
3232 1020 3410 1075 induit

1831 1129 2074 1176 carnem,
2105 1120 2167 1167 ut
2197 1113 2359 1167 etiam
2396 1127 2462 1166 ex
2503 1111 2607 1165 boc
2647 1111 2766 1181 ipso
2794 1111 2915 1166 loco
2956 1119 3132 1181 potest
3157 1111 3403 1182 intelligi.

1834 1203 2071 1261 Tametsi
2106 1205 2251 1260 enim
2298 1202 2599 1265 Filiusest,
2645 1213 2700 1256 et
2747 1200 2920 1255 Deum
2976 1201 3140 1256 habet
3161 1201 3402 1265 Patrem,

1832 1311 1955 1352 cum
1990 1297 2240 1367 proprius
2273 1294 2393 1364 ejus
2422 1294 2493 1349 sit
2537 1293 2712 1348 lctus:
2745 1304 2926 1348 tamen
2968 1291 3185 1346 Patrem
3219 1293 3323 1347 hoc
3350 1294 3407 1346 in

1831 1388 1952 1443 loco
2001 1390 2289 1445 Dominum
2343 1390 2653 1460 appellavit,
2692 1405 2800 1444 non
2840 1389 2969 1460 quia
3009 1405 3205 1444 servus
3240 1396 3410 1456 esset,

1834 1482 1926 1537 sed
1962 1483 2089 1552 quia
2115 1480 2280 1554 410
2299 1484 2438 1538 εει·νί
2468 1482 2698 1537 formam
2724 1483 2953 1552 accepit.
2981 1483 3189 1551 Quippe
3213 1495 3409 1551 quem-

1833 1574 2153 1637 admodum,
2190 1583 2463 1643 quatenus
2497 1574 2735 1629 Verbum
2780 1582 2863 1629 est
2902 1588 2967 1627 ex
3019 1572 3204 1635 Patre,
3237 1570 3407 1626 Deum

1833 1666 2219 1721 convenienter
2241 1664 2454 1720 Patrem
2488 1667 2753 1735 appellat:
2786 1679 3024 1734 namque
3044 1663 3098 1718 id
3127 1664 3407 1733 proprium

135 1754 239 1823 τῆς
260 1753 569 1825 διαστολῆς,
607 1753 782 1822 λέγων
811 1757 869 1808 ἐν
899 1757 1013 1818 τοῖς
1054 1756 1409 1825 Εὑαγγελίοιις
1428 1776 1440 1789 ·
1490 1757 1731 1825 Ἐξομο-

1841 1756 1929 1810 lilii
1977 1765 2061 1811 est
2105 1772 2232 1826 erga
2282 1765 2530 1824 patrem:
2580 1757 2809 1811 ita‘cum
2839 1770 2977 1824 opus
3004 1754 3153 1809 venit
3187 1754 3409 1809 absolu-

135 1844 440 1914 λογοῦμαι
466 1860 597 1911 σοι,
620 1844 810 1914 Πάτερ
831 1863 845 1876 ’
883 1841 1002 1899 εἶτα
1025 1864 1039 1878 ·
1097 1849 1274 1915 Κύριε
1319 1847 1427 1902 τοῦ
1468 1848 1728 1917 οἰφαγοῦ

137 1935 241 1990 καὶ
277 1934 390 2004 τῆς
418 1933 551 2006 τῆς.
602 1935 829 1990 Ἑαυτοῦ
866 1937 965 2007 μὲν
1016 1937 1127 2010 γὰρ
1161 1934 1301 1992 εἶναι
1359 1939 1580 2011 Πατέρα
1638 1939 1730 1992 τὸν

134 2027 273 2081 Θεὸν
305 2024 478 2096 λέγει’,
509 2027 705 2082 τῶνδέ
742 2028 1057 2099 κτισμάτων
1094 2030 1257 2084 αὑτὸν
1295 2030 1500 2103 Κύριον
1517 2031 1730 2102 ’ὸνομά-

137 2115 224 2181 ζει
245 2132 261 2147 θ
304 2117 383 2180 ὡς
407 2120 471 2171 ἐκ
496 2118 688 2171 τούτου
728 2118 1036 2174 δείκνυσθαι
1065 2120 1295 2185 λευκῶς,
1329 2122 1433 2187 ὅτι,
1470 2122 1635 2193 ἡνίκα
1670 2123 1731 2176 τὸ

136 2209 361 2262 κτιστὸν
385 2208 498 2279 (92)
521 2209 809 2264 ἐνεδύσατο
834 2250 857 2274 ,.
882 2212 1004 2265 τότε
1053 2211 1146 2265 τὸν
1184 2213 1407 2285 Πατέρα
1438 2213 1597 2267 καλεῖ
1621 2213 1733 2268 Κύ-

136 2315 276 2370 ριον.
315 2300 428 2352 Καὶ
475 2300 588 2370 γάρ
625 2300 722 2354 καὶ
767 2302 923 2373 ὲντῇ
970 2306 1246 2374 προσευχῇ
1287 2302 1383 2356 τοῦ
1428 2302 1593 2356 Δαυῒδ
1632 2302 1732 2374 τὴν

135 2390 313 2463 αὐτὴν
350 2391 627 2462 διαφορὰνΓ
667 2393 923 2464 σημαίνει
965 2394 1027 2447 τὸ
1075 2394 1301 2465 Πνεῦμα
1332 2394 1393 2448 τὸ
1429 2394 1604 2463 ἀγιον,
1643 2393 1731 2448 διὰ

135 2481 250 2535 τῶν
302 2481 553 2553 Ψαλμῶν
578 2482 765 2552 λέγονυ
796 2483 909 2549 Δὸς
957 2483 1025 2538 τὸ
1056 2483 1272 2553 κράτος
1296 2500 1413 2539 σου
1453 2484 1534 2551 τῷ
1564 2484 1733 2539 παιδί

133 2587 280 2637 σου,
337 2573 436 2628 καὶ
488 2571 700 2627 σῶσον
741 2574 847 2627 τὸν
890 2574 1026 2628 υἱὸν
1065 2575 1177 2642 τῆς
1219 2575 1549 2645 παιδίσκης
1585 2591 1726 2630 σου.

140 2663 341 2725 ’Ἄλλος
386 2663 497 2734 γάρ
512 2665 660 2715 ἐστιν
676 2665 706 2716 ὁ
725 2663 885 2732 φύσει
906 2664 998 2717 καὶ
1015 2663 1270 2735 ἀληθινὸς
1291 2668 1420 2730 παῖς
1447 2666 1541 2719 τοῦ
1570 2664 1728 2731 Θεοῦ,

134 2754 238 2808 καὶ
286 2754 424 2809 ἀλλα
467 2754 537 2808 τὰ
585 2754 683 2824 τῆς
715 2754 1009 2826 παιδίσκης
1044 2754 1243 2820 τέκνα,
1286 2756 1409 2827 ἥτις
1469 2756 1588 2810 ἐστὶ
1619 2757 1730 2810 τῶν

131 2844 389 2916 γενητῶν
444 2847 476 2917 ἡ
532 2845 696 2915 φύσις
738 2845 872 2917 (95).
926 2845 1018 2898 Διὸ
1067 2846 1158 2899 καὶ
1210 2849 1240 2900 ό
1281 2847 1402 2917 μὲν,
1459 2848 1534 2911 ὡς
1573 2848 1722 2913 Υἱὸς,

130 2937 252 3007 εχει
306 2938 370 2991 τὸ
415 2939 684 3011 πατρικὸν
742 2937 964 3009 κράτος,
1013 2938 1079 2992 τὰ
1128 2938 1227 3005 δέ,
1287 2940 1562 3011 σωτηρίας
1613 2941 1735 2994 ἐστὶ

130 3030 394 3100 δεόμενα.

1830 1858 2009 1911 turus,
2053 1857 2106 1903 et
2147 1849 2290 1903 servi
2325 1847 2555 1903 formam
2589 1848 2833 1917 accepit,
2868 1846 3083 1900 Patrem
3114 1844 3406 1901 Dominum

1831 1943 2011 1997 dicere
2055 1956 2178 1997 eum
2204 1941 2429 1996 omnino
2452 1940 2653 1994 decuit.
2683 1937 3006 2008 llujusmodi
3032 1936 3411 2008 porrodiscri-

1833 2050 1955 2088 men
1993 2048 2124 2089 suos
2158 2034 2273 2102 ipse
2299 2032 2598 2101 discipulos
2634 2031 2890 2086 distincte
2932 2029 3228 2085 admodum
3260 2028 3410 2082 hisce

1832 2123 2107 2195 Evangelii
2156 2123 2337 2179 verbis
2390 2124 2624 2178 docuit:
2684 2120 2953 2192 Conﬁteor
3003 2121 3144 2187 tibi,
3201 2117 3410 2182 Pater;

1831 2213 2060 2269 deinde:
2093 2212 2315 2266 Domine
2345 2212 2462 2265 caeli
2490 2221 2539 2265 et
2575 2220 2730 2265 terrae
2758 2211 2823 2265 ³³.
2872 2210 3116 2280 Namque
3154 2217 3208 2264 et
3239 2207 3415 2263 Deum

1833 2305 1919 2361 sui
1963 2303 2135 2374 ipsius
2172 2301 2388 2358 Patrem
2422 2318 2545 2358 esse
2573 2309 2824 2367 testatur,
2851 2310 2906 2357 et
2937 2301 3189 2357 eumdem
3224 2314 3408 2355 rerum

1831 2406 2142 2452 creatarum
2167 2393 2455 2449 Dominum
2500 2394 2767 2464 appellat:
2810 2393 2886 2448 ita
2930 2401 2991 2448 ut
3029 2408 3097 2447 ex
3140 2392 3242 2446 hoc
3287 2391 3415 2446 loco

1831 2485 2179 2558 perspicuum
2209 2485 2280 2540 sit
2305 2500 2453 2548 eum,
2479 2500 2603 2539 cum
2630 2496 2884 2539 naturam
2908 2493 3147 2539 creatam
3177 2480 3408 2550 accepit.

1831 2585 1965 2632 tunc
1984 2575 2199 2630 Patrem
2231 2574 2536 2646 appellasse
2554 2574 2870 2629 Dominum.
2897 2571 3040 2639 Quin
3070 2573 3233 2628 etiam
3268 2571 3421 2626 idem-

1832 2668 2135 2724 discrimen
2178 2668 2231 2721 in
2289 2666 2512 2721 Davidis
2569 2667 2817 2722 oratione
2890 2674 3113 2720 sanctus
3170 2662 3415 2718 declarat

1782 2753 1802 2760 ⁴
1835 2758 2091 2829 Spiritus,
2144 2758 2225 2814 sic
2273 2759 2328 2813 in
2382 2758 2619 2815 Psalmis
2668 2760 2936 2828 loquens:
2995 2756 3076 2810 Da
3128 2756 3419 2826 imperium

1834 2860 1981 2905 tuum
2012 2866 2174 2919 puero
2201 2859 2310 2915 tuo,
2336 2861 2385 2905 et
2419 2850 2625 2906 salvum
2656 2852 2743 2922 [ac
2766 2851 2944 2922 ﬁlium
2970 2848 3186 2903 ancilla:
3211 2857 3316 2901 tuae
3339 2847 3407 2902 ³⁹.

1834 2941 2115 3015 Siquidem
2143 2943 2285 2998 alius
2338 2952 2422 2998 est
2466 2944 2733 2999 naturalis
2775 2953 2830 2998 et
2876 2958 3036 2997 verus
3077 2940 3172 2995 Dei
3216 2938 3411 3004 Filius,

1830 3046 1885 3093 et
1929 3037 2021 3091 alii
2051 3044 2182 3091 sunt
2221 3036 2433 3091 ancilla
2466 3036 2644 3101 liberi,
2680 3036 2858 3106 qualis
2893 3045 2976 3091 est
3026 3034 3278 3089 videlicet
3321 3047 3413 3087 re-

133 3141 263 3180 rum
299 3124 570 3181 factarum
607 3133 823 3180 natura.
873 3125 1014 3183 Hinc
1056 3126 1150 3183 ille
1200 3137 1458 3198 tanquam
1518 3129 1721 3200 Filius,
1747 3142 1976 3203 paterno
2026 3132 2227 3203 gaudet
2283 3131 2567 3203 imperio:
2633 3132 2717 3186 lite
2771 3141 2952 3186 autem
2983 3170 2998 3196 ,
3053 3129 3227 3185 salute
3274 3141 3415 3196 opus

134 3219 365 3275 habent.

210 3311 304 3366 5}.
347 3311 413 3364 Εί
437 3310 481 3363 δ’
501 3312 585 3365 ὅτι
620 3314 750 3377 παῖς
788 3304 1367 3385 ἐκλήθη,’φλυαροῦσι,
1390 3318 1731 3385 γινωσκέτω*

1906 3314 2003 3369 5i.
2030 3298 2185 3379 Qudd
2218 3313 2264 3369 si
2312 3312 2515 3369 idcirco
2559 3311 2703 3382 quod
2746 3326 2881 3381 puer
2927 3293 3001 3365 sit
3031 3318 3281 3377 vocatus,
3321 3325 3419 3364 nu-

136 3419 263 3465 ααν,
305 3401 391 3454 δτι
425 3400 519 3454 καὶ
560 3402 746 3456 Ἰσαὰκ
778 3404 908 3465 παῖς
950 3401 1242 3474 ὠνομάσθη
1280 3402 1374 3456 τοῦ
1434 3403 1685 3476 Ἀϐραὰμ
1713 3446 1728 3470 ,

135 3492 237 3546 καὶ
268 3494 299 3547 ὀ
337 3492 454 3555 υἱὸς
491 3492 594 3563 τῆς
636 3492 1018 3565 Σουμανίτιδος
1054 3492 1164 3564 (94)
1193 3494 1477 3566 παιδάριον
1504 3496 1729 3569 ἐκλήθη.

138 3586 387 3649 Εἰκότως
409 3585 539 3657 ἄρα,
566 3584 767 3638 δούλων
807 3586 963 3656 ἡμῶν
1004 3585 1174 3639 όντων
1205 3626 1222 3650 ,
1273 3587 1362 3640 ὅτε
1397 3588 1617 3656 γέγονεν
1655 3589 1733 3653 ὡς

140 3679 308 3749 ἡμεῖς
332 3676 470 3748 (95),
503 3676 828 3749 Κύριο-ιτὸν
857 3678 1080 3749 Πατέρα
1124 3677 1282 3731 καλεῖ
1326 3679 1421 3732 καὶ
1448 3680 1628 3745 αὐτὸς,
1655 3679 1731 3744 ὡς

140 3758 342 3840 ἡμεῖς’·
384 3768 481 3821 καὶ
515 3767 673 3822 τοῦτο
728 3768 784 3821 δέ
824 3768 1406 3841 φιλανθρωπευόμενος
1434 3770 1577 3826 οὕτω
1635 3790 1733 3826 πε-

142 3860 398 3931 ποίηκεν,
426 3860 517 3913 ἵνα
535 3860 631 3913 καὶ
663 3862 845 3931 ἡμεῖς,
871 3860 1048 3915 δοῦλοι
1077 3861 1220 3915 κατά
1245 3862 1407 3932 φύσιν
1432 3863 1604 3928 ὄντες,
1639 3866 1734 3919 καὶ

143 3949 434 4020 δεξάμενοι
454 3950 516 4002 τὸ
556 3948 777 4019 πνεῦμα
797 3948 893 4003 τοῦ
919 3949 1073 4015 Υίοῦ,
1115 3949 1480 4023 θαρρήσωμεν
1508 3953 1598 4007 τὸν
1633 3954 1735 4024 φύς-

143 4059 229 4095 σει
258 4042 474 4114 Κύριον
505 4040 735 4106 ἑαυτῶν,
750 4041 940 4095 τοῦτον
966 4044 1031 4114 τῇ
1065 4042 1251 4114 χάριτι
1279 4044 1503 4117 Πατέρα
1525 4045 1732 4102 καλεῖν.

156 4134 299 4187 Ἀλλ’
328 4132 523 4204 ὥσπερ
559 4135 724 4204 ἡμεῖς
750 4134 841 4187 τὸν
868 4134 1074 4207 Κύριον
1122 4135 1346 4208 Πατέρα
1393 4138 1685 4205 καλοῦντες
1716 4182 1731 4207 ,

144 4228 246 4281 οὐκ
279 4224 605 4296 ἀρνούμεθα
628 4225 724 4297 τὴν
754 4226 897 4281 κατὰ
936 4227 1100 4297 φύσιν
1122 4228 1367 4283 δουλείαν
1391 4248 1405 4261 ·
1433 4232 1597 4286 αὑτοῦ
1625 4234 1734 4306 γάρ

144 4319 317 4390 ἐσμεν
344 4318 507 4389 ἔργα,
537 4318 631 4371 καὶ
658 4318 821 4382 αὐτὸς
848 4317 1102 4391 ἐποίησεν
1135 4321 1283 4393 ἡμᾶς
1310 4322 1406 4376 καὶ
1429 4324 1527 4395 οὐχ
1551 4326 1730 4397 ἡμεῖς

145 4410 323 4474 οὕτως
359 4410 488 4463 ὅταν
523 4410 553 4462 ὁ
576 4407 706 4473 Υἱὸς
725 4409 824 4481 τὴν
854 4408 947 4463 τοῦ
977 4410 1164 4488 δούλου
1201 4413 1312 4485 (96)
1356 4415 1567 4487 μορφὴν
1595 4415 1733 4488 λαμ-

145 4502 328 4557 ϐἁνων
356 4501 513 4574 λέγῃ,
538 4501 754 4569 Κύριος
782 4500 985 4556 ἕκτισέ
1009 4520 1087 4572 με
1113 4505 1312 4574 ἀρχὴν
1341 4505 1498 4562 ὁδῶν
1523 4508 1730 4575 αὐτοῦ,

1836 3404 1951 3475 gari
1987 3404 2159 3458 velint
2203 3412 2256 3457 et
2295 3402 2485 3467 rirari,
2517 3402 2733 3457 discant
2758 3400 2910 3454 Isaac
2940 3415 3166 3469 puerum
3194 3414 3416 3469 quoque

1834 3496 2066 3551 Abrahae
2115 3497 2445 3565 appellatum
2498 3510 2622 3550 esse
2655 3494 2723 3559 ⁸ο,
2757 3502 2812 3547 et
2845 3493 3016 3546 lilium
3053 3490 3416 3546 Sunamitidis

1835 3589 2128 3658 puerulum
2164 3587 2336 3642 fuisse
2364 3588 2569 3641 dictum
2599 3585 2665 3639 ιι.
2709 3584 2902 3638 Merito
2944 3585 3128 3654 itaque
3156 3599 3283 3639 cum
3311 3600 3415 3639 nos

1835 3681 1983 3735 servi
2014 3680 2210 3742 simus,
2254 3677 2345 3732 ille
2370 3677 2542 3731 nostri
2567 3675 2743 3731 factus
2782 3675 3001 3740 similis,
3035 3674 3251 3729 Patrem
3276 3690 3416 3743 quo-

1843 3784 1950 3840 que
1980 3768 2295 3832 Dominum,
2344 3768 2508 3823 sicuti
2543 3784 2667 3831 nos,
2718 3777 2917 3823 vocat:
2971 3767 3117 3835 quod
3169 3768 3416 3836 profecto

1838 3874 2066 3914 summa:
2078 3873 2324 3929 sumerga
2343 3873 2445 3915 nos
2466 3858 2820 3928 benignitatis
2845 3866 3227 3926 argumentum
3248 3857 3419 3912 voluit

1837 3965 1979 4017 esse,
2008 3958 2075 4006 ut
2099 3951 2308 4007 scilicet
2326 3966 2448 4018 nos,
2469 3950 2564 4022 qui
2586 3958 2784 4005 natura
2819 3948 2960 4004 servi
2981 3964 3194 4015 sumus,
3218 3949 3414 4018 spiritu

1842 4041 1977 4097 Filii
2010 4042 2426 4112 aeeepto,illum
2445 4042 2541 4112 qui
2567 4051 2761 4096 natura
2803 4049 2988 4096 noster
3016 4051 3100 4095 est
3127 4039 3413 4107 Dominus,

1838 4134 2012 4206 gratia
2036 4131 2252 4188 Patrem
2278 4133 2550 4203 appellare
2564 4131 2913 4187 auderemus.
2929 4130 3133 4185 Verum
3158 4131 3420 4200 quemad-

1859 4228 2078 4283 modum
2110 4242 2212 4282 nos
2230 4242 2355 4283 eum
2372 4225 2665 4281 Dominum
2687 4222 2902 4279 Patrem
2917 4223 3278 4294 appellamus,
3308 4240 3418 4279 non

1841 4328 2021 4376 tamen
2041 4320 2354 4375 inliciamur
2381 4334 2571 4374 servos
2608 4332 2708 4372 nos
2731 4326 2927 4371 natura
2959 4332 3118 4381 esse;
3173 4318 3293 4387 ejus
3341 4318 3420 4372 si-

1839 4413 2058 4484 quidem
2103 4427 2272 4483 Opera
2291 4427 2503 4476 sumus,
2531 4411 2755 4480 ipseque
2782 4410 2911 4464 fecit
2939 4423 3042 4464 nos
3076 4421 3128 4464 et
3160 4426 3269 4464 non
3313 4408 3417 4477 ipsi

1839 4521 1944 4561 nos
1970 4507 2017 4538 "
2042 4521 2056 4559 :
2077 4507 2151 4559 ita
2188 4522 2314 4561 cum
2346 4504 2518 4560 Filius
2550 4503 2725 4559 forma
2750 4502 2892 4557 servi
2923 4510 3143 4572 accepta
3179 4501 3274 4565 ait,
3310 4501 3421 4555 Do-

150 4591 637 4666 μὴ-ἀρνείσθωσαν
670 4592 1082 4665 τὴνοάῖδιότητα
1102 4594 1203 4666 τῆς
1235 4596 1426 4651 τούτου
1459 4597 1731 4671 θεότητος,

1845 4600 2019 4653 minus
2048 4600 2243 4653 creavit
2273 4614 2351 4652 me
2368 4597 2792 4651 iuitiumriarum
2812 4611 3054 4659 suarum,
3078 4609 3187 4649 non
3214 4593 3418 4648 idcirco

219 4710 278 4803 ’ζ
293 4707 469 4803 3031:;
498 4708 635 4803 1:31..
690 4708 985 4803 igolgss.
1022 4726 1061 4773 ι,
1096 4708 1181 4763 17.
1261 4709 1305 4743 ⁸⁸
1339 4710 1529 4803 Matth.
1566 4730 1642 4781 χι,
1676 4713 1731 4768 25

1845 4714 1890 4747 ³⁸
1929 4712 2077 4769 Psal.
2106 4710 2421 4779 Lxxxv,16.
2499 4710 2556 4743 δυ’
2584 4710 2783 4765 Genes.
2815 4722 2930 4773 xxi,
2962 4705 3017 4760 8.
3091 4708 3135 4737 δι
3178 4703 3242 4757 lV
3282 4704 3415 4777 Reg-

150 4797 226 4845 ur,
257 4780 351 4835 i8.
424 4781 469 4811 δ’
510 4778 660 4834 Psal.
690 4794 840 4846 xcu,
865 4779 919 4833 '5.

220 4901 341 4972 (88)
361 4899 527 4982 ~Editi
575 4908 632 4956 ct
679 4899 861 4981 Eelek.
912 4899 969 4967 ἢ
998 4899 1239 4974 τῶνγὰρ
1274 4899 1585 4972 αἱρετικῶν.
1630 4901 1735 4956 Alii

146 4970 437 5056 neego:
461 4970 776 5056 ai‘psnxt‘bv.

221 5042 339 5112 (89)
384 5040 475 5095 Sic
509 5040 735 5110 Seguer.
764 5040 976 5110 Anglic.
1002 5051 1057 5096 et
1089 5040 1270 5096 Felck'.
1297 5040 1350 5096 4.
1376 5041 1445 5094 At
1468 5041 1562 5094 νῦν
1584 5042 1739 5098 abest

149 5116 221 5170 ab
254 5113 382 5168 aliis
415 5120 470 5166 et
505 5111 688 5166 editis.

221 5181 611 5255 (90)_Seg_uer.
657 5179 759 5252 τὴν
807 5179 993 5234 δούλου
1048 5184 1282 5255 μορφήν.
1320 5175 1463 5236 Editi
1514 5189 1568 5236 et
1618 5181 1732 5247 alii,

150 5253 264 5327 τὴν
279 5252 377 5327 τοῦ
386 5252 634 5327 ,δούλουμ

219 5324 335 5396 (9|)
358 5322 471 5396 _Sic
507 5324 735 5396 S_egner.
771 5321 989 5396 Gobler.
1022 5321 1199 5396 Felek.
1240 5323 1280 5396 l_
1305 5321 1618 5396 et_4._Editi
1650 5337 1736 5396 ve-

152 5409 215 5448 ro
230 5391 293 5449 et
317 5391 439 5457 alii,
462 5391 622 5446 τοῦτο
647 5393 755 5463 γὰρ
780 5392 876 5445 καὶ
897 5393 1047 5446 ἴδιον.
1083 5392 1219 5463 Ibid.
1240 5391 1433 5463 Felck.
1450 5393 1504 5459 2,
1530 5400 1585 5446 et
1613 5393 1732 5463 edi—

153 5410 215 5448 ro
236 5410 293 5449 et
320 5410 439 5457 aut,
462 5410 622 5446 τουτο
647 5410 720 5463 γα
780 5410 876 5445 και
897 5410 1047 5446 ιοιον.
1083 5410 1219 5447 una.
1243 5410 1422 5448 relcx.
1450 5410 1504 5459 Ζ,
1530 5410 1585 5446 et
1613 5410 1732 5446 eut—

153 5464 522 5544 tiohCommel.
553 5462 686 5544 £5t0V
718 5410 848 5544 g‘ioﬁ
879 5463 1093 5544 μορφὴν
1121 5462 1594 5544 λαϐόντακΚύριον
1618 5462 1734 5516 dvo—

155 5534 368 5605 μάζειν,
403 5532 743 5605 διαϐαιωᾴ
777 5532 922 5605 mss._
947 5532 1006 5587 ut
1039 5532 1093 5586 in
1129 5532 1557 5605 textuuhabetur.

223 5605 337 5663 (92)
380 5604 609 5672 Anglic-
630 5615 683 5659 et
714 5603 854 5670 Reg.
879 5603 970 5674 τὸν
995 5604 1230 5656 κτιστόν.
1273 5602 1397 5658 Mox
1427 5604 1649 5674 Seguer.
1683 5612 1737 5658 et

158 5671 285 5747 ﬂag.
305 5675 414 5747 Καὶ
436 5675 544 5746 γάρ
575 5674 669 5747 κᾲα).
698 5673 1047 5747 ὲν-τῇηΕιΙῇιί
1081 5674 1278 5747 et__alii,
1307 5675 1415 5747 Καξι
1440 5671 1545 5747 γὰρ
1566 5675 1623 5747 ἐν
1643 5675 1731 5744 τῇ.

160 5742 290 5801 ibid.
331 5742 560 5815 Seguei‘.
594 5742 724 5816 Reg.
758 5742 936 5800 Felck.
974 5745 1004 5800 ι
1037 5753 1090 5801 et
1129 5743 1183 5813 5,
1220 5746 1317 5817 τὴν
1350 5742 1528 5817 αὐτὴν
1558 5742 1737 5815 διαφο-

1846 4900 2192 4976 pdv._Cae_teri
2231 4908 2286 4954 et
2318 4899 2470 4962 editi,
2502 4898 2671 4976 αύτὴν
2700 4896 2796 4976 τὴν
2818 4894 3101 4976 διαφοράν.

1916 4973 2027 5035 (95)
2072 4970 2323 5043 Segtter._
2349 4960 2592 5043 γενητῴν
2628 4960 2841 5043 ’φύσιςη
2886 4960 3017 5043 Ibid.
3043 4965 3259 5043 λείψω..
3283 4960 3414 5043 βας.

1845 5033 2065 5098 Gobler.
2098 5033 2372 5096 et'Felck;
2394 5040 2446 5105 1,
2471 5033 2581 5092 ’Διὸ
2609 5033 2703 5091 καὶ
2729 5041 2758 5092 ὸ
2788 5037 2907 5107 μὲν,
2937 5036 3012 5101 ὡς
3043 5035 3190 5097 Υἱός.
3231 5033 3336 5086 Alii
3364 5043 3419 5087 et

1844 5113 2015 5168 editio
2048 5111 2314 5166 Commel.
2348 5110 2440 5162 Διὸ
2468 5111 2561 5163 καὶ
2588 5111 2616 5163 ὁ
2654 5110 2750 5179 μὲν
2768 5108 2925 5179 Υἱός.

1916 5182 2026 5255 (94)
2067 5181 2436 5255 Mss._om_nes,
2469 5173 2866 5255 Σουμιπινίτιδοςἒ
2922 5175 3063 5255 Editi
3092 5173 3397 5255 Eouvaultt

1842 5245 2142 5321 60$..Apud
2198 5251 2537 5321 Scripturam
2580 5245 2780 5321 legitur
2831 5249 2961 5321 Reg.
2991 5247 3044 5305 4,
3091 5245 3414 5316 Σωμανίτις.

1844 5317 2091 5393 Vulgata
2116 5322 2299 5387 habet,
2324 5317 2668 5393 'Sgnamitis,
2683 5319 2835 5393 juxta
2852 5317 3152 5393 “Hebraeum
3184 5326 3414 5393 textum.

1913 5385 2025 5464 (95)
2065 5385 2353 5464 Gobler.et
2370 5390 2549 5464 F810}.
2572 5391 2622 5454 l,
2641 5385 2713 5452 ὡς
2741 5390 2900 5464 ἡμεῖς
2916 5388 3008 5440 καὶ
3023 5385 3204 5464 τοῦτο,
3222 5386 3414 5464 0_miss_.

1842 5455 2201 5518 intermediis.
2240 5460 2443 5515 Ibidem
2475 5460 2701 5529 Seguer.
2732 5455 2943 5529 Anglic.
2978 5461 3032 5511 et
3060 5455 3289 5529 Μαι,
3320 5456 3417 5529 και

1839 5534 1998 5588 τοῦτο
2043 5531 2101 5585 δέ
2149 5524 2743 5603 φιλανθρωπευόμενος.
2790 5524 2848 5582 ιῦ
2901 5529 3023 5582 aliis
3068 5536 3122 5581 et
3168 5528 3327 5580 editis
3356 5524 3415 5579 δέ

1841 5605 2012 5659 deest.

1913 5674 2023 5744 (96)
2064 5672 2289 5744 segner.
2340 5671 2643 5744 ὃταν-Υἱὸς
2698 5670 2795 5744 τὴν
2849 5668 3055 5744 δούλου.
3092 5665 3214 5744 M0}
3244 5665 3410 5731 idem,

1841 5737 2060 5802 Gobler.
2094 5737 2275 5801 Félck.
2310 5744 2335 5798 1
2372 5754 2431 5800 et-
2459 5742 2512 5813 5,
2542 5741 2723 5797 ἐκτισέ
2754 5737 2843 5812 με,
2880 5739 2953 5812 μὴ
2986 5737 3380 5813 ἀρνείσθωσαντ.
