3840 6220
201 357 309 415 261

1357 359 1618 417 ORATIO
1650 360 1690 415 II
1717 360 2000 418 CORTRA
2039 361 2369 418 ARIANOS.

3376 369 3484 427 €63

202 471 448 547 μορφὴν
481 472 659 527 ἔλαϐε
688 470 794 525 τοῦ
822 470 1046 526 δούλου
1067 488 1080 503 ·
1110 473 1233 527 τότε
1265 473 1377 546 (50)
1408 474 1518 545 γὰρ
1545 475 1781 547 ἐπιφέρει

1902 478 2018 532 lucc
2048 479 2230 544 verba,
2268 479 2496 548 {orntum
2522 480 2657 533 servi
2698 480 2895 551 accepit
2921 489 3097 537 :~tunc
3122 482 3267 537 enim
3302 487 3486 558 subje-

208 568 383 636 λέγων
404 584 417 598 ·
467 563 907 618 Ἐταπείνωσεν
929 563 1149 618 ἑαυτὸν
1166 564 1347 634 μέχρι
1390 565 1672 631 θανάτου,
1693 570 1796 621 θα-

204 660 391 713 νάτου
429 655 501 709 δὲ
546 653 845 722 σταυροῦ·
892 654 981 707 διὰ
1026 652 1202 708 ταῦτα
1248 654 1359 728 γάρ
1404 656 1499 709 καὶ
1537 656 1673 728 σὰρξ
1702 657 1796 726 γέ-

205 767 333 821 τονε
375 749 473 803 καὶ
507 745 720 819 μορφὴν
755 746 913 800 ἔλαϐε
948 746 1156 800 δούλου.

274 841 366 896 51L
408 840 583 903 Ὰὺτός
621 856 681 892 τε
710 840 739 891 6
771 838 975 910 Κύριος
1017 839 1127 909 (51)
1163 839 1334 892 πολλὰ
1369 840 1482 912 ,μὲν
1516 842 1574 895 ὲν
1605 859 1798 913 παροι-

190 934 360 1004 μίαις
386 931 674 1003 λελάληκε,
713 930 845 1001 περὶ
889 930 947 983 δὲ
990 930 1155 983 αὑτοῦ
1192 931 1496 1002 σημαίνων,
1532 933 1796 987 ἀπολελυ-

205 1027 386 1097 μένως
411 1023 671 1096 εἴρηκεν·
715 1023 863 1094 Ἐγὼ
892 1025 963 1077 ἐν
1005 1024 1086 1089 τῷ
1128 1025 1331 1092 Πατρὶ,
1379 1024 1479 1079 καὶ
1523 1029 1555 1079 ὀ
1595 1024 1797 1096 Πατὴρ

200 1119 271 1171 ἐν
295 1119 435 1187 ἐμοί
452 1134 466 1147 ·
502 1116 634 1171 καί·
671 1116 819 1185 Ἐγὼ
854 1115 955 1169 καὶ
987 1119 1019 1170 ό
1050 1115 1252 1185 Πατὴρ
1294 1117 1365 1172 ἓν
1395 1118 1584 1187 ἐσμεν
1608 1134 1623 1149 ο
1659 1118 1753 1172 καὶ
1778 1159 1793 1183 ,

212 1208 274 1263 Ὀ
317 1208 595 1277 ἑωρακὼς
643 1207 768 1276 ἐμὲ,
804 1207 1026 1276 ἑώρακε
1052 1210 1160 1262 τὸν
1186 1210 1439 1278 Πατέραο
1475 1211 1607 1263 καίπ
1654 1210 1825 1281 Ἐγώ’

202 1306 318 1372 ειμι
347 1302 417 1356 τὸ
453 1300 582 1371 φῶς
604 1301 720 1354 ’τοῦ
754 1302 1019 1368 κόσμου·
1066 1301 1182 1354 καί’
1239 1302 1388 1371 Ἐγώ
1415 1304 1533 1373 ειμι
1558 1304 1596 1372 ἡ
1641 1303 1795 1373 ἀλή-

203 1397 363 1447 θεια’
400 1394 462 1446 οὐ
496 1392 665 1456 τιθεὶς
697 1393 782 1461 ἐφ’
815 1392 1050 1445 ἑκάστου
1078 1391 1177 1464 τὴν
1215 1390 1416 1458 αἰτίαν,
1458 1393 1579 1446 οὐδὲ
1612 1393 1672 1447 τὸ
1707 1394 1796 1450 διὰ

200 1483 285 1549 τί,
340 1484 434 1537 ωσι
477 1481 552 1555 μὴ
618 1481 870 1553 δεύτερος
915 1482 1139 1535 ἐκείνων
1189 1478 1328 1537 εἶναι
1372 1484 1664 1556 φαίνηται,
1719 1478 1793 1539 ὧν

201 1576 364 1646 χάριν
419 1574 515 1628 καὶ
562 1573 804 1643 γέγονεν.
868 1574 1110 1645 Ἀνάγκη
1143 1573 1251 1647 γὰρ
1306 1575 1669 1646 προηγεῖσθαι
1696 1575 1793 1648 τῂν

203 1665 386 1717 αἰτίαν
434 1664 649 1728 τοῦτον,
687 1660 756 1737 ἧς
790 1664 918 1719 ἄνευ
953 1665 1054 1718 οὐκ
1090 1665 1156 1718 ἂν
1184 1665 1293 1718 οὐδ’
1326 1665 1487 1729 αὐτὸς
1528 1667 1790 1735 ἐγεγόνει.

192 1755 420 1819 ’Παῦλος
433 1756 564 1826 γοῦν
588 1756 970 1827 ἀφωρισμένος
992 1757 1289 1822 ἀπόστολος
1322 1761 1405 1823 είς
1438 1761 1789 1831 Εὑαγγέλιον,

1899 566 1974 619 cit
2005 584 2018 618 :
2051 567 2378 620 Humiliavit
2415 569 2751 638 semetipsum
2789 587 2949 641 usque
2974 572 3044 625 ad
3073 583 3316 641 mortem,
3341 593 3486 632 mor-

1900 666 2001 711 tem
2028 666 2202 710 autent
2227 658 2420 712 crucis.
2450 656 2577 714 liter.
2603 661 2748 715 enim
2794 677 2959 717 causa
2993 673 3080 719 est
3105 682 3206 719 cur
3244 665 3483 726 Verbum

1898 763 2029 801 caro
2060 747 2262 803 factum
2296 757 2380 803 est
2408 762 2462 804 et
2486 752 2628 805 servi
2663 753 2873 823 accepit
2904 755 3161 811 formam.

1969 840 2058 895 54.
2102 840 2221 911 Ipse
2276 841 2442 896 etiam
2476 841 2741 899 Dominus
2775 847 2947 901 multa
2986 849 3208 917 quidem
3247 850 3304 905 in
3353 867 3485 923 pro-

1898 934 2102 989 verbiis
2134 935 2385 989 elocutus
2427 945 2533 999 est,
2588 937 2681 991 sed
2727 953 2851 993 cum
2893 940 2960 993 de
2993 942 3175 1011 seipso
3217 942 3481 1014 loquitur,

1898 1024 2147 1079 absolute
2173 1025 2339 1080 dicit:
2377 1024 2489 1097 Ego
2529 1029 2580 1081 in
2614 1027 2776 1083 Patre
2794 1038 2852 1082 et
2890 1030 3057 1085 Pater
3080 1034 3138 1086 in
3172 1051 3253 1089 me
3287 1048 3362 1091 est
3388 1037 3479 1105 ἰς

1897 1125 1983 1171 et:
2020 1114 2132 1187 Ego
2153 1128 2203 1170 et
2229 1115 2393 1171 Pater
2423 1135 2585 1172 unum
2626 1136 2808 1174 sumus
2831 1119 2940 1189 3“;
2970 1132 3055 1177 et:
3084 1124 3188 1189 Qui
3220 1126 3351 1181 vidit
3378 1144 3481 1194 me,

1895 1208 2025 1262 vidit
2077 1207 2292 1263 Patrem
2330 1207 2419 1276 ⁸⁸;
2468 1218 2523 1264 et
2552 1229 2573 1263 γε
2608 1209 2718 1281 Ego
2754 1228 2870 1265 sum
2907 1211 2999 1267 lux
3049 1215 3235 1268 mundi
3271 1215 3353 1283 ⁸⁶ς
3389 1228 3479 1272 et:

1898 1298 2011 1370 Ego
2055 1316 2175 1354 sum
2216 1302 2408 1355 veritas
2443 1302 2529 1356 5":
2575 1303 2776 1373 quibus
2825 1304 2878 1356 in
2935 1305 3074 1360 Iocis
3113 1307 3261 1360 nulla
3311 1323 3479 1364 causa

1896 1401 2237 1457 recensetur,
2258 1407 2359 1447 nec
2378 1391 2599 1448 aliertur
2631 1394 2770 1448 ratio
2796 1410 2895 1448 cur
2913 1394 2990 1473 ita
3022 1398 3112 1463 sit,
3135 1412 3198 1452 ne
3225 1398 3332 1453 illis
3359 1414 3480 1456 esse

1896 1480 2170 1533 videretur
2242 1481 2547 1550 posterior,
2605 1497 2840 1552 quorum
2904 1498 3069 1539 causa
3144 1485 3318 1543 factus
3371 1498 3477 1545 est.

1883 1568 2177 1640 'Siquidem
2234 1588 2458 1627 necesse
2502 1582 2588 1629 est
2643 1590 2865 1629 causam
2925 1576 3019 1631 illo
3062 1578 3302 1647 priorem
3356 1595 3481 1638 esse

1895 1662 2014 1717 sine
2066 1678 2175 1732 qua
2231 1679 2331 1719 nec
2379 1665 2545 1720 etiam
2594 1667 2709 1736 ipse
2773 1666 2950 1724 factus
3002 1668 3219 1726 fuisset.
3275 1670 3481 1730 Paulus

1895 1756 2116 1826 quidem
2203 1767 2520 1829 segregatus
2603 1762 2886 1829 apostolus
2958 1761 3015 1816 in
3097 1761 3477 1836 Evangelium,

196 1850 230 1903 ὖ
265 1852 753 1923 προεπηγγείλατο
792 1854 820 1906 6
843 1852 1048 1924 Κύριος
1074 1852 1163 1907 διὰ
1187 1853 1295 1907 τῶν
1324 1856 1641 1927 προφητῶν,
1678 1852 1781 1929 εἶχε

1895 1847 2055 1919 413
2081 1850 2225 1919 quod
2250 1860 2376 1904 ante
2405 1851 2733 1921 promiserat
2775 1852 3049 1910 Dominus
3089 1870 3185 1925 per
3237 1859 3477 1929 prophe-

204 1947 311 2015 πρὸ
344 1943 541 1997 ἑαυτοῦ
573 1944 635 1997 τδ
675 1942 1029 2012 Εὐαγγέλιον,
1069 1936 1131 1997 οὗ
1158 1946 1257 1999 κα).
1276 1946 1469 2014 γέγονε
1507 1947 1786 2013 διάκονος·

200 2037 298 2090 καὶ
334 2037 365 2089 6
408 2034 659 2107 Ἰωάννης
702 2036 801 2106 μὲν
844 2035 979 2105 (52),
1020 2035 1423 2108 προχειρισθεὶς
1446 2038 1527 2101 είς
1553 2037 1614 2092 τὸ
1656 2056 1793 2111 προ-

204 2126 430 2180 οδεῦσαι
463 2126 558 2180 τοῦ
594 2126 825 2197 Κυρίου,
857 2127 979 2199 πρὸ
1013 2128 1205 2182 ἑαυτοῦ
1258 2124 1372 2198 εἶχε
1411 2129 1502 2182 τὸν
1551 2129 1787 2201 Κύριον·

197 2220 228 2271 6
268 2218 327 2272 δὲ
370 2218 576 2292 Κΰριος
619 2218 721 2272 οὐκ
764 2217 904 2288 ἔχων
949 2220 1056 2292 πρὸ
1098 2219 1295 2274 ἑαυτοῦ
1326 2221 1437 2291 (55)
1476 2221 1656 2276 αἰτίαν
1694 2222 1788 2276 τοῦ

198 2310 339 2368 εἶναι
388 2312 644 2384 Λόγος,ἥ
688 2311 846 2382 μόνον
881 2313 962 2366 ὃτι
993 2313 1088 2366 τοῦ
1124 2313 1337 2385 Πατρός
1382 2314 1498 2367 ἐστι
1541 2315 1790 2386 γέννημα

199 2407 295 2460 καὶ
330 2406 495 2477 σοφία
545 2406 857 2477 μονογενὴς,
892 2406 1020 2459 ὅταν
1068 2405 1357 2477 ἄνθρωπος
1393 2406 1506 2477 (54)
1550 2410 1783 2476 γίνεται,

197 2499 318 2552 τότε
344 2497 443 2552 καὶ
484 2497 582 2570 τὴν
623 2497 800 2551 αἰτίαν
828 2497 1032 2568 τίθησι,
1062 2498 1129 2551 δι’
1162 2499 1229 2569 ἢν
1268 2498 1450 2569 μέλλει
1487 2499 1666 2573 σάρκα
1693 2519 1790 2571 φο-

201 2594 335 2661 ρεῖν.
373 2590 705 2661 Προηγεῖται
740 2588 851 2662 γὰρ
882 2589 976 2643 τοῦ
1015 2588 1269 2659 γενέσθαι
1307 2591 1471 2644 αὑτὸν
1499 2591 1786 2663 ἄνθρωπον

196 2684 229 2752 ἠ
270 2680 382 2735 τῶν
421 2680 724 2752 ἀνθρώπων
754 2681 932 2752 χρεία,
977 2676 1046 2752 ἦς
1072 2682 1199 2735 ἄνευ
1246 2682 1346 2735 οὐκ
1390 2682 1456 2736 ἂν
1499 2682 1787 2739 ἐνεδύσατο

199 2775 399 2846 σάρκα.
432 2773 529 2838 Τίς
548 2773 664 2844 δὲή
698 2773 875 2844 χρεία,
908 2773 974 2826 δι’
1000 2769 1066 2845 ἧν
1096 2773 1316 2843 γέγονεν
1350 2773 1655 2846 ἄνθρωπος,
1688 2778 1787 2831 αὐ-

196 2867 285 2930 τὸς
316 2866 419 2937 μὲν
456 2868 485 2920 6
511 2865 717 2937 Κύριος
757 2866 1038 2937 σημαίνων
1077 2866 1280 2937 ταύτην
1310 2866 1493 2935 ἔλεγε·
1528 2868 1785 2923 Καταὸἐι

198 2960 354 3025 δηκα
381 2957 453 3010 ἐκ
483 2955 592 3010 τοῦ
633 2958 916 3025 οὐρανοῦ,
941 2960 1055 3027 οὐχ
1083 2959 1186 3013 ἵνα
1211 2958 1444 3028 ποιήσω
1476 2959 1587 3030 (55)
1610 2960 1675 3014 τὸ
1702 2959 1787 3015 θέ-

195 3052 363 3118 λημα
383 3048 451 3103 τὸ
470 3048 642 3119 ἐμὸν,
665 3050 826 3105 ἀλλὰ
849 3049 916 3102 τὸ
935 3049 1167 3119 θέλημα
1187 3051 1293 3105 τοῦ
1313 3050 1663 3120 πέμψαντός
1682 3069 1779 3122 με.

202 3141 383 3195 τοῦτο
407 3140 477 3195 δέ
503 3142 634 3196 ἐστι
665 3141 733 3195 τὸ
766 3140 998 3211 θέλημα
1032 3142 1139 3196 τοῦ
1183 3141 1532 3211 πέμψαντός
1555 3161 1652 3212 με,
1682 3146 1783 3198 ἵνα

1898 1949 1981 1994 tas
2012 1941 2079 2005 ⁸⁸,
2138 1940 2491 2012 Evangelium
2540 1944 2698 2013 cujus
2749 1945 3080 2001 administer
3144 1947 3321 2005 factus
3369 1961 3475 2018 est,

1892 2027 2048 2096 prius
2066 2043 2122 2083 se
2140 2028 2349 2083 habuit.
2370 2028 2610 2087 Joannes
2629 2042 2813 2088 autem
2831 2036 2920 2090 cui
2943 2034 3176 2091 Domino
3193 2041 3476 2108 praeeundi

1892 2133 2093 2175 munus
2126 2119 2301 2176 fuerat
2341 2124 2723 2189 commissum,
2758 2127 2995 2195 priorem
3042 2144 3262 2199 quoque
3290 2146 3350 2185 se
3377 2131 3476 2186 ha-

1888 2208 2007 2264 buit
2037 2209 2349 2267 Dominum.
2383 2212 2453 2266 At
2478 2212 2742 2270 Dominus
2772 2218 2864 2287 qui
2890 2218 3097 2273 nullam
3120 2235 3341 2275 causam
3376 2237 3476 2277 cur

1890 2301 2213 2358 sit'Verbum
2243 2307 2509 2375 agnoscit,
2530 2308 2633 2361 nisi
2658 2317 2868 2363 tantum
2892 2311 3037 2380 quod
3053 2310 3229 2368 Patris
3251 2322 3305 2367 et
3328 2313 3473 2369 fetus

1887 2400 1942 2446 et
1974 2393 2239 2463 sapientia
2256 2404 2339 2450 cst
2356 2396 2632 2466 unigenita
2653 2415 2668 2464 ;
2692 2413 2816 2452 cum
2833 2399 2892 2453 [it
2907 2401 3074 2455 homo
3094 2412 3223 2456 tunc
3242 2417 3469 2458 causam

1888 2485 2119 2551 indicat,
2156 2498 2376 2558 propter
2419 2506 2583 2559 quam
2634 2506 2853 2547 carnem
2888 2502 3102 2564 gestare
3134 2494 3348 2551 debeat.
3391 2494 3469 2551 Illi

1886 2579 2031 2634 enim
2085 2578 2231 2635 facto
2275 2581 2484 2636 homini
2525 2585 2792 2639 antecedit
2824 2585 3112 2640 hominum
3142 2589 3466 2653 necessitas,

1887 2671 2006 2726 sine
2028 2686 2135 2742 qua
2162 2682 2380 2729 carnem
2411 2673 2635 2730 minime
2669 2676 2956 2754 induisset.
2990 2677 3123 2744 Quae
3153 2689 3335 2735 autem
3375 2682 3467 2738 illa

1887 2760 1959 2815 sit
1997 2763 2315 2829 necessitas,
2346 2775 2568 2835 propter
2611 2783 2775 2836 quam
2817 2768 2994 2824 factus
3024 2771 3190 2825 homo
3219 2781 3322 2837 est,
3351 2773 3468 2843 ipse

1885 2850 2151 2909 Dominus
2190 2855 2276 2911 bis
2310 2857 2491 2913 verbis
2528 2861 2785 2929 exponit:
2816 2861 3073 2916 Descendi
3113 2854 3176 2918 de
3197 2867 3328 2919 ccelo
3360 2883 3465 2923 non

1885 2955 1941 2997 ut
1978 2944 2177 3014 faciam
2202 2946 2525 3002 voluntatem
2549 2967 2738 3017 meam,
2769 2954 2861 3007 sed
2891 2956 3214 3010 voluntatem
3234 2958 3346 3028 ejus
3373 2958 3469 3030 qui

1884 3035 2032 3088 misit
2064 3052 2163 3089 me.
2198 3036 2330 3092 Haec
2361 3049 2437 3094 est
2457 3053 2631 3095 autem
2663 3044 2906 3099 voluntas
2930 3045 3044 3115 ejus
3071 3050 3162 3118 qui
3189 3050 3335 3103 misit
3364 3066 3465 3119 me,

1886 3131 1945 3175 ut
1972 3139 2123 3178 omne
2146 3126 2286 3196 quod
2306 3128 2451 3183 dedit
2484 3132 2614 3185 mihi
2655 3149 2758 3187 non
2795 3138 3015 3203 perdam
3051 3152 3116 3191 ea:
3149 3154 3231 3205 eo,
3260 3140 3351 3193 sed
3379 3157 3464 3197 rs-

194 3229 341 3295 πᾶν,
371 3230 404 3284 ὃ
435 3229 659 3285 δέδωκέ
684 3248 805 3301 μοι,
837 3229 924 3300 μὴ
964 3230 1248 3286 ἀπολέσω
1280 3232 1351 3297 ἐξ
1382 3233 1589 3292 αὐτοῦ,
1622 3234 1781 3288 ἀλλὰ

1895 3217 2134 3269 suscitem
2204 3217 2343 3272 illud
2390 3222 2443 3274 in
2477 3224 2760 3278 novissimo
2795 3226 2898 3279 die.
2938 3227 3069 3282 Htec
3103 3239 3180 3282 est
3207 3232 3345 3284 enim
3370 3247 3464 3285 vo-

194 3323 527 3391 ἁναστήσω
554 3324 701 3378 αὐτὸ
732 3323 844 3395 (56)
871 3325 941 3378 ἐν
971 3323 1048 3393 τῇ
1076 3324 1307 3394 ἐσχάτῃ
1346 3323 1538 3394 ἡμέρᾳ
1556 3343 1570 3356 ο
1609 3327 1786 3380 τοῦτο

192 3408 305 3478 γάρ
331 3410 469 3462 ἐστι
496 3407 565 3461 τὸ
608 3408 838 3477 θέλημα
863 3408 968 3462 τοῦ
1001 3410 1235 3477 Πατρός
1277 3426 1421 3478 μου,
1463 3409 1564 3461 ἵνα
1590 3407 1710 3473 πᾶς
1752 3412 1786 3463 ό

193 3500 434 3570 θεωρῶν
458 3501 567 3554 τὸν
595 3501 732 3555 Υὶόν
746 3502 845 3555 καὶ
867 3503 1168 3555 πιστεύων
1193 3503 1281 3567 είς
1294 3500 1481 3555 αὐτὸν
1501 3500 1612 3571 ἔχῃ
1630 3499 1783 3570 ζωὴν

189 3593 458 3658 αιώνιον,
490 3594 591 3647 καί
620 3592 735 3662 ἐγὼ
766 3593 1102 3663 ἀναστήσω
1128 3592 1320 3647 αὐτὸν
1351 3590 1515 3660 ἐντῇ
1543 3591 1776 3662 ἐσχάτῃ

188 3686 404 3754 ήμέριιο
457 3686 569 3739 καὶ
594 3684 755 3738 πάλιν
775 3702 791 3715 ‘
839 3685 979 3755 Ἐγὼ
1006 3683 1132 3754 φῶς
1145 3686 1233 3749 είς
1254 3683 1360 3737 τὸν
1389 3685 1622 3752 κόσμον
1645 3683 1780 3753 ἐλή-

187 3776 369 3841 λυθα,
396 3775 500 3826 ἵνα
524 3772 644 3841 πᾶς
670 3776 704 3827 ό
719 3775 1024 3828 πιστεύων
1041 3777 1130 3840 εὶς
1156 3773 1261 3842 ἐμὲ
1287 3772 1442 3841 ἐντῇ
1461 3772 1673 3840 σκοτίᾳ
1686 3772 1774 3841 μὴ

182 3865 388 3933 μείνῃ.
409 3864 520 3918 Καὶ
542 3865 701 3919 πάλιν
728 3866 839 3937 (57)
871 3867 1066 3936 φησίν
1098 3864 1238 3934 Ἐγὼ
1256 3867 1342 3931 είς
1370 3864 1546 3919 τοῦτο
1576 3864 1777 3934 γεγέν-

187 3948 396 4024 νημαι,
432 3954 533 4009 καὶ
560 3959 648 4022 εὶς
667 3957 844 4010 τοῦτο
864 3956 1137 4026 ἐλήλυθα
1165 3958 1253 4021 εὶς
1278 3955 1387 4009 τὸν
1406 3956 1654 4025 κόσμον,
1678 3956 1779 4009 ἵνα

1889 3307 2071 3363 luutas
2099 3307 2283 3366 Patris
2314 3315 2435 3377 mei,
2471 3323 2528 3368 ut
2559 3318 2727 3372 omnis
2757 3318 2848 3383 qui
2874 3321 3011 3374 videt
3056 3318 3256 3375 Fitium
3280 3332 3328 3375 et
3352 3340 3472 3378 cre-

1886 3401 1965 3454 dit
1994 3403 2048 3455 in
2078 3418 2217 3467 eum,
2243 3403 2430 3459 habeat
2465 3407 2625 3460 vitam
2653 3420 2926 3478 aeternam,
2944 3421 2991 3465 et
3019 3429 3112 3483 ego
3141 3415 3470 3468 resuscitabo

1882 3508 2004 3546 eum
2037 3495 2095 3547 in
2119 3497 2403 3551 novissimo
2423 3496 2511 3552 die
2525 3499 2591 3552 ".
2622 3499 2685 3553 Et
2714 3517 2939 3557 rursus:
2970 3502 3081 3573 Ego
3113 3503 3207 3556 lux
3233 3504 3289 3557 in
3309 3521 3464 3558 mun-

1882 3587 2010 3639 dum
2031 3588 2165 3652 veni,
2197 3598 2255 3642 ut
2285 3592 2457 3645 omnis
2486 3593 2577 3662 qui
2610 3594 2776 3648 credit
2812 3596 2869 3648 in
2897 3612 2998 3663 me,
3024 3598 3076 3649 in
3104 3596 3329 3651 tenebris
3357 3614 3465 3653 non

1883 3691 2093 3733 maneat
2119 3680 2183 3734 ⁶⁰.
2215 3679 2301 3743 Ει,
2333 3681 2443 3752 Ego
2484 3684 2538 3736 in
2566 3684 2662 3737 hoc
2692 3695 2849 3740 natus
2889 3703 3025 3753 sum,
3060 3698 3109 3742 et
3135 3688 3205 3741 ad
3228 3688 3325 3743 hoc
3349 3690 3465 3744 veni

1883 3772 1938 3825 in
1983 3773 2258 3841 mundum,
2295 3785 2350 3828 ut
2401 3777 2759 3830 testimonium
2801 3779 3102 3846 perltibeam
3158 3782 3463 3836 veritati“.

1884 3863 2086 3919 Scribit
2109 3880 2326 3935 quoque
2349 3864 2589 3923 Joannes
2612 3887 2625 3922 :
2654 3867 2719 3922 In
2743 3870 2839 3923 hoc
2861 3873 3109 3940 apparuit
3137 3871 3313 3927 Filius
3338 3871 3463 3940 Dei,

1884 3963 1943 4009 ut
1971 3956 2228 4010 dissotvat
2251 3973 2411 4027 opera
2435 3958 2635 4013 diaboli
2654 3962 2718 4015 ⁶².

184 4048 561 4118 μαρτυρήσω
591 4047 666 4117 τῇ
697 4049 973 4119 ἀληθείᾳ.
1030 4050 1089 4103 '0
1133 4049 1193 4103 δὲ
1242 4047 1492 4120 Ἰωάννης
1546 4047 1780 4120 ἔγραψεν
1824 4047 1971 4120 (58)·
1997 4051 2101 4117 Εὶς
2146 4050 2323 4105 τοῦτο
2381 4052 2721 4122 ἐφανερώθη
2759 4057 2796 4108 ό
2826 4054 2959 4121 Υἱὸς
2995 4054 3103 4110 τοῦ
3162 4054 3331 4121 Θεοῦ,
3359 4056 3461 4112 ἵνα

187 4139 357 4209 λύσῃ
391 4140 465 4192 τὰ
497 4138 641 4209 ἔργα
672 4139 780 4193 τοῦ
816 4140 1119 4196 διαϐόλου.

259 4230 355 4286 ἕεί.
389 4231 490 4285 Διὰ
520 4230 580 4284 τὸ
608 4233 954 4305 μαρτυρῆσαι
985 4234 1124 4306 ἄρα,
1163 4234 1258 4287 καὶ
1288 4234 1428 4307 ὑπὲρ
1458 4235 1613 4306 ἡμῶν
1644 4247 1776 4289 ανα-

187 4322 446 4389 δέξασθαι
475 4323 588 4394 (59)
615 4324 863 4391 θάνατον,
896 4326 990 4379 καὶ
1010 4326 1100 4380 διὰ
1120 4327 1181 4380 τὺ
1206 4327 1505 4399 ἀναστῆσαι
1529 4328 1656 4391 τοὺς
1681 4328 1776 4380 ἀν-

1950 4230 2040 4285 55.
2071 4228 2258 4299 Itaque
2292 4229 2498 4285 idcirco
2527 4230 2675 4283 venit
2710 4227 2959 4311 Salvator
2992 4240 3050 4285 ut
3085 4235 3457 4295 testimonium

1881 4323 2211 4393 perhiberet,
2241 4330 2296 4376 et
2328 4329 2560 4376 mortem
2591 4336 2690 4391 pro
2718 4322 2877 4377 nobis
2914 4324 3238 4395 susciperet,
3272 4330 3456 4386 homi—

189 4414 448 4487 θρώπους
466 4456 480 4483 ,
504 4416 598 4470 καὶ
624 4415 783 4471 λῦσαι
806 4417 877 4471 τὰ
898 4418 1036 4490 ἔργα
1063 4418 1157 4472 τοῦ
1177 4419 1424 4473 διαϐόλου
1458 4418 1718 4490 ἐλήλυθεν
1744 4420 1772 4471 6

1895 4430 2083 4485 iesque
2108 4414 2174 4468 ad
2209 4414 2375 4467 vitam
2406 4421 2705 4480 revocaret,
2734 4429 2799 4468 ac
2830 4413 3029 4469 diaboli
3066 4431 3229 4485 opera
3257 4420 3455 4476 dissol-

261 4570 311 4603 “
342 4569 503 4629 Joan.
539 4587 650 4636 xtv,
683 4574 772 4628 IO.
846 4574 914 4606 “'
953 4572 1114 4627 Joan.
1146 4589 1203 4636 κ,
1236 4572 1324 4626 50.
1400 4572 1447 4604 ⁸⁸
1485 4569 1641 4626 Joan.
1672 4583 1781 4635 xw,

1947 4568 1995 4600 ⁸⁸
2033 4566 2442 4637 Joan.vm,12.
2520 4567 2566 4637 ἔτ
2600 4564 2758 4621 Joan.
2792 4583 2901 4634 xw,
2920 4567 2972 4622 6.
3050 4569 3098 4601 ⁸⁸
3135 4568 3292 4627 Rom.
3328 4588 3365 4637 ι,
3399 4574 3457 4629 1.

187 4642 237 4675 ’³
276 4639 440 4696 Joan.
469 4657 547 4707 vi,
580 4644 670 4707 58,
699 4643 790 4698 40.
869 4644 914 4676 ⁶⁰
951 4642 1111 4699 Joan.
1144 4658 1243 4708 ιιι,
1270 4642 1361 4697 46.
1443 4642 1485 4674 ⁸⁸
1526 4642 1685 4698 Joan.
1718 4655 1781 4694 xv

1897 4638 1985 4693 57.
2066 4638 2112 4670 “
2155 4636 2170 4689 I
2201 4636 2360 4691 Joan.
2393 4653 2474 4699 Ill,
2511 4636 2564 4690 8.

259 4753 377 4825 (50)
418 4752 597 4825 Editio
628 4756 895 4813 Commel.
931 4759 1070 4813 τόδε.
1102 4757 1232 4813 Mss.
1262 4758 1406 4811 τότε.

261 4845 397 4919 (51)
422 4846 645 4919 Seguer.
688 4856 743 4902 et
773 4848 907 4919 Reg.
960 4849 1131 4919 Αὐτός
1177 4865 1236 4919 τε
1268 4850 1296 4901 6
1326 4846 1573 4919 Κύριοςζ
1589 4845 1691 4919 Alii
1716 4858 1774 4919 et

186 4917 345 4991 editi,
372 4916 545 4991 Αὐτός
574 4916 974 4991 δὲηό-Κύριος.
1021 4917 1142 4974 Mox
1188 4916 1429 4989 Seguer.‘
1451 4927 1504 4972 et
1534 4916 1679 4973 FeIe.
1712 4918 1768 4983 5,

184 4989 248 5041 ἐν
271 4987 598 5057 παροιμίαις
626 4987 904 5060 ἐλάλησεν.

261 5076 398 5152 (52)-
421 5076 647 5152 Seguer.
682 5079 776 5132 καὶ
827 5079 1077 5152 Ἰωάννης
1113 5080 1189 5152 δέ.
1219 5078 1421 5152 Ibidem
1452 5075 1685 5152 Felc._2,
1723 5084 1778 5152 et

184 5144 624 5222 edi_t._'CommcI.
658 5144 1071 5222 προχειρισθεὶς,
1103 5144 1164 5204 οὗ
1194 5152 1288 5222 καὶ
1308 5148 1548 5218 γέγονεν,
1579 5149 1658 5211 είς
1690 5148 1771 5214 τό,

184 5228 293 5273 etc.
332 5214 391 5271 In
418 5219 631 5274 caeteris
662 5214 933 5275 omittitur
957 5217 1018 5275 οὗ
1036 5214 1145 5275 καὶ
1175 5214 1396 5290 γέγονεν

258 5306 387 5380 (55)
416 5307 548 5380 Mss.
580 5326 794 5375 omnes,
822 5311 931 5380 πρὸ
959 5311 1173 5366 ἑαυτοῦ.
1207 5310 1370 5373 Editi,
1396 5310 1533 5380 πρὸς
1552 5308 1768 5363 ἑαυτοῦ.

182 5378 324 5433 Ibid.
338 5378 480 5451 βεδε.
504 5379 643 5451 Βεε.
664 5380 822 5435 Gobl.

896 5383 1000 5437 elc.
1040 5383 1155 5449 μοι
1187 5381 1245 5444 5,‘
1270 5380 1365 5434 τοῦ
1405 5380 1545 5436 εἶναι
1573 5380 1766 5449 Λόγος,

184 5460 246 5504 ut
263 5458 320 5521 et
337 5447 829 5506 Nannius'videtur
850 5452 1066 5521 legisse,
1099 5452 1191 5520 qui
1218 5466 1418 5521 nempe
1446 5451 1629 5521 vertit,
1662 5447 1770 5521 non

1954 4751 2064 4825 (55)
2108 4752 2331 4823 Seguer.
2367 4751 2522 4805 ποιῶ.

1950 4844 2063 4915 (56)
2106 4843 2331 4915 βεειιειξ.
2364 4841 2494 4913 Reg.
2523 4851 2576 4898 et
2600 4842 2781 4915 Felck.
2816 4845 2870 4908 4,
2905 4843 3305 4915 αὐτόεΕόίιίει
3334 4847 3448 4914 alii,

1879 4913 2057 4993 εὒτόν.
2108 4913 2241 4993 Ibid:
2294 4913 2680 4993 Seguerlabrb
2705 4917 2781 4993 τῇ
2798 4915 3019 4993 ἐσχάτη.
3060 4913 3189 4969 Ibid.
3225 4914 3446 4993 Seguer.

1883 4985 2053 5071 Τοξτο
2080 4984 2188 5066 ⁸ίάρ
2218 4985 2334 5037 ἐστι
2365 4983 2429 5071 τό
2450 4983 2667 5071 θέλημα
2690 4983 2784 5037 τοῦ
2820 4983 3195 5071 ῌάτρόςῗμομ,
3226 4983 3454 5071 {va—fta;

1881 5057 1910 5108 6
1948 5052 2185 5124 θεωρῶν.
2229 5093 2243 5109 .
2287 5092 2303 5107 .
2344 5054 2437 5124 καὶ
2484 5052 2615 5124 ὲγῶᾉ
2644 5052 2951 5123 ἀναστήσω,
2981 5052 3084 5124 etc.
3120 5052 3273 5108 Hunc
3320 5055 3447 5108 item

1882 5122 2100 5180 versum
2155 5125 2360 5179 habent
2406 5122 2538 5193 Reg.
2590 5122 2751 5193 Basil.
2793 5122 3004 5188 Anglic.
3034 5123 3213 5178 Felck.
3239 5124 3273 5178 4
3305 5132 3358 5177 et
3391 5125 3443 5178 5.

1884 5195 1988 5250 Sed
2038 5195 2091 5248 in
2144 5193 2275 5264 Reg.
2321 5195 2473 5264 deest
2498 5192 2617 5246 ἐστι
2651 5192 2713 5245 τὺ
2760 5193 2971 5264 θέλημα
3013 5212 3025 5246 :
3060 5195 3111 5246 in
3144 5194 3264 5248 aliis
3293 5194 3445 5248 deest

1880 5274 2090 5320 tantum
2120 5262 2248 5317 ἐστι’
2268 5272 2322 5318 et
2343 5266 2390 5317 6.
2416 5262 2643 5318 Versum
2674 5272 2853 5317 autem
2880 5262 3152 5331 integrum
3184 5265 3445 5319 omittunt

1878 5336 2058 5390 αξιοι-ἱ
2091 5344 2146 5389 et
2177 5335 2343 5389 editio
2368 5332 2635 5388 Commel.

1970 5428 2061 5499 57)
2105 5427 2206 5499 Sic,
2246 5428 2468 5499 Seguer.
2496 5427 2566 5483 At
2611 5427 2829 5485 Gobler.
2876 5428 3117 5485 Felck.I
3168 5439 3221 5484 et
3251 5431 3305 5496 4,
3339 5428 3451 5485 Καὶ

182 5498 638 5574 ἱὶιιῖιὶέιῖᾶὶὶἔᾶηὲ
652 5498 1475 5577 ’ῖιῖἓὲὶέἷδιίὲἳὶιὶιῦιῖ’ὀὲὲἰὲἷίέι
1495 5498 1647 5585 editi,
1676 5519 1770 5573 τοῦ

1895 5498 2070 5585 Ξάλιν·
2090 5498 2231 5568 Ἐγὼ
2260 5501 2359 5585 είς.
2394 5500 2581 5585 lilibet
2605 5500 2770 5585 editi,
2789 5499 2895 5585 Ral.
2922 5500 3081 5585 πάλιν
3112 5502 3169 5553 ὲν
3196 5499 3446 5585 τ-ᾦῄκατὰ

182 5587 323 5643 εἶναι
360 5590 543 5643 αὐτόν.

256 5681 375 5752 (54)
419 5680 648 5752 Seguer.
681 5682 899 5739 Gobler.
951 5683 1132 5739 Felck.
1168 5684 1190 5737 I
1244 5694 1300 5738 et
1329 5684 1384 5746 4,
1421 5683 1548 5736 ὅταν
1575 5681 1632 5736 δὲ
1662 5682 1763 5752 γάν-

185 5750 426 5824 θρωπος.
463 5750 569 5806 Alii
608 5763 662 5807 et
685 5756 850 5809 editio
884 5755 1153 5810 Commel.
1180 5755 1308 5808 ὅταν
1333 5753 1638 5824 ἄνθρωπος.
1659 5751 1764 5808 lbi-

184 5822 308 5877 dem
342 5823 570 5893 Segucr.
611 5824 839 5892 γίνεται.
872 5826 974 5881 Alii
1004 5835 1058 5882 et
1086 5825 1236 5891 editi,
1267 5822 1512 5897 γένηται.

1888 5570 2137 5641 Ἰωάννην
2169 5571 2364 5641 φησίνς
2405 5568 2545 5638 Ἐγὼ
2571 5570 2897 5641 eigslbidem
2926 5568 3152 5641 chuer.
3187 5568 3444 5630 ct'Fclck.

1876 5640 1931 5706 5,
1966 5638 2287 5710 γεγένημαι.
2322 5638 2515 5694 Caneri
2542 5650 2592 5694 et
2626 5640 2780 5705 editi,
2808 5638 3157 5714 γεγέννημαι.

1946 5730 2060 5802 (58)
2103 5730 2324 5786 Gobler.
2359 5738 2415 5785 et
2442 5730 2622 5786 Felck.
2654 5733 2708 5799 1,
2744 5733 2925 5805 φησίν.

1942 5821 2054 5895 (59)
2093 5819 2258 5878 Basil.
2283 5820 2556 5888 δέξασθαι.
