3840 6220
182 309 294 365 269

1319 296 1592 354 ORATIO
1639 297 1684 352 ll
1724 295 2005 354 CONTRA
2043 291 2366 349 ABIANOS.

3361 291 3464 345 ⁴170

185 442 337 487 σου,
371 417 449 493 ἧς
479 418 714 486 ἐκτήσω
737 419 838 473 ἀπ’
878 416 1092 486 ἀρχῆς.
1125 415 1292 486 Δῆλον
1319 416 1377 469 δέ
1407 418 1554 468 ἐστιν
1593 417 1676 468 ὃτι
1715 414 1775 466 τὸ

1896 411 2080 466 llemor
2104 421 2213 465 esto
2232 409 2654 479 congregationis
2670 416 2777 462 ture
2797 423 2956 478 quam
2972 403 3256 477 possedisti
3273 425 3304 460 a
3320 412 3470 468 prin-

183 518 313 570 κατ’
344 513 537 584 ἀρχὰς
576 511 861 582 γινόμενον
887 509 1064 581 ἀρχὴν
1086 508 1200 579 ἔχει
1229 508 1324 561 τοῦ
1351 506 1656 571 κτίξεσθαι,
1683 505 1780 558 καὶ

183 609 266 661 ὃτι
297 606 397 675 τὴν
435 602 759 672 συναγωγὴν
791 599 901 653 ἀπό
941 615 1089 661 τινος
1125 597 1302 668 ἀρχῆς
1342 597 1610 667 ἐκτήσατο
1664 594 1777 666 (71)

181 699 213 751 ὁ
242 697 394 759 Θεός.
433 695 558 748 Ὀτι
588 693 646 747 δὲ
673 693 735 746 τὸ
755 732 770 756 ,
816 692 913 744 Ἐν
939 689 1099 759 ἀρχῇ
1129 690 1439 756 ἐποίησεν,
1469 690 1534 741 ὲκ
1559 687 1655 742 τοῦ
1689 687 1781 742 λέο

180 807 321 858 γειν,
344 789 659 857 ἐποίησεν,
686 787 749 840 τὸ
777 785 1003 855 ἤρξατο
1031 782 1226 838 ποιεῖν
1271 783 1440 847 ἐστιν,
1464 782 1626 846 αὐτὸς
1649 782 1780 835 Μω-

183 881 286 948 σῆς
311 880 473 941 coita
493 879 644 950 δηλοῖ
671 876 810 948 μετὰ
835 875 934 946 τήν
956 874 1068 946 (72)
1103 875 1210 927 τῶν
1234 875 1448 928 πάντων
1472 873 1777 946 τελεσιουρ-

182 973 310 1041 γίαν
332 969 510 1038 λέγων
527 989 541 1000 -
559 970 668 1024 Καὶ
693 970 1036 1038 εὐλόγησεν
1056 971 1088 1021 ό
1111 966 1256 1033 Θεὸς
1273 966 1388 1035 τὴν
1405 966 1635 1036 ἡμέραν
1664 966 1780 1034 τὴν

179 1064 464 1132 ἑϐδόμην,
487 1062 587 1116 καὶ
616 1061 870 1131 ἡγίασεν
889 1058 1103 1126 αὐτὴν,
1122 1060 1208 1112 ὅτι
1227 1059 1298 1112 ἑν
1317 1058 1472 1128 αὐτῇ
1493 1058 1781 1113 κατέπαυ-

179 1171 299 1210 σεν
337 1156 460 1211 ἀπὸ
488 1154 730 1208 πάντων
757 1153 877 1206 τῶν
902 1153 1091 1223 ἔργων
1114 1151 1300 1206 αὑτοῦ
1321 1191 1336 1216 ,
1370 1145 1459 1205 ὧν
1483 1151 1705 1220 ἤρξατο
1746 1153 1778 1205 ό

195 1249 346 1315 Θεὸς
363 1245 630 1315 ποιῆσαι.
662 1245 874 1300 Οὐκοῦν
899 1245 966 1298 τὰ
1001 1245 1099 1316 μὲν
1127 1244 1402 1316 κτίσματα
1432 1244 1635 1316 ἤρξατο
1662 1243 1776 1314 (73)

182 1337 462 1407 γίνεσθαι·
496 1339 524 1390 ὁ
555 1336 612 1389 δὲ
639 1335 733 1390 τοῦ
767 1334 904 1388 Θεοῦ
939 1335 1142 1402 Λόγος,
1177 1336 1276 1389 οὐκ
1311 1335 1448 1406 ἔχων
1476 1334 1650 1407 ἀρχὴν
1681 1333 1776 1387 τοῦ

185 1427 352 1494 εἶναι,
387 1429 614 1492 εἰκότως
641 1429 741 1482 οὐκ
767 1427 972 1500 ἤρξατο
998 1428 1092 1482 τοῦ
1127 1425 1284 1496 εἶναι,
1312 1429 1430 1482 οὐδὲ
1460 1428 1660 1500 ἤρξατο
1691 1427 1777 1496 γί-

181 1523 394 1586 νεσθαι,
424 1521 537 1574 ἀλλ’
553 1517 619 1592 ἦν
644 1520 749 1576 ἀεί.
783 1521 892 1574 Καὶ
916 1519 986 1574 τὰ
1009 1522 1106 1592 μὲν
1135 1521 1270 1592 ἔργα
1286 1520 1458 1591 ἀρχὴν
1482 1523 1540 1573 ἐν
1562 1520 1639 1591 τῷ
1662 1538 1780 1573 ποι-

185 1615 364 1669 εῖσθαι
393 1614 507 1684 ἔχει
527 1654 542 1677 ,
567 1613 660 1666 καὶ
676 1612 907 1684 προάγει
925 1612 1036 1667 τῶν
1065 1613 1365 1684 γινομένων
1397 1615 1430 1684 ἠ
1464 1614 1603 1684 ἀρχή
1621 1629 1636 1644 ο
1670 1615 1698 1665 ὁ
1721 1613 1778 1666 δὲ

183 1705 381 1772 Λόγος.
407 1703 508 1756 οὐκ
536 1701 612 1755 ὢν
630 1703 738 1755 τῶν
754 1703 1079 1773 γινομένων,
1107 1701 1306 1774 μᾶλλον
1333 1703 1442 1756 τῶν
1469 1702 1640 1774 ἀρχὴν
1661 1703 1776 1774 (74)

1887 503 2024 571 cipio
2041 501 2106 554 “.
2134 498 2478 555 Manifestum
2505 507 2688 553 autem
2713 509 2796 553 est
2823 499 2874 554 id
2904 499 3048 570 quod
3082 498 3160 554 ﬁt'
3181 500 3469 554 secundum

1886 591 2171 660 principia,
2192 590 2518 659 principium
2547 588 2746 643 habere
2765 605 2826 642 ex
2847 603 2957 658 quo
2977 598 3212 655 creatur,
3226 599 3280 644 et
3297 589 3466 644 Deum

1886 683 2363 754 congregationem
2398 681 2469 735 ab
2491 681 2676 750 aliquo
2706 681 3015 749 possedisse
3042 680 3466 750 principioJam

1885 775 2030 845 quod
2065 774 2180 828 haec
2208 774 2394 834 verba,
2419 771 2485 825 In
2524 773 2781 842 principio
2802 773 2947 841 fecit,
2977 788 3044 828 ex
3071 789 3138 829 eo
3163 775 3307 844 quod
3329 774 3435 829 dici
3455 803 3469 814 -

1888 878 1994 934 tur,
2019 868 2166 938 fecit,
2200 866 2342 920 idem
2378 866 2448 921 sit
2475 881 2538 919 ac
2570 866 2722 934 coepit
2747 865 2938 934 facere,
2965 868 3081 935 ipse
3115 867 3273 920 docet
3313 865 3469 936 Moy-

1886 973 1997 1020 ses,
2028 958 2120 1027 qui
2149 965 2271 1026 post
2296 957 2602 1010 absolutam
2645 971 2825 1009 rerum
2861 956 3108 1010 omnium
3133 957 3466 1012 creationem

1885 1050 1966 1104 sic
1991 1048 2258 1118 loquitur:
2289 1045 2356 1100 Et
2381 1046 2642 1100 benedixit
2673 1044 2808 1098 Deus
2841 1046 2948 1098 diei
2991 1047 3230 1114 septimo,
3261 1057 3310 1100 et
3343 1063 3468 1100 san-

1884 1140 2136 1210 cttﬁcavit
2155 1139 2326 1204 illum,
2349 1139 2472 1208 quia
2493 1139 2548 1191 in
2570 1139 2680 1205 ipso
2704 1147 2994 1191 cessaverat
3014 1137 3078 1190 ab
3095 1139 3335 1192 omnibus
3349 1155 3470 1208 ope-

1887 1231 2034 1284 ribus
2059 1233 2170 1285 suis
2189 1245 2307 1300 qua:
2336 1230 2485 1298 erepit
2503 1228 2638 1282 Deus
2666 1229 2838 1298 facere
2860 1230 2928 1282 ⁸³.
2951 1227 3136 1299 Itaque
3165 1243 3251 1284 res
3275 1239 3472 1285 creata:

1883 1324 2049 1394 416
2066 1324 2178 1378 ﬁeri
2197 1331 2497 1393 coeperunt.
2517 1321 2581 1376 At
2603 1320 2694 1376 Dei
2713 1320 2950 1376 Verbum
2971 1337 3096 1376 cum
3115 1321 3470 1392 principium,

1885 1433 1949 1471 ex
1985 1432 2094 1487 quo
2121 1417 2210 1481 sit,
2229 1417 2436 1470 nullum
2475 1415 2689 1479 habeat,
2720 1415 2916 1470 merito
2947 1430 3049 1470 nec
3079 1431 3200 1472 esse
3225 1432 3326 1472 nec
3351 1416 3470 1472 tieri

1886 1511 2070 1578 coepit,
2089 1511 2180 1563 sed
2205 1523 2418 1578 seraper
2435 1508 2558 1562 fuit.
2578 1507 2751 1577 Opera
2774 1507 2936 1578 igitur
2955 1507 3310 1576 principium,
3339 1525 3464 1563 cum

1885 1601 2043 1665 ﬁunt,
2081 1602 2298 1665 habent,
2340 1601 2485 1671 quod
2521 1599 2738 1669 quidem
2771 1600 3098 1670 principium
3135 1600 3322 1663 rebus,
3349 1617 3472 1670 quae

1888 1696 2042 1759 tiunt,
2068 1694 2220 1763 prius
2249 1702 2332 1748 est
2362 1692 2633 1748 :Verbum
2669 1702 2850 1748 autem
2876 1710 2998 1748 cum
3031 1710 3140 1747 non
3177 1693 3249 1749 sit
3275 1710 3340 1748 ex
3371 1711 3472 1747 nn-

185 1798 425 1866 ἑχόντων
451 1796 614 1859 αὐτὸς
627 1795 956 1866 δημιουργὸς
970 1795 1200 1863 γίνεται.
1233 1798 1342 1850 Καὶ
1364 1795 1473 1850 τῶν
1501 1795 1600 1867 μὲν
1625 1813 1777 1867 γενη-

1896 1804 2038 1841 mero
2055 1803 2234 1842 rerum
2260 1803 2381 1854 qua:
2405 1787 2563 1850 ﬁunt,
2586 1789 2700 1856 ipse
2723 1786 2901 1855 potius
2923 1802 3104 1840 rerum
3141 1786 3468 1856 principium

181 1888 298 1941 τῶν
328 1888 391 1940 τὸ
425 1883 565 1941 εἶναι
599 1889 656 1940 ὲν
678 1886 756 1957 τῷ
781 1887 1025 1955 γίνεσθαι
1056 1891 1355 1960 μετρεῖται,
1373 1887 1468 1942 καὶ
1499 1888 1607 1940 ἀπό
1631 1904 1776 1950 τινος

182 1981 364 2051 ἀρχῆς
393 1979 620 2050 ἄρχεται
645 1976 820 2032 ταῦτα
836 1979 923 2032 διὰ
939 1979 1031 2033 τοῦ
1047 1979 1219 2048 Λόγου
1240 1980 1353 2050 (75)
1378 1983 1552 2034 ποιεῖν
1573 1981 1600 2032 ὁ
1621 1980 1774 2044 Θεὸς,

187 2073 278 2124 ἵνα
302 2072 476 2125 καὶτὸ
492 2071 567 2143 μὴ
595 2067 753 2137 εἶναι,
770 2073 897 2142 πρὶν
913 2071 1185 2140 γενέσθαι,
1217 2072 1392 2126 ταῦτα
1419 2071 1774 2143 γινώσκηταισ

180 2168 213 2218 ὁ
231 2165 290 2218 δὲ
317 2165 490 2233 Λόγος
524 2165 586 2217 τὸ
619 2159 758 2217 εἶναι
786 2165 886 2218 οὐκ
909 2165 967 2218 ἐν
984 2163 1116 2235 ἄλλῃ
1148 2164 1288 2236 ἀρχῇ
1315 2163 1448 2235 ἔχει,
1471 2164 1581 2220 ἀλλ’
1615 2166 1673 2218 ἐν
1700 2163 1779 2234 τῷ

183 2258 363 2328 Πατρὶ
380 2297 394 2320 ,
418 2257 499 2328 τῷ
523 2256 617 2310 καὶ
636 2257 757 2309 κατ’
785 2256 1025 2319 ἐκείνους
1048 2255 1158 2324 (76)
1184 2256 1424 2327 άνάρχῳ,
1454 2257 1542 2310 ἵνα
1562 2257 1656 2310 καὶ
1682 2256 1780 2308 αὑ-

177 2350 277 2413 τὸς
323 2349 576 2421 άνάρχως
614 2349 834 2420 ὑπάρχῃ
879 2350 938 2401 ἐν
960 2347 1039 2418 τῷ
1068 2349 1276 2421 Πατρὶ,
1312 2349 1562 2420 γέννημα
1586 2349 1681 2402 καὶ
1716 2347 1776 2400 ού

180 2442 397 2513 κτίσμα
421 2442 706 2513 τυγχάνων
733 2439 922 2497 αὐτοῦ.

254 2705 348 2762 58.
375 2705 564 2770 Οὕτως
588 2707 693 2779 ἄρα
718 2708 752 2777 ή
775 2706 894 2762 θεία
915 2707 1104 2779 Γραφὴ
1131 2708 1228 2779 τὴν
1249 2707 1511 2780 διαφοράν
1533 2707 1628 2759 τοῦ
1655 2722 1780 2773 γεν-

172 2802 426 2873 νήματος
447 2794 556 2853 οἷδε
584 2801 674 2853 καὶ
695 2800 804 2853 τῶν
835 2801 1173 2872 ποιημάτων,
1196 2802 1291 2854 καὶ
1318 2801 1379 2854 τὸ
1413 2801 1512 2872 μὲν
1537 2803 1783 2875 γέννημα

178 2893 319 2947 Υἱὸν
341 2932 356 2955 ,
389 2891 490 2944 οὐκ
531 2891 639 2944 ἀπό
670 2908 816 2955 τινος
868 2893 1043 2963 ἀρχῆς
1085 2892 1422 2964 ἀρξάμενον,
1471 2893 1586 2946 ἀλλ’
1611 2895 1784 2948 ἀΐδιον

172 2983 428 3036 δείκνυσι
447 2998 462 3011 ο
487 2981 548 3033 τὸ
570 2981 627 3034 δὲ
654 2982 889 3052 ποίημα,
912 2982 988 3045 ὡς
1015 2981 1214 3046 ἔξωθεν
1244 2982 1403 3054 ἔργον
1431 2982 1525 3036 τοῦ
1553 3001 1786 3055 πεποιη-

174 3075 345 3137 κότος
364 3072 976 3146 τυγχάνον,άρξάμενον
990 3074 1084 3128 τοῦ
1103 3073 1351 3140 γίνεσθαι
1374 3075 1628 3145 σημαίνει
1648 3076 1782 3146 (77).

1887 1878 2204 1932 habentium
2223 1877 2559 1931 eﬂ'ectorest.
2578 1875 2801 1940 Deinde,
2819 1875 2995 1944 ipsum
3011 1889 3132 1929 esse
3149 1873 3262 1928 sive
3275 1884 3471 1928 natura

1883 1987 2068 2026 rerum
2121 1968 2411 2034 factarum,
2444 1970 2499 2022 in
2535 1984 2600 2022 co
2625 1968 2742 2038 ipso
2769 1967 2916 2038 quod
2965 1968 3123 2030 fiunt,
3172 1967 3394 2022 modum
3418 1977 3473 2022 et

1886 2075 2199 2116 mensuram
2247 2060 2428 2124 habet,
2469 2075 2672 2130 easque
2711 2057 2850 2112 Dens
2891 2058 2959 2113 ab
2987 2059 3170 2129 aliquo
3201 2057 3470 2128 principio

1883 2167 1981 2222 per
2013 2150 2249 2205 Verbum
2280 2149 2460 2204 facere
2493 2149 2713 2218 incepit,
2747 2159 2807 2202 ut
2835 2163 3031 2218 nempe
3083 2160 3230 2203 esset
3262 2149 3471 2218 perspi-

1885 2259 2050 2298 cuum
2069 2244 2188 2298 illas
2211 2258 2320 2298 non
2351 2243 2519 2297 fuisse
2545 2243 2865 2312 priusquam
2900 2241 3110 2296 ﬁerent.
3137 2241 3206 2294 At
3227 2239 3470 2295 Verbum

1884 2352 1993 2391 non
2023 2337 2078 2390 in
2109 2336 2216 2389 alio
2242 2335 2688 2406 principio-habet
2709 2344 2768 2388 ut
2800 2335 2871 2389 sit
2893 2351 3052 2404 quam
3081 2335 3198 2390 solo
3219 2335 3270 2388 in
3288 2332 3470 2396 Patre,

1883 2425 2001 2495 qui,
2029 2433 2088 2480 ut
2117 2425 2193 2479 illi
2241 2425 2404 2480 etiam
2439 2425 2810 2490 consentiunt,
2842 2425 3091 2494 principii
3129 2434 3208 2479 est
3252 2441 3471 2494 expers,

1884 2524 1946 2570 ut
1968 2515 2084 2586 ipse
2112 2531 2329 2586 quoque
2346 2515 2516 2571 Filius
2538 2516 2656 2571 sine
2671 2516 2939 2586 principio
2961 2515 3187 2571 exsistat
3210 2515 3263 2568 in
3286 2515 3469 2582 Patre,

1885 2621 1915 2661 a
1931 2623 2038 2678 quo
2051 2608 2266 2678 genitus
2283 2615 2386 2673 est,
2405 2623 2514 2662 non
2532 2615 2714 2662 autem
2737 2617 2977 2663 creatus.

1959 2701 2050 2756 58.
2082 2699 2136 2754 ιιι
2162 2701 2331 2771 igitur
2358 2701 2500 2755 inter
2525 2715 2652 2755 eum
2679 2701 2770 2771 qui
2803 2701 3016 2770 genitus
3039 2708 3124 2755 est
3168 2708 3223 2756 et
3258 2715 3345 2756 res
3383 2699 3471 2756 fa-

1888 2803 2002 2851 ctas
2032 2795 2325 2849 discrimen
2374 2793 2524 2848 novit
2557 2793 2738 2848 divina
2770 2793 3073 2864 Scriptura,
3106 2809 3226 2864 qua:
3259 2802 3313 2849 et
3341 2809 3471 2850 eum

1887 2888 1980 2957 qui
2011 2888 2226 2957 genitus
2263 2895 2366 2953 est,
2392 2885 2594 2940 Filium
2626 2900 2749 2942 esse
2780 2901 2882 2940 nec
2923 2886 2992 2941 ab
3023 2886 3208 2956 aliquo
3237 2887 3472 2956 coepisse

1885 2979 2178 3048 principio,
2212 2977 2307 3034 sed
2342 2987 2607 3034 mternum
2651 2994 2772 3034 esse
2808 2978 3083 3046 declarat;
3125 2996 3239 3035 rem
3287 2990 3472 3038 autem

1891 3071 2111 3137 factam,
2144 3081 2403 3142 tanquam
2446 3086 2585 3142 opus
2622 3081 2779 3128 extra
2820 3072 3131 3128 eﬁ‘ectorem
3177 3075 3469 3140 exsistens,

177 3168 350 3221 Οὕτω
374 3167 486 3239 γάρ
515 3167 610 3221 καὶ
635 3169 950 3239 ὁἸωάννης,
970 3167 1206 3241 περὶτοῦ
1228 3168 1355 3222 Υίοῦ
1377 3167 1670 3236 θεολογῶν,
1693 3170 1777 3223 κα)

1896 3162 2005 3216 fieri
2057 3162 2325 3232 incepisse
2367 3163 2546 3220 docet.
2597 3162 2736 3219 llinc
2775 3165 2922 3219 enim
2953 3163 3192 3222 Joannes
3225 3167 3292 3221 de
3333 3167 3472 3222 Filio

173 3261 475 3331 γινώσκων
505 3261 604 3332 τὴν
632 3261 740 3314 τῶν
767 3260 967 3327 λέξεων
996 3261 1279 3333 διαφορὰν,
1308 3262 1409 3316 ούκ
1457 3257 1610 3314 εἶπεν
1628 3280 1644 3294 ·
1698 3262 1785 3314 Ἐν

174 3354 329 3423 ἀρχῇ
365 3351 610 3420 γέγονεν,
635 3351 667 3422 ἢ
692 3352 1008 3424 πεποίηται,
1037 3353 1173 3416 ἀλλ’,
1205 3353 1302 3406 Ἐν
1323 3351 1482 3422 ἀρχῇ
1516 3351 1596 3421 ἦν
1622 3355 1655 3406 ὁ
1672 3353 1785 3406 Λό-

179 3463 321 3516 τος·
350 3445 438 3497 ἵνα
465 3445 527 3497 τὸ
554 3443 805 3515 γέννημα
821 3445 921 3515 τῷ,
946 3441 1026 3516 ἦν
1048 3444 1183 3515 (78),
1211 3443 1662 3514 συνεξακούηται,
1693 3443 1788 3496 καὶ

183 3540 264 3609 μὴ
314 3539 373 3590 ὲν
405 3536 686 3590 διαστάσει
711 3553 796 3600 τις
822 3537 1110 3608 λογίσηται
1133 3577 1148 3599 ,
1195 3535 1311 3589 ἀλλ’
1347 3536 1436 3589 ἀεὶ
1471 3536 1567 3589 καὶ
1597 3535 1789 3597 ὰῐδίως

176 3631 510 3703 ὑπάρχοντα
531 3630 622 3684 τὸν
647 3630 771 3684 Υἱὸν
795 3629 1048 3702 πιστεύῃ.
1074 3629 1294 3683 Τούτων
1319 3627 1378 3682 δὲ
1411 3626 1556 3682 οὕτω
1580 3628 1790 3681 δεικνυ-

184 3724 393 3794 μένων,
420 3722 557 3785 πῶς,
575 3716 622 3776 ὦ
651 3723 923 3794 Ἀρειανοὶ
947 3722 1086 3794 (79),
1118 3721 1192 3794 μὴ
1223 3721 1515 3792 νοήσαντες
1537 3720 1606 3773 τὰ
1633 3721 1691 3773 ὲν
1712 3719 1789 3792 τῷ

178 3814 600 3886 Δευτερονομίῳ
621 3814 761 3886 ῥητὰ
783 3814 878 3866 καὶ
899 3815 956 3868 ὲν
979 3813 1155 3885 τούτῳ
1179 3813 1341 3868 πάλιν
1358 3813 1576 3868 ἀσεϐεῖν
1596 3816 1676 3874 είς
1696 3814 1789 3868 τὸν

181 3908 396 3978 Κύριον
425 3905 760 3977 ἐτολμήσατε
787 3905 897 3978 (80)
924 3906 1195 3974 λέγοντες,
1227 3906 1456 3978 ποίημα,
1483 3905 1517 3976 ἦ
1554 3906 1786 3977 κτίσμα,

181 4001 310 4073 ἦτοι
327 3999 578 4070 γέννημα
602 3995 739 4053 εἶναι
761 3999 952 4065 αύτόν;
977 3999 1186 4054 Ταύτὸν
1210 4002 1318 4071 γὰρ
1345 4001 1408 4052 τὸ
1427 3999 1673 4071 γέννημα
1696 4001 1790 4053 καὶ

180 4091 248 4144 τὸ
269 4089 486 4161 ποίημα
510 4089 795 4160 σημαίνειν
811 4089 1050 4158 φάσκετε
1069 4102 1084 4117 ⁸
1105 4089 1200 4142 καὶ
1230 4087 1482 4142 ἐντεῦθεν
1507 4087 1615 4160 γὰρ
1641 4089 1790 4142 οὐδὲν

181 4177 352 4254 ἦττον
387 4179 706 4234 ἀπαίδευτοι
739 4179 835 4232 καὶ
864 4177 1082 4242 ἀσεϐεῖς
1120 4177 1524 4250 γνωσθήσεσθε.
1563 4179 1636 4231 Τὸ
1691 4178 1791 4251 μὲν

183 4272 302 4346 γάρ
325 4270 544 4344 πρῶτον
566 4272 730 4344 ῥητόν
747 4273 865 4326 ἐστι
891 4270 1088 4324 τοῦτο·
1121 4273 1243 4325 Οὐκ
1265 4271 1450 4338 αὐτὸς
1473 4265 1651 4338 οὗτός
1669 4285 1791 4326 σου

184 4363 400 4433 Πατὴρ
416 4363 715 4432 ἐκτήσατό
735 4362 846 4434 (81)
863 4378 957 4428 σε,
975 4362 1070 4416 καὶ
1089 4361 1340 4430 ἐποίησέ
1357 4376 1452 4429 σε,
1472 4362 1572 4416 καὶ
1592 4362 1792 4417 ἐκτισέ

181 4473 265 4510 σε
289 4472 310 4520 ;
339 4457 436 4510 καὶ
460 4456 576 4527 μετ’
604 4457 763 4525 ὀλίγα
792 4457 850 4508 ὲν
871 4458 937 4526 τῇ
960 4456 1100 4527 αὐτῇ
1139 4455 1260 4526 ᾮδῇ
1294 4471 1428 4526 φησι
1451 4471 1464 4485 ·
1518 4453 1668 4509 Θεὸν
1687 4454 1794 4508 τὸν

185 4545 578 4619 τεννήσαντά
625 4560 700 4600 σε
749 4544 1134 4616 ἐγκατέλιπες
1152 4583 1168 4608 ,
1208 4543 1308 4598 καὶ
1331 4543 1638 4599 ἐπελάθου
1672 4543 1783 4615 (82)

1886 3255 2162 3311 disserens
2205 3271 2308 3311 nec
2350 3257 2548 3311 borum
2584 3259 2972 3314 vocabulorum
3015 3261 3277 3331 ignorans
3318 3263 3474 3319 dide-

1888 3347 2140 3411 rentiam,
2171 3363 2278 3402 non
2321 3347 2492 3402 dixit:
2528 3346 2586 3402 In
2618 3350 2889 3420 principio
2933 3349 3111 3407 factus
3145 3361 3242 3407 aut
3277 3353 3476 3408 forma-

1889 3448 1979 3496 tus
2002 3447 2107 3506 est,
2133 3441 2249 3506 sed,
2277 3439 2344 3494 In
2381 3442 2640 3510 principio
2679 3451 2792 3496 erat
2834 3441 3082 3508 Verbum,
3116 3454 3175 3499 ut
3207 3460 3302 3515 per
3331 3446 3475 3502 hanc

1889 3546 2100 3595 vocem,
2138 3534 2521 3601 erat,,genitus
2563 3547 2687 3586 esse
2733 3542 3144 3602 agnosceretur,
3181 3534 3475 3604 nullusque

1891 3632 2196 3693 temporum
2222 3622 2448 3694 ﬁngeret
2477 3624 2784 3688 intervalla,
2806 3625 2898 3680 sed
2930 3640 3145 3695 semper
3158 3636 3212 3680 et
3229 3626 3298 3681 ab
3318 3634 3476 3682 aeter-

1892 3715 2062 3770 nitate
2105 3714 2305 3768 Filium
2333 3713 2613 3769 exstitisse
2644 3713 3010 3770 crederemus.
3061 3714 3195 3782 Quae
3239 3731 3362 3771 cum
3399 3717 3474 3773 ita

1889 3822 2012 3862 esse
2042 3805 2328 3877 probatum
2369 3806 2460 3870 sit,
2504 3807 2598 3875 qui
2625 3805 2705 3872 ﬁt,
2739 3820 2774 3861 ο
2800 3806 3008 3866 Ariani,
3037 3816 3098 3861 ut
3131 3808 3238 3872 his,
3273 3823 3396 3878 qua:
3418 3809 3473 3863 in

1891 3898 2312 3954 Deutcronomio
2381 3898 2670 3966 habentur,
2747 3913 2858 3954 non
2911 3899 3217 3964 intellectis,
3282 3916 3475 3958 rursus

1893 3991 2046 4062 impii
2071 3991 2124 4046 in
2156 3989 2454 4046 Dominum
2490 4005 2615 4048 esse
2644 3991 2914 4057 audeatis,
2945 4006 3071 4046 cum
3105 3993 3289 4049 dicitis
3322 3994 3473 4051 illum

1888 4081 2095 4139 factum
2127 4083 2208 4138 vel
2241 4091 2486 4138 creatum
2534 4084 2649 4138 sive
2679 4084 2925 4154 genitum
2957 4084 3114 4141 esse?
3136 4083 3478 4144 Contenditis

1892 4175 2038 4229 enim
2071 4190 2186 4230 rem
2208 4175 2446 4244 genitam
2475 4183 2529 4230 et
2553 4191 2671 4230 rem
2719 4175 2919 4231 factam
2953 4177 3094 4232 idem
3133 4179 3482 4250 signiﬁcare?

1894 4267 1964 4322 At
1998 4267 2168 4323 nihilo
2191 4269 2371 4324 secius
2403 4285 2471 4324 ex
2501 4269 2608 4325 hoc
2635 4272 2754 4342 ipso
2780 4273 2924 4339 loco,
2960 4273 3248 4343 imperitiae
3294 4284 3348 4330 et
3378 4277 3482 4332 im—

1893 4361 2110 4431 pietatis
2135 4362 2560 4417 convincemini.
2587 4361 2771 4434 Itaque
2794 4365 2882 4420 hic
2903 4373 2987 4420 est
3018 4366 3252 4435 primus,
3284 4367 3350 4421 de
3373 4383 3484 4438 quo

1897 4455 2095 4523 agitur,
2119 4453 2273 4509 locus
2301 4471 2315 4508 :
2347 4453 2606 4526 Nunquid
2636 4472 2742 4510 non
2769 4457 2854 4510 hic
2876 4459 2983 4527 ipse
3007 4457 3172 4512 Pater
3206 4459 3328 4514 tuus
3355 4477 3481 4529 pos-

1894 4545 2029 4600 sedit
2068 4555 2201 4612 te,et
2231 4547 2352 4616 fecit
2385 4557 2453 4611 te,
2487 4560 2535 4601 et
2569 4549 2762 4604 creavit
2794 4558 2843 4603 te
2861 4550 2946 4603 “?
2988 4549 3052 4604 Et
3076 4552 3240 4622 paulo
3262 4561 3386 4622 post
3425 4553 3480 4607 in

259 4665 310 4697 ”
342 4665 488 4721 Psal.
518 4682 710 4734 eum,
744 4666 798 4721 2.
865 4667 911 4698 ⁸³
935 4665 1131 4723 Cenes.
1151 4682 1215 4733 ιι,
1248 4667 1302 4723 5.
1380 4667 1606 4724 “Deut.
1635 4682 1809 4732 xxxn,
1841 4665 1893 4721 6.

260 4821 379 4892 (71)
418 4821 704 4892 fAnglican.
731 4821 952 4878 Gobler.
989 4819 1134 4878 Felc.
1165 4823 1190 4877 1
1227 4831 1282 4877 ει
1305 4821 1359 4886 5,
1396 4823 1672 4877 ὲκτίσατο.

289 4891 381 4962 72)
411 4889 532 4962 δῆθ’
547 4890 867 4962 Segnerian.
907 4893 961 4945 In
989 4893 1112 4946 aliis
1133 4901 1190 4948 et
1209 4894 1372 4949 editis
1393 4894 1502 4946 τῶν
1533 4895 1706 4948 deest.

287 4961 379 5032 75)
405 4961 635 5038 Segner.
665 4973 722 5017 et
753 4963 907 5038 3133.,
933 4963 1183 5038 ﬁpia‘ro._
1213 4963 1379 5038 Editi_
1415 4973 1470 5017 et
1523 4965 1645 5038 alii,
1679 4964 1780 5038 ἦρ-

185 5027 371 5106 ξακξτοζ
403 5027 574 5106 Paulo
622 5044 746 5103 post
798 5027 1049 5104 Sizgué'r;
1080 5033 1286 5106 ήρξατο
1325 5027 1485 5088 εἶναι.
1522 5027 1670 5090 Felc.
1703 5027 1782 5102 Ἴ,

187 5104 395 5173 ήρξατο
431 5103 572 5167 οὐδέ,
603 5114 710 5158 etc.

164 5199 167 5211 ι
213 5172 218 5173 ⁷
265 5175 382 5244 (74)
415 5175 640 5246 Seguer.
668 5174 888 5228 Gobler.
934 5183 990 5228 et
1018 5172 1166 5231 Felc.
1201 5175 1251 5239 1,
1277 5175 1386 5228 τῶν
1413 5176 1609 5246 ἀρχήν.
1642 5174 1788 5230 Editi

186 5254 244 5299 ει
283 5245 539 5317 alim?”
566 5246 664 5317 "sit"
699 5246 893 5317 ﬁexa!-

258 5314 372 5384 (75)
398 5313 542 5368 Felc.
568 5313 631 5379 2,
649 5313 814 5369 editio
829 5313 1102 5368 ’Commel.
1135 5314 1396 5384 omittunt
1427 5313 1515 5367 διὰ
1543 5316 1638 5369 τοῦ
1670 5319 1776 5370 Λό-

187 5380 309 5453 γου.
346 5380 483 5439 lbtd.
512 5385 761 5454 Seguer.,
817 5385 904 5438 ἵνα
954 5386 1048 5438 καὶ
1080 5384 1142 5437 τὸ
1171 5385 1246 5455 μὴ
1272 5380 1432 5438 εἶναι.
1491 5385 1545 5439 ln
1576 5388 1697 5442 aliis
1726 5397 1780 5442 et

186 5459 351 5510 editis
375 5458 528 5510 deest
549 5456 660 5510 καί.

267 5528 379 5598 (76)
405 5523 674 5598 ᾼᾶςιιετ.,
703 5524 784 5597 τῷ
809 5525 907 5581 καὶ
939 5526 1058 5598 κατ’
1087 5525 1380 5598 ὲκείνουςκ
1396 5524 1539 5580 Editi
1571 5535 1626 5580 et
1663 5527 1778 5588 alii,

186 5594 417 5666 τῴ’κατ’
443 5594 704 5661 ἐκείνους.
741 5594 942 5653 [bidem
975 5595 1202 5664 Seguer.
1253 5607 1307 5651 et
1352 5594 1576 5667 Regius,
1619 5599 1780 5659 αὐτὸς

189 5668 468 5738 ἀνάρχως.
492 5668 683 5722 Caneri
715 5679 769 5724 et
790 5667 1144 5738 θεόὶιίναὺτος
1171 5667 1423 5738 ἄναρχος.

264 5736 634 5808 (77)(ὶυϋιεικί
661 5749 716 5792 et
761 5737 907 5792 Felc.
951 5739 1001 5801 1,
1053 5736 1304 5804 γίνεσθαι
1363 5739 1646 5806 τυγχάνειν
1679 5756 1778 5808 ση-

195 5806 396 5878 μαίνει.
436 5806 572 5862 lbid.
612 5807 863 5880 Seguer.,
897 5807 1082 5871 υῦτως
1117 5809 1222 5878 γὰρ
1273 5808 1385 5866 καί.
1424 5811 1525 5862 Atti
1552 5821 1604 5866 et
1630 5806 1778 5875 editi,

1813 4831 1856 4885 Ι)
1885 4823 2059 4888 οὕτως
2092 4823 2208 4878 καί.

1961 4894 2076 4961 t78)
2105 4894 2196 4948 Sic
2219 4893 2445 4967 Segner.
2483 4903 2537 4948 et
2563 4890 2709 4950 Felc.
2733 4895 2788 4950 6.
2817 4895 2888 4950 At
2917 4895 3048 4950 editi
3069 4905 3126 4951 et
3149 4895 3264 4960 alii,
3291 4896 3378 4948 ἵνα
3399 4897 3479 4967 τῷ

1886 4967 2048 5034 γεννή
2059 4981 2186 5035 ματι
2208 4961 2451 5029 τὸίἹίν.

1962 5028 2076 5106 (79)
2103 5033 2197 5091 Sic
2227 5028 2454 5106 Séguer.
2485 5035 2556 5090 At
2587 5035 2679 5090 alii
2726 5045 2782 5090 et
2811 5034 2942 5092 editi
2965 5028 3013 5088 ὦ
3037 5036 3321 5090 omittunt.
3350 5035 3474 5092 Mox

1893 5104 2148 5178 δθὲυβνυ
2183 5104 2570 5178 Mra-.981“?
2601 5117 2655 5178 et,
2686 5108 2839 5178 θάίίίν
2865 5106 3107 5178 “malm!

1966 5173 2249 5248 (δομιεῇ
2267 5187 2322 5231 ει
2361 5175 2503 5231 Felc.
2533 5176 2588 5248 5,
2643 5173 2967 5248 ἐτόλμησαν.
3002 5175 3137 5230 Ibid.
3158 5173 3403 5248 ίδοειιειο.
3423 5186 3480 5231 et

1898 5247 2044 5302 Felc.
2078 5246 2416 5318 4,}éyovrs;
2467 5247 2699 5318 ποίημα.
2751 5246 2930 5318 Aliiiet
2977 5248 3126 5311 editi,
3156 5247 3404 5314 λέγοντες
3442 5249 3476 5318 ἢ

1887 5318 2117 5388 ποίημα.
2140 5315 2269 5390 Item
2289 5319 2485 5390 ibidem
2511 5315 2734 5386 Seguer.
2765 5329 2816 5372 et
2833 5317 2977 5370 Felc.
3002 5319 3056 5383 4,
3073 5319 3190 5390 ἦτοι
3208 5315 3474 5390 γέννημαζ

1889 5404 2204 5458 quanquam
2234 5389 2397 5442 iidem
2426 5404 2551 5442 cum
2582 5389 2703 5444 aliis
2733 5404 2856 5444 mox
2888 5389 3108 5454 habent,
3130 5390 3335 5443 Ταύτὸν
3358 5389 3477 5460 γὰρ

1890 5461 1951 5512 τὸ
1977 5459 2240 5512 γέννημα.

1890 5475 1951 5513 το
1977 5475 2240 5528 γεννημα.

1965 5529 2091 5600 (81)
2107 5527 2312 5600 Regius
2348 5541 2401 5584 ει
2423 5527 2739 5586 Felckman.
2767 5530 2821 5597 5,
2848 5530 3124 5595 ὲκτίσατο,
3159 5531 3304 5600 quod
3347 5531 3477 5585 item

1889 5598 2344 5654 vertit'Nannius.

1961 5669 2090 5742 (82)Δ
2123 5668 2214 5724 Sic
2267 5668 2494 5742 Segruer.
2553 5671 2685 5742 Reg.
2745 5671 2965 5727 Gobler.
2996 5670 3143 5726 Felc.
3205 5673 3251 5734 l,
3282 5671 3315 5724 4
3340 5681 3392 5724 et
3420 5671 3471 5723 5.

1889 5738 2109 5866 Αιιιιίὶ
2148 5749 2204 5793 ει
2252 5738 2404 5802 editi,
2465 5738 2757 5798 ἁπελάθου.
2813 5741 2937 5796 Mox
2988 5746 3238 5810 Seguetx,
3277 5759 3482 5811 τυγχα-

1891 5826 2054 5863 νουσα
2119 5827 2224 5865 ττι.

1891 5826 1980 5861 νου
1990 5826 2054 5863 σα
2087 5826 2224 5865 εστι.
