3840 6220
378 241 480 296 271

987 238 1046 293 S.
1085 237 1464 293 ATHANASII
1502 236 1655 292 OPP.
1697 235 1878 291 PARS
1917 236 1956 291 Ι.
1996 266 2066 277 -—
2099 233 2471 289 HISTORICA
2511 233 2598 288 ΕΤ
2635 230 3059 289 DOGMATICA.

3521 231 3633 288 ‘27:!

377 357 569 410 eodem
609 350 866 408 Cantico:
903 349 1064 405 Deum
1090 351 1181 421 qui
1227 358 1272 404 te
1311 351 1489 420 genuit
1527 350 1878 421 dereliquisti,
1901 361 1948 404 et

2057 349 2204 403 Θεοῦ
2231 347 2338 402 τοῦ
2356 347 2672 415 τρέφοντος
2686 362 2779 398 σε.
2797 346 2860 398 Ἦ
2875 345 2931 398 δὲ
2943 345 3147 399 διάνοια
3177 345 3316 398 πάνυ
3346 343 3641 414 θαυμαστὴ

379 448 573 502 oblitus
601 462 654 500 es
681 445 775 498 Dei
812 453 860 497 te
904 443 1184 497 nutrientis
1199 443 1288 496 '7?
1322 441 1567 508 Quorum
1590 444 1810 513 quidem
1838 458 1958 499 ver-

382 539 576 594 borum
623 535 891 594 sententia
937 534 1275 590 admirabilis
1314 536 1472 605 plane
1514 543 1616 589 est.
1657 533 1767 590 Nec
1810 535 1956 589 enim

379 628 622 698 primum
675 625 847 680 dixit:
876 625 1077 694 genuit,
1104 639 1173 679 ne
1209 625 1264 680 id
1299 625 1625 679 vocabulum
1657 626 1797 680 idem
1831 641 1958 696 pos-

382 730 466 773 set
508 714 818 786 signiﬁcare
871 730 935 770 ac
956 715 1115 784 ffecit,
1172 714 1407 785 indeque
1447 729 1637 770 ansam
1675 716 1751 770 illi
1792 717 1957 772 habe-

381 817 502 865 rent
536 809 609 863 ita
637 806 924 877 loquendi:
955 806 1168 878 Moyses
1199 807 1418 877 quidem
1445 808 1688 862 narravit
1724 807 1890 863 Deum
1925 825 1957 863 a

379 901 651 972 principio
684 901 910 966 dixisse,
939 897 1229 952 Faciamus
1262 901 1522 953 hominem
1546 900 1634 956 ⁸⁸ε
1674 900 1816 954 idem
1857 916 1956 954 au-

381 1002 488 1048 tem
509 1002 632 1066 post
651 994 767 1048 haec
787 992 925 1048 dixit
945 1011 958 1046 :
976 991 1143 1045 Deum
1162 993 1251 1061 qui
1277 1000 1323 1046 te
1347 994 1521 1063 genuit
1543 993 1870 1064 deretiquisti
1887 993 1955 1060 θ’,

381 1094 570 1155 utpote
603 1099 729 1139 cum
765 1084 848 1137 hae
876 1097 1037 1137 voces
1065 1090 1357 1153 utrumque
1399 1084 1712 1153 promiscue
1747 1084 1954 1154 signiti—

381 1185 504 1232 cent
530 1194 544 1231 :
579 1175 846 1245 siquidem
878 1173 1018 1229 idem
1051 1182 1131 1227 est
1157 1189 1244 1229 res
1274 1175 1450 1244 genita
1480 1191 1544 1231 ac
1574 1175 1734 1231 facta.
1758 1177 1954 1232 Verum

381 1279 508 1340 post
555 1270 742 1329 verba,
787 1268 1039 1338 possedit,
1063 1275 1136 1331 et,
1172 1267 1318 1336 fecit,
1351 1267 1558 1322 addidit
1587 1269 1835 1334 verbum,
1870 1285 1957 1340 ge-

383 1359 521 1425 nuit,
549 1367 608 1412 ut
648 1357 824 1412 oratio
857 1371 1012 1412 suam
1044 1373 1227 1412 secum
1259 1357 1758 1427 interpretationem
1791 1359 1956 1414 babe-

382 1459 486 1504 ret.
539 1446 673 1502 Nam
709 1448 967 1513 dictione,
999 1449 1140 1517 fecit,
1174 1441 1301 1503 vere
1341 1448 1395 1502 id
1427 1448 1575 1517 quod
1609 1457 1816 1505 natura:
1853 1450 1954 1504 ho-

383 1543 595 1596 minum
622 1540 902 1610 proprium
924 1547 1008 1595 est
1029 1540 1318 1610 signiﬁcat,
1343 1556 1438 1596 eos
1458 1555 1651 1610 nempe
1675 1540 1817 1597 facta
1834 1557 1956 1598 esse

384 1647 583 1704 opera:
618 1641 675 1687 at
709 1632 970 1697 dictione,
1001 1633 1200 1702 genuit,
1233 1647 1505 1687 summam
1555 1631 1648 1687 Dei
1684 1649 1812 1706 erga
1859 1633 1956 1689 bo-

2057 441 2313 512 τυγχάνει
2345 436 2497 492 οὖσα.
2552 439 2626 491 Οὐ
2657 437 2766 510 γὰρ
2794 439 2981 508 εἴρηκε
3014 436 3230 508 πρῶτον
3258 435 3352 498 τὸ,
3389 435 3640 504 ἐγέννη-

2058 548 2170 586 σεν
2187 532 2321 604 (85),
2355 532 2440 586 ἵνα
2469 532 2542 602 μὴ
2569 529 2857 600 ἀδιάφορος
2881 522 3126 599 ήλέξιςῇ
3157 527 3292 598 πρὸς
3319 525 3402 590 τὸ,
3429 527 3638 592 ἐποίη-

2057 640 2132 678 σε
2149 665 2163 689 ,
2198 624 2292 677 καὶ
2313 623 2580 693 πρόφασιν
2603 621 2833 691 εὕρωσιν
2859 613 3003 673 οὗτοι
3031 619 3209 687 λέγειν
3235 617 3347 689 (84)
3365 632 3379 646 ⁶
3430 617 3638 687 Μωσῆς

2056 716 2114 782 es
2144 716 2317 786 ἀρχῆς
2353 716 2450 785 μὲν
2480 710 2635 766 εἶπεν
2661 712 2940 783 εἰρηκέναι
2965 711 3056 764 τὸν
3082 710 3216 763 Θεόν
3234 726 3247 738 ·
3282 707 3638 776 Ποιήσωμεν

2057 807 2395 874 ἄνθρωπονο
2446 806 2609 869 αὐτὸς
2637 805 2693 857 δὲ
2725 803 2864 875 μετὰ
2891 803 3065 858 ταῦτα
3110 801 3305 873 ἔφησε·
3357 801 3505 854 Θεὸν
3531 799 3636 852 τὸν

2057 897 2434 968 γεννήσαντάς
2454 913 2528 951 σε
2545 897 2931 966 ἐγκατέλιπες
2947 913 2961 926 ο
2988 896 3062 958 ὡς
3079 894 3388 965 ἀδιαφόρων
3411 892 3519 944 τῶν
3546 892 3638 943 λὲ-

2057 989 2191 1056 ξεων
2215 989 2419 1043 οὐσῶν·
2456 989 2649 1043 ταύτὸν
2678 988 2788 1061 γὰρ
2818 988 2878 1040 τὸ
2901 988 3146 1058 γέννημα
3163 987 3272 1056 (85')
3301 985 3393 1041 καὶ
3423 983 3639 1055 ποίημά

2055 1082 2221 1133 ἐστιν.
2271 1080 2426 1133 Ἀλλὰ
2455 1080 2592 1151 μετὰ
2617 1081 2678 1133 τὸ
2700 1120 2714 1146 ,
2749 1080 3067 1148 ἐκτήσατο,
3090 1067 3492 1148 καὶ,ἐποίησεξ
3521 1079 3638 1132 λοι-

2056 1170 2157 1223 πὸν
2192 1170 2414 1243 ὕστερον
2439 1173 2498 1224 τὸ
2516 1210 2530 1235 ,
2553 1172 2902 1242 ἐγέννησεν,
2933 1175 3199 1245 ἐπήγαγε,
3232 1174 3319 1226 ἴνα
3336 1176 3430 1227 καὶ
3452 1175 3631 1243 ἑρμη-

2055 1261 2200 1315 νείαν
2234 1265 2263 1316 ὁ
2292 1264 2462 1331 Λόγος
2483 1263 2618 1334 ἔχων
2653 1267 2816 1335 φανῇ.
2873 1266 2960 1318 Ἐν
2997 1267 3094 1336 μὲν
3123 1265 3231 1337 γὰρ
3258 1265 3338 1335 τῷ
3354 1258 3373 1330 ’,
3425 1265 3635 1331 ἐποίη-

2055 1369 2187 1416 σεν,
2219 1354 2433 1426 ἀληθῶς
2456 1355 2708 1426 σημαίνει
2728 1356 2837 1411 τῶν
2866 1356 3168 1430 ἀνθρώπων
3193 1356 3254 1410 τὸ
3279 1356 3423 1410 κατὰ
3450 1355 3636 1425 φύσιν,

2053 1447 2135 1499 ὅτι
2168 1445 2304 1516 ἔργα
2329 1446 2390 1499 τέ
2421 1447 2537 1500 ὲστι
2566 1447 2660 1501 καὶ
2689 1450 2987 1520 ποιήματα·
3019 1451 3076 1503 ὲν
3107 1449 3164 1502 δὲ
3195 1448 3292 1519 τῷ,
3322 1449 3636 1519 ἐγέννησε,

2053 1537 2204 1607 δηλοῖ
2243 1537 2340 1608 τὴν
2371 1538 2464 1592 τοῦ
2497 1539 2632 1594 Θεοῦ
2681 1541 2980 1613 γενομένην
3023 1543 3103 1606 εἰς
3141 1540 3460 1613 ἀνθρώπους
3497 1539 3640 1611 μετὰ

2055 1629 2117 1682 τὸ
2150 1630 2332 1684 κτίσαι
2358 1631 2554 1696 αὐτοὺς
2581 1631 3016 1706 φιλανθροιητίανο
3045 1635 3139 1687 καὶ
3170 1633 3356 1703 ἐπειδὴ
3376 1632 3485 1703 (86)
3509 1632 3641 1702 dixti-

387 1702 565 1780 mines
602 1724 995 1794 benignitatem
1029 1733 1314 1794 postquam
1346 1725 1467 1781 illos
1492 1728 1698 1781 creavit
1731 1702 1948 1796 indicat,

2063 1740 2232 1797 ριστοι
2257 1725 2542 1794 γεγόνασιν
2562 1724 2654 1777 ἐπὶ
2683 1702 2875 1796 statim,
2905 1723 3088 1778 λοιπὸν
3123 1725 3328 1794 Μωσῆς
3346 1702 3632 1786 Ῠὸνειδὶζων

386 1815 440 1868 in
482 1829 648 1885 quam
692 1815 820 1884 quia
853 1829 912 1870 se
946 1815 1294 1884 praebuerunt
1325 1815 1601 1885 ingratos,
1636 1831 1730 1873 eos
1759 1817 1954 1873 merito

385 1906 636 1977 obiurgat
673 1905 906 1978 Moyses.
934 1905 1073 1961 Hinc
1109 1906 1285 1976 primo
1316 1909 1424 1960 ait:
1455 1905 1700 1962 Haecine
1729 1907 1954 1963 Domino

385 1998 712 2066 rependitis.’
736 1997 942 2054 Deinde
963 1997 1243 2068 subjungit
1268 2016 1282 2053 :
1303 1997 1559 2069 Nunquid
1589 2015 1692 2053 non
1721 2001 1805 2054 hic
1841 2003 1953 2070 ipse

386 2088 549 2143 Pater
570 2099 693 2144 tuus
713 2089 946 2159 possedit
975 2099 1042 2155 te,
1063 2090 1187 2159 fecit
1212 2089 1286 2153 "te,
1317 2096 1368 2143 et
1396 2091 1589 2144 creavit
1613 2099 1660 2145 te
1679 2091 1766 2144 °°?
1789 2089 1951 2163 417

383 2184 583 2241 Postea
609 2199 741 2240 vero
769 2184 942 2256 pergit
973 2201 988 2238 :
1027 2183 1436 2237 Immolarerunt
1458 2183 1735 2237 dtemoniis
1761 2193 1811 2238 et
1850 2199 1954 2238 non

383 2277 515 2345 Deo,
537 2276 640 2331 diis
666 2292 795 2349 quos
823 2275 1156 2347 ignorabant.
1189 2275 1328 2330 Noui
1363 2285 1685 2347 recentesque
1708 2284 1953 2330 venerunt

317 2415 320 2419 .
382 2384 514 2439 quos
541 2384 644 2423 non
676 2368 950 2423 coluerunt
973 2377 1149 2438 patres
1177 2383 1378 2423 eorum.
1398 2368 1563 2424 Deum
1588 2369 1680 2442 qui
1708 2377 1756 2422 te
1777 2369 1954 2439 genuit

383 2459 710 2530 dereliquisti
727 2459 792 2513 ".

456 2551 546 2606 59.
571 2550 716 2607 Deus
744 2549 889 2606 enim
918 2563 1027 2604 non
1051 2557 1262 2604 tantum
1294 2548 1575 2605 hominem
1610 2548 1836 2618 creavit,
1858 2549 1954 2605 sed

384 2643 548 2698 etiam
582 2641 725 2698 tilios
751 2640 983 2706 vocavit,
1007 2648 1267 2712 tanquam
1290 2642 1336 2696 si
1358 2641 1482 2697 illos
1504 2641 1799 2713 genuisset.
1817 2639 1953 2698 Nam

383 2752 512 2802 vox,
539 2735 738 2804 genuit,
758 2733 932 2788 tilium
958 2733 1183 2799 indicat,
1218 2733 1297 2788 uti
1328 2734 1774 2805 penprophetam
1799 2735 1951 2805 dicit,

390 2825 564 2880 Filios
603 2824 758 2897 genui
782 2834 832 2878 et
871 2824 1103 2878 exattavi
1128 2824 1198 2880 ".
1232 2823 1501 2891 Quocirca
1557 2825 1770 2894 quoties
1808 2824 1954 2881 Scri-

387 2924 546 2986 ptura
563 2913 630 2968 de
651 2911 790 2968 Filio
822 2911 1088 2982 loquitur,
1111 2924 1222 2965 non
1241 2925 1452 2975 vocem,
1479 2911 1672 2976 creavi,
1701 2918 1950 2981 usurpat,

387 3005 481 3060 sed
504 3018 726 3068 vocem,
776 3001 952 3072 genui.
984 3001 1044 3056 Id
1096 3000 1309 3055 videtur
1345 2999 1582 3055 Joannes
1632 3000 1717 3056 bis
1772 3001 1953 3056 verbis

387 3094 695 3165 signiﬁcare
707 3094 755 3127 ’³
780 3113 794 3148 :
818 3093 974 3147 Dedit
1003 3093 1080 3148 eis
1104 3102 1412 3162 potestatem
1433 3094 1574 3163 ﬁlios
1598 3091 1697 3147 Dei
1723 3095 1840 3163 fieri
1872 3095 1952 3149 his

383 3189 474 3258 qui
494 3187 710 3241 credunt
750 3187 807 3239 in
849 3201 1034 3240 nomen
1068 3185 1203 3254 ejus,
1231 3185 1322 3255 qui
1363 3201 1466 3238 non
1490 3200 1554 3240 ea:
1588 3186 1950 3256 sanguinibus,

385 3294 545 3333 neaue
569 3293 634 3333 ea:
652 3277 920 3333 voluntate
941 3278 1141 3343 carnis,
1165 3293 1327 3348 neque
1346 3294 1412 3332 ea:
1436 3278 1702 3333 uoluntate
1731 3280 1954 3347 uiri,sed

384 3386 449 3426 ea:
476 3370 585 3426 Deo
608 3370 768 3442 geniti
789 3379 910 3424 sunt
934 3386 952 3424 :
974 3383 1096 3440 quae
1121 3370 1286 3425 verba
1315 3385 1346 3425 e
1373 3385 1432 3426 re
1450 3369 1614 3426 fuerit
1641 3372 1950 3429 observare.

385 3461 666 3530 Siquidem
695 3461 942 3527 verbum,
975 3459 1115 3530 ﬁeri,
1155 3459 1375 3517 adhibet
1419 3461 1549 3531 quia
1587 3477 1694 3517 non
1734 3472 1952 3530 natura,

383 3552 480 3608 sed
520 3551 810 3622 adoptione
838 3550 953 3621 iﬁlii
995 3565 1117 3608 esse
1145 3549 1438 3607 dicuntur:
1472 3553 1711 3609 dictione
1739 3563 1946 3622 autem,

382 3641 545 3712 geniti
577 3650 720 3706 sunt,
748 3656 883 3697 usus
910 3650 1098 3711 postea
1119 3650 1224 3708 est,
1248 3641 1378 3715 quia
1402 3642 1481 3698 illi
1510 3659 1728 3714 quoque
1749 3660 1947 3701 nomen

381 3733 477 3787 ﬁlii
502 3741 848 3804 acceperunt.
877 3731 981 3788 Sed
1012 3734 1266 3805 papulus,
1296 3743 1360 3789 ut
1385 3736 1462 3790 ait
1490 3737 1754 3808 propheta
1774 3736 1842 3805 “,
1871 3752 1949 3793 re-

381 3824 520 3894 pulit
559 3824 979 3881 benefactorem.
1014 3823 1139 3882 Haec
1167 3833 1252 3882 est
1276 3834 1459 3882 autem
1489 3825 1585 3882 Dei
1615 3828 1939 3900 benignitas,

450 3979 495 4048 f7
531 3979 685 4034 Deut.
715 3994 900 4040 xxxii,
937 3978 1023 4033 13.
1130 3979 1176 4012 ⁸⁸
1203 3978 1399 4034 Genes.
1435 3994 1476 4048 ι,
1513 3978 1606 4037 26.

379 4047 604 4103 "Joan.
635 4065 672 4114 ι,
698 4049 786 4112 12,
831 4049 918 4104 13.
995 4049 1040 4080 "
1071 4050 1176 4105 Isa.
1209 4065 1250 4114 ι,
1277 4050 1332 4107 5.

455 4167 566 4240 (85)
594 4163 820 4240 Seguer.
857 4165 989 4238 Reg.
1019 4175 1073 4222 et
1103 4165 1251 4225 Felc.
1283 4167 1337 4233 4,
1367 4167 1674 4240 ἐγέννησεν.
1704 4167 1847 4223 Editi
1893 4179 1949 4226 et

379 4238 494 4307 alii.
523 4237 806 4307 ἐγέννησαο

1702 3981 1747 4014 ⁸³
1777 3980 1931 4037 Deut.
1952 3998 2102 4038 xuii
2123 4027 2138 4052 ,
2167 3985 2254 4039 18.

2059 1816 2253 1880 αὐτοὺς
2278 1815 2490 1887 πρῶτον
2526 1817 2624 1889 μέν
2649 1833 2812 1888 φησιο
2865 1817 3054 1872 Ταῦτα
3084 1817 3276 1884 Κυρίῳ
3317 1814 3426 1887 (87)
3484 1815 3630 1869 ἀντ-

2059 1907 2412 1973 αποδιδοτε;
2437 1907 2556 1963 εἶτα
2582 1908 2780 1978 ἐπάγει
2794 1926 2809 1940 ·
2833 1912 2953 1964 Οὐκ
2975 1909 3156 1974 αὐτὸς
3175 1904 3353 1974 οὗτός
3371 1923 3487 1962 σου
3507 1911 3630 1960 Πα-

2058 2000 2168 2069 τὴρ
2192 1999 2491 2067 ἐκτήσατό
2519 2016 2595 2055 σε
2612 2042 2627 2068 ,
2655 2002 2755 2056 καὶ
2785 2001 3036 2069 ἐποίησέ
3058 2016 3151 2066 σε,
3183 2001 3282 2055 καὶ
3299 1999 3502 2054 ἐκτισέ
3524 2015 3638 2064 σε;

2059 2095 2168 2147 Καὶ
2191 2092 2443 2166 δεύτερον
2461 2094 2622 2148 πάλιν
2642 2094 2788 2163 λέγει
2807 2095 3095 2147 ’Ἕθυσαν
3106 2092 3432 2161 δαιμονίοις
3452 2090 3548 2144 καὶ
3561 2092 3636 2143 οὐ

2061 2184 2214 2250 Θεῷ,
2249 2185 2406 2251 θεοῖς
2434 2181 2525 2251 οἷς
2571 2188 2684 2240 οὐκ
2727 2185 3000 2256 ᾔδεισαν.
3048 2184 3252 2238 Καινοὶ
3297 2183 3638 2252 πρόσφατοι

2059 2276 2304 2344 ἥκασιν,
2328 2277 2437 2342 οὓς
2479 2279 2592 2331 οὐκ
2618 2277 2872 2347 ᾔδεισαν
2913 2277 3024 2348 (88)
3049 2279 3104 2330 οὶ
3129 2274 3378 2344 πατέρες
3403 2272 3637 2328 αὐτῶνθ

2062 2369 2210 2424 Θεὸν
2236 2369 2344 2424 τὸν
2371 2368 2753 2440 γεννήσαντα
2777 2384 2852 2423 σε
2878 2367 3286 2439 ἐγκατέλιπες.

2075 2562 2077 2565 ’
2129 2552 2217 2607 59.
2254 2552 2312 2606 '0
2337 2552 2433 2622 μὲν
2464 2551 2573 2624 γὰρ
2601 2551 2734 2616 Θεὸς
2780 2551 2841 2604 οὐ
2887 2550 3046 2622 μόνον
3087 2547 3407 2620 ἀνθρώπους
3437 2546 3637 2610 αὐτοὺς

2058 2639 2288 2705 ἔκτισεν,
2323 2640 2457 2694 ἀλλὰ
2501 2641 2596 2695 καὶ
2638 2641 2789 2704 υἱοὺς
2825 2639 3101 2704 ἐκάλεσεν,
3135 2638 3211 2702 ὡς
3241 2638 3505 2708 γεννήσας
3536 2637 3638 2689 αὐ-

2057 2733 2202 2796 τούς.
2225 2731 2330 2785 Τοῦ
2357 2733 2620 2803 γὰρ,υἱὸς
2634 2731 2766 2804 (89),
2790 2733 2882 2785 καὶ
2917 2725 3017 2786 ὧδε
3048 2729 3377 2802 σημαντικόν
3403 2730 3517 2781 ἐστι
3547 2727 3632 2791 τὸ,

2056 2825 2413 2896 ἐγέννησενο
2447 2822 2524 2889 ὠς
2554 2826 2650 2879 καὶ
2679 2825 2766 2878 διὰ
2792 2823 2886 2878 τοῦ
2930 2824 3207 2897 προφήτου
3238 2822 3428 2894 φησιν’
3462 2819 3637 2885 Υιοὺς

2057 2917 2356 2988 ἐγέννησα
2381 2917 2478 2972 καὶ
2508 2917 2756 2986 ὕψωσαν
2782 2916 2877 2971 καὶ
2920 2916 3057 2980 ὅλως
3099 2916 3187 2969 ὅτε
3213 2917 3247 2986 ή
3286 2913 3475 2986 Γραφὴ
3513 2913 3634 2966 υἱὸν

2060 3012 2300 3083 σημᾶναι
2321 3010 2589 3081 βούλεται,
2617 3011 2678 3065 οὺ
2705 3010 2793 3066 διὰ
2834 3011 2950 3082 τῆς,
2974 3009 3204 3075 ἕκτισα,
3253 3008 3387 3063 ἀλλὰ
3416 3009 3632 3070 πάντως

2054 3103 2144 3157 διὰ
2170 3104 2288 3175 τῆς,
2313 3104 2630 3174 ἐγέννησα,
2664 3103 2862 3169 λέξεως
2898 3101 3171 3173 σημαίνει.
3207 3101 3314 3155 Καὶ
3338 3099 3494 3155 τοῦτο
3520 3101 3630 3153 πά-

2056 3195 2139 3250 λιν
2185 3197 2432 3268 Ἰωάννης
2468 3197 2715 3266 φαίνεται
2759 3195 2933 3264 λέγων
2970 3193 3108 3266 (90)·
3146 3194 3402 3248 Ἔδωκεν
3422 3192 3630 3260 αὐτοῖς

2055 3285 2346 3349 ἐξουσίαν
2375 3285 2554 3340 τέκνα
2581 3287 2726 3342 Θεοῦ
2752 3286 3029 3357 γενέσθαι
3065 3286 3192 3352 τοῖς
3236 3286 3632 3340 πιστεύουσιν

2054 3377 2144 3439 εὶς
2171 3374 2237 3427 τὸ
2270 3373 2458 3444 ὄνομα
2488 3376 2695 3440 αὐτοῦ,
2730 3374 2788 3428 οἳ
2831 3377 2942 3430 οὐκ
2963 3374 3033 3440 ἐξ
3071 3373 3352 3445 αἱμάτων,
3390 3374 3533 3430 οὐδὲ
3557 3376 3629 3428 ἐκ

2057 3464 2386 3534 θελήματος
2435 3465 2684 3535 σαρκὸς,
2732 3465 2876 3521 οὐδὲ
2912 3466 2983 3521 ἐκ
3027 3465 3361 3536 θελήματος
3386 3465 3626 3534 ἀνδρὸς,

2051 3558 2188 3613 ἀλλ’
2219 3558 2288 3612 ἐκ
2334 3558 2484 3614 Θεοῦ
2515 3558 2956 3629 ἐγεννήθησανο
2992 3557 3132 3613 πάνυ
3174 3557 3356 3622 καλῶς
3397 3557 3628 3630 ἐχούσης

2050 3647 2144 3701 καὶ
2184 3647 2294 3719 (91)
2331 3648 2562 3703 ἐνταῦθα
2603 3650 2702 3721 τῆς
2745 3649 3195 3722 παρατηρήσεως.
3245 3648 3318 3703 Τὸ
3364 3649 3462 3720 μὲν
3491 3649 3624 3722 γὰρ,

2050 3739 2466 3810 γενέσθαινδιὰ
2492 3741 2554 3794 τὸ
2593 3741 2668 3813 μὴ
2698 3741 2877 3811 φύσει,
2913 3741 3048 3796 ἀλλὰ
3100 3741 3246 3795 θέσει
3293 3741 3488 3804 αὐτοὺς
3513 3740 3626 3811 (92)

2047 3829 2299 3900 λέγεσθαι
2344 3831 2491 3896 υἱούς
2531 3849 2694 3904 φησι·
2739 3833 2801 3886 τὸ
2854 3833 2932 3901 δὲ,
2965 3832 3399 3903 ἐγεννήθησαν,
3441 3831 3531 3886 διὰ
3563 3833 3626 3887 τὸ

2355 3984 2400 4018 ’⁸
2417 3984 2549 4042 ibid.
2575 3985 2631 4042 6.
2737 3989 2781 4021 ⁹¹
2813 3987 2946 4044 ibid.
2981 3987 3071 4054 17,
3102 3989 3189 4042 18.
3271 3989 3316 4022 ’⁸
3347 3988 3449 4044 ιω.
3487 4004 3526 4054 1,
3561 3989 3619 4044 2.

2080 4172 2370 4320 ξῗὲἔῖὃὶο
2393 4240 2617 4314 Seguer.
2647 4243 2867 4320 Gobler.
2888 4243 3032 4320 Felc.
3058 4247 3084 4301 1
3116 4258 3170 4303 et
3207 4248 3262 4320 4.
3303 4250 3518 4320 Anglic.
3566 4261 3622 4305 et

451 4301 1188 4384 (84)sic-"Seguerz-Gobler.
1217 4304 1369 4384 it‘elt:1
1389 4307 1424 4384 1_
1470 4309 1598 4384 eti».
1632 4307 1702 4384 At
1725 4301 1854 4384 editi
1893 4317 1948 4364 et
1979 4360 2024 4384 ,ι
2055 4301 2187 4384 Reg.
2212 4301 2444 4382 quorum
2467 4301 2584 4368 ires
2610 4314 2786 4384 ultimi
2831 4317 3032 4384 habent
3052 4301 3259 4382 καινοί,
3293 4301 3621 4384 έιζὲδξοὺὶξ

382 4377 497 4442 alii,
522 4377 614 4429 καὶ
645 4375 864 4447 λέγωσι.
883 4375 1122 4447 ’Μωσῆς

376 4447 673 4532 εἰρηκέναι.
717 4442 842 4500 Mox
877 4442 1102 4524 Seguer'.
1155 4442 1286 4528 Reg.
1317 4442 1539 4530 conia:
1565 4448 1713 4535 Felc.
1743 4442 1796 4514 1,
1829 4451 1864 4504 4
1893 4461 1949 4506 et

377 4519 431 4582 5,
449 4517 631 4595 αυτὸς.
649 4516 705 4569 δὲ
733 4514 1270 4595 μεταπαυταηβὼει
1299 4527 1353 4572 et
1378 4519 1490 4583 alii,
1521 4519 1680 4584 αυτὸς
1704 4520 1796 4574 καὶ
1813 4520 1949 4591 μετὰ

373 4586 566 4641 ταῦτα.
601 4585 825 4656 Segner.
862 4585 1015 4657 ibid.,
1049 4586 1208 4640 πάλιν
1231 4587 1420 4657 ἔφησε.

447 4657 557 4727 (85)
594 4653 929 4728 Seg'ucr.,_nb
948 4657 1181 4728 γένημα.
1209 4653 1424 4728 Gobler.
1456 4656 1600 4713 Felc.
1629 4659 1680 4725 1,
1714 4668 1768 4714 et
1793 4659 1846 4727 4,
1885 4660 1946 4713 τὸ

373 4724 638 4798 γέννημα.
698 4724 924 4798 ΙηΫεΙὶἰε
950 4735 1002 4781 et
1044 4724 1279 4798 editione
1328 4727 1616 4798 Commel.,
1667 4724 1941 4784 deest’zo.

377 4798 496 4852 Mox
522 4797 640 4867 pro,
667 4797 952 4867 ἐκτήσατο,
997 4806 1057 4851 ut
1113 4797 1310 4851 habent
1363 4799 1528 4867 editio
1579 4797 1842 4853 Commel.
1891 4811 1945 4855 et

374 4863 758 4936 mssfaliquot
786 4863 803 4919 Ξ
837 4866 1059 4936 Seguer.
1086 4867 1296 4936 Anglic.
1332 4863 1548 4922 Gobler.
1578 4867 1723 4923 Felc.
1752 4870 1777 4922 1
1807 4880 1860 4924 et
1884 4870 1940 4936 5,

373 4934 898 5009 habent,_€xric_aro.
915 4934 1070 5009 ilbid.
1093 4934 1263 5009 _Reg.,
1295 4936 1515 5009 ὕστερον
1546 4939 1762 5009 ἐπάγει.

443 5008 554 5079 (8h)
587 5006 730 5079 ξειυ,
765 5007 818 5072 4,
839 5006 1148 5079 -καὶᾼλοιπὸν
1178 5007 1387 5079 επειδή.
1428 5006 1438 5009 ⁷

450 5075 570 5150 (8η
594 5077 813 5146 Regius,
836 5075 1020 5150 Basili.
1067 5085 1123 5150 et
1168 5075 1608 5150 Anglic.,_raﬁca
1628 5077 1706 5149 τῷ
1727 5079 1936 5150 Κυρίῳ.

373 5144 510 5202 Ibid.
539 5144 760 5217 Seguer.
821 5147 1029 5217 Anglic.
1084 5144 1300 5202 Gobler.
1331 5158 1384 5201 et
1409 5147 1554 5201 Felc.
1587 5150 1614 5202 1
1656 5144 1710 5203 et
1727 5149 1780 5212 ὁ,
1817 5144 1939 5202 εἶτα

374 5218 587 5286 ἐπάγει·
624 5218 738 5286 Οὐκ
765 5217 946 5280 αὑτός,
993 5225 1098 5286 etc.
1151 5217 1219 5272 At
1247 5218 1338 5270 alii
1378 5227 1430 5272 ct
1466 5217 1633 5273 editio
1673 5218 1934 5274 Commel.

373 5283 650 5351 omittunt,
681 5283 800 5340 εἶτα
827 5287 1042 5355 ἐπάγει.
1078 5285 1207 5341 Item
1239 5287 1369 5343 ibid.
1405 5287 1622 5343 Gobler.
1651 5287 1795 5343 Felc.
1827 5290 1853 5342 1
1885 5299 1938 5343 et

373 5356 424 5418 4,
449 5358 699 5428 ὲκτίσατό
727 5374 808 5411 σε.
841 5357 1053 5428 lbidenl
1076 5355 1298 5428 Seguer.
1331 5356 1474 5413 Felc.
1509 5356 1565 5420 4,
1593 5359 1686 5413 καὶ
1713 5357 1936 5428 ἐποίησέ

372 5442 451 5479 σε’
481 5427 865 5519 κῖαξδεύτερονῖ
883 5435 997 5519 ειεέ
1011 5425 1170 5519 Fcis:
1185 5428 1240 5516 5ε
1261 5428 1483 5519 ἐποίησέ
1505 5444 1582 5480 σε’
1608 5430 1703 5482 καὶ
1718 5425 1937 5519 ,ἔπλασε

370 5497 593 5571 {adﬁcit
647 5497 940 5571 μετ’-ὀλίγα
962 5498 1033 5571 λέν
1068 5501 1134 5571 τῇ
1169 5500 1317 5571 αὐτῇ
1338 5497 1478 5571 γ’ῼδῇ
1507 5517 1689 5570 φησιν,
1718 5500 1933 5571 Ἐθυον.

368 5564 587 5639 Gobler.
623 5564 677 5622 εἰ
704 5566 849 5622 Felc.
879 5564 936 5639 1,
958 5564 1180 5639 ἐποίησέ
1223 5564 1316 5622 σεξ
1335 5564 1682 5625 Καὶ”πὰλιν”
1714 5569 1930 5627 Ἔθυον.

368 5635 592 5709 Seguer.
619 5640 749 5694 ibid.
808 5649 861 5693 et
914 5635 1214 5708 Scriptura,
1246 5639 1461 5696 ἔθυσαν.
1516 5643 1620 5697 Alii
1667 5651 1720 5699 et
1779 5642 1926 5710 editi,

1222 4376 1279 4430 ὲν
1399 4360 1948 4458 ᾲρῇίῆξηοοέαῐξὲξπὲν

2057 4360 2291 4458 abscisam,
2330 4384 2594 4458 aliivero,
2617 4381 2972 4458 uevoi,iet_oi;
2997 4388 3100 4458 οὐκ
3126 4360 3365 4458 ᾔδείσξνῖ
3391 4360 3504 4445 ἐξά

2050 4453 2104 4507 et
2139 4453 2267 4531 editi
2298 4453 2380 4531 sic
2416 4455 3011 4531 hunclo_cum_l_i_abent_,
3051 4453 3192 4531 θεοῖς
3216 4457 3307 4531 οἷς
3342 4461 3443 4531 οὐκ
3475 4461 3621 4531 ᾕδει-

2050 4540 2148 4576 σαν
2168 4525 2216 4576 οἱ
2241 4523 2473 4595 πατέρες
2510 4523 2707 4589 αὐτῶν,
2742 4525 2864 4579 aliis
2885 4528 3125 4582 omissis.
3150 4523 3354 4584 Ibidem
3388 4523 3533 4585 Felc.
3561 4531 3616 4595 4,

2046 4602 2168 4671 post
2203 4594 2586 4663 ἐγκατέλιπες,
2637 4595 2785 4650 addit
2822 4596 2916 4649 καὶ
2942 4597 3207 4653 ἐπελάθου
3254 4599 3346 4652 τοῦ
3389 4594 3620 4671 τρέφον-ὲ

2044 4664 2238 4872 τόῗὸςξξ
2259 4733 2390 4804 Reg.
2429 4733 2648 4790 Gobler.
2673 4745 2726 4789 et
2759 4735 2904 4790 Felc.
2940 4737 2993 4800 1,
3023 4739 3098 4792 Tb
3124 4737 3232 4810 γὰρ
3251 4738 3400 4803 Υἱός.

2116 4805 2202 4872 (90
2264 4803 2354 4872 Sic
2379 4804 2602 4871 Seguer.
2633 4803 2851 4860 Gobler.
2878 4805 3072 4863 Felc.1
3107 4818 3160 4862 et
3183 4810 3235 4862 4.
3268 4809 3373 4864 Alii

2116 4803 2224 4873 (90)
2264 4803 2354 4873 S_ic
2379 4804 2602 4871 Seguer.
2633 4803 2851 4860 Gobler.
2878 4805 3072 4863 Felc.1
3107 4803 3160 4862 et
3183 4803 3235 4862 ἆ.
3268 4809 3373 4864 Alii
3407 4826 3540 4866 vero
3562 4822 3617 4868 et

2042 4871 2390 4948 gditi,_oi65v
2451 4876 2699 4948 Ἰωάννης
2732 4876 2925 4944 λέγων.
2980 4877 3105 4933 Mox
3132 4878 3358 4948 Seguer.
3393 4882 3614 4937 Gobler.

2042 4941 2203 5024 Felc.~
2215 4944 2240 4997 1
2280 4953 2334 4999 et
2361 4946 2433 5024 1,_
2450 4941 2675 5024 addunt,
2701 4941 2814 5010 τοῖς
2837 4949 3183 5024 πιστεύουσιν
3207 4941 3308 5024 ἐἰς
3338 4951 3421 5024 reb,
3441 4952 3616 5022 ὄνομα

2040 5016 2227 5082 αὐτοῦ,
2258 5030 2378 5082 quae
2421 5016 2474 5068 in
2519 5016 2662 5070 aliis'
2695 5026 2750 5071 et
2806 5018 3041 5074 editione
3063 5019 3330 5076 Commel.
3392 5016 3612 5076 desunt.

2043 5080 2210 5206 Solus;
2254 5080 2476 5156 Seguer.
2516 5085 2717 5141 ibidem
2770 5087 2953 5156 habet,
3013 5089 3135 5142 οὐδὲ
3189 5089 3255 5143 ἐκ
3307 5091 3613 5163 θελήματος

2077 5170 2181 5206 αοκ
2213 5173 2260 5206 ς.

2109 5170 2335 5299 (ἓῧςὲίο
2364 5224 2586 5299 Seguer.
2616 5224 2747 5299 Reg.
2777 5225 2964 5299 Basili.
3001 5228 3213 5299 Anglic.
3249 5229 3394 5286 Felc.
3442 5245 3614 5299 quar-

2037 5301 2126 5349 tus
2163 5305 2217 5350 et
2243 5297 2486 5364 quintus.
2512 5297 2582 5350 At
2622 5297 2676 5349 in
2717 5298 2840 5352 aliis
2863 5307 2916 5352 et
2931 5297 3112 5354 editis'
3135 5299 3289 5355 deest
3327 5300 3441 5354 καί.
3464 5297 3610 5354 Mox

2039 5363 2275 5434 Seguer.’
2320 5374 2374 5419 et
2420 5365 2565 5421 Felc.
2616 5366 2669 5428 4,
2719 5368 2793 5419 Τὸ
2821 5368 2917 5438 μὲν
2949 5369 3057 5442 γὰρ
3106 5371 3380 5438 γενέσθαι.
3426 5368 3612 5424 Edttio

2034 5432 2299 5489 Commel.
2327 5447 2378 5490 et
2410 5437 2498 5490 alii
2526 5451 2684 5491 mss..
2709 5438 2783 5490 Tb
2820 5439 2918 5491 μὲν
2943 5440 3216 5491 γενέσθαι.
3383 5452 3393 5463 ·

2109 5451 2299 5489 ιῐηωει.
2327 5451 2378 5490 et
2410 5451 2498 5490 ani
2526 5451 2684 5499 mss.,
2709 5451 2783 5490 ϊο
2819 5451 2918 5508 μεν
2943 5451 3216 5508 γενεσθαι.
3383 5452 3393 5463 ·

2109 5505 2340 5579 (Ἠλεῖε
2369 5505 2589 5575 Seguer.
2626 5510 2761 5579 Reg.
2797 5508 2984 5567 Basili.
3011 5520 3065 5567 et
3090 5507 3236 5566 Felc.
3260 5509 3315 5566 4.
3339 5511 3410 5566 At
3433 5510 3526 5564 alii
3553 5519 3612 5564 et

2033 5575 2207 5632 editio
2223 5575 2509 5644 Commel.,
2533 5575 2718 5632 αὑτοῦ.
