3840 6220
185 313 297 369 273

1310 303 1571 361 ORATIO
1599 305 1642 358 ll
1671 299 1956 358 CONTRA
1995 297 2316 355 ARIANOS.

3339 293 3450 350 ἑτι

184 433 324 493 ὅλως
370 428 542 499 ὄνομα
593 426 711 480 υἱοῦ
766 427 859 481 καὶ
907 427 1104 489 αὐτοὺς
1151 423 1430 496 εἰληφέναι
1455 463 1470 488 ,
1525 420 1764 492 εἴρηκεν.

1896 416 2015 486 ιυοό
2038 431 2274 486 quorum
2297 413 2517 471 eﬂector
2538 424 2640 481 est,
2671 416 2864 470 horum
2899 415 3064 470 etiam
3099 422 3254 485 pater
3279 415 3454 483 gratia

196 521 336 575 Ἀλλ’
368 521 398 573 6
436 519 598 583 λαὸς.
642 519 716 582 ὼς
755 521 784 572 6
823 519 1106 590 προφήτης
1155 515 1338 586 φησιν,
1372 515 1642 584 ἠθέτησαν
1681 512 1774 565 τὸν

186 612 504 684 εὐεργέτην.
531 609 679 682 Αὕτη
701 609 758 663 δὲ
788 609 896 680 (95)
928 607 1021 662 τοῦ
1046 607 1180 662 Θεοῦ
1203 605 1578 678 φιλανθρωπία
1604 604 1772 668 ἐστὶν,

185 707 270 758 ὃτι
304 698 380 757 ὧν
425 703 542 755 ἐστι
575 700 824 772 ποιητὴς,
855 699 1058 753 τούτων
1088 698 1181 752 καὶ
1223 697 1406 769 πατὴρ
1443 697 1584 751 κατὰ
1615 696 1774 768 χάριν

186 796 420 867 ὕστερον
456 792 700 862 γίνεται·
746 791 956 860 γίνεται
985 790 1064 854 δὲ,
1095 789 1221 843 ὅταν
1260 789 1308 842 οἱ
1347 787 1655 850 κτισθέντες
1689 787 1778 842 ἄν-

187 887 429 962 θρωποι,
478 884 553 949 ὡς
597 879 751 937 εἶπεν
795 885 825 937 6
865 881 1218 948 Ἀπόστολος,
1259 879 1494 934 λάϐωσιν
1549 880 1630 942 είς
1678 878 1777 943 τὰς

186 978 417 1050 καρδίας
465 975 673 1031 ἑαυτῶν
723 975 787 1029 τὸ
833 974 1059 1045 Πνεῦμα
1105 974 1213 1028 τοῦ
1244 972 1373 1028 Υίοῦ
1426 970 1590 1027 αὑτοῦ
1642 974 1778 1045 κρᾶ-

189 1049 283 1134 ζον
312 1069 450 1140 (94),
485 1065 670 1132 Ἇόϐᾶ,
700 1069 733 1122 ὀ
759 1065 980 1136 Πατήρ,
1011 1057 1171 1120 Οὗτοι
1203 1064 1262 1119 δέ
1284 1049 1428 1120 ἐἰσιν
1467 1064 1602 1127 ὅσοι,
1624 1063 1778 1130 δεξά-

191 1176 347 1231 μενοι
377 1158 472 1211 τὸν
503 1158 696 1226 Λόγον,
731 1156 920 1210 ἔλαϐον
957 1155 1208 1221 ἐξουσίαν
1252 1158 1383 1229 παρ’
1424 1155 1586 1210 αὑτοῦ
1613 1154 1777 1209 τέκνα

188 1249 328 1302 Θεοῦ
359 1247 612 1318 γενέσθαι
632 1265 646 1280 ο
677 1247 850 1310 ἄλλως
879 1247 990 1316 γὰο
1015 1247 1118 1301 οὒκ
1145 1249 1210 1302 ἂν
1234 1247 1344 1319 (95)
1375 1248 1614 1317 γένοιντο
1649 1249 1776 1311 υἱοὶ,

188 1345 346 1408 ὄντες
373 1344 532 1414 φύσει
557 1341 852 1414 κτίσματα,
877 1343 926 1396 εξ
953 1341 1028 1414 μὴ
1053 1340 1150 1395 τοῦ
1179 1341 1328 1406 ὄντος
1353 1340 1511 1411 φύσει
1536 1341 1630 1395 καὶ
1652 1341 1779 1412 ἀλη-

190 1437 342 1492 θινοῦ
392 1434 525 1490 Υἱοῦ
565 1434 627 1489 τὸ
671 1434 896 1506 Πνεῦμα
938 1434 1304 1500 ὑποδέξονται.
1351 1435 1462 1499 Διδ,
1495 1436 1580 1488 ἴνα
1620 1433 1781 1489 τοῦτο

187 1531 439 1601 γένηται,
484 1530 514 1582 6
559 1527 733 1596 Λόγος
770 1525 908 1599 σὰρξ
944 1527 1194 1596 ἐγένετο,
1234 1527 1321 1581 ἵνα
1363 1527 1453 1580 τὸν
1494 1526 1778 1598 ἄνθρωπον

187 1622 438 1676 δεκτικὸν
465 1621 720 1692 θεότητος
747 1622 949 1695 ποιήσῃ
993 1619 1121 1691 (96).
1167 1619 1381 1690 Ταύτην
1414 1619 1514 1690 τὴν
1543 1618 1778 1672 διάνοιαν

189 1714 287 1767 καὶ
322 1712 475 1786 παρὰ
511 1713 792 1783 Μαλαχίου
819 1710 913 1766 τοῦ
951 1711 1230 1782 προφήτου
1263 1711 1454 1782 μαθεῖν
1491 1710 1668 1778 ἔξεστι
1692 1709 1779 1764 λέ-

189 1773 415 1874 γοντοςί
449 1803 595 1872 οὐχι
631 1773 776 1868 Θεὸς
815 1798 902 1868 εἷς
940 1773 1184 1856 ἔκτισεν
1218 1773 1411 1871 ὑλιᾶςέ
1446 1773 1595 1869 Οὐχὶ
1627 1798 1778 1854 πάν-
1807 1773 1850 1828 Β

190 1914 312 1949 των
340 1894 509 1965 ὑμῶν
529 1890 617 1962 εἷς
645 1893 876 1962 arat-11p;
899 1893 1009 1947 Kal.
1039 1892 1272 1948 ἐνταῦθα
1302 1892 1410 1964 γὰρ
1437 1892 1596 1948 πάλιν
1623 1892 1776 1965 πρῶ-

191 2007 284 2043 τον
315 1989 396 2052 τὸ,
421 1991 644 2052 ἔκτισε,
676 1988 770 2042 καὶ
812 1986 1061 2058 δεύτερον
1093 1987 1172 2052 τὸ,
1197 1985 1416 2055 πατὴρ,
1445 1986 1659 2056 έθηκεν,
1690 1986 1780 2041 ἵνα

189 2080 344 2155 δείξῃ
376 2081 472 2134 καὶ
509 2079 672 2144 αὐτὸς
702 2079 832 2151 (97),
872 2079 956 2133 ὅτι
991 2077 1051 2144 ἐξ
1095 2079 1270 2152 ἀρχῆς
1310 2079 1408 2151 μὲν
1447 2077 1589 2132 κατὰ
1619 2077 1781 2148 φύσιν

190 2171 365 2241 ἐσμὲν
401 2171 694 2241 κτίσματα,
722 2169 818 2223 καὶ
845 2169 1071 2239 κτίστης
1099 2169 1257 2240 ήμῶν
1285 2170 1438 2223 ἐστιν
1473 2171 1503 2222 6
1535 2167 1668 2231 Θεὸς
1693 2168 1786 2224 διὰ.

189 2261 290 2315 τοῦ
326 2261 536 2330 Λόγου,
584 2260 809 2332 ὕστερον
853 2258 910 2312 δὲ
942 2259 1356 2331 υίοποιούμεθα,
1405 2258 1499 2311 καὶ
1539 2257 1722 2318 λοιπὸν
1752 2261 1781 2312 6

189 2352 423 2422 κτίστης
458 2351 590 2415 Θεὸς
620 2351 828 2420 γίνεται
865 2350 960 2405 καὶ
1004 2349 1188 2422 πατὴρ
1234 2348 1409 2421 ἡμῶν.
1447 2348 1656 2403 Οὐκοῦν
1696 2348 1778 2412 τὸ,

190 2444 409 2515 Πατήρ,
444 2441 537 2496 τοῦ
573 2441 702 2496 Υίοῦ
746 2443 892 2497 ἐστιν
937 2442 1068 2496 ῐδιον
1102 2440 1235 2513 (98),
1274 2437 1367 2493 καὶ
1395 2439 1454 2494 οὐ
1488 2439 1548 2494 τὸ
1577 2439 1783 2512 κτίσμα

187 2534 334 2588 ἀλλὰ
362 2534 445 2598 τὸ,
475 2533 626 2597 Υἱὸς,
657 2531 750 2586 τοῦ
783 2532 998 2604 Πατρός
1037 2534 1186 2587 ἐστιν
1219 2531 1372 2586 ἴδιον.
1407 2533 1569 2586 Ὥστε
1599 2532 1693 2586 καὶ
1718 2534 1782 2586 ὲκ

187 2626 390 2680 τούτου
435 2625 747 2679 δείκνυσθαι
781 2625 857 2698 μὴ
895 2622 1033 2680 εἶναι
1065 2626 1221 2697 ’ἡμᾶς
1253 2625 1411 2696 φύσει
1444 2626 1616 2690 υἱοὺς,
1648 2623 1784 2678 ἀλλὰ

187 2720 289 2774 τὸν
321 2721 378 2772 ὲν
407 2719 540 2789 ἡμῖν
569 2719 715 2788 Υἱόνο
749 2719 843 2772 καὶ
871 2718 948 2790 μὴ
980 2715 1120 2771 εἶναι
1161 2718 1322 2772 πάλιν
1357 2717 1514 2790 ήμῶν
1544 2716 1654 2788 (99)
1683 2716 1784 2786 φῦ-

191 2827 283 2864 σει
313 2809 528 2878 πατέρα
553 2808 642 2861 τὸν
671 2808 824 2873 Θεὸν,
851 2808 988 2864 ἀλλὰ
1019 2808 1114 2862 τοῦ
1161 2810 1218 2862 ὲν
1265 2810 1398 2879 ἡμῖν
1425 2807 1620 2877 Λόγου,
1654 2809 1712 2862 ὲν
1739 2799 1785 2874 ᾧ

190 2901 296 2954 καὶ
317 2899 384 2956 δι’
408 2899 464 2951 ὂν
483 2899 778 2970 κράζομεν,
797 2899 985 2962 Ἀϐϐᾶ,
1008 2901 1042 2952 ό
1060 2897 1282 2967 Πατήρ.
1300 2899 1510 2970 Ὥσπερ
1532 2897 1590 2952 δὲ
1605 2896 1781 2964 τοῦτο,

1874 517 2059 577 postea
2081 509 2194 573 tiat,
2219 507 2362 577 quod
2395 515 2525 561 tunc
2547 505 2811 577 contingit
2827 521 2952 560 cum
2983 506 3149 560 creati
3177 504 3453 572 homines,

1874 607 1936 652 ut
1966 597 2041 652 ait
2073 597 2368 667 Apostolus
2397 598 2465 661 θ’,
2507 594 2772 666 Spiritum
2798 595 2922 650 Filii
2953 598 3070 666 ejus
3098 596 3454 659 clamantem,

1872 689 2043 754 Abba,
2076 688 2260 753 Pater,
2293 689 2347 743 in
2374 688 2490 744 suis
2522 687 2781 744 cordibus
2815 688 3141 757 suscipiunt.
3180 685 3246 740 Hi
3290 700 3455 756 porro

1875 789 2004 836 sunt
2029 781 2147 851 qui,
2179 787 2432 850 suscepto
2444 777 2642 844 Verbo,
2666 787 2988 850 potestatem
3017 778 3086 833 ab
3104 792 3170 833 eo
3200 792 3458 848 accepere

1877 871 2018 926 lilios
2039 870 2134 926 Dei
2163 869 2302 926 ﬁeri.
2322 868 2432 925 Nec
2461 869 2604 924 enim
2630 869 2739 923 alio
2771 867 2935 923 modo
2963 867 3058 922 lilii
3089 866 3456 938 possunttleri

1875 978 2000 1018 cum
2025 978 2093 1018 ex
2121 969 2317 1016 natura
2342 977 2442 1018 sua
2463 961 2573 1018 sint
2592 960 2782 1028 creati,
2806 961 2911 1015 nisi
2931 960 3194 1031 Spiritum
3219 961 3340 1030 ejus
3360 960 3456 1031 qui

1877 1055 2143 1112 naturalis
2182 1064 2235 1112 et
2273 1070 2435 1111 verus
2475 1062 2560 1110 est
2600 1052 2774 1109 Filius
2812 1053 3142 1123 acceperint.
3192 1050 3352 1120 Quod
3397 1062 3461 1106 ut

1878 1148 2053 1214 ﬁeret,
2093 1146 2328 1202 Verbum
2370 1161 2502 1202 caro
2542 1149 2750 1202 factum
2793 1154 2877 1202 est
2896 1147 2964 1212 “,
2989 1153 3050 1199 ut
3079 1145 3358 1199 hominem
3389 1143 3455 1199 ad

1878 1238 2219 1294 divinitatem
2270 1236 2634 1308 recipiendam
2673 1237 2931 1292 idoneum
2981 1235 3251 1291 redderet.
3295 1233 3456 1289 Eam-

1877 1330 1998 1386 dem
2031 1330 2173 1386 hanc
2197 1330 2524 1388 sententiam
2551 1330 2681 1386 licet
2712 1328 2926 1384 discere
2945 1343 3010 1384 ex
3039 1326 3308 1382 Malachia
3333 1341 3455 1396 pro-

1876 1443 2040 1514 pheta
2074 1444 2147 1500 ita
2181 1445 2435 1516 loquente
2463 1463 2476 1500 :
2511 1443 2764 1514 Nunquid
2793 1459 2896 1498 non
2930 1459 3066 1497 unus
3097 1441 3238 1496 Deus
3263 1443 3456 1496 crearit

1877 1537 2004 1592 vos?
2025 1533 2280 1608 Nunquid
2298 1552 2397 1591 non
2414 1549 2565 1606 pater
2580 1553 2718 1590 unus
2742 1536 2977 1589 omnium
2993 1542 3224 1590 vestrum
3241 1533 3324 1586 ’7?
3358 1531 3459 1589 llic

1877 1624 2022 1680 enim
2042 1626 2277 1695 primum
2294 1626 2495 1696 posuit,
2513 1627 2730 1690 creavit,
2749 1625 2967 1690 deinde,
2985 1634 3158 1696 pater,
3180 1635 3240 1679 ut
3261 1639 3458 1694 nempe

1879 1717 2188 1772 ostenderet
2215 1732 2358 1772 nosa
2372 1717 2643 1788 principio
2656 1724 2849 1772 natura
2868 1724 3085 1772 creatos
3100 1729 3242 1781 esse,
3263 1715 3462 1770 Deum-

1876 1823 1986 1878 que
2033 1816 2337 1863 creatorem
2385 1815 2641 1864 nostrum
2675 1823 2802 1864 esse
2832 1821 2930 1878 per
2963 1804 3204 1862 Verbum
3226 1845 3242 1870 ,
3271 1815 3462 1877 postea

1876 1911 2004 1953 vero
2037 1912 2138 1953 nos
2166 1897 2308 1953 ﬁlios
2334 1897 2624 1968 adoptione
2659 1896 2819 1962 etiici,
2851 1910 3086 1966 cumque
3108 1893 3279 1950 Deum
3302 1907 3462 1948 crea-

1877 1993 2078 2049 torem,
2127 1994 2380 2041 nostrum
2429 1986 2596 2042 etiam
2649 1985 2764 2040 ﬁeri
2794 1993 3027 2056 patrem.
3070 1985 3260 2055 Itaque
3298 1981 3464 2040 Pater

1877 2076 2134 2147 proprius
2171 2085 2256 2132 est
2297 2074 2441 2145 Filii,
2473 2093 2574 2134 nec
2600 2077 2806 2148 aliquid
2857 2086 3128 2143 creatum,
3159 2075 3254 2131 sed
3289 2074 3463 2130 Filius

1878 2177 1962 2224 est
1993 2183 2213 2239 quoque
2247 2167 2428 2225 Patris
2463 2171 2737 2241 proprius.
2772 2168 3042 2237 Quocirca
3087 2169 3216 2225 inde
3249 2168 3463 2240 perspi-

1879 2276 2044 2316 cuum
2061 2262 2224 2316 etiam
2245 2271 2330 2318 est
2346 2278 2448 2318 nos
2469 2277 2578 2319 non
2601 2270 2797 2318 natura
2816 2263 2958 2317 ﬁlios
2985 2276 3129 2330 esse,
3147 2261 3242 2316 sed
3261 2259 3463 2314 Filium

1880 2353 2062 2426 quiin
2107 2355 2269 2410 nobis
2295 2365 2412 2421 est;
2456 2370 2560 2412 nec
2595 2355 2845 2412 vicissim
2882 2355 3086 2421 Deum,
3111 2366 3323 2425 patrem
3364 2367 3464 2408 no-

1881 2454 2056 2502 strum
2097 2457 2296 2503 natura
2323 2463 2467 2516 esse,
2495 2448 2590 2504 sed
2612 2447 2774 2505 Verbi
2803 2447 2949 2519 quod
2989 2448 3045 2502 in
3080 2446 3242 2502 nobis
3262 2453 3368 2512 est,
3401 2445 3458 2500 in

1881 2551 1992 2606 quo
2015 2545 2070 2592 et
2098 2551 2194 2606 per
2216 2537 2364 2608 quod
2399 2537 2721 2604 clamamus,
2746 2537 2918 2603 Abba,
2967 2535 3154 2591 Pater.
3195 2533 3466 2590 Similiter

1880 2626 2046 2684 Pater
2066 2628 2191 2686 illos
2216 2629 2274 2684 in
2296 2630 2498 2702 quibus
2524 2645 2686 2686 suum
2716 2629 2917 2685 Filium
2946 2628 3166 2693 viderit,
3196 2629 3342 2684 ﬁlios
3365 2642 3466 2682 vo-

1882 2727 1992 2784 cat,
2026 2729 2081 2776 et
2105 2720 2260 2790 dicit,
2292 2721 2470 2792 genui,
2506 2721 2952 2792 quandoquidem
2982 2719 3222 2775 Verbum
3256 2719 3466 2790 gignere

1884 2808 2084 2864 Filium
2123 2810 2419 2882 significat,
2448 2820 2509 2867 ut
2529 2812 2756 2868 verbum
2794 2812 2970 2882 facere
3012 2809 3080 2867 ad
3107 2823 3272 2881 opera
3297 2807 3487 2864 refer-.

1885 2909 1997 2956 tur.
2047 2901 2190 2959 Hinc
2235 2918 2344 2960 uos
2389 2919 2499 2959 non
2547 2905 2788 2975 primum
2827 2902 3130 2976 gignimur,
3161 2901 3254 2957 sed
3278 2900 3467 2963 timus.

189 2990 376 3053 οὕτως
395 2989 424 3041 6
448 2987 636 3060 Πατὴρ
660 2991 718 3043 ὲν
732 2982 813 3052 οἷς
834 2987 930 3042 ἐὰν
952 2988 1123 3062 βλέπῃ
1149 2988 1240 3042 τὸν
1267 2987 1460 3041 ἑαυτοῦ
1489 2987 1635 3053 Υἱὸν,
1662 2986 1788 3041 τού-

1896 2995 2030 3050 unde
2077 2995 2350 3068 scriptum
2400 3006 2484 3054 est
2511 3016 2525 3053 :
2557 2996 2846 3052 Faciamus
2889 2997 3151 3050 hominem
3174 2993 3242 3049 ³⁸.
3269 2991 3466 3048 Postea

190 3099 332 3146 τους
357 3083 451 3135 καὶ
471 3081 632 3145 αὐτὸς
648 3080 796 3145 υἱοὺς
812 3080 984 3147 καλεῖ,
1003 3083 1096 3136 καὶ
1114 3081 1284 3150 λέγει,
1304 3079 1625 3151 smmum
1639 3082 1788 3134 ὲπει-

1896 3101 2020 3142 vero
2046 3087 2223 3158 gratia
2270 3086 2508 3160 Spiritus
2551 3097 2794 3161 accepta,
2828 3087 2975 3160 gigni
3012 3087 3269 3142 dicimur.
3308 3083 3469 3139 Certe

190 3175 378 3246 δήπερ
405 3173 466 3226 τὸ
498 3173 618 3244 μὲν,
639 3171 881 3242 γεννᾶν,
913 3173 1244 3245 σημαντικόν
1267 3174 1414 3226 ἐστιν
1443 3171 1573 3225 Υἱοῦ
1602 3170 1701 3244 (l),
1725 3172 1787 3226 τὸ

1896 3193 2122 3248 magnus
2167 3177 2382 3251 Moyses
2412 3179 2478 3234 in
2514 3177 2740 3234 Gantico
2779 3179 2984 3250 optime
3028 3176 3212 3246 priore
3244 3172 3300 3228 in
3345 3173 3467 3226 loco

191 3268 277 3329 δὲ,
331 3265 544 3329 ποιεῖν,
587 3264 884 3337 δηλωτικόν
937 3266 1056 3318 ἐστι
1105 3263 1215 3318 τῶν
1257 3263 1452 3336 ἔργων.
1499 3264 1600 3317 Διὰ
1631 3263 1788 3319 τοῦτο

1896 3265 2028 3322 dixit
2074 3268 2328 3338 possedit,
2351 3269 2548 3325 deinde
2589 3269 2786 3341 genuit,
2824 3283 2915 3332 ue,
2954 3267 3236 3323 audientes
3269 3263 3466 3334 genuit,

193 3377 257 3427 γε
269 3357 338 3414 3v
373 3360 530 3429 ἡμεῖς
565 3357 626 3410 οὑ
667 3357 884 3428 πρῶτον
923 3354 1258 3428 γεννώμεθα,
1287 3354 1421 3408 ἀλλὰ
1452 3354 1786 3427 ποιούμεθαο

1896 3366 2091 3420 nostra:
2110 3366 2318 3414 natura:
2347 3358 2528 3428 qualis
2565 3359 2635 3414 ab
2668 3357 2824 3414 initio
2861 3355 2966 3412 fuit
2993 3354 3465 3414 oblivisceremur,

194 3452 519 3520 γέγραπται
571 3447 714 3519 γάρ·
765 3445 1117 3514 Ποιήσωμεν
1169 3443 1514 3513 ἄνθρωπον
1566 3444 1788 3518 ὕστερον

1896 3447 1989 3504 sed
2015 3447 2444 3507 ut'disceremus
2478 3465 2578 3506 nos
2603 3449 2672 3505 ab
2707 3449 2866 3504 initio
2889 3455 3103 3503 creatos
3126 3443 3294 3517 418
3323 3456 3465 3502 esse.

195 3542 280 3604 δὲ,
319 3539 602 3610 δεξάμενοι
624 3539 721 3610 τὴν
745 3539 839 3593 τοῦ
870 3537 1189 3608 Πνεύματος
1218 3537 1399 3610 χάριν,
1425 3537 1699 3610 λεγόμεθα
1729 3541 1788 3595 τό

1896 3547 2056 3610 atque
2078 3556 2201 3596 cum
2239 3541 2384 3612 gigni
2408 3540 2581 3612 gratia
2611 3541 2865 3608 dicimur,
2885 3538 3243 3594 nihilominus
3276 3548 3378 3590 nos
3401 3547 3469 3587 ex

197 3652 261 3688 τε
293 3632 483 3686 λοιπὸν
505 3632 598 3686 καὶ
619 3631 931 3702 γεννᾶσθαι.
968 3629 1184 3701 Ἀμέλει
1215 3629 1310 3683 καὶ
1331 3631 1388 3683 έν
1415 3631 1484 3702 τῇ
1513 3630 1634 3702 ’ῼδῇ
1656 3631 1788 3685 Μω-

1896 3644 2092 3692 natura
2123 3636 2376 3692 homines
2402 3636 2576 3692 factos
2605 3650 2748 3692 esse.

203 3728 314 3798 σῆς
342 3729 370 3781 6
396 3726 569 3797 μέγας
615 3725 754 3798 μετὰ
798 3724 1032 3783 διανοίας
1086 3723 1256 3795 καλῆς
1315 3723 1528 3796 πρῶτον
1560 3725 1641 3792 τὸ,
1678 3727 1974 3796 ἐκτήσατο
2024 3732 2123 3803 (2),
2171 3731 2266 3788 καὶ
2295 3730 2521 3803 ὕστερον
2552 3733 2632 3796 τὸ,
2659 3729 3011 3801 ἐγέννησεν,
3059 3727 3300 3799 εἴρηκεν,
3332 3723 3470 3794 ὑπὲρ

202 3821 303 3876 τοῦ
339 3821 435 3893 μὴ,
463 3821 799 3884 ἀκούσαντας
822 3820 903 3887 τὸ,
928 3819 1276 3890 ἐγέννησεν,
1312 3820 1664 3875 ἐπιλαθέσθαι
1692 3823 1887 3890 αὐτοὺς
1907 3826 2008 3897 τῆς
2028 3825 2089 3892 ἐξ
2113 3827 2290 3899 ἀρχῆς
2334 3826 2540 3880 ἑαυτῶν
2587 3825 2821 3896 φύσεως,
2879 3823 2995 3878 ἀλλ’
3059 3823 3147 3875 ἵνα
3187 3817 3470 3888 γινώσκω-

207 3936 321 3982 σιν,
353 3918 439 3971 ὅτι
467 3917 528 3982 ἐξ
559 3917 734 3988 ἀρχῆς
765 3915 863 3986 μέν
894 3917 999 3968 εἰσι
1040 3915 1335 3985 κτίσματα,
1379 3915 1508 3969 ὅταν
1550 3915 1607 3970 δὲ
1651 3917 1796 3972 κατὰ
1851 3921 2014 3994 χάριν
2073 3921 2337 3992 λέγωνται
2383 3920 2698 3992 γεννᾶσθαι,
2733 3921 2811 3984 ὡς
2857 3919 2984 3977 υἱοὶ.
3027 3917 3140 3972 ἀλλ’
3180 3914 3332 3969 οὐδὲν
3374 3907 3472 3985 ἦτ-

205 4013 305 4066 τόν
338 4012 444 4064 είσι
477 4008 638 4063 πάλιν
671 4010 722 4060 οἱ
751 4008 1026 4080 ἄνθρωποι
1059 4007 1338 4078 ποιήματα
1367 4006 1510 4060 κατὰ
1543 4007 1723 4078 φύσιν.

284 4128 377 4184 60.
402 4127 527 4182 Ὀτι
566 4126 623 4178 δὲ
661 4126 722 4180 οὐ
763 4125 958 4180 ταύτόν
1007 4125 1126 4178 ἐστι
1158 4123 1361 4196 κτίσμα
1403 4126 1497 4180 καὶ
1524 4127 1788 4200 γέννημα,

1971 4127 2059 4182 60.
2092 4125 2250 4193 Quod
2273 4135 2455 4183 autem
2485 4142 2593 4182 non
2618 4127 2760 4182 idem
2787 4124 2857 4180 sit
2877 4139 2963 4179 res
2985 4131 3168 4178 creata
3197 4130 3251 4176 et
3271 4119 3472 4191 genita,

209 4220 354 4276 ἀλλὰ
382 4219 723 4290 διεστήκασιν
749 4217 991 4289 ἀλλήλων
1019 4220 1087 4290 τῇ
1113 4235 1171 4272 τε
1199 4219 1358 4288 φύσει
1386 4217 1478 4271 καὶ
1505 4219 1572 4288 τῇ
1599 4220 1663 4272 ὲκ
1687 4219 1788 4273 τῶν

1903 4219 1997 4274 sed
2027 4219 2169 4274 inter
2189 4234 2249 4275 se
2268 4227 2323 4274 et
2345 4227 2536 4274 natura
2567 4227 2621 4274 et
2643 4217 2933 4274 verborum
2956 4213 3350 4285 signiﬁcatione
3369 4210 3475 4265 dii-

211 4313 418 4380 λέξεων
441 4312 707 4384 σημασία,
731 4311 892 4375 αὐτὸς
915 4313 942 4365 6
964 4310 1167 4383 Κύριος
1203 4312 1262 4366 ὲν
1288 4310 1478 4374 αὐταῖς
1505 4313 1626 4375 ταῖς
1652 4311 1799 4382 Παρ-

1904 4309 2104 4376 ferant,
2139 4311 2256 4381 ipse
2318 4311 2583 4367 Dominus
2624 4311 2681 4366 in
2715 4309 2906 4364 iisdem
2952 4303 3262 4362 Proverbiis
3292 4303 3475 4358 decla-

285 4494 335 4524 ’⁵
368 4491 545 4548 Galat.
580 4507 653 4558 Iv,
679 4490 734 4546 6.
807 4490 854 4523 "
886 4489 1044 4546 Joan.
1069 4505 1122 4560 ι,
1160 4489 1247 4545 M.
1323 4491 1367 4522 ⁸⁷
1407 4490 1641 4546 lllalach.
1674 4507 1736 4557 ιι,
1772 4491 1788 4543 l

1933 4490 1980 4522 ’⁸
2015 4489 2213 4546 Geues.
2256 4505 2296 4556 ι,
2321 4489 2412 4544 26.

296 4645 412 4714 (93)
447 4643 539 4698 Sic
571 4641 797 4714 Seguer.
825 4642 959 4714 Reg.
986 4640 1206 4714 Gobler.
1245 4639 1390 4714 Felc.
1414 4640 1449 4714 _l
1492 4650 1545 4694 et
1567 4640 1620 4694 5.
1656 4639 1807 4714 Editi
1833 4644 1878 4704 D
1905 4641 2270 4714 εὸἰιῖλλιὶιμῶνΣ
2305 4641 2431 4696 Mox
2462 4641 2623 4714 πόλιν
2649 4637 3214 4714 d_ees_t_in‘Seg_uer._.e_t
3243 4633 3390 4714 Felc.

221 4709 357 4770 vero
377 4709 432 4768 et
451 4713 564 4779 alii,
590 4709 727 4784 mihi;
761 4714 839 4767 δέ.
875 4711 999 4765 Mox
1042 4711 1265 4782 Seguer.
1292 4711 1512 4766 Gobler.
1565 4717 1618 4764 et
1655 4709 1800 4764 Felc.

222 4789 276 4852 1,
298 4787 578 4848 omittunt,
606 4785 702 4838 καὶ
731 4784 942 4854 Πατήρζ

300 4857 414 4926 (94)
446 4855 538 4926 Sic
567 4847 813 4926 ’Seguer.
830 4847 1071 4926 et'Felc.
1101 4852 1154 4905 4.
1179 4850 1470 4926 At_Basili_.
1501 4847 1713 4926 ngjic.
1750 4857 1809 4926 et

222 4918 516 5060 ἒξμὲζηποῦ
544 4925 673 4977 Υἱοῦ
711 4923 934 4995 κρᾶζον.
970 4922 1076 4976 Alii
1105 4931 1159 4976 et
1185 4921 1338 4987 editi,
1377 4919 1473 4972 τοῦ
1499 4918 1634 4971 Θεοῦ
1667 4922 1806 4990 κρᾶ-

258 5014 339 5048 ον.

258 5014 339 5048 ον.

300 5063 535 5146 (95)_Sic
573 5063 818 5146 Seguer;
833 5062 1051 5118 Gobler.
1077 5071 1130 5116 et
1155 5059 1300 5114 Felc.
1343 5058 1394 5112 l.
1429 5055 1574 5112 Editi
1597 5072 1725 5112 vero
1755 5066 1810 5112 et

225 5133 342 5192 alii.
374 5135 548 5196 ἄλλως
573 5136 629 5188 δὲ
654 5133 758 5186 οὐκ
788 5133 873 5187 ἄν.

300 5206 414 5272 (96)
439 5194 783 5275 Sic—Seguer.
809 5199 1229 5275 GoblerzFelca
1260 5199 1389 5275 ιρι.
1411 5197 1466 5251 4.
1500 5194 1644 5250 Editi
1677 5211 1808 5275 vero

225 5285 281 5330 et
302 5267 437 5350 alii,
455 5275 543 5326 ἵνα
575 5267 1005 5350 τὸῗάνθρῲπινον
1031 5269 1274 5323 δεκτικὸν
1303 5267 1555 5350 θεότητος
1586 5268 1808 5350 ποιήσῃ,

229 5345 327 5400 καὶ
369 5345 482 5397 υἱὸν
520 5344 741 5415 καλέσῃ.
770 5336 1010 5415 "Ibidem
1036 5355 1229 5415 omnes
1265 5354 1425 5415 mss.,
1452 5336 1659 5415 ταυτην
1701 5336 1812 5415 ξῆν

227 5415 491 5469 διάνοιαν.
541 5407 946 5481 Ειιίιὶταύτην
990 5411 1245 5481 διάνοιαν.
1301 5409 1430 5481 Item
1465 5407 1685 5481 ibidem‘
1705 5407 1815 5481 _Go_-

230 5487 369 5538 hler.
417 5494 471 5538 et
525 5475 708 5539 Felck.
759 5484 813 5548 i,
847 5475 943 5535 καὶ
977 5476 1597 5549 Μαλαχίας-διδάσκεις
1653 5475 1808 5549 Οὐῄ.

231 5555 410 5625 iidem
432 5554 634 5625 ibidem
653 5563 708 5607 et
739 5545 964 5625 seguer.
994 5545 1332 5625 Reg._'Basil.
1363 5545 1678 5625 etrA_ngl_ic.,
1716 5545 1813 5625 fit;

233 5633 360 5693 post
389 5624 524 5687 Θεός
546 5623 789 5678 addunt:
813 5615 914 5675 alii
940 5629 994 5675 et
1006 5619 1145 5693 editi
1179 5615 1683 5693 omittuntdbidcm

272 5695 483 5747 uerian.
506 5683 674 5747 liasil.
699 5693 909 5762 Anglic.
935 5699 989 5744 et
1006 5689 1154 5762 Felc.
1173 5688 1235 5762 _4_,
1262 5687 1424 5762 ὑμᾶς.
1450 5683 1594 5762 Editi
1621 5693 1675 5738 et
1697 5684 1810 5762 alii,

278 5765 406 5832 μᾶς.
438 5762 660 5825 Gobler.
698 5771 754 5819 et
785 5755 968 5816 "Felc.
1006 5761 1072 5827 l,
1112 5759 1268 5822 ibid.,
1291 5755 1470 5826 ἡμῶν.
1521 5755 1712 5811 ueteri
1758 5764 1814 5809 ct

1981 4710 2093 4782 (97)
2118 4704 2210 4767 Sic
2239 4711 2464 4782 Seguer.
2495 4711 2649 4782 Reg._
2669 4709 2835 4782 Basil.
2865 4704 3079 4782 Anglic.
3114 4704 3260 4760 Felc.
3282 4704 3316 4758 4
3338 4713 3392 4758 et
3421 4704 3475 4758 5.

1905 4783 1975 4837 At
2007 4779 2099 4836 alii
2129 4793 2182 4836 et
2210 4779 2377 4836 editio
2409 4779 2702 4850 Commel.,
2734 4779 3005 4850 xa‘tAabedt.

1980 4853 2093 4920 (98)
2122 4851 2315 4916 Basil.,
2343 4843 2530 4904 ἀΐδιον.
2569 4849 2773 4920 Ibidem
2804 4845 3063 4920 _Segue_r-._
3083 4843 3370 4920 Anglican.
3428 4850 3484 4920 et

1906 4911 2052 4976 Felc.
2077 4911 2138 4986 ’4,
2173 4911 2398 4986 addunt,
2424 4921 2518 4974 καὶ
2549 4919 2608 4972 οὐ
2636 4918 2698 4972 τὸ
2727 4911 2951 4986 κτίσμα,
2982 4914 3118 4986 ἀλλὰ
3149 4911 3210 4986 τό
3232 4911 3357 4986 Υἱρς
3387 4911 3482 4979 τοῦ

1909 4983 2133 5063 Πατρός
2149 4993 2295 5044 ἐστιν
2325 4983 2474 5056 ἴδιον,
2501 5005 2623 5061 qua:
2657 4990 2712 5043 in
2746 4983 2867 5042 aliis
2895 4996 2949 5040 et
2973 4985 3132 5039 editis
3163 4983 3484 5052 desiderth

1909 5073 2017 5116 tur.

1983 5131 2096 5202 (99)
2122 5129 2282 5200 Reg,
2297 5128 2778 5202 quag,_mendose.
2797 5123 2975 5180 Editio
2994 5122 3285 5186 Commel.,
3305 5119 3335 5170 ὑ
3344 5121 3479 5188 μων.

1911 5197 2118 5271 Caiteri
2134 5197 2412 5271 οηῐιιθελή
2423 5197 2558 5271 μῶν.

1987 5272 2064 5338 (l)
2097 5257 2478 5340 SeguerfRé‘g.
2507 5267 2673 5340 Basil.
2703 5265 2921 5340 Anglic.
2938 5261 3146 5340 EechJ
3171 5268 3225 5314 et
3252 5259 3305 5324 5,

1915 5328 2070 5395 Υιὸῡζ
2120 5328 2262 5394 Editi
2307 5349 2362 5395 et
2393 5328 2506 5403 alii,
2559 5337 2676 5392 ἐστὶ
2734 5328 2828 5389 τοῦ
2858 5333 3009 5389 Υἱοῦ.
3065 5331 3289 5401 Seguer.
3351 5328 3484 5382 una.

1917 5410 2144 5482 omittit,
2173 5409 2469 5482 δηλωτικόν
2499 5411 2633 5482 ἐστι.

1989 5466 2350 5566 etsed":
2371 5479 2531 5566 πάλιγ
2553 5475 2778 5566 ιίωρῆς·
2810 5467 3302 5566 Certe-.931“
3318 5466 3487 5566 4:5."

1917 5535 2006 5623 τῇ“
2031 5535 2150 5631 tm
2173 5535 2202 5615 ‘,’
2229 5535 2443 5618 πρῶτον
2464 5548 2527 5601 τδ
2553 5535 2823 5599 ὲκτίσόιτο.
2866 5543 2998 5623 Ibid:
3018 5540 3267 5622 ‘Seguer:
3318 5535 3485 5619 nasia.

1917 5621 2130 5690 Anglic.
2188 5627 2244 5676 et
2283 5618 2430 5675 Felc.
2459 5617 2530 5686 οι,
2564 5617 2852 5691 ἐκτήσατο.
2889 5611 3035 5668 Editi
3064 5619 3121 5666 et
3166 5608 3293 5674 alu,
3343 5604 3490 5659 εκτε-

1919 5707 2066 5744 σατο.
