3840 6220
354 348 463 405 275

856 412 863 419 _
950 344 1008 403 S.
1047 343 1419 401 ATHANASH
1458 343 1608 402 OPP.
1649 343 1829 404 PARS
1867 349 1908 404 1.
1950 380 2019 394 --
2058 351 2430 409 HISTORICA
2468 352 2557 408 ΕΤ
2597 352 3016 409 DOGMATICA.

3516 353 3623 420 £73

343 474 450 519 rat.
474 461 608 519 Nam
653 470 941 533 postquam
991 459 1167 516 dixit:
1206 459 1460 516 Dominus
1500 465 1694 518 creavit
1721 482 1802 519 me
1827 466 1927 519 ini-

2054 470 2241 539 νιμίαις
2294 468 2583 523 δείκνυσιν.
2635 468 2885 540 Είρηκὼς
2914 467 3023 540 γὰρ
3055 466 3115 521 τό
3147 467 3246 537 (ὅ),
3282 469 3495 536 Κύριος
3524 468 3626 521 ἐκ·

346 557 480 609 tium
513 557 722 610 viarum
763 569 982 608 suarum
1009 554 1079 619 ”,
1117 552 1396 608 subdidit:
1419 554 1555 610 Ante
1577 572 1753 611 omnes
1781 557 1939 613 colles

345 651 518 721 gignit
555 666 635 703 me
660 649 700 701 ⁸.
748 646 903 715 Quod
934 647 982 703 si
1027 645 1267 703 Verbum
1295 657 1489 704 natura
1533 659 1589 706 et
1627 652 1939 709 substantia

346 750 598 796 creatum
622 747 792 807 esset,
827 736 1078 808 nihilque
1113 754 1228 794 rem
1258 739 1497 811 genitam
1535 744 1676 798 inter
1701 752 1756 798 et
1783 760 1940 799 crea-

345 836 458 886 tam
480 827 739 895 din‘erret,
761 843 869 883 non
892 828 1444 901 subjunxissetgignit
1460 847 1558 897 me,
1581 832 1675 888 sed
1692 833 1828 888 satis
1845 833 1942 887 lia-

346 920 552 977 buisset
570 920 869 977 dictionem
894 922 1090 975 creavit
1117 938 1406 994 usurpare,
1435 925 1635 995 quippe
1654 940 1777 996 qnze
1797 927 1940 982 idem

347 1027 430 1079 ac,
460 1014 659 1082 genuit,
678 1013 1030 1085 signiﬁcaret.
1062 1012 1264 1069 Verum
1293 1015 1384 1070 ubi
1415 1016 1584 1071 dixit:
1613 1016 1820 1073 Creavit
1860 1035 1941 1073 me

348 1105 562 1159 initium
585 1106 790 1160 viarum
808 1121 1029 1159 suarum
1050 1107 1107 1159 in
1133 1123 1290 1176 opera
1317 1121 1436 1171 sua,
1472 1122 1580 1163 non
1611 1107 1936 1178 simpliciter

350 1195 560 1251 addidit
591 1196 767 1266 genuit
786 1211 885 1261 me,
908 1197 1001 1250 sed
1025 1212 1149 1251 cum
1177 1196 1559 1267 conjunctione
1583 1214 1724 1264 vero,
1746 1207 1805 1253 ut
1833 1198 1941 1254 hoc

349 1287 516 1343 modo
567 1286 862 1342 dictionem
905 1288 1101 1342 creavit
1143 1288 1514 1354 conﬁrmaret,
1568 1303 1693 1343 cum
1736 1290 1870 1345 dicit
1920 1309 1941 1346 ι

350 1376 487 1431 Ante
518 1391 694 1431 omnes
716 1392 835 1430 vero
859 1375 1018 1431 colles
1042 1377 1208 1447 gignit
1244 1394 1344 1432 me.
1380 1374 1517 1432 Nam
1550 1379 1772 1434 verbum
1791 1395 1941 1433 crea-

348 1475 448 1540 vit,
473 1488 599 1528 cum
620 1474 886 1528 vocabulo
901 1473 1175 1544 gignit'me-
1191 1473 1571 1543 coniunctum,
1592 1490 1759 1530 unam
1776 1476 1941 1547 perli-

350 1564 425 1619 cit
453 1564 804 1629 sententiain,
840 1563 1154 1632 indicatque
1187 1562 1429 1633 aliquam
1459 1564 1531 1619 ob
1565 1579 1788 1620 causam
1856 1565 1942 1621 di-

351 1664 499 1710 ctum
533 1669 675 1720 esse,
705 1656 900 1710 creavit
920 1695 936 1719 ,
978 1663 1132 1722 utet,
1154 1656 1320 1727 gignit
1355 1653 1456 1721 me',
1492 1672 1615 1712 esse
1644 1666 1771 1714 ante
1795 1675 1943 1712 crea-

350 1749 448 1801 vit.
474 1745 943 1813 Quemadmodum
974 1747 1121 1801 enim
1151 1747 1197 1802 si
1231 1762 1424 1803 rursus
1463 1748 1717 1815 dixisset,
1751 1749 1940 1803 Domi-

2038 560 2171 615 τισέ
2211 578 2290 631 με
2340 559 2539 629 ἀρχὴν
2582 558 2739 615 ὁδῶν
2794 556 3002 626 αὐτοῦ,
3052 560 3335 630 ὲπήγαγε’
3385 558 3506 626 Πρὸ
3555 557 3627 611 δὲ
3738 627 3743 630 ξ

2039 651 2280 707 πάντων
2296 650 2543 717 ,Βουνῶν
2571 650 2752 722 γεννᾷ
2774 670 2870 722 με.
2900 653 2963 706 Εἰ
2995 652 3094 723 μὲν
3126 647 3217 706 οὖν
3244 646 3312 722 ἦν
3342 650 3501 719 φύσει
3528 651 3627 704 καὶ

2037 746 2111 814 τῇ
2136 743 2293 815 οὐσίᾳ
2317 743 2522 815 κτίσμα
2558 743 2587 795 ὁ
2617 742 2807 813 Λόγος,
2834 742 2929 795 καὶ
2954 740 3186 814 διαφορὰ
3208 736 3276 812 ἦν
3302 739 3398 793 τοῦ
3432 742 3628 812 γεννή-

2042 852 2211 907 ματος
2262 836 2399 906 πρδς
2424 834 2484 888 τὸ
2514 834 2740 905 κτίσμα,
2768 834 2868 887 οὐκ
2916 832 2983 888 ἂν
3030 834 3272 906 ἐπήγαγε
3316 832 3397 895 τὸ,
3435 828 3626 901 γεννᾷ

2033 946 2132 999 με,
2161 926 2276 982 ἀλλ’
2306 929 2529 999 ἠρκεῖτο
2557 926 2656 997 τῷ,
2684 925 2944 989 ἔκτισεν,
2970 924 3045 988 ὡς
3070 924 3169 996 τῆς
3198 922 3395 991 λέξεως
3420 922 3625 993 ταύτης

2043 1019 2412 1093 σημαινούσης
2443 1019 2525 1084 τὸ,
2547 1018 2865 1088 ἐγέννησε·
2892 1016 2988 1072 νῦν
3020 1017 3076 1071 δὲ
3101 1015 3358 1089 εἰρηκὼς,
3386 1014 3627 1069 Ἐκτισέ

2034 1130 2111 1183 με
2147 1112 2347 1182 ἀρχὴν
2373 1110 2529 1166 ὁδῶν
2564 1110 2751 1166 αὑτοῦ
2797 1113 2887 1177 εἰς
2921 1109 3064 1179 ἔργα
3107 1108 3314 1174 αὑτοῦ,
3345 1109 3627 1179 ἐπήγαγεν

2038 1206 2138 1276 οὐχ
2166 1206 2351 1268 ἁπλῶς
2386 1204 2468 1271 τὸ,
2495 1202 2680 1275 γεννᾷ
2702 1221 2779 1274 με
2813 1203 2920 1275 (4),
2948 1202 3086 1258 ἀλλὰ
3125 1202 3262 1274 μετὰ
3306 1199 3628 1272 συμπλοκῆς

2038 1297 2161 1363 τοῦ,
2180 1297 2267 1362 δὲ,
2293 1297 2611 1368 συνδέσμου,
2640 1296 2717 1359 ὡς
2758 1291 3187 1365 ἀσφαλιζόμενος
3216 1295 3274 1346 ὲν
3311 1292 3484 1363 τούτῳ
3527 1289 3628 1364 τὴν

2040 1390 2155 1455 τοῦ,
2190 1389 2414 1452 ἔκτισε,
2459 1387 2626 1452 λέξιν,
2663 1386 2866 1454 λέγων·
2906 1384 3027 1454 Πρὸ
3079 1383 3148 1437 δὲ
3190 1382 3431 1436 πάντων
3476 1381 3631 1446 βου-

2037 1480 2162 1535 νῶν
2193 1480 2269 1553 (5)
2302 1479 2486 1550 γεννᾷ
2517 1497 2613 1550 με.
2658 1479 2733 1532 Τὸ
2780 1477 2908 1550 γὰρ,
2930 1473 3116 1548 γεννᾷ
3135 1491 3232 1543 με,
3272 1472 3370 1544 τῷ,
3397 1472 3628 1537 ἔκτισε,

2040 1571 2548 1644 συμπεπλεγμένως
2590 1569 2987 1643 ἐπιφερόμενον
3029 1567 3160 1639 μίαν
3195 1566 3341 1618 ποιεῖ
3370 1563 3469 1635 τὴν
3515 1562 3632 1617 διά-

2039 1683 2187 1720 νοιαν
2211 1666 2306 1719 καὶ
2341 1663 2631 1730 δείκνυσιν,
2661 1664 2739 1716 ὅτι
2784 1662 2844 1715 τὸ
2890 1661 3008 1730 μὲν,
3029 1659 3251 1721 ἔκτισε,
3281 1655 3372 1710 διά
3393 1672 3445 1708 τι
3471 1654 3630 1727 εἴρη-

2042 1775 2153 1811 ταιο
2182 1760 2244 1809 τὸ
2282 1756 2341 1810 δὲ
2362 1754 2543 1827 γεννᾷ
2558 1772 2656 1824 με,
2682 1754 2787 1826 πρὸ
2807 1751 2923 1817 τοῦ,
2947 1751 3206 1816 ἔκτισεν,
3230 1746 3394 1802 ἐστίν.
3416 1746 3631 1817 ’Ὠσπερ

356 1854 456 1892 nus
510 1840 680 1909 gignit
732 1853 836 1903 me,
900 1836 1205 1907 deindeque
1251 1838 1551 1895 addidisset
1596 1814 1717 1895 ante
1768 1858 1939 1895 omne:

2054 1850 2156 1922 γὰρ
2183 1852 2231 1904 εί
2258 1814 2757 1921 ἔμπαλιν-είρήνκει,
2792 1814 3005 1914 Κύριος
3041 1814 3227 1913 γεννᾷ
3253 1857 3351 1911 με,
3392 1838 3488 1894 καὶ
3530 1814 3633 1891 ετξ-

353 1946 473 1984 oero
503 1930 659 1985 colles
696 1930 890 1984 creavit
934 1946 1037 1996 me,
1068 1927 1343 1999 profecto,
1367 1932 1586 1994 creavit,
1619 1933 1772 2003 prius
1795 1941 1943 1988 esset

356 2037 525 2093 quam
560 2023 738 2092 genuit
763 2037 782 2076 :
809 2021 881 2076 ita
903 2020 1343 2091 quandoquidem
1363 2022 1597 2092 primum
1622 2024 1777 2091 dixit,
1799 2041 1946 2078 crea-

355 2117 449 2180 vit,
479 2115 673 2171 deinde
717 2113 1020 2184 subjunxit,
1049 2121 1171 2167 ante
1200 2130 1375 2168 omnes
1409 2130 1526 2168 vero
1578 2116 1745 2186 gignit
1771 2131 1851 2169 me
1901 2116 1941 2182 ί,

354 2206 671 2262 necessario
698 2206 937 2261 ostendit
958 2206 1136 2276 genuit
1187 2206 1336 2277 prius
1377 2222 1499 2263 esse
1525 2222 1693 2278 quam
1724 2209 1938 2263 creavit.

354 2297 600 2369 Namque
617 2298 867 2364 dicendo,
890 2309 1011 2353 ante
1037 2316 1212 2354 omnes
1229 2316 1348 2356 vero
1373 2301 1540 2371 gignit
1565 2317 1667 2366 me,
1693 2316 1752 2357 se
1774 2299 1943 2355 alium

358 2392 428 2447 ab
456 2392 715 2449 omnibus
742 2408 865 2449 esse
910 2392 1175 2460 declarat,
1193 2409 1318 2449 cum
1344 2408 1410 2448 ex
1427 2409 1591 2463 supra
1620 2392 1778 2449 dictis
1809 2408 1945 2447 con-

357 2491 487 2550 stet,
505 2482 711 2537 nullam
739 2498 769 2537 e
791 2482 957 2537 rebus
984 2483 1353 2552 creatis'prius
1378 2482 1547 2536 altera
1570 2480 1939 2546 factanresse,

356 2575 452 2631 sed
479 2589 566 2631 res
600 2575 790 2629 omnes
819 2572 992 2630 factas
1028 2589 1139 2629 uno
1161 2575 1463 2644 eodemque
1486 2575 1745 2629 mandato
1773 2575 1946 2629 simul

357 2665 657 2722 exstitisse.
677 2664 815 2721 Hinc
836 2680 939 2721 nec
960 2666 1148 2720 eadem
1176 2665 1432 2736 adjuncta
1460 2675 1588 2721 sunt
1610 2665 1942 2721 dictionibus

357 2760 575 2822 creavit,
607 2765 663 2812 et
706 2757 873 2828 gignit
911 2773 990 2811 me
1021 2772 1041 2811 :
1088 2756 1184 2811 sed
1229 2765 1390 2827 post,
1437 2758 1654 2824 creavit,
1700 2756 1943 2822 additur,

358 2849 683 2919 principium
724 2848 931 2902 viarum
953 2863 972 2901 :
1009 2857 1064 2902 at
1094 2862 1205 2901 non
1237 2848 1374 2903 dixit
1407 2847 1737 2918 principium
1773 2849 1945 2919 gignit

361 2956 471 3009 me,
513 2940 637 3006 sed,
676 2949 798 2994 ante
843 2955 1016 2993 omnes
1064 2946 1230 3010 gignit
1267 2956 1365 2994 me.
1413 2940 1579 3011 Atqui
1609 2941 1656 2995 is
1685 2941 1778 3012 qui
1817 2949 1944 2996 ante

360 3050 556 3091 omnes
596 3041 702 3102 est,
739 3049 850 3089 non
882 3043 966 3089 est
999 3032 1243 3089 omnium
1278 3031 1624 3103 principium,
1660 3032 1753 3087 sed
1799 3032 1941 3087 alius

357 3137 443 3185 est
468 3128 537 3183 ab
566 3128 841 3183 omnibus.
863 3126 1018 3194 Quod
1045 3126 1090 3181 si
1114 3126 1251 3180 alius
1280 3135 1365 3181 est
1395 3125 1464 3180 ab
1497 3123 1775 3189 omnibus,
1798 3124 1939 3180 inter
1964 3163 2007 3221 ο

357 3236 481 3292 qum
499 3220 673 3291 ipsum
696 3234 915 3290 quoque
945 3218 1273 3289 principium
1304 3216 1549 3271 omnium
1579 3217 1939 3286 comprehen-

357 3309 538 3366 ditur:
573 3308 719 3365 baud
746 3309 969 3365 dubium
995 3317 1079 3363 est
1106 3309 1237 3378 quin
1270 3307 1411 3363 alius
1435 3308 1506 3363 sit
1534 3323 1565 3361 a
1598 3306 1759 3361 rebus
1785 3322 1939 3361 crea-

359 3404 449 3459 tis.
471 3401 553 3471 {Et
595 3402 824 3473 proinde
848 3416 973 3457 cum
1008 3399 1244 3455 Verbum
1286 3400 1435 3454 aliud
1464 3401 1534 3455 sit
1562 3400 1631 3455 ab
1658 3400 1937 3459 omnibus.

359 3502 521 3564 atque
542 3502 668 3549 ante
696 3492 882 3547 omnia
903 3490 1152 3556 exsistat,
1169 3491 1393 3547 evidens
1415 3504 1497 3547 est
1519 3493 1697 3561 ipsum
1731 3500 1938 3561 postea,

361 3586 601 3639 humana
629 3591 909 3653 assumpta
928 3596 1145 3646 natura,
1176 3584 1351 3638 creari
1372 3583 1696 3653 principium
1728 3584 1940 3637 viarum

358 3677 417 3731 in
464 3690 652 3746 opera,
684 3684 764 3742 ut,
804 3675 1265 3746 quemadmodum
1324 3675 1403 3731 ait
1440 3675 1740 3747 Apostolus
1760 3677 1804 3740 ί,
1848 3675 1941 3729 ille

359 3771 455 3842 qui
478 3770 807 3841 principium
827 3780 879 3824 et
900 3768 1298 3839 primogenitus
1324 3776 1496 3826 estex.
1520 3768 1770 3835 mortuis,
1795 3767 1937 3824 idem

360 3863 478 3934 ipse
509 3862 565 3917 in
599 3861 853 3918 omnibus
880 3863 1175 3934 primatum
1212 3868 1412 3915 teneat.

433 4041 525 4098 61.
547 4041 887 4113 Quapropter
922 4056 1048 4097 eum
1077 4039 1133 4095 id
1160 4036 1496 4095 discriminis
1529 4034 1827 4092 intercedat
1857 4035 1943 4089 in-

364 4145 466 4211 ter,
494 4138 711 4199 creavit,
746 4143 820 4201 et,
846 4134 1015 4204 gignit
1039 4148 1138 4197 nte,
1159 4142 1341 4202 atque,
1358 4130 1678 4201 principium
1711 4129 1939 4192 uiarum,

362 4238 437 4294 et,
467 4236 589 4282 ante
621 4243 820 4294 omnes,
855 4224 1288 4282 concludendum
1314 4233 1398 4277 est
1425 4221 1596 4277 Deum
1638 4219 1732 4291 qui
1765 4219 1940 4274 homi-

362 4336 495 4375 num
537 4330 754 4376 creator
779 4327 886 4385 est,
937 4333 1033 4389 per
1062 4332 1221 4372 suum
1257 4315 1518 4378 Verbum,
1548 4312 1694 4384 quod
1727 4313 1781 4366 in
1833 4311 1941 4366 illis

361 4412 592 4479 habitat,
634 4410 952 4466 eorumdem
978 4409 1195 4463 Patrem
1226 4417 1419 4479 postea
1470 4406 1608 4462 ﬁeri.
1653 4404 1729 4460 De
1762 4403 1941 4459 Verbo

364 4511 547 4558 autem
576 4499 851 4557 contraria
876 4497 1104 4554 omnino
1131 4506 1215 4553 est
1256 4498 1419 4553 ratio.
1457 4494 1737 4567 Siquidem
1770 4493 1938 4563 Deus,

435 4641 489 4673 ’δ
518 4638 681 4695 Prov.
717 4654 837 4704 vnn,
861 4637 953 4691 22.
1033 4637 1050 4668 ⁸
1094 4635 1230 4692 ibid.
1262 4636 1355 4690 25.
1430 4636 1452 4667 ⁸
1482 4633 1697 4692 Coloss.
1744 4632 1903 4700 1,18.

2045 1943 2211 2014 έφερε
2231 1959 2243 1970 ·
2279 1939 2398 2009 Πρὸ
2429 1938 2498 1993 δὲ
2524 1936 2766 1993 πάντων
2790 1934 3036 2002 βουνῶν
3066 1934 3267 1988 ἔκτισέ
3294 1930 3485 2003 με(6),
3502 1930 3634 1984 πάν-

2042 2049 2153 2095 τως
2178 2032 2472 2102 προηγεῖτο
2508 2026 2624 2092 τοῦ,
2663 2027 2974 2097 ἐγέννησε,
3006 2024 3097 2088 τὸ,
3137 2022 3407 2075 ἔκτισενη
3452 2017 3630 2082 οὕτως

2043 2122 2280 2194 εἰρηκὼς
2311 2119 2547 2192 πρῶτον,
2577 2118 2836 2182 ἔκτισεν,
2876 2113 2997 2171 εἶτα
3038 2112 3357 2183 ἐπαγαγὼν,
3401 2110 3516 2180 πρὸ
3558 2108 3630 2164 δὲ

2043 2212 2283 2268 πάντων
2307 2207 2490 2283 γεννᾷ
2520 2229 2617 2281 με,
2645 2210 2704 2278 ἐξ
2732 2209 2976 2281 ἀνάγκης
3004 2206 3242 2260 δείκνυσι
3269 2201 3629 2277 προηγεῖσθαι

2041 2306 2123 2369 τὸ,
2146 2288 2437 2375 ἐγέννησε
2466 2301 2565 2375 (7),
2590 2302 2708 2368 τοῦ,
2751 2301 2973 2355 ἔκτισε.
3016 2300 3127 2354 Καὶ
3153 2298 3261 2371 γὰρ
3305 2299 3397 2352 καὶ
3429 2296 3630 2365 λέγων,

2042 2396 2155 2465 πρὸ
2203 2397 2445 2451 πάντων
2492 2393 2677 2466 γεννᾷ
2719 2412 2797 2463 με
2821 2434 2836 2459 ,
2893 2392 3050 2447 ἄλλον
3104 2390 3293 2445 ἑαυτὸν
3330 2386 3469 2443 εἶναι
3514 2387 3631 2440 τῶν

2042 2487 2259 2540 πάντων
2290 2487 2566 2558 σημαίνει,
2598 2484 2849 2555 δειξάσης
2892 2484 2951 2536 ὲν
2990 2485 3101 2546 τοῖς
3141 2479 3247 2555 πρὸ
3287 2478 3489 2533 τούτων
3525 2477 3629 2547 τῆς

2040 2578 2318 2651 ἀληθείας,
2347 2579 2428 2631 ὅτι
2462 2577 2592 2650 περὶ
2632 2576 2707 2647 (8)
2732 2574 2841 2628 τῶν
2883 2572 3199 2643 κτισμάτων
3252 2569 3416 2623 ούδὲνθ
3443 2567 3633 2638 ἓτερον

2040 2670 2134 2725 τοῦ
2170 2671 2356 2743 ἐτέρου
2399 2669 2747 2741 προγέγονεν,
2786 2666 2901 2720 ἀλλ’
2950 2664 3164 2736 ἀθρόως
3211 2663 3329 2734 ἅμα
3359 2661 3534 2715 πάντα
3561 2658 3636 2712 τὰ

2041 2765 2242 2837 γενητὰ
2277 2764 2352 2836 (9)
2379 2764 2460 2817 ἐνὶ
2509 2763 2602 2816 καὶ
2649 2759 2725 2831 τῷ
2774 2757 2923 2828 αύτῷ
2967 2756 3348 2830 προστάγματι
3395 2752 3630 2823 ὑπέστη.

2039 2858 2139 2912 Διὰ
2173 2857 2331 2912 τοῦτο
2374 2856 2504 2925 γοῦν
2547 2854 2668 2907 οὐδὲ
2707 2851 2778 2906 τὰ
2818 2852 2910 2904 ἐπὶ
2937 2850 3054 2914 τοῦ,
3088 2850 3308 2912 ἔκτισε,
3338 2844 3509 2899 ταῦτα
3532 2843 3636 2897 καὶ

2040 2949 2134 3003 ἐπὶ
2157 2947 2273 3014 τοῦ,
2302 2946 2486 3019 γεννᾷ
2508 2964 2605 3017 με,
2630 2947 2836 3000 κεῖται·
2868 2943 2980 2998 ἀλλ’
3004 2943 3095 2995 ἐπὶ
3130 2940 3227 3012 μὲν
3260 2937 3376 2996 τοῦ,
3401 2936 3632 3000 ἔκτισε,

2039 3043 2236 3105 κεῖται,
2260 3023 2456 3110 ἀρᾷὴν
2479 3038 2659 3093 ὁδῶν·
2687 3037 2780 3090 ἐπὶ
2809 3036 2865 3089 δὲ
2886 3035 3001 3099 τοῦ,
3021 3030 3202 3103 γεννᾷ
3213 3048 3309 3102 με,
3331 3030 3430 3083 οὐκ
3451 3022 3631 3093 εἶπεν,

2039 3133 2213 3205 ἀρχὴν
2268 3131 2433 3203 γεννᾷ
2488 3146 2553 3201 με
2582 3170 2597 3196 ,
2648 3127 2782 3183 ἀλλὰ
2804 3168 2819 3193 ,
2859 3126 2970 3195 πρὸ
3020 3122 3260 3179 πάντων
3300 3117 3482 3191 γεννᾷ
3522 3135 3626 3188 με.

2054 3226 2112 3279 '0
2135 3225 2191 3278 δὲ
2213 3224 2322 3295 (10)
2342 3224 2444 3294 πρὸ
2466 3222 2680 3276 πάντων
2699 3220 2773 3274 ὢν
2798 3221 2897 3274 οὐκ
2942 3218 3087 3271 ἐστιν
3117 3213 3257 3287 ἀρχὴ
3274 3212 3382 3267 τῶν
3411 3212 3634 3267 πάντων

2040 3316 2157 3374 ἀλλ’
2182 3316 2338 3379 ἄλλος
2359 3315 2477 3369 ἐστὶ
2492 3313 2601 3369 τῶν
2629 3314 2863 3368 πάντων.
2889 3313 2951 3365 Ei
2975 3311 3031 3364 δὲ
3047 3309 3201 3372 ἄλλος
3220 3308 3335 3361 ἐστὶ
3359 3305 3467 3361 τῶν
3490 3305 3635 3359 πάν-

2040 3424 2170 3473 των,
2188 3407 2245 3459 ὲν
2266 3400 2346 3470 οἷς
2378 3406 2470 3459 καὶ
2494 3406 2527 3476 ἡ
2550 3403 2691 3475 ἀρχὴ
2718 3402 2824 3455 τῶν
2850 3402 3064 3455 πάντων
3084 3398 3426 3469 σημαίνεται,
3468 3393 3633 3464 δῆλον

2041 3496 2123 3549 ὅτι
2148 3493 2304 3557 ἄλλος
2327 3494 2444 3547 ὲστὶ
2460 3492 2568 3546 τῶν
2603 3490 2916 3562 κτισμάτων
2936 3507 2949 3519 ·
2985 3488 3081 3542 καὶ
3117 3488 3432 3542 συνίσταται
3462 3501 3633 3549 φανε-

2043 3586 2173 3658 ρῶς,
2201 3587 2282 3639 ὅτι
2317 3584 2425 3656 (11)
2466 3583 2622 3648 ἄλλος
2644 3581 2718 3636 ὢν
2747 3585 2776 3636 ὁ
2798 3582 2971 3651 Λόγος
3001 3579 3108 3634 τῶν
3140 3579 3355 3634 πάντων
3385 3576 3479 3631 καὶ
3519 3576 3636 3646 πρὸ

2040 3678 2257 3732 πάντων
2281 3674 2377 3739 ὢν,
2412 3673 2637 3745 ὕστερον
2663 3671 2903 3736 κτίζεται
2930 3669 3071 3742 ἀρχὴ
3094 3668 3203 3723 τῶν
3224 3668 3357 3723 όδῶν
3378 3667 3457 3730 εἰς
3490 3665 3632 3737 ἔργα

2039 3767 2127 3822 διὰ
2161 3767 2269 3840 (12)
2295 3766 2392 3839 τὴν
2414 3762 2845 3836 ὲνανθρώπησιν,
2874 3763 2982 3826 ἴνα,
3009 3762 3085 3825 ὡς
3110 3756 3262 3814 εἶπεν
3286 3761 3314 3813 ὁ
3364 3758 3627 3811 Ἀπόστο-

2040 3858 2149 3923 λος,
2194 3859 2253 3923 ὃς
2299 3860 2446 3911 ἐστιν
2480 3855 2622 3927 ἀρχὴ
2662 3853 3000 3925 πρωτότοκος
3034 3853 3099 3905 ἐκ
3132 3850 3241 3905 τῶν
3282 3847 3511 3919 νεκρῶν,
3534 3847 3632 3903 ἵνα

2039 3945 2261 4016 γένηται
2290 3946 2348 3998 ὲν
2377 3945 2541 3998 πᾶσιν
2569 3942 2731 4006 αὐτὸς
2758 3939 3055 4012 πρωτεύων
3083 3938 3223 4011 (15).

2110 4036 2199 4090 61.
2235 4033 2497 4106 Τοιαύτης
2534 4032 2713 4087 τοίνυν
2754 4031 2922 4103 οὔσης
2964 4030 3066 4102 τῆς
3099 4031 3360 4102 διαφορᾶς
3385 4028 3503 4094 τοῦ,
3529 4028 3634 4083 ἕκ-

2041 4142 2191 4192 τισε,
2217 4127 2312 4180 καὶ
2344 4125 2461 4193 τοῦ,
2490 4122 2672 4196 γεννᾷ
2701 4141 2795 4195 με,
2827 4126 2940 4188 καὶ,
2969 4122 3080 4191 τῆς
3106 4120 3298 4192 ἀρχῆς
3324 4120 3502 4185 ὁδῶν,
3532 4122 3632 4174 καὶ

2017 4220 2155 4284 ποῦ,
2181 4218 2293 4288 πρὸ
2319 4217 2592 4272 πάντων·
2621 4218 2731 4272 τῶν
2763 4216 2863 4289 μὲν
2905 4214 3208 4289 ἀνθρώπων
3245 4215 3469 4285 κτίστης
3494 4211 3574 4266 ὢν
3597 4214 3630 4266 ό

2041 4312 2194 4376 Θεὸς,
2222 4310 2395 4375 οὕτως
2422 4310 2553 4381 (14),
2578 4310 2765 4383 ὥσπερ
2787 4309 3023 4381 εἴρηται,
3047 4308 3255 4377 γίνεται
3284 4308 3377 4360 καὶ
3399 4305 3628 4377 ὕστερον

2042 4403 2250 4475 Πατὴρ,
2276 4401 2366 4456 διὰ
2388 4400 2478 4455 τὸν
2506 4403 2564 4455 ὲν
2598 4402 2781 4464 αὐτοῖς
2800 4399 3055 4481 οἰκούντα
3076 4399 3249 4468 Λόγον
3279 4395 3466 4452 αὐτοῦ.
3501 4396 3628 4449 Ἐπὶ

2043 4495 2102 4549 δὲ
2140 4494 2237 4549 τοῦ
2263 4495 2435 4564 Λόγου
2460 4494 2523 4548 τό
2543 4493 2777 4566 ἔμπαλιν
2794 4510 2810 4524 ’
2834 4492 3025 4564 Πατὴρ
3052 4490 3161 4564 γὰρ
3184 4490 3297 4564 (15)
3340 4488 3417 4543 ὣν
3456 4487 3626 4543 αὑτοῦ

312 4746 319 4763 ’
434 4759 513 4830 (ὅ)
542 4757 636 4813 Sic
664 4755 1315 4881 Sefuerianﬁoblerian.
1338 4754 1483 4809 Felc.
1515 4755 1540 4808 1
1566 4763 1620 4808 et
1648 4753 1702 4807 4.
1730 4752 1787 4807 ln
1817 4754 1939 4810 aliis

362 4843 417 4887 et
454 4830 614 4884 editis
636 4828 699 4881 τό
759 4835 893 4882 eest.
920 4827 1044 4882 Mox
1087 4825 1403 4891 Seguerian.
1452 4825 1583 4891 Reg.
1618 4834 1673 4879 et
1700 4822 1846 4877 Felc.
1887 4825 1939 4889 5,

2122 4748 2178 4815 (8
2232 4743 2681 4818 δεειιετίοηηὸτι
2706 4741 2832 4797 τῶν.

2123 4748 2199 4891 (9)
2235 4817 2624 4891 διξενυοτὶᾳηιιε,
2649 4812 2783 4885 Reg.
2819 4829 2832 4866 ι

362 4843 417 4887 et
442 4822 614 4884 editis
636 4828 699 4881 τό
722 4822 893 4882 deest.
920 4827 1044 4882 Mox
1087 4825 1403 4895 Seguerian.
1452 4825 1587 4895 Reg.
1618 4822 1846 4895 et_Felc.
1887 4825 1942 4889 5,

363 4900 582 4969 πάντων
614 4897 838 4969 βουνῶν.
870 4897 974 4952 Alii
997 4893 1231 4969 et_edi‘li,
1268 4896 1487 4969 πάντων
1522 4893 1629 4949 τῶν
1670 4893 1895 4965 βουνῶν.

441 4970 516 5038 (4)
553 4967 1139 5040 διίευθτίιιιι.,-ἁπλῶς,
1165 4968 1338 5040 γεννᾷ
1366 4983 1453 5040 με.

441 4983 516 5038 (4)
553 4983 896 5040 Seguerian.,
931 4983 1139 5031 απλως,
1212 4983 1338 5037 εννᾳ
1407 4983 1453 5019 ε.

436 5041 512 5110 (5)
545 5039 866 5110 Segueriau.
906 5038 1035 5109 Reg.
1065 5049 1123 5110 et
1164 4983 1326 5110 elo.“
1365 4983 1692 5110 gLnavng
1722 5032 1948 5110 Bouvibv.

366 5105 508 5165 Editi
543 5119 599 5165 et
623 5105 742 5168 alii.
776 5105 1128 5165 πάντων“τῶν
1164 5106 1389 5176 βουνῶν.
1420 5105 1555 5160 Ibid.
1599 5106 1947 5176 Seguerian.,

366 5180 458 5252 Τῷ
489 5180 596 5252 γὰρ
616 5181 781 5252 γεννᾷ
819 5196 885 5252 με
906 5180 966 5233 τὸ
1003 5175 1206 5252 ἔκτισε.
1258 5176 1572 5252 Ιῖειειιηιδιι.
1606 5176 1663 5235 2,
1691 5175 1948 5252 et.editi_o

365 5244 657 5318 ϐὀιιιὶιιὲιί,
688 5244 899 5321 βούνῶνρ
926 5250 1092 5321 γεννᾷ
1116 5265 1207 5320 με,
1238 5248 1298 5301 τὸ
1318 5246 1498 5301 ἔκτισε
1528 5244 1949 5317 συμπεπλεγμέ-

556 5388 904 5460 Seguerian.,
954 5388 1172 5443 πάντων
1227 5386 1408 5469 ἔκτισε
1444 5402 1530 5457 με.
1579 5385 1713 5455 Reg.
1772 5384 1939 5467 BasiL

367 5461 487 5516 Ana
512 5463 581 5516 ic.
604 5471 658 5515 et
676 5461 821 5516 Fele.
853 5463 907 5516 4.
940 5460 1162 5513 πάντων
1186 5457 1388 5516 βουνων
1422 5456 1603 5512 ἔκτισέ
1641 5473 1730 5516 με.
1765 5457 1868 5509 Aln
1890 5466 1939 5510 et

367 5456 581 5531 An'giic.
604 5456 658 5515 et
676 5461 821 5516 Fele.
853 5456 907 5520 4,
940 5456 1388 5531 πάντωνβουνῷν
1422 5456 1614 5531 ἔκτισε
1641 5473 1730 5531 με.
1765 5457 1868 5509 Alii
1890 5466 1945 5510 et

366 5525 521 5595 editi,
552 5530 771 5586 πάντων
790 5530 899 5602 τῶν
928 5525 1355 5602 βουνῶνλζκτισέ-
1373 5544 1483 5602 με.-
1689 5525 1939 5595 Seguer.,

364 5601 428 5656 τδ
448 5602 629 5657 ἔκτισε
659 5602 755 5656 τοῦ
779 5596 1088 5671 ἐγέννησεν.
1114 5597 1278 5664 Editi,
1311 5596 1486 5652 τὸτοῦ
1523 5596 1802 5669 ἐγέννησε,
1835 5607 1940 5652 etc.

365 5672 560 5728 Galeri
582 5688 716 5729 mss.
746 5681 805 5726 ut
834 5673 888 5726 in
913 5679 1081 5727 textu,

439 5742 517 5808 (7)
543 5743 889 5815 Seguerian.,
912 5741 995 5805 τὸ,
1024 5735 1296 5811 ἐγέννησε.
1337 5736 1479 5794 Editi
1508 5745 1563 5795 et
1590 5737 1705 5808 alii,
1729 5737 1789 5792 τδ
1823 5736 1944 5806 γέν-

366 5829 534 5885 νημα.

2123 4812 2199 4889 (9)
2235 4812 2624 4889 δεξᾷυρτίεηιιε,
2649 4812 2783 4885 Reg.
2819 4822 2874 4868 et
2902 4812 3049 4870 Felc.
3088 4812 3142 4879 5,
3166 4812 3237 4867 τὰ
3269 4812 3628 4887 γενητὰ.οω-

2051 4884 2149 4944 teri
2176 4884 2230 4943 et
2263 4884 2415 4951 editi,
2440 4886 2507 4940 τὰ
2532 4884 2686 4953 γένη.

2118 4959 2487 5030 (10)Seguer._
2517 4951 2876 5030 οιῐιίιὶὶιόλδέ.
2920 4951 3233 5030 Βξφκμίόςῃι
3274 4952 3501 5030 et_Re_g.
3523 4956 3631 5030 Cp-

2046 5023 2179 5085 blei'.
2211 5023 2356 5085 Εειεῖ
2385 5029 2438 5089 1,
2463 5028 2497 5082 4
2526 5037 2577 5080 et
2605 5026 2659 5087 5,
2694 5024 2921 5090 addunt,
2945 5025 3008 5076 Εἰ
3043 5023 3101 5077 δὲ
3140 5024 3296 5088 ἄλλος
3345 5026 3464 5077 ἐστὶ
3516 5026 3625 5079 τῶν

2046 5101 2286 5161 πάντων,
2315 5114 2437 5167 quae.
2475 5100 2526 5151 in
2553 5097 2676 5149 aliis
2715 5104 2769 5149 et
2794 5094 2956 5150 editis
2981 5094 3379 5150 desiderantur.
3427 5093 3626 5150 Goble-

2048 5173 2189 5226 rian.
2208 5185 2261 5224 et
2281 5166 2427 5224 Felc.
2464 5169 2523 5231 i,
2540 5166 2733 5228 ἄλλως.

2125 5241 2237 5312 (Η)
2278 5240 2369 5294 Sic
2394 5234 2867 5312 Seguerian._Reg.
2902 5234 3213 5291 Goblerian.
3242 5234 3388 5291 Felc.
3424 5236 3445 5290 1
3482 5245 3536 5290 et
3563 5235 3621 5290 4.

2048 5306 2245 5366 ΑιὨιῖί
2282 5320 2337 5365 et
2359 5306 2507 5366 editi.
2540 5306 2799 5377 δηλονότξ

2125 5381 2233 5451 (12)
2267 5374 2635 5451 Seguerianus
2672 5386 2725 5430 et
2761 5375 2906 5430 Felc.
2940 5375 2994 5437 1,
3025 5378 3106 5440 εἰς
3127 5375 3282 5447 ἔργα.
3327 5374 3524 5430 ειεξιττὶ
3565 5382 3620 5429 et

2048 5450 2200 5513 editi,
2228 5452 2308 5513 είς
2328 5452 2394 5503 τὰ
2417 5450 2572 5520 ἔργα.

2120 5524 2233 5591 (15)
2264 5514 2577 5591 Goblej‘ian.
2627 5525 2682 5591 et
2720 5514 2948 5591 Felc._i,
2992 5514 3213 5591 γένηται
3240 5516 3620 5591 Δττιῖσινμςτρίτ-

2046 5583 2241 5647 τεύων.
2274 5590 2396 5644 Mox
2424 5583 3016 5658 Segucrian.et_Reg.,
3048 5583 3212 5658 οὔσης
3236 5586 3518 5655 διαφορᾶς.

2152 5662 2234 5729 14)
2271 5660 2363 5715 Sic
2384 5653 2524 5729 mss:
2546 5657 2787 5729 Atediti,
2813 5653 2984 5729 οὗτος.

2152 5663 2234 5729 14)
2271 5663 2363 5715 Sic
2384 5674 2517 5713 mss.
2546 5663 2783 5717 Atediti.
2813 5663 2984 5719 ουτος.

2122 5663 2254 5803 (15)
2283 5731 2379 5803 Sic
2396 5728 2722 5803 Segu_erian._
2753 5727 3069 5782 Goblcrian.
3111 5725 3253 5782 Fclc.
3292 5726 3396 5781 iet
3431 5725 3478 5780 1.
3512 5723 3621 5777 Δίὶί

2056 5797 2186 5860 vero
2225 5797 2278 5857 et
2300 5800 2450 5866 editi,
2482 5797 2589 5870 γάρ
2616 5797 2890 5854 omittunt.
