3840 6220
214 307 318 360 277

1335 314 1596 372 ORATIO
1636 318 1676 372 ll
1717 319 1999 377 CONTRA
2032 323 2358 382 ARIANOS.

3379 331 3489 390 ατε

215 427 373 495 φύσει
411 430 441 482 6
473 427 629 494 Θεὸς,
658 430 863 499 γίνεται
900 433 1037 504 μετά
1066 433 1238 488 ταῦτα
1265 435 1361 489 καὶ
1395 438 1622 508 κτίστης
1646 437 1808 493 αὑτοῦ

1930 443 2005 512 qui
2045 441 2206 498 Verbi
2255 443 2418 501 Pater
2447 453 2644 503 natura
2683 459 2787 516 est,
2814 447 2933 519 ejus
2969 448 3235 516 posthaec
3279 462 3494 506 creator

217 520 307 572 καὶ
334 520 586 591 ποιητὴς,
609 523 739 576 ὅταν
767 525 865 595 τὴν
899 524 1210 580 κτισθεῖσαν
1243 528 1338 581 καὶ
1370 529 1688 600 ποιηθεῖσαν
1723 535 1809 585 ὲν-

215 611 444 683 δὺσηται
473 613 680 685 .σάρκα
733 616 762 667 6
821 617 1014 684 Λόγος,
1075 619 1172 671 καὶ
1226 619 1451 692 γένηται
1500 621 1806 694 ἄνθρωπος.

218 703 430 774 Ὥσπερ
457 704 565 777 γὰρ
593 707 640 759 οἱ
669 706 944 778 ἄνθρωποι
974 708 1342 780 λαμϐάνοντες
1368 713 1431 766 τὸ
1458 713 1684 786 Πνεῦμα
1714 715 1808 769 τοῦ

221 794 373 857 Υξοῦ,
405 797 648 865 γίνονται
691 798 856 853 τέκνα
898 801 966 854 δι’
1006 803 1205 856 αὐτοῦ’
1234 805 1406 872 οὕτως
1445 809 1473 860 6
1509 807 1678 877 Λόγος
1716 808 1809 862 τοῦ

215 885 375 951 Θεοῦ,
413 888 505 941 ὅτε
550 891 646 943 καὶ
687 893 849 959 αὐτὸς
894 897 1182 952 ἐνεδύσατο
1217 899 1324 952 τῶν
1366 899 1669 972 ἀνθρώπων
1712 901 1810 972 τὴν

217 979 419 1051 σάρκα,
446 981 568 1035 τότε
605 983 823 1052 λέγεται
875 990 970 1042 καὶ
1012 990 1291 1054 κτίζεσθαι
1327 992 1420 1047 καὶ
1455 993 1809 1064 πεποιῆσθαι.

217 1071 280 1124 ΕΞ
318 1072 419 1142 μὲν
451 1069 546 1127 οὖν
571 1076 731 1146 ἡμεῖς
770 1079 913 1133 κατά
939 1081 1100 1152 φύσιν
1135 1084 1260 1149 υἱοὶ,
1300 1085 1462 1157 δῆλον
1513 1089 1594 1141 ὅτι
1621 1088 1812 1141 κάκεῖ-

217 1180 306 1227 νος
338 1165 481 1218 κατὰ
525 1167 686 1236 φύσιν
725 1171 930 1242 κτίσμα
962 1176 1057 1227 καὶ
1089 1175 1328 1247 ποίημα·
1366 1179 1415 1231 εἰ
1451 1177 1508 1231 δὲ
1541 1180 1700 1250 ἡμεῖς
1729 1179 1815 1233 θέ-

219 1271 300 1307 σει
339 1256 435 1308 καὶ
490 1258 632 1312 κατά
679 1261 839 1332 χάριν
885 1263 1146 1335 γινόμεθα
1191 1267 1319 1332 υἱοὶ,
1363 1268 1520 1341 δῆλον
1578 1271 1660 1324 ὃτι
1701 1271 1813 1343 (16)

218 1347 316 1400 καὶ
337 1349 368 1401 6
393 1349 565 1417 Λόγος
586 1350 672 1404 διὰ
697 1351 796 1424 τὴν
825 1357 904 1418 εἰς
932 1356 1081 1426 ἡμᾶς
1106 1357 1267 1429 χάριν
1292 1359 1581 1431 γενόμενος
1604 1361 1817 1434 ἀνθρω-

218 1457 322 1503 ato;
358 1442 546 1513 εἴρηκε
570 1459 581 1472 ·
616 1445 836 1512 Κύριος
867 1444 1069 1501 ἑκτισέ
1092 1467 1186 1518 με.
1228 1446 1361 1504 Εἶτα
1397 1451 1586 1524 ἐπειδὴ
1616 1453 1677 1506 τὸ
1701 1472 1818 1508 κτι-

221 1533 349 1587 στδν
382 1534 746 1606 ἐνδυσάμενος
768 1539 990 1607 γέγονεν
1014 1544 1147 1612 ἡμῖν
1175 1544 1359 1614 ὅμοιος
1383 1544 1524 1599 κατὰ
1546 1547 1607 1599 τὸ
1635 1546 1814 1616 σῶμα,

219 1624 310 1677 διὰ
337 1625 498 1679 τοῦτο
537 1627 764 1692 εἰκότως
798 1630 909 1702 (17)
945 1633 1038 1686 καὶ
1072 1633 1302 1704 ἀδελφὸς
1335 1637 1490 1708 ἡμῶν
1537 1639 1632 1693 καὶ
1665 1657 1818 1711 πρω-

221 1717 445 1783 τότοκος
472 1719 698 1792 ὲκλὴθη.
735 1723 798 1775 Ei
821 1723 929 1796 γὰρ
970 1727 1062 1778 καὶ
1101 1727 1220 1797 μεθ’
1255 1729 1401 1800 ἡμᾶς
1432 1730 1498 1783 δι’
1523 1733 1670 1802 ἡμᾶς
1704 1731 1816 1803 (18)

220 1811 450 1879 γέγονεν
491 1811 796 1885 ἄνθρωπος,
844 1817 938 1869 καὶ
984 1817 1213 1888 ἀδελφὸς
1258 1797 1414 1892 ἡμῶν
1455 1797 1680 1896 διὰ-’τὴν
1714 1797 1817 1880 rei}
1851 1797 1894 1851 Β

223 1902 481 1974 σώματος
502 1906 782 1976 ὁμοίωσιν,
802 1907 936 1961 ἀλλά
956 1910 1049 1962 καὶ
1069 1911 1124 1962 ὲν
1148 1911 1324 1983 τούτῳ
1347 1915 1688 1986 πρωτότοκος
1707 1918 1816 1990 (19)

221 1991 444 2062 λέγεται
476 1995 569 2048 καὶ
595 1994 743 2050 ἔστιν
770 1998 949 2069 ἡμῶν,
983 2001 1191 2073 ἐπειδὴ,
1215 2002 1433 2058 πάντων
1471 2005 1578 2060 τῶν
1616 2007 1820 2079 ἀνθρώ-

227 2109 350 2145 πων
396 2090 791 2162 ἀπολλυμένων
837 2094 978 2148 κατὰ
1010 2095 1108 2166 τὴν
1146 2097 1457 2170 παράϐασιν
1495 2100 1586 2154 τοῦ
1627 2103 1816 2175 Ἀδὰμ,

228 2179 426 2252 πρώτη
460 2182 568 2235 τῶν
602 2183 776 2236 ἄλλων
805 2183 986 2256 ἐσώθη
1033 2188 1128 2240 καὶ
1169 2188 1516 2262 ἠλευθερώθη
1550 2194 1582 2265 ἡ
1610 2193 1818 2248 ἐκείνου

224 2273 386 2343 σὰρξ,
415 2273 491 2337 ὡς
521 2275 686 2329 αὐτοῦ
725 2275 820 2329 τοῦ
868 2277 1044 2346 Λόγου
1075 2277 1236 2350 σῶμα
1264 2283 1554 2355 γενομένη,
1589 2286 1683 2339 καὶ
1707 2286 1817 2340 λοι-

221 2365 330 2418 πὸν
360 2367 540 2435 ἡμεῖς,
585 2367 660 2430 ὡς
710 2367 987 2440 σύσσωμοι
1027 2373 1421 2443 τυγχάνοντες,
1475 2379 1598 2431 κατ’
1644 2380 1819 2433 ἐκεῖνο

222 2454 536 2526 σωζόμεθα.
577 2459 664 2511 Ἐν
691 2459 885 2530 ἐκείνῳ
907 2460 1016 2533 γὰρ
1039 2464 1194 2533 ἡμῶν
1222 2465 1316 2518 καὶ
1346 2467 1540 2538 ὁδηγὸς
1559 2470 1586 2521 6
1616 2470 1819 2542 Κύριος

219 2551 308 2610 εἰς
338 2548 440 2618 τὴν
475 2548 752 2618 βασιλείαν
781 2552 889 2605 τῶν
912 2554 1179 2624 οὐρανῶν,
1213 2558 1308 2610 καὶ
1335 2559 1471 2629 πρὸς
1501 2560 1602 2615 τὸν
1625 2563 1818 2617 ἑαυτοῦ

218 2638 452 2710 Πατέρα
491 2640 731 2709 γίνεται,
783 2643 987 2712 λέγων·
1032 2645 1180 2716 Ἐγώ
1207 2649 1324 2717 εἰμι
1371 2651 1410 2717 ἡ
1437 2650 1580 2717 ὁδὸς
1626 2653 1726 2706 καὶ
1777 2654 1831 2722 ἠι

218 2733 401 2801 θύρα,
428 2732 527 2787 καὶ
552 2733 625 2786 δι’
652 2734 798 2803 ἐμοῦ
829 2734 925 2788 δεῖ
952 2734 1183 2802 πάντας
1203 2739 1517 2794 εἰσελθεῖν.
1543 2741 1705 2796 Ὅθεν
1727 2744 1822 2796 καὶ

221 2826 578 2896 πρωτότοκος
621 2825 838 2894 λέγεται
881 2828 1042 2882 πάλιν
1077 2829 1141 2884 ἐκ
1185 2830 1293 2886 τῶν
1334 2834 1562 2905 νεκρῶν,
1597 2836 1695 2905 οὐχ
1738 2837 1820 2889 ὅτι

219 2916 451 2986 πρῶτος
477 2917 632 2987 ἡμῶν
666 2918 934 2972 ἀπέθανεο
969 2920 1462 2994 προετεθνήκειμεν
1493 2923 1601 2996 γὰρ
1629 2927 1818 2996 ἡμεῖς’

217 3008 348 3062 ἀλλ’
379 3009 460 3062 ὅτι
492 3009 585 3062 τὸν
619 3010 759 3081 ὑπὲρ
787 3011 946 3082 ἡμῶν
993 3011 1394 3084 ἀναδεξάμενος
1440 3015 1688 3082 θάνατον,
1727 3018 1836 3071 καὶν

217 3100 422 3154 τοῦτον
454 3104 832 3175 καταργήσας,
863 3106 1058 3178 ἀνέστη
1091 3107 1306 3178 πρῶτος
1343 3107 1476 3179 (20),
1506 3109 1582 3173 ὡς
1613 3110 1823 3182 ἄνθρω-

220 3211 357 3259 πος,
383 3194 523 3264 ὑπὲρ
555 3194 710 3266 ἡμῶν
745 3197 1056 3270 ἀναστήσας
1088 3199 1148 3252 τὸ
1182 3199 1377 3252 ἑαυτοῦ
1410 3199 1585 3271 σῶμα.
1620 3203 1823 3256 Λοιπὸν
1851 3191 1895 3213 ”

221 3286 347 3358 γὰρ
397 3288 729 3351 ἀναστάντος
776 3291 1008 3358 ἐκείνου,
1074 3291 1310 3363 καθεξῆς
1370 3294 1463 3347 καὶ
1517 3295 1675 3364 ἡμεῖς
1729 3296 1822 3349 ἀπ’

222 3380 446 3433 ἐκείνου
481 3382 575 3435 καὶ
599 3381 665 3434 δι’
697 3384 903 3437 ἐκεῖνον
934 3386 998 3438 ἐκ
1030 3384 1138 3438 τῶν
1165 3385 1373 3456 νεκρῶν
1401 3387 1747 3459 ὲγειρόμεθα.

308 3492 401 3547 62.
447 3494 511 3546 Ei
544 3493 601 3546 δὲ
626 3495 720 3548 καὶ
750 3494 861 3569 (21)
893 3497 1266 3564 πρωτότοκος
1310 3497 1422 3567 τῆς
1453 3501 1704 3567 κτίσεως
1733 3502 1823 3556 λέ-

223 3601 418 3655 γεται,
453 3585 567 3639 ἀλλ’
609 3588 708 3658 οὺχ
747 3586 821 3651 ὡς
865 3587 1209 3660 ὲξισούμενος
1255 3594 1367 3655 τοῖς
1413 3591 1696 3662 κτίσμασι,
1732 3595 1826 3648 καὶ

225 3678 455 3751 πρῶτος
512 3679 691 3733 αὐτῶν
741 3680 882 3735 κατά
931 3682 1142 3754 χρόνον,
1187 3683 1530 3756 πρωτότοκος
1573 3685 1822 3754 λέγεται·

226 3772 380 3842 (πῶς
408 3772 538 3844 γὰρ,
562 3773 697 3826 ὃπου
721 3789 785 3840 γε
810 3775 1124 3845 Μονογενὴς
1145 3776 1292 3829 ἐστιν
1318 3776 1478 3840 αὑτός
1503 3775 1538 3848 ;)
1579 3777 1714 3832 ἀλλά
1740 3778 1827 3832 διὰ

227 3865 336 3935 τὴν
388 3864 526 3936 πρὸς
567 3864 636 3917 τὰ
677 3865 952 3936 κτίσματα
1010 3867 1414 3935 συγκαταϐασιν
1465 3869 1560 3922 τοῦ
1616 3870 1826 3938 Λόγου,

228 3955 363 4010 καθ’
398 3956 465 4028 ἡν
498 3956 592 4008 καὶ
617 3956 826 4010 πολλῶν
853 3958 1072 4026 γέγονεν
1095 3959 1342 4030 ἀδελφός.
1377 3960 1437 4015 Ὀ
1459 3961 1568 4033 γάρ
1603 3979 1684 4015 τοι
1730 3980 1827 4034 μο-

229 4044 485 4115 νογενὴς,
513 4045 614 4099 οὐκ
637 4045 806 4100 ὄντων
828 4045 1004 4101 ἄλλων
1038 4047 1299 4116 ἀδελφῶν,
1333 4050 1624 4121 μονογενής
1647 4053 1792 4104 ἐστιν
1811 4068 1824 4082 ο

229 4141 263 4192 6
285 4138 346 4192 δὲ
374 4137 720 4209 πρωτότοκος
749 4137 834 4191 διὰ
856 4140 982 4208 τοὺς
1025 4138 1216 4203 ἄλλους
1255 4139 1367 4212 (22)
1393 4140 1653 4211 ἀδελφοὺς
1682 4159 1832 4214 πρω-

229 4231 460 4293 τότοκος
491 4230 732 4300 λέγεται.
768 4231 870 4285 Διά
904 4232 1064 4286 τοῦτο
1101 4233 1233 4302 γοῦν
1279 4234 1514 4306 οὐδαμοῦ
1547 4235 1654 4288 τῶν
1693 4235 1832 4306 Γρα-

235 4324 361 4396 φῶν
382 4323 619 4396 εἴρηται,
653 4324 1026 4392 πρωτότοκος
1058 4324 1164 4380 τοῦ
1206 4324 1376 4390 Θεοῦ,
1420 4326 1563 4393 οὐδὲ,
1611 4328 1834 4397 κτίσμα

236 4415 352 4470 τοῦ
382 4415 532 4470 Θεοῦ
552 4434 564 4445 ·
598 4415 736 4469 ἀλλά
781 4415 860 4480 τὸ,
895 4416 1264 4487 Μονογενὴς,
1300 4418 1499 4483 καὶτὸ,
1529 4419 1683 4486 Υἱὸς,
1715 4420 1831 4484 καὶ,

1911 545 1965 590 ει
1989 534 2210 592 eﬂector
2237 535 2415 593 factus
2447 548 2552 601 est,
2581 555 2705 593 cum
2741 539 2952 597 scilicet.
2980 539 3215 595 Verbum
3253 549 3492 596 creatam

1911 636 1964 681 et
2002 626 2201 682 factam
2251 643 2470 683 carnem
2503 628 2701 692 induit,
2737 637 2792 684 et
2817 629 2981 683 homo
3012 629 3190 686 factus
3213 640 3317 686 est.
3353 629 3490 686 Nam

1912 719 2055 774 sicut
2086 720 2356 788 homines,
2388 721 2593 790 Spiritu
2624 721 2747 775 Filii
2776 730 3019 792 accepto,
3051 722 3149 778 ﬁlii
3182 739 3279 794 per
3312 723 3490 794 ipsum

1912 810 2262 868 efﬁciuntur:
2296 814 2366 868 ita
2391 813 2487 868 Dei
2521 813 2758 869 Verbum
2791 829 2914 869 cum
2945 813 3238 869 humanam
3271 830 3491 871 carnem

1914 904 2111 971 induit,
2143 915 2276 961 tunc
2301 915 2356 962 et
2388 907 2561 962 creari
2585 917 2639 962 et
2670 907 2874 963 factum
2906 924 3029 966 esse
3052 909 3268 965 dicitur.
3308 909 3495 980 Itaque

1915 998 1962 1052 si
2011 1012 2115 1053 nos
2163 1013 2359 1053 natura
2405 999 2501 1053 lilii
2546 1015 2758 1065 sumus,
2813 999 3095 1057 fatendum
3146 1017 3366 1072 quoque
3412 1013 3498 1057 est

1915 1089 2154 1146 Verbum
2183 1103 2383 1147 natura
2411 1101 2465 1147 et
2495 1101 2736 1148 creatum
2780 1104 2834 1150 et
2869 1093 3075 1151 factum
3105 1110 3246 1152 esse.
3283 1093 3389 1151 Sed
3441 1094 3490 1152 si

1916 1198 2015 1238 uos
2028 1183 2318 1254 adoptione
2336 1193 2548 1239 tantum
2575 1194 2630 1240 et
2658 1186 2828 1256 gratia
2851 1186 2946 1241 ﬁlii
2975 1185 3258 1251 elIicimur,
3285 1186 3500 1242 clarum

1914 1276 2120 1345 pariter
2151 1287 2235 1330 est
2263 1273 2503 1330 Verbum
2542 1285 2764 1346 propter
2809 1278 3040 1350 gratiam
3082 1277 3242 1334 nobis
3285 1277 3497 1332 donan-

1916 1368 2041 1421 dam
2076 1365 2275 1422 factum
2311 1368 2590 1423 hominem
2620 1368 2846 1432 dixisse,
2876 1369 3135 1424 Dominus
3175 1370 3367 1423 creavit
3394 1386 3494 1425 me.

1917 1459 2121 1514 Deinde
2146 1460 2586 1532 quandoquidem
2601 1469 2783 1517 creato
2810 1477 3038 1533 corpore
3063 1469 3368 1533 assumpto,
3398 1476 3498 1516 no-

1920 1554 2018 1609 stri
2059 1554 2362 1609 secundum
2389 1569 2589 1625 corpus
2612 1553 2779 1626 £19
2802 1555 2998 1612 similis
3032 1554 3209 1612 factus
3237 1563 3340 1622 est,
3375 1555 3510 1611 ideo

1919 1664 2028 1703 non
2066 1648 2340 1703 immerito
2364 1656 2419 1704 et
2453 1648 2619 1704 frater
2649 1662 2837 1705 uoster
2868 1659 2923 1706 et
2972 1650 3371 1722 primogenitus
3399 1665 3500 1722 ap-

1920 1741 2154 1811 pellatus
2183 1749 2284 1795 est.
2318 1738 2454 1795 Nam
2489 1742 2706 1796 tametsi
2759 1750 2882 1812 post
2931 1755 3032 1796 nos
3065 1740 3231 1796 homo
3282 1749 3502 1811 propter

1925 1845 2026 1886 nos
2055 1829 2233 1885 factus
2267 1841 2369 1898 est,
2403 1847 2466 1886 ac
2495 1832 2722 1902 proinde
2756 1831 3172 1896 frater‘uoster,
3201 1831 3271 1887 ob
3302 1846 3503 1903 εει-ροι-

1923 1923 2004 1977 ris
2034 1922 2444 1979 similitudinem
2479 1942 2492 1978 :
2528 1939 2712 1978 verum
2746 1939 2807 1978 ea
2834 1923 3048 1978 ratione
3096 1924 3296 1979 dicitur
3341 1931 3504 1979 et'est

1925 2021 2112 2068 noster
2136 2013 2550 2084 primogenitus,
2581 2023 2854 2084 quatenus
2893 2014 3151 2070 omnibus
3186 2013 3502 2070 hominibus

1923 2104 2054 2160 Adae
2076 2117 2300 2175 peccato
2330 2105 2575 2174 perditis,
2603 2105 2722 2174 ejus
2761 2121 2913 2173 caro,
2949 2114 3137 2176 utpote
3169 2104 3334 2160 Verbi
3380 2119 3505 2162 cor-

1924 2214 2028 2269 pus
2073 2197 2238 2264 facta,
2287 2199 2464 2268 prima
2509 2197 2752 2252 omnium
2791 2207 3000 2255 servata
3036 2207 3120 2254 est
3148 2209 3202 2253 et
3249 2198 3500 2262 liberata,

1925 2289 2159 2360 indeque
2186 2307 2308 2358 nos,
2332 2300 2390 2345 ut
2415 2291 2509 2362 qui
2537 2307 2662 2345 cum
2689 2290 2868 2346 Verbo
2890 2305 3118 2361 corpore
3148 2305 3341 2346 sumus
3365 2305 3503 2345 con—

1920 2380 2119 2451 juncti,
2155 2396 2250 2450 per
2285 2380 2426 2435 idem
2453 2380 2572 2450 ejus
2603 2396 2802 2451 corpus
2839 2380 2974 2436 salvi
3000 2380 3284 2436 ellicimur.
3322 2381 3380 2435 lu
3411 2380 3504 2435 illo

1925 2471 2192 2542 siquidem
2222 2470 2379 2525 nobis
2405 2469 2670 2526 Dominus
2703 2471 2770 2525 ad
2798 2486 3025 2542 regnum
3063 2471 3329 2526 caelorum
3359 2477 3413 2524 et
3435 2470 3504 2525 ad

1927 2569 2086 2610 suum
2112 2552 2330 2610 Patrem
2360 2569 2419 2609 se
2449 2555 2639 2609 ducem
2668 2555 2917 2625 praebuit,
2945 2570 3069 2609 cum
3094 2555 3168 2610 ait
3195 2574 3209 2610 :
3242 2553 3356 2625 Ego
3387 2570 3504 2608 sum

1926 2646 2012 2700 via
2045 2654 2096 2699 et
2127 2644 2322 2714 janua,
2363 2661 2427 2698 ac
2469 2661 2563 2714 per
2592 2661 2682 2702 me
2725 2662 2902 2699 omnes
2961 2646 3183 2699 introire
3235 2653 3438 2716 oportet
3461 2644 3506 2700 ³.

1927 2735 2272 2807 Quapropter
2321 2736 2716 2807 primogenitus
2755 2753 2822 2791 ex
2866 2737 3099 2792 mortuis
3139 2737 3354 2803 dicitur,
3396 2751 3505 2791 non

1926 2831 2071 2900 quod
2100 2831 2311 2900 primus
2337 2838 2586 2884 nostrum
2621 2843 2869 2886 mortuus
2894 2840 3000 2898 est,
3028 2846 3130 2886 nos
3164 2831 3309 2886 enim
3353 2829 3507 2900 prius

1927 2923 2126 2977 mortui
2151 2922 2430 2978 fueramus
2457 2942 2471 2978 :
2497 2925 2592 2978 sed
2624 2923 2752 2993 quia
2787 2930 2961 2978 morte
2994 2936 3094 2992 pro
3124 2922 3284 2977 nobis
3320 2934 3509 2976 susceo

1928 3024 2018 3086 pta
2042 3024 2096 3070 et
2137 3016 2438 3082 destructa,
2489 3013 2724 3083 primus,
2771 3021 2832 3067 ut
2881 3012 3068 3078 homo,
3116 3011 3334 3078 revixit,
3381 3025 3505 3066 cum

1929 3120 2086 3161 suum
2120 3119 2320 3174 corpus
2358 3119 2457 3173 pro
2486 3103 2643 3159 nobis
2681 3119 2750 3157 ex
2784 3103 3013 3158 mortuis
3051 3101 3327 3156 excitavit.
3371 3098 3510 3155 Hinc

1928 3197 2073 3253 enim
2105 3206 2394 3268 postquam
2424 3196 2622 3250 revixit
2649 3195 2758 3258 ille,
2786 3194 2901 3264 jam
2931 3209 3030 3249 nos
3076 3194 3331 3262 deinceps
3355 3201 3407 3246 et
3436 3192 3505 3246 ab

1930 3289 2024 3344 illo
2047 3298 2102 3345 et
2121 3298 2340 3361 propter
2372 3287 2527 3342 illum
2557 3301 2882 3343 revocamur
2907 3299 3126 3356 quoque
3153 3285 3226 3340 ad
3243 3285 3433 3339 vitam.

2001 3485 2088 3541 62.
2122 3485 2278 3552 Quod
2304 3485 2351 3540 si
2382 3484 2761 3554 primogenitus
2792 3478 3313 3536 creaturazdicitur‘
3354 3496 3368 3534 :
3397 3492 3508 3532 non

1931 3578 2312 3634 veluti'rerum
2363 3585 2671 3631 creatarum
2713 3574 2962 3646 aqualis,
3005 3581 3100 3628 aut
3132 3571 3326 3627 iisdem
3359 3569 3512 3641 prior

1935 3681 2195 3740 tempore,
2228 3670 2335 3724 hoc
2358 3668 2661 3739 appellatur
2687 3669 2911 3722 nomine
2968 3664 3098 3738 (qui
3128 3664 3276 3719 enim
3307 3663 3360 3718 id
3392 3661 3512 3716 ﬁeri

1932 3773 2136 3832 posset,
2159 3776 2285 3816 cum
2308 3761 2424 3831 ipse
2449 3760 2518 3815 sit
2537 3757 3054 3830 Unigeuitus?):sed
3079 3757 3150 3812 ob
3179 3755 3512 3826 singularem

1935 3854 2097 3910 Verbi
2149 3869 2278 3925 erga
2327 3869 2415 3909 res
2456 3861 2666 3908 creatas
2712 3852 3139 3922 benignitatem,
3189 3865 3298 3920 qua
3347 3848 3512 3903 etiam

1935 3948 2228 4002 multorum
2257 3944 2434 4001 factus
2457 3955 2542 4000 est
2566 3944 2752 4000 frater.
2788 3943 3068 4014 Siquidem
3109 3943 3156 3998 is
3199 3940 3514 4012 unigenitus

1936 4040 2158 4106 dicitur,
2187 4039 2274 4095 cui
2308 4039 2441 4093 nulli
2471 4038 2573 4092 alii
2594 4047 2722 4093 sunt
2751 4037 2944 4092 fratres
2969 4055 2983 4091 :
3011 4035 3058 4092 is
3100 4043 3282 4090 autem
3314 4032 3516 4089 dicitur

1934 4133 2358 4205 primogenitus,
2390 4133 2481 4188 cui
2529 4131 2621 4186 alii
2656 4140 2786 4187 sunt
2814 4131 3031 4186 fratres.
3083 4127 3221 4184 lliuc
3265 4128 3415 4183 nullo
3458 4127 3516 4182 in

1936 4226 2064 4280 loco
2111 4223 2521 4294 Scripturarum
2571 4223 2766 4292 legitur
2803 4223 3182 4292 primogenitus
3228 4219 3370 4286 Dei,
3423 4229 3520 4274 aut

1938 4328 2180 4373 creatura
2203 4317 2298 4372 Dei
2315 4316 2440 4372 :sed
2461 4317 2584 4380 ista,
2609 4315 2940 4387 Unigenitus,
2957 4314 3155 4382 Filius,
3182 4313 3516 4383 Verbum,et,

1941 4410 2236 4480 Sapientia,
2265 4410 2330 4464 ad
2360 4408 2575 4464 Patrem
2606 4407 2935 4474 referuntur,
2964 4407 3032 4461 ad
3063 4421 3226 4478 quem
3251 4414 3517 4476 tanquam

239 4507 276 4556 ὁ
302 4503 514 4572 Λόγος,
546 4503 660 4568 καὶ,
693 4504 732 4570 ἠ
767 4504 975 4572 Σοφία,
1005 4506 1086 4569 εἰς
1118 4506 1208 4559 τὸν
1243 4507 1462 4580 Πατέρα
1496 4509 1596 4581 τὴν
1631 4511 1813 4580 ἁναφο·

1939 4502 2376 4574 quid-proprium
2391 4500 2662 4571 pertinent
2711 4498 2950 4580 Vidimus
2965 4500 3110 4554 enim
3126 4498 3353 4570 gloriam
3377 4499 3514 4568 ejus,

242 4596 350 4668 ράν
387 4596 502 4667 ἔχει
546 4595 641 4650 καὶ
679 4595 776 4666 τὴν
823 4596 1060 4669 ἰδιότητα
1090 4598 1198 4670 (25)
1221 4617 1234 4630 ο
1277 4600 1678 4672 Ἐθεασάμεθα
1721 4602 1813 4674 γὰρ

1936 4599 2159 4670 gtoriam
2171 4597 2323 4667 quasi
2342 4594 2603 4666 Unigeuiti
2619 4610 2651 4646 a
2667 4590 2881 4646 Patre“:
2896 4590 3135 4652 Et,Misit
3162 4589 3297 4644 Deus
3315 4587 3521 4643 Filium

239 4689 363 4756 τὴν
387 4687 576 4752 δόξαν
598 4687 805 4752 αὐτοῦ,
835 4687 1022 4754 δόξαν
1042 4692 1121 4756 ὡς
1135 4692 1513 4762 Μονογενοῦς
1537 4695 1695 4762 παρὰ
1723 4697 1813 4747 Πα

1939 4707 2093 4746 suum
2130 4688 2465 4759 Unigenitum
2482 4687 2523 4738 ⁸.
2549 4684 2616 4739 Et
2645 4703 2658 4739 :
2692 4683 2759 4737 In
2788 4682 3060 4747 amulum,
3107 4681 3352 4744 Domine,
3392 4677 3521 4733 Ver-

245 4782 417 4850 tpdc'
451 4782 564 4845 καὶ,
605 4780 980 4835 Ἀπέστειλεν
1005 4785 1038 4836 ό
1061 4783 1205 4849 Θεὸς
1223 4783 1329 4838 τὸν
1354 4784 1490 4837 Υἱὸν
1517 4785 1704 4839 αὐτοῦ
1728 4784 1813 4839 τότ

1943 4785 2067 4840 bum
2111 4792 2260 4836 tuum
2308 4778 2642 4850 permanet".
2681 4776 2786 4832 Et:
2844 4775 2910 4830 In
2939 4774 3196 4844 principio
3233 4783 3346 4827 erat
3394 4770 3522 4826 Ver-

248 4873 592 4944 Μονογενῆο
625 4876 741 4940 καὶ,
776 4878 881 4942 Εἰς
919 4875 1027 4929 τὸν
1061 4874 1274 4942 αἰῶνα,
1324 4878 1520 4946 Κύριε,
1567 4880 1600 4931 ὁ
1646 4877 1813 4948 Λόγος

1944 4878 2087 4940 bum,
2111 4884 2159 4928 et
2197 4872 2416 4928 Verbum
2443 4879 2556 4925 erat
2585 4869 2725 4940 apud
2756 4867 2924 4922 Deum
2946 4865 2989 4919 ⁸.
3017 4863 3116 4919 Et:
3145 4862 3389 4919 Christus
3423 4863 3522 4918 Dei

323 5056 343 5086 ³
371 5053 752 5122 Joan.-x|v,6;
787 5074 843 5127 χ,
875 5061 928 5126 7,
962 5060 1014 5116 1.
1045 5061 1067 5093 ⁸
1099 5061 1311 5118 Coloss.
1343 5077 1382 5128 ι,
1415 5061 1499 5116 15.
1569 5060 1809 5117 'Joan.1

1935 5102 1948 5114 .
2027 5059 2048 5092 ⁸
2074 5059 2092 5114 l
2119 5057 2279 5114 Joau.
2312 5073 2385 5125 Iv,
2413 5055 2466 5110 9.
2531 5055 2550 5088 ’
2586 5051 2732 5110 Psal.
2767 5067 2957 5118 cxvm,
3003 5050 3093 5106 89.
3167 5047 3361 5105 “Joan.
3389 5067 3428 5118 ι,
3467 5051 3517 5105 1.

321 5288 341 5359 ζ
349 5287 436 5357 16)
476 5287 823 5357 Seguerian.,
848 5289 1081 5360 φανερὸν
1109 5289 1210 5342 ὅτι.

323 5383 439 5451 (17)
472 5380 563 5436 Sic
592 5380 912 5451 Seguerian.
935 5380 1248 5436 Goblerian.
1280 5379 1423 5434 Fclc.
1472 5380 1492 5432 1
1564 5389 1619 5434 et
1643 5380 1695 5434 4.
1729 5378 1834 5433 Alii

246 5469 382 5508 vero
416 5461 470 5507 et
494 5453 646 5517 editi,
673 5451 835 5522 σῶμα
865 5451 1044 5513 τοῦτο,
1079 5451 1322 5515 εἰκότως.

327 5541 443 5615 (18)
485 5539 580 5615 Sic
604 5541 952 5615 Seguerian.
986 5540 1118 5615 Reg.
1149 5540 1463 5596 Goblerian.
1497 5539 1653 5595 Felc.
1687 5541 1740 5594 1.
1769 5539 1839 5594 At

247 5611 346 5670 alii
372 5622 429 5668 et
453 5611 582 5665 editi
608 5614 866 5666 omittunt
890 5613 955 5666 δι’
987 5614 1156 5684 ἡμᾶς.

322 5702 434 5771 (19)
467 5701 785 5775 segtteriau.
818 5701 947 5773 Reg.
986 5713 1038 5760 ct
1073 5702 1216 5761 Feic.
1247 5703 1300 5769 4,
1345 5703 1840 5775 πρωτότοκος.(ὶων

246 5776 352 5834 teri
396 5782 450 5828 et
483 5771 632 5839 editi,
659 5771 892 5842 πρῶτος.

2012 5287 2123 5358 (20)
2157 5285 2498 5358 Seguerian.,
2523 5283 2756 5357 πρῶτον.
2786 5281 2892 5336 Alii
2916 5290 2968 5338 et
2998 5281 3150 5344 editi,
3181 5279 3418 5354 πρῶτος.

2015 5380 2125 5450 (21)
2165 5379 2256 5434 Sic
2279 5377 2603 5450 Seguerian.
2629 5376 2759 5448 Reg.
2793 5373 3105 5431 Goblerian.
3134 5371 3282 5430 Felc.
3317 5372 3342 5427 1
3381 5381 3436 5428 ει
3467 5370 3520 5426 5.

1943 5445 2000 5504 In
2024 5445 2155 5505 aliis
2184 5458 2238 5504 et
2269 5445 2427 5504 editis
2451 5447 2544 5502 καί
2575 5445 2744 5502 deest.

2017 5542 2130 5615 (2‘2,
2161 5542 2504 5664 Seguerian.,
2562 5537 2807 5603 πολλούς.
2847 5537 3018 5593 Paulo
3052 5547 3174 5618 pos}
3204 5537 3370 5607 idem,
3415 5537 3528 5591 τῶν

2017 5612 2174 5664 ιαωῶν
2201 5612 2231 5664 λ
2265 5628 2438 5664 γεται.
2465 5611 2586 5664 Mox
2610 5611 2774 5664 idem.
2798 5609 3016 5664 κτίσματι
3030 5609 3184 5663 Θεου.

1947 5609 2174 5684 γραφῶν
2201 5609 2438 5681 λέγεται.
2465 5611 2586 5666 Mox
2610 5611 2774 5676 idem,
2798 5609 3016 5681 κτίσμαρ
3030 5609 3184 5663 Θεοῦ.

2023 5706 2138 5776 (25)
2172 5701 2504 5771 Basiliensis,
2536 5701 2832 5774 ἀῖδιότητα.
