3840 6220
291 290 397 345 279

859 288 917 344 S.
959 283 1328 341 ATHANASII
1358 283 1510 340 OPP.
1551 283 1731 338 PARS
1766 282 1804 339 l.
1846 314 1914 323 ——
1953 281 2324 341 HISTORICA
2363 285 2452 341 ET
2494 284 2912 342 DOGMATICA.

3443 280 3554 340 2:0

288 410 458 463 virtut
484 418 533 462 et
558 407 657 462 Dei
683 407 946 476 sapientia
960 407 1004 460 θ.
1035 404 1134 459 Et:
1170 403 1272 458 Hic
1300 414 1375 457 est
1409 402 1582 458 Filius
1616 419 1758 456 meus
1787 403 1868 456 di-

1984 417 2082 456 του
2127 402 2417 472 διαμένει·
2478 404 2593 467 καὶ,
2638 404 2734 456 Ἐν
2784 401 2945 471 ἀρχῇ
2989 397 3069 471 ἦν
3115 404 3149 455 ό
3192 401 3380 470 Λόγος
3409 401 3547 470 (Ξί),

289 502 538 556 lectus“.
579 500 684 555 Et:
720 498 798 554 Tu
843 515 900 553 es
931 497 1176 552 Christus
1219 496 1398 552 Filius
1431 497 1530 550 Dei
1562 497 1857 551 uiuentis”.

292 591 688 664 Primogenitus
726 600 907 645 autem
940 588 1240 659 appellatur
1271 604 1339 642 ex
1371 604 1584 644 summa
1615 602 1712 644 sua
1735 602 1864 658 erga

294 693 530 738 creatam
579 693 829 737 naturam
878 681 1257 737 humanitate:
1299 680 1418 750 ejus
1454 680 1652 751 quippe
1687 680 1866 734 dictus

293 773 456 828 etiam
484 781 569 829 est
595 772 1014 844 primogenitus.
1054 769 1300 825 Dictione
1342 780 1546 834 autem,
1580 770 1775 824 creavit
1798 769 1865 838 η,

292 867 631 938 signiﬁcatur
655 867 828 938 gratia
861 881 1027 937 quam
1063 866 1118 918 in
1139 879 1303 935 opera
1326 864 1556 919 contulit
1583 880 1597 919 :
1632 878 1866 932 namque

294 959 349 1012 in
385 958 474 1012 illa
492 964 730 1013 creatur.
757 956 816 1011 Si
845 971 974 1027 ergo
1000 954 1325 1025 Unigenitus
1347 963 1432 1008 est
1455 955 1530 1008 uti
1555 968 1741 1008 revera
1760 961 1864 1016 est,

293 1064 398 1102 vox
426 1048 551 1114 ista,
578 1047 981 1118 primogenitae,
1011 1056 1096 1102 est
1125 1062 1254 1102 sane
1297 1045 1642 1116 explicanda.
1674 1041 1780 1097 Sed
1819 1042 1867 1097 si

292 1140 686 1211 primogenitus
738 1149 844 1203 est,
894 1137 1218 1210 Unigenitus
1237 1137 1345 1192 dici
1375 1152 1483 1192 non
1511 1136 1688 1191 debet.
1722 1133 1867 1190 Idem

292 1231 439 1284 enim
467 1245 575 1284 non
599 1238 780 1299 potest
825 1229 1149 1300 Unigenitus
1184 1237 1240 1282 et
1280 1227 1676 1300 primogenitus
1721 1240 1866 1287 esse,

292 1322 402 1376 nisi
428 1321 497 1376 ad
528 1321 746 1378 diversa
769 1323 1046 1392 respiciat,
1083 1322 1158 1378 ita
1185 1331 1244 1378 ut
1279 1320 1607 1392 Unigenitus
1647 1319 1866 1389 quidem

293 1411 528 1477 dicatur,
557 1419 826 1481 quatenus
849 1426 914 1466 ex
948 1410 1110 1466 Patre
1138 1412 1356 1483 genitus
1374 1420 1479 1475 est,
1515 1408 1869 1480 quemadmo-

293 1501 424 1556 dum
461 1499 664 1558 dictum
691 1511 813 1559 est:
846 1503 1242 1575 primogenitus
1268 1518 1419 1568 vero,
1445 1510 1716 1572 qua-tenus
1754 1501 1869 1555 sin-

295 1596 474 1664 gulari
500 1610 629 1666 erga
664 1605 902 1650 creatam
932 1606 1186 1651 naturam
1217 1596 1552 1666 benignitate
1593 1609 1724 1650 usus
1762 1603 1865 1657 est,

296 1684 608 1756 multosque
653 1685 757 1741 sibi
802 1683 1002 1741 fratres
1051 1685 1304 1741 reddidit.
1354 1683 1546 1752 Certe,
1593 1697 1720 1742 cum
1759 1683 1869 1738 duo

1968 494 2065 548 καὶ
2092 497 2128 548 ό
2151 496 2342 565 Λόγος
2358 491 2440 565 ἦν
2464 495 2614 562 πρὸς
2632 494 2740 548 τὸν
2765 495 2913 548 Θεόν
2928 512 2941 526 ·
2976 494 3087 556 καὶ,
3117 494 3368 561 Χριστὸς
3397 495 3549 548 Θεοῦ

1963 582 2213 652 δύναμις
2266 583 2366 636 καί
2416 582 2565 636 Θεοῦ
2612 583 2836 651 σοφία·
2900 583 3014 645 καὶ,
3073 577 3262 648 οὗτός
3298 582 3470 636 ἐστιν
3515 585 3551 635 ό

1973 675 2104 741 Υἱός
2135 692 2254 743 μου
2282 677 2316 729 ό
2350 675 2683 744 ἀγαπητός·
2736 673 2851 738 καὶ,
2896 673 2980 726 Σὺ
3030 669 3090 726 εἷ
3131 675 3164 726 ό
3198 673 3476 740 Χριστὸς,
3513 677 3549 726 ό

1972 767 2106 832 Υἱὸς
2150 767 2255 820 τοῦ
2307 767 2455 820 Θεοῦ
2501 763 2738 830 ζῶντος.
2779 765 2852 816 Τὸ
2899 763 2978 828 δὲ,
3027 763 3418 830 πρωτότοκος,
3466 765 3547 823 είς

1963 858 2062 928 τὴν
2088 856 2262 911 κτίσιν
2309 857 2420 927 ἔχει
2463 857 2562 926 τὴν
2611 854 3014 925 συγκατάὸασιν
3045 851 3193 925 (25)’
3227 854 3392 925 αὐτῆς
3437 854 3547 923 γὰρ

1964 949 2058 1002 καὶ
2103 950 2445 1020 πρωτότοκος
2484 947 2698 1019 ἐλέχθη.
2742 946 2852 1000 Καὶ
2887 946 2968 1010 τὸ,
3013 945 3237 1009 ἔκτισε,
3269 945 3326 998 δὲ
3366 946 3445 1009 είς
3476 945 3548 997 τά

1965 1040 2100 1111 ἔργα
2131 1040 2230 1111 τὴν
2259 1040 2418 1113 χάριν
2448 1039 2590 1110 ἔχει·
2637 1040 2717 1103 είς
2750 1037 2890 1093 αὐτὰ
2923 1038 3030 1111 γὰρ
3063 1038 3157 1092 καὶ
3186 1037 3451 1101 κτίζεται.
3479 1038 3546 1090 Ei

1969 1131 2068 1202 μὲν
2099 1128 2191 1184 οὖν
2215 1131 2523 1202 Μονογενής
2563 1130 2710 1182 ἐστιν
2745 1127 2876 1199 (26),
2906 1129 3093 1201 ὥσπερ
3125 1125 3216 1182 οὖν
3245 1128 3337 1181 καὶ
3373 1128 3543 1190 ἐστιν,
3589 1129 3592 1132 ’

1965 1221 2348 1294 ἐρμηνευέσθω
2392 1221 2490 1284 τὸ,
2537 1222 2940 1289 πρωτότοκοςο
2999 1222 3048 1273 εί
3099 1219 3156 1272 δὲ
3200 1219 3549 1290 πρωτότοκός

1967 1317 2102 1378 ἐστι,
2141 1313 2216 1384 μὴ
2245 1313 2383 1366 ἔστω
2409 1313 2739 1383 Μονογενής.
2786 1313 2861 1364 Οὐ
2900 1309 3118 1364 δύναται
3158 1311 3267 1383 γὰρ
3311 1313 3340 1364 ὁ
3384 1311 3548 1375 αὐτὸς

1965 1406 2273 1476 Μονογενής
2299 1423 2358 1458 τε
2389 1405 2482 1458 καὶ
2512 1404 2852 1476 πρωτότοκος
2879 1399 3041 1470 εἶναι,
3087 1405 3135 1456 εί
3167 1403 3241 1474 μὴ
3271 1404 3377 1475 ἄρα
3409 1401 3550 1474 πρὸς

1965 1497 2092 1552 ἄλλο
2123 1498 2216 1550 καὶ
2241 1497 2393 1550 ἄλλο·
2439 1498 2523 1550 ἵνα
2548 1497 2860 1570 Μονογενὴς
2905 1497 3002 1568 μὲν
3049 1496 3134 1550 διὰ
3190 1495 3289 1567 τὴν
3330 1499 3394 1549 ἐκ
3431 1497 3550 1549 [Ias

1965 1590 2091 1661 τρὸς
2137 1589 2407 1659 γέννησιν,
2446 1587 2635 1660 ὥσπερ
2687 1590 2920 1661 εἴρηται,
2973 1588 3313 1660 πρωτότοκος
3357 1588 3414 1641 δὲ
3459 1587 3550 1641 διὰ

1969 1683 2069 1752 τὴν
2097 1683 2178 1745 είς
2203 1683 2303 1753 τὴν
2350 1681 2525 1735 κτίσιν
2566 1681 2992 1750 συγκατάϐασιν,
3031 1682 3124 1734 καὶ
3160 1680 3256 1753 τὴν
3285 1679 3391 1733 τῶν
3421 1679 3555 1733 πολ-

295 1775 388 1832 illa
415 1778 639 1831 nomina
669 1774 813 1831 inter
843 1791 905 1832 se
935 1776 1047 1833 sint
1081 1777 1380 1844 contraria,
1415 1775 1559 1830 haud
1596 1774 1870 1832 immerito

1984 1771 2076 1823 τῶν
2115 1769 2532 1840 άδελφοποίησιν
2581 1767 2714 1842 (27).
2760 1769 3005 1842 Ἀμέλει,
3059 1769 3168 1823 τῶν
3213 1769 3305 1823 δύο
3335 1769 3555 1823 τούτων

185 1941 189 1945 γ
295 1869 473 1938 possit
495 1867 754 1924 aﬂirmari
781 1883 982 1924 nomen
1001 1866 1280 1940 Unigeniti
1312 1869 1529 1939 proprie
1551 1867 1723 1937 magis
1744 1864 1874 1921 Ver-

296 1957 369 2013 bo
397 1959 694 2014 convenire
723 1957 1170 2030 quandoquidem
1199 1959 1410 2014 nullum
1451 1959 1598 2014 aliud
1625 1967 1710 2013 est
1745 1956 1874 2012 Ver-

300 2048 454 2111 bum,
476 2048 626 2102 nulla
654 2047 758 2103 alia
786 2047 1076 2117 sapientia,
1119 2048 1215 2104 sed
1264 2049 1417 2104 solus
1453 2049 1568 2119 ipse
1596 2063 1758 2103 verus
1791 2055 1874 2102 est

298 2137 477 2196 Patris
497 2139 690 2195 Filius.
723 2137 961 2207 Etenim,
995 2146 1057 2192 ut
1081 2153 1245 2209 supra
1266 2139 1694 2206 observavimus,
1723 2138 1872 2193 nulla

299 2231 558 2300 adjuncta
611 2245 800 2294 causa,
841 2231 936 2287 sed
965 2230 1212 2285 absolute
1259 2231 1326 2286 de
1377 2229 1470 2286 illo
1515 2229 1720 2286 dictum
1765 2239 1868 2294 est,

297 2319 608 2391 Unigenitus
643 2319 820 2375 Filius
847 2321 937 2392 qui
966 2329 1043 2374 est
1066 2321 1120 2374 in
1155 2319 1274 2374 sinu
1326 2319 1506 2376 Patris
1532 2322 1596 2375 ³³.
1637 2322 1706 2375 At
1746 2336 1870 2376 cum

293 2414 672 2483 primogenitus
746 2411 988 2479 dicitur,
1063 2428 1230 2468 causa
1286 2414 1633 2481 annectitur,
1691 2423 1872 2468 creata

299 2521 495 2576 nempe
521 2515 740 2573 natura,
789 2515 851 2562 ut
877 2505 1080 2562 Paulus
1127 2507 1244 2576 ipse
1276 2507 1364 2562 bis
1408 2507 1614 2562 indicat
1651 2506 1829 2562 verbis
1853 2547 1870 2572 ,

296 2594 436 2661 Quia
460 2595 513 2648 in
531 2595 646 2666 ipso
675 2611 852 2650 creata
881 2606 1005 2651 sunt
1019 2595 1184 2667 420
1202 2597 1379 2650 omnia
1399 2595 1462 2650 ¹⁸.
1485 2594 1539 2650 Si
1563 2611 1725 2665 porro
1754 2596 1874 2650 uni-

297 2701 468 2743 versae
495 2702 585 2742 res
634 2697 850 2751 creatae,
881 2687 935 2740 in
983 2689 1076 2744 illo
1117 2698 1246 2744 sunt
1292 2696 1508 2753 creatae,
1558 2689 1698 2744 alius
1727 2697 1873 2744 certe

296 2785 381 2832 est
421 2793 451 2832 a
499 2778 665 2834 rebus
709 2779 926 2847 creatis,
977 2795 1078 2835 nec
1121 2781 1238 2851 ipse
1273 2795 1362 2837 res
1395 2789 1480 2836 est
1520 2789 1728 2848 creata,
1775 2779 1870 2836 sed

297 2883 483 2924 rerum
509 2877 818 2926 crcatarum
853 2880 1092 2927 creator.

370 3047 460 3102 63.
494 3046 612 3103 Non
643 3064 774 3120 ergo
799 3050 1196 3123 primogenitus
1233 3061 1459 3109 vocatus
1498 3062 1602 3119 est,
1637 3054 1770 3125 quia:
1802 3068 1870 3108 ex

1972 1861 2154 1932 ῥητῶν
2181 1861 2569 1932 ἀντικειμένων
2610 1861 2876 1934 ἀλλήλοις,
2913 1865 3134 1933 κρατεῖν
3174 1860 3239 1914 άν
3273 1876 3358 1924 τις
3402 1859 3553 1912 εἴποι

1969 1954 2191 2018 δικαίως
2233 1956 2328 2008 ἐπὶ
2372 1954 2464 2009 τοῦ
2503 1954 2678 2025 Λόγου
2729 1953 2793 2009 τὸ
2842 1955 2937 2009 τοῦ
2971 1954 3311 2025 Μονογενοῦς
3351 1953 3554 2024 μᾶλλον

1974 2046 2187 2117 ίδίωμα,
2236 2047 2322 2101 διὰ
2362 2047 2424 2100 τὸ
2461 2048 2534 2118 μὴ
2575 2043 2713 2101 εἶναι
2754 2047 2943 2119 ἕτερον
2972 2047 3163 2116 Λόγον,
3199 2046 3234 2118 ἢ
3269 2047 3437 2117 ἄλλην
3471 2063 3558 2099 σο-

1971 2138 2118 2208 φίαν,
2150 2137 2285 2192 ἀλλὰ
2309 2137 2494 2193 τοῦτον
2527 2140 2681 2210 μόνον
2707 2138 2956 2210 ἀληθινὸν
2989 2136 3113 2192 Υἱδν
3147 2133 3286 2192 εἶναι
3312 2137 3407 2192 τοῦ
3438 2140 3557 2192 Πα-

1968 2229 2116 2301 τρός.
2151 2231 2260 2285 Καὶ
2293 2229 2421 2301 γὰρ,
2453 2229 2640 2302 ὥσπερ
2679 2229 2988 2302 ἔμπροσθεν
3030 2231 3265 2302 εἴρηται,
3313 2219 3371 2283 οὗ
3415 2230 3558 2300 μετά

1969 2339 2113 2386 τινος
2159 2322 2655 2394 συμπεπλεγμένης
2691 2323 2903 2387 αἰτίας,
2950 2321 3086 2375 ἀλλὰ
3135 2321 3559 2392 άπολελυμένως

1973 2417 2072 2488 μὲν
2097 2417 2208 2488 (28)
2233 2417 2444 2489 εἴρηται
2490 2417 2575 2469 ἐπ’
2605 2414 2768 2469 αὑτοῦ
2795 2415 2875 2480 τὸ,
2934 2415 2988 2468 '0
3025 2414 3368 2484 Μονογενὴς
3403 2414 3535 2482 Υἱὸς

1971 2509 2003 2560 ό
2029 2506 2115 2559 ὢν
2141 2509 2228 2572 εὶς
2252 2506 2357 2560 τὸν
2384 2507 2618 2561 κόλπον
2641 2506 2748 2561 τοῦ
2771 2507 3002 2574 Πατρός
3019 2523 3033 2537 ο
3066 2507 3127 2560 τὺ
3158 2507 3235 2570 δέ,
3267 2507 3562 2573 πρωτότο-

1970 2616 2095 2664 κος,
2135 2596 2627 2669 συμπεπλεγμένην
2664 2597 2777 2668 ἔχει
2823 2598 2984 2652 πάλιν
3035 2599 3135 2669 τὴν
3183 2597 3282 2666 τῆς
3324 2597 3562 2659 κτίσεως

1969 2690 2169 2752 αἰτίαν,
2199 2690 2266 2759 ἢν
2292 2691 2567 2760 ἐπήγαγεν
2595 2692 2624 2744 ὁ
2647 2689 2882 2753 1Παῦλος
2916 2689 3089 2759 λέγων
3109 2707 3122 2720 ο
3150 2689 3270 2742 Ὅτι
3301 2688 3371 2741 ἐν
3396 2685 3561 2751 αὐτῷ

1968 2783 2214 2850 ἐκτίσθη
2249 2783 2320 2837 τὰ
2365 2781 2578 2836 πάντα.
2614 2783 2678 2836 Εἰ
2710 2783 2768 2836 δὲ
2795 2781 2974 2836 πάντα
3011 2780 3078 2836 τὰ
3125 2781 3400 2850 κτίσματα
3444 2777 3559 2863 (29)

1970 2878 2028 2930 ἐν
2075 2875 2222 2947 αὐτῷ
2267 2875 2514 2946 ἐκτίσθη,
2569 2874 2726 2938 ἄλλος
2770 2874 2888 2929 ἐστὶ
2937 2873 3046 2928 τῶν
3090 2871 3423 2944 κτισμάτων,
3464 2887 3562 2940 καὶ

1970 2968 2176 3039 κτίσμα
2202 2968 2305 3038 μὲν
2329 2969 2431 3021 οὐκ
2456 2967 2592 3031 ἐστι,
2618 2967 2843 3039 κτίστης
2866 2965 2923 3020 δέ
2954 2965 3060 3019 τῶν
3079 2963 3396 3034 κτισμάτων
3424 2959 3558 3032 (50).

2037 3061 2125 3116 63.
2165 3061 2240 3114 Οὐ
2264 3059 2353 3114 διὰ
2379 3060 2440 3113 τὺ
2473 3062 2537 3114 ἐκ
2565 3059 2778 3131 Πατρὸς
2805 3059 2915 3130 ἄρα
2954 3056 3296 3127 πρωτότοκος
3331 3052 3558 3126 ἐκλήθη,

299 3137 458 3194 Patre
483 3148 567 3195 est
593 3143 826 3213 genitus,
873 3144 967 3200 sed
1011 3145 1143 3215 quia
1192 3143 1246 3198 in
1280 3145 1373 3201 illo
1405 3145 1562 3200 facta;
1610 3156 1739 3202 sunt
1784 3162 1870 3202 res

1984 3150 2108 3204 Ξιλλὰ
2149 3151 2236 3205 διὰ
2287 3151 2348 3204 τὸ
2396 3154 2454 3205 ἐν
2505 3150 2654 3222 αὐτῷ
2706 3148 3032 3220 γεγενῆσθαι
3075 3147 3174 3218 τὴν
3221 3147 3563 3232 κτίσιν.ΫΚαὶ

301 3242 514 3290 creata.
566 3236 838 3302 Quocirca
862 3238 1323 3308 quemadmodum
1367 3248 1493 3294 ante
1530 3255 1619 3295 res
1659 3249 1868 3295 creatas

303 3325 420 3395 ipse
451 3334 570 3382 erat
611 3326 781 3384 Filius
809 3344 904 3398 per
951 3345 1116 3400 quem
1154 3346 1242 3386 res
1280 3339 1475 3386 creatae
1513 3330 1671 3386 factae
1702 3341 1871 3385 sunt:

302 3418 377 3472 ita
401 3427 693 3490 antequam
726 3421 1123 3492 primogenitus
1152 3423 1400 3478 omnium
1439 3437 1618 3477 rerum
1661 3433 1873 3479 creata-

299 3525 423 3566 rum
467 3510 647 3568 dictus
697 3521 800 3576 est,
849 3513 1208 3571 nihilominus
1256 3513 1433 3584 ipsum
1474 3513 1714 3570 Verbum
1756 3525 1874 3570 erat

303 3603 444 3674 apud
475 3602 668 3668 Deum,
704 3613 757 3659 et
785 3604 926 3661 Deus
955 3616 1073 3661 erat
1104 3604 1361 3662 Verbum.
1397 3605 1598 3662 Verum
1629 3621 1692 3661 ea
1720 3607 1872 3676 impii

304 3709 428 3750 cum
459 3711 566 3750 non
589 3697 912 3766 intelligant,
935 3699 1050 3753 haec
1076 3697 1374 3754 dictitando
1401 3699 1869 3756 circumcursant:

306 3785 362 3838 Si
414 3786 656 3842 omnium
707 3803 888 3842 rerum
951 3796 1256 3844 creatarum
1311 3791 1707 3860 primogenitus
1749 3797 1873 3855 est,

305 3875 546 3946 profecto
568 3878 684 3947 ipse
709 3894 925 3949 quoque
954 3895 1060 3933 una
1081 3889 1209 3934 este
1231 3881 1396 3936 rebus
1419 3883 1636 3938 creatis.
1673 3881 1871 3938 Stulti!

306 3984 430 4023 nam
483 3979 704 4034 contra,
751 3971 796 4025 si
845 3972 1089 4026 omnium
1134 3973 1294 4042 plane
1344 3988 1526 4028 rerum
1567 3983 1874 4030 creatarum

305 4061 702 4132 primogenitus
742 4070 844 4125 est,
889 4077 1018 4132 ergo
1055 4063 1194 4117 alius
1241 4072 1324 4118 est
1355 4079 1386 4118 a
1435 4066 1596 4119 rebus
1624 4067 1878 4122 omnibus

309 4151 527 4206 creatis.
562 4151 672 4207 Nec
711 4153 857 4207 enim
889 4153 1047 4217 dixit,
1083 4154 1478 4226 primogenitus
1515 4157 1744 4212 aliarum
1792 4173 1880 4212 re-

308 4260 431 4298 rum
467 4252 798 4310 creatarum,
841 4262 912 4301 ne
957 4255 1215 4317 tanquam
1255 4264 1362 4303 una
1396 4263 1426 4302 e
1470 4249 1633 4304 rebus
1681 4251 1881 4306 creatis

307 4351 428 4392 esse
479 4345 797 4406 putaretur:
830 4339 923 4394 sed
965 4341 1227 4408 scriptum
1271 4350 1374 4405 est,
1423 4342 1656 4395 omnium
1706 4359 1882 4396 rerum

309 4438 631 4498 creaturam,
668 4443 727 4486 ut
755 4431 894 4488 alius
922 4431 990 4487 ab
1023 4433 1130 4488 illis
1158 4448 1278 4489 esse
1311 4435 1708 4491 ostenderetur.
1743 4435 1883 4494 Hinc

383 4579 405 4609 ⁹
438 4576 457 4629 1
482 4575 608 4631 Cor.
647 4594 686 4641 ι,
709 4577 800 4630 24.

919 4578 962 4610 ¹⁰
991 4577 1180 4634 Matth.
1224 4595 1308 4646 in,
1362 4581 1462 4647 i7;
1507 4597 1641 4646 avri,
1695 4581 1750 4636 5.

311 4649 355 4683 ⁸⁸
387 4649 598 4704 Coloss.
628 4665 668 4714 ι,
702 4648 788 4701 16.
1393 4669 1396 4674 -

1857 4582 1896 4614 ¹¹
1925 4581 2118 4636 Matth.
2151 4595 2262 4639 va.
2300 4577 2386 4632 16.

1972 3242 2160 3314 ὥσπερ
2186 3242 2292 3314 πρὸ
2325 3243 2424 3314 τῆς
2468 3243 2699 3307 κτίσεως
2727 3238 2796 3314 ἦν
2829 3242 2990 3305 αὐτὸς
3029 3241 3058 3292 ὁ
3103 3239 3250 3302 Υἱὸς,
3285 3239 3349 3291 δι’
3381 3231 3442 3292 οὗ
3468 3237 3565 3306 γέ-

1973 3350 2128 3402 γονεν
2182 3333 2216 3404 ή
2265 3332 2475 3396 κτίσιςο
2511 3331 2653 3386 οὕτω
2698 3333 2793 3386 καὶ
2841 3331 2949 3402 πρὸ
2996 3327 3088 3382 τοῦ
3134 3327 3398 3400 κληθῆναι
3449 3325 3563 3396 (51)

1973 3428 2319 3499 πρωτότοκος
2345 3428 2525 3498 πάσης
2557 3427 2655 3497 τῆς
2695 3424 2949 3487 κτίσεως,
2990 3417 3059 3493 ἦν
3091 3420 3241 3474 οὐδὲν
3279 3415 3440 3490 ἧττον
3468 3418 3566 3470 αὺ-

1973 3519 2064 3582 τὸς
2093 3519 2121 3570 ὁ
2154 3518 2325 3586 Λόγος
2367 3516 2503 3587 πρὸς
2548 3515 2639 3569 τὸν
2681 3513 2836 3578 Θεὸν,
2880 3511 2975 3566 καὶ
3017 3511 3150 3574 Θεὸς
3196 3505 3264 3580 ἦν
3303 3511 3332 3562 ὁ
3369 3509 3564 3576 Λόγος.

1987 3609 2144 3663 Ἀλλὰ
2171 3610 2264 3663 καὶ
2301 3607 2458 3662 τοῦτο
2494 3606 2567 3679 μὴ
2608 3607 2900 3678 νοήσαντες
2922 3605 2972 3657 οἱ
3018 3602 3319 3666 δυσσεϐεῖς,
3351 3601 3572 3671 περιέρ-

1975 3720 2157 3773 χονται
2183 3702 2459 3772 λέγοντες·
2490 3701 2554 3754 Εἰ
2583 3699 2923 3772 πρωτότοκός
2950 3699 3064 3750 ἐστι
3093 3697 3274 3767 πάσης
3308 3694 3567 3758 κτίσεως,

1976 3796 2131 3866 δῆλον
2186 3797 2267 3849 ὅτι
2298 3795 2394 3848 καὶ
2423 3794 2582 3856 αὐτὸς
2612 3789 2692 3856 εἷς
2725 3794 2840 3845 ἐστι
2858 3791 2957 3862 τῆς
2990 3790 3238 3852 κτίσεως.
3269 3787 3567 3858 Ἀφρονεςι

1977 3890 2026 3941 εἰ
2044 3887 2179 3952 ὅλως
2199 3888 2380 3958 πάσης
2398 3887 2497 3957 τῆς
2517 3886 2750 3948 κτίσεως
2770 3882 2881 3954 (52)
2905 3881 3244 3953 πρωτότοκος
3270 3881 3437 3942 ἐστιν,
3462 3877 3574 3948 ἄρα

1979 3978 2160 4048 πάσης
2189 3978 2285 4048 τῆς
2313 3976 2546 4038 κτίσεως
2576 3974 2732 4037 ἄλλος
2763 3973 2928 4026 ἐστίν.
2949 3973 3023 4024 Οὐ
3049 3971 3156 4042 γὰρ
3183 3970 3392 4042 εἴρηκε,
3417 3987 3575 4041 πρωο

1978 4069 2195 4132 τότοκός
2217 4070 2331 4122 ἐστι
2360 4067 2467 4120 τῶν
2489 4065 2663 4120 ἄλλων
2689 4065 2800 4136 (55)
2819 4063 3151 4134 κτισμάτων,
3173 4063 3257 4116 ἴνα
3285 4061 3358 4132 μὴ
3381 4061 3457 4124 ὡς
3490 4055 3575 4124 εἷς

1979 4158 2087 4213 τῶν
2105 4158 2419 4228 κτισμάτων
2432 4154 2571 4210 εἶναι
2582 4173 2641 4210 νο
2649 4155 2809 4227 μισθῇ
2819 4174 2829 4183 ·
2840 4154 2972 4208 ἀλλὰ
2985 4152 3187 4220 πάσης
3201 4152 3306 4220 τῆς
3320 4153 3576 4217 κτίσεως

1981 4255 2306 4326 γέγραπται,
2325 4251 2412 4305 ἵνα
2431 4249 2588 4313 ἄλλος
2606 4249 2706 4320 τῆς
2725 4246 2953 4310 κτίσεως
2973 4242 3113 4300 εἶναι
3135 4244 3341 4315 δειχθῇ.
3360 4245 3417 4296 Ὀ
3439 4243 3574 4312 γοῦν

1994 4344 2222 4416 Ῥουϐὴν
2256 4341 2365 4413 (54)
2381 4343 2481 4396 οὐκ
2509 4341 2722 4412 εἴρηται
2748 4340 3087 4411 πρωτότοκος
3116 4337 3330 4391 πάντων
3354 4335 3463 4388 τῶν
3485 4335 3576 4387 τέ-

1984 4455 2124 4492 κνων
2150 4434 2241 4488 τοῦ
2272 4432 2486 4497 Ἰακὼϐ,
2509 4432 2624 4486 ἀλλ’
2643 4431 2806 4484 αὐτοῦ
2835 4429 2928 4484 τοῦ
2965 4428 3156 4482 Ἰακὼὸ
3179 4429 3273 4482 καὶ
3296 4427 3402 4481 τῶν
3428 4426 3578 4480 ἁδελ-

2499 4576 2541 4606 ¹¹
2572 4571 2730 4628 Prov.
2771 4586 2889 4637 VIII,
2918 4569 3008 4624 τε.
3117 4569 3160 4599 ¹³
3187 4567 3344 4622 Joan.
3387 4581 3428 4633 ι,
3484 4564 3573 4619 18.

378 4773 492 4845 (24)
521 4768 842 4845 ngnerian.
864 4767 1176 4824 Goblerian.
1194 4775 1250 4845 et
1277 4769 1425 4845 Ἑξῆς.
1458 4760 1778 4845 l,_omittnnt
1800 4768 1874 4821 κα⁴

2208 4763 2517 4845 Qnglican”
2546 4761 2762 4845 κτιστά.

306 4847 366 4900 ἐν
384 4837 628 4915 ’ἀρχῇᾔῆν
662 4844 692 4894 ὁ
708 4841 929 4915 ⁸Λόγος,
961 4855 1068 4915 nec
1094 4854 1157 4915 ea
1177 4839 1323 4915 “legit
1346 4837 1612 4915 Nannius.

378 4908 666 4979 (2'53"Felc.
701 4912 736 4966 2
765 4908 830 4966 et,
846 4911 997 4976 editi,
1025 4908 1345 4963 κατάϐασιν.
1371 4909 1475 4961 Alii
1514 4924 1672 4972 mss.,
1701 4923 1897 4976 συγκα-

306 4986 558 5041 τάῦασιν.

381 5055 496 5117 (εδ)
541 5053 632 5106 Sic
663 5053 984 5121 Segucrian.
1010 5049 1145 5118 Reg.
1183 5049 1390 5118 Anglic.
1423 5057 1495 5121 et_
1521 5047 1666 5121 Felc‘.
1794 5046 1897 5100 Sed

310 5127 521 5193 Anglic.
554 5125 617 5177 τό
646 5117 850 5177 omittit
901 5117 1421 5193 anterrpwtd'toxog.
1457 5117 1687 5193 [θείᾳ-2,
1718 5119 1895 5193 Μονο-

309 5188 474 5266 γενής
507 5197 676 5252 ἐστιν,
715 5188 1490 5266 ἑρμηνευέσθωπρῳτότοκος.
1662 5188 1896 5241 eteditio

308 5258 580 5390 Cdocnimel.
597 5305 612 5329 ,
640 5267 689 5317 εἰ
720 5258 818 5335 μὲν
839 5258 932 5317 οὖν
955 5258 1261 5330 Μονογενής
1284 5261 1452 5326 ἐστιν,
1485 5258 1557 5329 μὴ
1581 5258 1720 5310 ἔστω
1741 5274 1889 5328 πρω-

309 5353 340 5388 τ
402 5352 547 5390 οκος.
815 5370 819 5374 τ

309 5352 527 5388 τοτοκΟε
533 5375 547 5388 .
815 5370 819 5374 τ

388 5353 849 5476 (ἒξῖςὲεευει-ἰθο.
905 5401 1040 5476 Reg.
1073 5400 1469 5476 G_oli_lerian._et
1511 5397 1654 5476 Feic.
1691 5398 1744 5458 1,
1770 5396 1802 5449 4
1836 5405 1888 5451 et

314 5479 367 5543 5,
396 5468 631 5538 addunt:
658 5475 754 5528 mi
789 5473 886 5545 τὴν
913 5468 1024 5545 τῶν
1045 5470 1255 5545 πολλῶ-ν
1291 5468 1745 5545 ’ἀδελφοποίησιῃ
1769 5484 1891 5538 qua:

314 5541 368 5602 in
400 5546 521 5600 aliis
555 5554 608 5599 et
636 5545 688 5598 in
717 5541 952 5600 editione
988 5541 1250 5597 Commel.
1274 5541 1488 5594 desunt.

387 5612 502 5686 (28)
553 5613 987 5686 SicASeguerian.
1008 5612 1225 5686 __Basili._
1250 5620 1302 5665 et
1325 5609 1476 5686 Felc_.
1500 5610 1553 5686 Ai.
1598 5607 1655 5686 I_n
1686 5609 1893 5686 al_ii§_et

314 5679 609 5750 editis'név
636 5679 805 5742 deest.
839 5683 970 5739 Ibid.
1003 5680 1320 5754 Seguerian.
1356 5692 1410 5737 et
1438 5680 1582 5738 Felc.
1610 5681 1663 5746 4,
1695 5679 1892 5751 τὸθΜο-

308 5757 556 5839 ,νογενήᾳ

2069 4825 2184 4901 (50)
2214 4825 2530 4902 Ξεξυονίοηζ
2561 4841 2616 4886 et
2655 4830 2813 4901 Reg.,
2871 4830 2980 4882 τῶν
3030 4828 3267 4881 πάντων.
3334 4825 3478 4880 Editi
3525 4837 3581 4883 et

1998 4905 2110 4964 alii,
2143 4905 2250 4958 τῶν
2286 4904 2620 4974 κτισμάτων.

2069 4974 2178 5043 (51)
2214 4965 2533 5044 ΞειιζυειίίίιιιΖ
2562 4971 2873 5044 Felckman.
2897 4968 3084 5044 23M,
3123 4968 3228 5037 πρὸ
3255 4965 3576 5044 τοῦ-κληθῇ.

1996 5038 2883 5113 lbiil.Segiferian.Goblerianus,
2941 5039 3293 5113 Felcltmanni
3346 5038 3365 5088 1
3424 5047 3478 5088 ιι

1998 5117 2177 5185 πάσης
2231 5108 2339 5186 τῆς
2388 5112 2639 5176 κτίσεως.
2713 5111 2853 5166 Edili
2911 5120 2964 5165 et
3024 5110 3154 5170 alii,
3217 5108 3398 5175 πάσης
3458 5109 3581 5159 κτί-

1997 5203 2152 5248 σεως.

2066 5247 2177 5324 (52)
2215 5254 2532 5324 Seguerian.
2565 5252 2877 5324 Goblerian.
2914 5247 3153 5324 Felckm.
3209 5248 3234 5300 l
3273 5255 3325 5324 et
3351 5247 3403 5306 4,
3441 5247 3581 5324 ὅλως

1994 5317 2176 5396 πάσης
2217 5317 2962 5396 τῆς,κτίσεωςη-Βοείίὶειιε.
3015 5320 3176 5396 item,
3233 5317 3417 5396 πάσης
3479 5319 3581 5396 τῆς

1992 5387 2242 5458 κτίσεως.
2275 5387 2437 5448 Ἐάἰιί
2497 5404 2551 5448 et
2597 5393 2713 5456 alii,
2768 5393 2816 5444 εἰ
2870 5390 3006 5452 ὅλως
3066 5387 3176 5460 ἄρα
3228 5388 3408 5455 πάσης
3461 5389 3582 5466 κτίέ

1993 5483 2148 5526 σεως.

2068 5525 2180 5601 (33)
2235 5533 2548 5588 Goblerian.
2605 5531 2756 5601 Felc.
2838 5531 2889 5601 1.
2939 5529 3158 5601 πάντων
3211 5525 3320 5580 τῶν
3345 5525 3572 5601 Βἄλλων.

1994 5592 2129 5659 Ibid.
2157 5592 2405 5670 Segner..
2445 5603 2518 5674 μὴ
2549 5602 2649 5674 *ὡς
2681 5598 2761 5674 εἷς
2799 5600 2905 5652 τῶν
2953 5599 3294 5674 *κτισμάτωνΔ
3309 5592 3459 5674 εἶναι
3494 5613 3583 5654 γο-

1999 5677 2184 5749 μισθῇ.
2210 5666 2380 5749 βιιὶίί,
2630 5666 3360 5749 τῶνῄκτισμάτωννρμισθῇ.

2073 5736 2181 5819 (55)
2209 5736 2432 5814 Regius,
2463 5736 2626 5800 Basil.
2659 5755 2710 5798 et
2734 5742 2877 5798 Felc.
2898 5736 2966 5808 ’1,
3001 5738 3232 5793 Ῥουείν.
