  <div class='ocr_page' id='page_1' title='image "/cluster/home/n/w/nwhite01/storage/ocr_20150623/26/nnc1.0046978577/149.png"; bbox 0 0 3840 6220; ppageno 0'>
   <div class='ocr_carea' id='block_1_1' title="bbox 306 307 417 362">
    <p class='ocr_par' dir='ltr' id='par_1_1' title="bbox 306 307 417 362">
     <span class='ocr_line' id='line_1_1' title="bbox 306 307 417 362; baseline 0 0"><span class='ocrx_word' id='word_1_1' title='bbox 306 307 417 362; x_wconf 73' lang='grc'><strong>985</strong></span> 
     </span>
    </p>
   </div>
   <div class='ocr_carea' id='block_1_2' title="bbox 880 304 2978 377">
    <p class='ocr_par' dir='ltr' id='par_1_2' title="bbox 880 304 2978 377">
     <span class='ocr_line' id='line_1_2' title="bbox 880 304 2978 377; baseline 0.003 -16"><span class='ocrx_word' id='word_1_2' title='bbox 880 305 937 361; x_wconf 90' lang='lat' dir='ltr'><strong>S.</strong></span> <span class='ocrx_word' id='word_1_3' title='bbox 979 304 1347 363; x_wconf 71' lang='lat' dir='ltr'><strong>ATIIANASH</strong></span> <span class='ocrx_word' id='word_1_4' title='bbox 1386 306 1539 364; x_wconf 83' lang='lat' dir='ltr'><strong>OPP.</strong></span> <span class='ocrx_word' id='word_1_5' title='bbox 1580 307 1763 363; x_wconf 77' lang='lat' dir='ltr'><strong>PARS</strong></span> <span class='ocrx_word' id='word_1_6' title='bbox 1799 308 1839 365; x_wconf 85' lang='grc' dir='ltr'>Ι.</span> <span class='ocrx_word' id='word_1_7' title='bbox 1879 339 1948 350; x_wconf 94' lang='lat'><strong>-—</strong></span> <span class='ocrx_word' id='word_1_8' title='bbox 1987 307 2357 365; x_wconf 81' lang='lat' dir='ltr'><strong>HlSTORlCA</strong></span> <span class='ocrx_word' id='word_1_9' title='bbox 2395 307 2483 364; x_wconf 87' lang='lat' dir='ltr'><strong>ET</strong></span> <span class='ocrx_word' id='word_1_10' title='bbox 2524 308 2978 377; x_wconf 77' lang='lat' dir='ltr'><strong>DOGMATICA.-,</strong></span> 
     </span>
    </p>
   </div>
   <div class='ocr_carea' id='block_1_3' title="bbox 3462 311 3573 367">
    <p class='ocr_par' dir='ltr' id='par_1_3' title="bbox 3462 311 3573 367">
     <span class='ocr_line' id='line_1_3' title="bbox 3462 311 3573 367; baseline -0.027 0"><span class='ocrx_word' id='word_1_11' title='bbox 3462 311 3573 367; x_wconf 73' lang='grc' dir='ltr'><strong>εει</strong></span> 
     </span>
    </p>
   </div>
   <div class='ocr_carea' id='block_1_4' title="bbox 311 421 1910 499">
    <p class='ocr_par' dir='ltr' id='par_1_4' title="bbox 311 421 1888 491">
     <span class='ocr_line' id='line_1_4' title="bbox 311 421 1888 491; baseline 0.001 -15"><span class='ocrx_word' id='word_1_12' title='bbox 311 438 372 476; x_wconf 82' lang='lat' dir='ltr'><strong>se</strong></span> <span class='ocrx_word' id='word_1_13' title='bbox 397 437 463 476; x_wconf 78' lang='lat' dir='ltr'><strong>r0</strong></span> <span class='ocrx_word' id='word_1_14' title='bbox 492 435 884 491; x_wconf 79' lang='lat' dir='ltr'><strong>progressuros</strong></span> <span class='ocrx_word' id='word_1_15' title='bbox 921 431 979 475; x_wconf 88' lang='lat' dir='ltr'><strong>ut</strong></span> <span class='ocrx_word' id='word_1_16' title='bbox 1006 421 1158 474; x_wconf 87' lang='lat' dir='ltr'><strong>illum</strong></span> <span class='ocrx_word' id='word_1_17' title='bbox 1189 422 1476 476; x_wconf 87' lang='lat' dir='ltr'><strong>brutarum</strong></span> <span class='ocrx_word' id='word_1_18' title='bbox 1526 424 1888 478; x_wconf 82' lang='lat' dir='ltr'><strong>animantium</strong></span> 
     </span>
    </p>
   </div>
   <div class='ocr_carea' id='block_1_5' title="bbox 2016 421 3566 499">
    <p class='ocr_par' dir='ltr' id='par_1_5' title="bbox 2016 423 3566 499">
     <span class='ocr_line' id='line_1_5' title="bbox 2016 423 3566 499; baseline 0.001 -21"><span class='ocrx_word' id='word_1_19' title='bbox 2016 442 2106 491; x_wconf 63' lang='grc' dir='ltr'>των</span> <span class='ocrx_word' id='word_1_20' title='bbox 2133 425 2228 478; x_wconf 77' lang='grc' dir='ltr'><strong>καὶ</strong></span> <span class='ocrx_word' id='word_1_21' title='bbox 2258 425 2368 478; x_wconf 86' lang='grc' dir='ltr'>τῶν</span> <span class='ocrx_word' id='word_1_22' title='bbox 2399 424 2622 496; x_wconf 63' lang='grc' dir='ltr'>ἀιῖιύχων</span> <span class='ocrx_word' id='word_1_23' title='bbox 2660 424 2823 478; x_wconf 75' lang='grc' dir='ltr'>αὐτὸν</span> <span class='ocrx_word' id='word_1_24' title='bbox 2853 423 2963 498; x_wconf 62' lang='lat'>(£5)</span> <span class='ocrx_word' id='word_1_25' title='bbox 2999 425 3226 496; x_wconf 78' lang='grc' dir='ltr'>ἀδελφὸν</span> <span class='ocrx_word' id='word_1_26' title='bbox 3259 426 3352 479; x_wconf 74' lang='grc' dir='ltr'><strong>καὶ</strong></span> <span class='ocrx_word' id='word_1_27' title='bbox 3377 429 3566 499; x_wconf 77' lang='grc' dir='ltr'>ὅμοιον</span> 
     </span>
    </p>
   </div>
   <div class='ocr_carea' id='block_1_6' title="bbox 312 512 1894 583">
    <p class='ocr_par' dir='ltr' id='par_1_6' title="bbox 312 512 1894 583">
     <span class='ocr_line' id='line_1_6' title="bbox 312 512 1894 583; baseline 0.001 -15"><span class='ocrx_word' id='word_1_28' title='bbox 312 529 611 583; x_wconf 84' lang='lat' dir='ltr'><strong>rerumque</strong></span> <span class='ocrx_word' id='word_1_29' title='bbox 658 513 1082 569; x_wconf 87' lang='lat' dir='ltr'><strong>inanimatarum</strong></span> <span class='ocrx_word' id='word_1_30' title='bbox 1124 512 1347 568; x_wconf 72' lang='lat' dir='ltr'><strong>fratrem</strong></span> <span class='ocrx_word' id='word_1_31' title='bbox 1403 524 1458 569; x_wconf 85' lang='lat' dir='ltr'><strong>et</strong></span> <span class='ocrx_word' id='word_1_32' title='bbox 1499 516 1733 571; x_wconf 83' lang='lat' dir='ltr'><strong>similem</strong></span> <span class='ocrx_word' id='word_1_33' title='bbox 1772 531 1894 570; x_wconf 88' lang='lat' dir='ltr'><strong>esse</strong></span> 
     </span>
    </p>
   </div>
   <div class='ocr_carea' id='block_1_7' title="bbox 311 603 1889 676">
    <p class='ocr_par' dir='ltr' id='par_1_7' title="bbox 311 603 1889 676">
     <span class='ocr_line' id='line_1_7' title="bbox 311 603 1889 676; baseline 0.001 -17"><span class='ocrx_word' id='word_1_34' title='bbox 311 606 631 673; x_wconf 76' lang='lat' dir='ltr'><strong>opinentur.</strong></span> <span class='ocrx_word' id='word_1_35' title='bbox 662 603 944 673; x_wconf 84' lang='lat' dir='ltr'><strong>Siquidem</strong></span> <span class='ocrx_word' id='word_1_36' title='bbox 978 605 1060 658; x_wconf 63' lang='lat' dir='ltr'><strong>hae</strong></span> <span class='ocrx_word' id='word_1_37' title='bbox 1089 620 1309 675; x_wconf 89' lang='lat' dir='ltr'><strong>quoque</strong></span> <span class='ocrx_word' id='word_1_38' title='bbox 1344 615 1529 676; x_wconf 87' lang='lat' dir='ltr'><strong>partes</strong></span> <span class='ocrx_word' id='word_1_39' title='bbox 1554 614 1682 662; x_wconf 87' lang='lat' dir='ltr'><strong>sunt</strong></span> <span class='ocrx_word' id='word_1_40' title='bbox 1706 621 1889 662; x_wconf 88' lang='lat' dir='ltr'><strong>rerum</strong></span> 
     </span>
    </p>
   </div>
   <div class='ocr_carea' id='block_1_8' title="bbox 315 695 1891 770">
    <p class='ocr_par' dir='ltr' id='par_1_8' title="bbox 315 695 1891 770">
     <span class='ocr_line' id='line_1_8' title="bbox 315 695 1891 770; baseline 0.003 -20"><span class='ocrx_word' id='word_1_41' title='bbox 315 697 566 750; x_wconf 89' lang='lat' dir='ltr'><strong>omnium</strong></span> <span class='ocrx_word' id='word_1_42' title='bbox 593 705 928 750; x_wconf 83' lang='lat' dir='ltr'><strong>creatarum.</strong></span> <span class='ocrx_word' id='word_1_43' title='bbox 972 695 1205 752; x_wconf 85' lang='lat' dir='ltr'><strong>Necesse</strong></span> <span class='ocrx_word' id='word_1_44' title='bbox 1236 705 1321 752; x_wconf 88' lang='lat' dir='ltr'><strong>est</strong></span> <span class='ocrx_word' id='word_1_45' title='bbox 1341 706 1522 752; x_wconf 81' lang='lat' dir='ltr'><strong>autem</strong></span> <span class='ocrx_word' id='word_1_46' title='bbox 1560 700 1891 770; x_wconf 85' lang='lat' dir='ltr'><strong>primogeni-</strong></span> 
     </span>
    </p>
   </div>
   <div class='ocr_carea' id='block_1_9' title="bbox 312 789 1897 860">
    <p class='ocr_par' dir='ltr' id='par_1_9' title="bbox 312 789 1897 860">
     <span class='ocr_line' id='line_1_9' title="bbox 312 789 1897 860; baseline 0.002 -17"><span class='ocrx_word' id='word_1_47' title='bbox 312 799 430 843; x_wconf 90' lang='lat' dir='ltr'><strong>tum</strong></span> <span class='ocrx_word' id='word_1_48' title='bbox 460 789 578 844; x_wconf 90' lang='lat' dir='ltr'><strong>solo</strong></span> <span class='ocrx_word' id='word_1_49' title='bbox 608 798 853 860; x_wconf 88' lang='lat' dir='ltr'><strong>tempore</strong></span> <span class='ocrx_word' id='word_1_50' title='bbox 882 789 1119 860; x_wconf 90' lang='lat' dir='ltr'><strong>primum</strong></span> <span class='ocrx_word' id='word_1_51' title='bbox 1155 805 1298 855; x_wconf 90' lang='lat' dir='ltr'><strong>esse,</strong></span> <span class='ocrx_word' id='word_1_52' title='bbox 1331 806 1527 860; x_wconf 77' lang='lat' dir='ltr'><strong>genere</strong></span> <span class='ocrx_word' id='word_1_53' title='bbox 1554 807 1685 847; x_wconf 89' lang='lat' dir='ltr'><strong>vero</strong></span> <span class='ocrx_word' id='word_1_54' title='bbox 1723 801 1778 848; x_wconf 89' lang='lat' dir='ltr'><strong>et</strong></span> <span class='ocrx_word' id='word_1_55' title='bbox 1820 794 1897 849; x_wconf 88' lang='lat' dir='ltr'><strong>si-</strong></span> 
     </span>
    </p>
   </div>
   <div class='ocr_carea' id='block_1_10' title="bbox 313 880 1899 952">
    <p class='ocr_par' dir='ltr' id='par_1_10' title="bbox 313 880 1899 952">
     <span class='ocr_line' id='line_1_10' title="bbox 313 880 1899 952; baseline 0.003 -18"><span class='ocrx_word' id='word_1_56' title='bbox 313 880 625 934; x_wconf 84' lang='lat' dir='ltr'><strong>militudine</strong></span> <span class='ocrx_word' id='word_1_57' title='bbox 680 880 934 934; x_wconf 87' lang='lat' dir='ltr'><strong>eumdem</strong></span> <span class='ocrx_word' id='word_1_58' title='bbox 988 895 1112 935; x_wconf 84' lang='lat' dir='ltr'><strong>esse</strong></span> <span class='ocrx_word' id='word_1_59' title='bbox 1162 896 1227 935; x_wconf 90' lang='lat' dir='ltr'><strong>ae</strong></span> <span class='ocrx_word' id='word_1_60' title='bbox 1286 896 1478 936; x_wconf 89' lang='lat' dir='ltr'><strong>omnes</strong></span> <span class='ocrx_word' id='word_1_61' title='bbox 1531 897 1767 952; x_wconf 89' lang='lat' dir='ltr'><strong>quorum</strong></span> <span class='ocrx_word' id='word_1_62' title='bbox 1814 891 1899 938; x_wconf 84' lang='lat' dir='ltr'><strong>est</strong></span> 
     </span>
    </p>
   </div>
   <div class='ocr_carea' id='block_1_11' title="bbox 314 971 1895 1041">
    <p class='ocr_par' dir='ltr' id='par_1_11' title="bbox 314 971 1895 1041">
     <span class='ocr_line' id='line_1_11' title="bbox 314 971 1895 1041; baseline 0.004 -18"><span class='ocrx_word' id='word_1_63' title='bbox 314 971 734 1040; x_wconf 85' lang='lat' dir='ltr'><strong>primogenitus.</strong></span> <span class='ocrx_word' id='word_1_64' title='bbox 790 971 874 1024; x_wconf 85' lang='lat' dir='ltr'><strong>An</strong></span> <span class='ocrx_word' id='word_1_65' title='bbox 924 986 1033 1024; x_wconf 89' lang='lat' dir='ltr'><strong>non</strong></span> <span class='ocrx_word' id='word_1_66' title='bbox 1083 985 1270 1040; x_wconf 89' lang='lat' dir='ltr'><strong>porro,</strong></span> <span class='ocrx_word' id='word_1_67' title='bbox 1323 987 1447 1027; x_wconf 90' lang='lat' dir='ltr'><strong>cum</strong></span> <span class='ocrx_word' id='word_1_68' title='bbox 1504 975 1618 1028; x_wconf 68' lang='lat' dir='ltr'><strong>haec</strong></span> <span class='ocrx_word' id='word_1_69' title='bbox 1665 974 1895 1041; x_wconf 90' lang='lat' dir='ltr'><strong>dicunt,</strong></span> 
     </span>
    </p>
   </div>
   <div class='ocr_carea' id='block_1_12' title="bbox 314 1062 1891 1133">
    <p class='ocr_par' dir='ltr' id='par_1_12' title="bbox 314 1062 1891 1133">
     <span class='ocr_line' id='line_1_12' title="bbox 314 1062 1891 1133; baseline 0.003 -18"><span class='ocrx_word' id='word_1_70' title='bbox 314 1076 533 1115; x_wconf 89' lang='lat' dir='ltr'><strong>omnem</strong></span> <span class='ocrx_word' id='word_1_71' title='bbox 583 1062 1100 1132; x_wconf 61' lang='lat' dir='ltr'><strong>praetergrediuntur</strong></span> <span class='ocrx_word' id='word_1_72' title='bbox 1162 1063 1537 1133; x_wconf 79' lang='lat' dir='ltr'><strong>impietatem?</strong></span> <span class='ocrx_word' id='word_1_73' title='bbox 1591 1063 1728 1131; x_wconf 85' lang='lat' dir='ltr'><strong>Quis</strong></span> <span class='ocrx_word' id='word_1_74' title='bbox 1763 1081 1891 1121; x_wconf 89' lang='lat' dir='ltr'><strong>vero</strong></span> 
     </span>
    </p>
   </div>
   <div class='ocr_carea' id='block_1_13' title="bbox 316 1152 1899 1224">
    <p class='ocr_par' dir='ltr' id='par_1_13' title="bbox 316 1152 1899 1224">
     <span class='ocr_line' id='line_1_13' title="bbox 316 1152 1899 1224; baseline 0.003 -16"><span class='ocrx_word' id='word_1_75' title='bbox 316 1153 434 1208; x_wconf 82' lang='lat' dir='ltr'><strong>haec</strong></span> <span class='ocrx_word' id='word_1_76' title='bbox 478 1153 598 1208; x_wconf 89' lang='lat' dir='ltr'><strong>illos</strong></span> <span class='ocrx_word' id='word_1_77' title='bbox 642 1154 885 1208; x_wconf 83' lang='lat' dir='ltr'><strong>dicentes</strong></span> <span class='ocrx_word' id='word_1_78' title='bbox 919 1152 1096 1207; x_wconf 82' lang='lat' dir='ltr'><strong>ferat?</strong></span> <span class='ocrx_word' id='word_1_79' title='bbox 1128 1162 1225 1208; x_wconf 86' lang='lat' dir='ltr'><strong>aut</strong></span> <span class='ocrx_word' id='word_1_80' title='bbox 1262 1155 1446 1224; x_wconf 87' lang='lat' dir='ltr'><strong>potius</strong></span> <span class='ocrx_word' id='word_1_81' title='bbox 1490 1155 1615 1224; x_wconf 90' lang='lat' dir='ltr'><strong>quis</strong></span> <span class='ocrx_word' id='word_1_82' title='bbox 1654 1156 1739 1211; x_wconf 88' lang='lat' dir='ltr'><strong>vel</strong></span> <span class='ocrx_word' id='word_1_83' title='bbox 1768 1157 1899 1212; x_wconf 89' lang='lat' dir='ltr'><strong>talia</strong></span> 
     </span>
    </p>
   </div>
   <div class='ocr_carea' id='block_1_14' title="bbox 316 1244 1898 1315">
    <p class='ocr_par' dir='ltr' id='par_1_14' title="bbox 316 1244 1898 1315">
     <span class='ocr_line' id='line_1_14' title="bbox 316 1244 1898 1315; baseline 0.001 -15"><span class='ocrx_word' id='word_1_84' title='bbox 316 1247 622 1313; x_wconf 84' lang='lat' dir='ltr'><strong>cogitantes</strong></span> <span class='ocrx_word' id='word_1_85' title='bbox 678 1244 805 1299; x_wconf 89' lang='lat' dir='ltr'><strong>odio</strong></span> <span class='ocrx_word' id='word_1_86' title='bbox 860 1261 969 1299; x_wconf 90' lang='lat' dir='ltr'><strong>non</strong></span> <span class='ocrx_word' id='word_1_87' title='bbox 1026 1246 1450 1315; x_wconf 78' lang='lat' dir='ltr'><strong>prosequetur?</strong></span> <span class='ocrx_word' id='word_1_88' title='bbox 1509 1244 1695 1301; x_wconf 89' lang='lat' dir='ltr'><strong>Palam</strong></span> <span class='ocrx_word' id='word_1_89' title='bbox 1752 1248 1898 1302; x_wconf 88' lang='lat' dir='ltr'><strong>enim</strong></span> 
     </span>
    </p>
   </div>
   <div class='ocr_carea' id='block_1_15' title="bbox 317 1336 1901 1407">
    <p class='ocr_par' dir='ltr' id='par_1_15' title="bbox 317 1336 1901 1407">
     <span class='ocr_line' id='line_1_15' title="bbox 317 1336 1901 1407; baseline 0 -17"><span class='ocrx_word' id='word_1_90' title='bbox 317 1336 577 1391; x_wconf 87' lang='lat' dir='ltr'><strong>omnibus</strong></span> <span class='ocrx_word' id='word_1_91' title='bbox 623 1346 708 1390; x_wconf 88' lang='lat' dir='ltr'><strong>est</strong></span> <span class='ocrx_word' id='word_1_92' title='bbox 747 1350 926 1406; x_wconf 82' lang='lat' dir='ltr'><strong>neque</strong></span> <span class='ocrx_word' id='word_1_93' title='bbox 971 1351 1097 1390; x_wconf 90' lang='lat' dir='ltr'><strong>eum</strong></span> <span class='ocrx_word' id='word_1_94' title='bbox 1146 1345 1368 1406; x_wconf 86' lang='lat' dir='ltr'><strong>propter</strong></span> <span class='ocrx_word' id='word_1_95' title='bbox 1412 1352 1490 1403; x_wconf 92' lang='lat' dir='ltr'><strong>se,</strong></span> <span class='ocrx_word' id='word_1_96' title='bbox 1535 1346 1795 1407; x_wconf 81' lang='lat' dir='ltr'><strong>tanquam</strong></span> <span class='ocrx_word' id='word_1_97' title='bbox 1854 1338 1901 1392; x_wconf 92' lang='lat' dir='ltr'><strong>si</strong></span> 
     </span>
    </p>
   </div>
   <div class='ocr_carea' id='block_1_16' title="bbox 318 1428 1902 1500">
    <p class='ocr_par' dir='ltr' id='par_1_16' title="bbox 318 1428 1902 1500">
     <span class='ocr_line' id='line_1_16' title="bbox 318 1428 1902 1500; baseline -0.001 -16"><span class='ocrx_word' id='word_1_98' title='bbox 318 1438 541 1484; x_wconf 83' lang='lat' dir='ltr'><strong>creatus</strong></span> <span class='ocrx_word' id='word_1_99' title='bbox 569 1436 733 1493; x_wconf 85' lang='lat' dir='ltr'><strong>esset,</strong></span> <span class='ocrx_word' id='word_1_100' title='bbox 760 1444 937 1498; x_wconf 88' lang='lat' dir='ltr'><strong>neque</strong></span> <span class='ocrx_word' id='word_1_101' title='bbox 959 1429 1031 1482; x_wconf 95' lang='lat' dir='ltr'><strong>ob</strong></span> <span class='ocrx_word' id='word_1_102' title='bbox 1061 1428 1302 1498; x_wconf 83' lang='lat' dir='ltr'><strong>aliquam</strong></span> <span class='ocrx_word' id='word_1_103' title='bbox 1331 1429 1711 1500; x_wconf 83' lang='lat' dir='ltr'><strong>cognationem</strong></span> <span class='ocrx_word' id='word_1_104' title='bbox 1736 1444 1902 1499; x_wconf 90' lang='lat' dir='ltr'><strong>quam</strong></span> 
     </span>
    </p>
   </div>
   <div class='ocr_carea' id='block_1_17' title="bbox 318 1517 1904 1586">
    <p class='ocr_par' dir='ltr' id='par_1_17' title="bbox 318 1517 1904 1586">
     <span class='ocr_line' id='line_1_17' title="bbox 318 1517 1904 1586; baseline 0.001 -13"><span class='ocrx_word' id='word_1_105' title='bbox 318 1517 625 1573; x_wconf 81' lang='lat' dir='ltr'><strong>secundum</strong></span> <span class='ocrx_word' id='word_1_106' title='bbox 676 1526 930 1572; x_wconf 89' lang='lat' dir='ltr'><strong>naturam</strong></span> <span class='ocrx_word' id='word_1_107' title='bbox 981 1533 1106 1573; x_wconf 91' lang='lat' dir='ltr'><strong>cum</strong></span> <span class='ocrx_word' id='word_1_108' title='bbox 1160 1519 1415 1575; x_wconf 86' lang='lat' dir='ltr'><strong>omnibus</strong></span> <span class='ocrx_word' id='word_1_109' title='bbox 1475 1520 1641 1575; x_wconf 89' lang='lat' dir='ltr'><strong>rebus</strong></span> <span class='ocrx_word' id='word_1_110' title='bbox 1703 1520 1904 1586; x_wconf 86' lang='lat' dir='ltr'><strong>creatis</strong></span> 
     </span>
    </p>
   </div>
   <div class='ocr_carea' id='block_1_18' title="bbox 318 1611 1901 1683">
    <p class='ocr_par' dir='ltr' id='par_1_18' title="bbox 318 1611 1901 1683">
     <span class='ocr_line' id='line_1_18' title="bbox 318 1611 1901 1683; baseline 0.002 -19"><span class='ocrx_word' id='word_1_111' title='bbox 318 1611 548 1676; x_wconf 88' lang='lat' dir='ltr'><strong>habeat,</strong></span> <span class='ocrx_word' id='word_1_112' title='bbox 591 1626 778 1665; x_wconf 89' lang='lat' dir='ltr'><strong>earum</strong></span> <span class='ocrx_word' id='word_1_113' title='bbox 826 1620 971 1666; x_wconf 87' lang='lat' dir='ltr'><strong>esset</strong></span> <span class='ocrx_word' id='word_1_114' title='bbox 1029 1612 1455 1683; x_wconf 83' lang='lat' dir='ltr'><strong>primogenitum</strong></span> <span class='ocrx_word' id='word_1_115' title='bbox 1511 1613 1844 1683; x_wconf 88' lang='lat' dir='ltr'><strong>appellatum</strong></span> <span class='ocrx_word' id='word_1_116' title='bbox 1887 1631 1901 1667; x_wconf 91' lang='lat'><strong>:</strong></span> 
     </span>
    </p>
   </div>
   <div class='ocr_carea' id='block_1_19' title="bbox 320 1702 1904 1773">
    <p class='ocr_par' dir='ltr' id='par_1_19' title="bbox 320 1702 1904 1773">
     <span class='ocr_line' id='line_1_19' title="bbox 320 1702 1904 1773; baseline 0.001 -16"><span class='ocrx_word' id='word_1_117' title='bbox 320 1703 415 1757; x_wconf 90' lang='lat' dir='ltr'><strong>sed</strong></span> <span class='ocrx_word' id='word_1_118' title='bbox 449 1712 722 1773; x_wconf 84' lang='lat' dir='ltr'><strong>quatenus</strong></span> <span class='ocrx_word' id='word_1_119' title='bbox 756 1702 994 1759; x_wconf 80' lang='lat' dir='ltr'><strong>Verbum</strong></span> <span class='ocrx_word' id='word_1_120' title='bbox 1017 1745 1032 1771; x_wconf 92' lang='lat'><strong>,</strong></span> <span class='ocrx_word' id='word_1_121' title='bbox 1066 1719 1191 1759; x_wconf 90' lang='lat' dir='ltr'><strong>cum</strong></span> <span class='ocrx_word' id='word_1_122' title='bbox 1237 1720 1324 1759; x_wconf 88' lang='lat' dir='ltr'><strong>res</strong></span> <span class='ocrx_word' id='word_1_123' title='bbox 1355 1714 1569 1760; x_wconf 86' lang='lat' dir='ltr'><strong>creatas</strong></span> <span class='ocrx_word' id='word_1_124' title='bbox 1615 1705 1772 1760; x_wconf 92' lang='lat' dir='ltr'><strong>initio</strong></span> <span class='ocrx_word' id='word_1_125' title='bbox 1823 1704 1904 1761; x_wconf 80' lang='lat' dir='ltr'><strong>ef-</strong></span> 
     </span>
    </p>
   </div>
   <div class='ocr_carea' id='block_1_20' title="bbox 1992 510 3576 587">
    <p class='ocr_par' dir='ltr' id='par_1_20' title="bbox 1992 510 3576 587">
     <span class='ocr_line' id='line_1_20' title="bbox 1992 510 3576 587; baseline 0.003 -19"><span class='ocrx_word' id='word_1_126' title='bbox 1992 514 2382 587; x_wconf 85' lang='grc' dir='ltr'>ὑπονοήσουσιν</span> <span class='ocrx_word' id='word_1_127' title='bbox 2435 510 2595 570; x_wconf 75' lang='grc' dir='ltr'>εἶναι.</span> <span class='ocrx_word' id='word_1_128' title='bbox 2656 515 2846 585; x_wconf 85' lang='grc' dir='ltr'>Πάσης</span> <span class='ocrx_word' id='word_1_129' title='bbox 2896 514 3006 587; x_wconf 82' lang='grc' dir='ltr'><strong>γάρ</strong></span> <span class='ocrx_word' id='word_1_130' title='bbox 3050 516 3151 587; x_wconf 85' lang='grc' dir='ltr'><strong>τῆς</strong></span> <span class='ocrx_word' id='word_1_131' title='bbox 3200 517 3434 581; x_wconf 70' lang='grc' dir='ltr'>κτίσεως</span> <span class='ocrx_word' id='word_1_132' title='bbox 3477 519 3576 572; x_wconf 76' lang='grc' dir='ltr'><strong>καὶ</strong></span> 
     </span>
    </p>
   </div>
   <div class='ocr_carea' id='block_1_21' title="bbox 1990 605 3578 680">
    <p class='ocr_par' dir='ltr' id='par_1_21' title="bbox 1990 605 3578 680">
     <span class='ocr_line' id='line_1_21' title="bbox 1990 605 3578 680; baseline 0.003 -20"><span class='ocrx_word' id='word_1_133' title='bbox 1990 606 2165 661; x_wconf 78' lang='grc' dir='ltr'>ταῦτα</span> <span class='ocrx_word' id='word_1_134' title='bbox 2214 607 2353 679; x_wconf 85' lang='grc' dir='ltr'>μέρη</span> <span class='ocrx_word' id='word_1_135' title='bbox 2396 607 2652 678; x_wconf 77' lang='grc' dir='ltr'><strong>τυγχάνει</strong></span> <span class='ocrx_word' id='word_1_136' title='bbox 2680 606 2811 659; x_wconf 81' lang='grc' dir='ltr'>ὄντα</span> <span class='ocrx_word' id='word_1_137' title='bbox 2829 623 2841 636; x_wconf 82' lang='grc'><em>’</em></span> <span class='ocrx_word' id='word_1_138' title='bbox 2873 605 3085 677; x_wconf 83' lang='grc' dir='ltr'><strong>ἀνάγκη</strong></span> <span class='ocrx_word' id='word_1_139' title='bbox 3126 607 3185 661; x_wconf 82' lang='grc' dir='ltr'>δὲ</span> <span class='ocrx_word' id='word_1_140' title='bbox 3232 608 3324 662; x_wconf 87' lang='grc' dir='ltr'>τὸν</span> <span class='ocrx_word' id='word_1_141' title='bbox 3361 611 3578 680; x_wconf 88' lang='grc' dir='ltr'>πρωτό-</span> 
     </span>
    </p>
   </div>
   <div class='ocr_carea' id='block_1_22' title="bbox 1992 694 3578 772">
    <p class='ocr_par' dir='ltr' id='par_1_22' title="bbox 1992 694 3578 772">
     <span class='ocr_line' id='line_1_22' title="bbox 1992 694 3578 772; baseline 0.003 -21"><span class='ocrx_word' id='word_1_142' title='bbox 1992 715 2150 752; x_wconf 87' lang='grc' dir='ltr'>τοκον</span> <span class='ocrx_word' id='word_1_143' title='bbox 2183 699 2330 769; x_wconf 86' lang='grc' dir='ltr'><strong>μόνῳ</strong></span> <span class='ocrx_word' id='word_1_144' title='bbox 2361 697 2462 769; x_wconf 87' lang='grc' dir='ltr'>μὲν</span> <span class='ocrx_word' id='word_1_145' title='bbox 2491 697 2569 769; x_wconf 82' lang='grc' dir='ltr'>τῷ</span> <span class='ocrx_word' id='word_1_146' title='bbox 2596 698 2773 770; x_wconf 86' lang='grc' dir='ltr'>χρόνῳ</span> <span class='ocrx_word' id='word_1_147' title='bbox 2802 698 3018 769; x_wconf 86' lang='grc' dir='ltr'>πρῶτον</span> <span class='ocrx_word' id='word_1_148' title='bbox 3049 694 3208 763; x_wconf 78' lang='grc' dir='ltr'>εἶναι,</span> <span class='ocrx_word' id='word_1_149' title='bbox 3240 700 3318 772; x_wconf 83' lang='grc' dir='ltr'>τῷ</span> <span class='ocrx_word' id='word_1_150' title='bbox 3344 701 3401 755; x_wconf 83' lang='grc' dir='ltr'>δὲ</span> <span class='ocrx_word' id='word_1_151' title='bbox 3427 701 3578 769; x_wconf 81' lang='grc' dir='ltr'>γένει</span> 
     </span>
    </p>
   </div>
   <div class='ocr_carea' id='block_1_23' title="bbox 1995 787 3579 864">
    <p class='ocr_par' dir='ltr' id='par_1_23' title="bbox 1995 787 3579 864">
     <span class='ocr_line' id='line_1_23' title="bbox 1995 787 3579 864; baseline 0.001 -20"><span class='ocrx_word' id='word_1_152' title='bbox 1995 791 2091 844; x_wconf 71' lang='grc' dir='ltr'>καὶ</span> <span class='ocrx_word' id='word_1_153' title='bbox 2122 792 2188 862; x_wconf 82' lang='grc' dir='ltr'>τῇ</span> <span class='ocrx_word' id='word_1_154' title='bbox 2215 790 2494 862; x_wconf 75' lang='grc' dir='ltr'>ὁμοιότητι</span> <span class='ocrx_word' id='word_1_155' title='bbox 2521 790 2614 842; x_wconf 72' lang='grc' dir='ltr'>τὸν</span> <span class='ocrx_word' id='word_1_156' title='bbox 2646 790 2807 844; x_wconf 76' lang='grc' dir='ltr'>αὐτὸν</span> <span class='ocrx_word' id='word_1_157' title='bbox 2838 787 2975 846; x_wconf 82' lang='grc' dir='ltr'>εἶναι</span> <span class='ocrx_word' id='word_1_158' title='bbox 3008 792 3147 864; x_wconf 82' lang='grc' dir='ltr'>πρὸς</span> <span class='ocrx_word' id='word_1_159' title='bbox 3178 792 3410 858; x_wconf 85' lang='grc' dir='ltr'><strong>πάντας.</strong></span> <span class='ocrx_word' id='word_1_160' title='bbox 3447 792 3579 857; x_wconf 84' lang='grc' dir='ltr'><strong>Πῶς</strong></span> 
     </span>
    </p>
   </div>
   <div class='ocr_carea' id='block_1_24' title="bbox 1995 879 3577 959">
    <p class='ocr_par' dir='ltr' id='par_1_24' title="bbox 1995 879 3577 959">
     <span class='ocr_line' id='line_1_24' title="bbox 1995 879 3577 959; baseline 0.002 -23"><span class='ocrx_word' id='word_1_161' title='bbox 1995 879 2110 943; x_wconf 79' lang='grc' dir='ltr'>οὖν,</span> <span class='ocrx_word' id='word_1_162' title='bbox 2157 883 2253 936; x_wconf 78' lang='grc' dir='ltr'>καὶ</span> <span class='ocrx_word' id='word_1_163' title='bbox 2297 881 2456 936; x_wconf 78' lang='grc' dir='ltr'>τοῦτο</span> <span class='ocrx_word' id='word_1_164' title='bbox 2487 881 2759 950; x_wconf 86' lang='grc' dir='ltr'>λέγοντες,</span> <span class='ocrx_word' id='word_1_165' title='bbox 2793 883 2856 937; x_wconf 84' lang='grc' dir='ltr'>οὐ</span> <span class='ocrx_word' id='word_1_166' title='bbox 2889 885 3071 938; x_wconf 77' lang='grc' dir='ltr'>πᾶσαν</span> <span class='ocrx_word' id='word_1_167' title='bbox 3106 884 3363 939; x_wconf 71' lang='grc' dir='ltr'>ἀσέϐειαν</span> <span class='ocrx_word' id='word_1_168' title='bbox 3403 887 3577 959; x_wconf 81' lang='grc' dir='ltr'>ὑπερ-</span> 
     </span>
    </p>
   </div>
   <div class='ocr_carea' id='block_1_25' title="bbox 1998 974 3584 1049">
    <p class='ocr_par' dir='ltr' id='par_1_25' title="bbox 1998 974 3584 1049">
     <span class='ocr_line' id='line_1_25' title="bbox 1998 974 3584 1049; baseline 0.002 -21"><span class='ocrx_word' id='word_1_169' title='bbox 1998 974 2318 1041; x_wconf 81' lang='grc' dir='ltr'>6άλλουσιν;</span> <span class='ocrx_word' id='word_1_170' title='bbox 2358 975 2428 1027; x_wconf 85' lang='grc' dir='ltr'><strong>Ἢ</strong></span> <span class='ocrx_word' id='word_1_171' title='bbox 2467 974 2552 1038; x_wconf 86' lang='grc' dir='ltr'><strong>τίς</strong></span> <span class='ocrx_word' id='word_1_172' title='bbox 2594 974 2842 1040; x_wconf 84' lang='grc' dir='ltr'>ἀνέξεται</span> <span class='ocrx_word' id='word_1_173' title='bbox 2889 976 3092 1031; x_wconf 91' lang='grc' dir='ltr'>τούτων</span> <span class='ocrx_word' id='word_1_174' title='bbox 3124 975 3301 1031; x_wconf 80' lang='grc' dir='ltr'>ταῦτα</span> <span class='ocrx_word' id='word_1_175' title='bbox 3332 976 3445 1049; x_wconf 74' lang='grc'>(46)</span> <span class='ocrx_word' id='word_1_176' title='bbox 3489 976 3584 1032; x_wconf 85' lang='grc' dir='ltr'>λε-</span> 
     </span>
    </p>
   </div>
   <div class='ocr_carea' id='block_1_26' title="bbox 1998 1064 3585 1138">
    <p class='ocr_par' dir='ltr' id='par_1_26' title="bbox 1998 1064 3585 1138">
     <span class='ocr_line' id='line_1_26' title="bbox 1998 1064 3585 1138; baseline 0.001 -19"><span class='ocrx_word' id='word_1_177' title='bbox 1998 1067 2201 1136; x_wconf 89' lang='grc' dir='ltr'>γόντων</span> <span class='ocrx_word' id='word_1_178' title='bbox 2222 1082 2236 1132; x_wconf 88' lang='grc'><strong>;</strong></span> <span class='ocrx_word' id='word_1_179' title='bbox 2259 1065 2292 1136; x_wconf 78' lang='grc' dir='ltr'>ἦ</span> <span class='ocrx_word' id='word_1_180' title='bbox 2326 1064 2446 1129; x_wconf 87' lang='grc' dir='ltr'>πῶς</span> <span class='ocrx_word' id='word_1_181' title='bbox 2477 1065 2571 1119; x_wconf 69' lang='grc' dir='ltr'><strong>καῖ</strong></span> <span class='ocrx_word' id='word_1_182' title='bbox 2604 1065 2761 1136; x_wconf 86' lang='grc' dir='ltr'>μόνον</span> <span class='ocrx_word' id='word_1_183' title='bbox 2783 1067 2979 1131; x_wconf 76' lang='grc' dir='ltr'>αὐτοὺς</span> <span class='ocrx_word' id='word_1_184' title='bbox 3001 1066 3441 1138; x_wconf 80' lang='grc' dir='ltr'><strong>ἐνθυμουμένους</strong></span> <span class='ocrx_word' id='word_1_185' title='bbox 3464 1083 3585 1121; x_wconf 80' lang='grc' dir='ltr'>τοι·</span> 
     </span>
    </p>
   </div>
   <div class='ocr_carea' id='block_1_27' title="bbox 1998 1157 3583 1230">
    <p class='ocr_par' dir='ltr' id='par_1_27' title="bbox 1998 1157 3583 1230">
     <span class='ocr_line' id='line_1_27' title="bbox 1998 1157 3583 1230; baseline -0.002 -15"><span class='ocrx_word' id='word_1_186' title='bbox 1998 1160 2138 1216; x_wconf 77' lang='grc' dir='ltr'>αὕτα</span> <span class='ocrx_word' id='word_1_187' title='bbox 2158 1159 2219 1211; x_wconf 81' lang='grc' dir='ltr'>οὐ</span> <span class='ocrx_word' id='word_1_188' title='bbox 2263 1158 2545 1230; x_wconf 82' lang='grc' dir='ltr'><strong>μισήσειεν</strong></span> <span class='ocrx_word' id='word_1_189' title='bbox 2572 1157 2637 1211; x_wconf 81' lang='grc' dir='ltr'>ἄν</span> <span class='ocrx_word' id='word_1_190' title='bbox 2667 1171 2786 1224; x_wconf 87' lang='grc' dir='ltr'>τις;</span> <span class='ocrx_word' id='word_1_191' title='bbox 2819 1159 2961 1212; x_wconf 64' lang='lat' dir='ltr'><strong>Ilia:</strong></span> <span class='ocrx_word' id='word_1_192' title='bbox 2987 1159 3096 1230; x_wconf 85' lang='grc' dir='ltr'><strong>γάρ</strong></span> <span class='ocrx_word' id='word_1_193' title='bbox 3124 1160 3242 1212; x_wconf 75' lang='grc' dir='ltr'>ἐστι</span> <span class='ocrx_word' id='word_1_194' title='bbox 3283 1158 3442 1230; x_wconf 85' lang='grc' dir='ltr'>δῆλον</span> <span class='ocrx_word' id='word_1_195' title='bbox 3494 1160 3583 1213; x_wconf 84' lang='grc' dir='ltr'>ὅτι</span> 
     </span>
    </p>
   </div>
   <div class='ocr_carea' id='block_1_28' title="bbox 2001 1248 3588 1322">
    <p class='ocr_par' dir='ltr' id='par_1_28' title="bbox 2001 1248 3588 1322">
     <span class='ocr_line' id='line_1_28' title="bbox 2001 1248 3588 1322; baseline 0.001 -19"><span class='ocrx_word' id='word_1_196' title='bbox 2001 1248 2122 1303; x_wconf 76' lang='grc' dir='ltr'>οὔτε</span> <span class='ocrx_word' id='word_1_197' title='bbox 2144 1250 2212 1304; x_wconf 84' lang='grc' dir='ltr'><strong>δι’</strong></span> <span class='ocrx_word' id='word_1_198' title='bbox 2253 1252 2445 1305; x_wconf 77' lang='grc' dir='ltr'>ἑαυτόν</span> <span class='ocrx_word' id='word_1_199' title='bbox 2481 1250 2615 1322; x_wconf 74' lang='grc'>(47),</span> <span class='ocrx_word' id='word_1_200' title='bbox 2644 1249 2719 1314; x_wconf 82' lang='grc' dir='ltr'>ὡς</span> <span class='ocrx_word' id='word_1_201' title='bbox 2744 1251 2949 1322; x_wconf 81' lang='grc' dir='ltr'>κτίσμα</span> <span class='ocrx_word' id='word_1_202' title='bbox 2974 1248 3070 1314; x_wconf 84' lang='grc' dir='ltr'>ὢν,</span> <span class='ocrx_word' id='word_1_203' title='bbox 3099 1250 3223 1305; x_wconf 73' lang='grc' dir='ltr'>οὗτε</span> <span class='ocrx_word' id='word_1_204' title='bbox 3244 1250 3332 1305; x_wconf 85' lang='grc' dir='ltr'><strong>διὰ</strong></span> <span class='ocrx_word' id='word_1_205' title='bbox 3355 1251 3417 1305; x_wconf 78' lang='grc' dir='ltr'>τὸ</span> <span class='ocrx_word' id='word_1_206' title='bbox 3447 1269 3588 1322; x_wconf 86' lang='grc' dir='ltr'>συγ-</span> 
     </span>
    </p>
   </div>
   <div class='ocr_carea' id='block_1_29' title="bbox 2001 1342 3599 1415">
    <p class='ocr_par' dir='ltr' id='par_1_29' title="bbox 2001 1342 3599 1415">
     <span class='ocr_line' id='line_1_29' title="bbox 2001 1342 3599 1415; baseline 0.002 -21"><span class='ocrx_word' id='word_1_207' title='bbox 2001 1342 2221 1411; x_wconf 83' lang='grc' dir='ltr'>γένειάν</span> <span class='ocrx_word' id='word_1_208' title='bbox 2258 1360 2380 1396; x_wconf 87' lang='grc' dir='ltr'>τινα</span> <span class='ocrx_word' id='word_1_209' title='bbox 2429 1343 2550 1397; x_wconf 85' lang='grc' dir='ltr'>κατ’</span> <span class='ocrx_word' id='word_1_210' title='bbox 2588 1342 2776 1398; x_wconf 78' lang='grc' dir='ltr'>οὐσίαν</span> <span class='ocrx_word' id='word_1_211' title='bbox 2831 1343 2966 1414; x_wconf 82' lang='grc' dir='ltr'>πρὸς</span> <span class='ocrx_word' id='word_1_212' title='bbox 3019 1344 3199 1397; x_wconf 80' lang='grc' dir='ltr'>πᾶσαν</span> <span class='ocrx_word' id='word_1_213' title='bbox 3252 1342 3352 1415; x_wconf 79' lang='grc' dir='ltr'>τὴν</span> <span class='ocrx_word' id='word_1_214' title='bbox 3402 1344 3599 1398; x_wconf 83' lang='grc' dir='ltr'>κτίσιν</span> 
     </span>
    </p>
   </div>
   <div class='ocr_carea' id='block_1_30' title="bbox 2002 1436 3589 1509">
    <p class='ocr_par' dir='ltr' id='par_1_30' title="bbox 2002 1436 3589 1509">
     <span class='ocr_line' id='line_1_30' title="bbox 2002 1436 3589 1509; baseline 0.001 -19"><span class='ocrx_word' id='word_1_215' title='bbox 2002 1437 2169 1508; x_wconf 72' lang='grc' dir='ltr'>ἔχειν,</span> <span class='ocrx_word' id='word_1_216' title='bbox 2206 1437 2548 1509; x_wconf 86' lang='grc' dir='ltr'>πρωτότοκος</span> <span class='ocrx_word' id='word_1_217' title='bbox 2589 1437 2759 1508; x_wconf 77' lang='grc' dir='ltr'><strong>αὖτῆς</strong></span> <span class='ocrx_word' id='word_1_218' title='bbox 2796 1436 2908 1509; x_wconf 72' lang='grc'>(48)</span> <span class='ocrx_word' id='word_1_219' title='bbox 2938 1436 3143 1509; x_wconf 77' lang='grc' dir='ltr'><strong>ἐκλήθη</strong></span> <span class='ocrx_word' id='word_1_220' title='bbox 3165 1455 3177 1467; x_wconf 88' lang='grc'><strong>·</strong></span> <span class='ocrx_word' id='word_1_221' title='bbox 3213 1437 3324 1492; x_wconf 86' lang='grc' dir='ltr'>ἀλλ’</span> <span class='ocrx_word' id='word_1_222' title='bbox 3364 1438 3446 1491; x_wconf 80' lang='grc' dir='ltr'>ὅτι</span> <span class='ocrx_word' id='word_1_223' title='bbox 3486 1437 3589 1492; x_wconf 71' lang='grc' dir='ltr'><strong>καὶ</strong></span> 
     </span>
    </p>
   </div>
   <div class='ocr_carea' id='block_1_31' title="bbox 2003 1527 3585 1603">
    <p class='ocr_par' dir='ltr' id='par_1_31' title="bbox 2003 1527 3585 1603">
     <span class='ocr_line' id='line_1_31' title="bbox 2003 1527 3585 1603; baseline -0.003 -18"><span class='ocrx_word' id='word_1_224' title='bbox 2003 1530 2125 1586; x_wconf 79' lang='grc' dir='ltr'>κατ’</span> <span class='ocrx_word' id='word_1_225' title='bbox 2156 1528 2330 1603; x_wconf 81' lang='grc' dir='ltr'>ἀρχὴν</span> <span class='ocrx_word' id='word_1_226' title='bbox 2368 1529 2466 1601; x_wconf 77' lang='grc' dir='ltr'>μὲν</span> <span class='ocrx_word' id='word_1_227' title='bbox 2493 1527 2842 1600; x_wconf 79' lang='grc' dir='ltr'><strong>δημιουργῶν</strong></span> <span class='ocrx_word' id='word_1_228' title='bbox 2893 1528 2922 1580; x_wconf 86' lang='grc' dir='ltr'><strong>ό</strong></span> <span class='ocrx_word' id='word_1_229' title='bbox 2955 1528 3126 1596; x_wconf 81' lang='grc' dir='ltr'><strong>Λόγος</strong></span> <span class='ocrx_word' id='word_1_230' title='bbox 3162 1527 3231 1581; x_wconf 90' lang='grc' dir='ltr'><strong>τά</strong></span> <span class='ocrx_word' id='word_1_231' title='bbox 3266 1528 3546 1599; x_wconf 88' lang='grc' dir='ltr'>κτίσματα</span> <span class='ocrx_word' id='word_1_232' title='bbox 3567 1568 3585 1592; x_wconf 95' lang='grc'><strong>,</strong></span> 
     </span>
    </p>
   </div>
   <div class='ocr_carea' id='block_1_32' title="bbox 2007 1617 3605 1691">
    <p class='ocr_par' dir='ltr' id='par_1_32' title="bbox 2007 1617 3605 1691">
     <span class='ocr_line' id='line_1_32' title="bbox 2007 1617 3605 1691; baseline -0.002 -17"><span class='ocrx_word' id='word_1_233' title='bbox 2007 1620 2458 1691; x_wconf 80' lang='grc' dir='ltr'>συγκαταϐέϐηκε</span> <span class='ocrx_word' id='word_1_234' title='bbox 2501 1623 2613 1683; x_wconf 88' lang='grc' dir='ltr'>τοῖς</span> <span class='ocrx_word' id='word_1_235' title='bbox 2640 1621 2923 1689; x_wconf 85' lang='grc' dir='ltr'><strong>γεννητοῖς</strong></span> <span class='ocrx_word' id='word_1_236' title='bbox 2950 1658 2964 1682; x_wconf 93' lang='grc'><strong>,</strong></span> <span class='ocrx_word' id='word_1_237' title='bbox 2997 1618 3084 1672; x_wconf 81' lang='grc' dir='ltr'><strong>ἵνα</strong></span> <span class='ocrx_word' id='word_1_238' title='bbox 3127 1617 3379 1687; x_wconf 85' lang='grc' dir='ltr'>γενέσθαι</span> <span class='ocrx_word' id='word_1_239' title='bbox 3411 1617 3605 1672; x_wconf 60' lang='grc' dir='ltr'>ταῦτα</span> 
     </span>
    </p>
   </div>
   <div class='ocr_carea' id='block_1_33' title="bbox 2013 1708 3590 1784">
    <p class='ocr_par' dir='ltr' id='par_1_33' title="bbox 2013 1708 3590 1784">
     <span class='ocr_line' id='line_1_33' title="bbox 2013 1708 3590 1784; baseline -0.003 -17"><span class='ocrx_word' id='word_1_240' title='bbox 2013 1712 2237 1784; x_wconf 81' lang='grc' dir='ltr'><strong>δυνηθῇ.</strong></span> <span class='ocrx_word' id='word_1_241' title='bbox 2275 1712 2388 1766; x_wconf 84' lang='grc' dir='ltr'><strong>Ούκ</strong></span> <span class='ocrx_word' id='word_1_242' title='bbox 2420 1711 2485 1766; x_wconf 81' lang='grc' dir='ltr'>ἂν</span> <span class='ocrx_word' id='word_1_243' title='bbox 2516 1711 2627 1783; x_wconf 83' lang='grc' dir='ltr'><strong>γὰρ</strong></span> <span class='ocrx_word' id='word_1_244' title='bbox 2665 1712 2895 1783; x_wconf 73' lang='grc' dir='ltr'>ἤνεγκεν</span> <span class='ocrx_word' id='word_1_245' title='bbox 2926 1708 3037 1781; x_wconf 71' lang='grc'>(49)</span> <span class='ocrx_word' id='word_1_246' title='bbox 3081 1709 3247 1763; x_wconf 75' lang='grc' dir='ltr'><strong>αΰτοῦ</strong></span> <span class='ocrx_word' id='word_1_247' title='bbox 3279 1710 3376 1782; x_wconf 83' lang='grc' dir='ltr'>τὴν</span> <span class='ocrx_word' id='word_1_248' title='bbox 3422 1708 3590 1779; x_wconf 76' lang='grc' dir='ltr'>φύσιν</span> 
     </span>
    </p>
   </div>
   <div class='ocr_carea' id='block_1_34' title="bbox 319 1783 1910 1874">
    <p class='ocr_par' dir='ltr' id='par_1_34' title="bbox 319 1794 1899 1869">
     <span class='ocr_line' id='line_1_34' title="bbox 319 1794 1899 1869; baseline 0.001 -18"><span class='ocrx_word' id='word_1_249' title='bbox 319 1794 468 1861; x_wconf 81' lang='lat' dir='ltr'><strong>fecit,</strong></span> <span class='ocrx_word' id='word_1_250' title='bbox 507 1813 566 1852; x_wconf 91' lang='lat' dir='ltr'><strong>se</strong></span> <span class='ocrx_word' id='word_1_251' title='bbox 614 1798 681 1852; x_wconf 89' lang='lat' dir='ltr'><strong>ad</strong></span> <span class='ocrx_word' id='word_1_252' title='bbox 731 1814 827 1854; x_wconf 89' lang='lat' dir='ltr'><strong>eas</strong></span> <span class='ocrx_word' id='word_1_253' title='bbox 878 1799 1112 1869; x_wconf 82' lang='lat' dir='ltr'><strong>benigne</strong></span> <span class='ocrx_word' id='word_1_254' title='bbox 1165 1799 1619 1864; x_wconf 80' lang='lat' dir='ltr'><strong>accommodavit,</strong></span> <span class='ocrx_word' id='word_1_255' title='bbox 1676 1807 1737 1853; x_wconf 90' lang='lat' dir='ltr'><strong>ut</strong></span> <span class='ocrx_word' id='word_1_256' title='bbox 1779 1798 1899 1853; x_wconf 85' lang='lat' dir='ltr'><strong>ﬁeri</strong></span> 
     </span>
    </p>
   </div>
   <div class='ocr_carea' id='block_1_35' title="bbox 2016 1783 3591 1874">
    <p class='ocr_par' dir='ltr' id='par_1_35' title="bbox 2016 1783 3591 1874">
     <span class='ocr_line' id='line_1_35' title="bbox 2016 1783 3591 1874; baseline -0.003 -18"><span class='ocrx_word' id='word_1_257' title='bbox 2016 1783 2242 1874; x_wconf 73' lang='grc' dir='ltr'>Ξκρατον</span> <span class='ocrx_word' id='word_1_258' title='bbox 2269 1800 2365 1854; x_wconf 69' lang='grc' dir='ltr'>καὶ</span> <span class='ocrx_word' id='word_1_259' title='bbox 2396 1799 2667 1871; x_wconf 79' lang='grc' dir='ltr'>πατρικὴν</span> <span class='ocrx_word' id='word_1_260' title='bbox 2693 1794 2854 1852; x_wconf 74' lang='grc' dir='ltr'>οὖσαν</span> <span class='ocrx_word' id='word_1_261' title='bbox 2886 1797 3268 1870; x_wconf 80' lang='grc' dir='ltr'><strong>λαμπρότητα,</strong></span> <span class='ocrx_word' id='word_1_262' title='bbox 3301 1800 3349 1851; x_wconf 86' lang='grc' dir='ltr'><strong>εἰ</strong></span> <span class='ocrx_word' id='word_1_263' title='bbox 3383 1800 3457 1870; x_wconf 85' lang='grc' dir='ltr'>μὴ</span> <span class='ocrx_word' id='word_1_264' title='bbox 3493 1816 3591 1869; x_wconf 74' lang='grc' dir='ltr'>φι-</span> 
     </span>
    </p>
   </div>
   <div class='ocr_carea' id='block_1_36' title="bbox 319 1887 1906 1960">
    <p class='ocr_par' dir='ltr' id='par_1_36' title="bbox 319 1887 1906 1960">
     <span class='ocr_line' id='line_1_36' title="bbox 319 1887 1906 1960; baseline 0.001 -17"><span class='ocrx_word' id='word_1_265' title='bbox 319 1896 566 1958; x_wconf 89' lang='lat' dir='ltr'><strong>possent.</strong></span> <span class='ocrx_word' id='word_1_266' title='bbox 598 1887 705 1943; x_wconf 85' lang='lat' dir='ltr'><strong>Nee</strong></span> <span class='ocrx_word' id='word_1_267' title='bbox 739 1891 883 1943; x_wconf 91' lang='lat' dir='ltr'><strong>enim</strong></span> <span class='ocrx_word' id='word_1_268' title='bbox 912 1889 1033 1960; x_wconf 87' lang='lat' dir='ltr'><strong>ejus</strong></span> <span class='ocrx_word' id='word_1_269' title='bbox 1072 1898 1346 1957; x_wconf 87' lang='lat' dir='ltr'><strong>naturam,</strong></span> <span class='ocrx_word' id='word_1_270' title='bbox 1381 1906 1504 1960; x_wconf 65' lang='lat' dir='ltr'><strong>quae</strong></span> <span class='ocrx_word' id='word_1_271' title='bbox 1528 1905 1698 1959; x_wconf 88' lang='lat' dir='ltr'><strong>purus</strong></span> <span class='ocrx_word' id='word_1_272' title='bbox 1728 1898 1782 1944; x_wconf 86' lang='lat' dir='ltr'><strong>et</strong></span> <span class='ocrx_word' id='word_1_273' title='bbox 1809 1906 1906 1960; x_wconf 87' lang='lat' dir='ltr'><strong>pa-</strong></span> 
     </span>
    </p>
   </div>
   <div class='ocr_carea' id='block_1_37' title="bbox 321 1981 1904 2053">
    <p class='ocr_par' dir='ltr' id='par_1_37' title="bbox 321 1981 1904 2053">
     <span class='ocr_line' id='line_1_37' title="bbox 321 1981 1904 2053; baseline 0.002 -21"><span class='ocrx_word' id='word_1_274' title='bbox 321 1987 513 2033; x_wconf 88' lang='lat' dir='ltr'><strong>ternus</strong></span> <span class='ocrx_word' id='word_1_275' title='bbox 542 1989 627 2034; x_wconf 86' lang='lat' dir='ltr'><strong>est</strong></span> <span class='ocrx_word' id='word_1_276' title='bbox 656 1981 932 2050; x_wconf 88' lang='lat' dir='ltr'><strong>splendor,</strong></span> <span class='ocrx_word' id='word_1_277' title='bbox 972 1981 1115 2036; x_wconf 82' lang='lat' dir='ltr'><strong>ferre</strong></span> <span class='ocrx_word' id='word_1_278' title='bbox 1151 1983 1478 2053; x_wconf 87' lang='lat' dir='ltr'><strong>potuissent,</strong></span> <span class='ocrx_word' id='word_1_279' title='bbox 1508 1982 1613 2035; x_wconf 88' lang='lat' dir='ltr'><strong>nisi</strong></span> <span class='ocrx_word' id='word_1_280' title='bbox 1651 1996 1709 2037; x_wconf 89' lang='lat' dir='ltr'><strong>se</strong></span> <span class='ocrx_word' id='word_1_281' title='bbox 1742 1982 1808 2035; x_wconf 86' lang='lat' dir='ltr'><strong>ad</strong></span> <span class='ocrx_word' id='word_1_282' title='bbox 1839 1982 1904 2035; x_wconf 87' lang='lat' dir='ltr'><strong>il-</strong></span> 
     </span>
    </p>
   </div>
   <div class='ocr_carea' id='block_1_38' title="bbox 323 2066 1903 2144">
    <p class='ocr_par' dir='ltr' id='par_1_38' title="bbox 323 2066 1903 2144">
     <span class='ocr_line' id='line_1_38' title="bbox 323 2066 1903 2144; baseline 0.003 -19"><span class='ocrx_word' id='word_1_283' title='bbox 323 2071 407 2126; x_wconf 86' lang='lat' dir='ltr'><strong>las</strong></span> <span class='ocrx_word' id='word_1_284' title='bbox 456 2083 684 2142; x_wconf 89' lang='lat' dir='ltr'><strong>paterna</strong></span> <span class='ocrx_word' id='word_1_285' title='bbox 718 2066 1053 2142; x_wconf 60' lang='lat' dir='ltr'><strong>benignitate</strong></span> <span class='ocrx_word' id='word_1_286' title='bbox 1077 2074 1563 2141; x_wconf 88' lang='lat' dir='ltr'><strong>accommodasset,</strong></span> <span class='ocrx_word' id='word_1_287' title='bbox 1597 2074 1903 2144; x_wconf 88' lang='lat' dir='ltr'><strong>iisdemque</strong></span> 
     </span>
    </p>
   </div>
   <div class='ocr_carea' id='block_1_39' title="bbox 322 2164 1902 2229">
    <p class='ocr_par' dir='ltr' id='par_1_39' title="bbox 322 2164 1902 2229">
     <span class='ocr_line' id='line_1_39' title="bbox 322 2164 1902 2229; baseline 0.001 -11"><span class='ocrx_word' id='word_1_288' title='bbox 322 2172 578 2218; x_wconf 89' lang='lat' dir='ltr'><strong>naturam</strong></span> <span class='ocrx_word' id='word_1_289' title='bbox 616 2172 675 2219; x_wconf 93' lang='lat' dir='ltr'><strong>ut</strong></span> <span class='ocrx_word' id='word_1_290' title='bbox 697 2176 885 2220; x_wconf 89' lang='lat' dir='ltr'><strong>essent</strong></span> <span class='ocrx_word' id='word_1_291' title='bbox 930 2164 1194 2220; x_wconf 86' lang='lat' dir='ltr'><strong>dedisset.</strong></span> <span class='ocrx_word' id='word_1_292' title='bbox 1232 2166 1352 2220; x_wconf 84' lang='lat' dir='ltr'><strong>Alia</strong></span> <span class='ocrx_word' id='word_1_293' title='bbox 1392 2176 1576 2220; x_wconf 86' lang='lat' dir='ltr'><strong>autem</strong></span> <span class='ocrx_word' id='word_1_294' title='bbox 1627 2166 1770 2219; x_wconf 87' lang='lat' dir='ltr'><strong>ratio</strong></span> <span class='ocrx_word' id='word_1_295' title='bbox 1798 2173 1902 2229; x_wconf 89' lang='lat' dir='ltr'><strong>est,</strong></span> 
     </span>
    </p>
   </div>
   <div class='ocr_carea' id='block_1_40' title="bbox 321 2257 1907 2328">
    <p class='ocr_par' dir='ltr' id='par_1_40' title="bbox 321 2257 1907 2328">
     <span class='ocr_line' id='line_1_40' title="bbox 321 2257 1907 2328; baseline 0 -17"><span class='ocrx_word' id='word_1_296' title='bbox 321 2257 469 2327; x_wconf 87' lang='lat' dir='ltr'><strong>quod</strong></span> <span class='ocrx_word' id='word_1_297' title='bbox 498 2257 744 2328; x_wconf 88' lang='lat' dir='ltr'><strong>ejusdem</strong></span> <span class='ocrx_word' id='word_1_298' title='bbox 796 2257 957 2312; x_wconf 81' lang='lat' dir='ltr'><strong>Verbi</strong></span> <span class='ocrx_word' id='word_1_299' title='bbox 1006 2258 1363 2328; x_wconf 84' lang='lat' dir='ltr'><strong>benignitate,</strong></span> <span class='ocrx_word' id='word_1_300' title='bbox 1409 2274 1498 2313; x_wconf 88' lang='lat' dir='ltr'><strong>res</strong></span> <span class='ocrx_word' id='word_1_301' title='bbox 1542 2270 1740 2314; x_wconf 67' lang='lat' dir='ltr'><strong>creatae</strong></span> <span class='ocrx_word' id='word_1_302' title='bbox 1770 2258 1907 2312; x_wconf 82' lang='lat' dir='ltr'><strong>lilio-</strong></span> 
     </span>
    </p>
   </div>
   <div class='ocr_carea' id='block_1_41' title="bbox 322 2350 1909 2420">
    <p class='ocr_par' dir='ltr' id='par_1_41' title="bbox 322 2350 1909 2420">
     <span class='ocr_line' id='line_1_41' title="bbox 322 2350 1909 2420; baseline 0.001 -17"><span class='ocrx_word' id='word_1_303' title='bbox 322 2365 445 2403; x_wconf 85' lang='lat' dir='ltr'><strong>rum</strong></span> <span class='ocrx_word' id='word_1_304' title='bbox 488 2350 809 2420; x_wconf 85' lang='lat' dir='ltr'><strong>dignitatem</strong></span> <span class='ocrx_word' id='word_1_305' title='bbox 859 2365 958 2420; x_wconf 92' lang='lat' dir='ltr'><strong>per</strong></span> <span class='ocrx_word' id='word_1_306' title='bbox 988 2350 1166 2420; x_wconf 87' lang='lat' dir='ltr'><strong>ipsum</strong></span> <span class='ocrx_word' id='word_1_307' title='bbox 1200 2359 1637 2419; x_wconf 89' lang='lat' dir='ltr'><strong>consequuntur,</strong></span> <span class='ocrx_word' id='word_1_308' title='bbox 1681 2359 1744 2405; x_wconf 91' lang='lat' dir='ltr'><strong>ut</strong></span> <span class='ocrx_word' id='word_1_309' title='bbox 1787 2351 1909 2404; x_wconf 89' lang='lat' dir='ltr'><strong>illa-</strong></span> 
     </span>
    </p>
   </div>
   <div class='ocr_carea' id='block_1_42' title="bbox 322 2438 1911 2510">
    <p class='ocr_par' dir='ltr' id='par_1_42' title="bbox 322 2438 1911 2510">
     <span class='ocr_line' id='line_1_42' title="bbox 322 2438 1911 2510; baseline 0.001 -18"><span class='ocrx_word' id='word_1_310' title='bbox 322 2454 470 2502; x_wconf 87' lang='lat' dir='ltr'><strong>rum,</strong></span> <span class='ocrx_word' id='word_1_311' title='bbox 507 2438 669 2493; x_wconf 90' lang='lat' dir='ltr'><strong>sicuti</strong></span> <span class='ocrx_word' id='word_1_312' title='bbox 700 2439 963 2501; x_wconf 78' lang='lat' dir='ltr'><strong>diximus,</strong></span> <span class='ocrx_word' id='word_1_313' title='bbox 995 2440 1175 2494; x_wconf 85' lang='lat' dir='ltr'><strong>modis</strong></span> <span class='ocrx_word' id='word_1_314' title='bbox 1213 2439 1471 2494; x_wconf 85' lang='lat' dir='ltr'><strong>omnibus</strong></span> <span class='ocrx_word' id='word_1_315' title='bbox 1515 2440 1911 2510; x_wconf 83' lang='lat' dir='ltr'><strong>primogenitus</strong></span> 
     </span>
    </p>
   </div>
   <div class='ocr_carea' id='block_1_43' title="bbox 322 2528 1910 2598">
    <p class='ocr_par' dir='ltr' id='par_1_43' title="bbox 322 2528 1910 2598">
     <span class='ocr_line' id='line_1_43' title="bbox 322 2528 1910 2598; baseline -0.001 -13"><span class='ocrx_word' id='word_1_316' title='bbox 322 2530 497 2596; x_wconf 83' lang='lat' dir='ltr'><strong>ﬁeret,</strong></span> <span class='ocrx_word' id='word_1_317' title='bbox 524 2538 639 2584; x_wconf 91' lang='lat' dir='ltr'><strong>tum</strong></span> <span class='ocrx_word' id='word_1_318' title='bbox 668 2545 793 2584; x_wconf 91' lang='lat' dir='ltr'><strong>cum</strong></span> <span class='ocrx_word' id='word_1_319' title='bbox 830 2546 924 2585; x_wconf 92' lang='lat' dir='ltr'><strong>eas</strong></span> <span class='ocrx_word' id='word_1_320' title='bbox 962 2541 1131 2595; x_wconf 89' lang='lat' dir='ltr'><strong>creat,</strong></span> <span class='ocrx_word' id='word_1_321' title='bbox 1160 2537 1277 2584; x_wconf 91' lang='lat' dir='ltr'><strong>tum</strong></span> <span class='ocrx_word' id='word_1_322' title='bbox 1318 2545 1443 2584; x_wconf 91' lang='lat' dir='ltr'><strong>cum</strong></span> <span class='ocrx_word' id='word_1_323' title='bbox 1487 2529 1604 2598; x_wconf 86' lang='lat' dir='ltr'><strong>ipse</strong></span> <span class='ocrx_word' id='word_1_324' title='bbox 1634 2528 1687 2582; x_wconf 91' lang='lat' dir='ltr'><strong>in</strong></span> <span class='ocrx_word' id='word_1_325' title='bbox 1720 2530 1910 2583; x_wconf 89' lang='lat' dir='ltr'><strong>orbem</strong></span> 
     </span>
    </p>
   </div>
   <div class='ocr_carea' id='block_1_44' title="bbox 324 2619 1911 2688">
    <p class='ocr_par' dir='ltr' id='par_1_44' title="bbox 324 2619 1911 2688">
     <span class='ocr_line' id='line_1_44' title="bbox 324 2619 1911 2688; baseline 0.001 -14"><span class='ocrx_word' id='word_1_326' title='bbox 324 2631 596 2676; x_wconf 86' lang='lat' dir='ltr'><strong>terrarum</strong></span> <span class='ocrx_word' id='word_1_327' title='bbox 624 2662 638 2686; x_wconf 94' lang='lat'><strong>,</strong></span> <span class='ocrx_word' id='word_1_328' title='bbox 675 2622 925 2676; x_wconf 91' lang='lat' dir='ltr'><strong>omnium</strong></span> <span class='ocrx_word' id='word_1_329' title='bbox 969 2637 1134 2676; x_wconf 84' lang='lat' dir='ltr'><strong>causa</strong></span> <span class='ocrx_word' id='word_1_330' title='bbox 1161 2662 1177 2687; x_wconf 94' lang='lat'><strong>,</strong></span> <span class='ocrx_word' id='word_1_331' title='bbox 1225 2621 1614 2676; x_wconf 80' lang='lat' dir='ltr'><strong>introducitur.</strong></span> <span class='ocrx_word' id='word_1_332' title='bbox 1666 2619 1911 2688; x_wconf 81' lang='lat' dir='ltr'><strong>Namque</strong></span> 
     </span>
    </p>
   </div>
   <div class='ocr_carea' id='block_1_45' title="bbox 325 2713 1912 2785">
    <p class='ocr_par' dir='ltr' id='par_1_45' title="bbox 325 2713 1912 2785">
     <span class='ocr_line' id='line_1_45' title="bbox 325 2713 1912 2785; baseline -0.002 -16"><span class='ocrx_word' id='word_1_333' title='bbox 325 2715 401 2769; x_wconf 84' lang='lat' dir='ltr'><strong>ita</strong></span> <span class='ocrx_word' id='word_1_334' title='bbox 442 2715 705 2785; x_wconf 90' lang='lat' dir='ltr'><strong>scriptum</strong></span> <span class='ocrx_word' id='word_1_335' title='bbox 732 2725 813 2769; x_wconf 89' lang='lat' dir='ltr'><strong>est</strong></span> <span class='ocrx_word' id='word_1_336' title='bbox 842 2757 857 2782; x_wconf 91' lang='lat'><strong>,</strong></span> <span class='ocrx_word' id='word_1_337' title='bbox 904 2713 1039 2769; x_wconf 88' lang='lat' dir='ltr'><strong>Cum</strong></span> <span class='ocrx_word' id='word_1_338' title='bbox 1086 2714 1382 2769; x_wconf 85' lang='lat' dir='ltr'><strong>introducit</strong></span> <span class='ocrx_word' id='word_1_339' title='bbox 1410 2714 1823 2784; x_wconf 84' lang='lat' dir='ltr'><strong>primogenitum</strong></span> <span class='ocrx_word' id='word_1_340' title='bbox 1855 2714 1912 2766; x_wconf 86' lang='lat' dir='ltr'><strong>in</strong></span> 
     </span>
    </p>
   </div>
   <div class='ocr_carea' id='block_1_46' title="bbox 326 2804 1906 2879">
    <p class='ocr_par' dir='ltr' id='par_1_46' title="bbox 326 2804 1906 2879">
     <span class='ocr_line' id='line_1_46' title="bbox 326 2804 1906 2879; baseline 0 -20"><span class='ocrx_word' id='word_1_341' title='bbox 326 2807 504 2860; x_wconf 88' lang='lat' dir='ltr'><strong>orbem</strong></span> <span class='ocrx_word' id='word_1_342' title='bbox 536 2820 711 2872; x_wconf 61' lang='lat' dir='ltr'><strong>(errat,</strong></span> <span class='ocrx_word' id='word_1_343' title='bbox 749 2808 880 2860; x_wconf 83' lang='lat' dir='ltr'><strong>dicit</strong></span> <span class='ocrx_word' id='word_1_344' title='bbox 910 2823 926 2861; x_wconf 90' lang='lat'><strong>:</strong></span> <span class='ocrx_word' id='word_1_345' title='bbox 964 2807 1030 2861; x_wconf 82' lang='lat' dir='ltr'><strong>Et</strong></span> <span class='ocrx_word' id='word_1_346' title='bbox 1082 2807 1305 2879; x_wconf 79' lang='lat' dir='ltr'><strong>adorent</strong></span> <span class='ocrx_word' id='word_1_347' title='bbox 1350 2822 1471 2860; x_wconf 85' lang='lat' dir='ltr'><strong>eum</strong></span> <span class='ocrx_word' id='word_1_348' title='bbox 1507 2822 1681 2860; x_wconf 77' lang='lat' dir='ltr'><strong>omnes</strong></span> <span class='ocrx_word' id='word_1_349' title='bbox 1730 2804 1906 2876; x_wconf 83' lang='lat' dir='ltr'><strong>angeli</strong></span> 
     </span>
    </p>
   </div>
   <div class='ocr_carea' id='block_1_47' title="bbox 325 2895 1906 2968">
    <p class='ocr_par' dir='ltr' id='par_1_47' title="bbox 325 2895 1906 2968">
     <span class='ocr_line' id='line_1_47' title="bbox 325 2895 1906 2968; baseline 0 -18"><span class='ocrx_word' id='word_1_350' title='bbox 325 2895 427 2950; x_wconf 88' lang='lat' dir='ltr'><strong>Dei</strong></span> <span class='ocrx_word' id='word_1_351' title='bbox 456 2897 524 2950; x_wconf 78' lang='grc'><strong>⁸³⁸.</strong></span> <span class='ocrx_word' id='word_1_352' title='bbox 560 2898 796 2951; x_wconf 87' lang='lat' dir='ltr'><strong>Audiant</strong></span> <span class='ocrx_word' id='word_1_353' title='bbox 823 2897 1030 2953; x_wconf 82' lang='lat' dir='ltr'><strong>Christi</strong></span> <span class='ocrx_word' id='word_1_354' title='bbox 1070 2897 1303 2965; x_wconf 84' lang='lat' dir='ltr'><strong>inimici,</strong></span> <span class='ocrx_word' id='word_1_355' title='bbox 1333 2912 1502 2968; x_wconf 74' lang='lat' dir='ltr'><strong>seque</strong></span> <span class='ocrx_word' id='word_1_356' title='bbox 1546 2897 1647 2967; x_wconf 91' lang='lat' dir='ltr'><strong>ipsi</strong></span> <span class='ocrx_word' id='word_1_357' title='bbox 1698 2896 1906 2952; x_wconf 85' lang='lat' dir='ltr'><strong>discer-</strong></span> 
     </span>
    </p>
   </div>
   <div class='ocr_carea' id='block_1_48' title="bbox 326 2989 1911 3061">
    <p class='ocr_par' dir='ltr' id='par_1_48' title="bbox 326 2989 1911 3061">
     <span class='ocr_line' id='line_1_48' title="bbox 326 2989 1911 3061; baseline 0 -19"><span class='ocrx_word' id='word_1_358' title='bbox 326 2999 481 3060; x_wconf 86' lang='lat' dir='ltr'><strong>pant,</strong></span> <span class='ocrx_word' id='word_1_359' title='bbox 527 2990 673 3060; x_wconf 88' lang='lat' dir='ltr'><strong>quod</strong></span> <span class='ocrx_word' id='word_1_360' title='bbox 722 2991 980 3043; x_wconf 89' lang='lat' dir='ltr'><strong>nimirum</strong></span> <span class='ocrx_word' id='word_1_361' title='bbox 1018 2990 1138 3061; x_wconf 87' lang='lat' dir='ltr'><strong>ejus</strong></span> <span class='ocrx_word' id='word_1_362' title='bbox 1175 2990 1228 3043; x_wconf 92' lang='lat' dir='ltr'><strong>in</strong></span> <span class='ocrx_word' id='word_1_363' title='bbox 1270 2990 1458 3045; x_wconf 90' lang='lat' dir='ltr'><strong>orbem</strong></span> <span class='ocrx_word' id='word_1_364' title='bbox 1500 2998 1773 3044; x_wconf 87' lang='lat' dir='ltr'><strong>terrarum</strong></span> <span class='ocrx_word' id='word_1_365' title='bbox 1823 2989 1911 3043; x_wconf 82' lang='lat' dir='ltr'><strong>in-</strong></span> 
     </span>
    </p>
   </div>
   <div class='ocr_carea' id='block_1_49' title="bbox 327 3082 1913 3153">
    <p class='ocr_par' dir='ltr' id='par_1_49' title="bbox 327 3082 1913 3153">
     <span class='ocr_line' id='line_1_49' title="bbox 327 3082 1913 3153; baseline -0.001 -16"><span class='ocrx_word' id='word_1_366' title='bbox 327 3098 583 3153; x_wconf 69' lang='lat' dir='ltr'><strong>gressus,</strong></span> <span class='ocrx_word' id='word_1_367' title='bbox 630 3097 796 3137; x_wconf 85' lang='lat' dir='ltr'><strong>causa</strong></span> <span class='ocrx_word' id='word_1_368' title='bbox 840 3092 924 3137; x_wconf 88' lang='lat' dir='ltr'><strong>est</strong></span> <span class='ocrx_word' id='word_1_369' title='bbox 970 3099 1070 3136; x_wconf 90' lang='lat' dir='ltr'><strong>cur</strong></span> <span class='ocrx_word' id='word_1_370' title='bbox 1114 3082 1360 3138; x_wconf 88' lang='lat' dir='ltr'><strong>omnium</strong></span> <span class='ocrx_word' id='word_1_371' title='bbox 1415 3082 1811 3153; x_wconf 79' lang='lat' dir='ltr'><strong>primogenitus</strong></span> <span class='ocrx_word' id='word_1_372' title='bbox 1839 3082 1913 3138; x_wconf 87' lang='lat' dir='ltr'><strong>sit</strong></span> 
     </span>
    </p>
   </div>
   <div class='ocr_carea' id='block_1_50' title="bbox 327 3173 1913 3245">
    <p class='ocr_par' dir='ltr' id='par_1_50' title="bbox 327 3173 1913 3245">
     <span class='ocr_line' id='line_1_50' title="bbox 327 3173 1913 3245; baseline -0.004 -13"><span class='ocrx_word' id='word_1_373' title='bbox 327 3177 652 3245; x_wconf 87' lang='lat' dir='ltr'><strong>appellatus.</strong></span> <span class='ocrx_word' id='word_1_374' title='bbox 689 3176 957 3242; x_wconf 80' lang='lat' dir='ltr'><strong>Quocirca</strong></span> <span class='ocrx_word' id='word_1_375' title='bbox 993 3174 1171 3230; x_wconf 86' lang='lat' dir='ltr'><strong>Patris</strong></span> <span class='ocrx_word' id='word_1_376' title='bbox 1202 3175 1423 3245; x_wconf 91' lang='lat' dir='ltr'><strong>quidem</strong></span> <span class='ocrx_word' id='word_1_377' title='bbox 1459 3173 1790 3243; x_wconf 81' lang='lat' dir='ltr'><strong>Unigenitus</strong></span> <span class='ocrx_word' id='word_1_378' title='bbox 1827 3183 1913 3228; x_wconf 85' lang='lat' dir='ltr'><strong>est</strong></span> 
     </span>
    </p>
   </div>
   <div class='ocr_carea' id='block_1_51' title="bbox 330 3266 1911 3339">
    <p class='ocr_par' dir='ltr' id='par_1_51' title="bbox 330 3266 1911 3339">
     <span class='ocr_line' id='line_1_51' title="bbox 330 3266 1911 3339; baseline -0.004 -16"><span class='ocrx_word' id='word_1_379' title='bbox 330 3268 535 3335; x_wconf 88' lang='lat' dir='ltr'><strong>Filius,</strong></span> <span class='ocrx_word' id='word_1_380' title='bbox 573 3268 834 3339; x_wconf 89' lang='lat' dir='ltr'><strong>quoniam</strong></span> <span class='ocrx_word' id='word_1_381' title='bbox 876 3268 1028 3322; x_wconf 88' lang='lat' dir='ltr'><strong>solus</strong></span> <span class='ocrx_word' id='word_1_382' title='bbox 1074 3268 1189 3336; x_wconf 90' lang='lat' dir='ltr'><strong>ipse</strong></span> <span class='ocrx_word' id='word_1_383' title='bbox 1221 3281 1290 3321; x_wconf 82' lang='lat' dir='ltr'><strong>ex</strong></span> <span class='ocrx_word' id='word_1_384' title='bbox 1327 3266 1422 3320; x_wconf 91' lang='lat' dir='ltr'><strong>illo</strong></span> <span class='ocrx_word' id='word_1_385' title='bbox 1454 3273 1578 3321; x_wconf 89' lang='lat' dir='ltr'><strong>est:</strong></span> <span class='ocrx_word' id='word_1_386' title='bbox 1610 3274 1694 3320; x_wconf 82' lang='lat' dir='ltr'><strong>est</strong></span> <span class='ocrx_word' id='word_1_387' title='bbox 1727 3272 1911 3321; x_wconf 89' lang='lat' dir='ltr'><strong>autem</strong></span> 
     </span>
    </p>
   </div>
   <div class='ocr_carea' id='block_1_52' title="bbox 329 3355 1911 3429">
    <p class='ocr_par' dir='ltr' id='par_1_52' title="bbox 329 3355 1911 3429">
     <span class='ocr_line' id='line_1_52' title="bbox 329 3355 1911 3429; baseline -0.006 -13"><span class='ocrx_word' id='word_1_388' title='bbox 329 3377 513 3416; x_wconf 90' lang='lat' dir='ltr'><strong>rerum</strong></span> <span class='ocrx_word' id='word_1_389' title='bbox 551 3368 861 3414; x_wconf 80' lang='lat' dir='ltr'><strong>creatarum</strong></span> <span class='ocrx_word' id='word_1_390' title='bbox 907 3358 1326 3429; x_wconf 79' lang='lat' dir='ltr'><strong>primogenitus,</strong></span> <span class='ocrx_word' id='word_1_391' title='bbox 1357 3357 1486 3428; x_wconf 87' lang='lat' dir='ltr'><strong>quia</strong></span> <span class='ocrx_word' id='word_1_392' title='bbox 1511 3371 1702 3411; x_wconf 90' lang='lat' dir='ltr'><strong>omnes</strong></span> <span class='ocrx_word' id='word_1_393' title='bbox 1735 3355 1911 3424; x_wconf 84' lang='lat' dir='ltr'><strong>adop-</strong></span> 
     </span>
    </p>
   </div>
   <div class='ocr_carea' id='block_1_53' title="bbox 331 3446 1914 3518">
    <p class='ocr_par' dir='ltr' id='par_1_53' title="bbox 331 3446 1914 3518">
     <span class='ocr_line' id='line_1_53' title="bbox 331 3446 1914 3518; baseline -0.003 -12"><span class='ocrx_word' id='word_1_394' title='bbox 331 3452 478 3506; x_wconf 88' lang='lat' dir='ltr'><strong>tione</strong></span> <span class='ocrx_word' id='word_1_395' title='bbox 505 3450 599 3505; x_wconf 82' lang='lat' dir='ltr'><strong>lilii</strong></span> <span class='ocrx_word' id='word_1_396' title='bbox 635 3450 964 3504; x_wconf 84' lang='lat' dir='ltr'><strong>eliiciuntur.</strong></span> <span class='ocrx_word' id='word_1_397' title='bbox 992 3446 1064 3505; x_wconf 90' lang='lat' dir='ltr'><strong>Ut</strong></span> <span class='ocrx_word' id='word_1_398' title='bbox 1100 3464 1265 3518; x_wconf 87' lang='lat' dir='ltr'><strong>porro</strong></span> <span class='ocrx_word' id='word_1_399' title='bbox 1297 3449 1440 3502; x_wconf 88' lang='lat' dir='ltr'><strong>inter</strong></span> <span class='ocrx_word' id='word_1_400' title='bbox 1474 3447 1670 3502; x_wconf 83' lang='lat' dir='ltr'><strong>fratres</strong></span> <span class='ocrx_word' id='word_1_401' title='bbox 1705 3446 1914 3517; x_wconf 88' lang='lat' dir='ltr'><strong>primo-</strong></span> 
     </span>
    </p>
   </div>
   <div class='ocr_carea' id='block_1_54' title="bbox 330 3539 1913 3613">
    <p class='ocr_par' dir='ltr' id='par_1_54' title="bbox 330 3539 1913 3613">
     <span class='ocr_line' id='line_1_54' title="bbox 330 3539 1913 3613; baseline -0.004 -16"><span class='ocrx_word' id='word_1_402' title='bbox 330 3543 547 3613; x_wconf 77' lang='lat' dir='ltr'><strong>genitus</strong></span> <span class='ocrx_word' id='word_1_403' title='bbox 581 3552 685 3609; x_wconf 89' lang='lat' dir='ltr'><strong>est,</strong></span> <span class='ocrx_word' id='word_1_404' title='bbox 716 3542 971 3610; x_wconf 89' lang='lat' dir='ltr'><strong>idemque</strong></span> <span class='ocrx_word' id='word_1_405' title='bbox 1011 3555 1079 3596; x_wconf 77' lang='lat' dir='ltr'><strong>ex</strong></span> <span class='ocrx_word' id='word_1_406' title='bbox 1129 3540 1397 3606; x_wconf 89' lang='lat' dir='ltr'><strong>mortuis,</strong></span> <span class='ocrx_word' id='word_1_407' title='bbox 1428 3539 1682 3610; x_wconf 65' lang='lat' dir='ltr'><strong>primitiae</strong></span> <span class='ocrx_word' id='word_1_408' title='bbox 1719 3553 1913 3594; x_wconf 89' lang='lat' dir='ltr'><strong>eorum</strong></span> 
     </span>
    </p>
   </div>
   <div class='ocr_carea' id='block_1_55' title="bbox 332 3633 1913 3704">
    <p class='ocr_par' dir='ltr' id='par_1_55' title="bbox 332 3633 1913 3704">
     <span class='ocr_line' id='line_1_55' title="bbox 332 3633 1913 3704; baseline -0.001 -16"><span class='ocrx_word' id='word_1_409' title='bbox 332 3635 426 3704; x_wconf 91' lang='lat' dir='ltr'><strong>qui</strong></span> <span class='ocrx_word' id='word_1_410' title='bbox 462 3634 807 3690; x_wconf 88' lang='lat' dir='ltr'><strong>dormierunt</strong></span> <span class='ocrx_word' id='word_1_411' title='bbox 842 3636 909 3702; x_wconf 76' lang='lat'><strong>&quot;,</strong></span> <span class='ocrx_word' id='word_1_412' title='bbox 944 3633 1167 3689; x_wconf 78' lang='lat' dir='ltr'><strong>revixit:</strong></span> <span class='ocrx_word' id='word_1_413' title='bbox 1205 3634 1280 3688; x_wconf 84' lang='lat' dir='ltr'><strong>ita</strong></span> <span class='ocrx_word' id='word_1_414' title='bbox 1315 3634 1448 3704; x_wconf 77' lang='lat' dir='ltr'><strong>quia</strong></span> <span class='ocrx_word' id='word_1_415' title='bbox 1477 3648 1603 3688; x_wconf 92' lang='lat' dir='ltr'><strong>eum</strong></span> <span class='ocrx_word' id='word_1_416' title='bbox 1641 3633 1697 3687; x_wconf 90' lang='lat' dir='ltr'><strong>in</strong></span> <span class='ocrx_word' id='word_1_417' title='bbox 1728 3633 1913 3688; x_wconf 86' lang='lat' dir='ltr'><strong>omni-</strong></span> 
     </span>
    </p>
   </div>
   <div class='ocr_carea' id='block_1_56' title="bbox 332 3723 1912 3794">
    <p class='ocr_par' dir='ltr' id='par_1_56' title="bbox 332 3723 1912 3794">
     <span class='ocr_line' id='line_1_56' title="bbox 332 3723 1912 3794; baseline -0.001 -16"><span class='ocrx_word' id='word_1_418' title='bbox 332 3723 437 3779; x_wconf 90' lang='lat' dir='ltr'><strong>bus</strong></span> <span class='ocrx_word' id='word_1_419' title='bbox 464 3725 701 3794; x_wconf 87' lang='lat' dir='ltr'><strong>primum</strong></span> <span class='ocrx_word' id='word_1_420' title='bbox 737 3724 919 3779; x_wconf 88' lang='lat' dir='ltr'><strong>locum</strong></span> <span class='ocrx_word' id='word_1_421' title='bbox 962 3723 1195 3779; x_wconf 87' lang='lat' dir='ltr'><strong>decebat</strong></span> <span class='ocrx_word' id='word_1_422' title='bbox 1240 3723 1489 3779; x_wconf 87' lang='lat' dir='ltr'><strong>obtinere</strong></span> <span class='ocrx_word' id='word_1_423' title='bbox 1515 3765 1531 3791; x_wconf 95' lang='lat'><strong>,</strong></span> <span class='ocrx_word' id='word_1_424' title='bbox 1574 3724 1698 3779; x_wconf 91' lang='lat' dir='ltr'><strong>ideo</strong></span> <span class='ocrx_word' id='word_1_425' title='bbox 1745 3724 1912 3778; x_wconf 90' lang='lat' dir='ltr'><strong>etiam</strong></span> 
     </span>
    </p>
   </div>
   <div class='ocr_carea' id='block_1_57' title="bbox 334 3815 1914 3887">
    <p class='ocr_par' dir='ltr' id='par_1_57' title="bbox 334 3815 1914 3887">
     <span class='ocr_line' id='line_1_57' title="bbox 334 3815 1914 3887; baseline -0.001 -16"><span class='ocrx_word' id='word_1_426' title='bbox 334 3818 664 3887; x_wconf 89' lang='lat' dir='ltr'><strong>principium</strong></span> <span class='ocrx_word' id='word_1_427' title='bbox 692 3817 909 3871; x_wconf 90' lang='lat' dir='ltr'><strong>viarum</strong></span> <span class='ocrx_word' id='word_1_428' title='bbox 945 3824 1183 3881; x_wconf 91' lang='lat' dir='ltr'><strong>creatur,</strong></span> <span class='ocrx_word' id='word_1_429' title='bbox 1211 3826 1272 3870; x_wconf 90' lang='lat' dir='ltr'><strong>ut</strong></span> <span class='ocrx_word' id='word_1_430' title='bbox 1294 3831 1390 3886; x_wconf 90' lang='lat' dir='ltr'><strong>per</strong></span> <span class='ocrx_word' id='word_1_431' title='bbox 1414 3815 1547 3871; x_wconf 88' lang='lat' dir='ltr'><strong>illud</strong></span> <span class='ocrx_word' id='word_1_432' title='bbox 1578 3815 1914 3882; x_wconf 89' lang='lat' dir='ltr'><strong>incedentes,</strong></span> 
     </span>
    </p>
   </div>
   <div class='ocr_carea' id='block_1_58' title="bbox 332 3909 1914 3982">
    <p class='ocr_par' dir='ltr' id='par_1_58' title="bbox 332 3909 1914 3982">
     <span class='ocr_line' id='line_1_58' title="bbox 332 3909 1914 3982; baseline -0.003 -13"><span class='ocrx_word' id='word_1_433' title='bbox 332 3922 388 3969; x_wconf 81' lang='lat' dir='ltr'><strong>et</strong></span> <span class='ocrx_word' id='word_1_434' title='bbox 420 3928 514 3982; x_wconf 89' lang='lat' dir='ltr'><strong>per</strong></span> <span class='ocrx_word' id='word_1_435' title='bbox 540 3912 738 3968; x_wconf 90' lang='lat' dir='ltr'><strong>Filium</strong></span> <span class='ocrx_word' id='word_1_436' title='bbox 767 3912 862 3982; x_wconf 89' lang='lat' dir='ltr'><strong>qui</strong></span> <span class='ocrx_word' id='word_1_437' title='bbox 890 3912 1001 3966; x_wconf 87' lang='lat' dir='ltr'><strong>ait:</strong></span> <span class='ocrx_word' id='word_1_438' title='bbox 1040 3909 1154 3981; x_wconf 87' lang='lat' dir='ltr'><strong>Ego</strong></span> <span class='ocrx_word' id='word_1_439' title='bbox 1179 3926 1297 3964; x_wconf 76' lang='lat' dir='ltr'><strong>sum</strong></span> <span class='ocrx_word' id='word_1_440' title='bbox 1335 3911 1424 3965; x_wconf 72' lang='lat' dir='ltr'><strong>via</strong></span> <span class='ocrx_word' id='word_1_441' title='bbox 1445 3918 1495 3962; x_wconf 82' lang='lat' dir='ltr'><strong>et</strong></span> <span class='ocrx_word' id='word_1_442' title='bbox 1525 3914 1697 3978; x_wconf 81' lang='lat' dir='ltr'><strong>jamta</strong></span> <span class='ocrx_word' id='word_1_443' title='bbox 1730 3910 1797 3977; x_wconf 69' lang='lat'><strong>&#39;9,</strong></span> <span class='ocrx_word' id='word_1_444' title='bbox 1829 3909 1914 3964; x_wconf 89' lang='lat' dir='ltr'><strong>in-</strong></span> 
     </span>
    </p>
   </div>
   <div class='ocr_carea' id='block_1_59' title="bbox 334 4000 1922 4077">
    <p class='ocr_par' dir='ltr' id='par_1_59' title="bbox 334 4000 1922 4077">
     <span class='ocr_line' id='line_1_59' title="bbox 334 4000 1922 4077; baseline -0.001 -19"><span class='ocrx_word' id='word_1_445' title='bbox 334 4006 510 4077; x_wconf 76' lang='lat' dir='ltr'><strong>gressi</strong></span> <span class='ocrx_word' id='word_1_446' title='bbox 550 4047 565 4072; x_wconf 94' lang='lat'><strong>,</strong></span> <span class='ocrx_word' id='word_1_447' title='bbox 609 4006 847 4074; x_wconf 81' lang='lat' dir='ltr'><strong>factique</strong></span> <span class='ocrx_word' id='word_1_448' title='bbox 879 4003 1209 4075; x_wconf 76' lang='lat' dir='ltr'><strong>cognitionis</strong></span> <span class='ocrx_word' id='word_1_449' title='bbox 1246 4000 1427 4057; x_wconf 86' lang='lat' dir='ltr'><strong>Patris</strong></span> <span class='ocrx_word' id='word_1_450' title='bbox 1453 4001 1780 4071; x_wconf 85' lang='lat' dir='ltr'><strong>participes,</strong></span> <span class='ocrx_word' id='word_1_451' title='bbox 1821 4016 1922 4057; x_wconf 92' lang='lat' dir='ltr'><strong>nos</strong></span> 
     </span>
    </p>
   </div>
   <div class='ocr_carea' id='block_1_60' title="bbox 2004 1888 3601 1963">
    <p class='ocr_par' dir='ltr' id='par_1_60' title="bbox 2004 1888 3601 1963">
     <span class='ocr_line' id='line_1_60' title="bbox 2004 1888 3601 1963; baseline -0.002 -17"><span class='ocrx_word' id='word_1_452' title='bbox 2004 1891 2332 1963; x_wconf 83' lang='grc' dir='ltr'>λανθρωπίᾳ</span> <span class='ocrx_word' id='word_1_453' title='bbox 2380 1894 2624 1962; x_wconf 83' lang='grc' dir='ltr'>πατρικῇ</span> <span class='ocrx_word' id='word_1_454' title='bbox 2680 1888 3028 1959; x_wconf 77' lang='grc' dir='ltr'>συγκαταϐὰς</span> <span class='ocrx_word' id='word_1_455' title='bbox 3075 1888 3400 1942; x_wconf 79' lang='grc' dir='ltr'>ἀντελάϐετο</span> <span class='ocrx_word' id='word_1_456' title='bbox 3426 1931 3441 1954; x_wconf 92' lang='grc'><strong>,</strong></span> <span class='ocrx_word' id='word_1_457' title='bbox 3491 1892 3601 1944; x_wconf 72' lang='grc' dir='ltr'><strong>καῖ</strong></span> 
     </span>
    </p>
   </div>
   <div class='ocr_carea' id='block_1_61' title="bbox 2005 1980 3605 2056">
    <p class='ocr_par' dir='ltr' id='par_1_61' title="bbox 2005 1980 3605 2056">
     <span class='ocr_line' id='line_1_61' title="bbox 2005 1980 3605 2056; baseline -0.003 -18"><span class='ocrx_word' id='word_1_458' title='bbox 2005 1985 2287 2056; x_wconf 82' lang='grc' dir='ltr'><strong>κρατήσας</strong></span> <span class='ocrx_word' id='word_1_459' title='bbox 2318 1984 2457 2037; x_wconf 84' lang='grc' dir='ltr'>αὐτά</span> <span class='ocrx_word' id='word_1_460' title='bbox 2486 1985 2566 2046; x_wconf 89' lang='grc' dir='ltr'><strong>εἰς</strong></span> <span class='ocrx_word' id='word_1_461' title='bbox 2599 1982 2791 2035; x_wconf 81' lang='grc' dir='ltr'>οὐσίαν</span> <span class='ocrx_word' id='word_1_462' title='bbox 2818 1983 3035 2053; x_wconf 75' lang='grc' dir='ltr'>ἤνεγκε.</span> <span class='ocrx_word' id='word_1_463' title='bbox 3078 1980 3191 2033; x_wconf 82' lang='grc' dir='ltr'><strong>Καὶ</strong></span> <span class='ocrx_word' id='word_1_464' title='bbox 3232 1980 3486 2053; x_wconf 81' lang='grc' dir='ltr'>δεύτερον</span> <span class='ocrx_word' id='word_1_465' title='bbox 3529 1981 3605 2034; x_wconf 55' lang='grc' dir='ltr'>δὲ</span> 
     </span>
    </p>
   </div>
   <div class='ocr_carea' id='block_1_62' title="bbox 2006 2070 3611 2144">
    <p class='ocr_par' dir='ltr' id='par_1_62' title="bbox 2006 2070 3611 2144">
     <span class='ocr_line' id='line_1_62' title="bbox 2006 2070 3611 2144; baseline -0.004 -14"><span class='ocrx_word' id='word_1_466' title='bbox 2006 2077 2189 2141; x_wconf 89' lang='grc' dir='ltr'>πάλιν,</span> <span class='ocrx_word' id='word_1_467' title='bbox 2222 2077 2303 2129; x_wconf 89' lang='grc' dir='ltr'>ὅτι</span> <span class='ocrx_word' id='word_1_468' title='bbox 2336 2077 2431 2129; x_wconf 73' lang='grc' dir='ltr'><strong>καὶ</strong></span> <span class='ocrx_word' id='word_1_469' title='bbox 2456 2073 2898 2143; x_wconf 79' lang='grc' dir='ltr'>συγκαταϐάντος</span> <span class='ocrx_word' id='word_1_470' title='bbox 2949 2071 3062 2144; x_wconf 85' lang='grc'>(50)</span> <span class='ocrx_word' id='word_1_471' title='bbox 3105 2070 3201 2126; x_wconf 79' lang='grc' dir='ltr'><strong>τοῦ</strong></span> <span class='ocrx_word' id='word_1_472' title='bbox 3243 2072 3440 2142; x_wconf 79' lang='grc' dir='ltr'>Λόγου,</span> <span class='ocrx_word' id='word_1_473' title='bbox 3476 2073 3611 2124; x_wconf 63' lang='grc' dir='ltr'>υἰο-ι</span> 
     </span>
    </p>
   </div>
   <div class='ocr_carea' id='block_1_63' title="bbox 2006 2161 3607 2238">
    <p class='ocr_par' dir='ltr' id='par_1_63' title="bbox 2006 2161 3607 2238">
     <span class='ocr_line' id='line_1_63' title="bbox 2006 2161 3607 2238; baseline -0.004 -19"><span class='ocrx_word' id='word_1_474' title='bbox 2006 2169 2240 2220; x_wconf 81' lang='grc' dir='ltr'>ποιεῖται</span> <span class='ocrx_word' id='word_1_475' title='bbox 2261 2165 2355 2220; x_wconf 75' lang='grc' dir='ltr'>καὶ</span> <span class='ocrx_word' id='word_1_476' title='bbox 2377 2164 2515 2238; x_wconf 79' lang='grc' dir='ltr'>αὐτὴ</span> <span class='ocrx_word' id='word_1_477' title='bbox 2544 2167 2576 2236; x_wconf 87' lang='grc' dir='ltr'>ἠ</span> <span class='ocrx_word' id='word_1_478' title='bbox 2603 2163 2783 2227; x_wconf 88' lang='grc' dir='ltr'>κτίσις</span> <span class='ocrx_word' id='word_1_479' title='bbox 2808 2162 2877 2217; x_wconf 85' lang='grc' dir='ltr'><strong>δι’</strong></span> <span class='ocrx_word' id='word_1_480' title='bbox 2909 2161 3074 2216; x_wconf 78' lang='grc' dir='ltr'>αὐτοῦ</span> <span class='ocrx_word' id='word_1_481' title='bbox 3106 2180 3120 2194; x_wconf 88' lang='grc'><strong>·</strong></span> <span class='ocrx_word' id='word_1_482' title='bbox 3153 2162 3240 2215; x_wconf 76' lang='grc' dir='ltr'><strong>ἵνα</strong></span> <span class='ocrx_word' id='word_1_483' title='bbox 3267 2162 3362 2216; x_wconf 75' lang='grc' dir='ltr'>καὶ</span> <span class='ocrx_word' id='word_1_484' title='bbox 3385 2162 3560 2234; x_wconf 84' lang='grc' dir='ltr'>αὐτῆς</span> <span class='ocrx_word' id='word_1_485' title='bbox 3573 2203 3607 2229; x_wconf 83' lang='grc'><strong>,.</strong></span> 
     </span>
    </p>
   </div>
   <div class='ocr_carea' id='block_1_64' title="bbox 2006 2255 3594 2329">
    <p class='ocr_par' dir='ltr' id='par_1_64' title="bbox 2006 2255 3594 2329">
     <span class='ocr_line' id='line_1_64' title="bbox 2006 2255 3594 2329; baseline -0.003 -16"><span class='ocrx_word' id='word_1_486' title='bbox 2006 2259 2257 2329; x_wconf 85' lang='grc' dir='ltr'>καθάπερ</span> <span class='ocrx_word' id='word_1_487' title='bbox 2290 2258 2529 2329; x_wconf 75' lang='grc' dir='ltr'>εἴρηται,</span> <span class='ocrx_word' id='word_1_488' title='bbox 2580 2256 2928 2329; x_wconf 86' lang='grc' dir='ltr'>πρωτότοκος</span> <span class='ocrx_word' id='word_1_489' title='bbox 2959 2256 3102 2311; x_wconf 89' lang='grc' dir='ltr'><strong>κατά</strong></span> <span class='ocrx_word' id='word_1_490' title='bbox 3136 2255 3317 2310; x_wconf 91' lang='grc' dir='ltr'>πάντα</span> <span class='ocrx_word' id='word_1_491' title='bbox 3342 2257 3594 2327; x_wconf 85' lang='grc' dir='ltr'>γένηται,</span> 
     </span>
    </p>
   </div>
   <div class='ocr_carea' id='block_1_65' title="bbox 2007 2346 3598 2420">
    <p class='ocr_par' dir='ltr' id='par_1_65' title="bbox 2007 2346 3598 2420">
     <span class='ocr_line' id='line_1_65' title="bbox 2007 2346 3598 2420; baseline -0.001 -18"><span class='ocrx_word' id='word_1_492' title='bbox 2007 2349 2065 2402; x_wconf 80' lang='grc' dir='ltr'>ἒν</span> <span class='ocrx_word' id='word_1_493' title='bbox 2097 2366 2156 2402; x_wconf 91' lang='grc' dir='ltr'><strong>τε</strong></span> <span class='ocrx_word' id='word_1_494' title='bbox 2182 2346 2260 2420; x_wconf 81' lang='grc' dir='ltr'>τῷ</span> <span class='ocrx_word' id='word_1_495' title='bbox 2297 2349 2525 2413; x_wconf 76' lang='grc' dir='ltr'>κτίζειν,</span> <span class='ocrx_word' id='word_1_496' title='bbox 2561 2348 2657 2401; x_wconf 75' lang='grc' dir='ltr'>καὶ</span> <span class='ocrx_word' id='word_1_497' title='bbox 2680 2349 2738 2400; x_wconf 80' lang='grc' dir='ltr'>ἐν</span> <span class='ocrx_word' id='word_1_498' title='bbox 2761 2347 2838 2418; x_wconf 81' lang='grc' dir='ltr'>τῷ</span> <span class='ocrx_word' id='word_1_499' title='bbox 2858 2347 3174 2417; x_wconf 80' lang='grc' dir='ltr'>εἰσάγεσθαι</span> <span class='ocrx_word' id='word_1_500' title='bbox 3203 2349 3345 2419; x_wconf 85' lang='grc' dir='ltr'><strong>ὑπὲρ</strong></span> <span class='ocrx_word' id='word_1_501' title='bbox 3375 2349 3598 2401; x_wconf 86' lang='grc' dir='ltr'>πάντων</span> 
     </span>
    </p>
   </div>
   <div class='ocr_carea' id='block_1_66' title="bbox 2008 2438 3598 2511">
    <p class='ocr_par' dir='ltr' id='par_1_66' title="bbox 2008 2438 3598 2511">
     <span class='ocr_line' id='line_1_66' title="bbox 2008 2438 3598 2511; baseline -0.001 -17"><span class='ocrx_word' id='word_1_502' title='bbox 2008 2442 2089 2504; x_wconf 89' lang='grc' dir='ltr'><strong>εἰς</strong></span> <span class='ocrx_word' id='word_1_503' title='bbox 2145 2440 2315 2511; x_wconf 82' lang='grc' dir='ltr'>αὐτὴν</span> <span class='ocrx_word' id='word_1_504' title='bbox 2352 2439 2464 2511; x_wconf 85' lang='grc'>(51)</span> <span class='ocrx_word' id='word_1_505' title='bbox 2512 2438 2611 2510; x_wconf 85' lang='grc' dir='ltr'>τὴν</span> <span class='ocrx_word' id='word_1_506' title='bbox 2643 2438 2991 2511; x_wconf 79' lang='grc' dir='ltr'>οἰκουμένην.</span> <span class='ocrx_word' id='word_1_507' title='bbox 3048 2439 3207 2493; x_wconf 77' lang='grc' dir='ltr'>Οὕτω</span> <span class='ocrx_word' id='word_1_508' title='bbox 3252 2440 3359 2511; x_wconf 78' lang='grc' dir='ltr'><strong>γὰρ</strong></span> <span class='ocrx_word' id='word_1_509' title='bbox 3388 2439 3598 2510; x_wconf 82' lang='grc' dir='ltr'>γέγρα-</span> 
     </span>
    </p>
   </div>
   <div class='ocr_carea' id='block_1_67' title="bbox 2009 2530 3603 2602">
    <p class='ocr_par' dir='ltr' id='par_1_67' title="bbox 2009 2530 3603 2602">
     <span class='ocr_line' id='line_1_67' title="bbox 2009 2530 3603 2602; baseline 0.003 -17"><span class='ocrx_word' id='word_1_510' title='bbox 2009 2549 2141 2586; x_wconf 91' lang='grc' dir='ltr'>πται</span> <span class='ocrx_word' id='word_1_511' title='bbox 2167 2548 2181 2562; x_wconf 76' lang='grc'><strong><em>⁸</em></strong></span> <span class='ocrx_word' id='word_1_512' title='bbox 2242 2531 2432 2584; x_wconf 82' lang='grc' dir='ltr'>Ὅταν</span> <span class='ocrx_word' id='word_1_513' title='bbox 2477 2530 2547 2584; x_wconf 83' lang='grc' dir='ltr'>δὲ</span> <span class='ocrx_word' id='word_1_514' title='bbox 2592 2531 2883 2602; x_wconf 76' lang='grc' dir='ltr'>εἰσαγάγῃ</span> <span class='ocrx_word' id='word_1_515' title='bbox 2922 2532 3030 2587; x_wconf 80' lang='grc' dir='ltr'><strong>τόν</strong></span> <span class='ocrx_word' id='word_1_516' title='bbox 3085 2536 3464 2602; x_wconf 82' lang='grc' dir='ltr'>πρωτότοκον</span> <span class='ocrx_word' id='word_1_517' title='bbox 3509 2541 3603 2601; x_wconf 74' lang='grc' dir='ltr'><strong>εἰς</strong></span> 
     </span>
    </p>
   </div>
   <div class='ocr_carea' id='block_1_68' title="bbox 2008 2622 3606 2695">
    <p class='ocr_par' dir='ltr' id='par_1_68' title="bbox 2008 2622 3606 2695">
     <span class='ocr_line' id='line_1_68' title="bbox 2008 2622 3606 2695; baseline 0.002 -18"><span class='ocrx_word' id='word_1_518' title='bbox 2008 2622 2124 2692; x_wconf 79' lang='grc' dir='ltr'>τὴν</span> <span class='ocrx_word' id='word_1_519' title='bbox 2169 2623 2552 2693; x_wconf 74' lang='grc' dir='ltr'>οἰκουμένην,</span> <span class='ocrx_word' id='word_1_520' title='bbox 2603 2622 2805 2693; x_wconf 76' lang='grc' dir='ltr'>λέγει·</span> <span class='ocrx_word' id='word_1_521' title='bbox 2834 2625 2944 2678; x_wconf 82' lang='lat' dir='ltr'><strong>Kal</strong></span> <span class='ocrx_word' id='word_1_522' title='bbox 2990 2626 3606 2695; x_wconf 77' lang='grc' dir='ltr'>προσκυνησάτωσαν</span> 
     </span>
    </p>
   </div>
   <div class='ocr_carea' id='block_1_69' title="bbox 2011 2714 3602 2790">
    <p class='ocr_par' dir='ltr' id='par_1_69' title="bbox 2011 2714 3602 2790">
     <span class='ocr_line' id='line_1_69' title="bbox 2011 2714 3602 2790; baseline 0.001 -20"><span class='ocrx_word' id='word_1_523' title='bbox 2011 2714 2173 2781; x_wconf 84' lang='grc' dir='ltr'>αὐτῷ</span> <span class='ocrx_word' id='word_1_524' title='bbox 2210 2714 2435 2782; x_wconf 85' lang='grc' dir='ltr'>πάντες</span> <span class='ocrx_word' id='word_1_525' title='bbox 2460 2715 2705 2786; x_wconf 79' lang='grc' dir='ltr'>ἄγγελοι</span> <span class='ocrx_word' id='word_1_526' title='bbox 2745 2716 2916 2771; x_wconf 83' lang='grc' dir='ltr'>Θεοῦ.</span> <span class='ocrx_word' id='word_1_527' title='bbox 2963 2717 3338 2772; x_wconf 82' lang='grc' dir='ltr'>Ἀκουέτωσαν</span> <span class='ocrx_word' id='word_1_528' title='bbox 3386 2717 3499 2790; x_wconf 74' lang='grc'>(52)</span> <span class='ocrx_word' id='word_1_529' title='bbox 3549 2722 3602 2772; x_wconf 85' lang='grc' dir='ltr'>οἱ</span> 
     </span>
    </p>
   </div>
   <div class='ocr_carea' id='block_1_70' title="bbox 2011 2809 3606 2882">
    <p class='ocr_par' dir='ltr' id='par_1_70' title="bbox 2011 2809 3606 2882">
     <span class='ocr_line' id='line_1_70' title="bbox 2011 2809 3606 2882; baseline 0.003 -21"><span class='ocrx_word' id='word_1_530' title='bbox 2011 2810 2367 2882; x_wconf 82' lang='grc' dir='ltr'>χριστομάχοι</span> <span class='ocrx_word' id='word_1_531' title='bbox 2392 2849 2406 2873; x_wconf 91' lang='grc'><strong>,</strong></span> <span class='ocrx_word' id='word_1_532' title='bbox 2442 2809 2539 2862; x_wconf 79' lang='grc' dir='ltr'>καὶ</span> <span class='ocrx_word' id='word_1_533' title='bbox 2574 2809 3036 2881; x_wconf 85' lang='grc' dir='ltr'>σπαραττέτωσαν</span> <span class='ocrx_word' id='word_1_534' title='bbox 3086 2812 3315 2876; x_wconf 81' lang='grc' dir='ltr'>ἑαυτοὺς</span> <span class='ocrx_word' id='word_1_535' title='bbox 3343 2850 3358 2875; x_wconf 93' lang='grc'><strong>,</strong></span> <span class='ocrx_word' id='word_1_536' title='bbox 3405 2812 3487 2865; x_wconf 83' lang='grc' dir='ltr'>ὅτι</span> <span class='ocrx_word' id='word_1_537' title='bbox 3536 2812 3606 2866; x_wconf 65' lang='grc' dir='ltr'>τδ</span> 
     </span>
    </p>
   </div>
   <div class='ocr_carea' id='block_1_71' title="bbox 2012 2902 3608 2975">
    <p class='ocr_par' dir='ltr' id='par_1_71' title="bbox 2012 2902 3608 2975">
     <span class='ocr_line' id='line_1_71' title="bbox 2012 2902 3608 2975; baseline 0.001 -19"><span class='ocrx_word' id='word_1_538' title='bbox 2012 2902 2272 2956; x_wconf 77' lang='grc' dir='ltr'>εἰσελθεῖν</span> <span class='ocrx_word' id='word_1_539' title='bbox 2296 2902 2458 2957; x_wconf 68' lang='grc' dir='ltr'>αὐτὸν</span> <span class='ocrx_word' id='word_1_540' title='bbox 2474 2905 2552 2966; x_wconf 88' lang='grc' dir='ltr'><strong>εἰς</strong></span> <span class='ocrx_word' id='word_1_541' title='bbox 2578 2902 2676 2975; x_wconf 79' lang='grc' dir='ltr'>τὴν</span> <span class='ocrx_word' id='word_1_542' title='bbox 2697 2903 3023 2974; x_wconf 85' lang='grc' dir='ltr'>οἰκουμένην</span> <span class='ocrx_word' id='word_1_543' title='bbox 3058 2904 3282 2974; x_wconf 75' lang='grc' dir='ltr'>ἐποίησε</span> <span class='ocrx_word' id='word_1_544' title='bbox 3325 2904 3418 2957; x_wconf 77' lang='grc' dir='ltr'>κα).</span> <span class='ocrx_word' id='word_1_545' title='bbox 3458 2921 3608 2974; x_wconf 88' lang='grc' dir='ltr'>πρω-</span> 
     </span>
    </p>
   </div>
   <div class='ocr_carea' id='block_1_72' title="bbox 2011 2992 3606 3067">
    <p class='ocr_par' dir='ltr' id='par_1_72' title="bbox 2011 2992 3606 3067">
     <span class='ocr_line' id='line_1_72' title="bbox 2011 2992 3606 3067; baseline 0.001 -20"><span class='ocrx_word' id='word_1_546' title='bbox 2011 2995 2230 3048; x_wconf 88' lang='grc' dir='ltr'>τότοκον</span> <span class='ocrx_word' id='word_1_547' title='bbox 2252 2994 2469 3049; x_wconf 88' lang='grc' dir='ltr'>πάντων</span> <span class='ocrx_word' id='word_1_548' title='bbox 2491 2994 2756 3065; x_wconf 84' lang='grc' dir='ltr'>κληθῆναι</span> <span class='ocrx_word' id='word_1_549' title='bbox 2775 3013 2789 3025; x_wconf 66' lang='grc' dir='ltr'>θ</span> <span class='ocrx_word' id='word_1_550' title='bbox 2817 2994 2956 3048; x_wconf 84' lang='grc' dir='ltr'>ὥστε</span> <span class='ocrx_word' id='word_1_551' title='bbox 2980 2995 3074 3048; x_wconf 79' lang='grc' dir='ltr'><strong>τοῦ</strong></span> <span class='ocrx_word' id='word_1_552' title='bbox 3097 2996 3194 3067; x_wconf 80' lang='grc' dir='ltr'>μὲν</span> <span class='ocrx_word' id='word_1_553' title='bbox 3217 2996 3432 3066; x_wconf 85' lang='grc' dir='ltr'>Πατρὸς</span> <span class='ocrx_word' id='word_1_554' title='bbox 3460 2992 3606 3049; x_wconf 73' lang='grc' dir='ltr'>εἶναι</span> 
     </span>
    </p>
   </div>
   <div class='ocr_carea' id='block_1_73' title="bbox 2012 3085 3603 3158">
    <p class='ocr_par' dir='ltr' id='par_1_73' title="bbox 2012 3085 3603 3158">
     <span class='ocr_line' id='line_1_73' title="bbox 2012 3085 3603 3158; baseline -0.001 -16"><span class='ocrx_word' id='word_1_555' title='bbox 2012 3086 2297 3158; x_wconf 84' lang='grc' dir='ltr'>Μονογενῆ</span> <span class='ocrx_word' id='word_1_556' title='bbox 2326 3088 2416 3140; x_wconf 85' lang='grc' dir='ltr'>τὸν</span> <span class='ocrx_word' id='word_1_557' title='bbox 2441 3088 2589 3150; x_wconf 86' lang='grc' dir='ltr'>Υἱὸν,</span> <span class='ocrx_word' id='word_1_558' title='bbox 2622 3087 2710 3140; x_wconf 81' lang='grc' dir='ltr'>διὰ</span> <span class='ocrx_word' id='word_1_559' title='bbox 2731 3087 2792 3140; x_wconf 78' lang='grc' dir='ltr'><strong>τὸ</strong></span> <span class='ocrx_word' id='word_1_560' title='bbox 2828 3086 2887 3150; x_wconf 79' lang='grc' dir='ltr'>ἐξ</span> <span class='ocrx_word' id='word_1_561' title='bbox 2907 3086 3071 3140; x_wconf 81' lang='grc' dir='ltr'>αὐτοῦ</span> <span class='ocrx_word' id='word_1_562' title='bbox 3111 3087 3269 3158; x_wconf 89' lang='grc' dir='ltr'>μόνον</span> <span class='ocrx_word' id='word_1_563' title='bbox 3294 3086 3456 3140; x_wconf 82' lang='grc' dir='ltr'>αὑτὸν</span> <span class='ocrx_word' id='word_1_564' title='bbox 3490 3085 3603 3157; x_wconf 70' lang='grc'>(55)</span> 
     </span>
    </p>
   </div>
   <div class='ocr_carea' id='block_1_74' title="bbox 2020 3172 3603 3248">
    <p class='ocr_par' dir='ltr' id='par_1_74' title="bbox 2020 3172 3603 3248">
     <span class='ocr_line' id='line_1_74' title="bbox 2020 3172 3603 3248; baseline 0 -19"><span class='ocrx_word' id='word_1_565' title='bbox 2020 3172 2177 3241; x_wconf 73' lang='grc' dir='ltr'>εἶναι,</span> <span class='ocrx_word' id='word_1_566' title='bbox 2203 3177 2307 3248; x_wconf 80' lang='grc' dir='ltr'>τῆς</span> <span class='ocrx_word' id='word_1_567' title='bbox 2335 3176 2393 3230; x_wconf 87' lang='grc' dir='ltr'>δὲ</span> <span class='ocrx_word' id='word_1_568' title='bbox 2421 3177 2653 3241; x_wconf 82' lang='grc' dir='ltr'>κτίσεως</span> <span class='ocrx_word' id='word_1_569' title='bbox 2696 3176 3036 3247; x_wconf 85' lang='grc' dir='ltr'>πρωτότοκον</span> <span class='ocrx_word' id='word_1_570' title='bbox 3065 3176 3154 3230; x_wconf 80' lang='grc' dir='ltr'><strong>διὰ</strong></span> <span class='ocrx_word' id='word_1_571' title='bbox 3184 3178 3284 3247; x_wconf 83' lang='grc' dir='ltr'>τὴν</span> <span class='ocrx_word' id='word_1_572' title='bbox 3317 3176 3425 3231; x_wconf 88' lang='grc' dir='ltr'>τῶν</span> <span class='ocrx_word' id='word_1_573' title='bbox 3459 3178 3603 3231; x_wconf 85' lang='grc' dir='ltr'>πάν-</span> 
     </span>
    </p>
   </div>
   <div class='ocr_carea' id='block_1_75' title="bbox 2016 3269 3611 3342">
    <p class='ocr_par' dir='ltr' id='par_1_75' title="bbox 2016 3269 3611 3342">
     <span class='ocr_line' id='line_1_75' title="bbox 2016 3269 3611 3342; baseline 0.001 -20"><span class='ocrx_word' id='word_1_574' title='bbox 2016 3286 2124 3323; x_wconf 87' lang='grc' dir='ltr'><strong>των</strong></span> <span class='ocrx_word' id='word_1_575' title='bbox 2151 3270 2474 3341; x_wconf 85' lang='grc' dir='ltr'>υἰοποίησιν.</span> <span class='ocrx_word' id='word_1_576' title='bbox 2507 3271 2594 3334; x_wconf 82' lang='grc' dir='ltr'>Ὠς</span> <span class='ocrx_word' id='word_1_577' title='bbox 2613 3269 2669 3323; x_wconf 87' lang='grc' dir='ltr'>δὲ</span> <span class='ocrx_word' id='word_1_578' title='bbox 2685 3270 2742 3323; x_wconf 86' lang='grc' dir='ltr'>ὲν</span> <span class='ocrx_word' id='word_1_579' title='bbox 2766 3270 3014 3338; x_wconf 76' lang='grc' dir='ltr'>ἀδελφοῖς</span> <span class='ocrx_word' id='word_1_580' title='bbox 3040 3269 3401 3342; x_wconf 88' lang='grc' dir='ltr'>πρωτότοκος,</span> <span class='ocrx_word' id='word_1_581' title='bbox 3425 3269 3520 3323; x_wconf 75' lang='grc' dir='ltr'><strong>καὶ</strong></span> <span class='ocrx_word' id='word_1_582' title='bbox 3537 3269 3611 3323; x_wconf 77' lang='grc' dir='ltr'>ὲκ</span> 
     </span>
    </p>
   </div>
   <div class='ocr_carea' id='block_1_76' title="bbox 2018 3355 3604 3432">
    <p class='ocr_par' dir='ltr' id='par_1_76' title="bbox 2018 3355 3604 3432">
     <span class='ocr_line' id='line_1_76' title="bbox 2018 3355 3604 3432; baseline -0.003 -19"><span class='ocrx_word' id='word_1_583' title='bbox 2018 3359 2227 3430; x_wconf 84' lang='grc' dir='ltr'>νεκρῶν</span> <span class='ocrx_word' id='word_1_584' title='bbox 2267 3359 2490 3432; x_wconf 83' lang='grc' dir='ltr'><strong>ἀπαρχὴ</strong></span> <span class='ocrx_word' id='word_1_585' title='bbox 2529 3359 2638 3412; x_wconf 83' lang='grc' dir='ltr'><strong>τῶν</strong></span> <span class='ocrx_word' id='word_1_586' title='bbox 2677 3356 3095 3428; x_wconf 85' lang='grc' dir='ltr'>κεκοιμημένων</span> <span class='ocrx_word' id='word_1_587' title='bbox 3120 3356 3319 3427; x_wconf 84' lang='grc' dir='ltr'>ἀνέστη</span> <span class='ocrx_word' id='word_1_588' title='bbox 3341 3373 3355 3387; x_wconf 72' lang='grc'><strong><em>⁸</em></strong></span> <span class='ocrx_word' id='word_1_589' title='bbox 3388 3355 3565 3419; x_wconf 82' lang='grc' dir='ltr'>οὕτως</span> <span class='ocrx_word' id='word_1_590' title='bbox 3588 3398 3604 3421; x_wconf 91' lang='grc'><strong>,</strong></span> 
     </span>
    </p>
   </div>
   <div class='ocr_carea' id='block_1_77' title="bbox 2018 3444 3606 3523">
    <p class='ocr_par' dir='ltr' id='par_1_77' title="bbox 2018 3444 3606 3523">
     <span class='ocr_line' id='line_1_77' title="bbox 2018 3444 3606 3523; baseline -0.002 -20"><span class='ocrx_word' id='word_1_591' title='bbox 2018 3450 2317 3523; x_wconf 75' lang='grc' dir='ltr'>ἐπειδήπερ</span> <span class='ocrx_word' id='word_1_592' title='bbox 2360 3449 2597 3522; x_wconf 76' lang='grc' dir='ltr'>ἔπρεπεν</span> <span class='ocrx_word' id='word_1_593' title='bbox 2633 3449 2691 3501; x_wconf 83' lang='grc' dir='ltr'>ὲν</span> <span class='ocrx_word' id='word_1_594' title='bbox 2729 3444 2895 3501; x_wconf 77' lang='grc' dir='ltr'>πᾶσιν</span> <span class='ocrx_word' id='word_1_595' title='bbox 2935 3447 3096 3501; x_wconf 76' lang='grc' dir='ltr'>αὐτὸν</span> <span class='ocrx_word' id='word_1_596' title='bbox 3132 3445 3455 3518; x_wconf 82' lang='grc' dir='ltr'>πρωτεύειν,</span> <span class='ocrx_word' id='word_1_597' title='bbox 3508 3445 3606 3500; x_wconf 71' lang='grc' dir='ltr'><strong>διὰ</strong></span> 
     </span>
    </p>
   </div>
   <div class='ocr_carea' id='block_1_78' title="bbox 2019 3535 3610 3613">
    <p class='ocr_par' dir='ltr' id='par_1_78' title="bbox 2019 3535 3610 3613">
     <span class='ocr_line' id='line_1_78' title="bbox 2019 3535 3610 3613; baseline -0.004 -18"><span class='ocrx_word' id='word_1_598' title='bbox 2019 3540 2178 3595; x_wconf 80' lang='grc' dir='ltr'>τοῦτο</span> <span class='ocrx_word' id='word_1_599' title='bbox 2190 3542 2282 3595; x_wconf 79' lang='grc' dir='ltr'>καὶ</span> <span class='ocrx_word' id='word_1_600' title='bbox 2299 3541 2441 3613; x_wconf 81' lang='grc' dir='ltr'>ἀρχὴ</span> <span class='ocrx_word' id='word_1_601' title='bbox 2458 3539 2592 3593; x_wconf 78' lang='grc' dir='ltr'>ὁδῶν</span> <span class='ocrx_word' id='word_1_602' title='bbox 2611 3539 2852 3604; x_wconf 79' lang='grc' dir='ltr'>κτίζεται</span> <span class='ocrx_word' id='word_1_603' title='bbox 2867 3554 2880 3567; x_wconf 77' lang='grc' dir='ltr'><strong>ο</strong></span> <span class='ocrx_word' id='word_1_604' title='bbox 2904 3537 3012 3603; x_wconf 84' lang='grc' dir='ltr'>ἵνα,</span> <span class='ocrx_word' id='word_1_605' title='bbox 3030 3536 3234 3609; x_wconf 82' lang='grc' dir='ltr'>ταύτης</span> <span class='ocrx_word' id='word_1_606' title='bbox 3250 3536 3362 3610; x_wconf 71' lang='grc'>(54)</span> <span class='ocrx_word' id='word_1_607' title='bbox 3377 3535 3610 3590; x_wconf 75' lang='grc' dir='ltr'>ἐπιϐάν-</span> 
     </span>
    </p>
   </div>
   <div class='ocr_carea' id='block_1_79' title="bbox 2012 3629 3599 3701">
    <p class='ocr_par' dir='ltr' id='par_1_79' title="bbox 2012 3629 3599 3701">
     <span class='ocr_line' id='line_1_79' title="bbox 2012 3629 3599 3701; baseline -0.004 -11"><span class='ocrx_word' id='word_1_608' title='bbox 2012 3653 2107 3701; x_wconf 88' lang='grc' dir='ltr'><strong>τες</strong></span> <span class='ocrx_word' id='word_1_609' title='bbox 2138 3637 2232 3691; x_wconf 81' lang='grc' dir='ltr'><strong>καὶ</strong></span> <span class='ocrx_word' id='word_1_610' title='bbox 2259 3634 2589 3698; x_wconf 84' lang='grc' dir='ltr'>εἰσελθόντες</span> <span class='ocrx_word' id='word_1_611' title='bbox 2619 3632 2685 3686; x_wconf 92' lang='grc' dir='ltr'><strong>δι’</strong></span> <span class='ocrx_word' id='word_1_612' title='bbox 2721 3630 2886 3686; x_wconf 77' lang='grc' dir='ltr'>αὐτοῦ</span> <span class='ocrx_word' id='word_1_613' title='bbox 2925 3629 3200 3700; x_wconf 86' lang='grc' dir='ltr'>λέγοντος,</span> <span class='ocrx_word' id='word_1_614' title='bbox 3249 3629 3389 3700; x_wconf 63' lang='grc' dir='ltr'><strong>Ἐγώ</strong></span> <span class='ocrx_word' id='word_1_615' title='bbox 3410 3633 3528 3699; x_wconf 82' lang='grc' dir='ltr'>εἰμι</span> <span class='ocrx_word' id='word_1_616' title='bbox 3556 3631 3599 3699; x_wconf 76' lang='grc' dir='ltr'><strong><em>ἡ</em></strong></span> 
     </span>
    </p>
   </div>
   <div class='ocr_carea' id='block_1_80' title="bbox 2019 3720 3604 3794">
    <p class='ocr_par' dir='ltr' id='par_1_80' title="bbox 2019 3720 3604 3794">
     <span class='ocr_line' id='line_1_80' title="bbox 2019 3720 3604 3794; baseline -0.004 -13"><span class='ocrx_word' id='word_1_617' title='bbox 2019 3725 2161 3790; x_wconf 78' lang='grc' dir='ltr'>ὁδός</span> <span class='ocrx_word' id='word_1_618' title='bbox 2193 3724 2292 3779; x_wconf 73' lang='grc' dir='ltr'><strong>καὶ</strong></span> <span class='ocrx_word' id='word_1_619' title='bbox 2331 3726 2369 3794; x_wconf 78' lang='grc' dir='ltr'><strong><em>ἠ</em></strong></span> <span class='ocrx_word' id='word_1_620' title='bbox 2405 3725 2573 3794; x_wconf 81' lang='grc' dir='ltr'>θύρα,</span> <span class='ocrx_word' id='word_1_621' title='bbox 2617 3721 3013 3794; x_wconf 82' lang='grc' dir='ltr'>μεταλαϐόντες</span> <span class='ocrx_word' id='word_1_622' title='bbox 3058 3739 3118 3776; x_wconf 89' lang='grc' dir='ltr'><strong>τε</strong></span> <span class='ocrx_word' id='word_1_623' title='bbox 3164 3720 3265 3792; x_wconf 79' lang='grc' dir='ltr'>τῆς</span> <span class='ocrx_word' id='word_1_624' title='bbox 3317 3722 3448 3791; x_wconf 76' lang='grc' dir='ltr'>περὶ</span> <span class='ocrx_word' id='word_1_625' title='bbox 3503 3720 3604 3774; x_wconf 80' lang='grc' dir='ltr'>τοῦ</span> 
     </span>
    </p>
   </div>
   <div class='ocr_carea' id='block_1_81' title="bbox 2024 3808 3611 3887">
    <p class='ocr_par' dir='ltr' id='par_1_81' title="bbox 2024 3808 3611 3887">
     <span class='ocr_line' id='line_1_81' title="bbox 2024 3808 3611 3887; baseline -0.002 -18"><span class='ocrx_word' id='word_1_626' title='bbox 2024 3816 2238 3887; x_wconf 85' lang='grc' dir='ltr'>Πατρὸς</span> <span class='ocrx_word' id='word_1_627' title='bbox 2265 3813 2541 3884; x_wconf 84' lang='grc' dir='ltr'>γνώσεως,</span> <span class='ocrx_word' id='word_1_628' title='bbox 2580 3812 2904 3885; x_wconf 83' lang='grc' dir='ltr'>ἀκούσωμεν</span> <span class='ocrx_word' id='word_1_629' title='bbox 2935 3813 3030 3866; x_wconf 77' lang='grc' dir='ltr'><strong>καὶ</strong></span> <span class='ocrx_word' id='word_1_630' title='bbox 3054 3813 3217 3883; x_wconf 80' lang='grc' dir='ltr'>ἡμεῖς</span> <span class='ocrx_word' id='word_1_631' title='bbox 3246 3828 3260 3843; x_wconf 89' lang='grc'><strong>·</strong></span> <span class='ocrx_word' id='word_1_632' title='bbox 3309 3808 3611 3881; x_wconf 79' lang='grc' dir='ltr'>Μακάριοι</span> 
     </span>
    </p>
   </div>
   <div class='ocr_carea' id='block_1_82' title="bbox 2021 3903 3618 3977">
    <p class='ocr_par' dir='ltr' id='par_1_82' title="bbox 2021 3903 3618 3977">
     <span class='ocr_line' id='line_1_82' title="bbox 2021 3903 3618 3977; baseline -0.004 -14"><span class='ocrx_word' id='word_1_633' title='bbox 2021 3910 2076 3963; x_wconf 87' lang='lat' dir='ltr'><strong>oi</strong></span> <span class='ocrx_word' id='word_1_634' title='bbox 2109 3907 2335 3977; x_wconf 80' lang='grc' dir='ltr'>ἄμωμοι</span> <span class='ocrx_word' id='word_1_635' title='bbox 2365 3908 2438 3961; x_wconf 80' lang='grc' dir='ltr'>ἐν</span> <span class='ocrx_word' id='word_1_636' title='bbox 2479 3904 2598 3971; x_wconf 83' lang='grc' dir='ltr'><strong>ὀδῷ</strong></span> <span class='ocrx_word' id='word_1_637' title='bbox 2629 3905 2765 3977; x_wconf 85' lang='grc'>(55),</span> <span class='ocrx_word' id='word_1_638' title='bbox 2798 3906 2913 3968; x_wconf 76' lang='grc' dir='ltr'>καὶ,</span> <span class='ocrx_word' id='word_1_639' title='bbox 2944 3903 3325 3974; x_wconf 60' lang='lat' dir='ltr'><strong>Maxdptotol</strong></span> <span class='ocrx_word' id='word_1_640' title='bbox 3358 3903 3618 3974; x_wconf 72' lang='grc' dir='ltr'>καθαροῒ</span> 
     </span>
    </p>
   </div>
   <div class='ocr_carea' id='block_1_83' title="bbox 2019 3997 3319 4069">
    <p class='ocr_par' dir='ltr' id='par_1_83' title="bbox 2019 3997 3319 4069">
     <span class='ocr_line' id='line_1_83' title="bbox 2019 3997 3319 4069; baseline -0.002 -16"><span class='ocrx_word' id='word_1_641' title='bbox 2019 4000 2096 4069; x_wconf 74' lang='grc' dir='ltr'><strong>τῇ</strong></span> <span class='ocrx_word' id='word_1_642' title='bbox 2128 3999 2364 4068; x_wconf 82' lang='grc' dir='ltr'>καρδίᾳ,</span> <span class='ocrx_word' id='word_1_643' title='bbox 2398 3998 2489 4053; x_wconf 87' lang='grc' dir='ltr'>ὅτι</span> <span class='ocrx_word' id='word_1_644' title='bbox 2517 3998 2687 4053; x_wconf 77' lang='grc' dir='ltr'>αὐτοὶ</span> <span class='ocrx_word' id='word_1_645' title='bbox 2728 3997 2836 4052; x_wconf 83' lang='grc' dir='ltr'>τὸν</span> <span class='ocrx_word' id='word_1_646' title='bbox 2861 3997 3013 4052; x_wconf 82' lang='grc' dir='ltr'>Θεὸν</span> <span class='ocrx_word' id='word_1_647' title='bbox 3045 3997 3319 4066; x_wconf 72' lang='grc' dir='ltr'>ὄψονται.</span> 
     </span>
    </p>
   </div>
   <div class='ocr_carea' id='block_1_84' title="bbox 331 4087 3612 4176">
    <p class='ocr_par' dir='ltr' id='par_1_84' title="bbox 331 4087 3612 4176">
     <span class='ocr_line' id='line_1_84' title="bbox 331 4087 3612 4176; baseline -0.002 -28"><span class='ocrx_word' id='word_1_648' title='bbox 331 4095 494 4149; x_wconf 85' lang='lat' dir='ltr'><strong>etiam</strong></span> <span class='ocrx_word' id='word_1_649' title='bbox 526 4094 855 4149; x_wconf 79' lang='lat' dir='ltr'><strong>audiamus:</strong></span> <span class='ocrx_word' id='word_1_650' title='bbox 893 4091 1042 4145; x_wconf 81' lang='lat' dir='ltr'><strong>Beati</strong></span> <span class='ocrx_word' id='word_1_651' title='bbox 1065 4091 1401 4146; x_wconf 87' lang='lat' dir='ltr'><strong>immaculati</strong></span> <span class='ocrx_word' id='word_1_652' title='bbox 1442 4092 1498 4147; x_wconf 88' lang='lat' dir='ltr'><strong>in</strong></span> <span class='ocrx_word' id='word_1_653' title='bbox 1543 4093 1652 4159; x_wconf 81' lang='lat' dir='ltr'><strong>via,</strong></span> <span class='ocrx_word' id='word_1_654' title='bbox 1706 4091 1797 4161; x_wconf 86' lang='lat' dir='ltr'><strong>qui</strong></span> <span class='ocrx_word' id='word_1_655' title='bbox 1836 4089 2112 4144; x_wconf 80' lang='lat' dir='ltr'><strong>ambulant</strong></span> <span class='ocrx_word' id='word_1_656' title='bbox 2165 4091 2221 4144; x_wconf 86' lang='lat' dir='ltr'><strong>in</strong></span> <span class='ocrx_word' id='word_1_657' title='bbox 2258 4091 2367 4160; x_wconf 85' lang='lat' dir='ltr'><strong>lege</strong></span> <span class='ocrx_word' id='word_1_658' title='bbox 2426 4089 2641 4144; x_wconf 82' lang='lat' dir='ltr'><strong>Domini</strong></span> <span class='ocrx_word' id='word_1_659' title='bbox 2680 4090 2762 4154; x_wconf 81' lang='lat'><strong>“;</strong></span> <span class='ocrx_word' id='word_1_660' title='bbox 2813 4099 2868 4145; x_wconf 88' lang='lat' dir='ltr'><strong>et</strong></span> <span class='ocrx_word' id='word_1_661' title='bbox 2903 4087 3110 4161; x_wconf 86' lang='lat' dir='ltr'><strong>:lBeati</strong></span> <span class='ocrx_word' id='word_1_662' title='bbox 3169 4087 3366 4142; x_wconf 86' lang='lat' dir='ltr'><strong>mundo</strong></span> <span class='ocrx_word' id='word_1_663' title='bbox 3406 4089 3564 4141; x_wconf 76' lang='lat' dir='ltr'><strong>corde</strong></span> <span class='ocrx_word' id='word_1_664' title='bbox 3593 4148 3612 4176; x_wconf 44' lang='grc' dir='ltr'><strong><em>ν</em></strong></span> 
     </span>
    </p>
   </div>
   <div class='ocr_carea' id='block_1_85' title="bbox 331 4181 1289 4255">
    <p class='ocr_par' dir='ltr' id='par_1_85' title="bbox 331 4181 1289 4255">
     <span class='ocr_line' id='line_1_85' title="bbox 331 4181 1289 4255; baseline 0 -17"><span class='ocrx_word' id='word_1_665' title='bbox 331 4186 581 4255; x_wconf 85' lang='lat' dir='ltr'><strong>quoniam</strong></span> <span class='ocrx_word' id='word_1_666' title='bbox 618 4184 719 4254; x_wconf 81' lang='lat' dir='ltr'><strong>ipsi</strong></span> <span class='ocrx_word' id='word_1_667' title='bbox 753 4183 921 4237; x_wconf 87' lang='lat' dir='ltr'><strong>Deum</strong></span> <span class='ocrx_word' id='word_1_668' title='bbox 948 4181 1192 4237; x_wconf 82' lang='lat' dir='ltr'><strong>videbunt</strong></span> <span class='ocrx_word' id='word_1_669' title='bbox 1222 4183 1289 4238; x_wconf 82' lang='lat'><strong>“.</strong></span> 
     </span>
    </p>
   </div>
   <div class='ocr_carea' id='block_1_86' title="bbox 406 4285 1910 4366">
    <p class='ocr_par' dir='ltr' id='par_1_86' title="bbox 406 4293 1910 4366">
     <span class='ocr_line' id='line_1_86' title="bbox 406 4293 1910 4366; baseline -0.004 -11"><span class='ocrx_word' id='word_1_670' title='bbox 406 4300 450 4333; x_wconf 85' lang='grc'><strong>¹⁸</strong></span> <span class='ocrx_word' id='word_1_671' title='bbox 477 4299 642 4355; x_wconf 85' lang='lat' dir='ltr'><strong>Hebr.</strong></span> <span class='ocrx_word' id='word_1_672' title='bbox 674 4315 714 4366; x_wconf 82' lang='grc' dir='ltr'><strong>ι,</strong></span> <span class='ocrx_word' id='word_1_673' title='bbox 743 4298 796 4354; x_wconf 88' lang='grc'>6.</span> <span class='ocrx_word' id='word_1_674' title='bbox 874 4299 918 4333; x_wconf 79' lang='grc'><strong>¹⁹</strong></span> <span class='ocrx_word' id='word_1_675' title='bbox 948 4297 968 4352; x_wconf 89' lang='lat' dir='ltr'><strong>l</strong></span> <span class='ocrx_word' id='word_1_676' title='bbox 1002 4298 1130 4356; x_wconf 87' lang='lat' dir='ltr'><strong>Cor.</strong></span> <span class='ocrx_word' id='word_1_677' title='bbox 1169 4314 1259 4366; x_wconf 76' lang='lat' dir='ltr'><strong>xv,</strong></span> <span class='ocrx_word' id='word_1_678' title='bbox 1287 4296 1378 4352; x_wconf 74' lang='lat'><strong>20.</strong></span> <span class='ocrx_word' id='word_1_679' title='bbox 1454 4298 1500 4330; x_wconf 79' lang='grc'><strong>⁸⁰</strong></span> <span class='ocrx_word' id='word_1_680' title='bbox 1526 4295 1684 4352; x_wconf 81' lang='lat' dir='ltr'><strong>Joan.</strong></span> <span class='ocrx_word' id='word_1_681' title='bbox 1722 4311 1834 4356; x_wconf 73' lang='lat' dir='ltr'><strong>xxv.</strong></span> <span class='ocrx_word' id='word_1_682' title='bbox 1864 4293 1910 4361; x_wconf 84' lang='lat'><strong>6;</strong></span> 
     </span>
    </p>
   </div>
   <div class='ocr_carea' id='block_1_87' title="bbox 2016 4285 3213 4366">
    <p class='ocr_par' dir='ltr' id='par_1_87' title="bbox 2045 4285 3213 4357">
     <span class='ocr_line' id='line_1_87' title="bbox 2045 4285 3213 4357; baseline -0.005 -11"><span class='ocrx_word' id='word_1_683' title='bbox 2045 4292 2099 4350; x_wconf 86' lang='grc'><strong>7.</strong></span> <span class='ocrx_word' id='word_1_684' title='bbox 2174 4293 2218 4325; x_wconf 82' lang='grc'>¹¹</span> <span class='ocrx_word' id='word_1_685' title='bbox 2245 4289 2391 4348; x_wconf 90' lang='lat' dir='ltr'><strong>Psal.</strong></span> <span class='ocrx_word' id='word_1_686' title='bbox 2414 4304 2606 4357; x_wconf 75' lang='lat' dir='ltr'><strong>cxvm,</strong></span> <span class='ocrx_word' id='word_1_687' title='bbox 2631 4289 2686 4345; x_wconf 80' lang='grc'>1.</span> <span class='ocrx_word' id='word_1_688' title='bbox 2759 4290 2805 4322; x_wconf 81' lang='grc'>²¹</span> <span class='ocrx_word' id='word_1_689' title='bbox 2828 4285 3018 4342; x_wconf 74' lang='lat' dir='ltr'><strong>Matth.</strong></span> <span class='ocrx_word' id='word_1_690' title='bbox 3069 4302 3123 4355; x_wconf 75' lang='grc' dir='ltr'><strong>ν,</strong></span> <span class='ocrx_word' id='word_1_691' title='bbox 3160 4285 3213 4341; x_wconf 92' lang='lat'><strong>8.</strong></span> 
     </span>
    </p>
   </div>
   <div class='ocr_carea' id='block_1_88' title="bbox 402 4440 1910 4530">
    <p class='ocr_par' dir='ltr' id='par_1_88' title="bbox 402 4450 1910 4530">
     <span class='ocr_line' id='line_1_88' title="bbox 402 4450 1910 4530; baseline -0.003 -21"><span class='ocrx_word' id='word_1_692' title='bbox 402 4455 515 4530; x_wconf 59' lang='grc'>(45)</span> <span class='ocrx_word' id='word_1_693' title='bbox 543 4453 688 4530; x_wconf 81' lang='lat' dir='ltr'><strong>Fele.</strong></span> <span class='ocrx_word' id='word_1_694' title='bbox 706 4455 766 4530; x_wconf 68' lang='lat'><strong>2.</strong></span> <span class='ocrx_word' id='word_1_695' title='bbox 803 4453 1040 4530; x_wconf 69' lang='lat' dir='ltr'><strong>etediti,</strong></span> <span class='ocrx_word' id='word_1_696' title='bbox 1059 4452 1282 4524; x_wconf 76' lang='grc' dir='ltr'>ἀψύχων</span> <span class='ocrx_word' id='word_1_697' title='bbox 1311 4450 1725 4530; x_wconf 43' lang='grc' dir='ltr'>αρτῶνλϐεειενί</span> <span class='ocrx_word' id='word_1_698' title='bbox 1752 4465 1910 4530; x_wconf 62' lang='lat' dir='ltr'><strong>mss,</strong></span> 
     </span>
    </p>
   </div>
   <div class='ocr_carea' id='block_1_89' title="bbox 2016 4440 3614 4530">
    <p class='ocr_par' dir='ltr' id='par_1_89' title="bbox 2020 4440 3614 4530">
     <span class='ocr_line' id='line_1_89' title="bbox 2020 4440 3614 4530; baseline -0.003 -28"><span class='ocrx_word' id='word_1_699' title='bbox 2020 4464 2180 4512; x_wconf 82' lang='lat' dir='ltr'><strong>niss.,</strong></span> <span class='ocrx_word' id='word_1_700' title='bbox 2216 4449 2294 4510; x_wconf 82' lang='grc' dir='ltr'><strong>εἰς</strong></span> <span class='ocrx_word' id='word_1_701' title='bbox 2312 4446 2500 4530; x_wconf 47' lang='grc' dir='ltr'>,αὐτὴν</span> <span class='ocrx_word' id='word_1_702' title='bbox 2526 4446 2671 4530; x_wconf 43' lang='grc' dir='ltr'>σήν,</span> <span class='ocrx_word' id='word_1_703' title='bbox 2722 4442 3211 4530; x_wconf 6' lang='grc' dir='ltr'>ειεκνιϋίςξγξςείε.</span> <span class='ocrx_word' id='word_1_704' title='bbox 3249 4440 3614 4530; x_wconf 38' lang='lat' dir='ltr'><strong>inclinari:</strong></span> 
     </span>
    </p>
   </div>
   <div class='ocr_carea' id='block_1_90' title="bbox 332 4520 1912 4601">
    <p class='ocr_par' dir='ltr' id='par_1_90' title="bbox 332 4520 1912 4601">
     <span class='ocr_line' id='line_1_90' title="bbox 332 4520 1912 4601; baseline -0.004 -21"><span class='ocrx_word' id='word_1_705' title='bbox 332 4520 558 4601; x_wconf 67' lang='grc' dir='ltr'>ἀψύχων</span> <span class='ocrx_word' id='word_1_706' title='bbox 586 4527 770 4601; x_wconf 72' lang='grc' dir='ltr'>αὐτόν.</span> <span class='ocrx_word' id='word_1_707' title='bbox 808 4524 945 4601; x_wconf 79' lang='lat' dir='ltr'><strong>Ibid.</strong></span> <span class='ocrx_word' id='word_1_708' title='bbox 973 4520 1661 4601; x_wconf 35' lang='lat' dir='ltr'><strong>Segu&#39;erian._Reg._-l_3a§il.</strong></span> <span class='ocrx_word' id='word_1_709' title='bbox 1696 4520 1912 4601; x_wconf 61' lang='lat' dir='ltr'><strong>Anglic.</strong></span> 
     </span>
    </p>
   </div>
   <div class='ocr_carea' id='block_1_91' title="bbox 333 4594 1916 4666">
    <p class='ocr_par' dir='ltr' id='par_1_91' title="bbox 333 4594 1916 4666">
     <span class='ocr_line' id='line_1_91' title="bbox 333 4594 1916 4666; baseline -0.006 -13"><span class='ocrx_word' id='word_1_710' title='bbox 333 4594 480 4653; x_wconf 68' lang='lat' dir='ltr'><strong>Fele.</strong></span> <span class='ocrx_word' id='word_1_711' title='bbox 506 4598 541 4651; x_wconf 73' lang='grc'><strong>4</strong></span> <span class='ocrx_word' id='word_1_712' title='bbox 578 4607 631 4651; x_wconf 87' lang='grc' dir='ltr'><strong>ει</strong></span> <span class='ocrx_word' id='word_1_713' title='bbox 655 4598 710 4657; x_wconf 81' lang='grc'><strong>5,</strong></span> <span class='ocrx_word' id='word_1_714' title='bbox 735 4596 1145 4666; x_wconf 59' lang='grc' dir='ltr'>ὑπονοήσουσιν,</span> <span class='ocrx_word' id='word_1_715' title='bbox 1177 4594 1322 4648; x_wconf 85' lang='lat' dir='ltr'><strong>Editi</strong></span> <span class='ocrx_word' id='word_1_716' title='bbox 1350 4594 1549 4666; x_wconf 77' lang='lat' dir='ltr'><strong>et_alii,</strong></span> <span class='ocrx_word' id='word_1_717' title='bbox 1575 4594 1916 4666; x_wconf 80' lang='grc' dir='ltr'>ὑπονοοῦσιν.</span> 
     </span>
    </p>
   </div>
   <div class='ocr_carea' id='block_1_92' title="bbox 408 4661 1922 4750">
    <p class='ocr_par' dir='ltr' id='par_1_92' title="bbox 408 4661 1922 4750">
     <span class='ocr_line' id='line_1_92' title="bbox 408 4661 1922 4750; baseline -0.004 -28"><span class='ocrx_word' id='word_1_718' title='bbox 408 4667 519 4750; x_wconf 76' lang='grc'>(46)</span> <span class='ocrx_word' id='word_1_719' title='bbox 554 4661 997 4750; x_wconf 45' lang='grc' dir='ltr'>δί.ς.5εξ,νιιεέ’ἱείιι.</span> <span class='ocrx_word' id='word_1_720' title='bbox 1048 4664 1361 4721; x_wconf 83' lang='lat' dir='ltr'><strong>Gohlerian.</strong></span> <span class='ocrx_word' id='word_1_721' title='bbox 1394 4662 1538 4719; x_wconf 84' lang='lat' dir='ltr'><strong>Felc.</strong></span> <span class='ocrx_word' id='word_1_722' title='bbox 1590 4666 1615 4718; x_wconf 79' lang='grc'><strong>1</strong></span> <span class='ocrx_word' id='word_1_723' title='bbox 1653 4674 1706 4718; x_wconf 97' lang='lat' dir='ltr'><strong>et</strong></span> <span class='ocrx_word' id='word_1_724' title='bbox 1729 4663 1784 4717; x_wconf 72' lang='grc'>4.</span> <span class='ocrx_word' id='word_1_725' title='bbox 1852 4661 1922 4716; x_wconf 78' lang='lat' dir='ltr'><strong>At</strong></span> 
     </span>
    </p>
   </div>
   <div class='ocr_carea' id='block_1_93' title="bbox 335 4735 961 4800">
    <p class='ocr_par' dir='ltr' id='par_1_93' title="bbox 335 4735 961 4800">
     <span class='ocr_line' id='line_1_93' title="bbox 335 4735 961 4800; baseline -0.011 -5"><span class='ocrx_word' id='word_1_726' title='bbox 335 4735 424 4795; x_wconf 86' lang='lat' dir='ltr'><strong>alii</strong></span> <span class='ocrx_word' id='word_1_727' title='bbox 449 4749 501 4792; x_wconf 81' lang='lat' dir='ltr'><strong>et</strong></span> <span class='ocrx_word' id='word_1_728' title='bbox 532 4739 686 4800; x_wconf 89' lang='lat' dir='ltr'><strong>editi,</strong></span> <span class='ocrx_word' id='word_1_729' title='bbox 716 4735 961 4790; x_wconf 79' lang='grc' dir='ltr'>τοιαῦτα.</span> 
     </span>
    </p>
   </div>
   <div class='ocr_carea' id='block_1_94' title="bbox 409 4801 1923 4878">
    <p class='ocr_par' dir='ltr' id='par_1_94' title="bbox 409 4801 1923 4878">
     <span class='ocr_line' id='line_1_94' title="bbox 409 4801 1923 4878; baseline -0.004 -17"><span class='ocrx_word' id='word_1_730' title='bbox 409 4808 957 4878; x_wconf 42' lang='lat' dir='ltr'><strong>(47)Seguerianust</strong></span> <span class='ocrx_word' id='word_1_731' title='bbox 994 4803 1493 4878; x_wconf 21' lang='lat' dir='ltr'><strong>Gohlerian.‘lf‘elc.</strong></span> <span class='ocrx_word' id='word_1_732' title='bbox 1551 4804 1577 4878; x_wconf 59' lang='grc' dir='ltr'><strong>ι</strong></span> <span class='ocrx_word' id='word_1_733' title='bbox 1623 4801 1923 4878; x_wconf 37' lang='grc' dir='ltr'>ει-ιπούτε</span> 
     </span>
    </p>
   </div>
   <div class='ocr_carea' id='block_1_95' title="bbox 335 4874 1925 4945">
    <p class='ocr_par' dir='ltr' id='par_1_95' title="bbox 335 4874 1925 4945">
     <span class='ocr_line' id='line_1_95' title="bbox 335 4874 1925 4945; baseline -0.004 -12"><span class='ocrx_word' id='word_1_734' title='bbox 335 4879 403 4933; x_wconf 83' lang='grc' dir='ltr'><strong>δι’</strong></span> <span class='ocrx_word' id='word_1_735' title='bbox 419 4874 645 4933; x_wconf 65' lang='grc' dir='ltr'>’ἑαύτόνξ</span> <span class='ocrx_word' id='word_1_736' title='bbox 669 4878 798 4945; x_wconf 73' lang='lat' dir='ltr'><strong>Reg.</strong></span> <span class='ocrx_word' id='word_1_737' title='bbox 836 4887 890 4931; x_wconf 90' lang='lat' dir='ltr'><strong>et</strong></span> <span class='ocrx_word' id='word_1_738' title='bbox 919 4876 1064 4931; x_wconf 87' lang='lat' dir='ltr'><strong>Felc.</strong></span> <span class='ocrx_word' id='word_1_739' title='bbox 1090 4878 1144 4934; x_wconf 83' lang='grc'><strong>5.</strong></span> <span class='ocrx_word' id='word_1_740' title='bbox 1192 4877 1253 4930; x_wconf 89' lang='grc' dir='ltr'>οὐ</span> <span class='ocrx_word' id='word_1_741' title='bbox 1303 4875 1369 4929; x_wconf 90' lang='grc' dir='ltr'><strong>δι’</strong></span> <span class='ocrx_word' id='word_1_742' title='bbox 1412 4874 1626 4930; x_wconf 78' lang='grc' dir='ltr'>ἑαυτόν.</span> <span class='ocrx_word' id='word_1_743' title='bbox 1676 4874 1925 4945; x_wconf 40' lang='grc' dir='ltr'><strong>Βσεὶιηρι</strong></span> 
     </span>
    </p>
   </div>
   <div class='ocr_carea' id='block_1_96' title="bbox 334 4943 1922 5018">
    <p class='ocr_par' dir='ltr' id='par_1_96' title="bbox 334 4943 1922 5018">
     <span class='ocr_line' id='line_1_96' title="bbox 334 4943 1922 5018; baseline -0.004 -15"><span class='ocrx_word' id='word_1_744' title='bbox 334 4951 571 5018; x_wconf 75' lang='lat' dir='ltr'><strong>Anglic,</strong></span> <span class='ocrx_word' id='word_1_745' title='bbox 599 4950 720 5003; x_wconf 79' lang='grc' dir='ltr'>οὐδὲ</span> <span class='ocrx_word' id='word_1_746' title='bbox 752 4943 830 5001; x_wconf 63' lang='grc' dir='ltr'>’δι’</span> <span class='ocrx_word' id='word_1_747' title='bbox 885 4947 1065 5002; x_wconf 85' lang='grc' dir='ltr'>αὐτόν.</span> <span class='ocrx_word' id='word_1_748' title='bbox 1126 4946 1321 5003; x_wconf 62' lang='lat' dir='ltr'><strong>Caneri</strong></span> <span class='ocrx_word' id='word_1_749' title='bbox 1373 4958 1428 5000; x_wconf 85' lang='lat' dir='ltr'><strong>et</strong></span> <span class='ocrx_word' id='word_1_750' title='bbox 1475 4947 1629 5010; x_wconf 84' lang='lat' dir='ltr'><strong>editi,</strong></span> <span class='ocrx_word' id='word_1_751' title='bbox 1675 4944 1797 4998; x_wconf 80' lang='grc' dir='ltr'>οὐδὲ</span> <span class='ocrx_word' id='word_1_752' title='bbox 1853 4943 1922 4997; x_wconf 85' lang='grc' dir='ltr'><strong>δι’</strong></span> 
     </span>
    </p>
   </div>
   <div class='ocr_carea' id='block_1_97' title="bbox 335 5021 553 5074">
    <p class='ocr_par' dir='ltr' id='par_1_97' title="bbox 335 5021 553 5074">
     <span class='ocr_line' id='line_1_97' title="bbox 335 5021 553 5074; baseline 0 0"><span class='ocrx_word' id='word_1_753' title='bbox 335 5021 553 5074; x_wconf 81' lang='grc' dir='ltr'>ἑαυτόν.</span> 
     </span>
    </p>
   </div>
   <div class='ocr_carea' id='block_1_98' title="bbox 409 5084 1920 5214">
    <p class='ocr_par' dir='ltr' id='par_1_98' title="bbox 409 5084 1920 5214">
     <span class='ocr_line' id='line_1_98' title="bbox 409 5084 1920 5214; baseline -0.004 -69"><span class='ocrx_word' id='word_1_754' title='bbox 409 5090 521 5214; x_wconf 53' lang='lat'>(«28)</span> <span class='ocrx_word' id='word_1_755' title='bbox 555 5089 900 5160; x_wconf 82' lang='lat' dir='ltr'><strong>Seguerian.,</strong></span> <span class='ocrx_word' id='word_1_756' title='bbox 938 5099 992 5145; x_wconf 89' lang='lat' dir='ltr'><strong>et</strong></span> <span class='ocrx_word' id='word_1_757' title='bbox 1038 5086 1199 5159; x_wconf 80' lang='lat' dir='ltr'><strong>Reg.,</strong></span> <span class='ocrx_word' id='word_1_758' title='bbox 1238 5087 1431 5158; x_wconf 80' lang='grc' dir='ltr'>αὐτῆς.</span> <span class='ocrx_word' id='word_1_759' title='bbox 1491 5086 1598 5140; x_wconf 86' lang='lat' dir='ltr'><strong>Alii</strong></span> <span class='ocrx_word' id='word_1_760' title='bbox 1666 5094 1723 5140; x_wconf 86' lang='lat' dir='ltr'><strong>et</strong></span> <span class='ocrx_word' id='word_1_761' title='bbox 1766 5084 1920 5152; x_wconf 91' lang='lat' dir='ltr'><strong>editi,</strong></span> 
     </span>
     <span class='ocr_line' id='line_1_99' title="bbox 409 5177 518 5214; baseline 0.028 -3"><span class='ocrx_word' id='word_1_762' title='bbox 409 5177 437 5211; x_wconf 92' lang='grc' dir='ltr'><strong>τ</strong></span> <span class='ocrx_word' id='word_1_763' title='bbox 472 5177 518 5214; x_wconf 75' lang='grc' dir='ltr'><strong>ς.</strong></span> 
     </span>
    </p>
   </div>
   <div class='ocr_carea' id='block_1_99' title="bbox 335 5161 518 5223">
    <p class='ocr_par' dir='ltr' id='par_1_99' title="bbox 335 5161 518 5223">
     <span class='ocr_line' id='line_1_100' title="bbox 335 5161 518 5223; baseline 0 -8"><span class='ocrx_word' id='word_1_764' title='bbox 335 5161 518 5223; x_wconf 83' lang='grc' dir='ltr'>αὐτός.</span> 
     </span>
    </p>
   </div>
   <div class='ocr_carea' id='block_1_100' title="bbox 410 5228 1176 5301">
    <p class='ocr_par' dir='ltr' id='par_1_100' title="bbox 410 5228 1176 5301">
     <span class='ocr_line' id='line_1_101' title="bbox 410 5228 1176 5301; baseline -0.001 -17"><span class='ocrx_word' id='word_1_765' title='bbox 410 5232 521 5298; x_wconf 75' lang='grc'>(49)</span> <span class='ocrx_word' id='word_1_766' title='bbox 563 5228 882 5299; x_wconf 73' lang='lat' dir='ltr'><strong>Seguerian.</strong></span> <span class='ocrx_word' id='word_1_767' title='bbox 918 5231 1176 5301; x_wconf 72' lang='grc' dir='ltr'>ἤνεγκαν.</span> 
     </span>
    </p>
   </div>
   <div class='ocr_carea' id='block_1_101' title="bbox 412 5295 1928 5370">
    <p class='ocr_par' dir='ltr' id='par_1_101' title="bbox 412 5295 1928 5370">
     <span class='ocr_line' id='line_1_102' title="bbox 412 5295 1928 5370; baseline -0.008 -10"><span class='ocrx_word' id='word_1_768' title='bbox 412 5295 525 5370; x_wconf 73' lang='grc'>(50)</span> <span class='ocrx_word' id='word_1_769' title='bbox 557 5295 1278 5367; x_wconf 60' lang='grc' dir='ltr'>δυᾴιιοτίειηιιεζῦὸυιειιὶση.</span> <span class='ocrx_word' id='word_1_770' title='bbox 1310 5297 1454 5352; x_wconf 86' lang='lat' dir='ltr'><strong>Felc.</strong></span> <span class='ocrx_word' id='word_1_771' title='bbox 1490 5296 1512 5370; x_wconf 64' lang='grc' dir='ltr'><strong>ί</strong></span> <span class='ocrx_word' id='word_1_772' title='bbox 1546 5306 1601 5352; x_wconf 87' lang='lat' dir='ltr'><strong>et</strong></span> <span class='ocrx_word' id='word_1_773' title='bbox 1630 5297 1684 5363; x_wconf 69' lang='grc'>4,</span> <span class='ocrx_word' id='word_1_774' title='bbox 1716 5295 1928 5370; x_wconf 35' lang='grc' dir='ltr'>ὅτι-καὶ</span> 
     </span>
    </p>
   </div>
   <div class='ocr_carea' id='block_1_102' title="bbox 339 5365 1922 5441">
    <p class='ocr_par' dir='ltr' id='par_1_102' title="bbox 339 5365 1922 5441">
     <span class='ocr_line' id='line_1_103' title="bbox 339 5365 1922 5441; baseline -0.004 -16"><span class='ocrx_word' id='word_1_775' title='bbox 339 5365 805 5441; x_wconf 79' lang='grc' dir='ltr'>συγκαταϐάντος.</span> <span class='ocrx_word' id='word_1_776' title='bbox 839 5371 896 5424; x_wconf 89' lang='lat' dir='ltr'><strong>lu</strong></span> <span class='ocrx_word' id='word_1_777' title='bbox 928 5373 1051 5426; x_wconf 88' lang='lat' dir='ltr'><strong>aliis</strong></span> <span class='ocrx_word' id='word_1_778' title='bbox 1095 5379 1149 5426; x_wconf 86' lang='lat' dir='ltr'><strong>et</strong></span> <span class='ocrx_word' id='word_1_779' title='bbox 1203 5370 1366 5441; x_wconf 78' lang='lat' dir='ltr'><strong>editis</strong></span> <span class='ocrx_word' id='word_1_780' title='bbox 1414 5367 1509 5422; x_wconf 84' lang='grc' dir='ltr'><strong>καί</strong></span> <span class='ocrx_word' id='word_1_781' title='bbox 1553 5370 1747 5441; x_wconf 46' lang='grc' dir='ltr'>ιιεεειτ-</span> <span class='ocrx_word' id='word_1_782' title='bbox 1784 5365 1922 5420; x_wconf 88' lang='lat' dir='ltr'><strong>lbid.</strong></span> 
     </span>
    </p>
   </div>
   <div class='ocr_carea' id='block_1_103' title="bbox 339 5437 1924 5513">
    <p class='ocr_par' dir='ltr' id='par_1_103' title="bbox 339 5437 1924 5513">
     <span class='ocr_line' id='line_1_104' title="bbox 339 5437 1924 5513; baseline -0.006 -16"><span class='ocrx_word' id='word_1_783' title='bbox 339 5437 498 5512; x_wconf 43' lang='lat' dir='ltr'><strong>Reg”</strong></span> <span class='ocrx_word' id='word_1_784' title='bbox 525 5442 911 5513; x_wconf 58' lang='lat' dir='ltr'><strong>pietateizatj</strong></span> <span class='ocrx_word' id='word_1_785' title='bbox 945 5441 1121 5506; x_wconf 80' lang='grc' dir='ltr'>κτίσις</span> <span class='ocrx_word' id='word_1_786' title='bbox 1156 5440 1393 5513; x_wconf 31' lang='grc' dir='ltr'>ἴνα-καί,</span> <span class='ocrx_word' id='word_1_787' title='bbox 1425 5449 1529 5513; x_wconf 71' lang='lat' dir='ltr'><strong>etc.</strong></span> <span class='ocrx_word' id='word_1_788' title='bbox 1562 5437 1924 5513; x_wconf 77' lang='lat' dir='ltr'><strong>Mox_Segue_-</strong></span> 
     </span>
    </p>
   </div>
   <div class='ocr_carea' id='block_1_104' title="bbox 339 5505 1926 5595">
    <p class='ocr_par' dir='ltr' id='par_1_104' title="bbox 339 5505 1926 5595">
     <span class='ocr_line' id='line_1_105' title="bbox 339 5505 1926 5595; baseline -0.004 -28"><span class='ocrx_word' id='word_1_789' title='bbox 339 5505 493 5595; x_wconf 43' lang='lat' dir='ltr'><strong>ringi.</strong></span> <span class='ocrx_word' id='word_1_790' title='bbox 514 5505 998 5595; x_wconf 38' lang='lat' dir='ltr'><strong>Gybleriau‘._bjelc.</strong></span> <span class='ocrx_word' id='word_1_791' title='bbox 1135 5511 1390 5595; x_wconf 59' lang='grc' dir='ltr'>καθάπερ</span> <span class='ocrx_word' id='word_1_792' title='bbox 1419 5509 1657 5595; x_wconf 82' lang='grc' dir='ltr'>εἴρηται.</span> <span class='ocrx_word' id='word_1_793' title='bbox 1693 5505 1839 5595; x_wconf 59' lang='grc' dir='ltr'>εἰς.</span> <span class='ocrx_word' id='word_1_794' title='bbox 1866 5505 1926 5595; x_wconf 50' lang='grc' dir='ltr'><strong>ἀι,</strong></span> 
     </span>
    </p>
   </div>
   <div class='ocr_carea' id='block_1_105' title="bbox 337 5578 1926 5654">
    <p class='ocr_par' dir='ltr' id='par_1_105' title="bbox 337 5578 1926 5654">
     <span class='ocr_line' id='line_1_106' title="bbox 337 5578 1926 5654; baseline -0.004 -18"><span class='ocrx_word' id='word_1_795' title='bbox 337 5582 484 5636; x_wconf 88' lang='grc' dir='ltr'><strong>καθά</strong></span> <span class='ocrx_word' id='word_1_796' title='bbox 520 5581 753 5654; x_wconf 62' lang='grc' dir='ltr'>εἴρηται.</span> <span class='ocrx_word' id='word_1_797' title='bbox 776 5580 915 5654; x_wconf 81' lang='lat' dir='ltr'><strong>Editi</strong></span> <span class='ocrx_word' id='word_1_798' title='bbox 944 5590 997 5654; x_wconf 86' lang='lat' dir='ltr'><strong>et</strong></span> <span class='ocrx_word' id='word_1_799' title='bbox 1025 5584 1136 5654; x_wconf 88' lang='lat' dir='ltr'><strong>alii,</strong></span> <span class='ocrx_word' id='word_1_800' title='bbox 1159 5581 1304 5654; x_wconf 67' lang='grc' dir='ltr'><strong>καθά</strong></span> <span class='ocrx_word' id='word_1_801' title='bbox 1337 5578 1678 5654; x_wconf 74' lang='grc' dir='ltr'>προείρηται.</span> <span class='ocrx_word' id='word_1_802' title='bbox 1701 5578 1926 5654; x_wconf 71' lang='lat' dir='ltr'><strong>ibidem,</strong></span> 
     </span>
    </p>
   </div>
   <div class='ocr_carea' id='block_1_106' title="bbox 339 5648 1931 5734">
    <p class='ocr_par' dir='ltr' id='par_1_106' title="bbox 339 5648 1931 5734">
     <span class='ocr_line' id='line_1_107' title="bbox 339 5648 1931 5734; baseline -0.003 -26"><span class='ocrx_word' id='word_1_803' title='bbox 339 5648 823 5734; x_wconf 51' lang='lat' dir='ltr'><strong>segueriaij.ni{eg.</strong></span> <span class='ocrx_word' id='word_1_804' title='bbox 857 5653 1166 5734; x_wconf 55' lang='lat' dir='ltr'><strong>(iobleriau.</strong></span> <span class='ocrx_word' id='word_1_805' title='bbox 1200 5652 1343 5734; x_wconf 56' lang='lat' dir='ltr'><strong>Eelc.</strong></span> <span class='ocrx_word' id='word_1_806' title='bbox 1365 5648 1393 5705; x_wconf 68' lang='grc' dir='ltr'>Ι</span> <span class='ocrx_word' id='word_1_807' title='bbox 1429 5648 1565 5734; x_wconf 49' lang='lat' dir='ltr'><strong>et},</strong></span> <span class='ocrx_word' id='word_1_808' title='bbox 1587 5650 1731 5706; x_wconf 81' lang='grc' dir='ltr'>κατὰ</span> <span class='ocrx_word' id='word_1_809' title='bbox 1753 5648 1931 5704; x_wconf 83' lang='grc' dir='ltr'>πάντα</span> 
     </span>
    </p>
   </div>
   <div class='ocr_carea' id='block_1_107' title="bbox 335 5721 1927 5868">
    <p class='ocr_par' dir='ltr' id='par_1_107' title="bbox 335 5721 1927 5868">
     <span class='ocr_line' id='line_1_108' title="bbox 335 5721 1686 5849; baseline -0.002 -72"><span class='ocrx_word' id='word_1_810' title='bbox 335 5721 583 5849; x_wconf 40' lang='lat' dir='ltr'><strong>veram.</strong></span> <span class='ocrx_word' id='word_1_811' title='bbox 606 5722 712 5777; x_wconf 80' lang='lat' dir='ltr'><strong>Alii</strong></span> <span class='ocrx_word' id='word_1_812' title='bbox 738 5730 792 5777; x_wconf 87' lang='lat' dir='ltr'><strong>et</strong></span> <span class='ocrx_word' id='word_1_813' title='bbox 819 5723 971 5789; x_wconf 87' lang='lat' dir='ltr'><strong>editi,</strong></span> <span class='ocrx_word' id='word_1_814' title='bbox 1006 5722 1147 5776; x_wconf 89' lang='grc' dir='ltr'><strong>κατά</strong></span> <span class='ocrx_word' id='word_1_815' title='bbox 1176 5722 1353 5775; x_wconf 85' lang='grc' dir='ltr'>πάντα</span> <span class='ocrx_word' id='word_1_816' title='bbox 1379 5721 1686 5793; x_wconf 88' lang='grc' dir='ltr'>γεγένηται.</span> 
     </span>
     <span class='ocr_line' id='line_1_109' title="bbox 414 5790 1927 5868; baseline -0.001 -20"><span class='ocrx_word' id='word_1_817' title='bbox 414 5798 432 5868; x_wconf 93' lang='grc'><strong>(</strong></span> <span class='ocrx_word' id='word_1_818' title='bbox 479 5792 791 5865; x_wconf 83' lang='lat' dir='ltr'><strong>l)Felckm.</strong></span> <span class='ocrx_word' id='word_1_819' title='bbox 854 5791 909 5861; x_wconf 78' lang='lat'><strong>2,</strong></span> <span class='ocrx_word' id='word_1_820' title='bbox 956 5804 1011 5850; x_wconf 88' lang='lat' dir='ltr'><strong>et</strong></span> <span class='ocrx_word' id='word_1_821' title='bbox 1068 5793 1220 5862; x_wconf 88' lang='lat' dir='ltr'><strong>editi,</strong></span> <span class='ocrx_word' id='word_1_822' title='bbox 1272 5793 1350 5856; x_wconf 78' lang='grc' dir='ltr'><strong>εἰς</strong></span> <span class='ocrx_word' id='word_1_823' title='bbox 1402 5792 1526 5863; x_wconf 82' lang='grc' dir='ltr'>τήν,</span> <span class='ocrx_word' id='word_1_824' title='bbox 1587 5801 1692 5850; x_wconf 84' lang='lat' dir='ltr'><strong>etc.</strong></span> <span class='ocrx_word' id='word_1_825' title='bbox 1735 5790 1927 5849; x_wconf 69' lang='lat' dir='ltr'><strong>(laetari</strong></span> 
     </span>
    </p>
   </div>
   <div class='ocr_carea' id='block_1_108' title="bbox 2019 4512 3622 4604">
    <p class='ocr_par' dir='ltr' id='par_1_108' title="bbox 2019 4512 3622 4604">
     <span class='ocr_line' id='line_1_110' title="bbox 2019 4512 3622 4604; baseline -0.002 -30"><span class='ocrx_word' id='word_1_826' title='bbox 2019 4535 2283 4604; x_wconf 57' lang='grc' dir='ltr'>γραπται.</span> <span class='ocrx_word' id='word_1_827' title='bbox 2300 4512 2950 4604; x_wconf 44' lang='grc' dir='ltr'>Ἰιειιιςίὺίύξδεευει-ἰειι.</span> <span class='ocrx_word' id='word_1_828' title='bbox 2974 4514 3289 4569; x_wconf 87' lang='lat' dir='ltr'><strong>Gohlerian.</strong></span> <span class='ocrx_word' id='word_1_829' title='bbox 3313 4512 3460 4569; x_wconf 87' lang='lat' dir='ltr'><strong>Felc.</strong></span> <span class='ocrx_word' id='word_1_830' title='bbox 3500 4514 3523 4568; x_wconf 80' lang='grc'><strong>1</strong></span> <span class='ocrx_word' id='word_1_831' title='bbox 3553 4524 3622 4570; x_wconf 75' lang='grc' dir='ltr'><strong>ει</strong></span> 
     </span>
    </p>
   </div>
   <div class='ocr_carea' id='block_1_109' title="bbox 2024 4589 3615 4731">
    <p class='ocr_par' dir='ltr' id='par_1_109' title="bbox 2024 4589 3615 4731">
     <span class='ocr_line' id='line_1_111' title="bbox 2024 4589 2555 4659; baseline -0.008 -14"><span class='ocrx_word' id='word_1_832' title='bbox 2024 4589 2079 4657; x_wconf 81' lang='grc'>4,</span> <span class='ocrx_word' id='word_1_833' title='bbox 2111 4591 2237 4642; x_wconf 86' lang='grc' dir='ltr'>ὅταν</span> <span class='ocrx_word' id='word_1_834' title='bbox 2265 4589 2555 4659; x_wconf 85' lang='grc' dir='ltr'>εἰσαγάγῃ.</span> 
     </span>
     <span class='ocr_line' id='line_1_112' title="bbox 2093 4653 3615 4731; baseline -0.005 -17"><span class='ocrx_word' id='word_1_835' title='bbox 2093 4660 2204 4730; x_wconf 69' lang='grc'>(52)</span> <span class='ocrx_word' id='word_1_836' title='bbox 2238 4658 2581 4731; x_wconf 83' lang='lat' dir='ltr'><strong>Segueriau.,</strong></span> <span class='ocrx_word' id='word_1_837' title='bbox 2607 4655 3016 4711; x_wconf 85' lang='grc' dir='ltr'>ἀκουσάτωσαν.</span> <span class='ocrx_word' id='word_1_838' title='bbox 3041 4653 3149 4708; x_wconf 83' lang='lat' dir='ltr'><strong>Alii</strong></span> <span class='ocrx_word' id='word_1_839' title='bbox 3180 4662 3236 4709; x_wconf 86' lang='lat' dir='ltr'><strong>et</strong></span> <span class='ocrx_word' id='word_1_840' title='bbox 3256 4653 3407 4719; x_wconf 88' lang='lat' dir='ltr'><strong>editi,</strong></span> <span class='ocrx_word' id='word_1_841' title='bbox 3444 4654 3615 4708; x_wconf 89' lang='grc' dir='ltr'>ἀκου-</span> 
     </span>
    </p>
   </div>
   <div class='ocr_carea' id='block_1_110' title="bbox 2022 4731 3613 4871">
    <p class='ocr_par' dir='ltr' id='par_1_110' title="bbox 2022 4731 3613 4871">
     <span class='ocr_line' id='line_1_113' title="bbox 2022 4731 3613 4871; baseline -0.006 -15"><span class='ocrx_word' id='word_1_842' title='bbox 2022 4731 2412 4871; x_wconf 39' lang='lat' dir='ltr'><strong>“ignem</strong></span> <span class='ocrx_word' id='word_1_843' title='bbox 2441 4800 2594 4871; x_wconf 89' lang='lat' dir='ltr'><strong>abest</strong></span> <span class='ocrx_word' id='word_1_844' title='bbox 2621 4815 2651 4871; x_wconf 89' lang='lat' dir='ltr'><strong>a</strong></span> <span class='ocrx_word' id='word_1_845' title='bbox 2673 4797 2931 4853; x_wconf 70' lang='lat' dir='ltr'><strong>Felck.4.</strong></span> <span class='ocrx_word' id='word_1_846' title='bbox 2968 4794 3193 4871; x_wconf 82' lang='lat' dir='ltr'><strong>Ibidem,</strong></span> <span class='ocrx_word' id='word_1_847' title='bbox 3226 4794 3543 4871; x_wconf 61' lang='lat' dir='ltr'><strong>Eelekman.</strong></span> <span class='ocrx_word' id='word_1_848' title='bbox 3576 4794 3613 4848; x_wconf 70' lang='grc'><strong>2</strong></span> 
     </span>
    </p>
   </div>
   <div class='ocr_carea' id='block_1_111' title="bbox 2022 4865 3613 4941">
    <p class='ocr_par' dir='ltr' id='par_1_111' title="bbox 2022 4865 3613 4941">
     <span class='ocr_line' id='line_1_114' title="bbox 2022 4865 3613 4941; baseline -0.004 -16"><span class='ocrx_word' id='word_1_849' title='bbox 2022 4882 2078 4925; x_wconf 85' lang='grc' dir='ltr'><strong>ει</strong></span> <span class='ocrx_word' id='word_1_850' title='bbox 2098 4865 2251 4936; x_wconf 81' lang='lat' dir='ltr'><strong>editi,</strong></span> <span class='ocrx_word' id='word_1_851' title='bbox 2286 4871 2384 4941; x_wconf 84' lang='grc' dir='ltr'>τῆς</span> <span class='ocrx_word' id='word_1_852' title='bbox 2433 4870 2489 4922; x_wconf 82' lang='grc' dir='ltr'>δὲ</span> <span class='ocrx_word' id='word_1_853' title='bbox 2547 4870 2779 4933; x_wconf 87' lang='grc' dir='ltr'>κτίσεως</span> <span class='ocrx_word' id='word_1_854' title='bbox 2832 4865 3196 4938; x_wconf 80' lang='grc' dir='ltr'>πρωτότοκος.</span> <span class='ocrx_word' id='word_1_855' title='bbox 3228 4865 3422 4920; x_wconf 69' lang='lat' dir='ltr'><strong>Cameri</strong></span> <span class='ocrx_word' id='word_1_856' title='bbox 3474 4881 3613 4920; x_wconf 86' lang='lat' dir='ltr'><strong>mss.</strong></span> 
     </span>
    </p>
   </div>
   <div class='ocr_carea' id='block_1_112' title="bbox 2025 4940 2619 5013">
    <p class='ocr_par' dir='ltr' id='par_1_112' title="bbox 2025 4940 2619 5013">
     <span class='ocr_line' id='line_1_115' title="bbox 2025 4940 2619 5013; baseline -0.002 -18"><span class='ocrx_word' id='word_1_857' title='bbox 2025 4942 2224 4996; x_wconf 83' lang='lat' dir='ltr'><strong>habent</strong></span> <span class='ocrx_word' id='word_1_858' title='bbox 2254 4940 2619 5013; x_wconf 69' lang='grc' dir='ltr'>πρωτότοκον.</span> 
     </span>
    </p>
   </div>
   <div class='ocr_carea' id='block_1_113' title="bbox 2097 5003 3616 5081">
    <p class='ocr_par' dir='ltr' id='par_1_113' title="bbox 2097 5003 3616 5081">
     <span class='ocr_line' id='line_1_116' title="bbox 2097 5003 3616 5081; baseline -0.005 -14"><span class='ocrx_word' id='word_1_859' title='bbox 2097 5013 2210 5081; x_wconf 73' lang='grc'>(54)</span> <span class='ocrx_word' id='word_1_860' title='bbox 2252 5003 2765 5081; x_wconf 41' lang='grc' dir='ltr'>Βὸεἰίωιιῖειεη5,</span> <span class='ocrx_word' id='word_1_861' title='bbox 2822 5009 3021 5081; x_wconf 66' lang='grc' dir='ltr'><strong>ταύτῃ.Δ</strong></span> <span class='ocrx_word' id='word_1_862' title='bbox 3071 5005 3191 5060; x_wconf 77' lang='lat' dir='ltr'><strong>Mox</strong></span> <span class='ocrx_word' id='word_1_863' title='bbox 3247 5003 3392 5081; x_wconf 63' lang='lat' dir='ltr'><strong>Felc.</strong></span> <span class='ocrx_word' id='word_1_864' title='bbox 3437 5005 3616 5081; x_wconf 72' lang='lat' dir='ltr'><strong>_2,_et</strong></span> 
     </span>
    </p>
   </div>
   <div class='ocr_carea' id='block_1_114' title="bbox 2025 5064 3614 5150">
    <p class='ocr_par' dir='ltr' id='par_1_114' title="bbox 2025 5064 3614 5150">
     <span class='ocr_line' id='line_1_117' title="bbox 2025 5064 3614 5150; baseline -0.006 -12"><span class='ocrx_word' id='word_1_865' title='bbox 2025 5064 2529 5148; x_wconf 28' lang='lat' dir='ltr'><strong>editio-Comum;</strong></span> <span class='ocrx_word' id='word_1_866' title='bbox 2559 5064 2702 5149; x_wconf 81' lang='grc' dir='ltr'><em>Ἒγώ</em></span> <span class='ocrx_word' id='word_1_867' title='bbox 2727 5064 2841 5150; x_wconf 69' lang='grc' dir='ltr'>ε’ἰμι</span> <span class='ocrx_word' id='word_1_868' title='bbox 2875 5064 3142 5150; x_wconf 25' lang='grc' dir='ltr'>ὁμΚόγος,</span> <span class='ocrx_word' id='word_1_869' title='bbox 3180 5092 3280 5145; x_wconf 89' lang='lat' dir='ltr'><strong>pro</strong></span> <span class='ocrx_word' id='word_1_870' title='bbox 3320 5073 3463 5144; x_wconf 79' lang='grc' dir='ltr'><strong>Ἐγώ</strong></span> <span class='ocrx_word' id='word_1_871' title='bbox 3498 5064 3614 5150; x_wconf 70' lang='grc' dir='ltr'>εἰμι</span> 
     </span>
    </p>
   </div>
   <div class='ocr_carea' id='block_1_115' title="bbox 2037 5145 3616 5218">
    <p class='ocr_par' dir='ltr' id='par_1_115' title="bbox 2037 5145 3616 5218">
     <span class='ocr_line' id='line_1_118' title="bbox 2037 5145 3616 5218; baseline -0.004 -13"><span class='ocrx_word' id='word_1_872' title='bbox 2037 5156 2060 5218; x_wconf 80' lang='grc' dir='ltr'><strong>ἡ</strong></span> <span class='ocrx_word' id='word_1_873' title='bbox 2089 5152 2227 5218; x_wconf 77' lang='grc' dir='ltr'>ὁδός,</span> <span class='ocrx_word' id='word_1_874' title='bbox 2261 5162 2320 5207; x_wconf 85' lang='grc' dir='ltr'><strong>ιιι</strong></span> <span class='ocrx_word' id='word_1_875' title='bbox 2357 5145 2559 5206; x_wconf 83' lang='lat' dir='ltr'><strong>habent</strong></span> <span class='ocrx_word' id='word_1_876' title='bbox 2587 5145 2679 5205; x_wconf 82' lang='lat' dir='ltr'><strong>alii</strong></span> <span class='ocrx_word' id='word_1_877' title='bbox 2723 5145 2858 5206; x_wconf 79' lang='lat' dir='ltr'><strong>mss.</strong></span> <span class='ocrx_word' id='word_1_878' title='bbox 2910 5145 3047 5218; x_wconf 87' lang='lat' dir='ltr'><strong>Ibid.</strong></span> <span class='ocrx_word' id='word_1_879' title='bbox 3097 5145 3347 5218; x_wconf 67' lang='lat' dir='ltr'><strong>Seguer.,</strong></span> <span class='ocrx_word' id='word_1_880' title='bbox 3376 5145 3616 5218; x_wconf 75' lang='grc' dir='ltr'>μεταλα-</span> 
     </span>
    </p>
   </div>
   <div class='ocr_carea' id='block_1_116' title="bbox 2063 5215 3619 5340">
    <p class='ocr_par' dir='ltr' id='par_1_116' title="bbox 2063 5215 3619 5340">
     <span class='ocr_line' id='line_1_119' title="bbox 2063 5215 3613 5294; baseline -0.004 -18"><span class='ocrx_word' id='word_1_881' title='bbox 2063 5215 2224 5287; x_wconf 71' lang='grc' dir='ltr'>όντες</span> <span class='ocrx_word' id='word_1_882' title='bbox 2264 5224 2364 5294; x_wconf 78' lang='grc' dir='ltr'>τῆς</span> <span class='ocrx_word' id='word_1_883' title='bbox 2406 5223 2500 5275; x_wconf 76' lang='grc' dir='ltr'>τοῦ</span> <span class='ocrx_word' id='word_1_884' title='bbox 2562 5223 2795 5292; x_wconf 82' lang='grc' dir='ltr'>Πατρός,</span> <span class='ocrx_word' id='word_1_885' title='bbox 2854 5229 2959 5273; x_wconf 87' lang='lat' dir='ltr'><strong>etc.</strong></span> <span class='ocrx_word' id='word_1_886' title='bbox 2995 5217 3214 5273; x_wconf 89' lang='lat' dir='ltr'><strong>Gohler.</strong></span> <span class='ocrx_word' id='word_1_887' title='bbox 3245 5215 3391 5271; x_wconf 70' lang='lat' dir='ltr'><strong>Felc.</strong></span> <span class='ocrx_word' id='word_1_888' title='bbox 3428 5217 3449 5268; x_wconf 75' lang='lat' dir='ltr'><strong>l</strong></span> <span class='ocrx_word' id='word_1_889' title='bbox 3480 5225 3534 5270; x_wconf 89' lang='lat' dir='ltr'><strong>et</strong></span> <span class='ocrx_word' id='word_1_890' title='bbox 3558 5216 3613 5277; x_wconf 75' lang='grc'>4,</span> 
     </span>
     <span class='ocr_line' id='line_1_120' title="bbox 2063 5283 3619 5340; baseline 0 0"><span class='ocrx_word' id='word_1_891' title='bbox 2063 5293 2423 5340; x_wconf 70' lang='grc' dir='ltr'>εταλαὸόντες</span> <span class='ocrx_word' id='word_1_892' title='bbox 2468 5294 2568 5340; x_wconf 66' lang='grc' dir='ltr'><strong>τῆς</strong></span> <span class='ocrx_word' id='word_1_893' title='bbox 2608 5293 2737 5340; x_wconf 72' lang='grc' dir='ltr'>περὶ</span> <span class='ocrx_word' id='word_1_894' title='bbox 2792 5289 2886 5340; x_wconf 78' lang='grc' dir='ltr'>τοῦ</span> <span class='ocrx_word' id='word_1_895' title='bbox 2929 5289 3163 5340; x_wconf 75' lang='grc' dir='ltr'>Πατοόε.</span> <span class='ocrx_word' id='word_1_896' title='bbox 3222 5297 3326 5340; x_wconf 90' lang='lat' dir='ltr'><strong>etc.</strong></span> <span class='ocrx_word' id='word_1_897' title='bbox 3384 5283 3531 5340; x_wconf 74' lang='grc' dir='ltr'>Εόῖῑ.</span> <span class='ocrx_word' id='word_1_898' title='bbox 3564 5294 3619 5340; x_wconf 74' lang='lat' dir='ltr'><strong>et</strong></span> 
     </span>
    </p>
   </div>
   <div class='ocr_carea' id='block_1_117' title="bbox 2028 5285 3614 5436">
    <p class='ocr_par' dir='ltr' id='par_1_117' title="bbox 2028 5285 3614 5436">
     <span class='ocr_line' id='line_1_121' title="bbox 2031 5285 3614 5366; baseline -0.004 -19"><span class='ocrx_word' id='word_1_899' title='bbox 2031 5285 2423 5366; x_wconf 73' lang='grc' dir='ltr'>μεταλαϐόντες</span> <span class='ocrx_word' id='word_1_900' title='bbox 2468 5294 2568 5363; x_wconf 81' lang='grc' dir='ltr'>τῆς</span> <span class='ocrx_word' id='word_1_901' title='bbox 2608 5285 2737 5363; x_wconf 72' lang='grc' dir='ltr'>περὶ</span> <span class='ocrx_word' id='word_1_902' title='bbox 2792 5289 2886 5343; x_wconf 80' lang='grc' dir='ltr'>τοῦ</span> <span class='ocrx_word' id='word_1_903' title='bbox 2929 5289 3163 5360; x_wconf 85' lang='grc' dir='ltr'>Πατρός,</span> <span class='ocrx_word' id='word_1_904' title='bbox 3222 5297 3326 5343; x_wconf 89' lang='lat' dir='ltr'><strong>etc.</strong></span> <span class='ocrx_word' id='word_1_905' title='bbox 3384 5285 3531 5340; x_wconf 81' lang='lat' dir='ltr'><strong>Edit.</strong></span> <span class='ocrx_word' id='word_1_906' title='bbox 3564 5294 3614 5340; x_wconf 76' lang='lat' dir='ltr'><strong>et</strong></span> 
     </span>
     <span class='ocr_line' id='line_1_122' title="bbox 2028 5356 3614 5436; baseline -0.006 -17"><span class='ocrx_word' id='word_1_907' title='bbox 2028 5367 2142 5429; x_wconf 88' lang='lat' dir='ltr'><strong>alii,</strong></span> <span class='ocrx_word' id='word_1_908' title='bbox 2177 5363 2652 5436; x_wconf 53' lang='lat' dir='ltr'><strong>pscalaﬁdvxegaa</strong></span> <span class='ocrx_word' id='word_1_909' title='bbox 2675 5365 2775 5434; x_wconf 78' lang='grc' dir='ltr'>τῆς</span> <span class='ocrx_word' id='word_1_910' title='bbox 2795 5360 2927 5436; x_wconf 60' lang='grc' dir='ltr'><strong>περ)ἶ</strong></span> <span class='ocrx_word' id='word_1_911' title='bbox 2944 5358 3319 5436; x_wconf 63' lang='grc' dir='ltr'>τοῦ-Πατρός,</span> <span class='ocrx_word' id='word_1_912' title='bbox 3356 5356 3614 5436; x_wconf 83' lang='lat' dir='ltr'><strong>e_tc_lte|_n</strong></span> 
     </span>
    </p>
   </div>
   <div class='ocr_carea' id='block_1_118' title="bbox 2030 5427 3621 5505">
    <p class='ocr_par' dir='ltr' id='par_1_118' title="bbox 2030 5427 3621 5505">
     <span class='ocr_line' id='line_1_123' title="bbox 2030 5427 3621 5505; baseline -0.007 -15"><span class='ocrx_word' id='word_1_913' title='bbox 2030 5427 3015 5505; x_wconf 54' lang='lat' dir='ltr'><strong>ibid.&#39;Seguer..§txodwpev.Gohler.</strong></span> <span class='ocrx_word' id='word_1_914' title='bbox 3048 5427 3337 5505; x_wconf 38' lang='lat' dir='ltr'><strong>Felc.__l_et</strong></span> <span class='ocrx_word' id='word_1_915' title='bbox 3366 5427 3422 5505; x_wconf 46' lang='grc' dir='ltr'><strong>ἀ,</strong></span> <span class='ocrx_word' id='word_1_916' title='bbox 3452 5427 3621 5505; x_wconf 58' lang='grc' dir='ltr'>ἀκούς</span> 
     </span>
    </p>
   </div>
   <div class='ocr_carea' id='block_1_119' title="bbox 2029 5497 3620 5594">
    <p class='ocr_par' dir='ltr' id='par_1_119' title="bbox 2029 5497 3620 5594">
     <span class='ocr_line' id='line_1_124' title="bbox 2029 5497 3620 5594; baseline -0.006 -34"><span class='ocrx_word' id='word_1_917' title='bbox 2029 5522 2183 5594; x_wconf 72' lang='grc' dir='ltr'>ομεν.</span> <span class='ocrx_word' id='word_1_918' title='bbox 2215 5497 2415 5560; x_wconf 77' lang='lat' dir='ltr'><strong>Ibidem</strong></span> <span class='ocrx_word' id='word_1_919' title='bbox 2446 5503 2605 5574; x_wconf 80' lang='lat' dir='ltr'><strong>Reg.,</strong></span> <span class='ocrx_word' id='word_1_920' title='bbox 2651 5497 2794 5559; x_wconf 82' lang='grc' dir='ltr'>’ποτὲ</span> <span class='ocrx_word' id='word_1_921' title='bbox 2834 5501 2929 5556; x_wconf 81' lang='grc' dir='ltr'>καὶ</span> <span class='ocrx_word' id='word_1_922' title='bbox 2971 5503 3154 5573; x_wconf 69' lang='grc' dir='ltr'>ἡμεῖς.</span> <span class='ocrx_word' id='word_1_923' title='bbox 3185 5497 3331 5553; x_wconf 83' lang='lat' dir='ltr'><strong>Felc.</strong></span> <span class='ocrx_word' id='word_1_924' title='bbox 3382 5497 3435 5559; x_wconf 88' lang='grc'><strong>5,</strong></span> <span class='ocrx_word' id='word_1_925' title='bbox 3488 5497 3620 5551; x_wconf 70' lang='grc' dir='ltr'>ποτὲ</span> 
     </span>
    </p>
   </div>
   <div class='ocr_carea' id='block_1_120' title="bbox 2030 5581 3620 5718">
    <p class='ocr_par' dir='ltr' id='par_1_120' title="bbox 2030 5581 3620 5718">
     <span class='ocr_line' id='line_1_125' title="bbox 2030 5581 3620 5718; baseline -0.006 -16"><span class='ocrx_word' id='word_1_926' title='bbox 2272 5644 2514 5718; x_wconf 81' lang='lat' dir='ltr'><strong>Felckm.</strong></span> <span class='ocrx_word' id='word_1_927' title='bbox 2552 5645 2605 5708; x_wconf 79' lang='grc'><strong>5,</strong></span> <span class='ocrx_word' id='word_1_928' title='bbox 2641 5645 2835 5718; x_wconf 84' lang='lat' dir='ltr'><strong>addit,_</strong></span> <span class='ocrx_word' id='word_1_929' title='bbox 2863 5644 2913 5718; x_wconf 83' lang='lat' dir='ltr'><strong>ot</strong></span> <span class='ocrx_word' id='word_1_930' title='bbox 2958 5642 3312 5718; x_wconf 79' lang='grc' dir='ltr'>πορευόμενοι</span> <span class='ocrx_word' id='word_1_931' title='bbox 3354 5638 3419 5718; x_wconf 56' lang='grc' dir='ltr'>ἐν</span> <span class='ocrx_word' id='word_1_932' title='bbox 3466 5637 3620 5718; x_wconf 64' lang='grc' dir='ltr'>νόμῳ</span> 
     </span>
    </p>
   </div>
   <div class='ocr_carea' id='block_1_121' title="bbox 2032 5707 3617 5791">
    <p class='ocr_par' dir='ltr' id='par_1_121' title="bbox 2032 5707 3617 5791">
     <span class='ocr_line' id='line_1_126' title="bbox 2032 5707 3617 5791; baseline -0.009 -18"><span class='ocrx_word' id='word_1_933' title='bbox 2032 5707 2261 5791; x_wconf 71' lang='grc' dir='ltr'>Κυρίου,</span> <span class='ocrx_word' id='word_1_934' title='bbox 2289 5733 2421 5791; x_wconf 64' lang='lat' dir='ltr'><strong>quae</strong></span> <span class='ocrx_word' id='word_1_935' title='bbox 2469 5707 2668 5791; x_wconf 82' lang='lat' dir='ltr'><strong>desunt</strong></span> <span class='ocrx_word' id='word_1_936' title='bbox 2696 5715 2773 5791; x_wconf 83' lang='lat' dir='ltr'><strong>in_</strong></span> <span class='ocrx_word' id='word_1_937' title='bbox 2789 5716 2912 5791; x_wconf 85' lang='lat' dir='ltr'><strong>a_li_is</strong></span> <span class='ocrx_word' id='word_1_938' title='bbox 2963 5707 3045 5791; x_wconf 51' lang='lat' dir='ltr'><strong>et:</strong></span> <span class='ocrx_word' id='word_1_939' title='bbox 3066 5707 3303 5791; x_wconf 77' lang='lat' dir='ltr'><strong>editione</strong></span> <span class='ocrx_word' id='word_1_940' title='bbox 3329 5707 3617 5791; x_wconf 41' lang='grc' dir='ltr'><strong>Δ(319111111εῇ</strong></span> 
     </span>
    </p>
   </div>
   <div class='ocr_carea' id='block_1_122' title="bbox 2036 5780 3619 5860">
    <p class='ocr_par' dir='ltr' id='par_1_122' title="bbox 2036 5780 3619 5860">
     <span class='ocr_line' id='line_1_127' title="bbox 2036 5780 3619 5860; baseline -0.008 -16"><span class='ocrx_word' id='word_1_941' title='bbox 2036 5780 2603 5860; x_wconf 79' lang='lat' dir='ltr'><strong>lbidcm,Goblerian.</strong></span> <span class='ocrx_word' id='word_1_942' title='bbox 2646 5796 2699 5842; x_wconf 88' lang='lat' dir='ltr'><strong>et</strong></span> <span class='ocrx_word' id='word_1_943' title='bbox 2735 5786 2973 5843; x_wconf 78' lang='lat' dir='ltr'><strong>Felckni.</strong></span> <span class='ocrx_word' id='word_1_944' title='bbox 3015 5784 3038 5840; x_wconf 83' lang='lat' dir='ltr'><strong>l</strong></span> <span class='ocrx_word' id='word_1_945' title='bbox 3085 5783 3346 5840; x_wconf 87' lang='lat' dir='ltr'><strong>omittunt</strong></span> <span class='ocrx_word' id='word_1_946' title='bbox 3383 5780 3467 5832; x_wconf 83' lang='grc' dir='ltr'>ὅτι</span> <span class='ocrx_word' id='word_1_947' title='bbox 3517 5780 3619 5832; x_wconf 81' lang='grc' dir='ltr'><strong>αὑ·-</strong></span> 
     </span>
    </p>
   </div>
  </div>
