3840 6220
215 312 327 369 285

1351 319 1608 376 ORATIO
1644 320 1686 375 ll
1724 318 2005 376 CONTRA
2041 318 2370 376 ABIANOS.

3380 316 3485 371 236

291 433 378 487 65:
422 431 537 503 Τῆς
562 433 821 505 ἀληθείας
855 437 1035 491 τοίνυν
1063 438 1318 512 δειξάσης
1365 438 1440 510 μὴ
1484 434 1624 493 εἶναι
1664 438 1805 492 κατὰ

1981 438 2070 495 65.
2103 437 2435 517 Cumligitur
2467 452 2585 508 ipsa
2613 436 2854 492 declaret
2895 434 3091 489 veritas
3118 432 3357 489 Verbum
3389 450 3487 488 na-

217 526 383 595 φύσιν
423 527 632 598 κτίσμα
661 527 754 581 τὸν
799 529 989 597 Λόγον,
1040 529 1332 584 ἀκόλουθον
1369 529 1552 583 λοιπὸν
1606 532 1799 595 εἰπεῖν,

218 618 340 683 πῶς
392 620 489 673 καὶ
534 620 677 693 ἀρχὴ
726 619 835 673 τῶν
876 620 1012 674 ὁδῶν
1059 620 1297 694 εἴρηται.
1343 622 1563 694 Ἐπειδὴ
1612 622 1721 693 γὰρ
1768 625 1803 695 ἡ

218 709 411 784 πρώτη
444 713 479 783 ἡ
523 710 612 765 διὰ
639 711 734 765 τοῦ
763 710 936 783 Ἀδὰμ
979 712 1099 777 ὁδὸς
1132 714 1402 779 ἀπώλετο,
1424 717 1518 769 καὶ
1556 716 1677 769 ἀντὶ
1707 714 1803 768 τοῦ

216 803 553 875 παραδείσου
612 802 962 876 ἑξεκλίναμεν
1023 807 1105 870 είς
1166 806 1257 860 τὸν
1311 807 1541 862 θάνατον
1575 848 1591 872 ,
1635 806 1804 877 ἠκού-

218 893 400 965 σαμέν
445 911 507 948 τε
543 934 560 960 ,
608 894 701 964 Γῆ
752 891 845 960 εἷ,
881 896 983 951 καὶ
1024 900 1112 964 εις
1145 898 1263 967 γῆν
1312 899 1626 967 ἀπελεύσῃ
1651 939 1667 963 ,
1715 897 1805 953 διὰ

215 984 381 1038 τοῦτο
443 987 474 1039 6
535 986 917 1059 φιλάνθρωπος
977 989 1072 1044 τοῦ
1127 990 1263 1045 Θεοῦ
1325 991 1498 1060 Λόγος
1553 991 1805 1064 βουλήσει

216 1078 315 1133 τοῦ
368 1080 587 1152 Πατρὸς
639 1081 1006 1137 ὲνδιδύσκεται
1066 1084 1165 1156 τὴν
1217 1085 1528 1140 κτισθεῖσαν
1589 1085 1802 1156 σάρκα,

217 1172 309 1226 ἴνα
363 1171 427 1244 ῆν
484 1173 787 1247 ὲνέκρωσεν
853 1177 883 1230 6
958 1175 1173 1248 πρῶτος
1222 1176 1509 1250 ἄνθρωπος
1563 1177 1651 1231 διὰ
1705 1177 1806 1248 τῆς

224 1264 602 1336 παραϐάσεως
646 1307 662 1331 ,
722 1265 932 1339 ταύτην
990 1269 1154 1333 αὐτὸς
1214 1270 1274 1324 ὲν
1332 1269 1410 1341 τῷ
1467 1271 1660 1343 αἵματι
1710 1269 1805 1324 τοῦ

224 1357 364 1412 ἰδίου
392 1357 645 1429 σώματος
675 1356 1007 1433 ζωοποιήσῃ,
1044 1362 1140 1415 καὶ
1165 1363 1449 1435 ὲγκαινίσῃ
1484 1363 1629 1433 ἡμῖν
1659 1363 1807 1418 ὁδὸν

220 1447 578 1516 πρόσφατον
596 1448 693 1501 καὶ
711 1446 927 1514 ζῶσαν,
949 1450 1024 1515 ὡς
1039 1451 1260 1523 εἴρηκεν
1279 1453 1308 1504 6
1336 1453 1654 1518 Ἀπόστολος
1670 1453 1804 1524 (56),

220 1535 327 1590 διὰ
350 1537 460 1592 τοῦ
488 1538 1043 1609 καταπετάσματος,
1069 1541 1318 1595 τουτέστι
1356 1541 1445 1597 διὰ
1472 1545 1572 1614 τῆς
1603 1544 1808 1615 σαρκὸς

220 1628 412 1684 αὐτοῦ,
452 1631 630 1703 Ὅπερ
666 1633 759 1685 καὶ
785 1633 842 1686 ὲν
871 1632 1043 1705 ἑτέρῳ
1079 1633 1379 1704 σημαίνων,
1416 1635 1600 1705 φησίψ
1632 1636 1810 1690 Ὥστε

219 1720 280 1772 ει
324 1736 418 1785 τις
447 1721 519 1774 ἐν
564 1720 796 1790 Χριστῷ
827 1724 1006 1793 καινὴ
1051 1724 1271 1790 κτίσις,
1305 1723 1379 1779 τὰ
1432 1725 1544 1796 (57)
1591 1726 1810 1796 ἀρχαῖα

220 1811 557 1880 παρῆλθεν,
599 1813 728 1869 ἰδοὺ
772 1814 981 1885 γέγονε
1037 1816 1112 1870 τὰ
1153 1818 1351 1872 πάντα
1397 1817 1599 1873 καινά.
1646 1819 1710 1872 Εἰ
1749 1819 1809 1873 δὲ
1840 1800 1883 1855 Β

223 1902 389 1975 καινὴ
421 1903 598 1968 κτίσις
625 1904 870 1975 γέγονεν,
906 1907 1014 1962 ἔδει
1041 1908 1246 1981 ταύτης
1280 1911 1380 1981 τῆς
1408 1911 1637 1976 κτίσεως
1660 1912 1811 1984 πρῶ-

221 1995 319 2050 τόν
345 2013 468 2050 τινα
495 1993 636 2052 εἶναι
661 2017 674 2029 ·
725 1999 1013 2072 ἄνθρωπος
1044 2003 1142 2073 μὲν
1176 1998 1268 2057 οὖν
1311 2003 1465 2073 ψιλὸς
1522 2005 1619 2058 καὶ
1650 2006 1809 2076 μόνον

223 2089 430 2159 χοῖκδς,
471 2085 575 2143 οἷοι
620 2090 926 2164 γεγόναμεν
954 2095 1113 2165 ἡμεῖς
1142 2096 1208 2148 ἐκ
1257 2095 1356 2165 τῆς
1405 2096 1806 2167 παραϐάσεως,

222 2181 328 2233 οὐκ
361 2179 594 2251 ἠδύνατο
626 2178 790 2237 εἶναι.
812 2184 924 2238 Καὶ
954 2184 1065 2256 γὰρ
1094 2187 1191 2239 καὶ
1218 2187 1276 2240 ἐν
1308 2188 1374 2257 τῇ
1406 2186 1599 2261 πρώτῃ
1630 2188 1805 2243 κτίσει

222 2271 449 2326 ἄπιστοι
481 2275 771 2343 γεγόνασιν
812 2276 862 2328 οἱ
890 2275 1192 2348 ἄνθρωποι,
1220 2278 1314 2332 καὶ
1342 2279 1409 2332 δι’
1440 2279 1617 2334 αὐτῶν
1660 2280 1804 2334 ἀπώ-

220 2363 351 2418 λετο
378 2367 412 2436 ὴ
448 2365 672 2438 πρώτηο
721 2367 881 2440 χρεία
908 2368 966 2421 δὲ
1010 2365 1078 2440 ἧν
1123 2370 1284 2424 ἄλλου
1327 2371 1421 2425 τοῦ
1459 2372 1810 2438 ἀνανεοῦντος

218 2458 323 2511 καὶ
366 2456 465 2529 τὴν
512 2457 755 2530 πρώτην,
808 2460 903 2514 καὶ
929 2461 1029 2532 τὴν
1063 2461 1255 2535 καινὴν
1297 2465 1597 2536 γενομένην
1624 2466 1810 2538 διατη-

216 2549 469 2621 ροῦντος.
503 2550 711 2604 υύκοῦν
742 2551 1140 2623 φιλανθρώπως
1178 2555 1288 2627 (58)
1317 2557 1417 2627 οὐχ
1450 2557 1634 2629 ἕτερός
1681 2575 1766 2622 τις
1790 2597 1807 2623 ,

218 2643 344 2698 ἀλλ’
376 2645 405 2696 6
434 2642 674 2711 Κύριος,
717 2644 861 2715 ἁρχὴ
909 2645 1008 2717 τῆς
1046 2647 1239 2718 καινῆς
1286 2648 1518 2712 κτίσεως
1565 2649 1809 2714 κτίζεται

216 2736 367 2801 ὁδὸς,
397 2736 492 2790 καὶ
520 2736 745 2801 εἰκότως
773 2738 920 2806 λέγει
950 2756 962 2768 ·
1003 2740 1222 2807 Κύριος
1253 2739 1459 2795 ἐκτισέ
1489 2758 1568 2810 με
1611 2741 1810 2810 ἀρχὴν

215 2828 387 2884 ὁδῶν
427 2830 617 2884 αὐτοῦ
662 2833 750 2897 εἰς
785 2832 931 2902 ἔργα
950 2831 1136 2886 αὐτοῦ
1163 2832 1297 2905 (59),
1318 2834 1406 2888 ἵνα
1438 2835 1634 2905 μηκέτι
1665 2834 1809 2889 κατὰ

212 2921 329 2992 τὴν
359 2919 584 2994 πρώτην
615 2923 829 2994 ἐκείνην
871 2925 901 2977 6
942 2923 1229 2996 ἄνθρωπος
1257 2924 1640 2996 πολιτεύηται,
1687 2926 1804 2981 ἀλλ’

215 3016 307 3079 ὡς
350 3016 525 3088 ἀρχῆς
569 3014 738 3087 οὔσης
781 3016 975 3088 καινῆς
1021 3017 1274 3083 κτίσεως,
1312 3018 1530 3073 καὶτὸν
1573 3019 1808 3091 Χριστὸν

216 3106 447 3176 ἔχοντες
479 3104 590 3177 (60)
620 3105 822 3177 ταύτης
854 3107 1028 3178 ἀρχὴν
1064 3107 1222 3174 ὁδῶν,
1253 3108 1429 3180 τούτῳ
1462 3108 1647 3163 λοιπὸν
1680 3111 1810 3163 6x0-
1838 3137 1880 3195 ο

214 3197 512 3269 λουθῶμεν
538 3199 751 3268 λέγοντι
770 3216 784 3230 ο
831 3197 977 3269 Ἐγώ
1005 3201 1123 3268 εἰμι
1146 3201 1185 3268 ἡ
1219 3200 1380 3267 ὁδός.
1407 3200 1577 3255 Τοῦτο
1596 3201 1704 3273 γὰρ
1727 3201 1808 3255 δι-

212 3292 443 3348 εαυκων
476 3290 572 3345 καὶ
602 3294 632 3345 6
667 3290 935 3363 μακάριος
965 3293 1074 3365 (61)
1123 3291 1447 3356 Ἀπόστολος
1482 3295 1539 3346 ἐν
1570 3296 1638 3365 τῇ
1672 3293 1810 3366 πρὸς

213 3382 586 3447 Κολοσσαεῖς,
639 3381 826 3452 ἔλεγεν
850 3400 866 3416 ο
910 3385 1105 3450 Αὐτός
1138 3384 1311 3438 ἐστιν
1352 3385 1392 3454 ἠ
1431 3384 1669 3454 κεφαλὴ
1698 3384 1807 3440 τοῦ

216 3471 507 3543 σώματος
553 3471 665 3542 τῆς
703 3474 1096 3543 Ἐκκλησίας,
1141 3474 1209 3541 ὅς
1242 3476 1415 3529 ἐστιν
1454 3476 1611 3545 ἁρχὴ
1659 3493 1814 3544 πρω-

212 3567 475 3631 τότοκος
523 3564 594 3618 ἐκ
640 3564 762 3620 τῶν
811 3564 1062 3635 νεκρῶν,
1098 3566 1199 3621 ἵνα
1224 3565 1467 3636 γένηται
1505 3568 1577 3621 ἐν
1598 3562 1814 3639 {animi

214 3654 412 3721 αὐτὸς
443 3657 780 3724 πρωτεύων.

296 3770 388 3853 66.
424 3771 489 3824 Εἰ
519 3769 651 3841 γὰρ,
674 3769 930 3841 καθάπερ
963 3770 1202 3842 εἴρηται,
1238 3771 1328 3826 διὰ
1356 3772 1458 3843 τὴν
1504 3774 1571 3826 ὲκ
1599 3758 1811 3843 νεκρῶν

214 3863 525 3917 ἀνάστασιν
552 3861 664 3934 (62)
702 3861 920 3930 λέγεται
947 3863 1045 3916 καὶ
1077 3861 1167 3916 διὰ
1203 3861 1410 3933 ταύτην
1444 3863 1607 3928 αὐτὸς
1644 3862 1808 3935 ἀρχὴν

213 3954 349 4007 τότε
382 3953 442 4007 δὲ
472 3952 700 4023 γέγονεν
726 3952 1046 4018 ἀνάστασις,
1079 3955 1169 4008 ὅτε
1192 3955 1291 4026 τὴν
1317 3954 1592 4027 ἡμετέραν
1627 3955 1811 4026 σάρκα

138 4075 143 4078 ’
217 4045 411 4118 φτρῶν
437 4045 668 4099 δέδωκεν
710 4045 902 4099 ἑαυτὸν
935 4046 1077 4118 ὑπὲρ
1111 4045 1273 4117 ἡμῶν
1300 4045 1380 4116 τῷ
1417 4044 1633 4116 θανάτῳ
1655 4062 1668 4075 ·
1703 4062 1810 4115 φα-

216 4137 384 4209 νερὸν
406 4135 473 4191 ἂν
494 4136 602 4208 εἴη,
625 4136 708 4189 ὅτι
729 4137 826 4190 καὶ
848 4136 909 4190 τὸ
933 4136 1223 4209 λεγόμενον
1246 4138 1337 4191 ὑπ’
1359 4137 1546 4202 αὐτοῦ,
1569 4136 1813 4192 Ἔκτισέ

211 4246 299 4300 με
343 4226 544 4298 ἀρχὴν
597 4226 754 4282 ὁδῶν
808 4228 944 4300 (65),
983 4230 1045 4283 ού
1077 4229 1179 4301 τῆς
1220 4228 1409 4293 οὐσίας
1452 4228 1639 4295 αὐτοῦ,
1676 4228 1812 4282 ἀλλὰ

218 4320 330 4391 τῆς
380 4318 698 4391 ὲνσωμάτου
746 4321 1053 4391 παρουσίας
1101 4320 1266 4376 αὐτοῦ
1313 4321 1647 4393 σημαντικόν
1674 4324 1809 4377 ἐστι.

1910 542 2033 586 tura
2069 546 2177 585 non
2206 544 2331 587 esse
2360 538 2624 595 creatum,
2651 540 2996 595 consequens
3024 535 3107 581 est
3148 536 3209 579 ut
3249 523 3363 594 jam
3389 539 3481 578 ex-

1904 621 2191 691 plicemus,
2217 634 2390 691 quare
2417 618 2744 690 principium
2772 619 2983 673 viarum
3012 616 3339 687 appellatum
3365 615 3481 669 fue-

1908 714 1998 770 rit.
2023 712 2224 782 Nempe
2244 712 2502 784 quoniam
2522 714 2755 780 perierat
2771 710 2941 780 prima
2965 724 3057 779 per
3073 707 3344 763 Adamum
3364 708 3481 772 via,

1904 822 2007 862 nec
2033 806 2267 875 amplius
2300 805 2354 859 in
2381 804 2699 875 paradisum
2730 803 3108 866 tendebamus,
3137 802 3229 857 sed
3247 800 3314 856 ad
3332 815 3483 856 mor-

1910 908 2017 954 tem
2047 898 2446 953 deﬂexeramus
2472 896 2962 966 audieramusque,
2994 893 3158 949 Terra
3200 910 3277 960 es,
3327 902 3379 947 et
3427 893 3486 947 in

1909 999 2108 1044 terram
2154 990 2428 1044 reverteris
2479 989 2559 1055 ”,
2605 987 2810 1043 idcirco
2853 987 3337 1042 clementissimum
3387 984 3487 1040 Dei

1908 1079 2175 1146 Verbum,
2201 1079 2417 1137 volente
2443 1079 2626 1144 Patre,
2662 1087 2901 1133 creatam
2934 1094 3153 1135 carnem
3191 1078 3389 1140 induit,
3425 1084 3487 1132 ut

1908 1188 2073 1244 quam
2106 1172 2318 1242 primus
2351 1172 2540 1237 homo,
2572 1170 2774 1226 violata
2804 1170 2923 1240 lege
2943 1208 2958 1233 ,
3000 1178 3175 1223 morte
3207 1167 3483 1231 aﬂ‘ecerat,

1907 1265 2107 1331 eidem,
2127 1263 2294 1337 422
2318 1265 2402 1319 sui
2429 1262 2676 1333 corporis
2705 1262 2990 1332 sanguine,
3017 1260 3185 1315 vitam
3214 1259 3484 1322 redderet,

1909 1357 2162 1428 nobisque
2187 1359 2327 1410 viam
2349 1371 2539 1409 novam
2566 1364 2613 1409 el
2634 1355 2891 1409 uirentem
2921 1368 3015 1423 per
3049 1351 3304 1417 velamen,
3330 1360 3388 1405 ut
3408 1350 3487 1405 ait

1907 1448 2207 1518 Apostolus
2252 1446 2322 1514 ",
2370 1447 2424 1500 id
2457 1454 2560 1512 est,
2591 1461 2688 1516 per
2729 1460 2949 1500 carnem
2994 1459 3150 1499 suam
3179 1445 3484 1498 innovaret.

1911 1539 2070 1608 Quod
2117 1540 2261 1595 idem
2313 1538 2443 1593 alibi
2478 1539 2566 1594 his
2592 1538 2775 1593 verbis
2812 1535 3124 1607 signiﬁcat,
3183 1533 3245 1590 Si
3279 1550 3384 1605 qua
3428 1534 3486 1587 in

1912 1631 2124 1686 Christo
2148 1646 2280 1683 nova
2306 1638 2575 1693 creatura,
2602 1637 2772 1682 vetera
2796 1627 3146 1693 transierunt,
3169 1640 3285 1679 ecce
3308 1624 3487 1677 omnia

1914 1740 2046 1778 nova
2086 1723 2231 1793 facta
2269 1730 2392 1775 sunt
2418 1719 2549 1776 ".Si
2577 1734 2740 1789 porro
2769 1733 2909 1772 nova
2931 1726 3181 1776 creatura
3208 1714 3349 1769 facta
3379 1723 3484 1778 est,

1910 1831 2043 1871 sane
2079 1816 2220 1869 inter
2246 1827 2418 1867 novas
2442 1812 2541 1866 has
2574 1826 2664 1867 res
2719 1819 2934 1865 creatas
2972 1809 3209 1879 primum
3246 1808 3484 1878 aliquem

1910 1921 2033 1963 esse
2083 1905 2328 1975 oportuit
2360 1922 2375 1960 :
2416 1903 2571 1973 atqui
2608 1918 2795 1957 merus
2829 1902 2997 1956 homo
3024 1909 3081 1954 et
3109 1899 3491 1954 tantummodo

1911 1999 2211 2064 terrestris,
2240 1998 2432 2068 quales
2470 2013 2571 2051 nos
2596 2003 2718 2066 post
2749 1994 3009 2049 violatam
3042 1992 3218 2063 legem
3249 1990 3380 2046 facti
3402 2004 3491 2045 su-

1909 2106 2055 2157 mus,
2099 2090 2147 2145 is
2186 2104 2308 2145 esse
2340 2103 2449 2143 non
2487 2096 2721 2158 poterat.
2753 2084 3003 2156 Namque
3044 2085 3098 2139 in
3130 2085 3308 2154 prima
3333 2098 3488 2139 crea-

1908 2185 2058 2239 tione
2085 2182 2331 2239 inlideles
2364 2181 2493 2235 facti
2525 2188 2654 2234 sunt
2677 2180 2950 2242 homines,
2975 2193 3041 2232 ac
3060 2193 3157 2248 per
3189 2191 3286 2231 eos
3309 2176 3488 2246 prima

1908 2277 2001 2332 illa
2032 2276 2195 2346 periit
2230 2283 2481 2330 creatura
2503 2312 2518 2338 ,
2554 2281 2609 2327 et
2648 2273 2879 2342 proinde
2911 2285 3050 2341 opus
3090 2269 3201 2325 alio
3243 2278 3364 2324 erat
3392 2268 3490 2338 qui

1908 2382 1964 2427 et
1996 2371 2231 2440 primam
2265 2379 2576 2429 renovaret,
2616 2373 2671 2420 et
2711 2379 2906 2419 novam
2948 2362 3148 2418 factam
3197 2373 3493 2416 conserva-

1908 2474 2012 2520 ret.
2044 2464 2232 2533 ltaque
2263 2478 2371 2518 non
2396 2462 2597 2531 aliquis
2628 2459 2789 2525 alius,
2817 2456 2914 2512 sed
2942 2454 3205 2511 Dominus
3231 2453 3371 2508 mira
3390 2452 3491 2506 be-

1908 2555 2174 2625 nignitate
2221 2553 2551 2625 principium
2610 2566 2769 2606 nova:
2808 2556 3075 2605 creaturae
3131 2554 3349 2601 creatur
3377 2543 3487 2608 via,

1910 2648 2055 2702 unde
2080 2647 2204 2717 jure
2242 2647 2438 2702 merito
2487 2645 2582 2710 ait,
2633 2642 2894 2697 Dominus
2933 2639 3128 2694 creavit
3178 2654 3260 2692 me
3285 2637 3492 2707 princi-

1908 2740 2056 2810 pium
2103 2737 2310 2791 viarum
2351 2750 2575 2789 suarum
2605 2733 2663 2787 in
2693 2746 2854 2801 opera
2888 2745 2988 2783 sua
3020 2728 3088 2793 “,
3135 2734 3198 2782 ut
3238 2742 3345 2780 non
3372 2725 3491 2796 jam

1910 2830 2209 2887 secundum
2235 2828 2469 2899 priorem
2503 2828 2648 2882 illam
2695 2826 2845 2880 vivat
2906 2823 3092 2885 homo,
3121 2819 3217 2875 sed
3251 2828 3310 2873 ut
3337 2817 3488 2873 exsi-

1911 2933 2088 2981 stente
2128 2924 2241 2994 jam
2288 2920 2556 2994 principio
2597 2932 2752 2975 novae
2793 2927 3075 2981 creaturae,
3099 2912 3491 2980 Christumque

1910 3018 2030 3088 ejus
2059 3016 2275 3071 viarum
2304 3013 2637 3085 principium
2671 3010 2968 3074 habentes,
3008 3008 3186 3076 ipsum
3227 3004 3486 3073 deinceps

1911 3122 2209 3178 sequamur
2238 3105 2544 3159 dicentem:
2588 3100 2701 3171 Ego
2731 3115 2848 3153 sum
2891 3099 2975 3152 via
3018 3097 3085 3148 ’⁷.
3120 3093 3174 3149 id
3215 3094 3331 3164 ipse
3365 3093 3491 3147 bea-

1916 3212 2004 3258 tus
2053 3199 2344 3271 Apostolus
2379 3195 2619 3266 Epistula
2663 3193 2731 3248 ad
2773 3190 3130 3247 Colossenses
3180 3187 3268 3241 his
3304 3184 3487 3255 verbis

1914 3296 2108 3353 docet:
2141 3293 2262 3364 Ipse
2288 3299 2365 3346 est
2387 3297 2543 3359 caput
2564 3286 2801 3356 corporis
2830 3282 3103 3347 Ecclesia,
3126 3279 3218 3350 qui
3238 3285 3318 3332 est
3340 3276 3492 3347 prin-

1913 3389 2133 3459 cipium,
2163 3383 2543 3456 primogenitae
2570 3393 2636 3433 ea:
2662 3376 2907 3442 mortuis,
2941 3382 2999 3428 ut
3046 3373 3115 3426 sit
3151 3372 3209 3425 in
3246 3370 3488 3424 omnibus

1912 3484 2024 3553 ipse
2048 3480 2338 3551 primatum
2366 3484 2541 3529 tenens
2576 3471 2645 3533 “.

1934 3780 1939 3787 ‘
1987 3762 2076 3819 66.
2119 3760 2368 3831 Namque
2409 3758 2478 3824 si,
2524 3756 2606 3810 uti
2646 3752 2855 3809 dictum
2887 3759 2990 3817 est,
3021 3749 3093 3806 ob
3128 3746 3491 3803 resurrectio-

1913 3872 2039 3913 nem
2086 3869 2153 3910 ex
2193 3851 2427 3908 mortuis
2461 3850 2577 3919 ipse
2622 3844 2952 3918 principium
2984 3841 3318 3912 appellatur:
3358 3848 3492 3895 tunc

1913 3957 2096 4004 autem
2138 3942 2286 3999 facta
2313 3949 2398 3997 est
2441 3935 2813 4001 resurreCtio,
2856 3948 2982 3989 cum
3027 3940 3216 3987 nostra
3265 3929 3491 3983 indutus

1916 4056 2082 4098 carne
2128 4054 2190 4095 se
2241 4038 2358 4107 ipse
2388 4050 2488 4106 pro
2539 4032 2700 4088 nobis
2747 4029 2915 4084 morti
2964 4025 3221 4082 tradidit:
3267 4023 3489 4093 planum

1918 4134 2107 4205 utique
2151 4130 2318 4187 fuerit
2349 4130 2436 4185 bis
2477 4127 2599 4196 ejus
2629 4123 2811 4180 verbis
2835 4162 2851 4187 ,
2887 4120 3149 4176 Dominus
3181 4116 3376 4171 creavit
3409 4130 3493 4168 me

1917 4229 2134 4285 initium
2165 4226 2414 4291 viarum,
2468 4236 2579 4276 non
2631 4217 2807 4289 ipsius
2847 4221 3100 4269 naturam
3147 4210 3239 4266 sed
3295 4223 3494 4278 corpo-

1920 4338 2076 4378 reum
2123 4319 2416 4375 adventum
2463 4310 2781 4384 signiﬁcari.
2834 4306 2981 4363 Mors
3013 4304 3159 4360 cnim
3217 4300 3339 4372 ejus
3388 4299 3494 4353 fuit

221 4414 338 4469 Τοῦ
360 4414 472 4487 γὰρ
501 4414 749 4487 σώματος
774 4416 906 4471 ίδιον
930 4416 1038 4491 (64)
1063 4413 1130 4490 ἦν
1149 4418 1179 4472 6
1207 4416 1437 4482 θάνατος
1454 4433 1468 4448 ο
1501 4419 1597 4471 καὶ
1628 4416 1807 4489 ὥσπερ

1921 4412 2146 4486 propria
2177 4409 2449 4480 corporis,
2483 4420 2549 4463 ac
2588 4402 2817 4476 proinde
2848 4393 3311 4471 quemadmodum
3344 4406 3494 4446 mors

297 4575 344 4609 ³³
371 4573 570 4631 Genes.
604 4590 688 4643 ιιι,
723 4575 813 4632 19.
887 4576 935 4610 ³⁸
958 4574 1123 4631 Hebr.
1162 4591 1220 4640 ι,
1272 4574 1364 4629 20.

220 4648 361 4704 loss.
385 4662 426 4714 ι,
455 4644 544 4699 ιε.

219 4802 311 4857 τοὶ
331 4802 426 4856 τὸν
450 4803 584 4857 Θεὸν
614 4801 860 4872 ὄψονται.
914 4801 973 4857 lu
998 4796 1241 4854 Felckm.
1296 4797 1353 4861 ι,
1397 4794 1552 4851 deest
1602 4804 1813 4851 tantum

218 4872 813 5014 τδῖὕῗὶῗόῖἓόὺιετίδηυε
841 4939 1222 5014 etFelcltman.
1273 4937 1327 4999 ‘l,
1354 4936 1615 5014 gmittnnt
1642 4935 1724 5014 ὡς
1739 4936 1814 4989 st-

221 5007 453 5140 g'te-jxev'6
491 5013 847 5093 ῖΑπὸστρλος.
875 5011 998 5065 Mox
1053 5011 1219 5075 idem,
1268 5016 1321 5063 et
1352 5007 1675 5077 Seguerian.
1712 5008 1811 5061 lia-

298 5094 357 5138 nt
396 5083 641 5137 τουτέστι
667 5100 767 5140 της
796 5081 1017 5140 σαρκός.

298 5094 357 5138 nt
396 5083 641 5137 τουτέστι
667 5082 767 5152 τῆς
796 5081 1017 5152 σαρκός.

301 5155 412 5226 (57)
432 5154 690 5226 νδίοᾲηιεε.
717 5146 787 5207 At
814 5146 1095 5226 editi,:c_ai._
1124 5151 1214 5226 τά,
1247 5159 1354 5205 etc.
1383 5146 1508 5226 Mox
1528 5147 1813 5226 adgrauata

224 5217 484 5280 deest'in
532 5222 761 5294 Seguer.
820 5217 958 5278 Ibid.
1006 5222 1321 5278 Felckman.
1380 5220 1436 5284 5,
1494 5219 1543 5271 εἰ
1596 5217 1654 5271 δὲ
1717 5221 1811 5272 καὶ

455 5363 546 5419 Sic
586 5361 978 5433 Srauerianus,
1009 5360 1325 5433 Goblerian.
1357 5358 1669 5414 Fclckman.
1701 5357 1723 5410 1
1759 5367 1814 5412 et

218 5436 275 5491 ι.
304 5431 376 5489 At
408 5431 536 5489 editi
563 5443 617 5488 et
649 5436 761 5493 alii.
794 5432 1005 5486 Οὐκοῦν
1024 5434 1053 5484 6
1077 5431 1476 5502 φιλάνθρωπος,

224 5521 233 5531 ‘
294 5506 411 5577 (59)
441 5503 763 5577 Seguerianﬁ.
799 5499 1110 5577 Qoblerian'.
1164 5499 1403 5577 Ij‘eIckm.
1505 5510 1564 5577 _et
1604 5501 1693 5577 4,__
1720 5499 1818 5553 ad-

221 5570 401 5643 dunt,
419 5577 499 5638 εἰς
527 5576 665 5646 ἔργα
692 5574 879 5638 αὐτοῦ,
902 5588 1024 5646 qua:
1062 5572 1268 5646 inAaliis
1303 5582 1357 5646 et
1389 5570 1632 5646 editione
1654 5571 1816 5646 Gom-

224 5640 376 5701 mel.’
417 5640 820 5700 desiderantur.
899 5642 1023 5698 Mox
1108 5642 1427 5713 Seguerian.
1495 5640 1812 5713 Qoblcrian.

223 5716 468 5771 Felckm.
501 5718 521 5764 Ι
564 5724 619 5769 et
642 5715 697 5777 4.
734 5715 1021 5788 ἄνθρωπος
1081 5710 1452 5767 πολιτεύνται.
1494 5710 1553 5767 In
1610 5711 1732 5767 aliis
1760 5718 1815 5767 et

219 5789 380 5844 editis
409 5788 438 5839 6
468 5785 641 5841 deest.

1465 4575 1512 4607 ”
1542 4571 1586 4627 ll
1615 4573 1742 4629 Cor.
1783 4589 1837 4638 v,
1893 4570 1978 4626 i7.
2072 4567 2119 4602 “
2153 4565 2315 4621 Prov.
2356 4576 2478 4628 vm,
2511 4560 2605 4616 22.
2697 4559 2742 4592 ³⁷
2771 4555 2931 4613 Joan.
2965 4572 3080 4625 xw,
3129 4552 3185 4609 6.

3291 4550 3336 4583 ³⁸
3381 4548 3492 4603 Co-

1920 4864 1945 4919 ἔ
1994 4793 2105 4864 (60)
2138 4792 2364 4864 Seguer.
2419 4800 2474 4848 et
2508 4789 2669 4863 Reg.,
2724 4788 2957 4860 ἔχοντες.
3009 4784 3151 4840 Editi
3211 4780 3491 4845 mendose,

1949 4881 2150 4919 νοντος.

1982 4881 2150 4928 οντος.

1949 4884 2454 5005 χῗῖίῗῖςέθκιιετίιιη.
2494 4927 2976 5005 etfelekma‘nLi,
3009 4923 3282 5005 6:536:qu
3312 4922 3341 4974 ὁ
3380 4940 3495 5005 ἱμα-

1918 4992 2126 5077 κάριος.
2150 4992 2537 5077 Gdblerian.et
2558 5001 2698 5077 elc.
2724 5003 2777 5062 1,
2806 4996 3076 5077 διδᾴσκων
3091 4997 3119 5047 6
3153 4992 3491 5057 Ἀπόστολος.

1916 5066 2020 5131 Αιῦ
2049 5066 2176 5130 vero
2204 5087 2259 5129 et
2278 5075 2430 5137 editi,
2466 5072 2730 5126 διδάσκων
2760 5069 2853 5122 καὶ
2877 5071 2905 5121 ὁ
2939 5066 3223 5137 μακάριος.

1992 5146 2103 5219 (62)
2167 5132 2500 5219 Basiliensis,
2545 5142 2858 5219 ἀνᾴστασιν,
2906 5132 2996 5191 ὅτε
3044 5132 3155 5219 τὴν
3192 5132 3491 5219 ἡξετέραν,

1919 5204 2141 5273 omissis
2184 5204 2539 5270 intermedii's.
2584 5211 2707 5265 Mox
2757 5225 2923 5275 mss.,
2968 5207 3198 5279 φανερδν
3236 5206 3320 5258 ὃτι
3373 5204 3491 5261 καί.

1918 5288 2098 5345 Editio
2128 5286 2416 5349 Commel.,
2446 5280 2914 5354 (pavepbv_xai.6ct.

1992 5357 2101 5423 (63)
2127 5358 2218 5412 Sic
2250 5345 2634 5426 Segueriann's,
2658 5345 3260 5426 _Ilegii_ts,_l§asiliensis,
3298 5345 3494 5426 Goble-
3571 5402 3579 5409 _

1921 5416 2133 5491 rianus,
2166 5416 2520 5481 Felckvmanni
2562 5423 2614 5485 l,
2644 5422 2679 5475 4
2730 5416 2783 5475 et
2816 5420 3290 5491 5._Alii_autem_et
3336 5416 3491 5483 editi,

1919 5500 2055 5554 ὁδῶν
2080 5487 2265 5552 αὑτοῦ.
2290 5496 2409 5550 Mox
2436 5492 2600 5548 αὐτοῦ
2632 5494 2783 5548 abest
2805 5506 2833 5544 a
2865 5488 3174 5544 Felckman.
3214 5487 3265 5540 5.

1992 5570 2104 5635 (64)
2136 5567 2476 5638 Seguerian.,
2509 5565 2658 5638 ἴδιος.
2724 5561 3065 5638 Qditi,_t'6:ov_.
3111 5557 3170 5638 in
3206 5554 3491 5638 Basiliensi

1918 5625 2036 5729 13:21:
2081 5625 2471 5725 desiderantur
2506 5625 2691 5702 verba,
2743 5631 2873 5696 ἴδιος
2901 5628 2969 5704 ἦν
3029 5632 3058 5685 6
3108 5628 3359 5693 θάνατος,
3400 5625 3494 5679 καὶ

1918 5719 2107 5782 ὥσπερ
2131 5726 2225 5763 του
2260 5719 2531 5784 σωματος.
