3840 6220
212 290 319 348 289

1358 287 1616 344 ORATIO
1654 288 1695 343 ll
1734 283 2016 342 CONTRA
2055 281 2380 338 ARIANOS.

3367 267 3476 323 290

278 405 370 462 67.
397 405 537 459 Πότε
559 399 652 458 οὖν
673 405 829 458 ἔλαϐε
851 405 920 458 τὰ
940 405 1075 475 ἔργα
1101 407 1178 468 είς
1200 406 1260 458 τὸ
1279 405 1584 469 τελειῶσαι,
1609 400 1654 458 ὧ
1678 405 1795 458 θεο-

1973 403 2061 458 67.
2079 401 2438 468 Quandouam
2464 395 2627 467 igitur
2641 409 2804 464 opera
2825 387 3150 462 perficienda
3168 387 3428 456 suscepit,
3445 401 3480 440 ο

216 497 415 568 μάχαις
451 495 545 547 Ἐκ
567 493 676 566 γᾴρ
701 493 890 547 τούτου
917 495 1012 548 καὶ
1040 495 1122 557 τὸ,
1149 496 1371 561 ἔκτισε,
1397 497 1791 568 γνωσθήσεται.

212 588 370 641 Κατά
405 587 504 656 μὲν
533 583 629 640 οὖν
657 585 755 657 τὴν
783 587 957 658 ἀρχὴν
975 626 990 650 ,
1019 588 1107 640 ὅτε
1135 589 1200 642 ἐκ
1229 588 1322 642 τοῦ
1354 589 1427 660 μὴ
1453 589 1603 654 ὄντος
1624 592 1702 652 είς
1730 589 1796 641 τὸ

210 674 353 730 εἶναι
387 677 531 730 αὑτά
562 677 738 730 ἐποίει
771 677 919 748 (78),
967 678 1062 730 ἐὰν
1093 676 1283 747 εἴπητε
1308 717 1323 742 ,
1376 678 1570 747 ψεῦδός
1614 681 1791 733 ἐστιν’

210 767 365 820 οὔπω
387 768 498 838 γὰρ
518 763 587 837 ἦν
608 766 878 836 γενόμενα
895 782 909 796 ⁸
937 766 1183 835 φαίνεται
1208 768 1264 820 δὲ
1288 767 1479 837 λέγων,
1502 768 1577 832 ὡς
1604 768 1672 821 τὰ
1695 769 1794 841 ἤδη

210 860 339 913 ὅντα
356 858 673 929 λαμϐάνων.
711 857 849 910 Ἀλλ’
877 858 997 910 οὐδὲ
1022 858 1112 911 τὸν
1142 859 1248 930 πρὸ
1268 859 1360 912 τοῦ
1383 860 1607 931 γένηται
1640 861 1668 914 6
1694 861 1797 914 Λό-

211 967 306 1019 γος
340 949 480 1018 σὰρξ
519 949 710 1020 χρόνον
740 952 914 1003 εἰπεῖν
941 949 1166 1018 εὐαγὲς,
1202 950 1288 1004 ἵνα
1321 953 1395 1023 μὴ
1430 953 1656 1024 περιττὴ
1690 954 1799 1006 λοι-

215 1043 313 1094 πὸν
338 1041 507 1094 αὐτοῦ
549 1043 582 1110 ἡ
623 1040 883 1112 ἐπιδημία
915 1044 1056 1112 φανῇ
1082 1059 1094 1072 ⁸
1127 1041 1328 1096 τούτων
1361 1044 1469 1115 γὰρ
1506 1045 1665 1115 χάριν
1704 1045 1798 1099 καὶ

211 1137 244 1204 ἠ
269 1133 539 1203 ἐπιδημία
563 1133 777 1201 ἐγένετο
803 1131 936 1203 (79).
964 1133 1173 1186 Οὐκοῦν
1195 1133 1369 1188 λείπει
1397 1135 1581 1190 λοιπὸν
1602 1139 1797 1201 εἰπεῖν,

212 1226 314 1289 ὅτι,
342 1225 434 1277 ὅτε
462 1225 684 1292 γέγονεν
713 1224 1019 1296 ἄνθρωπος,
1054 1227 1174 1280 τότε
1203 1227 1360 1280 ἔλαϐε
1386 1227 1455 1281 τὰ
1480 1227 1616 1298 ἔργα
1637 1246 1650 1259 ·
1678 1228 1799 1281 τότε

1907 495 2000 550 Dei
2025 492 2254 548 hostes?
2289 489 2424 543 Hinc
2475 489 2619 540 enim
2654 485 2784 555 quid
2839 482 3005 537 dictio
3039 479 3233 532 creavit
3269 477 3478 548 signiti-

1901 595 2005 652 cet,
2039 582 2560 650 facileintelligetur.
2589 577 2648 630 Si
2686 573 3027 644 respondetis
3060 569 3330 642 principio
3358 584 3483 623 sus-

1902 680 2108 747 cepisse
2155 668 2317 746 opera
2351 669 2699 744 perficienda,
2746 682 2869 723 cum
2919 665 3022 718 illa
3055 679 3087 718 e
3133 662 3305 717 nihilo
3354 659 3485 714 fecit

1902 780 1964 826 ut
1994 779 2176 826 essent
2201 787 2214 822 :
2242 767 2437 822 falsum
2458 765 2510 818 id
2534 763 2721 832 utique
2748 769 2832 815 est
2859 777 2874 824 ;
2903 759 3135 814 necdum
3165 759 3310 811 enim
3339 753 3483 808 facta

1902 871 2077 916 erant.
2111 860 2273 930 Atqui
2303 858 2481 913 dehis
2514 865 2772 923 tanquam
2797 866 2920 921 quae
2947 851 3060 920 jam
3094 855 3282 904 essent
3313 861 3484 915 appa-

1908 962 1989 1008 ret
2009 967 2133 1008 eum
2184 951 2354 1020 loqui.
2405 947 2594 1017 Neque
2635 959 2800 1000 etiam
2832 942 2915 998 fas
2960 954 3044 997 est
3078 940 3222 995 istud
3249 939 3316 993 de
3348 946 3487 992 tem-

1905 1059 2037 1114 pore
2071 1043 2370 1112 intelligere
2397 1041 2540 1110 quod
2566 1038 2719 1108 prius
2748 1036 2851 1091 fuit
2882 1049 3050 1104 quam
3079 1031 3321 1086 Verbum
3355 1043 3485 1083 caro

1907 1138 2078 1201 fieret,
2117 1152 2184 1190 ne
2215 1134 2424 1189 inutilis
2455 1133 2574 1200 ejus
2600 1131 2850 1185 videatur
2899 1128 3182 1191 adventus,
3221 1138 3346 1178 cum
3384 1121 3488 1176 hu-

1903 1229 2058 1298 jusce
2086 1227 2161 1282 rei
2189 1241 2356 1280 causa
2399 1223 2695 1278 advenerit.
2742 1217 3070 1288 ltaque'jam
3121 1222 3291 1269 restat
3322 1220 3381 1266 ut
3408 1209 3489 1264 fa-

213 1315 323 1387 γάρ
366 1315 512 1368 αύτά
556 1316 652 1369 καὶ
696 1315 1008 1370 ἐτελείωσεν
1031 1358 1046 1382 ,
1083 1319 1372 1390 ἰασάμενος
1409 1318 1480 1372 τὰ
1511 1319 1801 1390 τραύματα

1915 1329 2121 1374 teamur
2147 1329 2277 1372 tunc
2311 1317 2588 1386 accepisse
2610 1329 2776 1384 opera
2801 1328 2925 1367 cum
2962 1311 3128 1364 homo
3165 1306 3342 1361 factus
3380 1314 3484 1358 est.

213 1405 395 1477 ήμῶν,
425 1407 522 1459 καὶ
548 1406 911 1477 χαρισάμενος
938 1408 1070 1478 ἡμῖν
1100 1407 1210 1480 (80)
1240 1409 1338 1480 τὴν
1363 1410 1427 1462 ὲκ
1443 1409 1650 1480 νεκρῶν
1671 1411 1802 1464 ἀνά-

1915 1409 2190 1478 Siquidem
2246 1417 2374 1462 tunc
2433 1407 2523 1460 illa
2571 1403 2817 1475 perfecit,
2866 1417 2990 1456 cum
3035 1406 3220 1455 nostra
3277 1395 3490 1449 sanavit

216 1513 431 1554 στασιν.
448 1498 512 1549 Εί
531 1497 588 1550 δὲ
613 1498 700 1550 ὅτε
719 1498 940 1566 γέγονεν
956 1502 984 1552 6
1004 1500 1176 1568 Λόγος
1205 1499 1361 1572 σὰρξ,
1391 1502 1511 1554 τότε
1529 1500 1683 1572 ἐδόθη
1701 1502 1800 1554 αὐ-

1915 1504 2158 1564 vulnera,
2193 1500 2459 1569 nobisque
2499 1513 2562 1550 ex
2600 1495 2832 1550 mortuis
2873 1507 3159 1563 resurgere
3193 1486 3486 1544 concessit.

214 1586 292 1658 τῷ
311 1588 381 1640 τὰ
398 1587 562 1654 ἔργα,
577 1586 753 1658 δῆλον,
773 1589 854 1640 ὅτι
872 1587 1004 1659 (8|),
1025 1589 1112 1642 ὅτε
1133 1588 1352 1658 γέγονεν
1368 1588 1669 1661 ἄνθρωπος,
1683 1591 1802 1643 τότε

1915 1592 2068 1660 Quod
2101 1592 2147 1648 si
2182 1607 2307 1647 cum
2345 1577 2584 1644 Verbum
2609 1602 2738 1642 caro
2759 1586 2958 1641 factum
2994 1594 3098 1649 est,
3127 1592 3256 1636 tunc
3285 1581 3336 1635 ei
3364 1580 3488 1634 data

218 1679 312 1731 καὶ
337 1679 418 1741 είς
439 1677 511 1730 τὰ
544 1677 682 1748 ἔργα
715 1679 984 1744 κτίζεται.
1028 1681 1141 1734 Ούκ
1166 1679 1274 1751 ἄρα
1299 1681 1397 1749 τῆς
1422 1681 1611 1744 οὐσίας
1637 1679 1802 1733 αὑτοῦ

1915 1694 2042 1739 sunt
2086 1697 2275 1753 opera,
2323 1681 2496 1751 liquet
2528 1673 2730 1748 ipsum,
2782 1691 2907 1732 cum
2954 1675 3116 1728 homo
3163 1670 3340 1726 factus
3384 1679 3490 1735 est,

217 1770 558 1839 σημαντικόν
589 1771 707 1823 ἐστι
736 1770 826 1834 τὸ,
860 1771 1124 1837 ἔκτισεν,
1158 1772 1346 1845 ὥσπερ
1375 1771 1634 1836 πολλάκις
1656 1772 1806 1844 εἴρη-

1915 1786 2042 1834 tunc
2073 1791 2294 1849 quoque
2322 1775 2376 1829 in
2411 1789 2578 1845 opera
2611 1788 2734 1828 esse
2766 1780 3032 1827 creatum.
3065 1766 3183 1823 Non
3214 1783 3346 1836 ergo
3389 1767 3495 1821 hoc

217 1878 338 1924 ται,
368 1861 510 1915 ἀλλὰ
536 1861 636 1932 τῆς
671 1862 992 1933 σωματικῆς
1015 1863 1180 1917 αὑτοῦ
1214 1865 1496 1932 γενέσεως.
1534 1864 1666 1916 Τότε
1693 1863 1802 1934 γὰρ

218 1951 308 2004 διὰ
341 1951 405 2004 τὸ
440 1952 772 2023 γεγενῆσθαι
814 1952 920 2006 ἀπὸ
965 1953 1065 2025 τῆς
1113 1955 1477 2026 παραϐάσεως
1513 1954 1676 2025 ἀτελῆ
1711 1955 1804 2008 καὶ

221 2044 370 2114 χωλά
389 2044 464 2097 τὰ
490 2044 648 2116 ἔργα,
672 2045 888 2114 λέγεται
918 2046 1265 2117 σωματικῶς,
1294 2048 1376 2101 ὃτι
1405 2047 1667 2112 κτίζεται,
1696 2048 1802 2111 ἵνα,

218 2138 515 2203 τελειώσας
560 2140 700 2194 αὐτὰ
733 2140 828 2194 καὶ
869 2140 1141 2213 ὁλόκληρα
1172 2142 1438 2211 ποιήσας,
1479 2141 1804 2213 παραστήσῃ

221 2229 300 2300 τῷ
328 2231 507 2303 Πατρῖ¹
537 2232 637 2300 τὴν
673 2231 998 2303 Ἐκκλησίαν
1020 2271 1038 2298 ,
1071 2232 1147 2295 ὡς
1188 2229 1342 2286 εἶπεν
1381 2233 1410 2286 ό
1450 2232 1802 2296 Ἀπόστολος·

218 2320 319 2389 Μὴ
348 2322 623 2391 ἔχουσαν
646 2321 872 2375 σπῖλον
892 2322 930 2390 ἣ
944 2321 1182 2388 ῥυτίδα,
1202 2321 1242 2390 ἢ
1272 2339 1326 2376 τι
1359 2321 1478 2375 τῶν
1501 2323 1804 2386 τοιούτων,

221 2412 362 2466 ἀλλ’
391 2414 495 2466 ἵνα
531 2407 573 2484 ᾖ
615 2413 756 2483 ἁγία
800 2413 901 2467 καὶ
948 2412 1203 2482 ἄμωμος.
1248 2412 1602 2466 Τετελείωται
1631 2408 1723 2468 οὖν
1748 2415 1808 2467 ὲν

221 2504 374 2575 αὐτῷ
397 2506 494 2557 καὶ
520 2505 938 2575 ἀποκατεστάθη
955 2545 970 2571 ,
995 2505 1184 2577 ὥσπερ
1207 2499 1275 2576 ἦν
1300 2506 1395 2559 καὶ
1424 2503 1566 2558 κατά
1584 2504 1683 2576 τὴν
1709 2506 1810 2578 ἁρ-

221 2595 327 2664 χὴν
357 2593 585 2663 γεγονὸς
617 2593 726 2666 (82)
746 2634 762 2659 ,
809 2595 870 2648 τὸ
894 2594 1231 2668 ἀνθρώπινον
1253 2595 1410 2664 γένος
1429 2635 1444 2661 ,
1476 2595 1570 2650 καὶ
1603 2596 1808 2668 μείζονι

223 2686 431 2755 μᾶλλον
460 2687 673 2758 χάριτι’
728 2687 1059 2751 ἀναστάντες
1095 2687 1204 2759 γὰρ
1244 2689 1309 2741 ὲκ
1340 2687 1588 2760 νεκρῶν,
1626 2687 1808 2742 οὐκέτι

222 2777 541 2850 φοϐούμεθα
564 2781 790 2834 θάνατον
808 2821 823 2847 ,
850 2780 966 2834 ἀλλ’
993 2783 1052 2835 ὲν
1073 2781 1292 2852 Χριστῷ
1313 2781 1699 2853 βασιλεύσομεν
1723 2782 1810 2835 ἀεὶ

227 2871 294 2924 ὲν
327 2876 443 2938 τοῖς
476 2873 746 2943 οὐρανοῖς.
789 2872 958 2927 Τοῦτο
984 2872 1042 2927 δὲ
1069 2873 1326 2942 γέγονεν,
1370 2874 1558 2947 ἐπειδὴ
1589 2875 1748 2939 αὐτὸς
1779 2873 1809 2926 6

219 2963 321 3018 τοῦ
345 2965 483 3019 Θεοῦ
506 2965 680 3035 Λόγος
705 2966 836 3030 ίδιος
868 2968 963 3021 καὶ
990 2968 1055 3021 ὲκ
1078 2967 1171 3020 τοῦ
1193 2966 1407 3039 Πατρὸς
1432 2965 1507 3021 ὢν
1526 2965 1812 3022 ἐνεδύσατο

219 3057 327 3130 τὴν
357 3058 536 3131 σάρκα
555 3098 572 3123 ,
605 3059 700 3113 καὶ
731 3058 954 3127 γέγονεν
983 3059 1288 3131 ἄνθρωπος.
1349 3061 1412 3114 Ei
1453 3059 1563 3133 γάρ
1605 3060 1811 3132 κτίσμα

221 3152 570 3223 ὢνιὲγεγόνει
593 3154 882 3226 ἅνθρωπος
903 3195 917 3218 ,
953 3153 1144 3226 ἔμενεν
1173 3154 1324 3208 οὐδὲν
1349 3149 1512 3227 ἦττον
1532 3155 1561 3207 ὁ
1591 3153 1688 3208 ἀνθ
1698 3171 1804 3227 ρω-

222 3264 329 3310 πος
357 3246 492 3316 (85),
526 3245 715 3318 ῶσπερ
747 3247 839 3300 καὶ
870 3241 939 3317 ἦν
959 3286 973 3311 ,
1004 3245 1064 3299 οὐ
1093 3245 1387 3316 συναφθεὶς
1405 3244 1485 3317 τῷ
1513 3245 1651 3317 Θεῷ.
1686 3245 1811 3310 Πῶς

221 3337 335 3409 γὰρ
365 3336 432 3391 ἂν
465 3337 676 3408 ποίημα
697 3335 793 3403 ὣν,
827 3337 917 3392 διὰ
939 3338 1240 3409 ποιήματος
1269 3339 1568 3410 συνήπτετο
1598 3339 1677 3410 τῷ
1699 3339 1816 3393 κτί-

224 3445 332 3503 στῃ
345 3429 484 3501 (84);
504 3431 575 3482 Ἢ
592 3428 721 3484 ποία
741 3429 958 3502 βοήθεια
977 3429 1127 3501 παρὰ
1144 3429 1251 3484 τῶν
1265 3429 1462 3501 ὁμοίων
1477 3432 1586 3494 τοῖς
1606 3430 1814 3502 ὁμοίοις

223 3520 426 3590 γένοιτ’
452 3519 520 3574 ἂν
539 3561 555 3586 ,
577 3520 847 3592 δεομένων
881 3521 975 3575 καὶ
999 3520 1178 3575 αὐτῶν
1205 3524 1304 3594 τῆς
1326 3521 1494 3592 αὐτῆς
1527 3521 1811 3593 βοηθείας;

226 3611 358 3676 Πῶς
389 3612 483 3676 δὲ,
518 3612 679 3682 εἴπερ
711 3613 915 3684 κτίσμα
943 3608 1011 3685 ῆν
1035 3615 1065 3667 6
1089 3613 1260 3682 Λόγος
1291 3611 1434 3682 (85),
1463 3611 1564 3684 τὴν
1597 3612 1814 3681 ἀπόφα-

227 3722 315 3758 σιν
338 3704 435 3758 τοῦ
461 3703 597 3758 Θεοῦ
621 3704 782 3759 λῦσαί
809 3705 1028 3770 δυνατὸς
1046 3701 1135 3778 ῆν,
1165 3705 1258 3759 καὶ
1279 3705 1492 3775 ἀφεῖναι
1517 3702 1615 3775 τὴν
1637 3705 1815 3776 ἀμαρ-

222 3795 385 3861 τίαν,
420 3796 808 3867 γεγραμμένου
834 3797 954 3868 ,(86)
1001 3796 1152 3868 παρά
1190 3799 1303 3860 τοῖς
1342 3796 1649 3867 προφήταις
1671 3837 1686 3862 ,
1731 3797 1813 3850 ὅτι

226 3886 392 3941 τοῦτο
428 3887 566 3941 Θεοῦ
597 3891 745 3954 sort;
783 3889 879 3955 Τίς
908 3889 1020 3959 γὰρ
1049 3889 1194 3954 Θεὸς
1219 3887 1424 3957 ὥσπερ
1457 3886 1540 3941 σὺ
1563 3887 1816 3956 ἐξαίρων

225 3980 556 4050 ἁμαρτίας,
599 3979 700 4034 καί
737 3981 1113 4049 ὑπερϐαίνων
1140 3981 1425 4050 ἀνομίας;
1481 3980 1540 4032 '0
1575 3978 1674 4050 μὲν
1705 3979 1815 4053 γάρ

227 4071 366 4135 Θεὸς
391 4066 512 4124 εἷπε
529 4087 543 4101 ·
573 4069 666 4140 Γῆ
691 4067 764 4137 εἴ,
803 4072 902 4126 καὶ
929 4075 1018 4137 είς
1037 4072 1156 4142 γῆν
1181 4072 1493 4141 ἀπελεύσῃ
1510 4088 1525 4103 ν
1557 4072 1609 4125 οἱ
1637 4071 1693 4124 δὲ
1721 4073 1814 4126 ἄν·

228 4162 443 4233 θρωποι
465 4161 723 4230 γεγόνασι
757 4161 962 4232 θνητοί.
1008 4161 1135 4225 Πῶς
1165 4162 1346 4216 τοίνυν
1371 4162 1484 4233 (87)
1519 4155 1628 4216 οἷόν
1659 4179 1716 4214 τε
1745 4156 1814 4234 ῆν

227 4252 385 4324 ⁴ποιρά
413 4254 524 4306 τῶν
549 4252 792 4323 γενητῶν
827 4254 1055 4324 λυθῆναι
1075 4252 1173 4325 τὴν
1193 4251 1498 4325 ἀμαρτίαν;
1525 4253 1638 4307 ἀλλ’
1658 4253 1814 4306 ἐλυσὲ

229 4362 297 4414 γε
330 4343 495 4407 αὐτὸς
529 4345 557 4396 ὁ
581 4343 808 4416 Κύριος,
837 4347 913 4410 ὡς
937 4342 1090 4399 εἶπεν
1119 4345 1312 4410 αὐτὸς,
1352 4345 1492 4400 Ἐὰν
1505 4343 1592 4415 μὴ
1618 4347 1651 4400 ὁ
1684 4345 1814 4410 Υἱὸς

228 4433 390 4505 ὑμᾶς
423 4433 535 4504 (88)
567 4434 973 4507 ἐλευθερώσῃο
1016 4439 1112 4491 καὶ
1145 4437 1346 4505 ἔδειξεν
1383 4436 1599 4508 ἀληθῶς
1625 4437 1654 4489 6
1687 4435 1814 4498 Υἱὸς

1902 1872 2093 1938 verbo,
2121 1871 2339 1936 creavit,
2388 1868 2508 1938 ejus
2541 1874 2734 1920 natura
2767 1863 3131 1934 significatur,
3162 1859 3242 1914 uti
3292 1858 3492 1927 saepius

1903 1962 2110 2016 dictum
2141 1969 2245 2021 est,
2280 1958 2375 2014 sed
2399 1965 2554 2012 ortus
2579 1957 2752 2024 ipsius
2781 1966 3103 2022 corporeus.
3133 1947 3290 2003 Tunc
3320 1948 3493 2012 enim,

1903 2053 2052 2124 quod
2084 2066 2248 2122 opera
2280 2047 2599 2120 imperfecta
2624 2055 2678 2102 et
2712 2045 2902 2100 mutila
2931 2051 3154 2112 peccato
3188 2040 3336 2095 facta
3372 2039 3492 2094 fue-

1904 2151 2049 2210 rant,
2084 2142 2259 2198 creari
2286 2139 2585 2197 secundum
2615 2153 2814 2207 corpus
2845 2135 3066 2198 dicitur,
3100 2142 3160 2188 ut
3206 2132 3317 2187 illis
3361 2145 3493 2200 per.

1904 2235 2064 2292 fectis
2113 2241 2277 2304 atque
2319 2233 2374 2287 in
2423 2233 2697 2301 integrum
2743 2235 2947 2282 statum
2977 2224 3272 2284 rcstitutis,
3305 2220 3493 2278 Eccle-

1907 2326 2043 2381 siam
2073 2323 2222 2379 Patri
2255 2323 2536 2378 exhiberet
2564 2337 2666 2374 non
2695 2319 2968 2372 habentem
2994 2316 3282 2382 maculam,
3329 2322 3388 2368 ut
3415 2312 3493 2366 ait

1905 2417 2227 2489 Apostolus,
2254 2424 2348 2470 aut
2372 2430 2581 2484 rugam,
2611 2423 2706 2466 aut
2733 2411 2937 2482 aliquid
2961 2408 3286 2478 hujusmodi,
3317 2406 3406 2460 sed
3434 2413 3494 2459 ut

1907 2510 1976 2564 sit
2010 2519 2198 2564 sancta
2228 2517 2278 2562 et
2309 2505 2655 2561 immaculata
2677 2503 2746 2558 ³⁸.
2785 2501 2845 2556 1n
2891 2501 2989 2555 illo
3020 2514 3150 2570 ergo
3186 2496 3494 2569 perfectum

1907 2608 1991 2657 est
2017 2601 2305 2655 hominum
2337 2613 2530 2670 genus,
2561 2597 2833 2666 qualeque
2866 2593 3024 2648 initio
3049 2591 3253 2645 factum
3287 2589 3492 2652 fuerat,

1907 2692 1995 2746 vel
2029 2689 2214 2760 potius
2260 2689 2523 2760 ampliore
2563 2702 2690 2742 cuin
2744 2684 2917 2756 gratia
2964 2682 3279 2739 restitutum
3331 2687 3498 2749 atque

1909 2791 2221 2852 reparatum
2251 2789 2354 2836 est.
2388 2777 2672 2850 Siquidem
2703 2792 2772 2832 ex
2800 2774 3034 2830 mortuis
3066 2771 3310 2837 excitati,
3345 2784 3498 2824 mor-

1911 2882 2020 2930 tem
2069 2888 2182 2929 non
2227 2873 2462 2943 amplius
2504 2869 2986 2942 pertimescimus,
3034 2866 3130 2923 sed
3180 2865 3235 2920 in
3280 2861 3497 2918 Christo

1912 2981 2128 3038 semper
2153 2966 2210 3021 in
2233 2967 2386 3022 caelis
2417 2979 2610 3020 sumus
2640 2960 2936 3033 regnaturi.
2966 2957 3122 3026 Quod
3152 2958 3274 3013 ideo
3302 2947 3499 3011 conse-

1838 3107 1880 3165 Ο
1913 3060 2159 3131 quimur,
2190 3057 2338 3130 quod
2381 3056 2562 3128 ipsum
2610 3055 2707 3110 Dei
2740 3053 2982 3109 Verbum
3011 3050 3294 3122 proprium
3331 3057 3498 3118 atque

1915 3168 1982 3208 ex
2011 3150 2170 3206 Patre
2222 3152 2462 3222 genitum
2500 3163 2718 3204 carnem
2770 3146 2949 3202 induit
2992 3145 3282 3214 factusque
3329 3142 3497 3196 homo

1914 3254 2016 3300 est.
2053 3243 2186 3299 Nam
2216 3245 2261 3300 si
2286 3250 2529 3300 creatam
2562 3255 2689 3296 cum
2719 3240 2944 3295 haberet
2993 3246 3271 3301 naturam,
3318 3235 3497 3288 factus

1913 3345 2102 3407 postea
2150 3336 2345 3392 fuisset
2393 3336 2602 3390 homo:
2651 3333 2794 3388 idem
2841 3329 3087 3402 profecto
3139 3329 3288 3399 quod
3337 3337 3496 3381 antea

1913 3427 2208 3482 mansisset
2233 3427 2516 3482 hominum
2544 3441 2737 3496 genus,
2762 3437 2942 3492 neque
2969 3436 3095 3477 cum
3118 3417 3231 3473 Deo
3261 3417 3498 3486 conjun-

1914 3525 2063 3572 ctum
2096 3514 2310 3570 fuisset.
2341 3513 2445 3582 Qui
2491 3514 2638 3569 enim
2679 3528 2769 3569 res
2814 3511 2957 3566 facta
3001 3524 3099 3579 per
3130 3522 3247 3562 rem
3293 3503 3496 3560 factam

1914 3623 2040 3664 cum
2085 3605 2342 3662 Creatore
2387 3605 2646 3677 conjungi
2694 3602 2926 3672 posset?
2957 3601 3067 3655 Aut
3117 3599 3252 3670 quid
3304 3597 3495 3652 auxilii

1915 3697 2190 3754 similibus
2211 3705 2395 3767 posset
2420 3697 2538 3751 dari
2569 3711 2599 3750 a
2630 3695 2926 3758 similibus,
2959 3706 3086 3747 cum
3127 3691 3246 3761 ipsa
3297 3688 3494 3744 eodem

1916 3791 2119 3846 auxilio
2157 3789 2478 3861 indigeant?
2505 3787 2611 3856 Qui
2644 3802 2795 3853 vero,
2838 3787 2886 3842 si
2919 3784 3160 3840 Verbum
3194 3782 3283 3838 res
3312 3791 3497 3837 creata
3571 3831 3575 3834 ς

1913 3891 2082 3946 esset,
2120 3889 2305 3952 posset
2342 3879 2438 3935 Dei
2483 3879 2808 3936 sententiam
2854 3878 3140 3946 abrogare,
3177 3881 3494 3944 peccatum-

1915 3987 2022 4043 que
2044 3972 2340 4038 dimittere,
2371 3985 2497 4025 cum
2534 3969 2639 4025 hoc
2666 3967 2758 4023 Dei
2787 3966 3070 4038 proprium
3097 3979 3222 4020 esse
3251 3963 3494 4033 scripse-

1913 4067 2028 4120 rint
2066 4063 2386 4136 prophetze?
2425 4060 2585 4129 Nam,
2621 4061 2776 4132 Quis,
2821 4059 2986 4125 Deus,
3018 4056 3209 4112 similis
3254 4055 3366 4122 tui,
3405 4055 3497 4125 qui

1916 4157 2095 4227 aufers
2142 4165 2376 4228 peccata,
2406 4167 2456 4210 et
2502 4153 2834 4209 transcendis
2865 4152 3170 4222 iniquitates
3192 4148 3275 4202 "1’
3311 4145 3498 4216 Siqui-

1915 4249 2038 4304 dem
2073 4248 2214 4304 Deus
2243 4247 2379 4302 dixit
2406 4266 2419 4303 :
2456 4245 2621 4301 Terra
2650 4263 2726 4311 es,
2755 4253 2804 4300 et
2830 4245 2885 4298 in
2905 4253 3100 4298 terram
3132 4241 3402 4295 reverteris
3424 4238 3493 4304 "°,

1915 4355 2090 4410 eaque
2117 4355 2284 4396 causa
2311 4349 2395 4395 est
2422 4354 2521 4395 cur
2548 4339 2799 4394 homines
2823 4336 2952 4392 facti
2979 4334 3240 4390 mortales
3269 4330 3492 4387 fuerint.

1917 4431 2202 4500 Quomodo
2237 4433 2401 4505 igitur
2433 4441 2716 4503 peccatum
2765 4438 2990 4512 possent
3017 4426 3184 4500 424
3215 4442 3303 4482 res
3340 4425 3496 4479 factae

228 4528 261 4582 6
292 4523 700 4595 ἐλευθερώσας,
732 4527 809 4592 ὡς
837 4530 936 4583 οὐκ
959 4529 1074 4582 ἔστι
1104 4529 1342 4600 κτίσμα,
1369 4528 1492 4582 οὐδὲ
1523 4526 1632 4580 τῶν
1661 4543 1807 4598 γενη·

1922 4524 2177 4581 solvere?
2210 4521 2413 4579 Verum
2441 4524 2561 4594 ipse
2590 4522 2752 4578 solvit
2783 4520 3069 4587 Dominus,
3112 4528 3174 4574 ut
3207 4517 3348 4572 idem
3379 4519 3495 4586 ipse

306 4709 354 4741 ³⁸
385 4707 584 4780 Ephes.
613 4725 669 4773 v,
694 4707 786 4761 27.
863 4708 908 4740 ³⁹
942 4707 1108 4765 Mich.
1138 4722 1238 4773 vn,
1262 4704 1386 4780 48.,
1425 4704 1470 4736 δ⁰
1494 4702 1692 4758 Genes.
1717 4717 1803 4770 ιιι,
1825 4701 1913 4757 19.

1847 4886 1892 4942 ι)
1919 4879 2064 4933 Felc.
2099 4879 2150 4943 l,
2175 4876 2404 4946 δεόμενα
2435 4873 2531 4946 καὶ
2575 4874 2717 4946 αὐτὰ
2730 4873 2841 4946 τῆς
2870 4871 3059 4942 αὐτῆς.
3111 4869 3254 4926 Editi
3293 4877 3347 4925 et
3376 4869 3490 4924 alii:

1919 4950 2190 5020 δεομένων
2210 4944 2310 5020 καὶ
2342 4944 2520 5020 αὐτῶν
2548 4945 2649 5014 τῆς
2681 4944 2872 5020 αὐτῆς,

1993 5006 2106 5091 (85)
2133 5016 2442 5091 Felgkman.
2466 5016 2524 5091 2,
2553 5006 2615 5070 εί
2635 5006 2819 5070 ειιίιὶό
2849 5011 3140 5079 Commel.,
3185 5006 3254 5082 ἦν
3296 5008 3490 5077 Λόγος.

1919 5083 2024 5142 Alii
2055 5083 2212 5150 mss.,
2241 5083 2308 5156 ἦν
2341 5088 2369 5139 6
2406 5086 2596 5154 Λόγος.

1992 5159 2105 5229 (86)
2140 5148 2365 5227 Ségtier.
2391 5167 2444 5211 et
2474 5148 2634 5229 Reg,
2659 5148 3064 5229 γεγραμμένον.

1973 5215 2101 5312 ⁹(ιιι)
2154 5215 2380 5298 δεξιιετ.
2426 5236 2480 5281 ει
2527 5215 2682 5294 1533.;
2727 5215 2853 5282 Πῶς
2888 5215 3097 5271 τοίνυν.
3147 5215 3314 5284 Editi,
3367 5219 3494 5282 Πῶς

1918 5315 2046 5370 γαρ.

299 4889 423 4961 ’(78)
452 4889 586 4962 Reg.
622 4898 678 4945 et
699 4889 844 4962 Felc.
877 4887 932 4951 5,
970 4884 1245 4956 ἐποίησεν.

308 4958 424 5030 (79)
457 4958 708 5030 Seguer"
726 4958 957 5030 ἐγίνετο,

308 5021 799 5102 (δθὶμίδὲειιει-ἰιιιῇ.
855 5027 1170 5102 ϐίοὶιιειδῑοη.
1212 5023 1528 5078 Felckmau.
1577 5024 1603 5076 l
1657 5032 1712 5078 et
1755 5021 1814 5088 4,

233 5099 574 5173 ημῖνηΕρἰιί
605 5110 661 5173 et
683 5099 1028 5173 διὶἱηπᾶσςι.
1151 5163 1164 5173 ι
1258 5162 1292 5173 ῃ
1478 5160 1518 5173 ﬁ
1558 5161 1569 5173 _
1601 5145 1609 5162 τ

308 5169 424 5240 (81)
469 5170 561 5226 Sic
603 5160 931 5241 Seguerian.
964 5167 1100 5241 Reg.
1137 5162 1346 5232 Anglic.
1398 5175 1451 5216 et
1477 5160 1625 5216 Felc.
1655 5161 1712 5215 4.
1744 5161 1815 5215 At

231 5237 415 5312 editio
433 5237 1005 5312 (ἶιιιιιιῐιεὶῖζδήλοιρτιΔ
1015 5238 1125 5312 ὅτε,
1145 5242 1250 5312 εις,

310 5311 424 5380 (82)
462 5299 1050 5380 Seguer.'Re'g;Basil.
1088 5304 1307 5380 Anglic:
1334 5299 1571 5380 ἣξεις-2,
1611 5301 1725 5380 iet
1756 5300 1810 5362 5,

234 5371 482 5452 γεγονόςἶ
512 5371 730 5436 Gobler.
767 5371 833 5435 εἴ
849 5377 996 5452 Fele.
1029 5371 1370 5452 1,15%30');
1409 5371 1573 5452 @diti,
1599 5372 1810 5452 γέγονε,

311 5439 424 5523 (85)
442 5439 705 5523 ’δεςυειήη
733 5451 922 5523 ἔμενεν
948 5447 1015 5501 ἂν
1045 5439 1201 5500 οὐδὲν
1230 5439 1390 5516 ἧττον
1419 5439 1725 5513 ἄνθρωπος,
1759 5449 1815 5495 et

235 5520 390 5586 mox,
408 5520 710 5589 συναφθεὶς
725 5520 864 5590 Θεῷ.

313 5579 424 5661 (8i)
463 5579 943 5674 SeguemGobler.
969 5590 1112 5674 Felc.
1139 5589 1164 5642 1
1199 5589 1327 5674 et},
1457 5586 1670 5674 κτίστῃ.
1699 5579 1812 5666 Au-

235 5651 570 5735 gnatm—.5
593 5663 1170 5735 κτίσματιζιιιειιόοεεέ
1193 5659 1295 5735 Alii
1323 5667 1377 5712 et
1404 5651 1566 5735 editi,
1696 5651 1811 5735 κτίτ

238 5727 414 5789 σαντι.
465 5727 636 5791 Paulo
666 5727 789 5804 post
849 5733 1098 5803 Seguen,
1132 5729 1374 5795 Gobler.,
1413 5727 1696 5796 Anglican.
1756 5730 1808 5775 cl

1991 5355 2105 5440 (88)
2146 5367 2391 5440 segnem
2404 5373 2458 5418 ct
2471 5361 2686 5440 Felc._4,
2713 5359 2887 5440 ᾑμᾷς.
2909 5357 3109 5440 ibidem
3124 5355 3491 5440 ﬁeguerian?

1920 5426 2144 5510 Regius,
2162 5426 2513 5510 Δ(ιὸιηεε-ίιιητ,
2540 5432 2681 5510 lt‘_elc.
2712 5426 2767 5489 ι’,
2789 5431 2822 5510 ι
2845 5439 2897 5482 ct.
2926 5429 2993 5510 5,‘
3015 5426 3291 5510 ἀληθῶς-ό
3304 5428 3437 5510 ηις
3464 5431 3492 5480 ὁ

1918 5497 2308 5578 ὲλεῗιθερώσας,
2340 5505 2421 5578 ὡς
2438 5503 2554 5578 ούκ-
2575 5502 2688 5578 ἔστι
2721 5500 2944 5578 κτίσμα.
2966 5499 3071 5578 Alii
3106 5509 3156 5578 et
3187 5497 3492 5578 editi,.6t).r,-

1919 5580 2027 5652 θῶς
2071 5567 2310 5652 (parte;
2350 5577 2377 5628 6
2409 5570 2794 5652 ἐλευθερώσας,
2841 5567 2921 5622 ὅτι
2966 5569 3066 5620 οὐκ
3112 5567 3225 5620 ἔστι
3258 5567 3488 5638 κτίσμα.

1917 5651 2050 5707 Ibid.
2084 5648 2231 5703 Fclc.
2256 5647 2309 5716 5,
2347 5647 2642 5714 γεννητῶν.
