3840 6220
199 276 312 334 293

1339 266 1600 324 ORATIO
1638 266 1682 322 ll
1720 267 2005 325 CONTRA
2041 264 2364 327 ARIANOS.

3367 266 3477 325 294

200 390 414 462 θρωποι
442 388 635 461 ἔμενον
662 384 955 442 ὑπεύθυνοι
979 425 994 449 ,
1030 383 1370 448 δουλεύοντες
1395 386 1464 456 τῇ
1508 384 1755 457 ἁμαρτίᾳ
1773 402 1786 416 ·

1913 394 2039 441 esset
2066 385 2386 452 necessitas,
2440 384 2802 455 hominesque
2828 384 3188 441 nihilominus
3214 384 3295 440 rei
3317 400 3479 439 mam-

200 483 291 538 ὰεὶ
319 482 381 536 δὲ
408 480 815 553 ἁμαρτάνοντες
832 518 848 543 ,
889 479 977 532 ἀεὶ
1001 477 1213 531 ἐδέοντο
1234 476 1331 530 τοῦ
1359 476 1790 548 συγχωροῦντος,

204 577 300 632 καὶ
322 575 586 629 οὐδέποτε
616 571 1005 644 ἠλευθεροῦντο
1051 571 1194 642 (98),
1247 570 1449 643 σάρκες
1483 569 1634 634 ὄντες
1668 570 1791 624 καθ’

204 667 437 729 ἑαυτοὺς
454 706 472 729 ,
518 665 613 719 καὶ
646 665 734 718 ἀεὶ
760 662 1064 737 ἡττώμενοι
1105 661 1186 733 τῷ
1216 661 1366 733 νόμῳ
1393 660 1482 715 διά
1505 662 1605 732 τὴν
1633 661 1793 716 ἀσθέ-

201 776 355 813 νειαν
385 758 489 828 τῆς
515 756 743 829 σαρκός.

270 958 362 1015 69.
389 957 561 1013 Πάλιν
587 974 648 1012 τε
675 957 724 1011 εί
750 956 959 1028 κτίσμα
996 951 1066 1029 ἦν
1092 960 1130 1011 6
1169 956 1331 1022 Υἱὸς,
1387 955 1578 1028 ἔμενεν
1620 957 1650 1010 6
1698 954 1794 1010 ἇν-

196 1052 421 1127 θρωπος
476 1049 629 1105 οὐδὲν
669 1045 834 1123 ἦττον
874 1048 1087 1121 θνητὸς,
1136 1049 1210 1121 μὴ
1260 1047 1666 1120 συναπτόμενος
1710 1047 1791 1119 τῷ

196 1142 320 1214 Θεῷ
354 1141 502 1216 (99)·
533 1143 595 1196 οὐ
639 1141 749 1213 γὰρ
773 1141 982 1213 κτίσμα
1023 1142 1261 1214 συνῆπτε
1308 1142 1377 1197 τά
1408 1141 1684 1214 κτίσματα
1711 1141 1791 1213 τῷ

193 1232 320 1305 Θεῷ
337 1277 353 1301 ,
378 1232 578 1304 ζητοῦν
603 1232 698 1287 καὶ
723 1233 857 1286 αὐτὸ
875 1233 968 1286 τὸν
995 1232 1334 1287 συνάπτοντα
1354 1250 1367 1264 ο
1389 1233 1510 1287 οὐδὲ
1537 1233 1600 1287 τὸ
1626 1233 1791 1307 μέρος

196 1325 299 1397 τῆς
343 1326 579 1389 κτίσεως
612 1324 856 1397 σωτηρία
886 1325 986 1396 τῆς
1016 1325 1248 1389 κτίσεως
1287 1325 1353 1380 ἀν
1381 1325 1468 1397 εἴη
1489 1365 1503 1391 ,
1537 1325 1789 1398 δεόμενον

197 1418 292 1472 καὶ
316 1417 452 1470 αὐτὸ
476 1417 770 1488 σωτηρίας.
797 1417 917 1471 Ἵνα
946 1412 1039 1471 οὖν
1072 1417 1208 1489 μηδὲ
1239 1417 1400 1471 τοῦτο
1429 1418 1658 1491 γένηται
1689 1418 1787 1489 (1),

195 1510 409 1581 πέμπει
438 1510 533 1564 τὸν
577 1507 772 1563 ἑαυτοῦ
821 1508 984 1576 Υίὺν,
1040 1511 1135 1564 καὶ
1181 1510 1388 1580 γίνεται
1424 1510 1538 1574 υίὸς
1574 1509 1787 1582 ἀνθρὼ-

196 1618 336 1665 που,
371 1601 473 1672 τὴν
521 1600 744 1673 κτιστὴν
798 1599 979 1671 σάρκα
1028 1599 1242 1654 λαϐὡψ
1301 1602 1400 1666 ἵν’,
1436 1602 1625 1673 ἐπειδὴ
1652 1603 1789 1657 πάν-

193 1709 287 1756 τες
318 1693 459 1746 εἰσὶν
490 1691 782 1746 ὑπεύθυνοι
816 1692 896 1764 τῷ
931 1692 1145 1764 θανάτῳ
1165 1734 1180 1760 ,
1216 1692 1375 1758 ἄλλος
1405 1693 1483 1747 ὢν
1513 1694 1622 1747 τῶν
1657 1694 1790 1748 πάν-

195 1802 304 1840 των
323 1826 340 1851 ,
372 1786 536 1849 αὐτὸς
565 1786 707 1858 ὑπὲρ
736 1757 954 1839 πάντων
991 1786 1051 1839 τὸ
1092 1757 1223 1840 ἴδιον
1255 1786 1415 1857 σῶμα
1450 1785 1529 1858 τῷ
1569 1786 1785 1857 Θανάτῳ
1821 1757 1861 1817 Β

195 1878 545 1950 προσενέγκῃ
564 1918 580 1943 ,
624 1878 719 1931 καὶ
747 1876 931 1932 λοιπὸν
950 1917 966 1942 ,
995 1877 1072 1942 ὡς
1101 1878 1318 1932 πάντων
1353 1879 1419 1932 δι’
1450 1878 1616 1932 αὐτοῦ
1651 1880 1789 1932 ἀπο-

193 1968 491 2033 θανόντων,
509 1971 538 2022 6
563 1969 662 2039 μὲν
679 1969 836 2038 λόγος
853 1970 954 2041 τῆς
975 1969 1303 2039 ἀποφάσεως
1331 1969 1591 2042 πληρωθῇ
1633 1970 1792 2039 (πάν-

192 2078 286 2127 τες
312 2061 426 2134 γὰρ
456 2060 727 2114 ἀπέθανον
759 2062 818 2116 ὲν
850 2061 1095 2134 Χριστῷ)
1129 2062 1207 2133 (2)
1235 2080 1248 2093 ο
1280 2062 1480 2125 πάντες
1503 2062 1560 2115 δὲ
1589 2062 1657 2115 δι’
1689 2063 1789 2116 αὑ-

190 2152 289 2209 τοῦ
313 2153 582 2223 γένωνται
611 2152 794 2206 λοιπὸν
823 2152 1098 2226 ἐλεύθεροι
1126 2153 1226 2225 μὲν
1250 2153 1359 2207 ἀπὸ
1383 2154 1481 2224 τῆς
1515 2154 1790 2226 ἁμαρτίας

192 2244 289 2298 καὶ
311 2244 416 2315 τῆς
435 2244 507 2298 δι’
534 2244 704 2317 αὐτὴν
726 2244 996 2317 κατάρας,
1018 2244 1234 2316 ἀληθῶς
1252 2245 1309 2299 δὲ
1336 2245 1686 2317 διαμείνωσιν
1711 2246 1786 2319 (5)

189 2338 371 2391 εἰσαεὶ
427 2337 761 2401 ἀναστάντες
813 2339 878 2391 ὲκ
933 2336 1176 2411 νεκρῶν,
1208 2338 1302 2391 καὶ
1355 2337 1653 2392 ἀθανασίαν
1694 2339 1789 2392 καὶ

192 2427 513 2499 ἀφθαρσίαν
539 2428 913 2499 ἐνδυσάμενοι.
945 2428 1052 2482 Τοῦ
1084 2427 1195 2499 γὰρ
1214 2427 1387 2497 Λόγου
1422 2429 1787 2499 ἐνδυσαμένου

188 2521 292 2592 τὴν
320 2521 526 2594 σάρκα,
542 2520 727 2585 καθὼς
748 2520 1007 2584 πολλάκις
1022 2520 1320 2585 δέδεικται,
1348 2522 1456 2574 πᾶν
1482 2521 1580 2592 μὲν
1601 2521 1787 2593 δῆγμα

185 2613 287 2668 τοῦ
315 2613 499 2683 ὃφεως
523 2612 591 2666 δι’
620 2611 746 2666 ὅλου
778 2610 1177 2665 κατεσϐέννυτο
1208 2612 1303 2664 ἀπ’
1330 2611 1526 2683 αὐτῆς·
1562 2611 1692 2666 εἴτι
1722 2615 1806 2666 ὲκ·

186 2708 301 2763 τῶν
336 2705 619 2780 σαρκικῶν
646 2704 963 2776 κινημάτων
990 2702 1253 2773 ἀνεφύετο
1277 2705 1467 2768 κακὸν,
1499 2702 1787 2769 ὲξεκόπτε-

184 2815 288 2866 το,
313 2798 413 2853 καὶ
443 2799 795 2870 συνανῃρεῐτο
816 2796 893 2867 (4)
918 2795 1128 2860 τούτοις
1159 2797 1188 2848 6
1215 2795 1317 2866 τῆς
1355 2795 1631 2868 ἁμαρτίας
1658 2794 1788 2848 ἀκό-

182 2889 384 2953 λουθος
408 2888 659 2952 θάνατος,
685 2888 762 2952 ὡς
794 2886 956 2950 αὐτὸς
976 2890 1006 2942 6
1038 2887 1245 2959 Κύριός
1273 2904 1438 2958 φησιν
1456 2905 1470 2919 ·
1510 2889 1786 2958 Ἔρχεται

186 2987 223 3038 ό
281 2981 488 3050 ἄρχων
529 2980 638 3034 τοῦ
676 2980 910 3050 κόσμου
943 2981 1188 3044 τούτου,
1229 2979 1331 3033 καὶ
1381 2977 1563 3036 οὐδὲν
1621 2980 1785 3049 εὑρί-

184 3089 332 3129 σκει
350 3072 427 3143 (5)
446 3072 518 3125 ὲν
542 3071 692 3141 ἐμοί·
719 3071 834 3136 καὶ,
856 3072 899 3122 Ε
906 3072 960 3136 ίς
987 3070 1163 3124 τοῦτο
1189 3069 1301 3140 γὰρ
1325 3069 1687 3139 ἐφανερώθη,
1710 3069 1786 3133 ὡς

183 3163 437 3236 ἔγραψεν
465 3163 497 3216 6
537 3162 790 3231 Ἰωάννης
813 3204 829 3229 ,
872 3162 973 3216 ἵνα
996 3162 1162 3230 λύσῃ
1190 3162 1264 3216 τὰ
1285 3161 1430 3235 ἔργα
1462 3162 1567 3216 τοῦ
1597 3162 1787 3217 διαϐό-

181 3261 329 3314 λου.
352 3255 570 3310 Τούτων
600 3256 658 3309 δὲ
684 3255 760 3326 (6)
787 3254 1054 3310 λυθέντων
1078 3255 1186 3308 ἀπὸ
1210 3257 1308 3327 τῆς
1335 3256 1559 3329 σαρκὸς,
1584 3257 1787 3321 πάντες

183 3351 337 3405 οὕτω
394 3349 538 3404 κατὰ
567 3348 667 3420 τὴν
694 3347 1010 3417 συγγένειαν
1043 3347 1145 3417 τῆς
1177 3347 1382 3419 σαρκὸς
1409 3348 1789 3421 ἠλευθερώθη-

187 3462 320 3516 μεν,
345 3443 443 3498 καὶ
460 3443 648 3497 λοιπὸν
677 3442 921 3515 συνήφθη
930 3460 1029 3514 μεν
1050 3444 1146 3496 καὶ
1172 3445 1337 3515 ἡμεῖς
1362 3445 1441 3514 τῷ
1456 3445 1634 3516 Λόγῳ.
1655 3445 1790 3501 Συν-

185 3535 463 3608 αφθέντες
494 3537 552 3590 δὲ
581 3534 663 3607 τῷ
715 3534 835 3606 θεῷ
855 3577 870 3601 ,
904 3536 1088 3589 οὐκέτι
1125 3536 1221 3606 μὲν
1254 3537 1347 3589 ἐπὶ
1381 3537 1484 3608 γῆς
1517 3536 1789 3608 ἀπομένο-

188 3647 297 3703 μεν
332 3629 442 3702 (7),
471 3629 586 3683 ἀλλ’
615 3629 691 3692 ὡς
719 3629 882 3691 αὐτὸς
906 3623 1085 3694 εἶπεν,
1110 3628 1247 3681 ὅπου
1284 3628 1445 3692 αὐτὸς
1465 3668 1480 3693 ,
1514 3629 1608 3682 καὶ
1628 3631 1790 3701 ἡμεῖς

184 3722 465 3795 ἐσόμεθαο
488 3723 584 3776 καὶ
608 3721 793 3775 λοιπὸν
814 3719 938 3774 οὔτε
960 3719 1053 3774 τὸν
1074 3720 1198 3789 ὅφιν
1225 3720 1304 3774 ἔτι
1329 3721 1755 3793 φοϐηθησόμεθα
1771 3737 1785 3751 ·

186 3813 524 3888 κατηργήθη
555 3812 665 3885 γάρ
695 3816 754 3868 ὲν
782 3816 850 3886 τῇ
886 3815 1051 3885 σαρκῖ⁸
1080 3813 1331 3885 διωχθεὶς
1367 3813 1519 3886 παρά
1547 3813 1643 3867 τοῦ
1677 3815 1790 3867 Σω-

181 3908 359 3979 τῆρος
377 3946 393 3970 ,
428 3906 526 3959 κα)⁸
551 3904 791 3970 ἀκούσας
807 3922 822 3936 ·
860 3906 1091 3972 ’Υπαγε
1115 3906 1308 3959 ὀπίσω
1327 3923 1448 3975 μου
1471 3945 1487 3970 ,
1516 3902 1789 3961 Σατανᾶ·

187 4001 292 4055 καὶ
327 3998 510 4063 οὕτως
535 3997 641 4066 ἔξω
668 3998 765 4052 τοῦ
806 3999 1141 4072 παραδείσου
1169 3997 1428 4068 τυγχάνει
1461 3996 1791 4069 βαλλόμενος
1848 4010 1851 4013 '

187 4095 272 4157 είς
302 4093 368 4146 τὸ
402 4089 516 4164 πῦρ
547 4091 610 4144 τὸ
637 4090 857 4145 αἰώνιον
875 4108 889 4122 ’
918 4089 1043 4145 οὔτε
1067 4090 1125 4144 δὲ
1158 4089 1233 4162 (8)
1257 4092 1493 4159 γυναῖκα
1514 4089 1791 4163 παραπεί-

186 4182 397 4237 θουσαν
448 4178 798 4251 φυλαξόμεθα
817 4197 832 4212 ·
872 4178 994 4249 ’Ἐν
1036 4179 1147 4251 γὰρ
1178 4177 1255 4248 τῇ
1286 4178 1621 4234 ἀναστάσει
1652 4180 1792 4235 οὔτε

186 4272 517 4347 γαμοῦσιν,
554 4273 696 4329 οὔτε
755 4271 1096 4344 γαμίζονται
1120 4311 1136 4338 ,
1167 4273 1305 4327 ἀλλ’
1328 4271 1488 4325 εἰσιν
1513 4271 1595 4338 ὡς
1618 4270 1791 4342 ἄγγε-

184 4371 291 4423 λοι
323 4363 438 4437 (9)’
485 4365 582 4420 καὶ
624 4365 684 4419 ὲν
711 4364 936 4437 Χριστῷ
982 4364 1159 4436 Ἰησοῦ
1193 4363 1357 4435 καινὴ
1389 4361 1569 4428 κτίσις
1599 4361 1792 4418 ἔσται’

185 4459 286 4514 καὶ
308 4455 439 4512 οὕτε
462 4458 654 4530 ἄρσεν,
680 4455 804 4512 οὔτε
830 4456 965 4528 θῆλυ
983 4496 1001 4523 ,
1028 4456 1165 4512 ἀλλά
1185 4455 1363 4511 πάντα
1389 4455 1484 4510 καὶ⁵
1523 4456 1583 4510 ὲν
1622 4457 1789 4511 πᾶσιν

256 4666 309 4697 ⁸⁸
330 4664 492 4720 Joan.
521 4650 636 4729 ιη’,
667 4664 757 4720 50.
832 4664 879 4697 "
911 4665 932 4719 l
960 4663 1120 4719 Joan.
1148 4679 1233 4728 ιιι,
1259 4664 1316 4720 8.
1392 4663 1438 4695 “
1462 4662 1622 4719 Joan.
1667 4679 1779 4733 xw,
1800 4665 1861 4721 5.

186 4755 263 4805 ri,
306 4737 401 4793 15.
472 4737 520 4768 ⁸⁸
548 4734 726 4792 Galat.
761 4751 846 4800 ιιι,
876 4735 1007 4802 28.;
1044 4736 1064 4791 ι
1097 4734 1224 4790 Cor.
1252 4750 1344 4803 xv,
1373 4734 1465 4789 28.

260 4918 380 4992 (98)
414 4916 668 4992 Seguer,
693 4915 1104 4992 ἐλευθεροῦντος
1122 4913 1503 4992 ἀρκεσθέντες.
1523 4913 1775 4992 Gobler.,
1810 4917 1853 4972 D

186 4990 442 5054 Felc.’i,
472 4990 507 5045 4
529 5000 585 5045 et
614 4990 670 5054 5,
717 4990 1109 5059 ἠλευθεροῦντο
1158 4990 1542 5058 ἀρκεσθέντες.
1581 4990 1778 5040 Galeri

190 5072 249 5144 et
283 5062 444 5144 editi,
474 5059 893 5144 ἠλευθεροῦντο,
923 5059 1126 5128 σάρκες
1152 5057 1326 5121 ὄντες.
1348 5056 1484 5113 Ibid.
1511 5055 1606 5110 καί
1629 5056 1783 5111 deest

190 5133 247 5188 in
278 5129 510 5188 Gobler.
535 5139 592 5185 et
612 5129 761 5185 Fe‘lc.
796 5129 848 5183 1.

263 5202 644 5285 (99)ιβεειιειν.
670 5209 735 5285 et
758 5197 904 5285 Fglc.
933 5197 1003 5279 4,
1020 5197 1432 5285 συναπτόμενος
1462 5194 1613 5285 γΘειΞ.

263 5267 342 5398 (1)
364 5267 649 5359 'Segiter...
670 5272 735 5324 ἵν’
769 5267 862 5357 at?)
912 5269 1205 5350 roﬁro~pxh
1246 5267 1494 5351 γένηται,
1525 5267 1781 5351 .Goble-r.

263 5360 342 5400 τε.
382 5345 500 5412 iet
536 5343 592 5397 4.
654 5343 744 5412 ινα
776 5357 869 5393 ουν
912 5340 987 5412 μὴ
1022 5357 1203 5406 τουτο,
1231 5349 1337 5394 etc.
1393 5340 1536 5393 Ldtti
1578 5348 1631 5393 et
1664 5339 1780 5403 alii,

188 5342 342 5400 Felc'.
388 5345 412 5397 1
447 5342 500 5397 et
536 5343 592 5397 4.
626 5342 744 5395 ἰνα
776 5342 869 5393 οὖν
912 5342 987 5412 μὴ
1022 5342 1203 5406 τοῦτο,
1231 5349 1337 5394 etc.
1393 5342 1536 5393 Editi
1578 5348 1631 5393 et
1664 5342 1780 5403 alii,

192 5416 319 5470 Ἵνα
346 5409 440 5468 οὖν
470 5412 608 5485 μηδὲ
636 5411 816 5485 τοῦτο,
845 5419 987 5485 etc.__
1127 5479 1153 5485 _
1209 5479 1243 5485 _
1328 5481 1340 5485 _
1571 5480 1589 5485 _

264 5486 345 5557 (2)
372 5479 595 5557 Segnia.
611 5522 626 5549 ,
654 5481 926 5557 ἀπέθανον
942 5479 1189 5557 Χριστῷ.
1209 5479 1380 5557 Paulo
1402 5488 1527 5557 post
1557 5480 1785 5557 segucr.

381 5551 615 5629 Gobler.
662 5552 821 5629 Felc1
850 5553 893 5629 _i
927 5551 1143 5629 μοί-5,)
1166 5552 1231 5605 δι’
1266 5551 1782 5629 αὺτοῦ-γεννῶνται.

194 5621 411 5697 Anglic.
443 5636 498 5681 et
526 5622 674 5697 Felc.
707 5621 862 5697 ἅτε-δι’
882 5622 1048 5697 αὐτοῦ
1069 5622 1357 5692 γένωνται.
1402 5622 1507 5677 Alii
1533 5630 1588 5679 et
1617 5622 1786 5677 editio

194 5693 490 5761 Commel.,
521 5694 725 5757 πάντες
746 5694 803 5747 δὲ
832 5693 1117 5762 γένωνται.

267 5769 348 5839 (5)
383 5765 638 5839 Seguer.,
673 5764 1019 5836 διαμένωσιν.

717 4984 1109 5059 ἠλευθεροῦντο
1158 4984 1542 5059 ἀρκεσθέντες.
1581 4984 1778 5059 Qteteri

1897 476 2119 542 sissent,
2159 490 2224 531 ac
2266 485 2491 546 peccato
2533 476 2870 532 serviissent.
2912 475 2988 530 Ita
3034 484 3218 532 autem
3265 490 3481 545 semper

1896 568 2202 636 peccando,
2235 583 2459 638 semper
2498 570 2841 627 contionante
2870 583 3010 637 opus
3038 568 3381 630 habuissent,
3415 583 3481 622 ac

1896 658 2125 727 proinde
2150 674 2432 728 nunquam
2471 659 2708 716 fuissent
2735 660 2971 726 liberati,
3004 675 3131 715 cum
3162 675 3232 714 ex
3273 676 3332 714 se
3378 660 3480 715 toti

1897 748 2009 803 sint
2042 751 2250 816 carnei,
2290 761 2456 820 atque
2487 752 2558 806 ob
2577 751 2760 807 carnis
2780 751 3154 806 inﬁrmitatem
3188 752 3293 822 legi
3329 766 3480 807 sem-

1896 852 1993 908 per
2031 841 2414 896 succumbant.

1966 949 2055 1005 69.
2090 949 2359 1006 Praeterea
2398 952 2445 1007 si
2475 951 2647 1007 Filius
2676 967 2764 1009 res
2793 964 2973 1009 creata
3001 963 3167 1019 esset,
3197 954 3365 1009 homo
3405 954 3483 1009 ni-

1897 1041 2199 1098 hilominus
2231 1045 2481 1100 mortalis
2521 1055 2851 1112 remaneret,
2880 1057 3067 1116 utpote
3099 1048 3323 1102 minime
3351 1063 3480 1103 cum

1896 1132 2009 1191 Deo
2032 1137 2341 1206 copulatus.
2369 1136 2480 1193 Nec
2501 1139 2649 1193 enim
2679 1155 2768 1195 res
2801 1140 2985 1210 aliqua
3016 1151 3199 1196 creata
3230 1156 3317 1197 res
3342 1142 3480 1198 alias

1894 1236 2110 1283 creatas
2141 1245 2271 1284 cum
2309 1228 2420 1285 Deo
2449 1242 2630 1300 potest
2656 1232 3009 1303 conjungere,
3054 1247 3180 1287 cum
3206 1233 3321 1303 ipsa
3347 1249 3482 1289 con-

1889 1320 2205 1391 jungentem
2268 1324 2506 1394 aliquem
2572 1334 2802 1396 quaerat.
2866 1324 3054 1395 Neque
3109 1341 3238 1396 pars
3297 1325 3482 1397 aliqua

1895 1422 2090 1469 creata:
2119 1423 2328 1470 natura:
2352 1417 2583 1471 salutem
2614 1419 2689 1472 illi
2722 1429 2907 1488 posset
2939 1417 3133 1473 aderre
3157 1417 3319 1490 425
3353 1435 3482 1474 cum

1894 1505 2012 1576 ipsa
2048 1509 2223 1562 salute
2251 1524 2473 1579 quoque
2517 1511 2777 1582 indigeat.
2821 1510 2978 1578 Quod
3025 1528 3093 1567 ne
3129 1511 3300 1579 ﬁeret,
3335 1512 3481 1569 Deus

1894 1599 1982 1652 sui
2013 1598 2186 1668 ipsius
2215 1598 2415 1654 Filium
2442 1602 2613 1669 misit,
2649 1604 2744 1673 qui
2787 1615 2969 1660 creata
2998 1596 3163 1661 carne
3197 1614 3483 1675 assumpta

1893 1688 2074 1746 factus
2121 1700 2204 1747 est
2259 1693 2403 1749 {ilius
2440 1694 2700 1763 hominis,
2744 1705 2803 1751 ut
2851 1698 3112 1767 quoniam
3163 1713 3358 1753 omnes
3402 1699 3482 1754 rei

1889 1790 2081 1835 essent
2112 1784 2327 1851 mortis,
2362 1784 2453 1839 ille
2481 1786 2574 1855 qui
2609 1786 2750 1841 alius
2778 1796 2865 1841 cst
2912 1788 2981 1841 ab
3024 1789 3304 1854 omnibus,
3351 1803 3482 1858 pro-

1889 1873 2068 1942 prium
2101 1889 2303 1945 corpus
2332 1893 2430 1946 pro
2455 1880 2712 1934 omnibus
2748 1881 2909 1935 morti
2940 1881 3181 1945 ol‘ferrct,
3212 1892 3377 1951 atque
3405 1882 3482 1936 ita

1889 1967 2152 2023 omnibus
2185 1969 2353 2023 veluti
2379 1985 2477 2039 per
2505 1972 2686 2040 ipsum
2719 1974 2977 2040 mortuis,
3011 1984 3066 2028 et
3093 1977 3362 2030 sententia
3383 1977 3482 2031 ad-

1889 2075 2110 2115 versum
2176 2077 2280 2117 nos
2328 2064 2436 2119 lata
2484 2066 2856 2135 compleretur
2916 2068 3147 2137 (omnes
3208 2071 3352 2124 enim
3414 2069 3480 2129 ,in

1851 2212 1857 2218 _
1889 2152 2109 2208 Christo
2140 2156 2343 2210 mortui
2374 2159 2554 2227 sunt),
2594 2168 2648 2212 et
2677 2173 2869 2214 omnes
2906 2159 3161 2229 deinceps
3196 2176 3226 2214 a
3253 2170 3481 2230 peccato

1889 2249 1943 2294 et
1980 2242 2384 2311 maletlictioue,
2420 2261 2542 2315 qua:
2571 2263 2635 2301 ex
2673 2263 2740 2303 eo
2771 2259 2957 2303 secuta
3002 2259 3105 2315 est,
3150 2266 3246 2320 per
3297 2251 3481 2321 ipsum

1890 2332 2086 2388 tierent
2120 2335 2299 2400 liberi,
2337 2353 2572 2407 vereque
2600 2340 2657 2393 in
2696 2349 3020 2409 perpetuum
3068 2353 3478 2410 permanerent,

1891 2425 2308 2482 immortalitate
2356 2437 2411 2485 et
2437 2431 2867 2501 incorruptione,
2905 2444 3197 2504 postquam
3233 2451 3485 2491 resurre-

1889 2518 2120 2585 xissent,
2149 2520 2348 2576 induti.
2382 2520 2630 2593 Namque
2661 2533 2950 2595 pastquam
2989 2528 3224 2583 Verbum
3255 2544 3482 2583 carnem

1890 2611 2090 2679 induit,
2119 2621 2180 2667 ut
2201 2629 2346 2684 saepe
2374 2613 2582 2669 dictum
2610 2624 2715 2681 est,
2747 2618 2816 2672 ab
2835 2634 2897 2672 ea
2929 2620 3233 2674 exstinctus
3264 2621 3482 2690 penitus

1889 2715 1974 2760 est
1998 2707 2268 2775 serpentis
2303 2721 2545 2771 morsus,
2580 2719 2636 2762 et
2665 2708 2933 2779 quidquid
2972 2710 3099 2764 mali
3130 2713 3485 2769 exoriebatur

1887 2812 1955 2853 ex
1986 2798 2174 2853 carnis
2215 2798 2476 2863 motibus,
2514 2800 2806 2869 praecisum
2836 2803 3063 2857 omnino
3095 2812 3200 2869 est,
3228 2820 3296 2860 ac
3324 2805 3484 2860 deni-
3550 2800 3556 2806 “

1887 2905 1994 2960 que
2021 2890 2139 2961 ipsa
2171 2907 2319 2948 mors
2350 2893 2559 2963 peccati
2589 2882 2777 2952 comes
2800 2895 2908 2951 fuit
2935 2896 3099 2952 simul
3135 2898 3483 2968 interempta,

1886 2988 1948 3035 ut
1972 2981 2087 3050 ipse
2123 2981 2387 3038 Dominus
2428 2984 2743 3055 hujusmodi
2785 2988 2968 3043 verbis
3005 2988 3283 3044 declarat:
3328 2986 3485 3043 Venit

1813 3103 1855 3161 ρ
1887 3075 2126 3143 princeps
2145 3075 2303 3153 Itujus
2336 3077 2543 3143 mundi,
2566 3092 2614 3132 et
2636 3079 2770 3133 nihil
2796 3082 2850 3134 in
2881 3098 2961 3135 me
2988 3083 3183 3136 invenit
3207 3083 3274 3137 “.
3298 3084 3392 3138 Et:
3415 3080 3484 3138 1n

1888 3166 1986 3220 ltoc
2016 3170 2158 3222 enim
2190 3171 2462 3239 apparuit.
2496 3173 2574 3226 uti
2596 3172 3101 3243 scripsitJoanues,
3142 3187 3195 3228 ut
3225 3176 3486 3231 dissolvat

1888 3276 2045 3328 opera
2074 3260 2278 3316 diaboli
2299 3263 2369 3318 η.
2399 3262 2495 3318 His
2528 3275 2713 3319 autem
2747 3282 2913 3321 carne
2954 3267 3256 3335 dissolutis,
3289 3283 3484 3324 omnes

1888 3363 2109 3423 preptcr
2135 3354 2319 3410 carnis
2340 3358 2724 3423 cognationem
2756 3358 2973 3413 liberati
3001 3375 3217 3425 sumus,
3247 3360 3479 3431 jamque

1889 3459 1993 3500 nos
2019 3446 2183 3499 etiam
2209 3462 2333 3500 cum
2375 3444 2556 3502 Verbo
2595 3450 2836 3518 copulati
2872 3448 3100 3505 fuimus.
3151 3449 3324 3505 Porro
3358 3468 3485 3508 cum

1889 3534 2003 3592 Deo
2029 3538 2330 3605 coniuncti,
2365 3556 2472 3594 non
2508 3542 2746 3610 amplius
2777 3542 2830 3595 in
2870 3552 3013 3598 terra
3044 3545 3480 3609 remanebimus,

1891 3631 2009 3693 sed,
2045 3639 2105 3684 ut
2143 3630 2260 3701 ipse
2292 3631 2520 3696 dixit",
2559 3632 2650 3686 ubi
2682 3633 2772 3687 ille
2817 3634 2942 3700 erit,
2975 3650 3076 3689 nos
3104 3650 3323 3705 quoque
3371 3637 3486 3690 eri~

1889 3737 2037 3785 mus,
2083 3737 2183 3777 nec
2235 3728 2542 3793 serpentem
2582 3725 2818 3793 amplius
2862 3741 3058 3780 sumus
3107 3725 3482 3783 forniidaturi.

1889 3812 2216 3886 Proﬂigatus
2254 3817 2399 3871 enim
2453 3816 2546 3871 ille
2580 3827 2666 3871 est
2707 3832 2740 3871 a
2787 3815 3071 3874 Salvatore
3104 3835 3228 3875 cum
3281 3822 3334 3874 in
3384 3836 3486 3876 sua

1891 3922 2057 3963 carne
2078 3918 2437 3978 persequente
2459 3923 2525 3964 ac
2553 3909 2790 3977 dicente,
2843 3909 2983 3965 Vade
3015 3923 3135 3982 post
3180 3930 3283 3975 me.
3321 3911 3489 3971 Sata-

1893 4016 1967 4055 na
1986 3998 2032 4031 ⁸⁷
2065 4017 2079 4054 :
2111 4008 2277 4070 atque
2300 4000 2375 4055 ita
2404 4009 2559 4056 extra
2588 4003 2903 4072 paradisum
2931 4005 2985 4058 in
3011 4004 3188 4076 ignem
3218 4014 3485 4062 aeternum

1894 4101 1977 4146 est
2023 4090 2289 4161 deiectus.
2336 4089 2449 4148 Nec
2494 4094 2661 4147 etiam
2716 4094 2842 4149 ulla:
2865 4095 3163 4150 muliebres
3217 4096 3490 4152 illecebrae

1893 4180 2149 4236 cavendae
2164 4181 2325 4237 nobis
2365 4191 2529 4237 erunt
2556 4201 2571 4237 :
2598 4180 2665 4247 In
2694 4186 3083 4239 resurrectione
3102 4187 3244 4240 enim
3267 4203 3358 4241 nec
3383 4203 3488 4242 utt-

1896 4271 2016 4329 bent
2031 4290 2124 4329 nec
2144 4276 2428 4345 nubentur,
2444 4277 2535 4331 sed
2558 4287 2683 4332 sunt
2704 4278 2844 4333 sicut
2861 4281 3037 4351 angeli
3061 4279 3127 4334 ⁸⁸.
3152 4278 3219 4335 Et
3247 4280 3304 4334 in
3331 4280 3491 4336 Chri-

1894 4376 1981 4421 sto
2010 4363 2143 4422 Jesu
2177 4381 2321 4423 nova
2360 4376 2615 4424 creatura
2652 4370 2759 4425 erit
2778 4368 2847 4436 ",
2875 4384 3053 4440 neque
3080 4369 3361 4425 masculus
3393 4377 3491 4423 aut

1896 4456 2122 4523 femina,
2169 4459 2265 4515 sed
2296 4460 2485 4516 omnia
2512 4468 2569 4515 et
2617 4460 2674 4515 in
2704 4460 2966 4517 omnibus
2995 4461 3103 4516 erit
3135 4459 3392 4516 Christus
3415 4459 3487 4514 ".

1973 4666 2019 4697 δ”
2042 4664 2237 4720 Matth.
2269 4682 2342 4732 tv,
2374 4666 2461 4720 10.
2566 4665 2614 4697 ⁸⁸
2641 4664 2834 4721 Matth.
2861 4682 2998 4731 xxii,
3034 4664 3126 4719 30.
3238 4665 3284 4697 "
3308 4664 3484 4722 (δοιοί.

1955 4913 2035 4983 (4)
2079 4914 2333 4984 Seguer.,
2374 4910 2805 4984 Gobler.,j‘elc.
2842 4910 2951 4984 tet
2993 4909 3051 4984 1,
3104 4912 3488 4984 curavi-ipsae.

1891 4981 2106 5055 Basili.,
2159 4981 2403 5055 Anglic,
2442 4981 2602 5053 Reg,
2632 4981 2782 5039 Felc.
2833 4981 2869 5035 2
2914 4989 2971 5035 et
3015 4981 3070 5045 5,
3121 4981 3488 5054 συνανῄρητο.

1894 5054 2037 5108 Editi
2069 5063 2124 5110 et
2159 5054 2275 5122 alii,
2305 5056 2674 5125 συναρήρητο.

1968 5126 2046 5195 (5)
2079 5119 2326 5191 Gobler.,
2359 5119 2584 5180 Fel'ef'l'
2606 5133 2660 5178 et
2706 5122 2762 5185 4,
2792 5121 3037 5195 εὑρήσει.
3083 5119 3222 5176 Ibid.
3260 5120 3488 5177 Gobler.

1895 5204 1950 5252 et
1989 5193 2135 5251 Felc.
2170 5196 2223 5263 1,
2253 5196 2310 5248 ὲν
2337 5195 2482 5264 ἐμοί.
2518 5195 2612 5257 Εἰς
2646 5195 2802 5247 τοῦτο
2829 5193 2976 5264 γάρ,
2996 5202 3107 5246 etc.

1972 5267 2048 5337 (6)
2066 5261 2329 5339 (Seguer,
2357 5261 2602 5339 Gobler.,
2630 5264 2777 5320 Felc.
2806 5263 2833 5317 1
2865 5261 2921 5318 et
2952 5263 3008 5329 4,
3038 5262 3245 5317 τούτων
3272 5261 3350 5317 δέ.
3378 5262 3488 5339 Alii

1896 5346 1951 5392 et
1985 5332 2117 5391 editi
2130 5332 2379 5399 ξτούτων
2409 5332 2524 5389 οὖν.

1975 5409 2051 5479 (7)
2104 5407 2341 5479 ϐοίιιθις
2366 5416 2420 5461 et
2447 5404 2592 5479 F_elc.
2629 5408 2681 5471 1,
2705 5406 3090 5479 ἀπομένωμεν.
3115 5405 3483 5479 Paulopqst,

1902 5475 2152 5548 Seguer.,
2186 5477 2431 5548 Gobler.,
2467 5476 2611 5532 Felc.
2642 5480 2666 5531 1
2698 5475 2836 5548 eti,
2856 5478 2951 5530 καὶ
2973 5475 3178 5533 λοιπόν.
3211 5475 3354 5533 Ibid.
3384 5475 3489 5531 Se-

1898 5547 2252 5620 ειιοιηοὺδέ.
2285 5547 2429 5601 Editi
2457 5558 2523 5620 et_
2547 5548 2641 5602 alii
2672 5547 3095 5620 nat_o_mittunt.

1970 5619 2046 5691 (8)
2079 5619 2458 5691 SicASeguerq
2489 5617 2735 5687 Gobler.,
2767 5616 2916 5673 Felc.
2950 5620 2974 5673 1
3011 5627 3065 5675 et
3096 5619 3151 5677 ι.
3184 5618 3254 5675 At
3278 5618 3331 5673 in
3365 5616 3488 5673 aliis

1897 5700 1951 5746 et
1982 5689 2154 5744 editis
2179 5689 2236 5742 δέ
2259 5693 2431 5743 deest.

1966 5760 2044 5832 (9)
2071 5758 2385 5816 Felckman.
2418 5760 2471 5830 5,
2499 5759 2575 5825 ὡς
2602 5760 2651 5813 οἱ
2675 5760 2920 5830 ἄγγελοι.
