3840 6220
354 275 463 331 295

963 272 1020 326 S.
1067 269 1441 324 ATIIANASII
1480 224 1632 328 ΘΡΡ.
1672 267 1854 322 PARS
1889 269 1930 322 I.
1971 299 2041 308 —
2080 263 2454 321 HISTORICA
2495 263 2582 319 ET
2625 262 3049 319 DOGMATICA.

3515 265 3624 321 296

358 390 460 444 Ubi
488 399 667 443 autem
701 385 953 441 Christus
993 387 1165 450 adest,
1197 386 1322 456 quis
1353 387 1518 442 timor
1555 387 1642 441 vel
1673 386 1802 456 quid
1837 401 1932 456 pe—

2058 385 2188 437 ἷσται
2222 383 2333 455 (10)
2355 385 2384 437 6
2410 383 2664 454 Χριστός.
2706 382 2875 437 Ἔνθα
2899 382 2956 436 δὲ
2987 384 3015 434 6
3047 384 3304 454 Χριστὸς,
3340 387 3493 449 ποῖος
3531 388 3629 454 96-

354 479 512 536 riculi
543 477 719 548 possit
746 476 1034 531 accidere?

429 572 516 626 70.
567 571 625 625 Id
682 579 864 624 autem
916 570 1120 624 factum
1165 570 1388 624 minime
1445 569 1658 636 fuisset,
1700 571 1745 625 si
1799 570 1930 641 quid

355 674 598 722 creatum
628 671 774 718 esset
823 662 1081 716 Verbum.
1118 660 1253 716 Nam
1299 646 1571 727 diabolus,
1604 665 1697 734 qui
1728 675 1781 719 et
1815 666 1930 735 ipse

356 765 606 813 creatura
653 763 775 820 est,
829 762 1150 824 perpetuum
1200 769 1324 809 cum
1377 763 1627 809 creatura
1672 757 1932 825 gessisset

356 848 594 910 bellum,
646 855 700 900 et
750 847 915 900 homo
951 847 1264 916 quicunque
1310 846 1505 902 fuisset
1552 847 1928 914 intermedius,

356 939 517 994 morti
569 953 781 1007 semper
829 937 1105 1007 subjectus
1140 936 1368 1003 fuisset,
1415 938 1616 1008 quippe
1649 939 1743 1008 qui
1795 940 1931 994 nihil

354 1031 580 1084 haberet
617 1029 672 1082 in
710 1043 820 1098 quo
859 1039 913 1083 et
958 1043 1055 1097 per
1100 1028 1245 1096 quod
1293 1043 1418 1083 cum
1454 1027 1565 1083 Deo
1608 1031 1931 1100 conjunctus

357 1121 493 1174 liber
545 1120 699 1174 fieret
731 1119 798 1172 ab
835 1119 986 1172 omni
1033 1127 1202 1172 metu.
1246 1118 1512 1183 Quocirca
1548 1118 1666 1188 ipsa
1724 1119 1932 1176 Veritas

357 1211 596 1268 ostendit
634 1209 877 1265 Verbum
909 1225 1018 1263 non
1053 1225 1175 1264 esse
1208 1224 1239 1263 e
1269 1209 1426 1264 factis
1451 1209 1633 1276 rebus,
1675 1210 1767 1264 sed
1806 1210 1926 1265 illa-

356 1318 478 1356 rum
514 1302 696 1371 potius
722 1315 846 1354 esse
878 1308 1177 1354 auctorem.
1219 1297 1291 1352 Ita
1327 1298 1472 1354 enim
1503 1315 1700 1368 corpus
1723 1299 1924 1355 factum

357 1404 412 1449 et
453 1395 754 1448 humanum
803 1391 1123 1460 assumpsit,
1178 1399 1237 1444 ut
1268 1391 1398 1445 illud
1441 1400 1701 1461 tanquam
1749 1391 1930 1462 opifex

359 1487 626 1550 reticeret,
659 1493 712 1538 et
737 1483 981 1538 divinum
1020 1483 1072 1535 in
1109 1482 1289 1551 seipso
1318 1483 1584 1546 redderet,
1626 1493 1792 1554 atque
1827 1483 1931 1540 hoc

358 1584 520 1646 pacto
549 1589 650 1628 nos
697 1588 886 1628 omnes
917 1573 982 1626 ad
1018 1573 1166 1626 illius
1205 1572 1615 1626 similitudinem
1648 1573 1701 1626 in
1733 1572 1931 1627 coelum

361 1667 751 1720 introduceret.
787 1662 950 1731 Atqui
979 1663 1143 1715 homo
1167 1677 1291 1715 cum
1319 1677 1376 1716 re
1398 1672 1580 1716 creata
1609 1661 1932 1731 conjunctus

2032 473 2184 545 ϐοςῆ
2226 476 2379 538 ποῖος
2409 472 2652 537 κίνδυνος
2685 475 2766 526 ἔτι
2799 473 3125 543 γενήσεται;

2101 564 2190 620 70.
2229 565 2399 618 Τοῦτο
2447 565 2503 617 δὲ
2542 566 2643 618 οὐκ
2693 563 2759 617 ἂν
2803 565 3084 633 ἐγεγόνει,
3133 567 3180 618 εί
3225 565 3430 637 κτίσμα
3480 562 3551 636 ἦν
3598 568 3628 619 6

2030 657 2221 725 Λόγος.
2283 655 2428 728 Πρὸς
2461 655 2571 727 γάρ
2600 655 2807 726 κτίσμα
2833 694 2847 718 ,
2902 655 3106 726 κτίσμα
3139 655 3216 710 ὢν
3247 659 3341 712 καὶ
3379 659 3408 710 6
3439 659 3627 712 διάϐο-

2031 747 2122 812 λος
2153 747 2285 818 (11),
2316 743 2460 817 εἶχεν
2489 746 2577 800 ἀεὶ
2606 747 2704 818 τὴν
2726 747 2938 819 μάχην·
2967 749 3062 801 καὶ¹
3087 749 3252 819 μέσος
3275 749 3350 804 ὢν
3371 753 3400 804 6
3421 751 3629 821 ἄνθρω-

2031 855 2151 902 πος,
2177 836 2416 900 ὕποπτος
2440 832 2508 907 ἦν
2529 837 2614 890 ἀεὶ
2639 835 2716 907 τῷ
2743 837 2978 909 θανάτῳ,
3021 839 3095 910 μὴ
3119 840 3257 910 ἔχων
3289 842 3347 894 ὲν
3369 835 3413 910 ᾧ
3435 843 3531 895 καὶ
3556 844 3628 896 δι’

2030 920 2091 982 οὗ
2137 925 2440 997 συναφθεὶς
2463 927 2542 998 τῷ
2567 927 2686 998 Θεῷ
2712 927 2998 1000 ἐλεύθερος
3025 931 3228 994 παντὸς
3257 931 3422 1000 φόϐου
3453 933 3626 1004 γένη-

2030 1039 2119 1074 ται
2149 1021 2282 1092 (12).
2315 1019 2478 1074 Ὅθεν
2506 1023 2538 1091 ή
2581 1021 2808 1092 ἀλήθεια
2839 1021 3078 1074 δείκνυσι
3117 1022 3190 1093 μὴ
3229 1019 3366 1076 εἶναι
3397 1024 3505 1077 τῶν
3531 1042 3631 1093 γε-

2031 1114 2206 1185 νητῶν
2227 1111 2322 1166 τὸν
2345 1112 2533 1182 Λόγον,
2561 1113 2696 1166 ἀλλὰ
2725 1112 2925 1184 μᾶλλον
2951 1112 3155 1168 τούτων
3175 1115 3337 1169 αὑτὸν
3362 1117 3630 1189 δημιουρ-

2031 1203 2124 1271 γόν
2139 1219 2152 1232 ·
2176 1201 2317 1255 οὕτω
2337 1200 2447 1274 γάρ
2469 1203 2562 1256 καὶ
2582 1201 2945 1273 προσελάϐετο
2964 1203 3025 1255 τὸ
3049 1203 3274 1274 γενητὸν
3296 1205 3392 1258 καὶ
3415 1205 3604 1276 ἀνθρώ
3621 1238 3633 1244 -

2032 1311 2185 1348 πινον
2215 1293 2402 1364 σῶμα,
2439 1294 2559 1358 ἵνα,
2585 1293 2741 1347 τοῦτο
2766 1295 2842 1358 ὡς
2873 1293 3203 1366 δημιουργὸς
3232 1296 3610 1363 ἀνακαινίσας,

2033 1388 2090 1439 ὲν
2111 1384 2286 1456 ἐαυτῷ
2308 1385 2622 1460 θεοποιήσῃ,
2651 1387 2746 1439 καὶ⁸
2771 1386 2943 1450 οὕτως
2965 1388 3045 1450 είς
3067 1385 3341 1456 βασιλείαν
3365 1389 3617 1460 οὐρανῶν

2032 1479 2301 1551 εἰσαγάγῃ
2326 1477 2532 1543 πάντας
2549 1481 2698 1550 ἡμᾶς
2716 1479 2836 1534 καθ’
2855 1481 3148 1552 ὁμοιότητα
3164 1481 3393 1534 ἐκείνου.
3419 1483 3536 1536 υύκ
3557 1482 3626 1536 ἂν

2030 1571 2090 1625 δὲ
2108 1571 2267 1625 πάλιν
2284 1571 2604 1644 ὲθεοποιήθη
2621 1571 2881 1643 κτίσματι
2897 1572 3188 1642 συναφθεὶς
3205 1574 3234 1626 6
3249 1573 3346 1628 άνθ
3355 1591 3556 1646 ρωπος,
3574 1577 3629 1628 εἰ

2037 1661 2111 1735 μὴ
2137 1663 2269 1726 Θεὸς
2305 1658 2374 1734 ἦν
2399 1662 2648 1734 ἀληθινὸς
2672 1665 2701 1716 6
2729 1663 2858 1728 Υἱός
2877 1680 2890 1694 ·
2924 1664 3018 1718 καὶ
3042 1665 3143 1718 οὐκ
3176 1665 3241 1718 ἂν
3265 1666 3513 1738 παρέστη
3547 1667 3629 1738 τῷ

359 1774 469 1812 non
504 1757 770 1826 potuisset
795 1755 1013 1809 divinus
1060 1753 1217 1819 eﬂici,
1246 1753 1352 1809 nisi
1385 1753 1555 1808 Filius
1599 1769 1763 1808 verus
1791 1754 1933 1810 Deus

2058 1755 2212 1827 Ιατρὶ
2237 1757 2264 1808 6
2286 1752 2592 1828 ἅνθρωπος,
2612 1758 2660 1809 εί
2689 1755 2764 1827 μὴ
2795 1755 2954 1826 φύσει
2981 1758 3074 1810 καὶ
3093 1757 3343 1828 ἀληθινὸς
3363 1755 3432 1830 ἦν
3457 1760 3627 1813 αὐτοῦ

359 1856 526 1910 esset,
559 1862 734 1916 neque
762 1846 925 1898 homo
958 1859 1016 1898 se
1043 1842 1194 1898 Patri
1225 1845 1418 1900 sistere
1441 1858 1610 1899 ausus
1632 1855 1797 1906 esset,
1827 1845 1936 1899 nisi

361 1942 410 1996 is
445 1941 536 2010 qui
572 1955 770 2008 corpus
797 1936 990 2000 induit,
1031 1937 1277 1991 naturale
1312 1945 1367 1991 et
1414 1952 1603 1990 verum
1630 1937 1750 2007 ejus
1793 1945 1939 1993 esset

361 2033 621 2088 Verbum.
655 2032 733 2084 Ae
757 2030 1214 2099 quemadmodum
1257 2045 1537 2100 nunquam
1574 2046 1604 2085 a
1631 2040 1854 2100 peccato
1884 2041 1939 2086 et

361 2139 390 2177 a
422 2120 802 2176 maledictione
827 2119 1039 2173 liberati
1084 2117 1399 2184 fuissemus,
1447 2120 1551 2175 nisi
1581 2135 1730 2188 caro,
1772 2137 1936 2191 quam

361 2214 540 2268 induit
569 2211 830 2274 Verbum,
857 2219 1051 2264 natura
1085 2211 1321 2266 humana
1342 2221 1524 2279 esset;
1555 2213 1629 2268 ita
1658 2230 1937 2284 nunquam

360 2306 527 2360 homo
557 2304 775 2358 divinus
799 2301 1021 2357 eﬂ‘eetus
1043 2301 1256 2369 fuisset,
1286 2303 1391 2360 nisi
1412 2304 1460 2360 is
1489 2306 1584 2374 qui
1607 2321 1736 2361 caro
1761 2304 1939 2366 factus

358 2403 466 2461 est,
492 2404 686 2451 natura
710 2403 857 2450 esset
875 2409 1064 2448 verum
1089 2403 1144 2450 et
1166 2397 1444 2465 proprium
1469 2395 1648 2452 Patris
1677 2395 1935 2454 Verbum.

359 2489 608 2560 Namque
660 2488 866 2544 idcirco
920 2487 1233 2557 hujusmodi
1283 2487 1448 2559 426
1469 2490 1754 2558 .copulatio
1797 2490 1940 2548 facta

361 2594 467 2650 est,
501 2592 559 2637 ut
608 2597 756 2646 eum,
805 2579 899 2650 qui
944 2588 1141 2634 natura
1195 2579 1360 2636 homo
1390 2591 1494 2647 est,
1537 2597 1662 2636 cum
1695 2582 1808 2649 illo,
1845 2584 1940 2654 qui

362 2684 559 2729 natura
595 2674 740 2728 Deus
767 2680 870 2738 est,
897 2671 1274 2741 eonjungeret,
1307 2671 1519 2742 hocque
1546 2682 1706 2744 pacto
1730 2676 1940 2732 stabilis

359 2774 416 2820 et
453 2763 606 2820 ﬁrma
646 2774 789 2820 esset
815 2765 933 2834 ejus
973 2765 1122 2821 salus
1156 2772 1231 2826 et,
1267 2772 1328 2818 ut
1360 2765 1434 2818 ita
1475 2765 1688 2836 loquar,
1720 2767 1942 2824 deiﬁca-

361 2855 459 2912 tio.
495 2855 598 2922 Qui
623 2871 754 2928 ergo
789 2854 985 2910 Filium
1016 2863 1212 2912 natura
1241 2871 1364 2912 esse
1395 2872 1461 2910 ex
1491 2855 1651 2914 Patre
1677 2869 1773 2915 aut
1815 2860 1939 2932 ejus

362 2947 682 3003 substantiae
721 2948 1005 3018 proprium
1053 2963 1174 3003 esse
1207 2947 1540 3004 inﬁciantur.
1573 2961 1768 3022 negent
1797 2967 1939 3023 quo-

364 3055 470 3111 que
490 3055 613 3094 eum
641 3055 824 3094 veram
850 3040 1145 3094 humanam
1173 3055 1397 3094 carnem
1425 3056 1493 3096 ex
1523 3040 1692 3097 Maria
1723 3059 1940 3114 semper

361 3130 574 3200 virgine
602 3131 903 3200 accepisse.
935 3129 1083 3186 Nihil
1109 3133 1442 3194 enimnobis
1471 3134 1786 3191 hominibus
1818 3152 1942 3207 pro-

364 3220 577 3288 fuisset,
606 3221 652 3275 si
686 3236 788 3275 nec
817 3219 1057 3276 Verbum
1082 3238 1244 3278 verus
1275 3233 1329 3278 et
1355 3225 1620 3280 naturalis
1652 3225 1746 3282 Dei
1768 3226 1943 3285 Filius

360 3321 529 3376 esset,
569 3327 672 3367 nec
720 3327 848 3367 vera
891 3321 1038 3368 esset
1078 3329 1209 3369 caro
1235 3330 1402 3386 quam
1453 3321 1771 3389 assumpsit.
1835 3318 1944 3376 Sed

362 3405 608 3476 profecto
641 3419 825 3461 veram
879 3406 1087 3477 accepit
1117 3423 1358 3476 carnem,
1385 3412 1738 3481 quantumvis
1768 3411 1946 3471 fuerat

361 3495 704 3552 Valentinus.
749 3497 878 3552 Erat
906 3498 1032 3553 item
1064 3508 1118 3554 et
1151 3508 1345 3556 natura
1383 3511 1437 3557 et
1474 3519 1661 3558 verum
1682 3503 1777 3560 Dei
1811 3503 1945 3560 Ver-

361 3592 526 3658 bum,
567 3589 847 3646 insaniant
898 3591 1026 3645 Iicet
1060 3591 1292 3646 Ariani:
1342 3601 1506 3664 atque
1549 3595 1603 3648 in
1659 3611 1723 3652 ea
1781 3614 1947 3654 carne

363 3688 617 3736 nostrum
673 3694 829 3734 novae.
883 3681 1180 3736 creationis
1228 3681 1334 3736 fuit
1389 3683 1742 3755 principium,
1778 3687 1944 3744 homo

365 3787 463 3842 pro
488 3771 647 3827 nobis
675 3779 914 3838 creatus,
956 3773 1051 3842 qui
1081 3782 1136 3827 et
1171 3773 1331 3829 nobis
1376 3775 1518 3830 viam
1566 3777 1737 3844 illam,
1771 3789 1831 3834 ut
1862 3780 1946 3836 di-

363 3874 511 3920 ctum
536 3873 642 3929 est,
675 3863 977 3920 renovavit.

438 4020 557 4094 (10)
577 4021 803 4094 Seguer.
835 4020 1054 4094 Gobler.
1083 4021 1230 4077 Felc.
1262 4021 1288 4076 1
1320 4031 1376 4079 et
1427 4026 1487 4090 4,
1528 4025 1734 4080 addunt
1764 4026 1941 4094 ἔσται,

362 4093 512 4161 quod
547 4092 601 4145 in
631 4092 752 4144 aliis
783 4100 839 4146 et
875 4093 1036 4146 editis
1065 4094 1238 4146 deest.

439 4162 552 4237 (II)_
583 4161 673 4237 Sic
698 4176 830 4237 mss.
853 4162 923 4216 At
945 4163 1110 4217 editio
1128 4162 1418 4228 Commel.,
1442 4163 1585 4236 Πρὸς
1605 4165 1714 4237 γὰρ
1739 4167 1945 4237 κτίσμα

367 4230 565 4286 ἃινκαὶ
589 4233 617 4282 6
639 4230 904 4294 διάϐολος.

439 4301 552 4372 (12)
581 4301 820 4372 Anglic,
854 4302 1163 4372 γενήσεται.

441 4371 556 4440 (15)
634 4371 856 4443 Seguer.
905 4371 1102 4443 ‘Basil.
1161 4371 1292 4442 Reg.
1352 4373 1642 4443 Anglican.
1717 4374 1937 4432 Gobler.

367 4430 572 4497 ltelcﬂl
611 4430 738 4507 eti,
764 4441 929 4495 αὐτοῦ
963 4441 1156 4511 Λόγος.
1193 4430 1387 4498 caeteri
1423 4430 1478 4498 (Ξὶ
1515 4447 1671 4510 editi,
1717 4430 1940 4501 autem
1975 4430 2016 4484 υ

573 4584 954 4663 Theodoretus
973 4580 1197 4663 Dialogo
1219 4582 1392 4663 ‘2,_qui
1423 4586 1745 4663 ἀσύγχυτος,
1767 4588 1816 4642 id
1837 4599 1940 4663 est,

366 4653 700 4720 inconfusus,
733 4655 1071 4715 inscribitur,
1108 4655 1256 4707 hunc
1285 4653 1466 4710 lOcum
1496 4653 1652 4711 affert
1679 4675 1804 4712 cum
1837 4653 1943 4714 lioc

368 4725 664 4798 ιίιυιοητοῦ
684 4726 840 4798 άγίου
856 4723 1174 4798 ξΑθανασίου
1203 4726 1501 4798 ἐπισκόπου
1518 4727 1943 4798 Ἀλεξανδρείας,

369 4796 434 4846 ἐκ
481 4795 572 4848 τοῦ
628 4793 766 4868 πρὸς
814 4795 912 4868 τάς
955 4793 1196 4868 αἱρέσεις
1229 4794 1388 4865 λόγου
1431 4798 1709 4866 δευτέρου.
1757 4793 1948 4854 Exstat

369 4879 589 4938 quoque
618 4866 685 4920 ini
700 4866 933 4921 concilio
964 4866 1390 4938 Chalcedonensi
1425 4878 1579 4937 parte
1620 4884 1702 4929 Ill,
1739 4885 1863 4938 cap.
1891 4872 1945 4936 1,

371 4951 494 5004 pag.
527 4936 1273 5007 82977postremzeedjtionis,
1303 4939 1393 4991 ubi
1421 4936 1719 5007 generatim
1752 4936 1948 4994 inscri-

373 5003 538 5079 bitur,
571 5006 665 5059 τοῦ
679 5003 967 5077 ’μακαρίου
985 5003 1301 5060 Ἀθανασίου
1322 5009 1386 5060 ὲκ
1403 5003 1499 5061 τοῦ
1522 5009 1662 5061 κατὰ
1683 5009 1949 5079 αἱρέσεων

371 5075 550 5128 λόγου.
702 5075 710 5077 ἡ
854 5075 862 5077 “
925 5111 929 5114 -
1744 5123 1747 5125 .

594 5145 685 5201 Sic
751 5111 977 5217 Seguer.
1033 5144 1434 5218 RegaGobIer.
1462 5146 1606 5201 Felc.
1641 5147 1664 5200 1
1707 5123 1762 5202 et
1790 5149 1859 5215 4,
1899 5162 1952 5205 et

372 5213 770 5287 Theodoretus.
807 5213 876 5271 Ᾰι
904 5213 1396 5272 concilftlhaleed.
1443 5220 1669 5281 omittit,
1705 5217 1806 5287 τῆς
1848 5213 1953 5273 κα-

371 5285 564 5356 τάρας.
595 5288 698 5358 Λιίὶ
731 5296 783 5341 et
813 5289 940 5341 editi
975 5289 1194 5358 habent,
1227 5290 1321 5358 καὶ
1355 5287 1462 5340 ἀπὸ
1492 5288 1592 5358 τῆς
1620 5285 1885 5358 κατάρας.

447 5358 556 5426 (16)
599 5356 740 5428 Felc.
770 5359 825 5422 5,
848 5358 1035 5420 ἀΐδιος.
1089 5355 1226 5428 Ibid_.
1266 5356 1492 5428 Seguer.
1531 5355 1860 5428 'l‘heodoret.
1897 5371 1950 5415 et

374 5424 572 5498 conici].
603 5427 958 5498 Chalcedon.,
993 5427 1158 5479 αὑτοῦ
1187 5424 1255 5498 ἦν
1284 5429 1312 5480 ὁ
1343 5424 1534 5497 λόγος.
1579 5427 1720 5481 Editi
1747 5442 1800 5485 et
1833 5433 1952 5495 alii,

373 5492 441 5568 ἦν
464 5497 626 5549 αὑτοῦ
650 5497 881 5568 Λόγοςζ
922 5492 952 5568 7'
1034 5566 1045 5568 _
1108 5565 1146 5568 _
1211 5492 1214 5505 ἶ

449 5567 560 5639 (t7)
591 5565 816 5638 δέδηεν.
845 5567 986 5639 Felc.
1020 5566 1074 5621 4.
1107 5565 1436 5623 Theodoret.
1490 5580 1545 5623 et
1568 5573 1770 5627 coneil.
1799 5571 1954 5627 Chal-

377 5637 596 5712 cedou.,
632 5637 709 5712 τῷ
735 5638 879 5712 κατὰ.
903 5637 1084 5705 φύσιν.
1110 5639 1213 5712 Alii
1243 5649 1295 5712 et
1323 5640 1475 5703 editi,
1512 5643 1572 5694 τὸ
1600 5645 1740 5697 κατὰ
1769 5642 1955 5712 φύσιν.

381 5710 471 5763 Sic
494 5719 676 5764 autem
696 5711 843 5764 hunc
869 5710 1052 5763 locum
1070 5709 1230 5764 vertit
1254 5711 1523 5780 interpres
1544 5715 1762 5769 concilii
1783 5709 1954 5769 Chal-

2035 1847 2206 1916 Λόγος
2223 1846 2333 1918 (15)
2356 1849 2384 1901 6
2406 1847 2763 1918 ἐνδυσάμενος
2779 1848 2842 1901 τὸ
2863 1847 3022 1920 σῶμα
3042 1847 3174 1920 (II).
3192 1849 3304 1904 Καὶ
3321 1851 3510 1922 ὥσπερ
3525 1854 3629 1906 οὐκ

2035 1938 2101 1993 ἂν
2130 1937 2582 2009 ἠλευθερώθημεν
2615 1939 2724 1992 άπὸ
2755 1939 2858 2009 τῆς
2882 1940 3156 2012 ἁμαρτίας
3189 1941 3284 1995 καὶ
3321 1942 3424 2013 τῆς
3450 1945 3627 1998 κατά-

2037 2042 2138 2098 ρας
2156 2027 2288 2098 (15),
2305 2029 2354 2080 εί
2374 2029 2448 2099 μὴ
2470 2028 2628 2098 φύσει
2649 2029 2786 2101 σάρξ
2806 2025 2873 2100 ἦν
2890 2029 3230 2102 ἀνθρωπίνη,
3247 2032 3315 2104 ἣν
3336 2034 3630 2088 ἐνεδύσατο

2035 2119 2065 2170 6
2095 2113 2264 2187 Λόγος
2285 2135 2298 2149 ·
2323 2119 2474 2173 οὐδὲν
2499 2119 2607 2192 γάρ
2629 2121 2804 2175 κοινὸν
2827 2117 2896 2193 ἦν
2928 2123 3058 2193 ἡμῖν
3080 2122 3218 2193 πρὸς
3235 2123 3296 2177 τὸ
3315 2123 3594 2198 ἀλλότριον
3609 2144 3622 2155 ·

2036 2207 2209 2286 οὕτως
2227 2210 2326 2264 οὐκ
2349 2210 2415 2264 ἂν
2439 2209 2759 2284 έθεοποιηθη
2785 2214 2813 2265 ὁ
2843 2212 3130 2284 ἄνθρωπος
3149 2255 3164 2280 ,
3189 2217 3237 2268 εί
3271 2216 3346 2286 μὴ
3378 2215 3538 2286 φύσει
3562 2219 3630 2271 ὲκ

2035 2299 2131 2354 τοῦ
2147 2301 2360 2374 Πατρὸς
2375 2301 2470 2356 καὶ
2488 2301 2741 2374 ἀληθινὸς
2758 2304 2852 2357 καὶ
2871 2305 3287 2375 ἴδιος(16)αὑτοῦ
3303 2302 3371 2379 ἦν
3389 2309 3416 2360 6
3429 2308 3626 2377 Λόγος,

2036 2394 2065 2446 6
2096 2393 2385 2465 γενόμενος
2418 2393 2572 2466 σάρξ.
2626 2395 2726 2449 Διὰ
2748 2397 2905 2451 τοῦτο
2937 2396 3047 2472 γὰρ
3081 2399 3305 2472 τοιαύτη
3338 2401 3561 2470 γέγονεν
3590 2406 3627 2474 ὴ

2039 2485 2280 2556 συναφὴ,
2311 2485 2396 2540 ἴνα
2423 2487 2502 2558 τῷ
2534 2487 2674 2541 κατὰ
2701 2487 2862 2558 φύσιν
2903 2488 3016 2560 (17)
3066 2491 3164 2562 τῆς
3197 2491 3452 2564 θεότητος
3504 2511 3633 2548 συνε-

2040 2573 2152 2648 ἀψῃ
2167 2575 2258 2629 τὸν
2282 2575 2441 2644 φύσει
2467 2575 2775 2646 ἄνθρωπον,
2799 2577 2896 2632 καὶ⁹
2925 2578 3119 2650 βεϐαία
3148 2581 3369 2653 γένηται
3392 2585 3426 2655 ἡ
3453 2601 3633 2656 σωτη-

2043 2667 2134 2738 ρία
2157 2665 2266 2739 (18)
2295 2668 2391 2722 καὶ
2416 2669 2450 2740 ἡ
2477 2667 2787 2741 θεοποίησις
2818 2670 3006 2726 αὐτοῦ.
3040 2673 3250 2729 Οὐκοῦν
3279 2676 3330 2728 οἱ
3359 2676 3634 2751 άρνούμευ

2040 2777 2120 2813 νοι
2141 2761 2206 2812 ὲκ
2228 2758 2322 2813 τοῦ
2348 2760 2562 2832 Πατρὸς
2583 2755 2722 2814 εἶναι
2753 2761 2913 2832 φύσει
2941 2765 3034 2818 καὶ
3062 2765 3191 2819 ἴδιον
3219 2767 3388 2822 αὐτοῦ
3409 2769 3510 2840 τῆς
3533 2770 3632 2824 οὐ-

2044 2851 2163 2917 σίας
2199 2851 2306 2923 (19)
2341 2852 2432 2906 τ’δν
2463 2851 2592 2904 Υίὸν
2629 2852 3004 2924 ἀρνείσθωσαν
3034 2858 3127 2910 καὶ
3157 2855 3416 2930 ἀληθινὴν
3449 2859 3632 2929 σάρκα

2043 2943 2390 3016 ἀνθρωπίνην
2424 2946 2586 3001 αὐτὸν
2611 2946 2891 3019 εἰληφέναι
2917 2948 2982 3001 ὲκ
3014 2950 3234 3022 Μαρίας
3267 2951 3367 3023 τῆς
3394 2952 3631 3025 ἀειπαρ-

2047 3035 2199 3089 θένου
2224 3036 2354 3107 (20).
2381 3036 2546 3090 Οὐδὲν
2574 3037 2680 3110 γάρ
2705 3037 2866 3092 πλέον
2899 3041 3031 3110 ἡμῖν
3063 3041 3256 3113 κέρδος
3276 3045 3389 3106 τοῖς
3418 3041 3635 3115 ἀνθρώ-

2047 3144 2168 3192 ποις
2199 3123 2290 3199 ἦν,
2317 3131 2365 3182 εί
2391 3130 2531 3201 μήτε
2561 3129 2816 3202 ἀληθινὸς
2847 3131 2942 3185 καί
2964 3130 3123 3201 φύσει
3147 3127 3215 3204 ἦν
3245 3133 3373 3198 Υἱὸς
3401 3134 3511 3205 (21)
3532 3135 3632 3190 τοῦ

2045 3219 2179 3274 Θεοῦ
2204 3221 2232 3272 6
2257 3221 2449 3290 Λόγος,
2478 3223 2615 3294 μήτε
2636 3223 2864 3296 ἀληθινὴ
2888 3223 3023 3295 σάρξ
3041 3221 3130 3296 ἦν,
3153 3226 3219 3296 ἢν
3239 3227 3629 3297 προσελάϐετο.

2059 3313 2194 3365 Ἀλλ’
2232 3312 2395 3366 ἔλαϐέ
2438 3331 2502 3384 γε
2531 3313 2789 3386 ἀληθινὴν
2819 3317 2997 3388 σάρκα
3019 3357 3034 3382 ,
3069 3317 3171 3372 κᾶν
3195 3319 3455 3391 μαίνηται
3490 3321 3633 3374 Οὐα-

2044 3406 2278 3468 λεντῖνος
2294 3423 2307 3436 ·
2333 3401 2400 3478 ἦν
2424 3405 2532 3481 γάρ
2554 3408 2649 3462 καὶ
2665 3407 2823 3478 φύσει
2845 3410 2938 3463 καὶ
2959 3409 3210 3483 ἀληθινὸς
3230 3411 3363 3476 Θεὸς
3384 3413 3412 3465 ὁ
3433 3413 3629 3483 Λόγος,

2046 3496 2146 3550 κᾶν
2166 3497 2460 3570 μαίνωνται
2477 3501 2525 3552 οί
2551 3499 2952 3572 Ἀρειομανῖται
2971 3519 2984 3532 ·
3005 3503 3100 3556 καὶ
3123 3504 3181 3556 ὲν
3203 3503 3386 3578 ἐκείνῃ
3407 3505 3633 3573 γέγονεν

2046 3589 2204 3661 ἡμῶν
2232 3592 2265 3661 η
2298 3589 2443 3662 άρχὴ
2469 3590 2582 3663 (22)
2613 3591 2713 3663 τῆς
2746 3593 2942 3664 καινῆς
2970 3593 3200 3659 κτίσεως
3219 3635 3235 3660 ,
3267 3597 3509 3660 κτισθεὶς
3539 3598 3634 3651 ἆν-

2047 3682 2261 3754 θρωπος
2289 3683 2430 3754 ὑπὲρ
2451 3683 2628 3754 ἡμῶν,
2659 3683 2752 3738 καὶ
2775 3685 2875 3756 τὴν
2898 3684 3019 3740 ὁδὸν
3043 3688 3177 3758 ἡμῖν
3200 3687 3416 3759 ἐκείνην
3443 3690 3635 3759 ἐγκαι-

2045 3774 2200 3838 νίσας
2228 3774 2360 3840 (25),
2388 3774 2578 3846 ὥσπερ
2605 3773 2841 3847 εἴρηται.

2047 4035 2414 4110 cedonensis:
2455 4035 2667 4110 Idcirco
2717 4054 2940 4108 namque
3000 4040 3124 4094 talis
3174 4047 3251 4094 est
3313 4041 3459 4110 facta
3507 4059 3635 4097 con-

2048 4109 2223 4178 nexio,
2251 4118 2303 4158 ut
2337 4109 2404 4170 ei,
2432 4109 2701 4178 quijuazta
2728 4119 2975 4161 naturam
3007 4109 3436 4174 divinitatis'est,
3466 4112 3627 4166 illum

2047 4177 2556 4251 hominem-quiest
2581 4179 2828 4232 humanm
2857 4191 3088 4247 naturae,
3119 4182 3480 4251 conjungeret.
3519 4185 3631 4238 Ibi-

2048 4262 2154 4316 que
2178 4247 2380 4316 desiuit
2414 4249 2501 4302 hic
2535 4248 2707 4302 locus.

2121 4315 2515 4394 (I8)_§eguer._._
2545 4317 2757 4394 Beg._et
2785 4317 3106 4394 Theodor.,_
3131 4321 3356 4394 γένηται
3380 4323 3415 4394 η
3449 4339 3631 4394 σωτη-

2055 4386 2297 4463 ρίοιηΑΙίἱ
2334 4386 2584 4463 et_e_diti_,
2624 4386 2850 4463 γένηται
2878 4386 3162 4463 σωτηρία.
3199 4386 3322 4445 Mox
3375 4386 3629 4463 Segueri,

2045 4456 2268 4532 Gobler.
2300 4467 2354 4532 et
2383 4456 2527 4513 Felc.
2557 4460 2608 4519 1,
2634 4456 2834 4532 οὐκοῦν
2867 4456 3216 4532 ἀρνούμενοι.
3255 4463 3396 4515 Idem
3427 4456 3630 4518 ibidem

2045 4526 2529 4603 et__'I:heodor_etus,
2575 4526 2995 4603 ἀρνούμενριξέκ
3032 4526 3128 4584 τοῦ
3163 4532 3395 4603 Πατρός.
3436 4534 3549 4588 Alii
3579 4545 3634 4588 et

2045 4597 2551 4687 ediltliA‘dtpgotipivm
2580 4601 2655 4669 μὴ
2681 4597 2868 4687 ὲκᾜοῦ
2900 4601 3132 4687 Πατρός.

2120 4668 2244 4740 (19)
2273 4667 2409 4721 δίο
2450 4667 2673 4738 Seguer.
2773 4670 2906 4740 Heg.
2990 4667 3321 4726 Theodoret.
3407 4671 3631 4729 Gobler.

2046 4735 2249 4813 Fele!
2283 4739 2410 4813 et_5.
2438 4740 2508 4813 At
2528 4735 2621 4813 alii
2673 4748 2729 4813 et
2774 4735 2929 4813 editi,
2969 4743 3067 4813 τῆς
3098 4742 3236 4804 ίδίας
3270 4742 3478 4806 οὐσίας.
3521 4744 3632 4798 Ibi-

2049 4808 2171 4860 dem
2204 4807 2444 4863 Felckm.
2469 4810 2524 4868 4,
2559 4809 2724 4862 αὑτοῦ
2774 4810 2923 4862 Υἱόν.
2979 4807 3194 4866 Rursus
3238 4813 3369 4866 ibid.
3409 4813 3632 4868 Gobler.

2049 4875 2291 4952 Felekm.
2318 4881 2441 4952 I,et
2468 4878 2772 4952 Theodor.,
2792 4881 3254 4952 ἀρνησάσθωσαν.
3286 4881 3417 4937 Item
3451 4884 3635 4939 Theo-

2048 4948 2230 5025 doret._
2260 4950 2431 5025 ibid._._
2456 4948 2886 5025 άρνησάσθωσαν
2911 4948 3170 5025 ἀληθινὴν
3202 4951 3381 5025 σάρκα
3408 4955 3503 5007 καὶ
3543 4956 3636 5007 άν-

2049 5015 2362 5094 θρωειτίνην’⁸
2390 5015 2593 5094 Edi'tio'
2617 5021 2894 5094 Commel.
2929 5015 3104 5094 et'alii
3127 5015 3292 5088 mss,
3329 5025 3635 5094 ἀρνείσθω-

2052 5088 2568 5162 σαν-καὶράληθινὴν
2603 5091 2779 5162 σάρκα
2805 5090 3175 5162 ᾁνθρωπίνην.

2124 5159 2236 5229 (20)
2278 5157 2635 5232 Theodoret.,
2673 5157 2971 5232 Παρθένου.
2997 5157 3185 5231 Ibique
3218 5163 3374 5218 locus
3409 5165 3632 5219 desinit.

2055 5227 2188 5281 Ibid.
2219 5227 2424 5298 ’κέρδος
2451 5231 2602 5286 abest
2633 5246 2663 5284 a
2703 5227 2849 5285 Félc.
2896 5233 2952 5295 2,
2989 5241 3044 5286 et
3082 5227 3324 5288 editione
3360 5232 3632 5290 Commel.

2127 5299 2241 5374 @I)
2272 5297 2537 5374 ﬁegugrn
2563 5297 2904 5374 alnetvbgiﬁv
2940 5303 3217 5374 καὶᾲφύσει
3247 5299 3315 5374 ἧν
3348 5304 3496 5368 Υἱός,
3525 5316 3628 5359 etc.

2125 5369 2376 5441 (22)81ο
2425 5369 2663 5440 Ξοςυεν.
2697 5369 2982 5440 Anglican.
3031 5369 3281 5428 Gobler.’
3311 5385 3364 5428 et
3405 5375 3555 5430 Felc.
3603 5375 3628 5427 I

2055 5448 2108 5493 et
2137 5440 2509 5516 {.jtﬂcasteri
2528 5450 2583 5494 et
2610 5441 2764 5516 edit_i,
2791 5442 2953 5516 Δὴμῷν
2981 5445 3148 5516 (ΞιρχήΣ

2131 5509 2244 5580 (25)
2285 5510 2678 5579 Seguerianus.
2704 5509 3089 5580 Gob'l'erianus',
3113 5509 3480 5570 'Felckmanni
3523 5518 3545 5571 1
3581 5526 3638 5571 et

2057 5579 2809 5652 Δ1,ιι(ι*1ἶεξδίιιε,κέγκοιινίσας.
2842 5581 2983 5637 Editi
3019 5594 3072 5637 et
3105 5585 3219 5648 alii,
3251 5587 3636 5652 ἁνακαινίσας.

2061 5650 2168 5729 Sed
2188 5649 2428 5729 Felekm.
2453 5651 2505 5716 5,
2539 5654 2621 5729 sic
2646 5654 2808 5729 habet
2827 5653 2969 5729 ὑπὲρ
2985 5654 3147 5729 ημῶν
3173 5649 3637 5729 ᾥσπερεῑρηται,

2061 5720 2286 5777 omissis
2311 5723 2670 5781 iutermediis.
2700 5721 2846 5780 Idem
2882 5720 3111 5794 ibidem,
3141 5724 3265 5780 οὔτε
3297 5720 3530 5800 κτίσμα.
