3840 6220
175 241 288 298 2217

1285 237 1545 294 ORATIO
1584 238 1625 292 11
1667 235 1948 294 CONTRA
1987 234 2310 292 ARIANOS.

3334 237 3440 295 298

252 359 346 412 71.
388 355 526 412 Οὔτε
558 351 650 411 οὖν
679 356 882 426 κτίσμα
923 357 1070 408 ἐστὶν
1100 355 1128 408 ὁ
1167 354 1338 423 Λόγος
1359 397 1371 420 ,
1419 355 1541 410 οὔτε
1567 357 1747 430 ἔργον

1937 355 2023 411 71.
2057 357 2244 428 Itaque
2271 355 2509 412 Verbum
2542 370 2643 411 nec
2687 368 2775 409 res
2805 361 2890 408 est
2915 362 3119 417 creata,
3147 368 3247 410 nee
3275 369 3436 425 Opus.

173 449 380 504 ταύτὸν
412 450 514 520 γάρ
540 449 654 502 ἐστι
682 447 887 518 κτίσμα
914 449 1009 502 καὶ
1037 446 1246 519 ποίημα
1268 487 1282 512 ,
1335 449 1428 501 καὶ
1451 448 1636 520 ἔργοψ
1665 451 1760 504 καὶ

175 542 343 612 εἴπερ
359 540 565 611 κτίσμα
581 539 676 593 καὶ
688 539 897 611 ποίημα
915 533 1004 609 ἦν,
1019 535 1087 608 ἦν
1103 538 1167 592 ἂν
1183 538 1277 591 καὶ
1293 538 1471 610 ἔργον.
1490 539 1587 592 Διὰ
1604 539 1760 593 τοῦτο

173 633 312 700 γοῦν
337 632 462 686 οὐδὲ
493 631 712 703 εἴρηκεν
731 646 745 660 ⁸
789 630 1009 683 Ἔκτισέ
1049 647 1116 700 με
1143 629 1302 700 ἔργον
1317 648 1330 663 ο
1353 631 1494 693 οὐδὲ,
1519 632 1624 684 Σὺν
1647 634 1760 695 τοῖς

172 726 367 799 ἔργοις
394 724 651 794 ἐποίησεν
673 761 688 786 ,
727 722 814 776 ἵνα
846 721 920 794 μὴ
945 724 1012 793 τῇ
1046 722 1205 791 φύσει
1240 722 1350 793 (24)
1381 722 1475 775 καὶ
1506 724 1571 794 τῇ
1603 723 1760 795 οὐσίᾳ

171 817 389 887 κτίσμα
413 813 552 870 εἶναι
572 815 697 888 δόξῃ
715 832 730 846 ·
759 813 881 868 οὔτε
905 816 1007 879 ὅτι,
1034 814 1134 867 Διὰ
1159 815 1219 867 τὸ
1244 814 1466 885 ποιῆσαί
1501 831 1568 885 με
1600 813 1755 886 ἔργα,

171 910 416 972 ἔκτισεν,
446 909 532 962 ἵνα
568 909 642 979 μὴ
679 907 839 960 πάλιν
878 907 1021 960 κατὰ
1048 908 1146 979 τὴν
1178 907 1462 961 κακόνοιαν
1490 906 1599 960 τῶν
1628 909 1758 960 ἀσε-

173 1000 288 1053 ϐὦν
305 1002 384 1063 ὡς
410 999 640 1068 ὄργανον
667 999 733 1052 δι’
753 1000 900 1070 ἡμᾶς
919 998 1209 1069 γενόμενος
1230 997 1460 1069 νομισθῇ
1477 1015 1490 1028 ·
1518 998 1631 1052 ἀλλ’
1648 998 1756 1051 οὐδ’

170 1093 260 1146 ὃτι
302 1092 422 1164 Πρὸ
460 1089 569 1144 τῶν
609 1089 786 1160 ἔργων
825 1089 1005 1143 ἐκτισέ
1037 1107 1125 1160 με,
1161 1089 1508 1160 ἀνήγγειλεν,
1541 1090 1628 1142 ἵνα
1658 1089 1754 1161 μὴν

170 1181 372 1254 ὥσπερ
401 1181 519 1234 ἐστὶ
549 1181 794 1251 γέννημα
827 1178 902 1234 ὢν
926 1179 1033 1250 πρὸ
1063 1179 1299 1241 πάντων,
1323 1177 1467 1231 οὕτω
1497 1179 1593 1231 καὶ
1640 1195 1758 1231 κτι-

172 1271 407 1344 ζόμενος
445 1271 551 1344 πρὸ
585 1270 693 1324 τῶν
726 1270 901 1343 ἔργων
925 1309 940 1333 ,
995 1270 1193 1323 ταύτὸν
1227 1269 1426 1340 ποιήσῃ
1461 1267 1572 1339 (25)
1605 1269 1759 1340 νομί-

173 1363 371 1426 ζεσθαι
403 1362 498 1425 τὸ,
532 1360 830 1430 γέννημα,
878 1360 974 1413 καὶ
1010 1360 1105 1424 τὸ,
1139 1358 1405 1412 ἔκτισεν·
1441 1359 1574 1412 ἀλλὰ
1619 1359 1757 1431 μετὰ

172 1455 618 1526 παρατηρήσεως
637 1451 915 1524 ἀκριϐοῦς,
947 1455 1034 1517 εὶς
1060 1452 1225 1522 ἔργα,
1259 1452 1477 1524 εἴρηκεν
1497 1468 1512 1483 ο
1541 1451 1651 1505 ἴσον
1678 1449 1756 1523 τῷ

171 1546 375 1606 εἰπεῖν,
395 1545 488 1607 Εἰς
508 1545 688 1615 σάρκα
709 1561 775 1612 με
800 1543 909 1614 (26)
930 1544 1225 1614 πεποίηκεν
1245 1544 1274 1595 6
1296 1543 1484 1614 Πατὴρ
1505 1542 1755 1612 γενέσθαι

171 1635 466 1707 ἄνθρωπον
483 1652 497 1666 ⁸
524 1635 666 1688 ὥστε
688 1635 778 1688 καὶ
805 1638 868 1687 ἐκ
892 1634 1082 1688 τούτου
1114 1635 1275 1688 πάλιν
1302 1635 1610 1689 δείκνυσθαι
1633 1675 1646 1698 ,
1679 1634 1753 1706 μὴ

1869 448 2005 504 Nam
2034 449 2174 504 idem
2196 458 2280 505 εει
2298 465 2386 505 res
2408 458 2592 504 creata
2618 456 2671 502 et
2703 447 2864 512 facta,
2893 454 3054 515 atque
3083 461 3223 515 opus
3247 463 3262 501 :
3295 449 3439 502 unde

1868 538 1914 592 si
1962 554 2051 593 res
2098 548 2282 593 creata
2314 546 2370 593 et
2416 537 2558 593 facta
2609 544 2774 601 esset,
2825 544 2972 590 esset
3015 551 3236 606 quoque
3273 552 3434 608 opus.

1868 629 2008 686 Hinc
2040 647 2148 687 non
2177 631 2352 686 dixit:
2376 629 2595 686 Creavit
2625 644 2714 684 me
2739 644 2900 699 opus,
2931 643 3128 700 neque,
3144 629 3282 685 Cum
3309 644 3440 700 ope-

1866 723 2019 778 ribus
2053 724 2198 790 fecit,
2234 738 2303 778 ne
2334 733 2530 778 natura
2561 728 2615 777 et
2644 721 2948 776 substantia
2983 735 3072 776 res
3101 729 3285 776 creata
3312 735 3438 778 esse

1865 814 2141 870 videretur
2165 833 2178 868 :
2212 829 2410 884 neque,
2441 813 2658 870 Creavit
2680 828 2767 867 me
2788 813 2854 867 ad
2883 827 3047 882 opera
3071 811 3342 878 facienda,
3369 827 3440 869 ne

1864 922 2058 961 rursus
2087 922 2212 961 eum
2249 915 2506 976 tanquam
2534 921 2800 976 organum
2832 905 3003 960 nostri
3036 920 3199 960 causa
3230 903 3435 960 factum

1864 1012 1983 1052 esse
2005 996 2426 1062 arbitraremur,
2465 1012 2588 1066 quae
2627 1012 2793 1066 prava
2835 1005 2918 1052 est
2962 996 3256 1066 impiorum
3307 1011 3435 1050 seu-

1864 1088 2030 1142 tentia
2060 1105 2073 1140 :
2102 1102 2279 1156 neque
2312 1088 2476 1142 etiam
2516 1088 2652 1142 dixit
2679 1106 2692 1141 :
2721 1087 2859 1141 Ante
2892 1101 3056 1156 opera
3084 1087 3289 1140 creavit
3325 1101 3432 1147 me,

1863 1195 1932 1234 ne
1955 1180 2412 1249 quemadmodum
2440 1190 2523 1235 est
2550 1189 2675 1234 ante
2713 1179 2898 1234 omnia
2928 1179 3166 1250 genitus,
3195 1178 3268 1232 ita
3297 1193 3436 1248 quo-

1862 1286 1988 1341 que,
2023 1271 2069 1326 si
2105 1280 2230 1325 ante
2265 1286 2428 1342 opera
2467 1281 2683 1328 creatus
2719 1271 3010 1338 diceretur,
3051 1271 3178 1328 inde
3209 1272 3433 1342 collige-

1862 1369 2012 1415 retur
2036 1361 2176 1416 idem
2205 1361 2500 1431 signiﬁcari
2528 1361 2830 1424 vocabulis,
2853 1364 3080 1432 genitus,
3107 1371 3179 1430 et,
3204 1365 3397 1418 creavit
3414 1379 3435 1418 :

1862 1469 2049 1510 verum
2080 1455 2398 1510 cautissime
2415 1454 2595 1518 addit,
2630 1455 2685 1508 in
2711 1471 2888 1524 opera,
2918 1455 3061 1526 quod
3092 1457 3234 1511 idem
3262 1467 3345 1511 est
3370 1472 3434 1513 ac

1861 1545 1910 1600 si
1939 1545 2181 1599 diceret:
2212 1544 2269 1597 In
2303 1559 2522 1600 carnem
2554 1558 2642 1598 me
2689 1543 2817 1599 fecit
2852 1543 3033 1612 Pater,
3065 1555 3123 1601 ut
3149 1549 3313 1601 homo
3338 1546 3436 1602 ﬁe-

1861 1653 1998 1694 rem.
2029 1636 2182 1692 Unde
2209 1653 2275 1693 ex
2304 1638 2409 1692 hoc
2439 1637 2602 1692 etiam
2642 1637 2764 1691 loco
2794 1638 3017 1692 evidens
3046 1639 3118 1692 sit
3142 1638 3294 1697 illum
3324 1656 3429 1695 non

171 1724 316 1781 εἶναι
351 1729 512 1798 ἔργον
538 1726 700 1781 αὐτὸν
728 1766 744 1791 ,
778 1725 915 1780 ἀλλὰ
943 1726 1208 1798 γέννημα.
1255 1727 1342 1789 Ὠς
1370 1725 1481 1798 γὰρ
1517 1728 1546 1779 6
1577 1727 1747 1799 εἰσερ-

1859 1745 2016 1799 ορυε,
2043 1729 2137 1785 sed
2167 1728 2406 1800 genitum
2437 1743 2578 1784 esse.
2611 1727 2747 1783 Nam
2775 1737 2838 1783 ut
2869 1729 2964 1799 qui
2996 1729 3220 1783 domum
3252 1731 3433 1801 ingre-

171 1821 407 1891 χόμενος
459 1820 570 1889 (9.7)
611 1822 691 1882 είς
738 1819 914 1872 οἰκίαν
957 1821 1057 1873 οὐκ
1089 1819 1202 1872 ἔστι
1235 1819 1399 1892 μέρος
1429 1819 1526 1890 τῆς
1551 1819 1749 1884 οἰκίας,

173 1913 313 1966 ἀλλὰ
337 1911 498 1975 ἄλλος
518 1913 635 1964 ἐστὶ
657 1910 808 1982 παρὰ
829 1911 925 1982 τὴν
943 1911 1120 1964 οἰκίαν
1139 1927 1152 1939 ο
1179 1909 1350 1974 οὕτως
1377 1912 1405 1964 6
1429 1912 1508 1974 είς
1527 1910 1597 1964 τὰ
1619 1909 1754 1983 ἔργα

173 2004 497 2074 κτιζόμενος
529 2003 685 2065 ἄλλος
721 2002 786 2056 ἂν
833 2002 919 2072 εἴη
950 2002 1048 2074 τὴν
1080 2002 1239 2072 φύσιν
1271 2002 1420 2074 παρὰ
1466 2003 1534 2055 τὰ
1581 2001 1749 2074 ἔργαο

173 2097 297 2148 ἐπεὶ
329 2097 380 2147 εἰ
409 2095 531 2148 καθ’
567 2097 711 2166 ὑμᾶς
737 2096 766 2146 6
797 2095 890 2147 τοῦ
925 2094 1060 2147 Θεοῦ
1090 2095 1258 2164 Λόγος
1291 2094 1450 2166 ἔργον
1493 2095 1638 2148 ἐστὶν
1660 2135 1674 2159 ,
1707 2089 1754 2150 ὦ

187 2189 459 2259 Ἀρειανοὶ
481 2229 495 2250 ,
538 2188 595 2239 ὲν
640 2187 753 2257 (28)
784 2186 910 2258 ποίᾳ
941 2186 1050 2257 ἄρα
1081 2188 1222 2258 χειρὶ
1254 2189 1345 2241 καὶ
1379 2187 1538 2259 σοφίᾳ
1563 2187 1753 2258 γέγονε

173 2281 270 2333 καὶ
296 2281 494 2343 αὐτός;
524 2280 707 2334 Πάντα
738 2280 846 2350 γὰρ
878 2278 947 2332 τὰ
979 2279 1264 2349 γενόμενα,
1296 2281 1354 2335 ὲν
1385 2283 1453 2352 τῇ
1484 2283 1630 2353 χειρὶ
1659 2281 1754 2336 καὶ⁹

171 2377 232 2428 ὲν
275 2374 442 2444 σοφία
485 2373 578 2426 τοῦ
613 2371 746 2426 Θεοῦ
779 2373 968 2442 γέγονε
988 2414 1003 2438 ,
1055 2373 1304 2442 λέγοντος
1337 2373 1434 2444 μὲν
1461 2373 1628 2427 αὐτοῦ
1657 2373 1751 2428 τοῦ

169 2464 330 2518 θεοῦ·
374 2467 435 2518 Ἡ
458 2465 588 2534 χείρ
612 2482 730 2534 μου
759 2465 1008 2532 ἐποίησε
1040 2466 1226 2519 ταῦτα
1264 2464 1460 2519 πάντα
1488 2465 1625 2536 (29)’
1657 2465 1752 2519 τοῦ

168 2559 227 2611 δὲ
253 2557 420 2612 Δαϐὶδ
447 2557 757 2626 ψάλλοντος·
781 2559 890 2611 Καὶ
924 2558 1006 2610 σὺ
1035 2559 1159 2611 κατ’
1187 2557 1394 2628 ἀρχὰς,
1422 2558 1618 2626 Κύριε,
1640 2557 1754 2627 τὴν

170 2648 290 2718 γῆν
315 2649 734 2718 ἐθεμελίωσας,
766 2647 865 2702 καὶ
892 2648 965 2702 τὰ
988 2649 1132 2718 ἔργα
1159 2648 1278 2702 τῶν
1295 2646 1508 2718 χειρῶν
1531 2663 1648 2704 σου
1673 2651 1753 2703 ει·-

169 2743 277 2795 σὶν
305 2745 359 2796 οἱ
383 2742 625 2810 οἰερανοί
644 2758 657 2769 ·
693 2741 787 2794 καὶ
814 2739 974 2794 πάλιν
1016 2745 1073 2795 ὲν
1093 2741 1170 2813 τῷ
1190 2741 1467 2813 ἑκατοστῷ
1487 2759 1755 2813 τεσσαρα-

169 2836 351 2907 κοστῷ
369 2835 605 2908 δευτέρῳ
621 2835 839 2907 ψαλμῷ·
860 2835 1202 2906 Ἐμνήσθην
1218 2839 1254 2904 ἠ
1255 2835 1452 2906 μερῶν
1469 2836 1750 2907 ἀρχαίων,

169 2928 268 2982 καὶ
319 2927 431 2998 (50)
475 2925 810 2995 ἐμελέτησα
842 2927 912 2981 ὲν
940 2926 1090 2981 πᾶσι
1121 2927 1244 2994 τοῖς
1270 2928 1470 2999 ἔργοις
1500 2941 1648 2994 σου,
1682 2927 1754 2983 ἐν

168 3012 463 3081 ποιήμασι
479 3011 598 3064 τῶν
608 3012 820 3082 χειρῶν
833 3031 949 3068 σου
964 3015 1273 3084 ἐμελέτων.
1291 3015 1498 3069 Οὐκοῦν
1514 3019 1562 3069 ει
1578 3017 1634 3070 ὲν
1649 3034 1754 3088 χει-

173 3107 230 3176 ρὶ
254 3104 350 3157 τοῦ
370 3104 506 3157 Θεοῦ
527 3104 636 3176 (51)
655 3106 723 3156 τὰ
745 3108 1020 3176 ποιήματα
1039 3106 1321 3178 εἰργάσθη,
1339 3107 1643 3177 γέγραπται
1667 3107 1747 3175 δὲ,

167 3199 250 3251 ὅτι
276 3197 481 3252 Πάντα
511 3197 608 3252 διὰ
638 3198 742 3252 τοῦ
772 3200 966 3268 Λόγου
990 3199 1224 3268 ἐγένετο
1243 3240 1258 3264 ,
1309 3200 1407 3254 καὶ
1439 3201 1617 3270 χωρὶς
1640 3203 1748 3256 αὺ-

167 3291 274 3345 τοῦ
289 3290 528 3360 ἐγένετο
546 3290 688 3345 οὐδὲ
700 3292 769 3346 ἓν
783 3308 797 3322 ο
818 3293 910 3344 καὶ
927 3291 1106 3358 πάλιν,
1127 3287 1232 3358 Εἷς
1247 3293 1462 3361 Κύριος
1489 3293 1746 3360 Ἰησοῦς,

169 3382 243 3435 δι’
268 3377 340 3436 οὗ
372 3381 446 3435 τὰ
469 3380 688 3446 πάντα,
719 3380 810 3434 καὶ
833 3382 935 3434 ὅτι·
974 3382 1078 3435 Ἐν
1101 3381 1262 3446 αὐτῷ
1282 3382 1354 3436 τὰ
1379 3382 1576 3437 πάντα
1597 3399 1750 3437 συν-

169 3474 462 3542 έστηκεν·
497 3471 738 3545 εὔδηλον,
775 3474 850 3537 ὡς
875 3474 974 3526 οὐκ
1003 3474 1068 3527 ἂν
1095 3473 1180 3544 εἴη
1211 3474 1384 3538 ὁΥἱὸς
1415 3475 1594 3547 ἔργον,
1629 3475 1747 3530 ἀλλ’

170 3567 330 3632 αὑτός
362 3569 567 3638 ἐστινὴ
597 3567 716 3639 χεὶρ
750 3565 844 3620 τοῦ
876 3566 1011 3621 Θεοῦ
1041 3569 1134 3622 καὶ
1162 3570 1195 3640 ἡ
1231 3569 1407 3637 σοφία.
1461 3569 1631 3621 Τοῦτο
1663 3584 1747 3636 γι-

168 3660 470 3723 νώσκοντες
495 3659 592 3712 καὶ
617 3661 667 3712 οἱ
698 3658 808 3729 (52)
841 3660 898 3712 ὲν
924 3657 1201 3713 Βαϐυλῶνι
1236 3660 1514 3730 γενόμενοι
1545 3659 1750 3730 μάρτυ-

172 3770 261 3826 ρες
285 3794 300 3817 ,
368 3751 616 3814 Ἀνανίας
639 3790 654 3815 ,
708 3751 963 3823 Ἀζαρίας
987 3792 1002 3816 ,
1039 3751 1288 3824 Μισαὴλ,
1320 3751 1597 3822 ἐλέγχουσι
1647 3751 1747 3822 τὴν

182 3845 466 3920 Ἀρειανὴν
496 3843 768 3899 ἀσέϐειαν.
829 3845 1086 3909 Εἱπὸντες
1119 3845 1226 3916 γάρ
1253 3844 1395 3915 (55)’
1430 3842 1746 3914 Εὐλογεῖτε

234 4019 280 4097 ξι
304 4017 592 4097 lsa.“t.xvr,
625 4017 841 4097 221:"
867 4015 1010 4072 Psal.
1038 4032 1114 4084 οι,
1152 4019 1240 4076 26.
1319 4021 1364 4053 ⁸³
1385 4021 1527 4078 Psal.
1562 4041 1727 4093 chit,
1753 4025 1816 4097 .5.

173 4089 260 4144 17.
336 4091 384 4120 ⁵⁷
413 4087 552 4143 Dan.
594 4103 680 4154 tu,
714 4088 802 4144 57.

239 4183 356 4254 (24)
391 4183 618 4250 Seguer.
683 4183 902 4235 Gobler.
957 4183 1267 4236 Felckman.
1315 4183 1338 4230 ι
1388 4183 1444 4231 et
1475 4183 1529 4239 4,
1557 4183 1631 4248 μὴ
1661 4183 1730 4248 τῇ

173 4251 356 4321 φύσει.
389 4253 494 4304 Alii
523 4261 578 4306 et
602 4251 754 4322 editi,
784 4250 859 4322 μὴ
889 4251 1072 4320 φύσει.
1103 4248 1291 4322 kPaulo
1313 4255 1436 4322 post
1461 4245 1732 4322 Reg._Ba-

173 4316 278 4376 sili.
333 4323 549 4389 Anglic.
603 4331 658 4376 et
704 4316 858 4376 Fech
902 4316 958 4386 Β,
1005 4317 1228 4389 ποιῆσαί
1270 4316 1336 4386 με
1388 4316 1543 4388 ἔργα.
1606 4316 1730 4389 Seg.

169 4391 385 4447 Gobler.
419 4388 564 4446 Felc.
596 4393 622 4446 1
653 4401 706 4446 ει
731 4391 786 4459 4,
823 4391 1044 4462 ποιῆσαί
1076 4388 1141 4461 με
1176 4389 1432 4462 τὰνξργα,
1475 4388 1736 4462 mendose

169 4465 380 4518 scilicet
413 4477 533 4532 pro,
563 4463 784 4533 ποιῆσαι
833 4459 970 4532 μετᾶ
1002 4459 1158 4533 ἔργα.
1201 4459 1314 4513 Alii
1343 4473 1471 4513 vero
1496 4466 1550 4512 et
1575 4459 1732 4526 editi,

169 4534 391 4603 ¹ιεοιῆσαι
426 4533 524 4602 μὲν
549 4532 709 4603 ἔργα.

243 4551 391 4656 cacat
426 4551 524 4602 μεν
549 4551 709 4614 εργα.
979 4602 989 4612 .

239 4605 355 4682 (_.‘))
407 4603 726 4670 Seguerian.
774 4601 1088 4656 Goblertan.
1137 4598 1449 4654 Felckman.
1507 4599 1533 4652 1
1593 4608 1648 4654 ει
1677 4600 1733 4665 4,

169 4689 416 4726 ποιησαι.

245 4715 614 4813 (Ξέῖέεςυειν.
658 4743 752 4813 ,εἰς
780 4742 957 4812 σάρκα
994 4757 1081 4812 με.
1131 4740 1189 4796 In
1232 4739 1353 4813 aliis
1379 4748 1433 4794 et
1469 4739 1633 4813 editis
1669 4756 1738 4810 με

170 4810 346 4868 deest.
405 4810 584 4866 Editio
644 4810 913 4882 Commel.
974 4810 1048 4866 ibi
1090 4811 1382 4882 mendose,
1410 4812 1480 4882 κεί
1538 4810 1738 4882 σάρκα.

171 4882 342 4938 Paulo
372 4893 499 4953 post
541 4883 767 4952 Seguer.
819 4881 1036 4953 Gobler.
1081 4881 1228 4953 Felc.
1261 4880 1288 4934 1
1316 4890 1374 4953 ει
1395 4881 1452 4946 4,
1475 4880 1743 4953 ὥστεκαὶ

166 4956 232 5007 ὲκ
261 4950 473 5006 τούτου.
515 4950 700 5006 Αιὶἵει
737 4953 890 5017 editi,
917 4951 1058 5005 ὥστε
1085 4952 1178 5005 καὶ
1203 4954 1267 5004 ὲκ
1286 4951 1379 5004 τοῦ
1405 4950 1670 5005 τοιούτου.

241 5024 355 5092 (27)
390 5023 616 5094 Seguer.
661 5022 879 5094 Gobler.
951 5021 1118 5094 Felc._
1141 5024 1192 5094 Ir
1221 5031 1275 5076 et
1315 5022 1456 5094 4,_6A
1490 5021 1735 5094 εἰσερχο-

173 5091 351 5164 mag.
387 5091 576 5165 essu.
611 5095 639 5146 6
665 5091 1284 5165 épygljottevoanliiet
1329 5091 1480 5155 editi,
1515 5095 1544 5146 6
1579 5091 1736 5163 ἐρχό-

173 5162 350 5233 μενος.
385 5163 554 5233 Paulo
580 5162 734 5233 post,
772 5162 916 5218 Felc.
958 5163 1012 5228 4,
1040 5163 1174 5218 ἀλλὰ
1201 5162 1348 5218 ἄλλο.

242 5235 352 5305 (28)
379 5234 470 5290 Sic
495 5231 742 5305 Seéuerg
777 5233 920 5305 Felc.
964 5233 1001 5287 2
1044 5242 1098 5291 et
1139 5234 1294 5305 editi.
1336 5233 1404 5305 At
1441 5232 1496 5287 in
1523 5233 1736 5305 caeteris

168 5302 298 5360 mss.
361 5307 417 5359 ὲν
441 5306 611 5358 deest.
635 5303 758 5360 Mox
783 5304 930 5359 Felc.
963 5305 999 5358 2
1037 5313 1092 5359 ει
1123 5303 1274 5368 editi,
1301 5302 1522 5372 γέγονεν
1552 5303 1734 5367 αὐτός.

166 5374 267 5444 Alli
306 5391 442 5431 mss.
506 5373 697 5442 γέγονε
723 5377 818 5428 καὶ
847 5375 1028 5437 αὑτός.
1067 5373 1270 5429 Ibidem
1315 5372 1638 5444 Seguerian.
1685 5382 1738 5428 et

166 5443 449 5501 Basiliens.
473 5445 662 5499 Πάντα
693 5447 802 5516 γὰρ
827 5447 898 5498 τὰ
935 5445 1222 5516 γενόμενα,
1274 5444 1332 5496 ὲν
1469 5445 1613 5516 χειρὶ
1645 5446 1739 5516 καὶ

166 5463 449 5501 nasutens.
475 5463 662 5499 ιιαντα
693 5463 898 5568 nam
935 5463 1222 5515 γενομενα,
1274 5463 1332 5496 εν
1375 5463 1441 5516 τῃ
1469 5463 1613 5516 χειρι
1645 5463 1738 5498 και

166 5517 222 5587 ὲν
249 5517 433 5587 σοφίᾳ.
466 5516 751 5587 Anglican.
829 5519 964 5570 άντα
989 5514 1264 5587 ἆᾉγέγονε,
1297 5517 1358 5587 ἐν
1385 5517 1451 5586 τῇ
1477 5516 1626 5587 χειρί
1643 5515 1738 5568 καὶ

165 5586 220 5658 ἐν
251 5585 436 5658 σοφία.
474 5585 605 5658 Reg.
641 5585 958 5658 Goblerian.
1013 5585 1259 5658 Felc._l,
1297 5585 1330 5638 4
1358 5594 1412 5639 et
1434 5585 1507 5658 )5,
1550 5585 1738 5658 Παντα

166 5655 268 5731 γὰρ
290 5654 360 5712 τὰ
381 5654 653 5726 γενόμενα
680 5657 817 5729 ἔργα
847 5659 905 5710 ὲν
930 5657 1072 5728 χειρὶ
1105 5655 1199 5709 καὶ
1238 5658 1296 5711 ὲν
1322 5654 1503 5727 σοφίᾳ.
1554 5656 1662 5712 Alii
1685 5664 1738 5711 et

396 5751 674 5810 ΡΑτιιοι..
739 5747 858 5809 Gtt.
913 5748 1146 5809 XXVI.

1855 1823 2024 1885 ditur,
2074 1835 2184 1875 non
2217 1829 2302 1875 est
2331 1835 2458 1890 pars
2487 1824 2708 1886 domus,
2745 1821 2838 1876 sed
2871 1822 3012 1876 alius
3050 1829 3135 1877 est
3163 1837 3194 1875 a
3223 1823 3385 1878 domo
3413 1842 3427 1878 :

1855 1912 1929 1967 ita
1959 1912 2054 1983 qui
2083 1911 2137 1966 in
2163 1926 2329 1981 opera
2359 1922 2602 1978 creatur,
2627 1913 2770 1967 alius
2797 1927 2928 1967 sane
2953 1923 3036 1968 est
3057 1914 3125 1968 ab
3149 1917 3428 1984 operibus.

1853 2003 2108 2074 Alioquin
2139 2003 2207 2067 si,
2238 2011 2298 2058 ut
2325 2004 2550 2074 putatis,
2592 2019 2625 2059 ο
2653 2005 2867 2068 Ariani,
2896 2004 2990 2060 Dei
3020 2005 3258 2061 Verbum
3290 2023 3429 2078 opus

1853 2104 1954 2160 est,
1993 2109 2253 2165 quanam,
2299 2094 2517 2159 amabo,
2547 2093 2602 2148 in
2649 2109 2814 2148 manu
2849 2103 2902 2148 et
2927 2094 3194 2165 sapientia
3223 2094 3428 2152 factum

1855 2187 1980 2242 est?
2019 2184 2155 2239 Nam
2191 2184 2375 2240 omnia
2409 2200 2530 2255 quae
2565 2183 2706 2239 facta
2740 2197 2888 2252 sunt,
2940 2186 2995 2240 in
3043 2202 3208 2242 manu
3257 2197 3311 2243 et
3343 2205 3429 2244 sa-

1855 2280 2058 2350 pientia
2088 2277 2179 2334 Dei
2211 2277 2354 2334 facta
2389 2287 2536 2343 sunt,
2559 2289 2619 2334 ut
2648 2277 2794 2335 Deus
2817 2281 2934 2350 ipse
2964 2280 3040 2335 ait
3062 2299 3076 2335 :
3098 2280 3290 2335 Manus
3313 2299 3428 2338 mea

1855 2369 1981 2439 fecit
2037 2371 2149 2424 [uec
2196 2370 2376 2423 omnia
2395 2369 2862 2437 “;etDavid:Et
2893 2382 2946 2424 tu
2971 2373 3148 2439 initio,
3187 2373 3423 2440 Domine,

1856 2472 2056 2515 terram
2072 2461 2331 2530 fundasti,
2343 2470 2392 2514 et
2410 2477 2567 2531 opera
2583 2477 2832 2515 manuum
2849 2471 3060 2516 tuarum
3077 2473 3200 2518 sunt
3224 2465 3341 2519 cali
3358 2466 3424 2530 ";

1855 2563 1917 2608 et
1936 2569 2127 2609 rursus
2143 2554 2361 2624 psalmo
2382 2553 2682 2609 centesimo
2705 2555 3121 2625 quadragesimo
3149 2559 3388 2613 secundo
3408 2575 3426 2611 :

1856 2641 2060 2696 Memor
2089 2643 2170 2714 fui
2198 2643 2405 2696 dierum
2437 2643 2799 2712 antiquorum,
2827 2653 2877 2697 et
2905 2646 3191 2700 meditatus
3225 2663 3340 2700 sum
3371 2649 3426 2701 in

1855 2733 2094 2787 omnibus
2144 2734 2384 2802 operibus
2415 2735 2566 2796 tuis;
2613 2735 2668 2787 in
2715 2735 2871 2803 factis
2922 2752 3175 2790 manuum
3215 2747 3428 2792 tuarum

1853 2825 2234 2878 meditabar”.
2254 2826 2438 2895 Itaque
2463 2827 2507 2881 si
2535 2825 2590 2880 in
2616 2841 2779 2881 manu
2802 2826 2896 2882 Dei
2919 2827 3059 2884 facta
3089 2839 3219 2884 sunt
3239 2845 3428 2900 opera,

1855 2917 2117 2987 scriptum
2155 2926 2335 2972 autem
2361 2927 2478 2973 est:
2502 2917 2695 2972 Omnia
2725 2935 2818 2988 per
2847 2917 3070 2973 Verbum
3095 2922 3242 2991 facta
3279 2935 3425 2992 sunt,

1853 3019 1905 3062 et
1952 3011 2062 3063 sine
2093 3011 2206 3078 ipso
2245 3010 2447 3079 factum
2490 3023 2568 3066 est
2613 3011 2850 3078 nihil“;
2897 3021 2952 3068 et
2999 3028 3233 3070 rursus:
3280 3016 3427 3072 Unus

1852 3099 2110 3154 Dominus
2141 3098 2318 3166 Iesus,
2343 3117 2434 3172 per
2460 3117 2611 3171 quem
2628 3102 2804 3155 omnia
2820 3103 2866 3134 ⁸⁸
2893 3113 2980 3169 ;et
2999 3121 3010 3156 :
3027 3102 3091 3157 In
3111 3106 3225 3175 ipso
3248 3110 3429 3160 omnia

1849 3193 2138 3246 constituta
2190 3194 2415 3248 sunt":
2458 3195 2668 3248 clarum
2718 3195 2905 3264 utique
2951 3205 3036 3251 est
3066 3195 3264 3251 Filium
3316 3213 3426 3253 non

1847 3303 1968 3342 esse
2019 3302 2181 3357 opus,
2232 3288 2325 3343 sed
2369 3287 2465 3343 Dei
2503 3303 2726 3344 manum
2773 3296 2826 3341 et
2874 3289 3219 3358 sapientiam.
3269 3289 3426 3357 Quod

1848 3394 1971 3433 cum
2000 3393 2107 3433 non
2133 3377 2296 3450 427
2326 3379 2642 3450 ignorarent
2663 3377 2957 3450 Babylonis
2988 3389 3256 3451 martyres
3281 3381 3428 3435 Ana-

1856 3471 1994 3534 nias,
2025 3472 2248 3527 Azarias
2272 3481 2324 3526 et
2345 3470 2552 3536 Misael,
2571 3471 2852 3537 Arianam,
2877 3479 2931 3526 et
2962 3471 3064 3540 ipsi
3095 3471 3426 3540 impietatem

1853 3562 2207 3634 redarguunt.
2249 3560 2494 3633 Namque
2541 3573 2829 3634 postquam
2870 3562 3158 3628 dixissent,
3197 3561 3426 3617 Benedi-

1853 3655 2170 3722 cite,omnia
2200 3671 2357 3724 opera
2375 3653 2610 3719 Domini,
2630 3653 2854 3707 Domino
2868 3654 2935 3719 ⁸⁷,
2967 3668 3032 3708 ea
3061 3653 3276 3724 quidem
3304 3669 3427 3724 qua

1853 3762 1977 3801 cum
2015 3747 2068 3800 in
2096 3747 2249 3802 ccelis
2283 3755 2394 3801 tum
2433 3747 2486 3801 in
2517 3756 2658 3802 terra
2685 3748 2978 3815 exsistunt,
3022 3757 3185 3820 atque
3214 3750 3428 3804 univer-

1854 3851 1946 3892 sas
1982 3851 2070 3892 res
2105 3845 2317 3892 creatas
2363 3845 2623 3908 tanquam
2677 3852 2842 3909 opera
2892 3848 3325 3894 recensuerunt:
3369 3848 3426 3894 at

2454 4025 2500 4057 ⁸⁸
2524 4023 2543 4078 I
2567 4024 2695 4080 Cor.
2744 4041 2864 4084 vni.
2903 4037 2958 4081 ο.

1920 4023 2162 4096 “joan.
2205 4041 2257 4091 ι,
2295 4025 2349 4080 3.
2454 4023 2695 4080 ll*‘ICor.
2744 4041 2864 4084 vni.
2903 4037 2958 4081 ο.
3068 4024 3353 4082 "Coloss.
3381 4042 3424 4094 ι,

391 4180 618 4256 Seguer.
654 4179 902 4256 __G_obler.
946 4180 1267 4256 _Felekm2n_.
1315 4177 1338 4230 1
1388 4183 1444 4256 et
1461 4176 1529 4256 _4,
1557 4175 1730 4256 Mf?)

1859 4177 1991 4256 :diti,
2024 4176 2236 4249 ,βάντα
2292 4176 2402 4250 γὰρ
2459 4178 2598 4249 ἔργα
2641 4181 2677 4236 ἃ
2715 4183 2944 4252 γέγονε,
3001 4185 3068 4256 τῇ
3126 4200 3271 4256 χειρι
3327 4201 3426 4242 και

1842 4249 2024 4388 σοὲῗὴ
2049 4316 2267 4393 Gobler.
2287 4329 2340 4372 et
2345 4317 2498 4393 _Felc.
2533 4322 2585 4384 1,
2619 4321 2689 4376 τὰ
2725 4327 2923 4379 πάντα.
2955 4323 3125 4379 Paulo
3165 4335 3287 4393 post
3323 4323 3426 4382 Se-

1841 4387 2010 4460 guer.
2029 4387 2124 4462 καὶ
2155 4387 2412 4462 ἐργατῶν
2440 4393 2660 4462 χᾳρῶν.
2688 4393 2890 4450 Ibidem
2911 4395 3132 4451 Gobler.
3153 4387 3208 4450 et
3227 4394 3422 4452 Felck-

1843 4455 1992 4539 iper].
2029 4455 2412 4539 1,-καὶαὗοξο
2441 4455 3044 4539 ’ἘμνήσθΒν-ὴμερῶν.
3081 4463 3198 4520 Vox
3223 4465 3422 4539 ψαλμῷ

1767 4521 1813 4576 D
1841 4529 2040 4583 ibidem
2070 4521 2224 4584 deest
2250 4529 2305 4582 in
2342 4521 2566 4599 Seguei‘.
2604 4521 2657 4588 et
2698 4521 2916 4590 Felci'4.‘

1915 4599 2030 4671 (ῥυ)
2063 4599 2171 4671 Ιξαί
2204 4600 2356 4654 abest
2379 4615 2410 4653 a
2443 4599 2666 4671 Seguer.
2710 4604 2928 4660 Gobler.
2957 4604 3104 4660 Felc.
3135 4605 3156 4656 1
3194 4615 3247 4660 ει
3270 4608 3324 4662 4.

1916 4667 2031 4742 (51)
2077 4667 2304 4742 Seguer.
2339 4671 2484 4742 χειρὶ
2519 4667 2690 4727 Ὁεοῦ.
2746 4675 2868 4729 Mox
2903 4675 3043 4729 idem
3087 4685 3143 4731 et
3173 4675 3418 4742 Gobler.,

1844 4739 1989 4816 Eelc.
2012 4739 2038 4792 1
2059 4749 2111 4792 ει
2133 4739 2524 4816 γέγραπται
2541 4743 2620 4816 δὲ,
2646 4745 2728 4798 ὅτι
2745 4745 2948 4800 Πάντα
2967 4744 3066 4798 διὰ
3089 4746 3194 4816 τοῦ
3224 4739 3421 4816 Λόγοι)

1847 4809 2107 4888 ἐγένετο.
2138 4809 2494 4888 ΑΙὶᾑειέόίιί,
2517 4813 2827 4886 γέγραπται
2851 4817 2979 4888 γὰρ,
3005 4817 3089 4869 ὅτι
3109 4809 3422 4871 Heia-tabidi

1850 4879 1959 4936 τοῦ
1981 4881 2176 4948 Λόγου
2202 4879 2425 4950 γέγονε.
2532 4879 2539 4881 ⁷
2596 4879 2634 4886 ”
2863 4879 2873 4884 ⁷
2928 4879 2973 4888 ’“
3114 4912 3121 4918 -

1923 4952 2035 5020 (5‘2)
2064 4951 2382 5024 seguerian.
2416 4961 2469 5006 et
2500 4951 2630 5024 Reg.
2677 4959 2772 5010 καὶ
2813 4959 2882 5010 οἱ.
2929 4957 2989 5011 In
3032 4957 3156 5012 aliis
3181 4965 3235 5010 et
3259 4956 3420 5012 editis

1842 5023 1992 5098 deest
2033 5021 2158 5098 uoti.
2184 5023 2260 5075 Ib.
2291 5021 2606 5080 Goblerian'.
2632 5035 2685 5081 et
2708 5026 3020 5083 Felckman.
3049 5029 3099 5094 1,
3141 5026 3420 5098 γενόμενοι

1843 5093 2031 5154 παῖδες
2052 5092 2354 5162 ἐλέγχουσι.

1919 5164 2036 5231 (55)
2073 5163 2435 5234 ὃὶεξδειζιωιι.
2495 5163 2716 5222 Gobler.
2767 5168 2910 5225 Felc.
2947 5171 2970 5224 1
3018 5179 3072 5224 ει
3109 5169 3161 5223 4.
3220 5168 3285 5224 At
3326 5167 3420 5221 alii

1846 5245 1900 5308 et
1949 5234 2114 5308 editio
2162 5232 2591 5308 Comm_el.‘ya'tp
2625 5240 2903 5294 omittunt.
2963 5241 3164 5294 Ibidem
3216 5237 3420 5308 Segne-

1846 5306 1988 5381 rian.
2056 5307 2203 5381 Iteg._
2226 5315 2279 5360 et
2329 5305 2643 5381 Felckman.
2684 5309 2740 5381 4,
2787 5311 2854 5381 τὰ
2884 5310 3019 5381 ἔργα
3058 5307 3265 5381 κυρίου
3285 5305 3420 5381 μ’τὺν

1847 5374 2072 5454 [Lupiam
2102 5374 2206 5454 Α]ἰὶ
2238 5391 2368 5431 vero
2404 5386 2458 5432 et
2485 5379 2635 5454 giiti,
2664 5379 2733 5454 τᾲ
2772 5374 3016 5454 ἐργατδν
3043 5374 3419 5454 Κύριονζίιειη

1849 5445 2071 5522 ibidem,
2131 5445 2358 5522 Seguer.
2397 5457 2452 5502 et
2491 5447 2637 5522 Felc.
2689 5451 2742 5516 4,
2771 5445 2973 5522 ἰξόίμὲν
3001 5455 3058 5504 ὲν
3081 5445 3421 5522 οὗρανῷ.-Λι

1847 5515 1947 5586 μὲν
1975 5517 2128 5571 abest
2146 5515 2236 5586 fab
2268 5517 2390 5572 aliis
2417 5528 2471 5572 et
2503 5519 2743 5574 editione
2775 5515 3040 5577 Commel.
3093 5515 3293 5574 Ibidem
3321 5517 3420 5575 Se-

1843 5585 2090 5668 guerian.
2142 5585 2428 5644 Basilicus.
2469 5587 2683 5646 Gobler.
2737 5590 2880 5648 Felc.
2919 5595 2944 5647 1
2983 5603 3037 5648 ει
3089 5594 3142 5655 4,
3193 5590 3290 5644 καὶ
3326 5588 3419 5642 ἐπὶ

1842 5673 1966 5727 γης.
3055 5683 3064 5693 ο
3129 5699 3138 5712 .

3112 5758 3182 5813 ’iO
