1920 3110
215 109 268 138 299

517 108 546 134 S.
563 106 748 135 ATHANASII
766 106 842 135 OPP.
862 106 952 135 PARS
971 105 991 133 Ι.
1012 122 1046 126 -
1065 107 1249 135 HISTORICA
1267 108 1311 136 ΕΤ
1332 108 1539 137 BOGMATICA.

1786 109 1839 135 300

215 167 314 195 Filium
331 166 570 201 praetermiserunt.
585 165 639 193 Nec
653 165 725 193 enim
745 165 836 192 dixere
850 175 856 192 :
874 165 993 192 Benedic.

1051 165 1148 192 πάντα
1156 166 1191 193 τὰ
1202 166 1273 200 ἔργα
1285 166 1405 200 Κυρίου,
1417 167 1470 194 τὸν
1476 167 1594 201 Κύριον·
1608 168 1641 193 τὰ
1656 166 1705 201 μὲν
1717 165 1746 193 ἓν
1756 165 1840 201 οὖρα-

212 212 346 244 -Verbum,
357 211 481 245 etlauda,
499 212 632 246 sapientia
646 221 652 238 :
670 218 766 246 nempe
781 215 810 237 ut
824 210 999 239 ostenderem

215 266 260 286 res
277 257 346 285 alias
357 264 452 284 omnes
465 262 492 284 et
502 256 643 283 laudantes
658 260 685 283 et
697 263 778 290 opera
792 263 863 289 esse,
878 254 997 283 Verbum

216 308 306 330 autem
336 310 386 330 nec
403 309 472 337 opus
493 309 543 329 nec
563 309 578 328 e
597 301 767 328 laudantium
785 308 851 329 esse
873 308 998 335 numero,

215 349 262 376 sed
276 356 328 375 una
346 355 407 375 cum
420 347 501 375 Patre
516 347 635 380 laudari,
643 347 762 378 adorari,
775 351 802 374 et
817 346 901 374 Deum
917 354 1000 382 agno—

215 394 266 428 sci,
283 399 364 429 atque
378 393 438 428 ejus
453 393 564 428 quidem
582 392 742 420 Verbumet
755 392 915 426 sapientiam
927 400 998 426 esse,

214 449 326 476 operum
343 448 408 468 vero
426 444 589 467 creatorem.
606 440 633 466 id
651 439 731 466 etiam
749 438 867 473 Spiritus
879 439 906 465 in
925 438 998 466 Psal-

213 486 266 513 mis
282 486 399 513 dilucide
410 485 555 512 admodum
573 485 696 512 distinxit
715 485 757 512 liis
774 485 998 512 rerbis:Rectum

211 538 250 560 est
278 531 389 559 Verbum
408 530 512 557 Domini
528 536 552 557 et
574 531 663 557 omnia
683 538 761 564 opera
775 530 831 564 ejus
852 530 879 557 in
898 531 949 565 [ide
958 531 997 564 Nl-;

211 583 239 604 et
255 578 337 605 alibi:
351 577 439 610 Quam
454 576 624 611 magnificam
638 581 699 602 sunt
712 583 790 610 opera
804 581 860 609 tua,
871 575 998 602 Domine!

212 625 301 650 omnia
317 624 344 650 in
361 624 492 658 sapientia
508 623 592 657 fecisti
604 623 638 649 ".

1052 211 1090 247 νῷ
1106 212 1153 238 καὶ
1165 215 1199 238 τὰ
1212 212 1258 238 ἐπὶ
1274 212 1342 247 γῆς,
1367 213 1413 239 καὶ
1427 214 1517 240 πᾶσαν
1530 212 1579 248 τὴν
1595 213 1701 245 κτίσιν,
1716 212 1754 244 ὡς
1769 212 1840 248 ἔργα

1052 257 1213 289 κατέλεξαν
1227 257 1273 284 τδν
1287 257 1315 284 δὲ
1331 257 1394 285 Υίδν
1408 258 1458 285 οὐκ
1471 258 1629 293 ὠνόμασαν·
1647 258 1677 284 οὺ
1693 257 1747 294 γὰρ
1762 259 1840 294 εἰρή-

1053 311 1131 330 κασιν
1145 303 1212 339 (54)·
1226 302 1349 338 Εὑλόγει,
1364 304 1445 339 Λόγε,
1459 304 1506 332 καὶ
1520 304 1608 340 ὕμνει,
1620 304 1700 338 σοφία
1711 312 1719 321 ο
1730 304 1774 330 ἵνα
1784 303 1840 330 δεί-

1055 348 1150 382 ξωσιν,
1167 350 1207 376 ὃτι
1229 349 1264 376 τὰ
1285 350 1334 385 μὲν
1349 350 1415 377 ἄλλα
1430 350 1518 377 πάντα
1534 349 1669 385 ὑμνοῦντὰ
1693 351 1767 381 ἐστι,
1791 350 1840 376 καὶ

1052 393 1120 429 ἔργα
1145 395 1218 421 ὲστί·
1248 396 1262 421 ό
1286 395 1314 421 δὲ
1335 396 1421 429 Λόγος
1435 396 1484 422 οὐκ
1497 395 1570 422 ἐστιν
1599 394 1678 430 ἔργον
1698 394 1759 421 οὐδὲ
1783 394 1840 421 τῶν

1052 441 1215 476 ὑμνούντων,
1225 440 1291 468 ἀλλὰ
1302 441 1351 467 σὺν
1362 441 1406 476 τῷ
1411 441 1498 477 Harp).
1508 440 1685 476 ὑμνούμενος,
1694 440 1741 466 καὶ
1755 448 1841 476 προσ-

1051 485 1214 521 κυνούμενός
1228 486 1282 521 (55)
1300 486 1357 512 ἐστι
1374 486 1419 512 καὶ
1435 485 1642 521 θεολογούμενος
1653 504 1660 516 ,
1684 485 1771 519 Λόγος
1788 484 1839 519 μὲν

1052 531 1134 557 αὑτοῦ
1149 531 1195 558 καί
1208 531 1288 566 σοφία
1301 531 1348 564 ὢν,
1362 531 1416 558 τῶν
1431 531 1459 558 δὲ
1472 531 1558 566 ἔργων
1568 531 1741 566 δημιουργός.
1753 529 1840 557 Τοῦτο

1051 577 1098 604 καὶ
1109 577 1140 604 τὸ
1157 577 1270 613 Πνεῦμα
1287 579 1315 604 ὲν
1329 578 1452 613 Ψαλμοῖς
1466 577 1521 614 (56)
1539 577 1607 613 μετὰ
1622 577 1768 612 καλλίστης
1782 577 1840 603 δια-

1051 623 1146 659 στολῆς
1157 624 1276 660 εῐρηκεν,
1291 624 1331 650 ὅτι
1345 624 1444 657 Εὐθὺς
1454 625 1470 651 ὁ
1480 624 1574 658 Λόγος
1587 623 1640 650 τοῦ
1654 623 1776 657 Κυρίου,
1787 622 1839 649 και

211 671 309 698 πάντα
324 670 361 698 τὰ
378 670 449 705 ἔργα
468 670 560 697 αὐτοῦ
585 670 619 696 ἐν
637 670 752 697 πίστει·
766 670 888 706 καθάπερ
907 671 952 697 καὶ
966 671 995 698 ὲν
1012 670 1096 707 ἑτέρῳ
1108 672 1204 706 φησίν·
1226 672 1274 704 Ὠς
1297 672 1483 706 ὲμεγαλύνθη
1504 672 1540 699 τὰ
1565 671 1635 706 ἔργα
1647 679 1716 703 σου,
1730 672 1820 705 Κύριε
1831 679 1837 686 ·

211 717 309 743 πάντα
326 717 361 743 ὲν
381 716 473 750 σοφίᾳ
488 716 648 750 ἐποίησας.

248 762 289 789 72.
311 762 391 797 Atqui
415 762 438 789 si
454 761 570 789 Verbum
586 770 655 797 opus
673 768 761 796 esset,
778 764 882 799 absque
911 764 993 791 dubio

1080 762 1124 789 72.
1138 762 1169 788 Εἰ
1182 762 1209 788 δὲ
1224 762 1304 797 ἔργον
1314 759 1348 797 ἦν
1360 762 1374 788 ὀ
1390 762 1485 796 Λόγος,
1495 762 1602 793 πάντως
1614 762 1646 788 ἂν
1657 762 1712 797 (37)
1726 763 1773 789 καὶ
1787 763 1837 790 αὺ-

211 809 238 835 in
271 808 402 843 sapientia
424 816 533 843 quoque
560 808 658 836 fuisset
685 809 805 842 factum,
833 818 884 838 nec
907 811 995 845 ipsum

212 854 353 889 Scriptura
368 854 403 881 ab
428 854 556 889 operibus
580 855 810 889 discriminasset,
837 864 926 891 neque
951 857 996 884 illa

211 900 320 934 quidem
347 908 444 935 opera;
469 900 520 928 hoc
535 905 646 933 autem,
672 901 791 929 Verbum
809 906 835 930 et
857 903 995 938 propriam

210 945 259 973 Dei
276 945 437 980 sapientiam
460 946 633 981 appellasset.
654 947 722 975 Cum
748 953 837 975 autem
856 948 995 983 Scriptura

210 992 299 1026 ipsum
315 992 351 1019 ab
368 991 497 1026 operibus
511 997 648 1026 secernat,
660 993 740 1021 docet
751 993 873 1028 profecto
888 995 997 1029 sapien-

210 1039 275 1065 tiam
289 1046 350 1066 esse
365 1046 479 1073 operum
495 1039 657 1066 effectricem
671 1058 679 1071 ,
695 1047 748 1066 non
767 1047 832 1066 vero
846 1048 924 1074 opus.
942 1040 995 1066 Ea-

209 1085 270 1111 dem
283 1084 460 1113 distinctione
487 1093 555 1112 usus
570 1089 612 1112 est
626 1084 726 1113 Paulus
752 1085 870 1119 Epistola
894 1086 927 1113 ad
944 1085 996 1113 He-

209 1128 312 1158 braaos.
328 1129 373 1156 ubi
393 1130 450 1157 haec
477 1130 592 1157 scribit:
613 1130 705 1157 Vivum
726 1131 796 1157 enim
824 1136 862 1158 est
884 1130 995 1158 Verbum

209 1175 259 1202 Dei
285 1180 310 1202 et
325 1176 415 1211 efficax
431 1181 456 1203 et
485 1177 589 1203 acutius
613 1178 685 1204 omni
713 1177 802 1212 gladio
820 1178 948 1212 ancipiti,
970 1182 995 1205 et

208 1221 332 1256 pertingit
346 1230 425 1257 usque
434 1222 468 1248 ad
482 1222 636 1250 divisionem
646 1223 742 1250 anima:
752 1228 778 1250 et
790 1224 910 1258 spiritus,
924 1232 995 1250 com-

208 1274 306 1302 pagunt
325 1275 427 1302 quoque
442 1275 473 1293 ac
495 1267 689 1300 medullarum,
718 1272 743 1295 et
756 1268 840 1302 judea:
853 1268 995 1303 cogitatio-

210 1320 272 1339 num
292 1317 316 1339 et
338 1312 541 1339 meditationum
563 1313 665 1345 cordis,
682 1321 727 1340 nec
748 1313 806 1340 ulla
819 1318 858 1340 est
872 1317 995 1340 creatura

209 1358 350 1385 invisibilis
367 1358 394 1385 in
407 1363 546 1393 conspectu
560 1358 617 1393 ejus
635 1367 644 1385 :
657 1360 745 1386 omnia
769 1364 857 1386 autem
876 1359 947 1386 nuda
969 1363 994 1385 et

210 1408 301 1438 aperta
314 1409 376 1431 sunt
393 1404 476 1430 oculis
489 1403 562 1438 ejus,
577 1404 611 1430 ad
627 1404 696 1439 quod
708 1404 782 1432 nobis
795 1408 833 1431 est
857 1412 943 1432 sermo
959 1404 991 1431 °°.

1021 818 1028 823 ε
1048 808 1093 839 ea;
1114 809 1142 834 ὲν
1157 807 1237 843 σοφίᾳ
1251 808 1371 842 ἐγεγόνει
1381 828 1388 840 ,
1411 808 1457 834 καὶ
1472 807 1527 834 οὔτ’
1543 807 1576 834 ἂν
1588 808 1737 834 διέστελλεν
1756 809 1837 835 αὑτὸν

1047 853 1101 880 ἀπὸ
1112 853 1165 880 τῶν
1176 853 1263 889 ἔργων
1280 855 1296 889 ἡ
1312 854 1418 889 Γραφὴ,
1435 853 1495 881 οὔτε
1507 854 1541 880 τὰ.
1555 854 1604 889 μὲν
1617 854 1685 889 ἔργα
1697 854 1836 889 ὠνόμαζε,

1046 899 1092 926 τὸν
1107 899 1134 926 δὲ
1150 900 1235 933 Λόγον
1247 900 1293 926 καὶ
1302 900 1397 934 σοφίαν
1413 900 1480 927 [δίαν
1491 900 1537 926 τοῦ
1553 900 1619 926 Θεοῦ
1631 901 1834 935 εὐηγγελίζετο.

1046 944 1102 971 Νῦν
1114 945 1151 976 δὲ,
1166 945 1357 971 διαστέλλουσα
1372 944 1424 971 τῶν
1440 945 1527 981 ἔργων
1540 945 1620 971 αὑτὸν
1632 947 1648 980 ὴ
1659 945 1764 981 Γραφὴ,
1781 946 1836 972 δεί-

1046 999 1150 1022 κνυσιν,
1163 991 1202 1017 ὅτι
1217 991 1270 1017 τῶν
1283 990 1370 1026 ἔργων
1384 991 1547 1026 δημιουργός
1557 993 1631 1018 ἐστιν
1643 993 1659 1027 ἡ
1675 992 1771 1026 σοφία,
1788 994 1835 1020 καὶ

1046 1036 1095 1062 οὐκ
1105 1035 1195 1071 ἔργον,
1211 1036 1301 1071 Ταύτῃ
1314 1038 1345 1071 τῇ
1359 1036 1481 1071 διαστολῇ
1499 1038 1545 1062 καὶ
1556 1038 1569 1063 ὁ
1585 1037 1689 1069 Παῦλος
1703 1038 1836 1074 κέχρηται

1045 1082 1159 1118 γράφων
1182 1081 1332 1117 Ἐδραίοις’
1365 1081 1431 1108 Ζῶν
1455 1083 1508 1116 γὰρ
1524 1084 1540 1109 ὁ
1566 1083 1660 1116 Λόγος
1676 1083 1729 1110 τοῦ
1746 1083 1832 1115 Θεοῦ,

1045 1128 1093 1154 καὶ
1105 1127 1229 1162 ἐνεργὴς
1241 1148 1248 1160 ,
1264 1128 1313 1154 καὶ
1328 1128 1489 1163 τομώτερος
1507 1128 1583 1163 ὑπὲρ
1602 1128 1705 1155 πᾶσαν
1723 1129 1833 1164 μάχαι-

1041 1181 1100 1208 ραν
1109 1172 1262 1207 δίστομον,
1274 1173 1322 1200 καὶ
1334 1173 1541 1208 διικνούμενος
1550 1174 1617 1209 ἄχρι
1627 1174 1681 1210 (38)
1687 1176 1836 1210 μερισμοῦ

1044 1218 1149 1254 ψυχῆς
1161 1220 1209 1246 καί
1226 1220 1403 1254 πνεύματος,
1418 1219 1520 1254 ἁρμῶν
1531 1228 1562 1246 τε
1577 1220 1627 1247 καὶ
1637 1221 1768 1255 μυελῶν,
1781 1222 1832 1248 καὶ

1044 1264 1174 1299 κριτικὸς
1185 1265 1379 1299 ἐνθυμήσεων
1386 1264 1433 1291 καὶ
1444 1265 1567 1292 ἐννοιῶν
1576 1265 1708 1299 καρδίας,
1718 1266 1767 1292 καὶ
1780 1268 1838 1293 οὐκ

1044 1310 1109 1336 ἔστι
1117 1310 1215 1343 κτίσις
1222 1310 1341 1344 ἀφανὴς
1349 1310 1475 1337 ἐνώπιον
1480 1311 1583 1343 αὑτοῦ,
1590 1311 1688 1338 πάντα
1696 1311 1729 1338 δὲ
1737 1313 1838 1347 γυμνὰ

1044 1356 1093 1383 καὶ
1102 1355 1356 1391 τετραχηλισμένα
1364 1356 1424 1388 τοῖς
1433 1357 1595 1391 ὀφθαλμοῖς
1604 1357 1708 1390 αὑτοῦ,
1716 1359 1791 1392 πρὸς
1800 1359 1838 1385 ὃν

1045 1402 1119 1438 ἡμῖν
1135 1404 1151 1429 ό
1170 1404 1272 1437 λόγος.
1295 1403 1359 1429 Ἰδοὺ
1374 1402 1428 1438 γὰρ
1441 1402 1475 1429 τὰ
1490 1403 1538 1438 μὲν
1551 1403 1651 1438 γενητὰ
1665 1403 1753 1430 κτίσιν
1770 1405 1839 1431 ὠνό-

209 1448 281 1477 Ecce
294 1457 337 1476 res
356 1448 466 1483 quidem
483 1448 570 1476 iactas
581 1468 588 1482 ,
606 1453 772 1482 creaturam,
795 1449 910 1483 appellat
926 1458 932 1476 :
950 1448 993 1476 Fi-

1048 1457 1117 1485 μασε
1136 1448 1206 1484 (59)·
1223 1448 1268 1476 τὸν
1292 1448 1320 1475 δὲ
1341 1448 1406 1475 Υἱὸν
1422 1448 1507 1483 Λόγον
1522 1446 1591 1475 οἶδεν
1611 1449 1676 1476 ὄντα
1693 1449 1740 1476 τοῦ
1755 1450 1836 1483 Θεοῦ,

209 1494 277 1522 lium
289 1502 354 1522 vero
369 1493 489 1522 Verbum
504 1495 552 1522 Dei
565 1503 626 1523 esse
647 1496 742 1530 novit,
756 1501 849 1531 utpote
862 1497 909 1531 qui
924 1496 995 1524 alius

210 1539 247 1568 sit
263 1547 278 1566 a
290 1539 372 1567 rebus
387 1540 495 1567 creatis.
513 1539 582 1567 Cum
607 1541 671 1568 item
686 1541 778 1568 addit:
795 1540 891 1568 Omnia
907 1547 995 1568 autent

210 1584 282 1612 nuda
295 1589 321 1612 et
337 1590 430 1619 aperta
445 1591 505 1613 sunt
523 1585 607 1613 oculis
624 1586 695 1620 ejus,
716 1587 750 1613 ad
771 1587 840 1621 quod
856 1587 930 1613 nobis
957 1591 994 1613 est

209 1639 306 1664 sermo,
324 1631 407 1658 alium
426 1637 499 1659 certe
517 1640 578 1659 eum
592 1632 626 1660 ab
641 1633 769 1660 omnibus
777 1640 837 1660 esse
848 1632 993 1668 signiﬁcat.

208 1676 278 1704 Hinc
294 1677 338 1704 ille
354 1677 464 1712 quidem
478 1678 582 1713 judicat
597 1687 604 1705 :
620 1678 734 1713 singula:
754 1686 819 1705 vero
835 1686 879 1705 res
898 1682 996 1706 creata:

208 1723 234 1751 ei
251 1724 386 1751 rationem
418 1723 522 1752 referre
553 1728 689 1752 tenentur.
707 1724 746 1751 Ex
764 1731 796 1752 eo
811 1725 892 1751 etiam
918 1724 994 1755 loco,

210 1769 257 1796 ubi
274 1769 401 1796 universa
417 1773 544 1797 creatura
575 1770 717 1797 nobiscum
733 1777 786 1797 una
814 1770 914 1797 dicitur
933 1777 995 1796 con-

209 1822 316 1849 gemere
331 1819 361 1841 ut
374 1814 503 1842 liberetur
514 1823 529 1842 a
550 1816 681 1843 servitute
704 1815 887 1850 corruptionis
901 1816 936 1848 “,
948 1814 995 1841 Fi-

208 1861 275 1888 lium
289 1860 373 1888 alium
389 1868 405 1888 a
421 1861 502 1889 rebus
516 1862 617 1889 creatis
641 1869 701 1890 esse
718 1861 885 1889 ostenditur.
900 1860 995 1888 Enim-

210 1916 273 1936 vero
288 1910 311 1937 si
325 1914 435 1937 creatus
445 1914 529 1940 esset.
544 1916 615 1936 uitus
625 1912 652 1935 et
666 1908 723 1943 ipse
735 1912 807 1935 esset
816 1907 993 1943 gementium,

207 1955 254 1989 qui
264 1955 318 1982 alio
328 1956 429 1990 pariter
443 1962 512 1989 opus
524 1954 653 1987 haberet,
669 1961 684 1981 a
696 1961 750 1989 quo
764 1954 845 1981 simul
859 1953 917 1988 ipse
932 1961 994 1980 cum

208 2000 337 2028 omnibus
356 2000 429 2027 titius
455 1998 607 2027 eiliceretur
620 2006 646 2025 et
671 1999 843 2026 liberaretur.
864 1997 893 2025 Si
913 2005 995 2033 porro

208 2053 253 2072 res
266 2045 357 2073 omnis
378 2048 470 2072 creata
494 2044 631 2078 congemit
657 2048 687 2070 ut
710 2043 842 2071 liberetur
857 2051 872 2070 a
895 2051 993 2070 corru-

207 2091 300 2125 ptione
316 2090 455 2118 servitutis
467 2111 474 2123 ,
490 2090 547 2125 ipse
572 2095 662 2116 autem
685 2088 771 2117 Filius
792 2097 847 2116 non
864 2096 937 2121 unus
951 2092 993 2116 est

208 2135 392 2170 gementium,
408 2142 458 2162 nec
474 2134 651 2169 indigentium
667 2134 806 2167 libertate,
824 2134 870 2161 sed
886 2134 943 2168 ipse
952 2139 994 2161 est

207 2181 255 2216 qui
271 2189 366 2209 omnes
383 2185 411 2208 et
422 2181 493 2208 ﬁlios
504 2180 585 2208 elIicit
600 2185 627 2208 et
643 2180 744 2208 liberos
762 2180 868 2213 reddit,
884 2184 913 2207 ut
926 2181 990 2208 olim

1045 1495 1083 1527 ὡς
1099 1495 1179 1523 ἄλλου
1196 1495 1273 1527 ὄντος
1292 1495 1373 1522 αὑτοῦ
1395 1495 1469 1531 παρὰ
1489 1495 1522 1522 τὰ
1538 1496 1684 1531 κτίσματα.
1705 1496 1792 1523 Πάλιν
1808 1497 1837 1523 δὲ

1046 1540 1132 1575 λέγων
1142 1549 1148 1555 ·
1166 1541 1268 1568 Πάντα
1290 1541 1324 1567 δὲ
1337 1540 1392 1576 (40)
1408 1541 1505 1575 γυμνὰ
1516 1541 1564 1568 καί
1577 1541 1837 1576 τετραχηλισμένα

1045 1587 1107 1620 τοῖς
1124 1587 1287 1622 ὀφθαλμοῖς
1299 1587 1403 1620 αὑτοῦ,
1416 1588 1490 1621 πρὸς
1501 1588 1537 1614 ὃν
1549 1588 1621 1622 ἡμῖν
1634 1590 1650 1615 ό
1664 1589 1756 1623 λόγος
1766 1597 1774 1603 ·
1790 1588 1836 1616 ἆλ-

1045 1632 1089 1659 λον
1101 1633 1181 1660 αὐτὸν
1195 1632 1263 1659 εἶναι
1277 1634 1404 1669 σημαίνει
1418 1633 1471 1660 τῶν
1484 1633 1602 1660 πάντων.
1617 1633 1665 1660 Διὰ
1680 1634 1761 1661 τοῦτο
1780 1635 1835 1669 γὰρ

1045 1679 1093 1705 καὶ
1106 1679 1120 1705 ὀ
1135 1679 1185 1714 μὲν
1209 1679 1313 1714 κρίνει,
1339 1679 1392 1705 τῶν
1405 1679 1433 1706 δὲ
1451 1679 1572 1715 γενητῶν
1588 1679 1696 1706 πάντων
1719 1680 1836 1712 ἕκαστος

1046 1724 1195 1756 ὑπεύθυνός
1208 1726 1281 1751 ἐστιν
1295 1724 1368 1760 αὐτῷ
1380 1725 1478 1751 διδόναι
1491 1725 1579 1759 λόγον.
1607 1725 1700 1757 Οὕτως
1713 1726 1768 1762 ἄρα
1789 1727 1835 1753 καὶ

1045 1771 1094 1806 τῆς
1114 1770 1229 1802 κτίσεως
1248 1769 1338 1805 πάσης
1354 1770 1568 1806 συστεναζούσης
1577 1772 1644 1806 ἡμῖν
1657 1772 1697 1803 εἰς
1712 1771 1742 1798 τὸ
1759 1772 1835 1799 ἐλευ-

1046 1816 1196 1852 θερωθῆναι
1211 1817 1264 1843 ἀπὸ
1285 1818 1333 1852 τῆς
1346 1817 1467 1848 δουλείας
1484 1817 1534 1852 τῆς
1553 1817 1669 1853 φθορᾶς,
1686 1818 1767 1850 ἄλλος
1781 1819 1834 1845 τῶν

1046 1862 1200 1896 κτισμάτων
1213 1861 1348 1888 δείκνυται
1363 1859 1431 1888 εἶναι
1443 1861 1497 1895 (Μ)
1509 1862 1522 1887 ὁ
1532 1861 1604 1893 Υἱός.
1622 1862 1652 1888 Εἰ
1666 1862 1720 1897 γὰρ
1732 1860 1766 1897 ἦν
1777 1863 1835 1889 κτί-

1046 1915 1112 1942 σμα,
1119 1904 1158 1939 εἷς
1167 1905 1201 1942 ἦν
1207 1907 1252 1933 καὶ
1263 1907 1343 1939 αὐτὸς
1348 1906 1401 1934 τὼν
1408 1908 1594 1939 στεναζόντων,
1601 1907 1648 1934 καὶ
1655 1907 1783 1942 δεόμενος
1788 1908 1834 1934 τοῦ

1045 1951 1226 1983 υἱοποιοῦντος
1239 1952 1286 1978 καὶ
1297 1951 1500 1987 ὲλευΘεροῦντος
1512 1953 1558 1979 καὶ
1574 1953 1653 1979 αὑτὸν
1672 1953 1742 1988 μετὰ
1760 1954 1830 1980 πάν-

1045 2007 1107 2025 των.
1135 1998 1167 2024 Εἰ
1179 1997 1207 2024 δὲ
1221 1999 1294 2024 πᾶσα
1307 1998 1355 2033 μὲν
1369 1999 1385 2033 ἡ
1400 1999 1488 2030 κτίσις
1502 1999 1659 2031 συστενάζει
1675 1999 1834 2036 ἐλευθερίας

1045 2044 1124 2080 χάριν
1139 2044 1188 2079 τῆς
1203 2043 1256 2070 ἀπὸ
1278 2043 1328 2078 τῆς
1347 2043 1448 2079 φθορᾶς
1469 2044 1517 2080 τῆς
1538 2045 1675 2076 δουλείας,
1690 2046 1704 2071 ὁ
1726 2045 1755 2071 δὲ
1772 2045 1836 2076 Υἱὸς

1045 2090 1095 2116 οὐκ
1110 2089 1167 2115 ἐστι
1181 2089 1234 2115 τῶν
1251 2089 1431 2121 στεναζόντων
1442 2110 1449 2121 ,
1466 2090 1526 2117 οὐδὲ
1539 2091 1593 2117 τῶν
1608 2090 1742 2126 δεομένων
1758 2091 1835 2117 ἐλευα

1047 2136 1154 2172 θερίας,
1169 2135 1226 2162 ἀλλ’
1243 2135 1323 2167 αὑτός
1343 2136 1415 2161 ἐστιν
1427 2137 1441 2162 ό
1454 2136 1580 2163 υίοποιῶν
1597 2136 1651 2172 (42)
1664 2137 1711 2163 καὶ
1725 2137 1835 2163 ἐλευθε-

1047 2179 1101 2216 ρῶν
1121 2180 1155 2207 τὰ
1173 2180 1279 2211 πάντα,
1302 2180 1388 2214 λέγων
1405 2182 1463 2212 τοῖς
1485 2180 1544 2207 τότε
1575 2181 1729 2213 Ἰουδαίοις·
1757 2181 1783 2207 Ὀ
1800 2181 1836 2208 δὲ

243 2249 265 2265 ’⁸
280 2248 352 2276 Psal.
367 2255 454 2280 xxxu,
468 2247 495 2274 4.
534 2247 556 2263 ⁵³
568 2247 641 2274 Psal.
655 2255 711 2280 cm,
722 2247 767 2273 ει.
806 2248 828 2263 ⁸ο
840 2247 922 2274 Hebr.
941 2256 978 2279 ir,

1063 2247 1106 2273 t3.
1146 2247 1167 2262 ⁸¹
1185 2245 1264 2273 Rom.
1281 2253 1342 2278 vm,
1357 2246 1402 2279 2t,
1414 2246 1459 2274 22.

243 2329 271 2361 (ὅ
278 2327 299 2361 ι)
314 2327 429 2371 Segpor.
451 2327 591 2371 Angli‘ca'n.
613 2332 646 2371 ‘et
662 2325 735 2371 [felci
750 2326 776 2355 4.
786 2327 833 2371 Γοὺ
849 2325 902 2362 γὰρ
909 2326 991 2371 ιείρήῑ

1048 2324 1285 2371 κτίσιν-ὀνομάζει..
1295 2324 1381 2371 Paulo
1392 2325 1548 2371 post,.Feic.
1570 2326 1587 2353 2
1602 2331 1629 2354 et
1645 2327 1735 2371 editio
1751 2327 1834 2371 (Σρωί

208 2359 296 2389 κασινᾷ
313 2359 467 2389 Goblerian.
482 2359 508 2388 et
524 2362 594 2388 Felc.
611 2362 637 2394 1,
652 2361 681 2388 οὑ
699 2360 754 2397 γὰρ
768 2359 892 2388 εῖπασίνζ
902 2359 954 2388 Alii
964 2359 991 2387 et

1048 2361 1114 2397 mel._
1135 2359 1211 2392 ὄντες
1234 2359 1282 2387 τοῦ
1306 2359 1400 2395 παρά(
1423 2359 1519 2388 (lateri
1548 2369 1615 2390 mss.
1645 2361 1722 2393 ὖντος
1748 2363 1833 2389 αὐτοῦ

207 2398 272 2424 editi
289 2402 435 2431 utrumque
449 2398 585 2424 omittunt.

243 2433 298 2466 (3'5)
315 2433 368 2459 Καὶ
385 2430 618 2467 τξροσκυνούμενος
643 2431 718 2459 deest
734 2431 761 2458 in
773 2430 856 2459 Basil.
880 2430 989 2458 Gobler.

206 2473 233 2495 et
248 2467 403 2494 Frlckman.
420 2467 443 2493 t.
789 2483 792 2486 ι
875 2479 877 2481 ι

243 2503 298 2538 (ὖϋ)
319 2503 429 2536 Segm-r.
447 2502 511 2533 llcg.
522 2506 547 2529 et
556 2501 629 2538 Felc.
644 2501 785 2538 ξεῴίυῃι,
801 2501 830 2527 ὲν
855 2500 990 2538 Ψαλμοῖς,

207 2535 280 2575 quod
290 2535 318 2575 in
332 2535 394 2564 aliis
408 2542 434 2563 et
449 2538 529 2575 editis
543 2537 636 2575 _d_eest._
654 2535 721 2575 Ibid.
736 2535 852 2575 ξοδ-αρτ.
872 2535 986 2575 _quier.

206 2570 278 2600 li‘elc.
300 2573 312 2598 1
332 2578 358 2599 et
373 2574 400 2604 4,
421 2572 490 2607 μετὰ
507 2572 592 2607 καλῆς
606 2571 665 2607 τῆς.
682 2570 765 2598 Basil.
780 2570 845 2598 ibid.
867 2571 881 2596 6
904 2570 988 2604 Λόγος

206 2607 446 2647 δῖἓῖξκὲείουε.-
525 2642 563 2647 ..
606 2641 630 2647 -.
683 2640 727 2647 η.
779 2640 786 2647 .
861 2639 913 2647 ..
959 2639 970 2647 .

243 2643 298 2677 (57)
314 2639 386 2669 Félc.
399 2642 415 2668 5
431 2642 463 2669 ἄν
475 2642 586 2669 omittit.
606 2641 668 2670 Mox
682 2640 755 2669 Felc.
772 2640 799 2673 4,
826 2639 873 2667 καὶ
888 2640 938 2666 οὐκ
957 2639 990 2666 ἂν

205 2677 243 2703 διέ
248 2686 290 2704 στί
294 2678 365 2705 λλεν.

243 2713 299 2747 (58)
325 2713 437 2747 Seguer.
465 2718 490 2739 et
517 2712 589 2739 Fele.
615 2712 649 2745 4,
685 2711 776 2747 μέχρι.
806 2708 905 2747 ljasil._
929 2710 994 2747 ibid.

207 2741 308 2781 μελῶν.
323 2741 407 2774 Paulo
420 2752 491 2781 post,
510 2741 668 2781 Seguerian.
684 2741 792 2774 Cdiiler.
809 2745 881 2773 Felc.
896 2745 907 2771 1
924 2750 950 2772 et
961 2745 989 2777 4,

204 2783 334 2818 omittunt
347 2783 394 2809 καὶ
410 2783 517 2809 ἐννοιῶν
534 2782 655 2818 καρδίας.

239 2817 296 2854 (3‘3)
318 2818 428 2853 Seguer.
456 2816 660 2845 GoblerXFelc.
683 2818 696 2845 1
723 2822 750 2845 et
773 2818 800 2852 ι,
818 2817 861 2852 ,τὰ
888 2816 989 2852 γενητὰ

1043 2395 1128 2422 παοά.

1079 2404 1259 2471 (gitlSeguer:
1280 2429 1353 2471 [ich
1379 2430 1487 2471 Anglic.
1517 2430 1733 2471 G_ob_ier._.Fetc._
1761 2432 1788 2471 ᾗ,
1807 2434 1832 2471 »ξ

1042 2470 1069 2492 et
1083 2464 1110 2498 ιι,
1124 2464 1217 2492 Πάντα
1228 2465 1266 2492 δέ.
1284 2464 1367 2497 Editi,
1381 2464 1475 2492 Πάντα
1496 2466 1551 2492 καί.
1572 2466 1655 2494 Basil.
1679 2466 1783 2494 omittit
1804 2468 1832 2493 δέ

1042 2501 1168 2537 ειλκαίζ
1184 2500 1286 2537 Ibidem
1319 2500 1393 2528 Fele.
1425 2501 1442 2527 2
1466 2505 1493 2537 et
1518 2501 1602 2537 editio
1628 2501 1767 2537 rCommel.
1793 2502 1833 2537 τῷ

1042 2535 1191 2572 ᾁρθαλμῷᾷ
1200 2535 1252 2572 Alii
1269 2543 1350 2572 inss._
1371 2535 1606 2572 τοῐςνόφίξαλμοῐς.
1626 2536 1686 2563 Mox
1718 2535 1833 2572 Seguer.

1043 2568 1252 2598 Gobler.'Felc.'
1264 2571 1276 2597 1
1287 2575 1324 2606 _et
1338 2570 1364 2603 At,
1382 2568 1547 2597 αὐτὸνέῐναὶ
1567 2571 1706 2606 σημαίνει.
1726 2568 1834 2599 ιιιέιιὶὶε

1043 2610 1071 2633 et
1086 2605 1167 2633 editis
1185 2606 1261 2633 deest
1273 2603 1353 2632 εἶναι.

1084 2640 1140 2680 (tt)
1239 2641 1361 2680 .Seguer..
1384 2639 1449 2675 Reg.
1476 2640 1584 2668 Gobler.
1608 2647 1634 2669 et
1663 2641 1736 2669 Felc.
1755 2641 1834 2668 LAt

1048 2674 1113 2702 editi
1129 2674 1157 2703 et
1170 2676 1214 2702 alii
1226 2674 1295 2702 εἶναι
1308 2674 1446 2702 omittunt.

1083 2710 1139 2746 (42)
1165 2710 1277 2746 Seguer.
1301 2712 1373 2737 ἐστιν
1387 2711 1401 2737 6
1419 2710 1558 2737 υἱοποιῶν.
1580 2711 1675 2738 Czeteri
1697 2717 1724 2738 et
1752 2712 1831 2741 editi.

1048 2745 1122 2772 ἐστιν
1139 2745 1275 2772 υἱοποιῶν.
1297 2746 1377 2772 Basil.
1392 2746 1457 2772 ibid.
1485 2745 1574 2780 δῆλον,
1592 2747 1629 2778 ὠς
1654 2747 1736 2779 αὑτός
1759 2747 1833 2773 ἐστιν

1047 2781 1182 2808 υἱοποιῶν.
1201 2780 1260 2808 Mox
1276 2780 1435 2816 Seguerian.
1458 2781 1472 2807 ὁ
1486 2780 1586 2813 δοῦλος.
