3840 6220
227 429 334 484 5θὸ

1312 430 1567 486 ORATlO
1605 432 1639 486 ll
1680 431 1960 487 CONTRA
1997 430 2312 488 ARIANOS.

3360 430 3464 485 5C6

225 543 340 598 ἀλλ’
370 543 499 596 ὅταν
533 541 595 606 ἐξ
622 541 780 613 ὅρους
813 540 1105 613 μετενεχθῇ
1133 541 1300 606 λίθος,
1332 545 1424 596 καὶ
1451 545 1528 606 εἰς
1551 545 1610 596 τὸ
1638 543 1796 614 βάθος

1905 545 2244 600 occasionem
2273 542 2612 613 impudenter
2633 543 2968 614 arriperent;
3000 544 3092 602 sed
3117 543 3253 600 dixit
3279 563 3292 600 :
3319 544 3466 599 Fun-

225 636 325 704 τῆς
344 634 451 703 γῆς
471 632 761 703 κατατεθῇ.
783 633 894 685 Καὶ
915 632 1019 695 ἕως
1043 633 1140 702 μὲν
1164 634 1222 685 ὲν
1244 631 1319 702 τῷ
1334 632 1450 703 ὄρει
1470 631 1613 696 λίθος
1635 634 1804 697 ἐστὶν,

222 727 374 778 οὔπω
403 724 826 795 τεθεμελίωται·
863 725 1086 778 ἐπειδὰν
1112 725 1169 778 δὲ
1191 725 1224 796 ἡ
1249 725 1407 795 χρεία
1429 726 1654 795 ἀπαιτῇ,
1712 727 1807 779 καὶ

225 816 524 888 μετενεχθῇ
559 817 700 887 (67),
731 818 825 870 κα)¹
854 815 1213 888 περιϐάληται
1241 817 1300 870 τὸ
1345 816 1506 887 βάθος
1533 817 1635 886 τῆς
1667 817 1768 888 γῆς
1787 833 1801 849 ⁶

219 907 343 959 τότε
369 906 558 960 λοιπὸν
577 948 592 972 ,
633 909 681 960 εἰ
710 906 863 960 λάϐοι
893 907 1076 979 φωνὴν
1105 908 1133 960 6
1164 906 1310 970 λίθος
1329 949 1345 973 ,
1383 907 1527 961 εἴποι
1559 909 1622 962 ἄν
1642 925 1655 938 ·
1689 907 1805 963 Νῦν

223 996 553 1068 ἐθεμελίωσὲ
574 1015 659 1068 με,
674 997 782 1067 (68)
799 995 900 1064 δ’ἐξ
918 998 1074 1069 ὅρους
1085 991 1186 1052 ὧδε
1201 997 1470 1068 μεταθείς.
1487 998 1692 1052 Οὐκοῦν
1707 999 1805 1069 οὐχ

222 1090 252 1140 6
274 1087 483 1159 Κύριος
511 1089 606 1140 καὶ
636 1089 725 1141 ὅτε
754 1087 1174 1157 τεθεμελίωται,
1192 1089 1364 1159 ἀρχὴν
1392 1089 1502 1160 ἔχει
1534 1088 1627 1142 τοῦ
1667 1087 1804 1143 εἶναι

224 1179 243 1248 (
257 1175 325 1250 ἦν
349 1179 463 1249 γὰρ
486 1179 579 1232 καὶ
607 1178 712 1250 πρὸ
739 1179 929 1232 τούτου
959 1179 1148 1249 Λόγος)
1165 1197 1178 1210 ·
1210 1180 1323 1233 ἀλλ’
1348 1181 1437 1233 ὅτε
1456 1182 1517 1234 τὸ
1539 1181 1802 1253 ἡμέτερον

223 1269 514 1322 ἐνεδύσατο
540 1267 720 1339 σῶμα,
756 1269 892 1340 ὅπερ
913 1270 980 1323 ὲκ
1006 1269 1228 1342 Μαρίας
1250 1270 1454 1340 τμηθὲν
1480 1270 1661 1337 ἔλαϐε,
1681 1271 1801 1325 τότε

222 1361 410 1431 φησὶν,
431 1359 546 1430 (69)
577 1358 964 1428 Ἐθεμιελίωσέ
987 1376 1094 1429 με’
1130 1360 1241 1413 ἴσον
1269 1360 1346 1431 τῷ
1373 1361 1546 1413 εἰπεῖν
1566 1378 1579 1391 ·
1629 1361 1802 1430 Λόγον

219 1450 352 1503 ὅντα
379 1467 447 1521 με
474 1448 766 1520 περιέϐαλε
796 1450 969 1521 γηΐνῳ
994 1449 1227 1520 σώματι.
1260 1449 1414 1504 Οὕτω
1437 1451 1540 1522 γὰρ
1564 1451 1629 1504 δι’
1654 1454 1804 1524 ἡμᾶς

219 1538 596 1611 θεμελεοῦται,
626 1539 697 1592 τὰ
726 1539 884 1610 ἡμῶν
917 1538 1336 1610 ἀναδεχόμενος,
1382 1539 1471 1592 ἵνα
1495 1540 1654 1610 ἡμεῖς
1677 1579 1691 1603 ,
1725 1539 1802 1604 ὼς

221 1631 507 1702 σύσσωμοι
539 1628 1094 1702 συναρμολογούμενοι
1123 1630 1218 1684 καὶ
1243 1628 1586 1692 συνδεθέντες
1613 1631 1672 1683 ὲν
1703 1630 1801 1683 αὐ-

217 1723 614 1796 τῷ(’ῖο)διάτῆς
626 1721 1049 1794 ὁμοιώσεωςτῆς
1069 1720 1289 1792 σαρκὸς,
1307 1721 1387 1784 εἰς
1405 1720 1574 1792 ἄνδρα
1593 1720 1800 1776 τέλειον

216 1816 677 1886 καταντήσαντες,
710 1811 968 1866 ἀθάνατοι
999 1812 1094 1864 κα).
1120 1811 1386 1884 ἄφθαρτοι
1408 1811 1795 1883 διαμείνωμεν.

1909 637 2052 690 davit
2086 652 2185 690 me.
2218 634 2389 688 Porro
2439 635 2582 705 quod
2639 635 2926 702 fundatur,
2987 636 3256 706 lapidibus
3305 652 3468 707 super

1907 727 2084 797 ipsum
2117 725 2372 796 projectis
2400 723 2659 781 fundatur
2677 768 2691 790 ,
2727 727 2873 798 quod
2897 727 3118 799 quidem
3142 742 3247 781 non
3273 727 3468 798 quovis

1906 815 2069 870 modo
2101 814 2378 884 perficitur
2398 855 2412 877 ,
2439 815 2533 869 sed
2557 831 2678 869 cum
2712 815 2846 885 lapis
2873 831 2903 870 e
2929 825 3116 870 monte
3149 816 3467 884 translatus,

1906 905 1962 960 in
2003 905 2128 958 imis
2159 905 2315 959 terris
2346 904 2662 959 collocatur.
2691 903 2825 959 Nam
2851 905 3091 975 quandiu
3122 906 3261 976 lapis
3303 915 3387 962 est
3410 907 3469 962 in

1905 1005 2120 1059 monte,
2158 996 2400 1050 nondum
2433 997 2642 1066 positus
2661 1005 2744 1051 est
2775 999 2829 1051 in
2859 996 3294 1052 fundamentum.
3329 998 3468 1053 Cum

1905 1103 2034 1142 vero
2063 1088 2313 1158 exigente
2354 1102 2554 1152 causa,
2605 1090 2900 1144 translatus
2946 1087 3145 1154 fuerit,
3199 1099 3254 1146 et
3311 1099 3472 1145 terra;

1903 1178 2170 1248 profundo
2193 1187 2508 1248 coopertus,
2545 1187 2673 1234 tunc
2705 1181 2750 1234 si
2783 1196 2888 1234 vox
2906 1181 3069 1250 lapidi
3092 1180 3331 1246 daretur,
3353 1181 3471 1236 hac

1905 1271 2091 1338 utique
2119 1278 2303 1338 posset
2326 1268 2540 1323 dicere:
2570 1269 2672 1335 Qui
2705 1285 2792 1324 me
2825 1271 2932 1326 huc
2962 1270 3282 1341 ltranstulit,
3324 1285 3472 1326 nunc

1903 1357 2150 1412 fundavit
2173 1372 2278 1410 me.
2313 1357 2480 1427 Igitur
2503 1357 2619 1426 ipse
2643 1373 2863 1429 quoque
2891 1358 3183 1425 Dominus,
3212 1374 3321 1414 non
3341 1368 3473 1415 tunc

1901 1463 2022 1503 esse
2067 1448 2262 1516 coepit,
2311 1463 2434 1502 cum
2491 1445 2749 1504 fundatus
2808 1458 2892 1504 est
2941 1448 3250 1520 (siquidem
3315 1457 3473 1503 antea

1899 1548 2017 1594 erat
2048 1537 2349 1606 Verbum),
2386 1539 2478 1595 sed
2508 1549 2798 1610 postquam
2831 1547 3082 1596 nostrum
3121 1540 3297 1596 induit
3350 1556 3473 1595 cor-

1903 1645 2004 1699 pus
2027 1669 2042 1694 ,
2071 1631 2217 1700 quod
2249 1646 2316 1685 ex
2337 1630 2507 1686 Maria
2541 1632 2819 1687 desectum
2848 1632 3090 1702 accepit,
3138 1640 3269 1688 tunc
3301 1631 3470 1696 dixit,

1904 1721 2168 1778 Fundavit
2219 1739 2299 1777 me
2330 1740 2349 1778 :
2387 1725 2529 1793 quod
2563 1725 2703 1780 idem
2745 1733 2831 1781 est
2878 1740 2944 1780 ac
2990 1725 3036 1780 si
3065 1725 3268 1780 diceret
3301 1744 3314 1778 :
3345 1724 3427 1778 Me
3454 1765 3469 1789 ,

1899 1813 1993 1882 qui
2024 1827 2145 1868 sum
2177 1813 2414 1868 Verbum
2451 1833 2465 1869 :
2498 1823 2717 1870 terreno
2760 1829 2990 1885 corpore
3046 1815 3345 1885 cooperuit.
3380 1813 3473 1868 Sic

216 1904 529 1970 enimille,
585 1903 678 1973 qui
737 1911 925 1958 nostra
985 1901 1252 1971 suscipit,
1302 1903 1476 1958 nostri
1506 1917 1673 1957 causa
1737 1902 2028 1969 fundatur,
2071 1911 2132 1958 ut
2159 1919 2298 1970 nos,
2349 1904 2442 1974 qui
2483 1905 2660 1959 simile
2706 1905 2968 1961 habemus
3014 1921 3248 1975 corpus,
3291 1904 3472 1959 carnis

219 1999 582 2056 similitudine
605 1998 660 2051 in
685 1997 779 2052 illo
825 1996 990 2066 aptati
1019 2004 1073 2052 et
1124 1995 1398 2066 colligati,
1467 1995 1524 2050 in
1579 1996 1758 2050 virum
1810 1996 2110 2066 perfectum
2142 2013 2498 2054 occurramus
2526 1998 3068 2068 °’,.immortalesque
3095 2007 3148 2053 et
3172 1994 3470 2067 incorrupti

217 2108 561 2148 maneamus.

287 2185 378 2239 75.
412 2184 486 2237 Τὸ
503 2183 581 2247 δὲ,
609 2181 732 2252 Πρὸ
750 2180 857 2236 τοῦ
877 2183 1111 2248 αἰῶνος,
1138 2182 1252 2248 καὶ,
1281 2182 1402 2252 Πρὸ
1423 2182 1529 2238 τοῦ
1549 2181 1669 2252 τὴν
1685 2181 1796 2251 γῆν

1975 2177 2064 2234 75.
2087 2175 2260 2234 Nemo
2293 2193 2425 2234 vero
2463 2178 2552 2235 his
2587 2179 2770 2234 etiam
2803 2180 3060 2250 loquendi
3115 2182 3293 2236 modis
3338 2199 3474 2239 con-

215 2279 470 2347 ποιῆσιιι
495 2316 511 2341 ,
546 2276 669 2339 καὶ,
711 2273 833 2344 Πρὸ
874 2277 981 2331 τοῦ
1010 2274 1119 2345 ὄρη
1167 2273 1562 2344 ἑδρασθῆναι,
1599 2273 1803 2345 μηδένα

214 2371 539 2441 ταραττέτω
573 2369 717 2439 (71)·
773 2370 916 2423 πάνυ
945 2367 1052 2440 γὰρ
1084 2369 1180 2421 καὶ
1202 2366 1358 2420 τοῦτο
1389 2365 1571 2428 καλῶς
1600 2365 1802 2436 συνῆψε

213 2463 294 2534 τῷ
312 2502 328 2526 ,
356 2461 745 2530 ἐθεμελίωσε,
775 2461 869 2512 καὶ
897 2457 976 2529 τῷ
994 2500 1008 2523 ,
1054 2458 1258 2515 ἔκτισε
1277 2474 1290 2488 ·
1322 2458 1481 2512 τοῦτο
1505 2457 1615 2530 γὰρ
1640 2458 1804 2512 πάλιν

214 2549 316 2619 τῆς
351 2547 495 2602 κατὰ
534 2547 714 2618 σάρκα
741 2547 1052 2619 οἰκονομίας
1099 2547 1353 2601 ἅπτεται.
1415 2547 1482 2600 Ἦ
1509 2546 1619 2618 γὰρ
1649 2544 1804 2618 παρά

214 2640 311 2692 τοῦ
343 2639 598 2711 Σωτῆρος
624 2641 704 2704 εἰς
732 2641 879 2710 ἡμᾶς
907 2639 1171 2710 γενομένη
1189 2639 1367 2711 χάρις,
1393 2640 1515 2711 ἄρτι
1545 2639 1642 2710 μὲν
1667 2640 1798 2692 ἑπε-

216 2731 364 2802 φάνη
389 2774 404 2798 ,
437 2731 513 2794 ὡς
541 2726 693 2784 εἶπεν
727 2733 756 2783 6
796 2730 1135 2794 Ἀπόστολος,
1167 2732 1261 2784 καὶ
1288 2731 1510 2801 γέγονεν
1534 2730 1802 2803 ἐπιδημή-

217 2839 413 2886 σαντος
434 2822 596 2876 αὑτοῦ
613 2840 626 2854 ·
647 2824 1047 2896 προητοίμαστο
1063 2822 1118 2875 δὲ
1138 2821 1277 2892 αὕτη
1294 2823 1387 2876 καὶ
1405 2822 1532 2893 πρὶν
1550 2820 1815 2890 γενέσθαι.

212 2919 368 2987 ἡμᾶς
388 2959 403 2982 ,
436 2916 634 2987 μᾶλλον
677 2916 734 2969 δὲ
763 2918 858 2971 καὶ
901 2917 1007 2988 πρὸ
1055 2915 1166 2986 (72)
1208 2915 1309 2985 τῆς
1355 2914 1660 2985 καταϐολῆς
1705 2912 1801 2967 τοῦ

215 3006 462 3076 κόσμου’
511 3006 665 3076 καὶὴ
724 3005 873 3058 αἰτία
923 3007 1134 3078 χρηστὴ
1186 3005 1282 3058 καὶ
1340 3003 1627 3074 θαυμαστή
1686 3001 1804 3066 πώς

212 3098 383 3150 ἐστιν.
421 3097 536 3150 Οὐκ
567 3095 773 3166 ἔπρεπε
793 3096 881 3150 τὸν
904 3096 1036 3149 Θεὸν
1061 3095 1284 3168 ὕστερον
1322 3094 1452 3166 περὶ
1473 3094 1631 3166 ἡμῶν
1683 3094 1821 3164 βου-ς

213 3186 496 3250 λεύεσθαι,
533 3187 619 3241 ἵνα
647 3187 722 3260 μὴ
753 3187 829 3251 ὡς
853 3176 1062 3256 ἀγνοῶν
1087 3186 1158 3240 τὰ
1183 3187 1306 3241 καθ’
1341 3188 1489 3258 ἡμᾶς
1518 3187 1797 3258 φαίνηται.

212 3277 433 3343 κτίζων
460 3278 638 3332 τοίνυν
675 3280 823 3351 ἡμᾶς
849 3278 936 3333 διὰ
968 3277 1060 3332 τοῦ
1106 3279 1236 3333 ἰδίου
1266 3279 1440 3348 Λόγου
1470 3280 1499 3332 6
1527 3277 1636 3332 τῶν
1666 3278 1803 3331 ὅλων

209 3369 346 3434 Θεὸς
365 3409 379 3432 ,
411 3370 507 3423 καὶ
531 3368 688 3434 εἰδὼς
727 3369 794 3424 τὰ
825 3372 857 3442 ή
868 3369 985 3441 μῶν
1016 3371 1156 3444 ὑπὲρ
1189 3372 1337 3443 ἡμᾶς
1356 3409 1372 3435 ,
1409 3369 1801 3443 προγινώσκων

210 3479 294 3526 τε,
332 3463 436 3526 ὅτι,
466 3461 620 3515 καλοὶ
646 3463 926 3532 γενόμενοι
953 3503 968 3527 ,
1005 3463 1227 3535 ὕστερον
1253 3463 1564 3536 παραϐάται
1587 3463 1686 3534 τῆς
1707 3463 1798 3516 ὲν·-

1904 2271 2152 2326 turbetur
2185 2288 2200 2326 :
2230 2272 2362 2326 Ante
2383 2287 2582 2335 avum,
2615 2279 2692 2336 et,
2735 2269 3058 2342 Priusquam
3092 2262 3286 2328 terram
3322 2276 3465 2345 face-

1901 2370 2000 2427 ret,
2054 2370 2128 2426 et,
2168 2361 2465 2417 Auteauam
2512 2371 2716 2416 montes
2762 2362 3149 2426 collocarentur
3192 2367 3259 2421 ⁷⁸.
3308 2366 3478 2423 Recte

1900 2455 2045 2509 enim
2075 2455 2178 2510 ista
2199 2455 2484 2524 conjunxit
2511 2470 2636 2510 cum
2673 2454 2886 2521 verbis,
2925 2456 3201 2524 fundavit,
3232 2467 3287 2513 et
3320 2475 3465 2513 crea-

1899 2548 1994 2600 uit.
2032 2545 2278 2618 Namque
2303 2548 2421 2603 haec
2449 2547 2569 2618 ejus
2593 2549 2893 2604 secundum
2928 2563 3147 2604 carnem
3187 2551 3473 2622 dispensa-

1907 2639 2109 2694 tionem
2139 2648 2405 2708 spectant.
2440 2638 2652 2694 Etenim
2686 2641 2858 2710 gratia
2885 2656 3006 2710 quae
3033 2641 3192 2697 nobis
3224 2658 3254 2696 a
3285 2642 3472 2699 Salva-

1903 2740 2018 2786 tore
2065 2731 2267 2787 donata
2297 2741 2418 2796 est,
2472 2733 2648 2788 modo.
2687 2733 2902 2803 quidem
2948 2735 3236 2803 apparuit,
3288 2745 3362 2797 ιιι,
3395 2738 3473 2792 ait

1899 2823 2194 2894 Apostolus
2224 2823 2294 2888 τί,
2326 2831 2628 2894 exortaque
2651 2833 2736 2879 est
2753 2833 3041 2895 postquam
3071 2825 3187 2895 ipse
3212 2827 3429 2882 advenit
3452 2845 3489 2883 :-

1900 2931 2090 2971 v-erum
2115 2926 2408 2986 antequam
2452 2933 2552 2972 nos
2580 2933 2930 2973 nasceremur
2957 2959 2974 2984 ,
3009 2919 3089 2972 vel
3123 2920 3306 2991 potius
3348 2931 3472 2976 ante

1901 3009 2094 3062 mundi
2141 3009 2587 3063 constitutionem
2637 3019 2940 3079 praeparata
2987 3009 3118 3076 fuit,
3169 3012 3472 3082 cujushazc

1907 3114 2073 3154 causa
2102 3111 2157 3155 et
2200 3111 2345 3154 recta
2382 3109 2466 3155 est
2513 3108 2566 3155 et
2604 3099 2944 3155 admiranda.
2993 3103 3172 3157 Deum
3195 3103 3263 3158 de
3312 3103 3494 3159 nobis.

1900 3193 2176 3262 posterius
2205 3193 2507 3246 deliberare
2561 3191 2784 3246 minime
2806 3192 3063 3259 decebat,
3116 3209 3184 3248 ne
3230 3209 3317 3248 res
3373 3210 3472 3248 no-

1901 3296 2046 3338 stras
2082 3283 2337 3354 ignorare
2373 3284 2670 3338 videretur.
2709 3282 2977 3350 Quocirca
3004 3300 3128 3339 cum
3153 3299 3253 3339 nos
3283 3300 3468 3338 rerum

1900 3374 2279 3428 universarum
2303 3372 2446 3430 Deus
2462 3389 2558 3444 per
2580 3374 2860 3444 proprium
2885 3373 3118 3431 Verbum
3145 3384 3388 3441 crearet,
3415 3386 3471 3432 et

1900 3477 1998 3528 ea,
2023 3477 2145 3533 quae
2181 3463 2249 3516 ad
2280 3478 2382 3517 nos
2411 3464 2716 3532 pertinent,
2751 3479 2915 3534 supra
2946 3481 3049 3520 nos
3092 3468 3459 3535 prospiceret,

208 3554 374 3626 τολῆς
397 3553 654 3625 ἐσόμεθα,
675 3555 768 3608 καὶ
793 3557 858 3608 ὲκ
877 3556 970 3609 τοῦ
991 3557 1318 3629 παραδείσου
1345 3554 1796 3627 ὲκϐλτιθησόμεθα

1905 3563 2368 3624 praenosceretque
2392 3571 2492 3610 nos
2523 3565 2808 3625 postquam
2834 3556 2964 3612 boni
2993 3555 3120 3612 facti
3146 3556 3465 3628 fuissemus,

206 3644 301 3698 διὰ
324 3645 429 3716 τὴν
456 3644 740 3717 παρακοήν
767 3646 902 3716 (75),
938 3646 1316 3718 φιλάνθρωπος
1345 3647 1440 3701 καὶ
1466 3646 1668 3716 ἀγαθὸς
1698 3646 1794 3712 ὢν,

209 3735 604 3807 προετοιμάζει
628 3737 684 3790 ὲν
712 3735 822 3807 (74)
845 3735 924 3807 τῷ
948 3737 1062 3808 ἰδίῳ
1076 3737 1344 3806 Λόγῳ,δι’
1369 3731 1430 3792 οὗ
1462 3738 1558 3791 καὶ
1583 3737 1800 3791 ἔκτισεν

207 3827 384 3896 ἡμᾶς,
417 3825 519 3898 τὴν
547 3826 800 3898 περὶτῆς
832 3828 1105 3899 σωτηρίας
1130 3828 1288 3899 ἡμῶν
1319 3827 1649 3898 οἰκονομίαν,
1685 3829 1794 3892 ἵνα,

210 3917 318 3972 κᾶν
344 3916 718 3990 ἀπατηθέντες
743 3917 896 3990 παρά
918 3916 1011 3972 τοῦ
1038 3917 1215 3987 ὄφεως
1235 3918 1580 3990 ἐκπέσωμεν,
1608 3919 1681 3991 μὴ
1711 3919 1800 3972 τὲ-

207 4008 331 4062 λεον
363 4007 750 4078 ἀπομείνωμεν
780 4007 1003 4080 νεκροὶ,
1049 4008 1167 4061 ἀλλ’
1189 4007 1406 4079 ἔχοντες
1442 4011 1500 4062 ὲν
1527 4007 1605 4079 τῷ
1638 4008 1797 4080 Λόγῳ

206 4103 309 4174 τὴν
334 4095 1030 4174 προητοιμασμένηνήμῖν
1075 4101 1344 4173 λύτρωσίν
1391 4101 1568 4155 τεκαὶ
1618 4118 1795 4173 σωτη-

210 4196 364 4266 ρίαν,
400 4193 562 4247 πάλιν
587 4195 934 4260 ἀναστάντες,
970 4194 1226 4249 ἀθάνατοι
1250 4194 1639 4264 διαμείνωμεν,
1668 4193 1795 4247 ὅταν

206 4287 376 4350 αὐτὸς
407 4287 547 4358 ὑπὲρ
571 4287 730 4359 ἡμῶν
761 4287 914 4361 ἀρχὴ⁵
933 4287 1040 4340 τῶν
1062 4286 1197 4339 ὁδῶν
1229 4285 1444 4358 κτισθῇ,
1475 4286 1568 4338 καὶ
1592 4288 1620 4339 ὁ
1647 4302 1794 4356 πρω-

207 4380 432 4442 τότοκος
482 4378 583 4449 τῆς
630 4379 860 4443 κτίσεως
893 4379 1116 4450 γένηται
1153 4377 1499 4450 πρωτότοκος
1527 4376 1792 4446 ἀδελφῶν,

207 4471 305 4523 καὶ
341 4469 506 4532 αὐτὸς
537 4469 760 4541 ἀπαρχὴ
782 4469 902 4523 ’τῶν
935 4469 1143 4542 νεκρῶν
1177 4471 1404 4540 ἀναστῇ.
1439 4467 1610 4522 Τοῦτο
1639 4466 1787 4521 Παῦ-

205 4562 298 4625 λος
325 4563 358 4614 6
396 4561 664 4633 μακάριος
689 4561 986 4625 ἀπόστολος
1028 4562 1141 4633 (75)
1171 4560 1399 4632 γράφων
1424 4560 1697 4614 διδάσκει·
1729 4559 1789 4613 τὸ

282 4679 326 4711 ⁸⁸
355 4673 554 4746 Ephes.
587 4693 662 4743 ιν,
695 4676 783 4731 15.

278 4795 395 4862 (67)
433 4793 752 4863 Seguerian.
783 4791 983 4863 omittit
1006 4792 1099 4845 καὶ
1113 4790 1437 4863 μετενεχθῇ.

277 4857 396 4936 (68)
431 4857 533 4936 Sic
557 4862 1060 4936 Seguerian._.(_}obl.
1111 4857 1258 4936 felc.
1297 4857 1414 4936 {et
1441 4861 1495 4914 4.
1524 4857 1580 4936 In
1622 4859 1784 4936 editis

204 4929 340 4990 vero
365 4929 420 4990 et
447 4929 818 5002 aliisé’deest.
851 4933 1052 5002 Ibidem
1106 4931 1492 5002 Seguerianus,
1535 4929 1693 5002 G_o_bl.
1729 4940 1784 4984 et

202 5007 353 5062 Felc.
383 5006 434 5070 1,
472 5005 587 5057 Οὐκ
613 5000 707 5059 οὖν
743 5003 837 5058 καὶ
861 5005 888 5057 6
907 5001 1109 5074 Κύριος
1137 4999 1232 5072 οὔχ
1265 5004 1352 5056 ὅτε
1373 4999 1777 5074 τεθεμελίωται.

204 5078 354 5132 Felc.
406 5069 462 5140 4,
517 5075 714 5128 οὐκοῦν
763 5069 1064 5146 ό-Κιξριὸς.Δ
1098 5069 1323 5146 οὐχ’δτι
1371 5069 1776 5146 τεθεμελίωται.

202 5148 401 5202 Crateri
448 5153 513 5200 et.
553 5146 705 5212 editi,
756 5140 962 5198 Οὐκοῦν
1009 5142 1133 5197 οὔτε
1161 5140 1207 5197 ’ὃ
1242 5142 1445 5216 Κύριος
1498 5141 1586 5194 ὅτε
1629 5140 1790 5210 θεμετ·

201 5235 435 5272 Μουται.

274 5286 506 5359 (69);Sic
530 5284 847 5359 seguerian.
893 5283 1022 5354 Reg.
1064 5283 1228 5340 Basil.
1257 5283 1540 5359 Anglican.
1563 5281 1786 5359 __(;oble-

201 5351 350 5413 rian.
373 5351 534 5412 'Felc.
563 5351 629 5420 1ξ
643 5356 677 5410 4
699 5368 753 5410 et
777 5356 831 5418 5,
857 5363 913 5409 et
961 5351 1084 5427 mox
1111 5425 1120 5427 4
1144 5353 1454 5427 περιέϐαλε.
1513 5351 1618 5406 Alii
1658 5365 1804 5427 vero.

200 5429 470 5553 ιέιιλῗιιὶιὶ,
516 5427 651 5483 τότε,
703 5427 891 5481 λοιπὸν
946 5421 1274 5496 ὲθεμελίωὰέ
1328 5442 1417 5496 με,
1463 5433 1540 5488 et,
1609 5421 1792 5494 nepte.-

343 5517 392 5553 ε.

309 5501 392 5553 λε.

274 5570 395 5638 (70)

201 5641 374 5695 αὐτῶ.
407 5640 465 5693 ln
498 5639 621 5693 aliis
650 5647 706 5692 et
725 5639 886 5694 editis
912 5641 970 5691 ὲν
997 5639 1168 5692 deest.

266 5697 989 5788 (7'l)‘_Anglicanns,53663::
1035 5707 1204 5788 μηδὲν
1237 5706 1569 5788 ταραττέτω.
1610 5704 1790 5788 Paulo

203 5775 702 5850 post.'Seguerian.
731 5775 988 5834 t-t'F'clt-k.
1037 5775 1216 5842 1,7741
1252 5775 1328 5848 τῷ
1365 5778 1565 5832 ἔκτισε.
1596 5775 1699 5830 Alii
1731 5784 1786 5829 et

200 5854 354 5918 editi,
392 5855 486 5905 καὶ
512 5850 712 5904 ἔκτισε.

454 5567 772 5637 Seguerian.
819 5565 1133 5622 Goblerian.
1196 5565 1432 5621 Felckm.
1486 5565 1511 5618 1
1575 5574 1628 5619 et
1657 5565 1710 5629 4,
1731 5565 1797 5616 ἐν⁴

1897 3643 2069 3713 legem
2105 3643 2434 3710 violaturos,
2466 3653 2629 3715 atque
2655 3644 2859 3701 idcirco
2907 3659 2940 3700 e
2993 3645 3249 3715 paradiso
3280 3651 3469 3719 expel-

1897 3734 2089 3789 lendos
2120 3752 2134 3788 :
2169 3734 2259 3790 ille
2294 3736 2387 3805 qui
2433 3735 2805 3805 perhumanus
2847 3744 2903 3790 et
2943 3735 3210 3808 benignus
3245 3747 3356 3807 est,
3411 3741 3467 3795 in

1897 3825 2120 3897 proprio
2157 3824 2368 3891 Verbo,
2401 3843 2499 3896 per
2529 3828 2674 3898 quod
2702 3842 2804 3884 nos
2833 3827 3056 3895 creavit,
3079 3827 3244 3899 430
3265 3839 3468 3886 nostrae

1899 3917 2094 3974 salutis
2141 3918 2604 3988 dispensationem
2664 3919 3018 3990 praeparavit,
3056 3927 3118 3974 ut
3177 3921 3463 3991 videlicet,

1900 4009 2115 4065 etiamsi
2143 4010 2484 4080 contingeret
2504 4019 2564 4064 ut
2589 4025 2620 4065 a
2650 4011 2893 4066 daemone
2921 4010 3282 4066 circumventi
3308 4013 3469 4068 cade-

1899 4116 2122 4167 rcmus,
2174 4118 2243 4156 ne
2291 4101 2492 4157 mortui
2533 4103 2748 4172 penitus
2798 4116 3240 4170 remaneremus,
3280 4104 3374 4160 sed
3409 4115 3469 4160 ut

1896 4192 2323 4262 redemptionem
2354 4199 2409 4247 et
2431 4193 2660 4249 salutem
2705 4192 2760 4246 in
2797 4189 2978 4247 Verbo
3005 4194 3165 4250 nobis
3203 4211 3468 4266 praepara-

1897 4292 2006 4337 tam
2043 4283 2338 4352 habentes,
2363 4286 2808 4341 revivisceremus
2846 4292 2900 4338 et
2941 4272 3277 4343 immortales
3323 4304 3467 4344 essc-

1900 4389 2052 4440 tnus,
2090 4383 2378 4445 postquam
2406 4375 2524 4448 ipse
2553 4387 2650 4444 pro
2684 4374 2845 4429 nobis
2883 4375 3216 4447 principium
3250 4379 3462 4433 viarum

1894 4475 1978 4520 est
2010 4475 2260 4531 creatus,
2287 4475 2343 4521 et
2366 4467 2459 4536 qui
2486 4474 2747 4521 creatura:
2771 4465 3168 4538 primogenitus
3214 4479 3325 4532 est,
3357 4469 3468 4523 fra-

1897 4568 2038 4612 trum
2064 4557 2240 4614 factus
2268 4557 2372 4612 fuit
2401 4556 2825 4629 primogenitus,
2847 4565 2903 4612 et
2932 4557 3079 4628 ipse,
3121 4570 3465 4616 mortuorum

888 4675 938 4708 ⁷⁸
965 4674 1126 4730 Prov.
1160 4692 1279 4743 v-m,
1313 4676 1503 4732 23-25.
1579 4675 1748 4730 “Tit.
1783 4689 1844 4743 ll,
1883 4673 1967 4728 11.

1981 4783 2070 4849 72)
2114 4780 2271 4851 Κείς..
2299 4778 2493 4851 μᾶλλον
2543 4776 2620 4851 δε-
2651 4777 2778 4851 πρό,
2824 4785 2929 4832 etc.
2972 4779 3167 4851 Editio;
3196 4779 3460 4836 Commcl.

1894 4847 2093 4926 μᾶλλον
2121 4847 2220 4926 καί
2244 4847 2391 4926 πρόι
2423 4855 2527 4901 etc.
2567 4847 2773 4926 μεθίει-ἰ
2804 4863 2972 4926 “mss.
3002 4918 3014 4926 _
3045 4847 3257 4926 μᾶλλον.
3279 4851 3463 4926 δὲ-καὶ

1892 4916 2019 5001 τρὸ,
2049 4916 2310 5001 picatum.
2358 4917 2745 5001 ξυνῆψε,
2799 4916 3457 5001 (ἓοιξὶεδνίίίιιιιεν,ῖοκτιίπυ

1891 4997 1914 5049 1
1939 4987 2011 5049 ἐι
2035 4994 2088 5060 4,
2113 4991 2222 5065 πρὸ
2251 4987 2572 5059 καταϐολῆς.
2601 4987 2742 5043 Editi
2789 4997 2841 5042 et
2869 4989 2983 5053 alii,
3036 4989 3142 5060 πρὸ
3163 4989 3264 5059 τῆς
3296 5008 3463 5046 κατα-

1887 5065 2068 5122 ϐολῆς.

2107 5133 2191 5188 Sic
2223 5128 3014 5207 _S_eguerianns,.GAolilerianus,
3065 5127 3210 5207 Felc.
3252 5133 3274 5187 l
3331 5134 3456 5199 et4.

1895 5191 2074 5262 At\alii
2102 5211 2152 5258 et
2182 5191 2348 5254 editio
2376 5191 2638 5253 Commel.
2663 5198 2750 5252 διὰ
2781 5199 2886 5271 τῆς
2913 5202 3217 5271 παρακοῆς.

1971 5276 2081 5342 (74)
2125 5271 2349 5344 Fclc_.._5
2397 5271 2454 5344 εν
2502 5271 2748 5344 omittit:
2780 5268 2902 5344 Mos
2956 5268 3277 5344 Seguerian.
3325 5273 3460 5344 Reg.

1890 5339 2199 5417 Gobleriait.
2229 5341 2419 5417 Fech
2450 5347 2510 5417 et.
2532 5339 2609 5417 4,Δ
2633 5340 2930 5417 ᾐμᾶς,,,τῂν
2982 5340 3111 5417 περὶ
3135 5343 3233 5414 τῆς
3282 5339 3462 5417 σωτῆ,

1895 5419 2010 5489 ρίας
2042 5413 2199 5493 mth
2223 5410 2551 5493 οἰκρνομίαν.
2583 5405 2691 5463 Alii
2715 5420 2769 5493 et
2797 5405 2960 5493 edi_ii,_
2996 5405 3144 5493 ήμές
3189 5405 3330 5493 ’περὶ
3361 5405 3463 5486 τῆς

1894 5480 2262 5556 σωτηρίώδους
2297 5480 2456 5552 ἡμῶν
2485 5481 2815 5551 οἰκονομίας.
2848 5480 3050 5535 Ibidem
3070 5480 3460 5554 Seguerianus,

1894 5555 2201 5602 Galilerian-
2237 5551 2474 5602 Felckm.
2523 5552 2550 5602 1
2599 5561 2653 5602 et
2687 5551 2741 5602 4.
2773 5549 3145 5602 ἀπατηθέντες
3167 5556 3321 5602 amori
3365 5557 3460 5602 τοῦ

1893 5551 2201 5613 Gobl'érian.
2236 5551 2474 5607 Felem.
2523 5552 2550 5605 1
2599 5561 2653 5605 et
2687 5551 2741 5617 4,
2773 5551 3321 5628 ἀπατηθέντεξπαρὰ
3365 5557 3460 5610 τοῦ

1892 5629 2083 5697 ὄφεως.
2113 5623 2266 5697 _Edi_ti
2303 5632 2360 5697 et
2382 5623 2494 5687 alii,
2526 5621 2990 5697 dfaquéV-regex
3023 5623 3116 5677 τοῦ
3156 5627 3350 5697 ὄφεως,

1961 5696 2075 5765 (75)
2092 5694 2410 5766 _Gobl_er_ian.
2461 5702 2514 5747 et
2545 5691 2690 5766 Felc.
2729 5694 2754 5744 1
2814 5694 3076 5766 omittunt
3121 5698 3151 5748 6
3193 5691 3462 5766 μακάριος

1887 5748 2198 5841 ἀπόστολος.
2229 5763 2397 5841 Iidem
2427 5779 2599 5841 τηρεε,
2629 5762 2997 5841 διερμηνεύων
3024 5766 3156 5834 ergo).
3189 5748 3442 5841 Ἦμοθέιξξ

1887 5840 2016 5905 Reg.
2047 5835 2177 5906 φησὶ
2219 5834 2351 5904 πρὸς
2394 5833 2483 5885 τὸν
2517 5832 2794 5903 Τιμόθεον.
