3840 6220
352 355 459 414 30⁵1

978 349 1036 408 S.
1067 347 1441 405 ATHANASII
1480 348 1632 404 OPP.
1671 349 1854 405 PARS
1894 352 1937 406 1.
1975 381 2045 395 -
2083 350 2453 407 [IISTORICA
2490 350 2577 407 ET
2616 350 3030 408 DOGMATICA.

3481 357 3589 415 308

322 466 643 541 aprimitizc,
666 464 882 522 revixit.
913 460 1043 517 Hac
1066 461 1183 532 ipsa
1214 468 1299 516 est
1326 458 1471 515 beati
1503 460 1735 530 apostoli
1763 458 1903 516 Pauli

2019 459 2128 533 γὰρ
2159 461 2217 515 ἐν
2242 462 2362 524 ταῖς
2389 460 2737 532 Παροιμίαις,
2767 458 2889 529 Πρὸ
2916 460 3023 516 τοῦ
3051 460 3289 529 αἰῶνος,
3318 460 3433 530 καὶ,
3464 467 3590 536 Πρὸ

353 559 633 624 doctrina,
666 555 762 628 qui
792 555 884 610 illa
913 551 1331 607 Proverbiorum
1360 549 1557 618 verba,
1579 559 1699 603 ante
1726 565 1915 615 meum,

351 661 430 720 et,
461 661 739 721 antequam
778 656 917 702 terra
946 646 1120 715 ﬁeret,
1152 644 1227 698 ita
1265 641 1508 714 Epistola
1550 643 1619 698 ad
1646 641 1918 699 Timothe-

352 759 444 799 um
479 745 861 812 interpretatur
883 738 968 792 7':
1010 735 1292 792 Collabora
1322 734 1605 806 Evangelia
1630 735 1917 789 secundum

349 833 450 888 Dei
476 835 751 898 rirtutem,
781 829 872 901 qui
905 830 1075 885 salvos
1128 845 1219 883 nos
1265 828 1393 898 fecit
1419 839 1468 883 et
1526 829 1723 885 vocavit
1764 844 1917 882 voca-

351 926 489 979 tione
521 933 737 981 sancta.
774 939 876 976 non
908 921 1194 977 secundum
1235 937 1393 990 opera
1426 931 1642 987 nostra,
1690 923 1781 975 sed
1833 938 1916 974 se-

347 1015 576 1069 cundum
599 1015 873 1085 proprium
904 1013 1229 1083 propositum
1248 1024 1296 1067 et
1325 1015 1553 1082 gratiam
1574 1054 1589 1078 ,
1624 1029 1741 1084 qua:
1766 1012 1912 1066 nobis

346 1090 476 1161 data
502 1107 662 1161 estin
721 1105 931 1160 Christo
968 1103 1095 1159 Iesu
1144 1113 1263 1157 ante
1309 1115 1508 1158 a'terna
1556 1114 1819 1172 tempora,
1862 1111 1914 1157 et

346 1214 484 1251 nunc
509 1199 756 1267 apparuit
784 1214 878 1268 per
923 1198 1200 1251 adventum
1245 1192 1537 1250 Saluatoris
1577 1197 1745 1250 nostri
1783 1194 1913 1250 Iesu

344 1288 573 1356 Christi,
604 1289 695 1359 qui
730 1299 948 1342 mortem
977 1289 1187 1359 quidem
1213 1289 1513 1349 destruxit,
1542 1288 1706 1341 vitam
1734 1296 1909 1339 autem

343 1377 691 1431 illuminavit.
751 1376 817 1431 Et
861 1378 926 1432 ad
979 1376 1243 1447 Ephesios
1276 1396 1288 1431 :
1320 1376 1631 1431 Benedictus
1678 1374 1819 1429 Deus
1858 1384 1908 1429 et

344 1467 512 1523 Pater
545 1470 755 1523 Domini
776 1470 944 1524 nostri
969 1468 1098 1523 Iesu
1116 1469 1338 1533 Christi,
1361 1472 1450 1540 qui
1473 1469 1734 1523 benedixit
1758 1469 1908 1522 nobis

343 1560 400 1613 in
427 1560 569 1613 omni
631 1559 985 1615 benedictione
1034 1561 1337 1630 spirituali,
1394 1562 1451 1614 in
1494 1558 1820 1624 caelestibus,
1850 1560 1908 1612 in

222 1684 235 1695 -
343 1650 557 1706 Christo
591 1649 756 1720 Jesu,
795 1655 933 1709 sicut
971 1653 1125 1725 elegit
1175 1670 1268 1707 nos
1315 1655 1371 1707 in
1409 1654 1523 1723 ipso
1565 1663 1687 1706 ante
1723 1650 1908 1705 mundi

2018 549 2126 605 τοῦ
2146 550 2262 619 τὴν
2278 550 2394 621 γῆν
2414 551 2710 621 γενέσθαι,
2732 550 3120 625 διερμήνεύων,
3137 552 3278 608 οὕτω
3298 557 3430 626 φησὶ
3450 558 3589 630 πρὸς

2020 640 2121 711 μὲν
2171 639 2464 710 Τιμόθεον·
2516 639 3065 709 Συγκακοπάθησον
3101 641 3183 709 τῷ
3222 645 3587 715 Εὐαγγελίῳ.

2016 732 2167 785 κατὰ
2197 729 2449 800 δύναμιν
2469 725 2616 785 Θεὸῦ
2635 733 2741 786 τοῦ
2763 732 3077 801 σώσαντος
3101 733 3259 806 ἡμᾶς
3283 737 3381 790 καὶ
3409 737 3589 792 καλέ-

2015 839 2238 891 σαντος
2273 824 2490 891 κλήσει
2522 825 2684 894 ἁγίᾳ·
2716 828 2788 880 οὐ
2816 826 2964 880 κατὰ
2989 827 3062 882 τὰ
3083 828 3226 900 ἔργα
3254 828 3424 899 ήμῶν
3448 831 3585 902 (76),

2014 915 2175 969 ἀλλὰ
2218 916 2369 970 κατὰ
2411 913 2526 983 τὴν
2575 914 2733 970 ὶδίαν
2766 918 3051 985 πρόθεσιν
3078 919 3175 972 καὶ
3205 918 3411 988 χάριν,
3469 921 3585 991 τὴν

2013 1006 2295 1061 δοθεῖσαν
2319 1007 2463 1078 ἡμῖν
2489 1008 2560 1061 ἐν
2577 1009 2806 1078 Χριστῷ
2843 1010 3034 1078 Ἰησοῦ
3056 1010 3166 1079 πρὸ
3194 1015 3432 1081 χρόνων
3451 1015 3586 1067 αἰω-

2012 1100 2189 1162 νίων,
2236 1098 2680 1167 φανερωθεῖσαν
2718 1097 2787 1152 δὲ
2811 1099 2929 1153 νῦν
2960 1098 3056 1153 διὰ
3095 1097 3202 1167 τῆς
3231 1101 3586 1170 ἐπιφανείας

2012 1189 2118 1244 τοῦ
2142 1189 2416 1258 Σωτῆρος
2446 1188 2616 1258 ήμῶν
2653 1189 2845 1258 Ἰησοῦ
2872 1192 3149 1259 Χριστοῦ,
3178 1191 3585 1261 καταργήσαν-

2012 1297 2114 1347 τος
2123 1280 2239 1349 μὲν
2253 1280 2359 1334 τὸν
2372 1279 2645 1347 θάνατον,
2659 1282 3031 1350 φωτίσαντος
3054 1282 3123 1335 δὲ
3138 1282 3254 1351 τὴν
3271 1284 3381 1355 (77)
3405 1282 3578 1354 ζωήν.

2010 1370 2156 1443 Πρὸς
2204 1370 2263 1424 δὲ
2316 1373 2441 1435 τοὺς
2486 1372 2796 1442 Ἐφεσίους·
2844 1372 3189 1441 Εὐλογητὸς
3228 1377 3260 1427 ό
3292 1372 3437 1440 Θεὸς
3474 1374 3578 1427 καὶ

2009 1458 2212 1527 Πατὴρ
2244 1460 2350 1514 τοῦ
2378 1462 2596 1529 Κυρίου
2621 1461 2790 1531 ἡμῶν
2822 1462 3023 1529 Ἰησοῦ
3048 1464 3325 1531 Χριστοῦ,
3350 1468 3384 1519 ό
3406 1468 3583 1519 εὐλο⁴

2007 1551 2204 1622 γήσας
2233 1551 2389 1622 ἡμᾶς
2419 1555 2489 1607 ὲν
2514 1551 2681 1622 πάσῃ
2702 1555 2943 1624 εὐλογίᾳ
2965 1554 3338 1624 πνευματικῇ
3364 1557 3434 1609 ἐν
3455 1556 3581 1622 τοῖς

2004 1644 2383 1713 ἐπουρανίοις
2413 1644 2481 1697 ἐν
2500 1643 2729 1712 Χριστῷ
2763 1644 2957 1711 Ἰησοῦ
2984 1644 3131 1713 (78)·
3163 1644 3355 1711 καθὼς
3374 1644 3580 1709 ἐξελέ-

340 1744 789 1809 constitutionem,
830 1754 889 1797 ut
925 1760 1153 1798 essemus
1198 1745 1369 1798 sancti
1396 1752 1443 1797 et
1485 1741 1816 1796 immaculati
1849 1742 1903 1795 in

2012 1733 2154 1800 ξατο
2193 1732 2350 1803 ἡμᾶς
2377 1734 2447 1788 ἐν
2470 1734 2628 1799 αὐτῷ
2652 1734 2766 1803 πρὸ
2802 1733 3139 1802 καταϐολῆς
3164 1736 3392 1804 κόσμου
3424 1731 3579 1789 εἶναι

340 1843 618 1903 conspectu
654 1836 766 1904 ejus
793 1836 847 1889 in
870 1836 1150 1902 charitate,
1189 1837 1280 1907 qui
1304 1835 1693 1903 prwdestinavit
1720 1851 1813 1889 nos
1843 1835 1901 1888 in

2012 1824 2163 1896 ἡμᾶς
2186 1825 2515 1895 άγίουςκαὶ
2542 1825 2815 1895 ἀμώμους
2848 1826 2973 1879 κατ’
3009 1827 3266 1881 ἐνώπιον
3295 1828 3479 1881 αὐτοῦ
3508 1828 3581 1880 ἐν

340 1928 670 1997 adoptionem
698 1944 790 1997 per
810 1927 994 1983 Iesum
1027 1927 1297 1985 Christum
1324 1928 1381 1982 in
1406 1929 1579 1998 ipsum
1601 1929 1666 1982 ⁷³.

412 2125 498 2180 76.
519 2126 802 2193 Quomodo
828 2142 957 2199 ergo
979 2143 1081 2185 nos
1116 2128 1281 2199 elegit
1309 2138 1597 2199 antequam
1626 2143 1898 2190 essemus,

340 2215 471 2283 nisi,
518 2227 579 2273 ut
623 2218 742 2288 ipse
777 2218 932 2285 dixit,
969 2220 1022 2273 in
1050 2220 1170 2289 ipso
1211 2218 1507 2275 fuissemus
1541 2218 1903 2289 przesignati?

338 2306 443 2375 Qui
469 2324 598 2363 vero
631 2309 750 2364 tieri
795 2309 1009 2380 potuit,
1040 2316 1102 2364 ut
1127 2325 1248 2376 nos,
1289 2310 1609 2379 priusquam
1649 2308 1902 2364 homines

335 2409 693 2467 crearentur,
742 2401 799 2456 in
839 2401 1184 2471 adoptionem
1235 2400 1739 2471 praedestinaverit.
1792 2398 1901 2455 nisi

335 2490 452 2561 ipse
501 2489 674 2546 Filius
724 2499 851 2546 ante
888 2506 1064 2546 aevum
1095 2488 1354 2545 fundatus
1396 2496 1579 2554 esset,
1610 2494 1897 2556 suscepta,

335 2583 511 2640 nostri
562 2584 737 2653 gratia
767 2624 784 2650 ,
831 2581 1279 2653 dispensatione?
1330 2580 1429 2636 Vel
1475 2579 1749 2650 quomodo
1783 2618 1797 2642 ,
1840 2584 1901 2630 ut

336 2675 559 2748 subjicit
610 2674 904 2745 Apostolus
930 2714 946 2741 ,
987 2686 1130 2730 sorte
1173 2688 1354 2727 sumus
1406 2670 1770 2742 praedestinati
1808 2668 1855 2700 ⁷⁵
1881 2710 1897 2736 ,

333 2768 443 2824 nisi
474 2769 591 2839 ipse
617 2766 880 2824 Dominus
914 2774 1039 2821 ante
1066 2780 1240 2824 aevum
1274 2762 1535 2819 fundatus
1561 2763 1774 2829 fuisset,
1818 2761 1895 2815 ita

335 2870 399 2914 ut
423 2859 522 2930 ipsi
546 2859 886 2929 pr0positum
916 2856 1083 2913 fuerit
1111 2871 1328 2913 omnem
1368 2855 1560 2928 judicii
1609 2854 1897 2909 adversum

334 2965 437 3006 nos
460 2951 553 3006 lati
587 2958 789 3006 sortem
830 2962 995 3005 carne
1033 2947 1330 3018 suscipere,
1365 2962 1477 3018 quo
1511 2962 1611 3002 nos
1644 2945 1898 3015 deinceps

333 3038 432 3097 lilii
482 3042 535 3096 in
591 3042 711 3112 ipso
743 3038 1119 3097 eﬂiceremur?
1160 3037 1447 3105 Quomodo
1481 3038 1608 3092 item
1647 3051 1770 3104 nos,
1805 3034 1896 3106 qui

2006 1915 2569 1985 ἀτάπῃ,προορίσας
2598 1915 2755 1985 ἡμᾶς
2789 1919 2877 1983 sic
2897 1918 3205 1971 υἱοθεσίαν
3236 1918 3335 1971 διὰ
3374 1916 3580 1985 Ἰησοῦ

2013 2007 2268 2079 Χριστοῦ
2288 2010 2375 2075 εις
2404 2010 2590 2063 αὐτόν
2617 2005 2749 2081 (79).

2070 2119 2157 2175 76.
2190 2119 2315 2184 Πῶς
2338 2114 2430 2173 οὖν
2455 2119 2755 2188 ἐξελέξατο,
2786 2120 2917 2192 πρὶν
2934 2121 3184 2190 γενέσθαι
3206 2123 3373 2194 ἡμᾶς,
3405 2124 3454 2176 εί
3478 2124 3576 2196 μὴ,

1998 2213 2074 2276 ὡς
2096 2212 2255 2275 αὐτὸς
2292 2211 2511 2283 εἴρηκεν
2531 2252 2546 2277 ,
2594 2214 2653 2266 ἐν
2684 2212 2833 2284 αὑτῷ
2866 2208 3008 2286 ἦμεν
3057 2217 3574 2288 προτετυπωμένοι;

1999 2303 2124 2367 Πῶς
2145 2303 2203 2356 δέ
2226 2302 2382 2367 ὅλως,
2412 2304 2540 2374 πρὶν
2560 2302 2878 2377 ἀνθρώπους
2899 2305 3204 2377 κτισθῆναι,
3232 2309 3377 2378 ἡμᾶς
3399 2308 3582 2380 προώ-

2007 2410 2156 2465 ρισεν
2186 2395 2266 2458 είς
2292 2393 2561 2448 υἱοθεσίαν
2591 2394 2735 2465 (80),
2767 2397 2816 2448 εί
2846 2396 2922 2468 μὴ
2954 2397 3116 2462 αὐτὸς
3139 2400 3167 2451 ὁ
3192 2397 3317 2462 Υἱὸς
3348 2400 3454 2471 πρὸ
3481 2398 3578 2453 τοῦ

2005 2485 2199 2550 αἰῶνος
2240 2484 2633 2558 τεθεμελίωτο,
2680 2488 3072 2559 ἀναδεξάμενος
3109 2489 3206 2561 τὴν
3249 2492 3387 2563 ὑπὲρ
3420 2493 3580 2563 ἡμῶν

2005 2578 2340 2651 οἱκονομίαν;
2369 2581 2439 2635 Ἢ
2465 2579 2601 2645 πῶς,
2619 2579 2694 2644 ὡς
2714 2580 2967 2652 ἐπιφέρει
2989 2581 3160 2652 λέγων
3182 2585 3210 2637 ὁ
3237 2584 3576 2651 Ἀπόστολος,

2002 2669 2422 2740 ἐκληρώθημεν
2443 2672 2917 2742 προορισθέντες,
2937 2676 2985 2727 εἰ
3010 2674 3086 2746 μὴ
3113 2674 3274 2741 αὐτὸς
3298 2678 3327 2731 ό
3350 2677 3576 2749 Κύριος,

2004 2763 2113 2835 πρὸ
2130 2762 2224 2817 τοῦ
2252 2764 2443 2830 αἰῶνος
2468 2761 2536 2838 ἦν
2562 2765 2929 2837 θεμελιωθεὶς,
2958 2766 3100 2821 ὥστε
3127 2768 3289 2823 αὐτὸν
3318 2770 3579 2842 πρόθεσιν

2002 2853 2146 2925 ἔχειν
2180 2853 2321 2926 ὑπὲρ
2364 2856 2521 2927 ἡμῶν
2563 2857 2743 2912 πάντα
2772 2857 2864 2911 τὸν
2901 2859 3022 2913 καθ’
3058 2860 3213 2931 ἡμῶν
3257 2861 3453 2933 κλῆρον
3484 2863 3578 2917 τοῦ

2003 2944 2269 3016 κρίματος
2300 2945 2413 3018 (81)
2444 2946 2802 3015 ἀναδέξασθαι
2831 2948 2919 3003 διὰ
2948 2949 3049 3019 τῆς
3077 2952 3280 3023 σαρκὸς
3299 2992 3314 3016 ,
3348 2953 3442 3006 καὶ
3467 2953 3579 3006 λοι-

2001 3034 2101 3089 πδν
2127 3038 2277 3108 ἡμᾶς
2299 3039 2357 3091 ἐν
2379 3037 2526 3109 αὐτῷ
2546 3039 2919 3112 υἱοποιηθῆναι
2938 3058 2954 3105 ;
2971 3041 3096 3106 Πῶς
3122 3042 3178 3096 δέ
3209 3043 3304 3097 καὶ
3330 3044 3437 3117 πρὸ
3452 3044 3579 3116 χρό-

333 3134 578 3191 nondum
626 3148 881 3201 eramus,
939 3131 1035 3187 sed
1092 3139 1334 3202 tempore
1378 3129 1689 3186 exstitimus
1716 3170 1733 3197 ,
1768 3138 1894 3184 ante

2012 3142 2101 3179 nov
2127 3127 2361 3182 αἰωνίων
2390 3128 2787 3201 ἐλαμϐάνομεν,
2825 3132 2993 3202 μήπω
3024 3133 3309 3201 γεγονότες
3327 3175 3343 3199 ,
3383 3134 3497 3188 ἀλλ’
3520 3137 3579 3188 ἐν

333 3236 535 3282 aeterna
590 3233 835 3296 tempora
880 3223 1232 3295 accepimus,
1276 3222 1383 3277 nisi
1411 3223 1624 3294 gratia,
1664 3237 1786 3292 qua:
1830 3221 1900 3278 ad

332 3333 436 3374 nos
490 3317 775 3388 pervenit,
832 3315 886 3371 in
923 3315 1156 3371 Domino
1203 3312 1398 3370 fuisset
1448 3315 1729 3385 reposita?
1761 3312 1899 3369 Hinc

333 3410 426 3467 ille
461 3408 515 3464 in
557 3408 787 3479 judicio,
839 3423 963 3463 cum
1012 3406 1390 3477 unusquisque
1422 3420 1523 3475 pro
1580 3406 1695 3461 suis
1738 3403 1898 3459 factis

334 3500 639 3558 mercedem
677 3510 762 3556 est
791 3508 1147 3570 accepturus,
1177 3500 1320 3555 dicet
1350 3518 1364 3553 :
1407 3497 1609 3563 Venite,
1643 3496 1898 3552 benedicti

335 3593 521 3649 Patris
553 3593 653 3647 mei
680 3608 699 3647 :
728 3593 988 3662 possidete
1013 3599 1262 3661 paratum
1291 3591 1429 3644 vobis
1455 3606 1671 3661 regnum
1701 3606 1735 3644 a
1770 3606 1896 3643 con-

332 3680 610 3739 stitutione
643 3679 827 3734 mundi
856 3679 922 3732 ⁷⁸.
965 3677 1252 3745 Quomodo
1302 3678 1489 3749 igitur,
1540 3678 1623 3733 vel
1674 3677 1729 3732 in
1764 3692 1894 3747 quo,

332 3781 628 3844 antequam
662 3785 929 3835 essemus,
968 3779 1221 3841 paratum
1257 3778 1359 3834 est,
1404 3769 1508 3825 nisi
1542 3769 1597 3823 in
1643 3768 1896 3834 Domino,

332 3864 429 3936 qui
477 3871 605 3919 ante
650 3877 825 3918 sevum
859 3876 977 3915 eam
1029 3861 1101 3916 ob
1147 3876 1369 3916 causam
1411 3859 1668 3915 fundatus
1699 3869 1801 3924 est.
1840 3868 1899 3915 ut

331 3972 436 4012 nos
467 3970 631 4026 super
659 3953 839 4024 ipsum
884 3960 1137 4019 tanquam
1169 3951 1439 4019 aediﬁcati,
1462 3952 1588 4006 vita:
1616 3961 1670 4007 et
1712 3952 1900 4021 gratiae

331 4061 456 4118 quae
483 4047 554 4101 ab
586 4045 682 4101 illo
737 4045 913 4099 oritur
936 4083 951 4108 ,
982 4042 1126 4096 velut
1181 4045 1293 4115 apti
1328 4044 1555 4114 lapides.
1607 4043 1897 4114 participes

331 4137 629 4194 essemus?
662 4134 718 4190 Id
754 4143 936 4189 autem
983 4150 1050 4191 eo
1092 4137 1294 4192 factum
1342 4143 1446 4199 est,
1498 4147 1764 4206 quantum
1811 4135 1899 4205 pie

331 4237 514 4300 potest
554 4226 807 4299 cogitari,
836 4236 918 4293 ut,
967 4225 1423 4297 quemadmodum
1458 4226 1593 4291 dixi,
1643 4242 1675 4280 a
1726 4235 1899 4282 morte

331 4321 665 4392 temporaria
723 4319 990 4385 excitati,
1036 4331 1295 4390 perpetuo
1340 4318 1524 4374 vivere
1579 4317 1855 4388 possimus
1880 4358 1896 4385 ,

331 4419 478 4486 quod
514 4414 673 4470 nobis
701 4427 1052 4485 nequaquam
1083 4410 1329 4469 licuisset
1351 4411 1447 4482 qui
1476 4411 1678 4467 terreni
1709 4426 1899 4467 sumus

396 4597 446 4632 τ·
482 4596 524 4652 ιι
558 4597 701 4655 Tim.
737 4598 950 4666 ι,8-10.
1025 4599 1073 4631 τι
1105 4598 1308 4671 Ephes.
1338 4602 1515 4668 1.5—5.
1594 4601 1642 4635 τι
1680 4603 1812 4659 ibid.
1848 4604 1934 4660 ιι.

1998 3218 2177 3291 χρόνῳ
2200 3220 2484 3289 γεγονότες
2506 3221 2709 3292 (82),εί
2729 3221 2807 3295 μὴ
2821 3224 2878 3277 ἐν
2894 3222 2973 3295 τῷ
2992 3224 3212 3297 Χριστῷ
3229 3226 3337 3297 (83)
3355 3222 3417 3298 ἧς
3447 3226 3581 3280 ἀπο-

2000 3314 2225 3384 κειμένη
2268 3315 2301 3385 ἡ
2336 3316 2415 3378 είς
2446 3316 2593 3387 ἡμᾶς
2623 3314 2898 3385 φθάνουσα
2949 3317 3142 3390 χάρις;
3172 3318 3253 3372 διὸ
3285 3320 3380 3372 καὶ
3420 3323 3478 3374 ἐν
3509 3323 3579 3392 τῇ

1998 3404 2200 3476 κρίσει,
2224 3405 2348 3459 ὅταν
2365 3405 2592 3473 ἕκαστος
2616 3408 2755 3462 κατὰ
2782 3408 2880 3480 τὴν
2902 3409 3230 3481 πρᾶξινς(84)
3251 3410 3576 3483 ἀπολαμϐά-

1998 3511 2085 3570 νῃ,
2111 3496 2263 3568 φησί·
2289 3497 2470 3552 Δεῦτε
2487 3537 2503 3563 ,
2537 3501 2592 3552 οἱ
2611 3499 3004 3569 εὐλογημένοι
3045 3499 3151 3555 τοῦ
3173 3505 3404 3570 Πατρός
3419 3522 3541 3573 μαυ
3562 3522 3577 3535 -

1998 3588 2492 3658 κληρονομήσατε
2508 3589 2622 3659 τὴν
2640 3592 3085 3662 ἡτοιμασμένην
3104 3595 3246 3664 ὑμῖν
3253 3596 3584 3661 ,βασιλείαν

1996 3680 2116 3736 ἀπὸ
2146 3682 2486 3751 καταϐολῆς
2520 3684 2774 3753 κόσμου.
2834 3685 2960 3750 Πῶς
2991 3681 3083 3742 οὖν
3115 3687 3149 3759 ἢ
3182 3688 3239 3743 ἐν
3268 3688 3375 3741 τίνι
3402 3729 3419 3752 ,
3451 3691 3585 3762 πρὶν

1996 3772 2252 3841 γενέσθαι
2276 3776 2455 3845 ἡμᾶς,
2492 3775 2797 3849 ἡτοιμάσθη
2820 3817 2835 3843 ,
2872 3778 2920 3831 εἰ
2957 3779 3033 3851 μὴ
3063 3780 3121 3834 ἐν
3156 3779 3234 3851 τῷ
3264 3782 3457 3854 Κυρίῳ
3504 3783 3588 3855 τῷ

1998 3864 2106 3935 πρὸ
2138 3864 2331 3929 αἰῶνος
2360 3866 2439 3929 εἰς
2470 3864 2629 3919 τοῦτο
2653 3865 3053 3938 θεμελιωθέντι,
3092 3870 3355 3942 ἵν’ὴμεῖς,
3382 3871 3460 3936 ὼς
3490 3873 3586 3925 ἐπ’

1998 3954 2161 4009 αὐτὸν
2189 3955 2698 4029 ἐποικοδομούμενοι
2732 3958 2871 4030 (85),
2899 3944 3309 4033 per‘aM6wpsv,
3340 3962 3416 4028 ὡς
3443 3963 3586 4018 λίθοι

1998 4045 2323 4118 εὐάρμοστοι
2348 4089 2362 4113 ,
2409 4050 2511 4119 τῆς
2569 4051 2700 4123 παρ’
2734 4052 2899 4107 αὑτοῦ
2928 4053 3075 4125 ζωῆς
3121 4072 3181 4108 τε
3213 4055 3307 4109 κα)⁸
3335 4056 3581 4127 χάριτος.

1997 4136 2166 4190 Τοῦτο
2195 4138 2253 4191 δὲ
2283 4139 2526 4208 γέγονεν,
2554 4140 2630 4206 ῶς
2656 4159 2720 4212 γε
2748 4145 2983 4216 μετρίως
3009 4145 3119 4217 (86)
3152 4146 3449 4220 ἐπέρχεταί
3474 4164 3584 4202 τινι

1996 4231 2136 4283 νοεῖν
2173 4230 2439 4297 εὐσεϐῶς,
2472 4233 2561 4287 ἵνα
2583 4273 2598 4298 ,
2628 4234 2769 4289 καθὰ
2798 4240 3078 4309 προεῖπον,
3109 4238 3444 4303 ἀναστάντες
3473 4238 3588 4293 ἀπὸ

1997 4319 2091 4374 τοῦ
2124 4322 2259 4394 πρὸς
2293 4324 2471 4393 ὀλίγον
2501 4325 2730 4381 θανάτου
2751 4367 2767 4392 ,
2805 4329 3041 4394 alwvlw;
3070 4329 3232 4401 ζῆσαι
3272 4330 3386 4401 (87)
3417 4332 3586 4402 δυνη-

1999 4412 2180 4485 θῶμεν
2197 4431 2210 4444 ·
2246 4415 2345 4468 οὐκ
2373 4415 2440 4470 ἂν
2464 4416 2780 4488 δυνηθέντες
2801 4419 3080 4491 ἄνθρωποι
3100 4422 3457 4493 τυγχάνοντες
3472 4422 3586 4477 ἀπὸ

2008 4607 2056 4640 ’⁸
2078 4609 2274 4665 Matth.
2309 4625 2439 4678 xxv,
2477 4610 2565 4668 54.

402 4793 515 4877 (76)
542 4792 753 4877 ξξεξεῇυξι
773 4803 827 4877 et
853 4793 1000 4860 Felc.
1032 4792 1378 4877 5.9mittrunt,
1426 4794 1486 4876 of.
1500 4796 1641 4877 nacta}
1673 4795 1745 4877 τά
1765 4795 1903 4877 ἔργα

2012 4795 2168 4877 iidem
2220 4806 2284 4877 et
2331 4797 2651 4877 Segugrian.
2691 4796 2824 4870 Reg.
2870 4798 3062 4877 _Felc._
3114 4799 3142 4852 ι
3171 4808 3225 4877 ct
3260 4800 3313 4877 ξ,
3346 4801 3403 4877 ἐν
3434 4802 3589 4873 αὑτῷ

326 4862 690 4954 ἀνά.-
714 4863 943 4954 ¹δέίέεξξῐτρ
956 4864 1229 4954 Petis}
1251 4862 1560 4954 5:32???-
1590 4862 1897 4954 Gabinia?-

329 4934 477 5080 Fglc.
505 4934 713 5060 1ft},
772 4934 976 4991 habent
1022 4934 1246 4989 οἰκείαν.
1275 4934 1587 5005 Segucrian.
1637 4947 1898 5006 praeterea

327 5026 358 5062 τ
400 5025 427 5057 ν
450 5022 559 5060 om!
589 5016 625 5060 tl
657 5044 672 5059 .

404 5076 517 5147 (77)
551 5076 610 5130 ln
639 5075 957 5147 Seguerian.
998 5077 1099 5148 τήν
1122 5076 1294 5140 deest,
1343 5084 1397 5129 et
1442 5074 1496 5129 in
1535 5073 1717 5132 Graeco
1761 5075 1909 5132 Scri-

330 5155 735 5291 miliae!)
763 5215 918 5271 abest
940 5231 969 5271 a
1006 5214 1324 5341 Seﬁtterian.
1372 5224 1427 5268 et
1471 5213 1766 5284 Scriptura.
1781 5216 1904 5271 Mox

332 5287 721 5341 Seanerianus.
746 5285 1062 5341 Goblerian.
1123 5287 1225 5341 elc.
1252 5288 1278 5340 1
1301 5284 1428 5341 eth.
1458 5299 1581 5340 cum
1606 5283 1900 5341 Scriptura.

332 5283 721 5360 Seguerian'us,
746 5285 1062 5360 Goblerian.
1079 5283 1225 5360 Felc.
1252 5288 1278 5340 1
1301 5284 1428 5350 eth,
1458 5299 1581 5340 cum
1598 5283 1900 5355 Scriptura,

330 5361 390 5415 ἐν
411 5356 765 5431 'achLEditi
790 5367 845 5431 et
885 5356 1000 5431 alii,
1037 5356 1232 5431 ἐαυτῷ.
1266 5427 1278 5431 _
1300 5427 1314 5431 _
1382 5426 1393 5431 _
1653 5425 1689 5431 _
1724 5376 1759 5431 μη

400 5411 518 5491 (79)
545 5411 901 5497 ’δεευει-ἰεη.
942 5411 1124 5497 VBVasil.
1178 5411 1491 5483 Goblerian.
1554 5434 1609 5497 et
1653 5425 1791 5481 Felc.
1846 5430 1902 5497 i,

330 5515 456 5555 sum
493 5496 790 5568 Scriptura,
827 5498 1008 5553 αὐτόν.
1042 5496 1148 5552 Alii
1174 5497 1400 5568 “editi,
1422 5496 1629 5568 ἐαυτόν.

400 5568 532 5640 (80),
567 5566 713 5624 Felc.
747 5571 834 5640 2,,
866 5578 920 5624 et
972 5568 1139 5640 editio
1205 5566 1469 5640 Commel.
1516 5567 1903 5640 omittuntgei;

331 5636 622 5701 υἱοθεσίαν,
657 5639 803 5708 quod
826 5639 1027 5694 habent
1054 5639 1163 5708 alii
1182 5653 1318 5695 mss.
1339 5636 1510 5693 Paulo
1541 5647 1683 5708 post,
1711 5636 1903 5694 Goble-

331 5710 483 5781 rian.
512 5707 735 5781 etFelc.
758 5709 827 5781 ,1,
862 5709 934 5763 Ἦ
965 5709 1103 5781 πῶς,
1132 5707 1209 5781 ὥς
1230 5725 1393 5781 φησιν
1426 5707 1762 5781 ᾎπόστολος.

336 5854 345 5869 λ
404 5780 517 5854 (81)
550 5780 912 5837 Goblerianus
969 5789 1025 5838 et
1051 5778 1302 5837 Fat-km;
1330 5779 1381 5848 1,
1415 5779 1748 5852 Πνεύματος.
1782 5778 1903 5835 Mox

2007 4866 2426 4991 υέοροιηθῆναιξ
2456 4867 2649 4924 Galeri
2716 4866 2799 4924 et'
2820 4868 2983 4935 editi,
3045 4870 3103 4922 ἐν
3156 4870 3307 4941 αὑτῷ
3347 4866 3585 4935 ζωοποιὲ

2007 4956 2037 4991 n
2076 4956 2219 4991 ηναι.

2113 4956 2219 4991 ναι.

2006 4956 2343 5081 Τὶυῗέἔ)ιἨωο
2376 5007 2701 5081 vernam)"
2739 5012 2797 5063 ἐν
2816 5008 3007 5081 χρόνῳ
3038 5010 3344 5079 γεγονότες,
3380 5010 3584 5075 desunt

2009 5077 2064 5132 in
2094 5077 2421 5148 ‘Seguerian.
2477 5077 2996 5135 Goblerian.Felck.
3052 5077 3083 5133 ’1
3118 5077 3198 5135 ει
3254 5082 3308 5134 4.

2079 5148 2190 5224 (85)
2216 5148 2535 5224 Seguerian.
2566 5149 2881 5224 anlerian.
2911 5148 3056 5206 Felc.
3094 5150 3117 5204 1
3172 5160 3227 5206 et
3254 5152 3309 5219 4,
3365 5152 3583 5224 Κυρίῳ.

2006 5216 2366 5301 Ennium,
2397 5220 2636 5301 Χριστῷ,

2079 5289 2188 5359 (84)
2241 5289 2560 5358 Seguerian.
2590 5289 2931 5345 'Gohlerian.
2987 5299 3044 5346 et
3091 5290 3238 5348 Felc.
3297 5293 3351 5352 ί.
3410 5292 3585 5358 τάξιν.

2007 5357 2184 5432 ΒῖιεῇιέΔ
2202 5357 2404 5432 κρίσιν.
2433 5360 2542 5414 Alii
2565 5367 2620 5415 et
2641 5361 2793 5432 editi,
2818 5360 3038 5432 πρᾶξιν.

2079 5379 2171 5412 511.
2202 5379 2237 5413 κ
2279 5379 2404 5413 ισιν.
2433 5379 2542 5414 All!
2565 5379 2620 5415 ει
2641 5379 2793 5422 θίιΙῐΙ,
2818 5379 3038 5432 πραζιν.

2079 5379 2594 5512 (ὃᾷλὲεευεςὶοηυε
2642 5440 2698 5486 et
2725 5429 2860 5501 Reg.
2896 5432 3429 5504 ἐποικοδομούμενοι.
3474 5433 3585 5487 Alii

2004 5507 2061 5555 et
2093 5499 2247 5571 editi,
2286 5499 2742 5571 οἰκοδομούμενοι.

2076 5569 2185 5643 (86)
2215 5569 2531 5643 Segueria'n.
2571 5569 2882 5626 Gohlerian.
2924 5570 3083 5643 _Felc.
3121 5572 3171 5643 gi,
3210 5583 3265 5629 et
3289 5573 3343 5639 4,
3395 5572 3473 5638 ὥς
3518 5591 3591 5643 γε

2006 5636 2497 5768 ἕὶεᾚὲςϊιηὲοιέἒε
2517 5642 2771 5766 Exigitis,
2799 5658 2863 5709 γε
2908 5640 3078 5698 deest.
3120 5636 3583 5701 Ibidem'Gobler.

2219 5752 2231 5766 .
2296 5754 2311 5768 .
2374 5730 2415 5765 π
2482 5730 2514 5768 γ
2677 5753 2692 5765 .

2219 5752 2231 5766 .
2263 5730 2282 5764 ι
2296 5754 2311 5779 ,
2342 5730 2692 5779 επερχεσυαι.

2089 5729 2231 5766 rcIc.
2263 5729 2311 5779 ι,
2342 5729 2692 5783 επερχεσυαι.

2082 5781 2194 5854 (87)
2220 5781 2310 5837 Sic
2338 5796 2469 5839 mss.
2499 5782 2568 5837 At
2587 5782 2741 5848 editi,
2770 5780 2963 5848 ζῶσαι,
2989 5783 3270 5841 mendose.
