  <div class='ocr_page' id='page_1' title='image "/cluster/home/n/w/nwhite01/storage/ocr_20150623/26/nnc1.0046978577/162.png"; bbox 0 0 3840 6220; ppageno 0'>
   <div class='ocr_carea' id='block_1_1' title="bbox 206 381 410 444">
    <p class='ocr_par' dir='ltr' id='par_1_1' title="bbox 206 381 410 444">
     <span class='ocr_line' id='line_1_1' title="bbox 206 381 410 444; baseline 0.034 -6"><span class='ocrx_word' id='word_1_1' title='bbox 206 381 410 444; x_wconf 74' lang='lat'><strong>309&#39;</strong></span> 
     </span>
    </p>
   </div>
   <div class='ocr_carea' id='block_1_2' title="bbox 1273 397 2293 462">
    <p class='ocr_par' dir='ltr' id='par_1_2' title="bbox 1273 397 2293 462">
     <span class='ocr_line' id='line_1_2' title="bbox 1273 397 2293 462; baseline 0.006 -8"><span class='ocrx_word' id='word_1_2' title='bbox 1273 397 1533 455; x_wconf 79' lang='lat' dir='ltr'><strong>ORATIO</strong></span> <span class='ocrx_word' id='word_1_3' title='bbox 1571 401 1612 455; x_wconf 88' lang='lat' dir='ltr'><strong>ll</strong></span> <span class='ocrx_word' id='word_1_4' title='bbox 1652 400 1934 457; x_wconf 74' lang='lat' dir='ltr'><strong>CONTRA</strong></span> <span class='ocrx_word' id='word_1_5' title='bbox 1975 403 2293 462; x_wconf 73' lang='lat' dir='ltr'><strong>ABIANOS.</strong></span> 
     </span>
    </p>
   </div>
   <div class='ocr_carea' id='block_1_3' title="bbox 3359 416 3465 471">
    <p class='ocr_par' dir='ltr' id='par_1_3' title="bbox 3359 416 3465 471">
     <span class='ocr_line' id='line_1_3' title="bbox 3359 416 3465 471; baseline 0.009 -1"><span class='ocrx_word' id='word_1_6' title='bbox 3359 416 3465 471; x_wconf 75' lang='grc'><strong>510</strong></span> 
     </span>
    </p>
   </div>
   <div class='ocr_carea' id='block_1_4' title="bbox 207 501 1776 598">
    <p class='ocr_par' dir='ltr' id='par_1_4' title="bbox 207 501 1776 589">
     <span class='ocr_line' id='line_1_4' title="bbox 207 501 1776 589; baseline 0.015 -39"><span class='ocrx_word' id='word_1_7' title='bbox 207 501 310 570; x_wconf 85' lang='grc' dir='ltr'><strong>γῆς</strong></span> <span class='ocrx_word' id='word_1_8' title='bbox 329 541 343 564; x_wconf 87' lang='grc'>,</span> <span class='ocrx_word' id='word_1_9' title='bbox 371 502 421 554; x_wconf 83' lang='grc' dir='ltr'><strong>εἰ</strong></span> <span class='ocrx_word' id='word_1_10' title='bbox 458 502 534 574; x_wconf 81' lang='grc' dir='ltr'>μὴ</span> <span class='ocrx_word' id='word_1_11' title='bbox 563 505 666 574; x_wconf 74' lang='grc' dir='ltr'>πρὸ</span> <span class='ocrx_word' id='word_1_12' title='bbox 693 506 786 560; x_wconf 81' lang='grc' dir='ltr'>τοῦ</span> <span class='ocrx_word' id='word_1_13' title='bbox 814 508 1006 574; x_wconf 86' lang='grc' dir='ltr'>αἰῶνος</span> <span class='ocrx_word' id='word_1_14' title='bbox 1035 505 1104 584; x_wconf 81' lang='grc' dir='ltr'>ἦν</span> <span class='ocrx_word' id='word_1_15' title='bbox 1140 517 1632 587; x_wconf 83' lang='grc' dir='ltr'>προετοιμασθεῖσα</span> <span class='ocrx_word' id='word_1_16' title='bbox 1660 519 1776 589; x_wconf 58' lang='grc' dir='ltr'>ἡμῖη</span> 
     </span>
    </p>
   </div>
   <div class='ocr_carea' id='block_1_5' title="bbox 1887 501 3464 598">
    <p class='ocr_par' dir='ltr' id='par_1_5' title="bbox 1897 522 3464 598">
     <span class='ocr_line' id='line_1_5' title="bbox 1897 522 3464 598; baseline 0.01 -24"><span class='ocrx_word' id='word_1_17' title='bbox 1897 522 2166 588; x_wconf 89' lang='lat' dir='ltr'><strong>homines,</strong></span> <span class='ocrx_word' id='word_1_18' title='bbox 2191 523 2297 578; x_wconf 85' lang='lat' dir='ltr'><strong>nisi</strong></span> <span class='ocrx_word' id='word_1_19' title='bbox 2335 531 2460 578; x_wconf 83' lang='lat' dir='ltr'><strong>ante</strong></span> <span class='ocrx_word' id='word_1_20' title='bbox 2489 540 2660 580; x_wconf 76' lang='lat' dir='ltr'><strong>aevum</strong></span> <span class='ocrx_word' id='word_1_21' title='bbox 2690 528 2848 584; x_wconf 88' lang='lat' dir='ltr'><strong>nobis</strong></span> <span class='ocrx_word' id='word_1_22' title='bbox 2875 544 2998 598; x_wconf 86' lang='lat' dir='ltr'><strong>spes</strong></span> <span class='ocrx_word' id='word_1_23' title='bbox 3039 530 3160 584; x_wconf 88' lang='lat' dir='ltr'><strong>vitae</strong></span> <span class='ocrx_word' id='word_1_24' title='bbox 3187 541 3240 584; x_wconf 91' lang='lat' dir='ltr'><strong>et</strong></span> <span class='ocrx_word' id='word_1_25' title='bbox 3271 531 3464 588; x_wconf 86' lang='lat' dir='ltr'><strong>salutis</strong></span> 
     </span>
    </p>
   </div>
   <div class='ocr_carea' id='block_1_6' title="bbox 208 594 1791 678">
    <p class='ocr_par' dir='ltr' id='par_1_6' title="bbox 208 594 1791 678">
     <span class='ocr_line' id='line_1_6' title="bbox 208 594 1791 678; baseline 0.013 -33"><span class='ocrx_word' id='word_1_26' title='bbox 208 594 264 646; x_wconf 70' lang='grc' dir='ltr'><strong>δν</strong></span> <span class='ocrx_word' id='word_1_27' title='bbox 287 595 512 666; x_wconf 82' lang='grc' dir='ltr'>Χριστῷ</span> <span class='ocrx_word' id='word_1_28' title='bbox 543 599 578 668; x_wconf 73' lang='grc' dir='ltr'><strong>ἡ</strong></span> <span class='ocrx_word' id='word_1_29' title='bbox 604 599 703 669; x_wconf 79' lang='grc' dir='ltr'>τῆς</span> <span class='ocrx_word' id='word_1_30' title='bbox 728 599 870 672; x_wconf 85' lang='grc' dir='ltr'><strong>ζωῆς</strong></span> <span class='ocrx_word' id='word_1_31' title='bbox 896 605 991 657; x_wconf 77' lang='grc' dir='ltr'><strong>καὶ</strong></span> <span class='ocrx_word' id='word_1_32' title='bbox 1011 604 1123 675; x_wconf 83' lang='grc'>(88)</span> <span class='ocrx_word' id='word_1_33' title='bbox 1140 607 1414 678; x_wconf 79' lang='grc' dir='ltr'><strong>σωτηρίας</strong></span> <span class='ocrx_word' id='word_1_34' title='bbox 1448 609 1620 674; x_wconf 79' lang='grc' dir='ltr'>ἐλπίς.</span> <span class='ocrx_word' id='word_1_35' title='bbox 1660 611 1791 665; x_wconf 84' lang='grc' dir='ltr'>Οὐκ-</span> 
     </span>
    </p>
   </div>
   <div class='ocr_carea' id='block_1_7' title="bbox 207 685 1790 775">
    <p class='ocr_par' dir='ltr' id='par_1_7' title="bbox 207 685 1790 775">
     <span class='ocr_line' id='line_1_7' title="bbox 207 685 1790 775; baseline 0.013 -38"><span class='ocrx_word' id='word_1_36' title='bbox 207 685 298 738; x_wconf 79' lang='grc' dir='ltr'>οὖν</span> <span class='ocrx_word' id='word_1_37' title='bbox 352 687 582 752; x_wconf 87' lang='grc' dir='ltr'>εἰκότως</span> <span class='ocrx_word' id='word_1_38' title='bbox 637 691 930 748; x_wconf 77' lang='grc' dir='ltr'>ἐπιϐαίνων</span> <span class='ocrx_word' id='word_1_39' title='bbox 991 698 1019 750; x_wconf 87' lang='grc' dir='ltr'><em>ὁ</em></span> <span class='ocrx_word' id='word_1_40' title='bbox 1064 698 1236 766; x_wconf 80' lang='grc' dir='ltr'><strong>Λόγος</strong></span> <span class='ocrx_word' id='word_1_41' title='bbox 1267 701 1346 764; x_wconf 84' lang='grc' dir='ltr'><strong>είς</strong></span> <span class='ocrx_word' id='word_1_42' title='bbox 1389 702 1487 772; x_wconf 82' lang='grc' dir='ltr'><strong>τὴν</strong></span> <span class='ocrx_word' id='word_1_43' title='bbox 1517 703 1790 775; x_wconf 79' lang='grc' dir='ltr'><strong>ἡμετέραν</strong></span> 
     </span>
    </p>
   </div>
   <div class='ocr_carea' id='block_1_8' title="bbox 208 776 1790 869">
    <p class='ocr_par' dir='ltr' id='par_1_8' title="bbox 208 776 1790 869">
     <span class='ocr_line' id='line_1_8' title="bbox 208 776 1790 869; baseline 0.015 -41"><span class='ocrx_word' id='word_1_44' title='bbox 208 776 386 848; x_wconf 82' lang='grc' dir='ltr'>σάρκα</span> <span class='ocrx_word' id='word_1_45' title='bbox 406 819 422 842; x_wconf 90' lang='grc'>,</span> <span class='ocrx_word' id='word_1_46' title='bbox 473 781 566 833; x_wconf 79' lang='grc' dir='ltr'><strong>καὶ</strong></span> <span class='ocrx_word' id='word_1_47' title='bbox 595 782 653 835; x_wconf 81' lang='grc' dir='ltr'>ἐν</span> <span class='ocrx_word' id='word_1_48' title='bbox 695 783 828 856; x_wconf 83' lang='grc' dir='ltr'>αὐτῇ</span> <span class='ocrx_word' id='word_1_49' title='bbox 863 787 1178 859; x_wconf 80' lang='grc' dir='ltr'>κτιζόμενος</span> <span class='ocrx_word' id='word_1_50' title='bbox 1209 792 1352 864; x_wconf 79' lang='grc' dir='ltr'>ἁρχὴ</span> <span class='ocrx_word' id='word_1_51' title='bbox 1384 794 1520 848; x_wconf 83' lang='grc' dir='ltr'>ὁδῶν</span> <span class='ocrx_word' id='word_1_52' title='bbox 1551 798 1630 859; x_wconf 86' lang='grc' dir='ltr'><strong>εἰς</strong></span> <span class='ocrx_word' id='word_1_53' title='bbox 1654 797 1790 869; x_wconf 83' lang='grc' dir='ltr'>ἔργα</span> 
     </span>
    </p>
   </div>
   <div class='ocr_carea' id='block_1_9' title="bbox 206 869 1788 960">
    <p class='ocr_par' dir='ltr' id='par_1_9' title="bbox 206 869 1788 960">
     <span class='ocr_line' id='line_1_9' title="bbox 206 869 1788 960; baseline 0.015 -40"><span class='ocrx_word' id='word_1_54' title='bbox 206 869 392 935; x_wconf 78' lang='grc' dir='ltr'>αὐτοῦ,</span> <span class='ocrx_word' id='word_1_55' title='bbox 417 869 762 943; x_wconf 82' lang='grc' dir='ltr'>θεμελιοῦται</span> <span class='ocrx_word' id='word_1_56' title='bbox 791 876 982 946; x_wconf 77' lang='grc' dir='ltr'>οὕτως,</span> <span class='ocrx_word' id='word_1_57' title='bbox 1011 881 1200 954; x_wconf 82' lang='grc' dir='ltr'>ὥσπερ</span> <span class='ocrx_word' id='word_1_58' title='bbox 1231 881 1298 954; x_wconf 83' lang='grc' dir='ltr'>ἦν</span> <span class='ocrx_word' id='word_1_59' title='bbox 1328 887 1385 938; x_wconf 83' lang='grc' dir='ltr'><strong>ἐν</strong></span> <span class='ocrx_word' id='word_1_60' title='bbox 1409 887 1555 958; x_wconf 77' lang='grc' dir='ltr'>αὐτῷ</span> <span class='ocrx_word' id='word_1_61' title='bbox 1577 888 1637 941; x_wconf 83' lang='grc' dir='ltr'>τὸ</span> <span class='ocrx_word' id='word_1_62' title='bbox 1663 889 1788 960; x_wconf 86' lang='grc' dir='ltr'>βού-</span> 
     </span>
    </p>
   </div>
   <div class='ocr_carea' id='block_1_10' title="bbox 205 959 1786 1050">
    <p class='ocr_par' dir='ltr' id='par_1_10' title="bbox 205 959 1786 1050">
     <span class='ocr_line' id='line_1_10' title="bbox 205 959 1786 1050; baseline 0.014 -38"><span class='ocrx_word' id='word_1_63' title='bbox 205 959 354 1030; x_wconf 88' lang='grc' dir='ltr'>λημα</span> <span class='ocrx_word' id='word_1_64' title='bbox 386 963 482 1016; x_wconf 78' lang='grc' dir='ltr'>τοῦ</span> <span class='ocrx_word' id='word_1_65' title='bbox 510 965 752 1038; x_wconf 84' lang='grc' dir='ltr'>Πατρὸς,</span> <span class='ocrx_word' id='word_1_66' title='bbox 807 971 1058 1044; x_wconf 84' lang='grc' dir='ltr'>καθάπερ</span> <span class='ocrx_word' id='word_1_67' title='bbox 1111 975 1323 1046; x_wconf 71' lang='grc' dir='ltr'>εἴρηται</span> <span class='ocrx_word' id='word_1_68' title='bbox 1357 978 1508 1044; x_wconf 82' lang='grc'>(89),</span> <span class='ocrx_word' id='word_1_69' title='bbox 1561 959 1786 1050; x_wconf 73' lang='grc' dir='ltr'>πρδτοῦ</span> 
     </span>
    </p>
   </div>
   <div class='ocr_carea' id='block_1_11' title="bbox 204 1052 1786 1142">
    <p class='ocr_par' dir='ltr' id='par_1_11' title="bbox 204 1052 1786 1142">
     <span class='ocr_line' id='line_1_11' title="bbox 204 1052 1786 1142; baseline 0.014 -39"><span class='ocrx_word' id='word_1_70' title='bbox 204 1052 431 1119; x_wconf 82' lang='grc' dir='ltr'>αἰῶνος,</span> <span class='ocrx_word' id='word_1_71' title='bbox 463 1056 562 1108; x_wconf 68' lang='grc' dir='ltr'>καὶ</span> <span class='ocrx_word' id='word_1_72' title='bbox 589 1058 694 1128; x_wconf 81' lang='grc' dir='ltr'>πρὸ</span> <span class='ocrx_word' id='word_1_73' title='bbox 726 1060 820 1114; x_wconf 82' lang='grc' dir='ltr'>τοῦ</span> <span class='ocrx_word' id='word_1_74' title='bbox 854 1061 950 1134; x_wconf 82' lang='grc' dir='ltr'><strong>τὴν</strong></span> <span class='ocrx_word' id='word_1_75' title='bbox 987 1065 1089 1135; x_wconf 84' lang='grc' dir='ltr'><strong>γῆν</strong></span> <span class='ocrx_word' id='word_1_76' title='bbox 1121 1067 1371 1133; x_wconf 79' lang='grc' dir='ltr'>γενέσθαι</span> <span class='ocrx_word' id='word_1_77' title='bbox 1395 1109 1408 1131; x_wconf 93' lang='grc'>,</span> <span class='ocrx_word' id='word_1_78' title='bbox 1438 1069 1529 1122; x_wconf 78' lang='grc' dir='ltr'><strong>καὶ</strong></span> <span class='ocrx_word' id='word_1_79' title='bbox 1557 1071 1661 1142; x_wconf 86' lang='grc' dir='ltr'><strong>πρὸ</strong></span> <span class='ocrx_word' id='word_1_80' title='bbox 1691 1072 1786 1125; x_wconf 76' lang='grc' dir='ltr'>τοῦ</span> 
     </span>
    </p>
   </div>
   <div class='ocr_carea' id='block_1_12' title="bbox 204 1143 1780 1232">
    <p class='ocr_par' dir='ltr' id='par_1_12' title="bbox 204 1143 1780 1232">
     <span class='ocr_line' id='line_1_12' title="bbox 204 1143 1780 1232; baseline 0.014 -38"><span class='ocrx_word' id='word_1_81' title='bbox 204 1143 305 1214; x_wconf 77' lang='grc' dir='ltr'>ὅρη</span> <span class='ocrx_word' id='word_1_82' title='bbox 342 1145 703 1216; x_wconf 78' lang='grc' dir='ltr'>ἑδρασθῆναι,</span> <span class='ocrx_word' id='word_1_83' title='bbox 755 1152 849 1204; x_wconf 74' lang='grc' dir='ltr'><strong>καὶ</strong></span> <span class='ocrx_word' id='word_1_84' title='bbox 875 1154 980 1225; x_wconf 75' lang='grc' dir='ltr'>πρὸ</span> <span class='ocrx_word' id='word_1_85' title='bbox 1005 1155 1098 1209; x_wconf 81' lang='grc' dir='ltr'>τοῦ</span> <span class='ocrx_word' id='word_1_86' title='bbox 1133 1156 1231 1220; x_wconf 81' lang='grc' dir='ltr'>τὰς</span> <span class='ocrx_word' id='word_1_87' title='bbox 1267 1158 1448 1227; x_wconf 86' lang='grc' dir='ltr'>πηγὰς</span> <span class='ocrx_word' id='word_1_88' title='bbox 1473 1162 1780 1232; x_wconf 73' lang='grc' dir='ltr'>προελθεῖν·</span> 
     </span>
    </p>
   </div>
   <div class='ocr_carea' id='block_1_13' title="bbox 207 1233 1786 1322">
    <p class='ocr_par' dir='ltr' id='par_1_13' title="bbox 207 1233 1786 1322">
     <span class='ocr_line' id='line_1_13' title="bbox 207 1233 1786 1322; baseline 0.015 -37"><span class='ocrx_word' id='word_1_89' title='bbox 207 1233 290 1286; x_wconf 72' lang='grc' dir='ltr'>ἵνα</span> <span class='ocrx_word' id='word_1_90' title='bbox 326 1234 430 1288; x_wconf 74' lang='grc' dir='ltr'>κᾶν</span> <span class='ocrx_word' id='word_1_91' title='bbox 455 1239 487 1307; x_wconf 87' lang='grc' dir='ltr'><strong>ἡ</strong></span> <span class='ocrx_word' id='word_1_92' title='bbox 522 1239 614 1310; x_wconf 84' lang='grc' dir='ltr'>γῆ,</span> <span class='ocrx_word' id='word_1_93' title='bbox 648 1241 740 1294; x_wconf 78' lang='grc' dir='ltr'><strong>καὶ</strong></span> <span class='ocrx_word' id='word_1_94' title='bbox 771 1241 839 1295; x_wconf 78' lang='grc' dir='ltr'><strong>τὰ</strong></span> <span class='ocrx_word' id='word_1_95' title='bbox 873 1244 994 1316; x_wconf 73' lang='grc' dir='ltr'>ὅρη,</span> <span class='ocrx_word' id='word_1_96' title='bbox 1023 1247 1117 1299; x_wconf 75' lang='grc' dir='ltr'><strong>καὶ</strong></span> <span class='ocrx_word' id='word_1_97' title='bbox 1147 1248 1214 1301; x_wconf 74' lang='grc' dir='ltr'>τὰ</span> <span class='ocrx_word' id='word_1_98' title='bbox 1239 1251 1491 1321; x_wconf 86' lang='grc' dir='ltr'>σχήματα</span> <span class='ocrx_word' id='word_1_99' title='bbox 1520 1252 1628 1306; x_wconf 85' lang='grc' dir='ltr'><strong>τῶν</strong></span> <span class='ocrx_word' id='word_1_100' title='bbox 1656 1271 1786 1322; x_wconf 82' lang='grc' dir='ltr'>φαι-</span> 
     </span>
    </p>
   </div>
   <div class='ocr_carea' id='block_1_14' title="bbox 204 1325 1784 1416">
    <p class='ocr_par' dir='ltr' id='par_1_14' title="bbox 204 1325 1784 1416">
     <span class='ocr_line' id='line_1_14' title="bbox 204 1325 1784 1416; baseline 0.015 -39"><span class='ocrx_word' id='word_1_101' title='bbox 204 1325 448 1395; x_wconf 81' lang='grc' dir='ltr'>νομένων</span> <span class='ocrx_word' id='word_1_102' title='bbox 475 1329 718 1403; x_wconf 80' lang='grc' dir='ltr'>παρέλθῃ</span> <span class='ocrx_word' id='word_1_103' title='bbox 744 1336 800 1386; x_wconf 84' lang='grc' dir='ltr'>ὲν</span> <span class='ocrx_word' id='word_1_104' title='bbox 833 1338 898 1406; x_wconf 85' lang='grc' dir='ltr'>τῇ</span> <span class='ocrx_word' id='word_1_105' title='bbox 941 1338 1221 1410; x_wconf 77' lang='grc' dir='ltr'>συντελείᾳ</span> <span class='ocrx_word' id='word_1_106' title='bbox 1242 1341 1336 1394; x_wconf 81' lang='grc' dir='ltr'>τοῦ</span> <span class='ocrx_word' id='word_1_107' title='bbox 1361 1343 1651 1409; x_wconf 77' lang='grc' dir='ltr'>ἐνεστῶτος</span> <span class='ocrx_word' id='word_1_108' title='bbox 1673 1346 1784 1416; x_wconf 88' lang='grc'>(90)</span> 
     </span>
    </p>
   </div>
   <div class='ocr_carea' id='block_1_15' title="bbox 203 1416 1785 1504">
    <p class='ocr_par' dir='ltr' id='par_1_15' title="bbox 203 1416 1785 1504">
     <span class='ocr_line' id='line_1_15' title="bbox 203 1416 1785 1504; baseline 0.015 -36"><span class='ocrx_word' id='word_1_109' title='bbox 203 1416 420 1483; x_wconf 86' lang='grc' dir='ltr'>αἰῶνος,</span> <span class='ocrx_word' id='word_1_110' title='bbox 460 1419 534 1492; x_wconf 80' lang='grc' dir='ltr'>μὴ</span> <span class='ocrx_word' id='word_1_111' title='bbox 564 1425 682 1475; x_wconf 86' lang='grc' dir='ltr'>κατ’</span> <span class='ocrx_word' id='word_1_112' title='bbox 717 1425 855 1479; x_wconf 77' lang='grc' dir='ltr'>αὐτὰ</span> <span class='ocrx_word' id='word_1_113' title='bbox 890 1428 1285 1502; x_wconf 81' lang='grc' dir='ltr'>παλαιωθῶμεν</span> <span class='ocrx_word' id='word_1_114' title='bbox 1314 1435 1406 1487; x_wconf 67' lang='grc' dir='ltr'><strong>καὶ</strong></span> <span class='ocrx_word' id='word_1_115' title='bbox 1434 1436 1615 1504; x_wconf 74' lang='grc' dir='ltr'>ἡμεῖς·</span> <span class='ocrx_word' id='word_1_116' title='bbox 1650 1437 1785 1491; x_wconf 78' lang='grc' dir='ltr'>ἀλλὰ</span> 
     </span>
    </p>
   </div>
   <div class='ocr_carea' id='block_1_16' title="bbox 201 1507 1786 1597">
    <p class='ocr_par' dir='ltr' id='par_1_16' title="bbox 201 1507 1786 1597">
     <span class='ocr_line' id='line_1_16' title="bbox 201 1507 1786 1597; baseline 0.015 -38"><span class='ocrx_word' id='word_1_117' title='bbox 201 1507 517 1581; x_wconf 82' lang='grc' dir='ltr'>δυνηθῶμεν</span> <span class='ocrx_word' id='word_1_118' title='bbox 541 1514 634 1566; x_wconf 76' lang='grc' dir='ltr'><strong>καὶ</strong></span> <span class='ocrx_word' id='word_1_119' title='bbox 663 1517 800 1585; x_wconf 80' lang='grc' dir='ltr'>μετὰ</span> <span class='ocrx_word' id='word_1_120' title='bbox 829 1519 1002 1572; x_wconf 78' lang='grc' dir='ltr'>ταῦτα</span> <span class='ocrx_word' id='word_1_121' title='bbox 1025 1518 1146 1591; x_wconf 78' lang='grc' dir='ltr'><strong>ζῇν,</strong></span> <span class='ocrx_word' id='word_1_122' title='bbox 1181 1522 1394 1593; x_wconf 82' lang='grc' dir='ltr'>ἔχοντες</span> <span class='ocrx_word' id='word_1_123' title='bbox 1412 1527 1511 1597; x_wconf 84' lang='grc' dir='ltr'>τὴν</span> <span class='ocrx_word' id='word_1_124' title='bbox 1543 1529 1648 1597; x_wconf 75' lang='grc' dir='ltr'><strong>πρὸ</strong></span> <span class='ocrx_word' id='word_1_125' title='bbox 1672 1529 1786 1582; x_wconf 79' lang='grc' dir='ltr'>τού-</span> 
     </span>
    </p>
   </div>
   <div class='ocr_carea' id='block_1_17' title="bbox 201 1602 1785 1686">
    <p class='ocr_par' dir='ltr' id='par_1_17' title="bbox 201 1602 1785 1686">
     <span class='ocr_line' id='line_1_17' title="bbox 201 1602 1785 1686; baseline 0.015 -36"><span class='ocrx_word' id='word_1_126' title='bbox 201 1614 309 1652; x_wconf 85' lang='grc' dir='ltr'><strong>των</strong></span> <span class='ocrx_word' id='word_1_127' title='bbox 329 1602 745 1672; x_wconf 77' lang='grc' dir='ltr'>ὲτοιμασθεῖσαν</span> <span class='ocrx_word' id='word_1_128' title='bbox 773 1609 902 1678; x_wconf 82' lang='grc' dir='ltr'>ἡμῖν</span> <span class='ocrx_word' id='word_1_129' title='bbox 930 1611 986 1662; x_wconf 82' lang='grc' dir='ltr'>ἐν</span> <span class='ocrx_word' id='word_1_130' title='bbox 1010 1612 1254 1685; x_wconf 83' lang='grc' dir='ltr'>αὐτῷτῷ</span> <span class='ocrx_word' id='word_1_131' title='bbox 1271 1615 1428 1686; x_wconf 83' lang='grc' dir='ltr'><strong>Λόγῳ</strong></span> <span class='ocrx_word' id='word_1_132' title='bbox 1449 1657 1463 1681; x_wconf 89' lang='grc'>,</span> <span class='ocrx_word' id='word_1_133' title='bbox 1491 1620 1609 1671; x_wconf 86' lang='grc' dir='ltr'>κατ’</span> <span class='ocrx_word' id='word_1_134' title='bbox 1633 1619 1785 1673; x_wconf 80' lang='grc' dir='ltr'>ἐκλο-</span> 
     </span>
    </p>
   </div>
   <div class='ocr_carea' id='block_1_18' title="bbox 202 1689 1782 1783">
    <p class='ocr_par' dir='ltr' id='par_1_18' title="bbox 202 1689 1782 1783">
     <span class='ocr_line' id='line_1_18' title="bbox 202 1689 1782 1783; baseline 0.013 -40"><span class='ocrx_word' id='word_1_135' title='bbox 202 1689 324 1761; x_wconf 77' lang='grc' dir='ltr'>γὴν,</span> <span class='ocrx_word' id='word_1_136' title='bbox 361 1691 509 1764; x_wconf 81' lang='grc' dir='ltr'>ζωήν</span> <span class='ocrx_word' id='word_1_137' title='bbox 539 1713 594 1748; x_wconf 86' lang='grc' dir='ltr'><strong>τε</strong></span> <span class='ocrx_word' id='word_1_138' title='bbox 623 1699 717 1750; x_wconf 69' lang='grc' dir='ltr'><strong>καὶ</strong></span> <span class='ocrx_word' id='word_1_139' title='bbox 748 1701 998 1770; x_wconf 79' lang='grc' dir='ltr'>εὐλογίαν</span> <span class='ocrx_word' id='word_1_140' title='bbox 1034 1709 1432 1777; x_wconf 81' lang='grc' dir='ltr'>πνευματικήν.</span> <span class='ocrx_word' id='word_1_141' title='bbox 1493 1708 1650 1763; x_wconf 76' lang='grc' dir='ltr'>Οὕτω</span> <span class='ocrx_word' id='word_1_142' title='bbox 1675 1712 1782 1783; x_wconf 82' lang='grc' dir='ltr'><strong>γὰρ</strong></span> 
     </span>
    </p>
   </div>
   <div class='ocr_carea' id='block_1_19' title="bbox 200 1784 1784 1873">
    <p class='ocr_par' dir='ltr' id='par_1_19' title="bbox 200 1784 1784 1873">
     <span class='ocr_line' id='line_1_19' title="bbox 200 1784 1784 1873; baseline 0.011 -36"><span class='ocrx_word' id='word_1_143' title='bbox 200 1784 544 1858; x_wconf 76' lang='grc' dir='ltr'>δυνησόμεθα</span> <span class='ocrx_word' id='word_1_144' title='bbox 572 1790 646 1859; x_wconf 86' lang='grc' dir='ltr'><strong>μὴ</strong></span> <span class='ocrx_word' id='word_1_145' title='bbox 669 1792 1001 1864; x_wconf 71' lang='grc' dir='ltr'>πρόσκαιρον</span> <span class='ocrx_word' id='word_1_146' title='bbox 1029 1794 1171 1865; x_wconf 79' lang='grc' dir='ltr'>ἔχειν</span> <span class='ocrx_word' id='word_1_147' title='bbox 1205 1797 1351 1868; x_wconf 77' lang='grc' dir='ltr'>ζωὴν</span> <span class='ocrx_word' id='word_1_148' title='bbox 1369 1798 1502 1868; x_wconf 78' lang='lat' dir='ltr'><strong>(9i),</strong></span> <span class='ocrx_word' id='word_1_149' title='bbox 1526 1800 1661 1854; x_wconf 79' lang='grc' dir='ltr'>ἀλλὰ</span> <span class='ocrx_word' id='word_1_150' title='bbox 1689 1820 1784 1873; x_wconf 82' lang='grc' dir='ltr'>με-</span> 
     </span>
    </p>
   </div>
   <div class='ocr_carea' id='block_1_20' title="bbox 197 1869 1856 1961">
    <p class='ocr_par' dir='ltr' id='par_1_20' title="bbox 197 1869 1856 1961">
     <span class='ocr_line' id='line_1_20' title="bbox 197 1869 1856 1961; baseline 0.013 -36"><span class='ocrx_word' id='word_1_151' title='bbox 197 1873 265 1925; x_wconf 69' lang='grc' dir='ltr'>τὰ</span> <span class='ocrx_word' id='word_1_152' title='bbox 297 1873 471 1928; x_wconf 79' lang='grc' dir='ltr'>ταῦτα</span> <span class='ocrx_word' id='word_1_153' title='bbox 503 1876 776 1948; x_wconf 86' lang='grc' dir='ltr'>διαμεῖναι</span> <span class='ocrx_word' id='word_1_154' title='bbox 828 1879 1026 1946; x_wconf 80' lang='grc' dir='ltr'>ζῶντες</span> <span class='ocrx_word' id='word_1_155' title='bbox 1058 1886 1114 1936; x_wconf 83' lang='grc' dir='ltr'>ὲν</span> <span class='ocrx_word' id='word_1_156' title='bbox 1147 1885 1401 1957; x_wconf 73' lang='grc' dir='ltr'>Χριστῷο</span> <span class='ocrx_word' id='word_1_157' title='bbox 1455 1890 1641 1961; x_wconf 77' lang='grc' dir='ltr'>ἐπειδὴ</span> <span class='ocrx_word' id='word_1_158' title='bbox 1690 1869 1782 1946; x_wconf 75' lang='grc' dir='ltr'>καὶ</span> <span class='ocrx_word' id='word_1_159' title='bbox 1816 1869 1856 1923; x_wconf 76' lang='grc' dir='ltr'>Β</span> 
     </span>
    </p>
   </div>
   <div class='ocr_carea' id='block_1_21' title="bbox 199 1965 1778 2054">
    <p class='ocr_par' dir='ltr' id='par_1_21' title="bbox 199 1965 1778 2054">
     <span class='ocr_line' id='line_1_21' title="bbox 199 1965 1778 2054; baseline 0.013 -38"><span class='ocrx_word' id='word_1_160' title='bbox 199 1965 556 2054; x_wconf 18' lang='grc' dir='ltr'>πρδζτούτων,</span> <span class='ocrx_word' id='word_1_161' title='bbox 582 1973 614 2040; x_wconf 82' lang='grc' dir='ltr'>ἡ</span> <span class='ocrx_word' id='word_1_162' title='bbox 639 1971 751 2043; x_wconf 81' lang='grc' dir='ltr'><strong>ζωὴ</strong></span> <span class='ocrx_word' id='word_1_163' title='bbox 775 1973 930 2043; x_wconf 82' lang='grc' dir='ltr'>ἡμῶν</span> <span class='ocrx_word' id='word_1_164' title='bbox 952 1975 1337 2047; x_wconf 80' lang='grc' dir='ltr'>ὲτεθεμελίωτο</span> <span class='ocrx_word' id='word_1_165' title='bbox 1367 1981 1460 2034; x_wconf 76' lang='grc' dir='ltr'><strong>καὶ</strong></span> <span class='ocrx_word' id='word_1_166' title='bbox 1482 1981 1778 2054; x_wconf 70' lang='grc' dir='ltr'>ἡτοίμαστο</span> 
     </span>
    </p>
   </div>
   <div class='ocr_carea' id='block_1_22' title="bbox 197 2053 897 2130">
    <p class='ocr_par' dir='ltr' id='par_1_22' title="bbox 197 2053 897 2130">
     <span class='ocr_line' id='line_1_22' title="bbox 197 2053 897 2130; baseline 0.014 -24"><span class='ocrx_word' id='word_1_167' title='bbox 197 2055 254 2106; x_wconf 62' lang='lat' dir='ltr'><strong>b1</strong></span> <span class='ocrx_word' id='word_1_168' title='bbox 289 2053 513 2128; x_wconf 78' lang='grc' dir='ltr'>Χριστῷ</span> <span class='ocrx_word' id='word_1_169' title='bbox 555 2059 728 2130; x_wconf 86' lang='grc' dir='ltr'><strong>Ἰησοῦ</strong></span> <span class='ocrx_word' id='word_1_170' title='bbox 764 2061 897 2130; x_wconf 73' lang='grc'>(92).</span> 
     </span>
    </p>
   </div>
   <div class='ocr_carea' id='block_1_23' title="bbox 267 2149 1784 2241">
    <p class='ocr_par' dir='ltr' id='par_1_23' title="bbox 267 2149 1784 2241">
     <span class='ocr_line' id='line_1_23' title="bbox 267 2149 1784 2241; baseline 0.015 -40"><span class='ocrx_word' id='word_1_171' title='bbox 267 2149 358 2241; x_wconf 53' lang='grc'><strong>7-7.</strong></span> <span class='ocrx_word' id='word_1_172' title='bbox 391 2152 525 2241; x_wconf 68' lang='grc' dir='ltr'>ρὺδὲ</span> <span class='ocrx_word' id='word_1_173' title='bbox 555 2155 662 2225; x_wconf 77' lang='grc' dir='ltr'>γὰρ</span> <span class='ocrx_word' id='word_1_174' title='bbox 694 2157 813 2210; x_wconf 78' lang='grc' dir='ltr'>οὐδὲ</span> <span class='ocrx_word' id='word_1_175' title='bbox 839 2159 896 2210; x_wconf 82' lang='grc' dir='ltr'>ὲν</span> <span class='ocrx_word' id='word_1_176' title='bbox 918 2159 1060 2230; x_wconf 85' lang='grc' dir='ltr'>ἄλλῳ</span> <span class='ocrx_word' id='word_1_177' title='bbox 1081 2160 1473 2236; x_wconf 81' lang='grc' dir='ltr'>θεμελιωθῆναι</span> <span class='ocrx_word' id='word_1_178' title='bbox 1511 2167 1611 2238; x_wconf 84' lang='grc' dir='ltr'>τὴν</span> <span class='ocrx_word' id='word_1_179' title='bbox 1637 2168 1784 2241; x_wconf 78' lang='grc' dir='ltr'>ζωὴν</span> 
     </span>
    </p>
   </div>
   <div class='ocr_carea' id='block_1_24' title="bbox 191 2234 1778 2322">
    <p class='ocr_par' dir='ltr' id='par_1_24' title="bbox 191 2234 1778 2322">
     <span class='ocr_line' id='line_1_24' title="bbox 191 2234 1778 2322; baseline 0.014 -36"><span class='ocrx_word' id='word_1_180' title='bbox 191 2237 224 2303; x_wconf 74' lang='grc' dir='ltr'>ἡ</span> <span class='ocrx_word' id='word_1_181' title='bbox 235 2234 354 2322; x_wconf 84' lang='grc' dir='ltr'><strong>μῶν</strong></span> <span class='ocrx_word' id='word_1_182' title='bbox 386 2235 625 2310; x_wconf 73' lang='grc' dir='ltr'>ἔπρεπεν</span> <span class='ocrx_word' id='word_1_183' title='bbox 657 2241 689 2310; x_wconf 79' lang='grc' dir='ltr'>ἢ</span> <span class='ocrx_word' id='word_1_184' title='bbox 732 2243 788 2294; x_wconf 82' lang='grc' dir='ltr'>ὲν</span> <span class='ocrx_word' id='word_1_185' title='bbox 820 2242 897 2313; x_wconf 81' lang='grc' dir='ltr'>τῷ</span> <span class='ocrx_word' id='word_1_186' title='bbox 938 2245 1126 2316; x_wconf 82' lang='grc' dir='ltr'>Κυρίῳ</span> <span class='ocrx_word' id='word_1_187' title='bbox 1153 2247 1230 2318; x_wconf 86' lang='grc' dir='ltr'>τῷ</span> <span class='ocrx_word' id='word_1_188' title='bbox 1278 2234 1382 2321; x_wconf 75' lang='grc' dir='ltr'><strong>πρδ</strong></span> <span class='ocrx_word' id='word_1_189' title='bbox 1411 2234 1621 2306; x_wconf 80' lang='grc' dir='ltr'>αἰώνων</span> <span class='ocrx_word' id='word_1_190' title='bbox 1646 2234 1778 2322; x_wconf 72' lang='grc' dir='ltr'>ὄντι,</span> 
     </span>
    </p>
   </div>
   <div class='ocr_carea' id='block_1_25' title="bbox 189 2321 1783 2419">
    <p class='ocr_par' dir='ltr' id='par_1_25' title="bbox 189 2321 1783 2419">
     <span class='ocr_line' id='line_1_25' title="bbox 189 2321 1783 2419; baseline 0.015 -41"><span class='ocrx_word' id='word_1_191' title='bbox 189 2326 258 2378; x_wconf 75' lang='grc' dir='ltr'>δι’</span> <span class='ocrx_word' id='word_1_192' title='bbox 288 2321 354 2379; x_wconf 75' lang='grc' dir='ltr'>οὗ</span> <span class='ocrx_word' id='word_1_193' title='bbox 381 2331 474 2382; x_wconf 83' lang='grc' dir='ltr'><strong>καὶ</strong></span> <span class='ocrx_word' id='word_1_194' title='bbox 497 2333 545 2384; x_wconf 88' lang='grc' dir='ltr'><strong>οἰ</strong></span> <span class='ocrx_word' id='word_1_195' title='bbox 577 2333 771 2398; x_wconf 83' lang='grc' dir='ltr'>αἰῶνες</span> <span class='ocrx_word' id='word_1_196' title='bbox 793 2336 1099 2404; x_wconf 87' lang='grc' dir='ltr'>γεγόνασιν,</span> <span class='ocrx_word' id='word_1_197' title='bbox 1135 2340 1202 2392; x_wconf 77' lang='grc' dir='ltr'>ἶν’</span> <span class='ocrx_word' id='word_1_198' title='bbox 1237 2341 1314 2406; x_wconf 88' lang='grc' dir='ltr'><strong>ώς</strong></span> <span class='ocrx_word' id='word_1_199' title='bbox 1345 2345 1402 2396; x_wconf 83' lang='grc' dir='ltr'>ὲν</span> <span class='ocrx_word' id='word_1_200' title='bbox 1434 2345 1581 2416; x_wconf 74' lang='grc' dir='ltr'>αὐτῷ</span> <span class='ocrx_word' id='word_1_201' title='bbox 1613 2347 1783 2419; x_wconf 79' lang='grc' dir='ltr'>αὐτῆς</span> 
     </span>
    </p>
   </div>
   <div class='ocr_carea' id='block_1_26' title="bbox 187 2417 1781 2509">
    <p class='ocr_par' dir='ltr' id='par_1_26' title="bbox 187 2417 1781 2509">
     <span class='ocr_line' id='line_1_26' title="bbox 187 2417 1781 2509; baseline 0.014 -38"><span class='ocrx_word' id='word_1_202' title='bbox 187 2417 380 2491; x_wconf 75' lang='grc' dir='ltr'>οὔσης,</span> <span class='ocrx_word' id='word_1_203' title='bbox 410 2421 728 2494; x_wconf 79' lang='grc' dir='ltr'>δυνηθῶμεν</span> <span class='ocrx_word' id='word_1_204' title='bbox 782 2427 875 2480; x_wconf 73' lang='grc' dir='ltr'>καὶ</span> <span class='ocrx_word' id='word_1_205' title='bbox 925 2431 1082 2500; x_wconf 80' lang='grc' dir='ltr'>ἡμεῖς</span> <span class='ocrx_word' id='word_1_206' title='bbox 1119 2431 1333 2486; x_wconf 88' lang='grc' dir='ltr'>αἰώνιον</span> <span class='ocrx_word' id='word_1_207' title='bbox 1375 2436 1781 2509; x_wconf 83' lang='grc' dir='ltr'>κληρονομῆσαι</span> 
     </span>
    </p>
   </div>
   <div class='ocr_carea' id='block_1_27' title="bbox 188 2510 1776 2598">
    <p class='ocr_par' dir='ltr' id='par_1_27' title="bbox 188 2510 1776 2598">
     <span class='ocr_line' id='line_1_27' title="bbox 188 2510 1776 2598; baseline 0.015 -37"><span class='ocrx_word' id='word_1_208' title='bbox 188 2510 357 2582; x_wconf 77' lang='grc' dir='ltr'>ζωήν.</span> <span class='ocrx_word' id='word_1_209' title='bbox 421 2514 650 2581; x_wconf 76' lang='grc' dir='ltr'>’Λγαθὸς</span> <span class='ocrx_word' id='word_1_210' title='bbox 705 2517 815 2590; x_wconf 81' lang='grc' dir='ltr'>γὰρ</span> <span class='ocrx_word' id='word_1_211' title='bbox 866 2523 896 2574; x_wconf 86' lang='grc' dir='ltr'>ὁ</span> <span class='ocrx_word' id='word_1_212' title='bbox 949 2522 1109 2588; x_wconf 83' lang='grc' dir='ltr'>Θεός·</span> <span class='ocrx_word' id='word_1_213' title='bbox 1168 2526 1372 2594; x_wconf 83' lang='grc' dir='ltr'>ἀγαθὸς</span> <span class='ocrx_word' id='word_1_214' title='bbox 1434 2528 1491 2581; x_wconf 83' lang='grc' dir='ltr'>δὲ</span> <span class='ocrx_word' id='word_1_215' title='bbox 1541 2528 1616 2583; x_wconf 83' lang='grc' dir='ltr'><strong>ὢν</strong></span> <span class='ocrx_word' id='word_1_216' title='bbox 1669 2531 1776 2598; x_wconf 77' lang='grc' dir='ltr'>ἀεὶ,</span> 
     </span>
    </p>
   </div>
   <div class='ocr_carea' id='block_1_28' title="bbox 184 2599 1778 2689">
    <p class='ocr_par' dir='ltr' id='par_1_28' title="bbox 184 2599 1778 2689">
     <span class='ocr_line' id='line_1_28' title="bbox 184 2599 1778 2689; baseline 0.011 -37"><span class='ocrx_word' id='word_1_217' title='bbox 184 2599 350 2653; x_wconf 82' lang='grc' dir='ltr'>τοῦτο</span> <span class='ocrx_word' id='word_1_218' title='bbox 412 2601 525 2672; x_wconf 78' lang='lat'>(93)</span> <span class='ocrx_word' id='word_1_219' title='bbox 593 2603 942 2678; x_wconf 75' lang='grc' dir='ltr'>βεϐούληται,</span> <span class='ocrx_word' id='word_1_220' title='bbox 1009 2611 1294 2679; x_wconf 82' lang='grc' dir='ltr'>γινώσκων</span> <span class='ocrx_word' id='word_1_221' title='bbox 1356 2614 1457 2685; x_wconf 82' lang='grc' dir='ltr'><strong>τὴν</strong></span> <span class='ocrx_word' id='word_1_222' title='bbox 1506 2616 1778 2689; x_wconf 83' lang='grc' dir='ltr'>ἡμετέραν</span> 
     </span>
    </p>
   </div>
   <div class='ocr_carea' id='block_1_29' title="bbox 182 2689 1777 2775">
    <p class='ocr_par' dir='ltr' id='par_1_29' title="bbox 182 2689 1777 2775">
     <span class='ocr_line' id='line_1_29' title="bbox 182 2689 1777 2775; baseline 0.012 -33"><span class='ocrx_word' id='word_1_223' title='bbox 182 2689 396 2762; x_wconf 78' lang='grc' dir='ltr'>ἀσθενῆ</span> <span class='ocrx_word' id='word_1_224' title='bbox 429 2692 590 2761; x_wconf 82' lang='grc' dir='ltr'>φύσιν</span> <span class='ocrx_word' id='word_1_225' title='bbox 621 2694 930 2766; x_wconf 74' lang='grc' dir='ltr'>χρῄζουσαν</span> <span class='ocrx_word' id='word_1_226' title='bbox 961 2701 1058 2772; x_wconf 84' lang='grc' dir='ltr'>τῆς</span> <span class='ocrx_word' id='word_1_227' title='bbox 1083 2704 1212 2773; x_wconf 82' lang='grc' dir='ltr'>παρ’</span> <span class='ocrx_word' id='word_1_228' title='bbox 1242 2704 1405 2757; x_wconf 78' lang='grc' dir='ltr'>αὐτοῦ</span> <span class='ocrx_word' id='word_1_229' title='bbox 1438 2704 1687 2775; x_wconf 85' lang='grc' dir='ltr'>βοηθείας</span> <span class='ocrx_word' id='word_1_230' title='bbox 1715 2724 1777 2762; x_wconf 92' lang='grc' dir='ltr'><strong>τε</strong></span> 
     </span>
    </p>
   </div>
   <div class='ocr_carea' id='block_1_30' title="bbox 183 2784 1782 2868">
    <p class='ocr_par' dir='ltr' id='par_1_30' title="bbox 183 2784 1782 2868">
     <span class='ocr_line' id='line_1_30' title="bbox 183 2784 1782 2868; baseline 0.009 -30"><span class='ocrx_word' id='word_1_231' title='bbox 183 2784 284 2838; x_wconf 78' lang='grc' dir='ltr'><strong>καὶ</strong></span> <span class='ocrx_word' id='word_1_232' title='bbox 314 2786 614 2856; x_wconf 84' lang='grc' dir='ltr'>σωτηρίας.</span> <span class='ocrx_word' id='word_1_233' title='bbox 662 2790 772 2842; x_wconf 77' lang='grc' dir='ltr'><strong>Καὶ</strong></span> <span class='ocrx_word' id='word_1_234' title='bbox 814 2791 1002 2864; x_wconf 82' lang='grc' dir='ltr'>ὥσπερ</span> <span class='ocrx_word' id='word_1_235' title='bbox 1034 2792 1099 2846; x_wconf 85' lang='grc' dir='ltr'><strong>ἂν</strong></span> <span class='ocrx_word' id='word_1_236' title='bbox 1130 2794 1184 2847; x_wconf 76' lang='grc' dir='ltr'>εἴ</span> <span class='ocrx_word' id='word_1_237' title='bbox 1218 2813 1300 2859; x_wconf 90' lang='grc' dir='ltr'><strong>τις</strong></span> <span class='ocrx_word' id='word_1_238' title='bbox 1325 2797 1660 2868; x_wconf 79' lang='grc' dir='ltr'>ἀρχιτέκτων</span> <span class='ocrx_word' id='word_1_239' title='bbox 1694 2816 1782 2852; x_wconf 89' lang='grc' dir='ltr'>σο-</span> 
     </span>
    </p>
   </div>
   <div class='ocr_carea' id='block_1_31' title="bbox 179 2875 1775 2963">
    <p class='ocr_par' dir='ltr' id='par_1_31' title="bbox 179 2875 1775 2963">
     <span class='ocr_line' id='line_1_31' title="bbox 179 2875 1775 2963; baseline 0.012 -37"><span class='ocrx_word' id='word_1_240' title='bbox 179 2875 311 2944; x_wconf 73' lang='grc' dir='ltr'>φὸς,</span> <span class='ocrx_word' id='word_1_241' title='bbox 343 2877 678 2949; x_wconf 84' lang='grc' dir='ltr'>προθέμενος</span> <span class='ocrx_word' id='word_1_242' title='bbox 706 2883 881 2938; x_wconf 87' lang='grc' dir='ltr'>οἰκίαν</span> <span class='ocrx_word' id='word_1_243' title='bbox 922 2886 1256 2956; x_wconf 89' lang='grc' dir='ltr'>οἰκοδομεῖν,</span> <span class='ocrx_word' id='word_1_244' title='bbox 1301 2888 1608 2959; x_wconf 80' lang='grc' dir='ltr'>βουλεύεται</span> <span class='ocrx_word' id='word_1_245' title='bbox 1639 2892 1775 2963; x_wconf 79' lang='grc' dir='ltr'>ἅμα,</span> 
     </span>
    </p>
   </div>
   <div class='ocr_carea' id='block_1_32' title="bbox 181 2967 1778 3049">
    <p class='ocr_par' dir='ltr' id='par_1_32' title="bbox 181 2967 1778 3049">
     <span class='ocr_line' id='line_1_32' title="bbox 181 2967 1778 3049; baseline 0.011 -30"><span class='ocrx_word' id='word_1_246' title='bbox 181 2967 296 3032; x_wconf 82' lang='grc' dir='ltr'>ῐνα,</span> <span class='ocrx_word' id='word_1_247' title='bbox 344 2968 441 3022; x_wconf 82' lang='grc' dir='ltr'><strong>ὲάν</strong></span> <span class='ocrx_word' id='word_1_248' title='bbox 483 2987 633 3038; x_wconf 46' lang='grc' dir='ltr'>,ποτε</span> <span class='ocrx_word' id='word_1_249' title='bbox 687 2974 780 3028; x_wconf 81' lang='grc' dir='ltr'><strong>καὶ</strong></span> <span class='ocrx_word' id='word_1_250' title='bbox 826 2975 1005 3048; x_wconf 83' lang='grc' dir='ltr'>φθαρῇ</span> <span class='ocrx_word' id='word_1_251' title='bbox 1061 2977 1198 3048; x_wconf 82' lang='grc' dir='ltr'>μετὰ</span> <span class='ocrx_word' id='word_1_252' title='bbox 1247 2979 1308 3032; x_wconf 79' lang='grc' dir='ltr'><strong>τὸ</strong></span> <span class='ocrx_word' id='word_1_253' title='bbox 1351 2980 1600 3049; x_wconf 85' lang='grc' dir='ltr'>γενέσθαι</span> <span class='ocrx_word' id='word_1_254' title='bbox 1644 2983 1778 3036; x_wconf 83' lang='grc' dir='ltr'>ταύ-</span> 
     </span>
    </p>
   </div>
   <div class='ocr_carea' id='block_1_33' title="bbox 177 3061 1774 3146">
    <p class='ocr_par' dir='ltr' id='par_1_33' title="bbox 177 3061 1774 3146">
     <span class='ocr_line' id='line_1_33' title="bbox 177 3061 1774 3146; baseline 0.01 -32"><span class='ocrx_word' id='word_1_255' title='bbox 177 3078 286 3132; x_wconf 80' lang='grc' dir='ltr'><strong>την</strong></span> <span class='ocrx_word' id='word_1_256' title='bbox 321 3061 458 3134; x_wconf 70' lang='grc'>(94),</span> <span class='ocrx_word' id='word_1_257' title='bbox 486 3064 646 3119; x_wconf 80' lang='grc' dir='ltr'>πάλιν</span> <span class='ocrx_word' id='word_1_258' title='bbox 670 3067 1062 3141; x_wconf 83' lang='grc' dir='ltr'>ἀνανεώσηται,</span> <span class='ocrx_word' id='word_1_259' title='bbox 1105 3070 1265 3125; x_wconf 79' lang='grc' dir='ltr'>τοῦτο</span> <span class='ocrx_word' id='word_1_260' title='bbox 1296 3072 1353 3126; x_wconf 87' lang='grc' dir='ltr'>δὲ</span> <span class='ocrx_word' id='word_1_261' title='bbox 1393 3072 1774 3146; x_wconf 81' lang='grc' dir='ltr'>βουλευόμενος</span> 
     </span>
    </p>
   </div>
   <div class='ocr_carea' id='block_1_34' title="bbox 1895 611 3461 688">
    <p class='ocr_par' dir='ltr' id='par_1_34' title="bbox 1895 611 3461 688">
     <span class='ocr_line' id='line_1_34' title="bbox 1895 611 3461 688; baseline 0.007 -22"><span class='ocrx_word' id='word_1_262' title='bbox 1895 612 1953 666; x_wconf 92' lang='lat' dir='ltr'><strong>in</strong></span> <span class='ocrx_word' id='word_1_263' title='bbox 1985 611 2200 669; x_wconf 91' lang='lat' dir='ltr'><strong>Christo</strong></span> <span class='ocrx_word' id='word_1_264' title='bbox 2223 621 2369 669; x_wconf 90' lang='lat' dir='ltr'><strong>esset</strong></span> <span class='ocrx_word' id='word_1_265' title='bbox 2390 625 2710 685; x_wconf 86' lang='lat' dir='ltr'><strong>praeparata.</strong></span> <span class='ocrx_word' id='word_1_266' title='bbox 2737 615 2922 688; x_wconf 78' lang='lat' dir='ltr'><strong>Itaque</strong></span> <span class='ocrx_word' id='word_1_267' title='bbox 2941 618 3066 688; x_wconf 85' lang='lat' dir='ltr'><strong>jure</strong></span> <span class='ocrx_word' id='word_1_268' title='bbox 3100 618 3461 681; x_wconf 84' lang='lat' dir='ltr'><strong>meritoVer-</strong></span> 
     </span>
    </p>
   </div>
   <div class='ocr_carea' id='block_1_35' title="bbox 1892 703 3465 784">
    <p class='ocr_par' dir='ltr' id='par_1_35' title="bbox 1892 703 3465 784">
     <span class='ocr_line' id='line_1_35' title="bbox 1892 703 3465 784; baseline 0.006 -26"><span class='ocrx_word' id='word_1_269' title='bbox 1892 703 2022 758; x_wconf 90' lang='lat' dir='ltr'><strong>bum</strong></span> <span class='ocrx_word' id='word_1_270' title='bbox 2054 704 2109 758; x_wconf 91' lang='lat' dir='ltr'><strong>in</strong></span> <span class='ocrx_word' id='word_1_271' title='bbox 2155 715 2400 761; x_wconf 88' lang='lat' dir='ltr'><strong>nostram</strong></span> <span class='ocrx_word' id='word_1_272' title='bbox 2439 707 2667 763; x_wconf 91' lang='lat' dir='ltr'><strong>veniens</strong></span> <span class='ocrx_word' id='word_1_273' title='bbox 2695 723 2935 775; x_wconf 90' lang='lat' dir='ltr'><strong>carnem,</strong></span> <span class='ocrx_word' id='word_1_274' title='bbox 2972 711 3025 764; x_wconf 92' lang='lat' dir='ltr'><strong>in</strong></span> <span class='ocrx_word' id='word_1_275' title='bbox 3053 727 3224 782; x_wconf 89' lang='lat' dir='ltr'><strong>eaque</strong></span> <span class='ocrx_word' id='word_1_276' title='bbox 3258 711 3465 784; x_wconf 83' lang='lat' dir='ltr'><strong>princi-</strong></span> 
     </span>
    </p>
   </div>
   <div class='ocr_carea' id='block_1_36' title="bbox 1893 794 3463 868">
    <p class='ocr_par' dir='ltr' id='par_1_36' title="bbox 1893 794 3463 868">
     <span class='ocr_line' id='line_1_36' title="bbox 1893 794 3463 868; baseline 0.007 -20"><span class='ocrx_word' id='word_1_277' title='bbox 1893 794 2040 864; x_wconf 83' lang='lat' dir='ltr'><strong>pium</strong></span> <span class='ocrx_word' id='word_1_278' title='bbox 2072 795 2285 849; x_wconf 82' lang='lat' dir='ltr'><strong>viarum</strong></span> <span class='ocrx_word' id='word_1_279' title='bbox 2321 795 2375 850; x_wconf 91' lang='lat' dir='ltr'><strong>in</strong></span> <span class='ocrx_word' id='word_1_280' title='bbox 2402 811 2566 866; x_wconf 85' lang='lat' dir='ltr'><strong>opera</strong></span> <span class='ocrx_word' id='word_1_281' title='bbox 2599 813 2697 853; x_wconf 90' lang='lat' dir='ltr'><strong>sua</strong></span> <span class='ocrx_word' id='word_1_282' title='bbox 2722 809 2988 868; x_wconf 87' lang='lat' dir='ltr'><strong>creatum,</strong></span> <span class='ocrx_word' id='word_1_283' title='bbox 3009 802 3113 860; x_wconf 85' lang='lat' dir='ltr'><strong>hac</strong></span> <span class='ocrx_word' id='word_1_284' title='bbox 3144 803 3374 866; x_wconf 81' lang='lat' dir='ltr'><strong>ratione,</strong></span> <span class='ocrx_word' id='word_1_285' title='bbox 3403 811 3463 862; x_wconf 85' lang='lat' dir='ltr'><strong>ut</strong></span> 
     </span>
    </p>
   </div>
   <div class='ocr_carea' id='block_1_37' title="bbox 1892 886 3462 957">
    <p class='ocr_par' dir='ltr' id='par_1_37' title="bbox 1892 886 3462 957">
     <span class='ocr_line' id='line_1_37' title="bbox 1892 886 3462 957; baseline 0.005 -17"><span class='ocrx_word' id='word_1_286' title='bbox 1892 895 2012 942; x_wconf 90' lang='lat' dir='ltr'><strong>erat</strong></span> <span class='ocrx_word' id='word_1_287' title='bbox 2043 887 2099 940; x_wconf 89' lang='lat' dir='ltr'><strong>in</strong></span> <span class='ocrx_word' id='word_1_288' title='bbox 2129 887 2250 956; x_wconf 94' lang='lat' dir='ltr'><strong>ipso</strong></span> <span class='ocrx_word' id='word_1_289' title='bbox 2275 886 2454 944; x_wconf 87' lang='lat' dir='ltr'><strong>Patris</strong></span> <span class='ocrx_word' id='word_1_290' title='bbox 2483 889 2760 957; x_wconf 82' lang='lat' dir='ltr'><strong>voluntas,</strong></span> <span class='ocrx_word' id='word_1_291' title='bbox 2797 890 3075 956; x_wconf 84' lang='lat' dir='ltr'><strong>fundatur,</strong></span> <span class='ocrx_word' id='word_1_292' title='bbox 3105 892 3266 948; x_wconf 88' lang='lat' dir='ltr'><strong>sicuti</strong></span> <span class='ocrx_word' id='word_1_293' title='bbox 3305 907 3462 950; x_wconf 84' lang='lat' dir='ltr'><strong>com-</strong></span> 
     </span>
    </p>
   </div>
   <div class='ocr_carea' id='block_1_38' title="bbox 1890 988 3478 1056">
    <p class='ocr_par' dir='ltr' id='par_1_38' title="bbox 1890 988 3478 1056">
     <span class='ocr_line' id='line_1_38' title="bbox 1890 988 3478 1056; baseline 0.004 -23"><span class='ocrx_word' id='word_1_294' title='bbox 1890 988 2254 1035; x_wconf 88' lang='lat' dir='ltr'><strong>memoratum</strong></span> <span class='ocrx_word' id='word_1_295' title='bbox 2301 989 2406 1049; x_wconf 88' lang='lat' dir='ltr'><strong>est,</strong></span> <span class='ocrx_word' id='word_1_296' title='bbox 2459 991 2584 1037; x_wconf 84' lang='lat' dir='ltr'><strong>ante</strong></span> <span class='ocrx_word' id='word_1_297' title='bbox 2626 999 2823 1049; x_wconf 73' lang='lat' dir='ltr'><strong>aevum,</strong></span> <span class='ocrx_word' id='word_1_298' title='bbox 2863 993 2920 1040; x_wconf 91' lang='lat' dir='ltr'><strong>et</strong></span> <span class='ocrx_word' id='word_1_299' title='bbox 2968 994 3259 1056; x_wconf 86' lang='lat' dir='ltr'><strong>antequam</strong></span> <span class='ocrx_word' id='word_1_300' title='bbox 3312 994 3478 1049; x_wconf 76' lang='lat' dir='ltr'><strong>terra_</strong></span> 
     </span>
    </p>
   </div>
   <div class='ocr_carea' id='block_1_39' title="bbox 1890 1069 3461 1146">
    <p class='ocr_par' dir='ltr' id='par_1_39' title="bbox 1890 1069 3461 1146">
     <span class='ocr_line' id='line_1_39' title="bbox 1890 1069 3461 1146; baseline 0.004 -22"><span class='ocrx_word' id='word_1_301' title='bbox 1890 1069 2064 1134; x_wconf 84' lang='lat' dir='ltr'><strong>ﬁeret,</strong></span> <span class='ocrx_word' id='word_1_302' title='bbox 2100 1080 2156 1126; x_wconf 89' lang='lat' dir='ltr'><strong>et</strong></span> <span class='ocrx_word' id='word_1_303' title='bbox 2198 1081 2414 1127; x_wconf 87' lang='lat' dir='ltr'><strong>montes</strong></span> <span class='ocrx_word' id='word_1_304' title='bbox 2445 1073 2863 1142; x_wconf 80' lang='lat' dir='ltr'><strong>collocarentur,</strong></span> <span class='ocrx_word' id='word_1_305' title='bbox 2895 1075 3181 1146; x_wconf 81' lang='lat' dir='ltr'><strong>fontesque</strong></span> <span class='ocrx_word' id='word_1_306' title='bbox 3223 1077 3461 1130; x_wconf 83' lang='lat' dir='ltr'><strong>scaturi-</strong></span> 
     </span>
    </p>
   </div>
   <div class='ocr_carea' id='block_1_40' title="bbox 1888 1163 3462 1245">
    <p class='ocr_par' dir='ltr' id='par_1_40' title="bbox 1888 1163 3462 1245">
     <span class='ocr_line' id='line_1_40' title="bbox 1888 1163 3462 1245; baseline 0.005 -30"><span class='ocrx_word' id='word_1_307' title='bbox 1888 1170 2010 1217; x_wconf 88' lang='lat' dir='ltr'><strong>rent</strong></span> <span class='ocrx_word' id='word_1_308' title='bbox 2031 1163 2099 1228; x_wconf 79' lang='grc'><strong>⁷⁸,</strong></span> <span class='ocrx_word' id='word_1_309' title='bbox 2150 1178 2220 1219; x_wconf 92' lang='lat' dir='ltr'><strong>ne</strong></span> <span class='ocrx_word' id='word_1_310' title='bbox 2251 1164 2478 1229; x_wconf 86' lang='lat' dir='ltr'><strong>scilicet,</strong></span> <span class='ocrx_word' id='word_1_311' title='bbox 2508 1181 2632 1220; x_wconf 89' lang='lat' dir='ltr'><strong>cum</strong></span> <span class='ocrx_word' id='word_1_312' title='bbox 2670 1177 2846 1230; x_wconf 70' lang='lat' dir='ltr'><strong>terra,</strong></span> <span class='ocrx_word' id='word_1_313' title='bbox 2892 1176 3127 1234; x_wconf 91' lang='lat' dir='ltr'><strong>montes,</strong></span> <span class='ocrx_word' id='word_1_314' title='bbox 3175 1166 3462 1245; x_wconf 56' lang='lat' dir='ltr'><strong>531m-</strong></span> 
     </span>
    </p>
   </div>
   <div class='ocr_carea' id='block_1_41' title="bbox 1887 1257 3459 1331">
    <p class='ocr_par' dir='ltr' id='par_1_41' title="bbox 1887 1257 3459 1331">
     <span class='ocr_line' id='line_1_41' title="bbox 1887 1257 3459 1331; baseline 0.004 -21"><span class='ocrx_word' id='word_1_315' title='bbox 1887 1270 2122 1326; x_wconf 90' lang='lat' dir='ltr'><strong>rumque</strong></span> <span class='ocrx_word' id='word_1_316' title='bbox 2153 1257 2532 1325; x_wconf 87' lang='lat' dir='ltr'><strong>apparentium</strong></span> <span class='ocrx_word' id='word_1_317' title='bbox 2559 1259 2747 1327; x_wconf 69' lang='lat' dir='ltr'><strong>ﬁgura:</strong></span> <span class='ocrx_word' id='word_1_318' title='bbox 2794 1259 2850 1312; x_wconf 90' lang='lat' dir='ltr'><strong>in</strong></span> <span class='ocrx_word' id='word_1_319' title='bbox 2906 1258 3012 1316; x_wconf 79' lang='lat' dir='ltr'><strong>fine</strong></span> <span class='ocrx_word' id='word_1_320' title='bbox 3047 1260 3332 1331; x_wconf 62' lang='lat' dir='ltr'><strong>praesentis</strong></span> <span class='ocrx_word' id='word_1_321' title='bbox 3360 1259 3459 1316; x_wconf 70' lang='grc' dir='ltr'><strong>τενί</strong></span> 
     </span>
    </p>
   </div>
   <div class='ocr_carea' id='block_1_42' title="bbox 1886 1344 3471 1415">
    <p class='ocr_par' dir='ltr' id='par_1_42' title="bbox 1886 1344 3471 1415">
     <span class='ocr_line' id='line_1_42' title="bbox 1886 1344 3471 1415; baseline 0.001 -15"><span class='ocrx_word' id='word_1_322' title='bbox 1886 1344 2271 1415; x_wconf 65' lang='lat' dir='ltr'><strong>praeterierint,</strong></span> <span class='ocrx_word' id='word_1_323' title='bbox 2305 1361 2426 1412; x_wconf 94' lang='lat' dir='ltr'><strong>nos,</strong></span> <span class='ocrx_word' id='word_1_324' title='bbox 2461 1347 2730 1410; x_wconf 87' lang='lat' dir='ltr'><strong>similiter,</strong></span> <span class='ocrx_word' id='word_1_325' title='bbox 2762 1358 2820 1402; x_wconf 89' lang='lat' dir='ltr'><strong>ut</strong></span> <span class='ocrx_word' id='word_1_326' title='bbox 2865 1347 2954 1402; x_wconf 82' lang='lat' dir='ltr'><strong>illa</strong></span> <span class='ocrx_word' id='word_1_327' title='bbox 2976 1390 2991 1415; x_wconf 93' lang='lat'><strong>,</strong></span> <span class='ocrx_word' id='word_1_328' title='bbox 3022 1358 3288 1404; x_wconf 83' lang='lat' dir='ltr'><strong>vetustate</strong></span> <span class='ocrx_word' id='word_1_329' title='bbox 3324 1363 3471 1402; x_wconf 57' lang='grc' dir='ltr'><strong>(δοκι-ι</strong></span> 
     </span>
    </p>
   </div>
   <div class='ocr_carea' id='block_1_43' title="bbox 1887 1438 3459 1509">
    <p class='ocr_par' dir='ltr' id='par_1_43' title="bbox 1887 1438 3459 1509">
     <span class='ocr_line' id='line_1_43' title="bbox 1887 1438 3459 1509; baseline 0.004 -17"><span class='ocrx_word' id='word_1_330' title='bbox 1887 1438 2213 1505; x_wconf 85' lang='lat' dir='ltr'><strong>tieeremur;</strong></span> <span class='ocrx_word' id='word_1_331' title='bbox 2244 1439 2335 1495; x_wconf 85' lang='lat' dir='ltr'><strong>sed</strong></span> <span class='ocrx_word' id='word_1_332' title='bbox 2372 1438 2552 1507; x_wconf 80' lang='lat' dir='ltr'><strong>potius</strong></span> <span class='ocrx_word' id='word_1_333' title='bbox 2584 1448 2644 1492; x_wconf 91' lang='lat' dir='ltr'><strong>ut</strong></span> <span class='ocrx_word' id='word_1_334' title='bbox 2669 1441 2832 1494; x_wconf 87' lang='lat' dir='ltr'><strong>etiam</strong></span> <span class='ocrx_word' id='word_1_335' title='bbox 2865 1450 3054 1509; x_wconf 86' lang='lat' dir='ltr'><strong>postea</strong></span> <span class='ocrx_word' id='word_1_336' title='bbox 3089 1441 3270 1497; x_wconf 85' lang='lat' dir='ltr'><strong>vivere</strong></span> <span class='ocrx_word' id='word_1_337' title='bbox 3309 1446 3459 1499; x_wconf 81' lang='lat' dir='ltr'><strong>vale-</strong></span> 
     </span>
    </p>
   </div>
   <div class='ocr_carea' id='block_1_44' title="bbox 1887 1528 3460 1603">
    <p class='ocr_par' dir='ltr' id='par_1_44' title="bbox 1887 1528 3460 1603">
     <span class='ocr_line' id='line_1_44' title="bbox 1887 1528 3460 1603; baseline 0.005 -21"><span class='ocrx_word' id='word_1_338' title='bbox 1887 1544 2092 1593; x_wconf 86' lang='lat' dir='ltr'><strong>remus,</strong></span> <span class='ocrx_word' id='word_1_339' title='bbox 2134 1537 2325 1598; x_wconf 88' lang='lat' dir='ltr'><strong>utpote</strong></span> <span class='ocrx_word' id='word_1_340' title='bbox 2369 1528 2461 1600; x_wconf 87' lang='lat' dir='ltr'><strong>qui</strong></span> <span class='ocrx_word' id='word_1_341' title='bbox 2491 1530 2647 1584; x_wconf 89' lang='lat' dir='ltr'><strong>nobis</strong></span> <span class='ocrx_word' id='word_1_342' title='bbox 2677 1540 2802 1583; x_wconf 87' lang='lat' dir='ltr'><strong>ante</strong></span> <span class='ocrx_word' id='word_1_343' title='bbox 2829 1545 2917 1585; x_wconf 91' lang='lat' dir='ltr'><strong>res</strong></span> <span class='ocrx_word' id='word_1_344' title='bbox 2946 1531 3067 1588; x_wconf 86' lang='lat' dir='ltr'><strong>illas</strong></span> <span class='ocrx_word' id='word_1_345' title='bbox 3097 1545 3460 1603; x_wconf 67' lang='lat' dir='ltr'><strong>praeparatam</strong></span> 
     </span>
    </p>
   </div>
   <div class='ocr_carea' id='block_1_45' title="bbox 1885 1619 3460 1690">
    <p class='ocr_par' dir='ltr' id='par_1_45' title="bbox 1885 1619 3460 1690">
     <span class='ocr_line' id='line_1_45' title="bbox 1885 1619 3460 1690; baseline 0.004 -16"><span class='ocrx_word' id='word_1_346' title='bbox 1885 1621 1940 1674; x_wconf 90' lang='lat' dir='ltr'><strong>in</strong></span> <span class='ocrx_word' id='word_1_347' title='bbox 1972 1621 2091 1690; x_wconf 90' lang='lat' dir='ltr'><strong>ipso</strong></span> <span class='ocrx_word' id='word_1_348' title='bbox 2131 1619 2310 1674; x_wconf 83' lang='lat' dir='ltr'><strong>Verbo</strong></span> <span class='ocrx_word' id='word_1_349' title='bbox 2353 1620 2655 1676; x_wconf 80' lang='lat' dir='ltr'><strong>habeamus</strong></span> <span class='ocrx_word' id='word_1_350' title='bbox 2685 1622 2987 1682; x_wconf 90' lang='lat' dir='ltr'><strong>secundum</strong></span> <span class='ocrx_word' id='word_1_351' title='bbox 3016 1623 3337 1680; x_wconf 88' lang='lat' dir='ltr'><strong>electionem</strong></span> <span class='ocrx_word' id='word_1_352' title='bbox 3373 1627 3460 1680; x_wconf 80' lang='lat' dir='ltr'><strong>vi-</strong></span> 
     </span>
    </p>
   </div>
   <div class='ocr_carea' id='block_1_46' title="bbox 1887 1713 3460 1784">
    <p class='ocr_par' dir='ltr' id='par_1_46' title="bbox 1887 1713 3460 1784">
     <span class='ocr_line' id='line_1_46' title="bbox 1887 1713 3460 1784; baseline 0.004 -16"><span class='ocrx_word' id='word_1_353' title='bbox 1887 1724 1995 1768; x_wconf 91' lang='lat' dir='ltr'><strong>tam</strong></span> <span class='ocrx_word' id='word_1_354' title='bbox 2029 1722 2084 1769; x_wconf 91' lang='lat' dir='ltr'><strong>et</strong></span> <span class='ocrx_word' id='word_1_355' title='bbox 2110 1714 2545 1770; x_wconf 84' lang='lat' dir='ltr'><strong>benedictionem</strong></span> <span class='ocrx_word' id='word_1_356' title='bbox 2576 1713 2940 1784; x_wconf 89' lang='lat' dir='ltr'><strong>spiritualem.</strong></span> <span class='ocrx_word' id='word_1_357' title='bbox 2977 1716 3068 1772; x_wconf 91' lang='lat' dir='ltr'><strong>Sic</strong></span> <span class='ocrx_word' id='word_1_358' title='bbox 3108 1719 3255 1773; x_wconf 89' lang='lat' dir='ltr'><strong>enim</strong></span> <span class='ocrx_word' id='word_1_359' title='bbox 3286 1721 3460 1775; x_wconf 82' lang='lat' dir='ltr'><strong>vitam</strong></span> 
     </span>
    </p>
   </div>
   <div class='ocr_carea' id='block_1_47' title="bbox 1886 1805 3459 1880">
    <p class='ocr_par' dir='ltr' id='par_1_47' title="bbox 1886 1805 3459 1880">
     <span class='ocr_line' id='line_1_47' title="bbox 1886 1805 3459 1880; baseline 0.004 -21"><span class='ocrx_word' id='word_1_360' title='bbox 1886 1806 2109 1860; x_wconf 91' lang='lat' dir='ltr'><strong>minime</strong></span> <span class='ocrx_word' id='word_1_361' title='bbox 2140 1805 2344 1860; x_wconf 84' lang='lat' dir='ltr'><strong>ﬂuxam</strong></span> <span class='ocrx_word' id='word_1_362' title='bbox 2377 1807 2562 1862; x_wconf 85' lang='lat' dir='ltr'><strong>licebit</strong></span> <span class='ocrx_word' id='word_1_363' title='bbox 2590 1808 2889 1878; x_wconf 70' lang='lat' dir='ltr'><strong>consequi,</strong></span> <span class='ocrx_word' id='word_1_364' title='bbox 2931 1818 3358 1880; x_wconf 90' lang='lat' dir='ltr'><strong>constanterque</strong></span> <span class='ocrx_word' id='word_1_365' title='bbox 3403 1815 3459 1866; x_wconf 93' lang='lat' dir='ltr'><strong>in</strong></span> 
     </span>
    </p>
   </div>
   <div class='ocr_carea' id='block_1_48' title="bbox 1887 1895 3463 1967">
    <p class='ocr_par' dir='ltr' id='par_1_48' title="bbox 1887 1895 3463 1967">
     <span class='ocr_line' id='line_1_48' title="bbox 1887 1895 3463 1967; baseline 0.004 -18"><span class='ocrx_word' id='word_1_366' title='bbox 1887 1895 2106 1950; x_wconf 87' lang='lat' dir='ltr'><strong>Christo</strong></span> <span class='ocrx_word' id='word_1_367' title='bbox 2135 1895 2402 1960; x_wconf 86' lang='lat' dir='ltr'><strong>vivemus,</strong></span> <span class='ocrx_word' id='word_1_368' title='bbox 2440 1897 2703 1967; x_wconf 88' lang='lat' dir='ltr'><strong>quoniam</strong></span> <span class='ocrx_word' id='word_1_369' title='bbox 2734 1909 2859 1954; x_wconf 89' lang='lat' dir='ltr'><strong>ante</strong></span> <span class='ocrx_word' id='word_1_370' title='bbox 2895 1899 2986 1954; x_wconf 92' lang='lat' dir='ltr'><strong>illa</strong></span> <span class='ocrx_word' id='word_1_371' title='bbox 3013 1901 3198 1955; x_wconf 89' lang='lat' dir='ltr'><strong>omnia</strong></span> <span class='ocrx_word' id='word_1_372' title='bbox 3225 1902 3332 1956; x_wconf 91' lang='lat' dir='ltr'><strong>vita</strong></span> <span class='ocrx_word' id='word_1_373' title='bbox 3361 1918 3463 1956; x_wconf 86' lang='lat' dir='ltr'><strong>no-</strong></span> 
     </span>
    </p>
   </div>
   <div class='ocr_carea' id='block_1_49' title="bbox 1885 1985 3241 2061">
    <p class='ocr_par' dir='ltr' id='par_1_49' title="bbox 1885 1985 3241 2061">
     <span class='ocr_line' id='line_1_49' title="bbox 1885 1985 3241 2061; baseline 0.004 -19"><span class='ocrx_word' id='word_1_374' title='bbox 1885 1995 1997 2042; x_wconf 88' lang='lat' dir='ltr'><strong>stra</strong></span> <span class='ocrx_word' id='word_1_375' title='bbox 2022 1987 2078 2042; x_wconf 89' lang='lat' dir='ltr'><strong>in</strong></span> <span class='ocrx_word' id='word_1_376' title='bbox 2111 1985 2328 2043; x_wconf 86' lang='lat' dir='ltr'><strong>Christo</strong></span> <span class='ocrx_word' id='word_1_377' title='bbox 2357 1985 2488 2043; x_wconf 77' lang='lat' dir='ltr'><strong>Jesu</strong></span> <span class='ocrx_word' id='word_1_378' title='bbox 2514 1986 2740 2044; x_wconf 82' lang='lat' dir='ltr'><strong>fundata</strong></span> <span class='ocrx_word' id='word_1_379' title='bbox 2764 1998 2818 2044; x_wconf 89' lang='lat' dir='ltr'><strong>et</strong></span> <span class='ocrx_word' id='word_1_380' title='bbox 2839 2000 3028 2061; x_wconf 88' lang='lat' dir='ltr'><strong>parata</strong></span> <span class='ocrx_word' id='word_1_381' title='bbox 3063 1992 3241 2049; x_wconf 81' lang='lat' dir='ltr'><strong>fuerit.</strong></span> 
     </span>
    </p>
   </div>
   <div class='ocr_carea' id='block_1_50' title="bbox 1954 2166 3460 2242">
    <p class='ocr_par' dir='ltr' id='par_1_50' title="bbox 1954 2166 3460 2242">
     <span class='ocr_line' id='line_1_50' title="bbox 1954 2166 3460 2242; baseline 0.004 -20"><span class='ocrx_word' id='word_1_382' title='bbox 1954 2168 2041 2223; x_wconf 85' lang='lat'><strong>77.</strong></span> <span class='ocrx_word' id='word_1_383' title='bbox 2068 2166 2186 2225; x_wconf 85' lang='lat' dir='ltr'><strong>Nec</strong></span> <span class='ocrx_word' id='word_1_384' title='bbox 2206 2169 2350 2224; x_wconf 90' lang='lat' dir='ltr'><strong>enim</strong></span> <span class='ocrx_word' id='word_1_385' title='bbox 2385 2169 2440 2224; x_wconf 91' lang='lat' dir='ltr'><strong>in</strong></span> <span class='ocrx_word' id='word_1_386' title='bbox 2468 2170 2576 2226; x_wconf 90' lang='lat' dir='ltr'><strong>alio</strong></span> <span class='ocrx_word' id='word_1_387' title='bbox 2627 2188 2792 2242; x_wconf 90' lang='lat' dir='ltr'><strong>quam</strong></span> <span class='ocrx_word' id='word_1_388' title='bbox 2849 2172 2904 2226; x_wconf 92' lang='lat' dir='ltr'><strong>in</strong></span> <span class='ocrx_word' id='word_1_389' title='bbox 2953 2171 3184 2228; x_wconf 86' lang='lat' dir='ltr'><strong>Domino</strong></span> <span class='ocrx_word' id='word_1_390' title='bbox 3233 2174 3325 2242; x_wconf 87' lang='lat' dir='ltr'><strong>qui</strong></span> <span class='ocrx_word' id='word_1_391' title='bbox 3375 2183 3460 2228; x_wconf 92' lang='lat' dir='ltr'><strong>est</strong></span> 
     </span>
    </p>
   </div>
   <div class='ocr_carea' id='block_1_51' title="bbox 1881 2263 3460 2334">
    <p class='ocr_par' dir='ltr' id='par_1_51' title="bbox 1881 2263 3460 2334">
     <span class='ocr_line' id='line_1_51' title="bbox 1881 2263 3460 2334; baseline 0.001 -18"><span class='ocrx_word' id='word_1_392' title='bbox 1881 2270 2006 2316; x_wconf 88' lang='lat' dir='ltr'><strong>ante</strong></span> <span class='ocrx_word' id='word_1_393' title='bbox 2033 2263 2252 2328; x_wconf 62' lang='lat' dir='ltr'><strong>sacula,</strong></span> <span class='ocrx_word' id='word_1_394' title='bbox 2278 2273 2332 2317; x_wconf 89' lang='lat' dir='ltr'><strong>et</strong></span> <span class='ocrx_word' id='word_1_395' title='bbox 2357 2278 2454 2332; x_wconf 91' lang='lat' dir='ltr'><strong>per</strong></span> <span class='ocrx_word' id='word_1_396' title='bbox 2481 2279 2645 2334; x_wconf 90' lang='lat' dir='ltr'><strong>quem</strong></span> <span class='ocrx_word' id='word_1_397' title='bbox 2678 2263 2819 2319; x_wconf 80' lang='lat' dir='ltr'><strong>facta</strong></span> <span class='ocrx_word' id='word_1_398' title='bbox 2843 2271 2972 2319; x_wconf 90' lang='lat' dir='ltr'><strong>sunt</strong></span> <span class='ocrx_word' id='word_1_399' title='bbox 3009 2264 3208 2319; x_wconf 67' lang='lat' dir='ltr'><strong>saecula</strong></span> <span class='ocrx_word' id='word_1_400' title='bbox 3258 2265 3327 2332; x_wconf 84' lang='grc'><strong>⁷⁷,</strong></span> <span class='ocrx_word' id='word_1_401' title='bbox 3377 2265 3460 2318; x_wconf 90' lang='lat' dir='ltr'><strong>vi-</strong></span> 
     </span>
    </p>
   </div>
   <div class='ocr_carea' id='block_1_52' title="bbox 1879 2350 3454 2423">
    <p class='ocr_par' dir='ltr' id='par_1_52' title="bbox 1879 2350 3454 2423">
     <span class='ocr_line' id='line_1_52' title="bbox 1879 2350 3454 2423; baseline 0.005 -20"><span class='ocrx_word' id='word_1_402' title='bbox 1879 2355 1990 2403; x_wconf 89' lang='lat' dir='ltr'><strong>tam</strong></span> <span class='ocrx_word' id='word_1_403' title='bbox 2025 2359 2270 2405; x_wconf 89' lang='lat' dir='ltr'><strong>nostram</strong></span> <span class='ocrx_word' id='word_1_404' title='bbox 2300 2350 2516 2406; x_wconf 83' lang='lat' dir='ltr'><strong>fundari</strong></span> <span class='ocrx_word' id='word_1_405' title='bbox 2541 2368 2640 2423; x_wconf 90' lang='lat' dir='ltr'><strong>par</strong></span> <span class='ocrx_word' id='word_1_406' title='bbox 2667 2362 2805 2418; x_wconf 90' lang='lat' dir='ltr'><strong>erat,</strong></span> <span class='ocrx_word' id='word_1_407' title='bbox 2833 2363 2914 2418; x_wconf 88' lang='lat' dir='ltr'><strong>ut,</strong></span> <span class='ocrx_word' id='word_1_408' title='bbox 2948 2369 3073 2408; x_wconf 91' lang='lat' dir='ltr'><strong>cum</strong></span> <span class='ocrx_word' id='word_1_409' title='bbox 3118 2353 3208 2407; x_wconf 89' lang='lat' dir='ltr'><strong>illa</strong></span> <span class='ocrx_word' id='word_1_410' title='bbox 3238 2353 3292 2407; x_wconf 92' lang='lat' dir='ltr'><strong>in</strong></span> <span class='ocrx_word' id='word_1_411' title='bbox 3330 2354 3454 2423; x_wconf 90' lang='lat' dir='ltr'><strong>ipso</strong></span> 
     </span>
    </p>
   </div>
   <div class='ocr_carea' id='block_1_53' title="bbox 1879 2440 3460 2502">
    <p class='ocr_par' dir='ltr' id='par_1_53' title="bbox 1879 2440 3460 2502">
     <span class='ocr_line' id='line_1_53' title="bbox 1879 2440 3460 2502; baseline 0.004 -7"><span class='ocrx_word' id='word_1_412' title='bbox 1879 2440 2046 2496; x_wconf 86' lang='lat' dir='ltr'><strong>veluti</strong></span> <span class='ocrx_word' id='word_1_413' title='bbox 2097 2449 2244 2497; x_wconf 87' lang='lat' dir='ltr'><strong>esset</strong></span> <span class='ocrx_word' id='word_1_414' title='bbox 2268 2457 2371 2498; x_wconf 91' lang='lat' dir='ltr'><strong>nos</strong></span> <span class='ocrx_word' id='word_1_415' title='bbox 2409 2443 2572 2497; x_wconf 91' lang='lat' dir='ltr'><strong>etiam</strong></span> <span class='ocrx_word' id='word_1_416' title='bbox 2609 2453 2825 2499; x_wconf 80' lang='lat' dir='ltr'><strong>aeternae</strong></span> <span class='ocrx_word' id='word_1_417' title='bbox 2869 2444 2995 2499; x_wconf 82' lang='lat' dir='ltr'><strong>vitae</strong></span> <span class='ocrx_word' id='word_1_418' title='bbox 3046 2444 3290 2501; x_wconf 88' lang='lat' dir='ltr'><strong>haeredes</strong></span> <span class='ocrx_word' id='word_1_419' title='bbox 3334 2461 3460 2502; x_wconf 84' lang='lat' dir='ltr'><strong>esse</strong></span> 
     </span>
    </p>
   </div>
   <div class='ocr_carea' id='block_1_54' title="bbox 1882 2533 3458 2608">
    <p class='ocr_par' dir='ltr' id='par_1_54' title="bbox 1882 2533 3458 2608">
     <span class='ocr_line' id='line_1_54' title="bbox 1882 2533 3458 2608; baseline 0.004 -20"><span class='ocrx_word' id='word_1_420' title='bbox 1882 2547 2194 2604; x_wconf 85' lang='lat' dir='ltr'><strong>possemus.</strong></span> <span class='ocrx_word' id='word_1_421' title='bbox 2229 2533 2416 2590; x_wconf 89' lang='lat' dir='ltr'><strong>Bonus</strong></span> <span class='ocrx_word' id='word_1_422' title='bbox 2449 2539 2596 2590; x_wconf 90' lang='lat' dir='ltr'><strong>enim</strong></span> <span class='ocrx_word' id='word_1_423' title='bbox 2628 2546 2712 2592; x_wconf 90' lang='lat' dir='ltr'><strong>est</strong></span> <span class='ocrx_word' id='word_1_424' title='bbox 2745 2537 2928 2593; x_wconf 90' lang='lat' dir='ltr'><strong>Deus:</strong></span> <span class='ocrx_word' id='word_1_425' title='bbox 2959 2538 3299 2608; x_wconf 90' lang='lat' dir='ltr'><strong>proindeque</strong></span> <span class='ocrx_word' id='word_1_426' title='bbox 3328 2553 3458 2594; x_wconf 88' lang='lat' dir='ltr'><strong>cum</strong></span> 
     </span>
    </p>
   </div>
   <div class='ocr_carea' id='block_1_55' title="bbox 1884 2625 3459 2702">
    <p class='ocr_par' dir='ltr' id='par_1_55' title="bbox 1884 2625 3459 2702">
     <span class='ocr_line' id='line_1_55' title="bbox 1884 2625 3459 2702; baseline 0.004 -23"><span class='ocrx_word' id='word_1_427' title='bbox 1884 2625 1955 2680; x_wconf 86' lang='lat' dir='ltr'><strong>sit</strong></span> <span class='ocrx_word' id='word_1_428' title='bbox 1983 2627 2208 2695; x_wconf 91' lang='lat' dir='ltr'><strong>’semper</strong></span> <span class='ocrx_word' id='word_1_429' title='bbox 2239 2626 2420 2682; x_wconf 91' lang='lat' dir='ltr'><strong>bonus</strong></span> <span class='ocrx_word' id='word_1_430' title='bbox 2443 2667 2458 2692; x_wconf 93' lang='lat'><strong>,</strong></span> <span class='ocrx_word' id='word_1_431' title='bbox 2492 2627 2545 2682; x_wconf 91' lang='lat' dir='ltr'><strong>id</strong></span> <span class='ocrx_word' id='word_1_432' title='bbox 2592 2627 2837 2698; x_wconf 82' lang='lat' dir='ltr'><strong>profecto</strong></span> <span class='ocrx_word' id='word_1_433' title='bbox 2885 2629 3080 2695; x_wconf 88' lang='lat' dir='ltr'><strong>voluit,</strong></span> <span class='ocrx_word' id='word_1_434' title='bbox 3127 2631 3328 2702; x_wconf 90' lang='lat' dir='ltr'><strong>quippe</strong></span> <span class='ocrx_word' id='word_1_435' title='bbox 3359 2631 3459 2702; x_wconf 88' lang='lat' dir='ltr'><strong>qui</strong></span> 
     </span>
    </p>
   </div>
   <div class='ocr_carea' id='block_1_56' title="bbox 1882 2716 3458 2789">
    <p class='ocr_par' dir='ltr' id='par_1_56' title="bbox 1882 2716 3458 2789">
     <span class='ocr_line' id='line_1_56' title="bbox 1882 2716 3458 2789; baseline 0.004 -19"><span class='ocrx_word' id='word_1_436' title='bbox 1882 2716 2154 2770; x_wconf 79' lang='lat' dir='ltr'><strong>infirmam</strong></span> <span class='ocrx_word' id='word_1_437' title='bbox 2193 2726 2434 2773; x_wconf 89' lang='lat' dir='ltr'><strong>nostram</strong></span> <span class='ocrx_word' id='word_1_438' title='bbox 2485 2726 2739 2773; x_wconf 91' lang='lat' dir='ltr'><strong>naturam</strong></span> <span class='ocrx_word' id='word_1_439' title='bbox 2786 2719 2906 2789; x_wconf 88' lang='lat' dir='ltr'><strong>ejus</strong></span> <span class='ocrx_word' id='word_1_440' title='bbox 2936 2720 3141 2775; x_wconf 79' lang='lat' dir='ltr'><strong>auxilio</strong></span> <span class='ocrx_word' id='word_1_441' title='bbox 3185 2730 3238 2776; x_wconf 87' lang='lat' dir='ltr'><strong>et</strong></span> <span class='ocrx_word' id='word_1_442' title='bbox 3283 2721 3458 2778; x_wconf 81' lang='lat' dir='ltr'><strong>salute</strong></span> 
     </span>
    </p>
   </div>
   <div class='ocr_carea' id='block_1_57' title="bbox 1884 2807 3520 2883">
    <p class='ocr_par' dir='ltr' id='par_1_57' title="bbox 1884 2807 3520 2883">
     <span class='ocr_line' id='line_1_57' title="bbox 1884 2807 3520 2883; baseline 0.007 -22"><span class='ocrx_word' id='word_1_443' title='bbox 1884 2821 2024 2876; x_wconf 89' lang='lat' dir='ltr'><strong>opus</strong></span> <span class='ocrx_word' id='word_1_444' title='bbox 2075 2807 2277 2864; x_wconf 89' lang='lat' dir='ltr'><strong>habere</strong></span> <span class='ocrx_word' id='word_1_445' title='bbox 2324 2819 2699 2881; x_wconf 82' lang='lat' dir='ltr'><strong>cognosceret.</strong></span> <span class='ocrx_word' id='word_1_446' title='bbox 2759 2811 2837 2867; x_wconf 78' lang='lat' dir='ltr'><strong>Ac</strong></span> <span class='ocrx_word' id='word_1_447' title='bbox 2889 2813 3350 2883; x_wconf 88' lang='lat' dir='ltr'><strong>quemadmodum</strong></span> <span class='ocrx_word' id='word_1_448' title='bbox 3408 2816 3458 2872; x_wconf 88' lang='lat' dir='ltr'><strong>si</strong></span> <span class='ocrx_word' id='word_1_449' title='bbox 3516 2865 3520 2872; x_wconf 96' lang='lat'><strong>.</strong></span> 
     </span>
    </p>
   </div>
   <div class='ocr_carea' id='block_1_58' title="bbox 1885 2899 3456 2969">
    <p class='ocr_par' dir='ltr' id='par_1_58' title="bbox 1885 2899 3456 2969">
     <span class='ocr_line' id='line_1_58' title="bbox 1885 2899 3456 2969; baseline 0.007 -18"><span class='ocrx_word' id='word_1_450' title='bbox 1885 2899 2010 2968; x_wconf 92' lang='lat' dir='ltr'><strong>quis</strong></span> <span class='ocrx_word' id='word_1_451' title='bbox 2043 2899 2264 2969; x_wconf 88' lang='lat' dir='ltr'><strong>sapiens</strong></span> <span class='ocrx_word' id='word_1_452' title='bbox 2315 2903 2648 2960; x_wconf 87' lang='lat' dir='ltr'><strong>architectus</strong></span> <span class='ocrx_word' id='word_1_453' title='bbox 2685 2903 2911 2960; x_wconf 86' lang='lat' dir='ltr'><strong>domum</strong></span> <span class='ocrx_word' id='word_1_454' title='bbox 2968 2912 3230 2961; x_wconf 86' lang='lat' dir='ltr'><strong>statueret</strong></span> <span class='ocrx_word' id='word_1_455' title='bbox 3281 2905 3456 2962; x_wconf 79' lang='lat' dir='ltr'><strong>aediﬁ-</strong></span> 
     </span>
    </p>
   </div>
   <div class='ocr_carea' id='block_1_59' title="bbox 1883 2986 3464 3062">
    <p class='ocr_par' dir='ltr' id='par_1_59' title="bbox 1883 2986 3464 3062">
     <span class='ocr_line' id='line_1_59' title="bbox 1883 2986 3464 3062; baseline 0.006 -18"><span class='ocrx_word' id='word_1_456' title='bbox 1883 3005 2030 3057; x_wconf 86' lang='lat' dir='ltr'><strong>care,</strong></span> <span class='ocrx_word' id='word_1_457' title='bbox 2058 2990 2329 3061; x_wconf 91' lang='lat' dir='ltr'><strong>simulque</strong></span> <span class='ocrx_word' id='word_1_458' title='bbox 2369 2993 2426 3047; x_wconf 91' lang='lat' dir='ltr'><strong>in</strong></span> <span class='ocrx_word' id='word_1_459' title='bbox 2459 2994 2645 3049; x_wconf 91' lang='lat' dir='ltr'><strong>animo</strong></span> <span class='ocrx_word' id='word_1_460' title='bbox 2678 2994 2904 3050; x_wconf 84' lang='lat' dir='ltr'><strong>haberet</strong></span> <span class='ocrx_word' id='word_1_461' title='bbox 2927 2996 3197 3062; x_wconf 86' lang='lat' dir='ltr'><strong>eamdem,</strong></span> <span class='ocrx_word' id='word_1_462' title='bbox 3231 2999 3277 3051; x_wconf 89' lang='lat' dir='ltr'><strong>si</strong></span> <span class='ocrx_word' id='word_1_463' title='bbox 3311 2986 3464 3053; x_wconf 63' lang='lat' dir='ltr'><strong>forte</strong></span> 
     </span>
    </p>
   </div>
   <div class='ocr_carea' id='block_1_60' title="bbox 1881 3082 3458 3159">
    <p class='ocr_par' dir='ltr' id='par_1_60' title="bbox 1881 3082 3458 3159">
     <span class='ocr_line' id='line_1_60' title="bbox 1881 3082 3458 3159; baseline 0.004 -22"><span class='ocrx_word' id='word_1_464' title='bbox 1881 3089 2069 3151; x_wconf 90' lang='lat' dir='ltr'><strong>postea</strong></span> <span class='ocrx_word' id='word_1_465' title='bbox 2099 3082 2438 3149; x_wconf 86' lang='lat' dir='ltr'><strong>destruatur,</strong></span> <span class='ocrx_word' id='word_1_466' title='bbox 2476 3087 2702 3142; x_wconf 82' lang='lat' dir='ltr'><strong>reticere</strong></span> <span class='ocrx_word' id='word_1_467' title='bbox 2731 3105 2744 3141; x_wconf 91' lang='lat'><strong>:</strong></span> <span class='ocrx_word' id='word_1_468' title='bbox 2785 3087 2875 3142; x_wconf 89' lang='lat' dir='ltr'><strong>ille</strong></span> <span class='ocrx_word' id='word_1_469' title='bbox 2899 3088 3088 3158; x_wconf 90' lang='lat' dir='ltr'><strong>utique</strong></span> <span class='ocrx_word' id='word_1_470' title='bbox 3120 3088 3274 3158; x_wconf 90' lang='lat' dir='ltr'><strong>prius</strong></span> <span class='ocrx_word' id='word_1_471' title='bbox 3315 3104 3458 3159; x_wconf 78' lang='lat' dir='ltr'><strong>prae-</strong></span> 
     </span>
    </p>
   </div>
   <div class='ocr_carea' id='block_1_61' title="bbox 179 3155 1776 3263">
    <p class='ocr_par' dir='ltr' id='par_1_61' title="bbox 179 3155 1774 3239">
     <span class='ocr_line' id='line_1_61' title="bbox 179 3155 1774 3239; baseline 0.011 -34"><span class='ocrx_word' id='word_1_472' title='bbox 179 3155 610 3227; x_wconf 79' lang='grc' dir='ltr'>προετοιμάζει,</span> <span class='ocrx_word' id='word_1_473' title='bbox 655 3161 749 3214; x_wconf 74' lang='grc' dir='ltr'>καὶ</span> <span class='ocrx_word' id='word_1_474' title='bbox 793 3161 976 3216; x_wconf 86' lang='grc' dir='ltr'>δίδωσι</span> <span class='ocrx_word' id='word_1_475' title='bbox 1023 3163 1102 3235; x_wconf 85' lang='grc' dir='ltr'><strong>τῷ</strong></span> <span class='ocrx_word' id='word_1_476' title='bbox 1157 3165 1514 3237; x_wconf 80' lang='grc' dir='ltr'>ἐργασαμένῳ</span> <span class='ocrx_word' id='word_1_477' title='bbox 1553 3168 1653 3239; x_wconf 80' lang='grc' dir='ltr'>τὴν</span> <span class='ocrx_word' id='word_1_478' title='bbox 1694 3171 1774 3232; x_wconf 84' lang='grc' dir='ltr'><strong>εἰς</strong></span> 
     </span>
    </p>
   </div>
   <div class='ocr_carea' id='block_1_62' title="bbox 1887 3155 3455 3263">
    <p class='ocr_par' dir='ltr' id='par_1_62' title="bbox 1887 3155 3455 3248">
     <span class='ocr_line' id='line_1_62' title="bbox 1887 3155 3455 3248; baseline 0.006 -23"><span class='ocrx_word' id='word_1_479' title='bbox 1887 3182 2100 3242; x_wconf 89' lang='lat' dir='ltr'><strong>pararet</strong></span> <span class='ocrx_word' id='word_1_480' title='bbox 2123 3173 2386 3245; x_wconf 89' lang='lat' dir='ltr'><strong>daretque</strong></span> <span class='ocrx_word' id='word_1_481' title='bbox 2427 3176 2623 3232; x_wconf 83' lang='lat' dir='ltr'><strong>artiﬁci</strong></span> <span class='ocrx_word' id='word_1_482' title='bbox 2652 3193 2715 3232; x_wconf 93' lang='lat' dir='ltr'><strong>ea</strong></span> <span class='ocrx_word' id='word_1_483' title='bbox 2745 3193 2866 3248; x_wconf 76' lang='lat' dir='ltr'><strong>quae</strong></span> <span class='ocrx_word' id='word_1_484' title='bbox 2891 3180 2958 3233; x_wconf 90' lang='lat' dir='ltr'><strong>ad</strong></span> <span class='ocrx_word' id='word_1_485' title='bbox 2994 3155 3455 3235; x_wconf 38' lang='lat' dir='ltr'><strong>instauratio-nem</strong></span> 
     </span>
    </p>
   </div>
   <div class='ocr_carea' id='block_1_63' title="bbox 176 3245 1773 3331">
    <p class='ocr_par' dir='ltr' id='par_1_63' title="bbox 176 3245 1773 3331">
     <span class='ocr_line' id='line_1_63' title="bbox 176 3245 1773 3331; baseline 0.011 -35"><span class='ocrx_word' id='word_1_486' title='bbox 176 3245 487 3301; x_wconf 78' lang='grc' dir='ltr'>ἀνανέωσιν</span> <span class='ocrx_word' id='word_1_487' title='bbox 527 3250 638 3321; x_wconf 84' lang='grc'>(95)</span> <span class='ocrx_word' id='word_1_488' title='bbox 666 3254 1040 3327; x_wconf 86' lang='grc' dir='ltr'>παρασκευὴν,</span> <span class='ocrx_word' id='word_1_489' title='bbox 1064 3257 1170 3324; x_wconf 55' lang='grc' dir='ltr'>,καὶ</span> <span class='ocrx_word' id='word_1_490' title='bbox 1200 3257 1406 3326; x_wconf 85' lang='grc' dir='ltr'>γίνεται</span> <span class='ocrx_word' id='word_1_491' title='bbox 1435 3259 1542 3330; x_wconf 84' lang='grc' dir='ltr'><strong>πρὸ</strong></span> <span class='ocrx_word' id='word_1_492' title='bbox 1567 3260 1666 3331; x_wconf 80' lang='grc' dir='ltr'>τῆς</span> <span class='ocrx_word' id='word_1_493' title='bbox 1694 3263 1773 3314; x_wconf 90' lang='grc' dir='ltr'>οἰ-</span> 
     </span>
    </p>
   </div>
   <div class='ocr_carea' id='block_1_64' title="bbox 177 3336 1775 3421">
    <p class='ocr_par' dir='ltr' id='par_1_64' title="bbox 177 3336 1775 3421">
     <span class='ocr_line' id='line_1_64' title="bbox 177 3336 1775 3421; baseline 0.011 -33"><span class='ocrx_word' id='word_1_494' title='bbox 177 3336 310 3400; x_wconf 83' lang='grc' dir='ltr'>κίας</span> <span class='ocrx_word' id='word_1_495' title='bbox 355 3339 390 3409; x_wconf 87' lang='grc' dir='ltr'><strong>ή</strong></span> <span class='ocrx_word' id='word_1_496' title='bbox 429 3339 530 3410; x_wconf 84' lang='grc' dir='ltr'>τῆς</span> <span class='ocrx_word' id='word_1_497' title='bbox 573 3341 923 3409; x_wconf 82' lang='grc' dir='ltr'>ἀνανεώσεως</span> <span class='ocrx_word' id='word_1_498' title='bbox 973 3351 1434 3421; x_wconf 72' lang='grc' dir='ltr'>προπαρασκευήο</span> <span class='ocrx_word' id='word_1_499' title='bbox 1484 3351 1575 3404; x_wconf 85' lang='grc' dir='ltr'><strong>τὸν</strong></span> <span class='ocrx_word' id='word_1_500' title='bbox 1615 3352 1775 3405; x_wconf 83' lang='grc' dir='ltr'>αὐτὸν</span> 
     </span>
    </p>
   </div>
   <div class='ocr_carea' id='block_1_65' title="bbox 177 3429 1776 3515">
    <p class='ocr_par' dir='ltr' id='par_1_65' title="bbox 177 3429 1776 3515">
     <span class='ocr_line' id='line_1_65' title="bbox 177 3429 1776 3515; baseline 0.011 -37"><span class='ocrx_word' id='word_1_501' title='bbox 177 3429 391 3499; x_wconf 79' lang='grc' dir='ltr'>τρόπον</span> <span class='ocrx_word' id='word_1_502' title='bbox 441 3431 549 3500; x_wconf 82' lang='grc' dir='ltr'><strong>πρὸ</strong></span> <span class='ocrx_word' id='word_1_503' title='bbox 593 3434 750 3504; x_wconf 74' lang='grc' dir='ltr'>ἡμῶν</span> <span class='ocrx_word' id='word_1_504' title='bbox 799 3436 833 3506; x_wconf 86' lang='grc' dir='ltr'>ὴ</span> <span class='ocrx_word' id='word_1_505' title='bbox 877 3437 975 3507; x_wconf 82' lang='grc' dir='ltr'>τῆς</span> <span class='ocrx_word' id='word_1_506' title='bbox 1024 3439 1300 3510; x_wconf 84' lang='grc' dir='ltr'>ἡμετέρας</span> <span class='ocrx_word' id='word_1_507' title='bbox 1345 3440 1456 3512; x_wconf 88' lang='grc'>(96)</span> <span class='ocrx_word' id='word_1_508' title='bbox 1504 3443 1776 3515; x_wconf 88' lang='grc' dir='ltr'>σωτηρίας</span> 
     </span>
    </p>
   </div>
   <div class='ocr_carea' id='block_1_66' title="bbox 178 3520 1775 3601">
    <p class='ocr_par' dir='ltr' id='par_1_66' title="bbox 178 3520 1775 3601">
     <span class='ocr_line' id='line_1_66' title="bbox 178 3520 1775 3601; baseline 0.008 -29"><span class='ocrx_word' id='word_1_509' title='bbox 178 3520 490 3586; x_wconf 78' lang='grc' dir='ltr'>ἀνανέωσις</span> <span class='ocrx_word' id='word_1_510' title='bbox 508 3520 851 3595; x_wconf 84' lang='grc' dir='ltr'>θεμελιοῦται</span> <span class='ocrx_word' id='word_1_511' title='bbox 879 3528 934 3578; x_wconf 78' lang='grc' dir='ltr'>ἐν</span> <span class='ocrx_word' id='word_1_512' title='bbox 953 3527 1032 3597; x_wconf 83' lang='grc' dir='ltr'>τῷ</span> <span class='ocrx_word' id='word_1_513' title='bbox 1057 3529 1298 3600; x_wconf 83' lang='grc' dir='ltr'>Χριστῷ,</span> <span class='ocrx_word' id='word_1_514' title='bbox 1321 3531 1388 3582; x_wconf 77' lang='grc' dir='ltr'><strong>ἵν’</strong></span> <span class='ocrx_word' id='word_1_515' title='bbox 1412 3533 1469 3584; x_wconf 82' lang='grc' dir='ltr'><strong>ὲν</strong></span> <span class='ocrx_word' id='word_1_516' title='bbox 1493 3531 1641 3601; x_wconf 80' lang='grc' dir='ltr'>αὐτῷ</span> <span class='ocrx_word' id='word_1_517' title='bbox 1680 3533 1775 3586; x_wconf 71' lang='grc' dir='ltr'><strong>καὶ</strong></span> 
     </span>
    </p>
   </div>
   <div class='ocr_carea' id='block_1_67' title="bbox 177 3613 1773 3694">
    <p class='ocr_par' dir='ltr' id='par_1_67' title="bbox 177 3613 1773 3694">
     <span class='ocr_line' id='line_1_67' title="bbox 177 3613 1773 3694; baseline 0.008 -30"><span class='ocrx_word' id='word_1_518' title='bbox 177 3613 582 3686; x_wconf 80' lang='grc' dir='ltr'>ἁνακτισθῆναι</span> <span class='ocrx_word' id='word_1_519' title='bbox 615 3615 724 3687; x_wconf 90' lang='lat'><strong>(97)</strong></span> <span class='ocrx_word' id='word_1_520' title='bbox 771 3617 1107 3690; x_wconf 86' lang='grc' dir='ltr'>δυνηθῶμεν.</span> <span class='ocrx_word' id='word_1_521' title='bbox 1141 3621 1252 3673; x_wconf 80' lang='grc' dir='ltr'>Καὶ</span> <span class='ocrx_word' id='word_1_522' title='bbox 1285 3623 1318 3694; x_wconf 86' lang='grc' dir='ltr'><strong>ή</strong></span> <span class='ocrx_word' id='word_1_523' title='bbox 1362 3622 1460 3693; x_wconf 80' lang='grc' dir='ltr'><strong>μὲν</strong></span> <span class='ocrx_word' id='word_1_524' title='bbox 1489 3622 1651 3694; x_wconf 84' lang='grc' dir='ltr'>βουλὴ</span> <span class='ocrx_word' id='word_1_525' title='bbox 1680 3625 1773 3677; x_wconf 74' lang='grc' dir='ltr'><strong>καὶ</strong></span> 
     </span>
    </p>
   </div>
   <div class='ocr_carea' id='block_1_68' title="bbox 177 3704 1772 3786">
    <p class='ocr_par' dir='ltr' id='par_1_68' title="bbox 177 3704 1772 3786">
     <span class='ocr_line' id='line_1_68' title="bbox 177 3704 1772 3786; baseline 0.008 -30"><span class='ocrx_word' id='word_1_526' title='bbox 177 3705 211 3774; x_wconf 78' lang='grc' dir='ltr'>ἡ</span> <span class='ocrx_word' id='word_1_527' title='bbox 249 3704 514 3776; x_wconf 84' lang='grc' dir='ltr'>πρόθεσις</span> <span class='ocrx_word' id='word_1_528' title='bbox 555 3709 663 3778; x_wconf 82' lang='grc' dir='ltr'><strong>πρὸ</strong></span> <span class='ocrx_word' id='word_1_529' title='bbox 703 3710 798 3762; x_wconf 77' lang='grc' dir='ltr'><strong>τοῦ</strong></span> <span class='ocrx_word' id='word_1_530' title='bbox 832 3711 1026 3774; x_wconf 89' lang='grc' dir='ltr'>αἰῶνος</span> <span class='ocrx_word' id='word_1_531' title='bbox 1072 3712 1376 3783; x_wconf 82' lang='grc' dir='ltr'>ἡτοιμάσθη</span> <span class='ocrx_word' id='word_1_532' title='bbox 1399 3731 1412 3743; x_wconf 86' lang='grc'><strong>·</strong></span> <span class='ocrx_word' id='word_1_533' title='bbox 1443 3712 1504 3766; x_wconf 85' lang='grc' dir='ltr'>τὸ</span> <span class='ocrx_word' id='word_1_534' title='bbox 1532 3714 1587 3766; x_wconf 88' lang='grc' dir='ltr'>δὲ</span> <span class='ocrx_word' id='word_1_535' title='bbox 1616 3715 1772 3786; x_wconf 76' lang='grc' dir='ltr'>ἔργον</span> 
     </span>
    </p>
   </div>
   <div class='ocr_carea' id='block_1_69' title="bbox 179 3797 1772 3876">
    <p class='ocr_par' dir='ltr' id='par_1_69' title="bbox 179 3797 1772 3876">
     <span class='ocr_line' id='line_1_69' title="bbox 179 3797 1772 3876; baseline 0.006 -26"><span class='ocrx_word' id='word_1_536' title='bbox 179 3797 433 3865; x_wconf 80' lang='grc' dir='ltr'>γέγονεν,</span> <span class='ocrx_word' id='word_1_537' title='bbox 470 3799 558 3852; x_wconf 85' lang='grc' dir='ltr'><strong>ὅτε</strong></span> <span class='ocrx_word' id='word_1_538' title='bbox 583 3802 616 3872; x_wconf 84' lang='grc' dir='ltr'><strong>ἠ</strong></span> <span class='ocrx_word' id='word_1_539' title='bbox 643 3802 799 3874; x_wconf 89' lang='grc' dir='ltr'>χρεία</span> <span class='ocrx_word' id='word_1_540' title='bbox 824 3803 1092 3874; x_wconf 73' lang='grc' dir='ltr'>ὰπῄτησε,</span> <span class='ocrx_word' id='word_1_541' title='bbox 1119 3804 1212 3857; x_wconf 77' lang='grc' dir='ltr'>καὶ</span> <span class='ocrx_word' id='word_1_542' title='bbox 1240 3805 1579 3876; x_wconf 76' lang='grc' dir='ltr'>ἐπεδήμησεν</span> <span class='ocrx_word' id='word_1_543' title='bbox 1608 3808 1636 3860; x_wconf 85' lang='grc' dir='ltr'>ὁ</span> <span class='ocrx_word' id='word_1_544' title='bbox 1664 3809 1772 3860; x_wconf 90' lang='grc' dir='ltr'><strong>Σω-</strong></span> 
     </span>
    </p>
   </div>
   <div class='ocr_carea' id='block_1_70' title="bbox 178 3891 1773 3968">
    <p class='ocr_par' dir='ltr' id='par_1_70' title="bbox 178 3891 1773 3968">
     <span class='ocr_line' id='line_1_70' title="bbox 178 3891 1773 3968; baseline 0.008 -27"><span class='ocrx_word' id='word_1_545' title='bbox 178 3891 323 3960; x_wconf 79' lang='grc' dir='ltr'>τήρ·</span> <span class='ocrx_word' id='word_1_546' title='bbox 362 3891 525 3956; x_wconf 82' lang='grc' dir='ltr'>αὐτὸς</span> <span class='ocrx_word' id='word_1_547' title='bbox 550 3893 658 3965; x_wconf 74' lang='grc' dir='ltr'><strong>γὰρ</strong></span> <span class='ocrx_word' id='word_1_548' title='bbox 704 3896 734 3947; x_wconf 85' lang='grc' dir='ltr'>ὁ</span> <span class='ocrx_word' id='word_1_549' title='bbox 780 3896 982 3968; x_wconf 77' lang='grc' dir='ltr'>Κύριος</span> <span class='ocrx_word' id='word_1_550' title='bbox 1018 3897 1138 3949; x_wconf 78' lang='grc' dir='ltr'>ἀντὶ</span> <span class='ocrx_word' id='word_1_551' title='bbox 1168 3897 1383 3951; x_wconf 83' lang='grc' dir='ltr'>πάντων</span> <span class='ocrx_word' id='word_1_552' title='bbox 1412 3901 1542 3968; x_wconf 82' lang='grc' dir='ltr'>ἡμῖν</span> <span class='ocrx_word' id='word_1_553' title='bbox 1576 3900 1633 3952; x_wconf 83' lang='grc' dir='ltr'>ἐν</span> <span class='ocrx_word' id='word_1_554' title='bbox 1661 3903 1773 3963; x_wconf 85' lang='grc' dir='ltr'>τοῖς</span> 
     </span>
    </p>
   </div>
   <div class='ocr_carea' id='block_1_71' title="bbox 178 3982 1770 4063">
    <p class='ocr_par' dir='ltr' id='par_1_71' title="bbox 178 3982 1770 4063">
     <span class='ocr_line' id='line_1_71' title="bbox 178 3982 1770 4063; baseline 0.008 -30"><span class='ocrx_word' id='word_1_555' title='bbox 178 3982 440 4051; x_wconf 77' lang='grc' dir='ltr'>οὐρανοῖς</span> <span class='ocrx_word' id='word_1_556' title='bbox 467 3985 777 4056; x_wconf 83' lang='grc' dir='ltr'>γενήσεται,</span> <span class='ocrx_word' id='word_1_557' title='bbox 805 3988 1238 4060; x_wconf 80' lang='grc' dir='ltr'>προσλαμϐάνων</span> <span class='ocrx_word' id='word_1_558' title='bbox 1265 3988 1372 4060; x_wconf 89' lang='grc'>(98)</span> <span class='ocrx_word' id='word_1_559' title='bbox 1399 3991 1545 4060; x_wconf 82' lang='grc' dir='ltr'>ἡμᾶς</span> <span class='ocrx_word' id='word_1_560' title='bbox 1569 3993 1647 4055; x_wconf 85' lang='grc' dir='ltr'><strong>εἰς</strong></span> <span class='ocrx_word' id='word_1_561' title='bbox 1670 3993 1770 4063; x_wconf 82' lang='grc' dir='ltr'>τὴν</span> 
     </span>
    </p>
   </div>
   <div class='ocr_carea' id='block_1_72' title="bbox 179 4072 1772 4154">
    <p class='ocr_par' dir='ltr' id='par_1_72' title="bbox 179 4072 1772 4154">
     <span class='ocr_line' id='line_1_72' title="bbox 179 4072 1772 4154; baseline 0.008 -28"><span class='ocrx_word' id='word_1_562' title='bbox 179 4072 407 4128; x_wconf 87' lang='grc' dir='ltr'>αἰώνιον</span> <span class='ocrx_word' id='word_1_563' title='bbox 440 4073 604 4149; x_wconf 81' lang='grc' dir='ltr'>ζωήν.</span> <span class='ocrx_word' id='word_1_564' title='bbox 641 4079 838 4150; x_wconf 86' lang='grc' dir='ltr'>Ἤρκει</span> <span class='ocrx_word' id='word_1_565' title='bbox 874 4081 973 4151; x_wconf 86' lang='grc' dir='ltr'><strong>μὲν</strong></span> <span class='ocrx_word' id='word_1_566' title='bbox 1001 4076 1093 4134; x_wconf 81' lang='grc' dir='ltr'><strong>οὖν</strong></span> <span class='ocrx_word' id='word_1_567' title='bbox 1122 4081 1298 4136; x_wconf 82' lang='grc' dir='ltr'>ταῦτα</span> <span class='ocrx_word' id='word_1_568' title='bbox 1330 4081 1465 4154; x_wconf 83' lang='grc' dir='ltr'>πρὸς</span> <span class='ocrx_word' id='word_1_569' title='bbox 1501 4083 1772 4150; x_wconf 81' lang='grc' dir='ltr'>ἀπόδειξιν</span> 
     </span>
    </p>
   </div>
   <div class='ocr_carea' id='block_1_73' title="bbox 182 4164 1780 4245">
    <p class='ocr_par' dir='ltr' id='par_1_73' title="bbox 182 4164 1780 4245">
     <span class='ocr_line' id='line_1_73' title="bbox 182 4164 1780 4245; baseline 0.008 -27"><span class='ocrx_word' id='word_1_570' title='bbox 182 4166 279 4219; x_wconf 78' lang='grc' dir='ltr'>τοῦ</span> <span class='ocrx_word' id='word_1_571' title='bbox 317 4167 396 4239; x_wconf 81' lang='grc' dir='ltr'>μὴ</span> <span class='ocrx_word' id='word_1_572' title='bbox 428 4164 566 4224; x_wconf 80' lang='grc' dir='ltr'>εἶναι</span> <span class='ocrx_word' id='word_1_573' title='bbox 600 4173 804 4243; x_wconf 86' lang='grc' dir='ltr'>κτίσμα</span> <span class='ocrx_word' id='word_1_574' title='bbox 845 4175 936 4228; x_wconf 87' lang='grc' dir='ltr'><strong>τὸν</strong></span> <span class='ocrx_word' id='word_1_575' title='bbox 977 4172 1071 4228; x_wconf 78' lang='grc' dir='ltr'>τοῦ</span> <span class='ocrx_word' id='word_1_576' title='bbox 1117 4174 1253 4228; x_wconf 79' lang='grc' dir='ltr'>Θεοῦ</span> <span class='ocrx_word' id='word_1_577' title='bbox 1277 4175 1470 4245; x_wconf 82' lang='grc' dir='ltr'>Λόγον,</span> <span class='ocrx_word' id='word_1_578' title='bbox 1506 4175 1641 4230; x_wconf 84' lang='grc' dir='ltr'>ἀλλὰ</span> <span class='ocrx_word' id='word_1_579' title='bbox 1682 4177 1780 4230; x_wconf 75' lang='grc' dir='ltr'>καὶ</span> 
     </span>
    </p>
   </div>
   <div class='ocr_carea' id='block_1_74' title="bbox 180 4258 1769 4346">
    <p class='ocr_par' dir='ltr' id='par_1_74' title="bbox 180 4258 1769 4346">
     <span class='ocr_line' id='line_1_74' title="bbox 180 4258 1769 4346; baseline 0.008 -37"><span class='ocrx_word' id='word_1_580' title='bbox 180 4258 354 4329; x_wconf 81' lang='grc' dir='ltr'>ὀρθὴν</span> <span class='ocrx_word' id='word_1_581' title='bbox 387 4258 528 4315; x_wconf 82' lang='grc' dir='ltr'>εἶναι</span> <span class='ocrx_word' id='word_1_582' title='bbox 558 4265 656 4336; x_wconf 85' lang='grc' dir='ltr'>τὴν</span> <span class='ocrx_word' id='word_1_583' title='bbox 680 4264 775 4318; x_wconf 79' lang='grc' dir='ltr'>τοῦ</span> <span class='ocrx_word' id='word_1_584' title='bbox 809 4263 970 4346; x_wconf 70' lang='grc' dir='ltr'>ῥητοῦ</span> <span class='ocrx_word' id='word_1_585' title='bbox 997 4267 1256 4322; x_wconf 89' lang='grc' dir='ltr'>διάνοιαν.</span> <span class='ocrx_word' id='word_1_586' title='bbox 1305 4268 1520 4338; x_wconf 83' lang='grc' dir='ltr'>Ἐπειδὴ</span> <span class='ocrx_word' id='word_1_587' title='bbox 1567 4269 1623 4322; x_wconf 85' lang='grc' dir='ltr'><strong>δὲ</strong></span> <span class='ocrx_word' id='word_1_588' title='bbox 1658 4270 1769 4322; x_wconf 89' lang='grc' dir='ltr'>διε-</span> 
     </span>
    </p>
   </div>
   <div class='ocr_carea' id='block_1_75' title="bbox 180 4348 1778 4432">
    <p class='ocr_par' dir='ltr' id='par_1_75' title="bbox 180 4348 1778 4432">
     <span class='ocr_line' id='line_1_75' title="bbox 180 4348 1778 4432; baseline 0.009 -31"><span class='ocrx_word' id='word_1_589' title='bbox 180 4348 531 4420; x_wconf 81' lang='grc' dir='ltr'>ρευνώμενον</span> <span class='ocrx_word' id='word_1_590' title='bbox 578 4355 640 4408; x_wconf 84' lang='grc' dir='ltr'><strong>τὸ</strong></span> <span class='ocrx_word' id='word_1_591' title='bbox 686 4357 848 4428; x_wconf 78' lang='grc' dir='ltr'>ῥητὸν</span> <span class='ocrx_word' id='word_1_592' title='bbox 895 4356 1030 4429; x_wconf 89' lang='grc'>(99),</span> <span class='ocrx_word' id='word_1_593' title='bbox 1074 4359 1232 4432; x_wconf 88' lang='grc' dir='ltr'>ὀρθὸν</span> <span class='ocrx_word' id='word_1_594' title='bbox 1279 4358 1390 4430; x_wconf 77' lang='grc' dir='ltr'>ἔχει</span> <span class='ocrx_word' id='word_1_595' title='bbox 1438 4361 1778 4430; x_wconf 72' lang='grc' dir='ltr'>πανταχόθεν.</span> 
     </span>
    </p>
   </div>
   <div class='ocr_carea' id='block_1_76' title="bbox 253 4484 1351 4564">
    <p class='ocr_par' dir='ltr' id='par_1_76' title="bbox 253 4484 1351 4564">
     <span class='ocr_line' id='line_1_76' title="bbox 253 4484 1351 4564; baseline 0.022 -28"><span class='ocrx_word' id='word_1_596' title='bbox 253 4485 302 4515; x_wconf 83' lang='grc'>⁷⁸</span> <span class='ocrx_word' id='word_1_597' title='bbox 329 4484 495 4542; x_wconf 86' lang='lat' dir='ltr'><strong>Prov.</strong></span> <span class='ocrx_word' id='word_1_598' title='bbox 532 4491 862 4556; x_wconf 74' lang='lat' dir='ltr'><strong>vm,25-23.</strong></span> <span class='ocrx_word' id='word_1_599' title='bbox 933 4495 980 4528; x_wconf 86' lang='lat'>&quot;</span> <span class='ocrx_word' id='word_1_600' title='bbox 1020 4493 1185 4551; x_wconf 79' lang='lat' dir='ltr'><strong>Hebr.</strong></span> <span class='ocrx_word' id='word_1_601' title='bbox 1221 4512 1260 4564; x_wconf 86' lang='grc' dir='ltr'><strong>ι,</strong></span> <span class='ocrx_word' id='word_1_602' title='bbox 1296 4496 1351 4550; x_wconf 75' lang='grc'><strong>2-</strong></span> 
     </span>
    </p>
   </div>
   <div class='ocr_carea' id='block_1_77' title="bbox 1879 3269 3455 3340">
    <p class='ocr_par' dir='ltr' id='par_1_77' title="bbox 1879 3269 3455 3340">
     <span class='ocr_line' id='line_1_77' title="bbox 1879 3269 3455 3340; baseline 0.004 -22"><span class='ocrx_word' id='word_1_603' title='bbox 1879 3272 2065 3320; x_wconf 90' lang='lat' dir='ltr'><strong>essent</strong></span> <span class='ocrx_word' id='word_1_604' title='bbox 2097 3269 2426 3332; x_wconf 88' lang='lat' dir='ltr'><strong>necessaria,</strong></span> <span class='ocrx_word' id='word_1_605' title='bbox 2459 3269 2644 3339; x_wconf 87' lang='lat' dir='ltr'><strong>itaque</strong></span> <span class='ocrx_word' id='word_1_606' title='bbox 2674 3269 2828 3324; x_wconf 86' lang='lat' dir='ltr'><strong>ﬁeret</strong></span> <span class='ocrx_word' id='word_1_607' title='bbox 2861 3277 2987 3324; x_wconf 89' lang='lat' dir='ltr'><strong>ante</strong></span> <span class='ocrx_word' id='word_1_608' title='bbox 3024 3270 3248 3324; x_wconf 90' lang='lat' dir='ltr'><strong>domum</strong></span> <span class='ocrx_word' id='word_1_609' title='bbox 3280 3271 3455 3340; x_wconf 90' lang='lat' dir='ltr'><strong>ipsam</strong></span> 
     </span>
    </p>
   </div>
   <div class='ocr_carea' id='block_1_78' title="bbox 1880 3356 3458 3430">
    <p class='ocr_par' dir='ltr' id='par_1_78' title="bbox 1880 3356 3458 3430">
     <span class='ocr_line' id='line_1_78' title="bbox 1880 3356 3458 3430; baseline 0.004 -19"><span class='ocrx_word' id='word_1_610' title='bbox 1880 3356 2000 3426; x_wconf 77' lang='lat' dir='ltr'><strong>ejus</strong></span> <span class='ocrx_word' id='word_1_611' title='bbox 2035 3357 2452 3415; x_wconf 86' lang='lat' dir='ltr'><strong>instaurationis</strong></span> <span class='ocrx_word' id='word_1_612' title='bbox 2479 3360 2804 3430; x_wconf 86' lang='lat' dir='ltr'><strong>praeparatio</strong></span> <span class='ocrx_word' id='word_1_613' title='bbox 2835 3377 2850 3414; x_wconf 88' lang='lat'><strong>:</strong></span> <span class='ocrx_word' id='word_1_614' title='bbox 2886 3359 3031 3414; x_wconf 89' lang='lat' dir='ltr'><strong>haud</strong></span> <span class='ocrx_word' id='word_1_615' title='bbox 3061 3361 3218 3414; x_wconf 90' lang='lat' dir='ltr'><strong>aliter</strong></span> <span class='ocrx_word' id='word_1_616' title='bbox 3254 3369 3458 3418; x_wconf 71' lang='lat' dir='ltr'><strong>nostra:</strong></span> 
     </span>
    </p>
   </div>
   <div class='ocr_carea' id='block_1_79' title="bbox 1881 3449 3453 3516">
    <p class='ocr_par' dir='ltr' id='par_1_79' title="bbox 1881 3449 3453 3516">
     <span class='ocr_line' id='line_1_79' title="bbox 1881 3449 3453 3516; baseline 0.001 -13"><span class='ocrx_word' id='word_1_617' title='bbox 1881 3449 2074 3503; x_wconf 88' lang='lat' dir='ltr'><strong>salutis</strong></span> <span class='ocrx_word' id='word_1_618' title='bbox 2125 3451 2404 3505; x_wconf 91' lang='lat' dir='ltr'><strong>renovatio</strong></span> <span class='ocrx_word' id='word_1_619' title='bbox 2462 3452 2514 3504; x_wconf 91' lang='lat' dir='ltr'><strong>in</strong></span> <span class='ocrx_word' id='word_1_620' title='bbox 2545 3450 2768 3507; x_wconf 88' lang='lat' dir='ltr'><strong>Christo</strong></span> <span class='ocrx_word' id='word_1_621' title='bbox 2802 3459 2928 3504; x_wconf 90' lang='lat' dir='ltr'><strong>ante</strong></span> <span class='ocrx_word' id='word_1_622' title='bbox 2949 3465 3049 3505; x_wconf 92' lang='lat' dir='ltr'><strong>nos</strong></span> <span class='ocrx_word' id='word_1_623' title='bbox 3084 3449 3310 3505; x_wconf 79' lang='lat' dir='ltr'><strong>fundata</strong></span> <span class='ocrx_word' id='word_1_624' title='bbox 3347 3459 3453 3516; x_wconf 88' lang='lat' dir='ltr'><strong>est,</strong></span> 
     </span>
    </p>
   </div>
   <div class='ocr_carea' id='block_1_80' title="bbox 1881 3541 3452 3613">
    <p class='ocr_par' dir='ltr' id='par_1_80' title="bbox 1881 3541 3452 3613">
     <span class='ocr_line' id='line_1_80' title="bbox 1881 3541 3452 3613; baseline 0.004 -21"><span class='ocrx_word' id='word_1_625' title='bbox 1881 3549 1939 3594; x_wconf 89' lang='lat' dir='ltr'><strong>ut</strong></span> <span class='ocrx_word' id='word_1_626' title='bbox 1964 3541 2018 3593; x_wconf 92' lang='lat' dir='ltr'><strong>in</strong></span> <span class='ocrx_word' id='word_1_627' title='bbox 2043 3541 2160 3609; x_wconf 91' lang='lat' dir='ltr'><strong>ipso</strong></span> <span class='ocrx_word' id='word_1_628' title='bbox 2190 3557 2410 3611; x_wconf 88' lang='lat' dir='ltr'><strong>quoque</strong></span> <span class='ocrx_word' id='word_1_629' title='bbox 2439 3543 2586 3597; x_wconf 83' lang='lat' dir='ltr'><strong>reﬁci</strong></span> <span class='ocrx_word' id='word_1_630' title='bbox 2615 3558 2924 3613; x_wconf 91' lang='lat' dir='ltr'><strong>possemus.</strong></span> <span class='ocrx_word' id='word_1_631' title='bbox 2955 3541 3296 3612; x_wconf 84' lang='lat' dir='ltr'><strong>Quapropter</strong></span> <span class='ocrx_word' id='word_1_632' title='bbox 3316 3557 3452 3598; x_wconf 89' lang='lat' dir='ltr'><strong>con-</strong></span> 
     </span>
    </p>
   </div>
   <div class='ocr_carea' id='block_1_81' title="bbox 1881 3633 3451 3704">
    <p class='ocr_par' dir='ltr' id='par_1_81' title="bbox 1881 3633 3451 3704">
     <span class='ocr_line' id='line_1_81' title="bbox 1881 3633 3451 3704; baseline 0 -17"><span class='ocrx_word' id='word_1_633' title='bbox 1881 3633 2062 3687; x_wconf 91' lang='lat' dir='ltr'><strong>silium</strong></span> <span class='ocrx_word' id='word_1_634' title='bbox 2121 3644 2175 3688; x_wconf 89' lang='lat' dir='ltr'><strong>et</strong></span> <span class='ocrx_word' id='word_1_635' title='bbox 2222 3634 2561 3704; x_wconf 90' lang='lat' dir='ltr'><strong>propositum</strong></span> <span class='ocrx_word' id='word_1_636' title='bbox 2599 3645 2724 3690; x_wconf 90' lang='lat' dir='ltr'><strong>ante</strong></span> <span class='ocrx_word' id='word_1_637' title='bbox 2783 3649 2957 3689; x_wconf 65' lang='lat' dir='ltr'><strong>aevum</strong></span> <span class='ocrx_word' id='word_1_638' title='bbox 3014 3641 3100 3690; x_wconf 89' lang='lat' dir='ltr'><strong>est</strong></span> <span class='ocrx_word' id='word_1_639' title='bbox 3149 3642 3451 3703; x_wconf 86' lang='lat' dir='ltr'><strong>paratum:</strong></span> 
     </span>
    </p>
   </div>
   <div class='ocr_carea' id='block_1_82' title="bbox 1881 3724 3454 3796">
    <p class='ocr_par' dir='ltr' id='par_1_82' title="bbox 1881 3724 3454 3796">
     <span class='ocr_line' id='line_1_82' title="bbox 1881 3724 3454 3796; baseline 0.003 -20"><span class='ocrx_word' id='word_1_640' title='bbox 1881 3733 2010 3779; x_wconf 83' lang='lat' dir='ltr'><strong>tunc</strong></span> <span class='ocrx_word' id='word_1_641' title='bbox 2061 3733 2241 3778; x_wconf 90' lang='lat' dir='ltr'><strong>autem</strong></span> <span class='ocrx_word' id='word_1_642' title='bbox 2283 3724 2533 3780; x_wconf 85' lang='lat' dir='ltr'><strong>cﬂ‘ectum</strong></span> <span class='ocrx_word' id='word_1_643' title='bbox 2563 3741 2702 3796; x_wconf 90' lang='lat' dir='ltr'><strong>opus</strong></span> <span class='ocrx_word' id='word_1_644' title='bbox 2747 3735 2848 3791; x_wconf 89' lang='lat' dir='ltr'><strong>est,</strong></span> <span class='ocrx_word' id='word_1_645' title='bbox 2898 3741 3022 3781; x_wconf 91' lang='lat' dir='ltr'><strong>cum</strong></span> <span class='ocrx_word' id='word_1_646' title='bbox 3057 3726 3238 3795; x_wconf 82' lang='lat' dir='ltr'><strong>exegit</strong></span> <span class='ocrx_word' id='word_1_647' title='bbox 3263 3740 3454 3780; x_wconf 89' lang='lat' dir='ltr'><strong>neces-</strong></span> 
     </span>
    </p>
   </div>
   <div class='ocr_carea' id='block_1_83' title="bbox 1882 3814 3456 3886">
    <p class='ocr_par' dir='ltr' id='par_1_83' title="bbox 1882 3814 3456 3886">
     <span class='ocr_line' id='line_1_83' title="bbox 1882 3814 3456 3886; baseline 0.004 -19"><span class='ocrx_word' id='word_1_648' title='bbox 1882 3815 2016 3870; x_wconf 89' lang='lat' dir='ltr'><strong>sitas</strong></span> <span class='ocrx_word' id='word_1_649' title='bbox 2058 3824 2112 3870; x_wconf 85' lang='lat' dir='ltr'><strong>et</strong></span> <span class='ocrx_word' id='word_1_650' title='bbox 2167 3814 2419 3871; x_wconf 86' lang='lat' dir='ltr'><strong>Salvator</strong></span> <span class='ocrx_word' id='word_1_651' title='bbox 2467 3816 2706 3874; x_wconf 80' lang='lat' dir='ltr'><strong>advenit.</strong></span> <span class='ocrx_word' id='word_1_652' title='bbox 2745 3815 2994 3886; x_wconf 87' lang='lat' dir='ltr'><strong>Namque</strong></span> <span class='ocrx_word' id='word_1_653' title='bbox 3041 3817 3156 3886; x_wconf 90' lang='lat' dir='ltr'><strong>ipse</strong></span> <span class='ocrx_word' id='word_1_654' title='bbox 3187 3815 3456 3873; x_wconf 83' lang='lat' dir='ltr'><strong>Dominus</strong></span> 
     </span>
    </p>
   </div>
   <div class='ocr_carea' id='block_1_84' title="bbox 1879 3907 3460 3974">
    <p class='ocr_par' dir='ltr' id='par_1_84' title="bbox 1879 3907 3460 3974">
     <span class='ocr_line' id='line_1_84' title="bbox 1879 3907 3460 3974; baseline 0.003 -14"><span class='ocrx_word' id='word_1_655' title='bbox 1879 3907 2052 3962; x_wconf 88' lang='lat' dir='ltr'><strong>instar</strong></span> <span class='ocrx_word' id='word_1_656' title='bbox 2080 3909 2326 3964; x_wconf 90' lang='lat' dir='ltr'><strong>omnium</strong></span> <span class='ocrx_word' id='word_1_657' title='bbox 2358 3909 2517 3965; x_wconf 89' lang='lat' dir='ltr'><strong>nobis</strong></span> <span class='ocrx_word' id='word_1_658' title='bbox 2549 3911 2605 3964; x_wconf 90' lang='lat' dir='ltr'><strong>in</strong></span> <span class='ocrx_word' id='word_1_659' title='bbox 2636 3910 2790 3966; x_wconf 69' lang='lat' dir='ltr'><strong>caelis</strong></span> <span class='ocrx_word' id='word_1_660' title='bbox 2816 3910 2940 3974; x_wconf 91' lang='lat' dir='ltr'><strong>erit,</strong></span> <span class='ocrx_word' id='word_1_661' title='bbox 2973 3925 3098 3964; x_wconf 90' lang='lat' dir='ltr'><strong>cum</strong></span> <span class='ocrx_word' id='word_1_662' title='bbox 3135 3924 3237 3964; x_wconf 90' lang='lat' dir='ltr'><strong>nos</strong></span> <span class='ocrx_word' id='word_1_663' title='bbox 3283 3909 3339 3963; x_wconf 93' lang='lat' dir='ltr'><strong>in</strong></span> <span class='ocrx_word' id='word_1_664' title='bbox 3379 3925 3460 3965; x_wconf 73' lang='lat' dir='ltr'><strong>te-</strong></span> 
     </span>
    </p>
   </div>
   <div class='ocr_carea' id='block_1_85' title="bbox 1877 4000 3456 4073">
    <p class='ocr_par' dir='ltr' id='par_1_85' title="bbox 1877 4000 3456 4073">
     <span class='ocr_line' id='line_1_85' title="bbox 1877 4000 3456 4073; baseline 0.004 -21"><span class='ocrx_word' id='word_1_665' title='bbox 1877 4008 2088 4055; x_wconf 87' lang='lat' dir='ltr'><strong>ternam</strong></span> <span class='ocrx_word' id='word_1_666' title='bbox 2117 4002 2285 4056; x_wconf 88' lang='lat' dir='ltr'><strong>vitam</strong></span> <span class='ocrx_word' id='word_1_667' title='bbox 2321 4003 2591 4058; x_wconf 89' lang='lat' dir='ltr'><strong>admittet.</strong></span> <span class='ocrx_word' id='word_1_668' title='bbox 2619 4001 2744 4058; x_wconf 87' lang='lat' dir='ltr'><strong>Haec</strong></span> <span class='ocrx_word' id='word_1_669' title='bbox 2778 4000 3024 4073; x_wconf 80' lang='lat' dir='ltr'><strong>profecto</strong></span> <span class='ocrx_word' id='word_1_670' title='bbox 3054 4001 3303 4057; x_wconf 77' lang='lat' dir='ltr'><strong>suihcere</strong></span> <span class='ocrx_word' id='word_1_671' title='bbox 3327 4015 3456 4071; x_wconf 87' lang='lat' dir='ltr'><strong>pos-</strong></span> 
     </span>
    </p>
   </div>
   <div class='ocr_carea' id='block_1_86' title="bbox 1879 4093 3452 4150">
    <p class='ocr_par' dir='ltr' id='par_1_86' title="bbox 1879 4093 3452 4150">
     <span class='ocr_line' id='line_1_86' title="bbox 1879 4093 3452 4150; baseline 0.001 -4"><span class='ocrx_word' id='word_1_672' title='bbox 1879 4093 1994 4146; x_wconf 89' lang='lat' dir='ltr'><strong>sint-</strong></span> <span class='ocrx_word' id='word_1_673' title='bbox 2039 4094 2105 4148; x_wconf 89' lang='lat' dir='ltr'><strong>ad</strong></span> <span class='ocrx_word' id='word_1_674' title='bbox 2158 4095 2554 4150; x_wconf 87' lang='lat' dir='ltr'><strong>ostendendum</strong></span> <span class='ocrx_word' id='word_1_675' title='bbox 2614 4095 2711 4150; x_wconf 90' lang='lat' dir='ltr'><strong>Dei</strong></span> <span class='ocrx_word' id='word_1_676' title='bbox 2754 4093 2990 4149; x_wconf 78' lang='lat' dir='ltr'><strong>Verbum</strong></span> <span class='ocrx_word' id='word_1_677' title='bbox 3039 4103 3281 4150; x_wconf 88' lang='lat' dir='ltr'><strong>creatum</strong></span> <span class='ocrx_word' id='word_1_678' title='bbox 3345 4109 3452 4149; x_wconf 90' lang='lat' dir='ltr'><strong>non</strong></span> 
     </span>
    </p>
   </div>
   <div class='ocr_carea' id='block_1_87' title="bbox 1874 4183 3450 4256">
    <p class='ocr_par' dir='ltr' id='par_1_87' title="bbox 1874 4183 3450 4256">
     <span class='ocr_line' id='line_1_87' title="bbox 1874 4183 3450 4256; baseline 0 -19"><span class='ocrx_word' id='word_1_679' title='bbox 1874 4198 2018 4249; x_wconf 88' lang='lat' dir='ltr'><strong>esse,</strong></span> <span class='ocrx_word' id='word_1_680' title='bbox 2050 4193 2364 4256; x_wconf 81' lang='lat' dir='ltr'><strong>rectamque</strong></span> <span class='ocrx_word' id='word_1_681' title='bbox 2393 4185 2689 4256; x_wconf 62' lang='lat' dir='ltr'><strong>Scriptura</strong></span> <span class='ocrx_word' id='word_1_682' title='bbox 2717 4201 2836 4242; x_wconf 90' lang='lat' dir='ltr'><strong>esse</strong></span> <span class='ocrx_word' id='word_1_683' title='bbox 2859 4185 3209 4241; x_wconf 91' lang='lat' dir='ltr'><strong>sententiam.</strong></span> <span class='ocrx_word' id='word_1_684' title='bbox 3246 4183 3450 4239; x_wconf 80' lang='lat' dir='ltr'><strong>Verum</strong></span> 
     </span>
    </p>
   </div>
   <div class='ocr_carea' id='block_1_88' title="bbox 1877 4274 3449 4346">
    <p class='ocr_par' dir='ltr' id='par_1_88' title="bbox 1877 4274 3449 4346">
     <span class='ocr_line' id='line_1_88' title="bbox 1877 4274 3449 4346; baseline 0 -20"><span class='ocrx_word' id='word_1_685' title='bbox 1877 4275 2320 4346; x_wconf 88' lang='lat' dir='ltr'><strong>quandoquidem</strong></span> <span class='ocrx_word' id='word_1_686' title='bbox 2355 4285 2610 4332; x_wconf 88' lang='lat' dir='ltr'><strong>accurate</strong></span> <span class='ocrx_word' id='word_1_687' title='bbox 2638 4290 2878 4346; x_wconf 82' lang='lat' dir='ltr'><strong>expensa</strong></span> <span class='ocrx_word' id='word_1_688' title='bbox 2908 4275 3000 4329; x_wconf 87' lang='lat' dir='ltr'><strong>illa</strong></span> <span class='ocrx_word' id='word_1_689' title='bbox 3040 4274 3203 4329; x_wconf 88' lang='lat' dir='ltr'><strong>verba</strong></span> <span class='ocrx_word' id='word_1_690' title='bbox 3235 4283 3449 4328; x_wconf 89' lang='lat' dir='ltr'><strong>rectum</strong></span> 
     </span>
    </p>
   </div>
   <div class='ocr_carea' id='block_1_89' title="bbox 1875 4366 3451 4438">
    <p class='ocr_par' dir='ltr' id='par_1_89' title="bbox 1875 4366 3451 4438">
     <span class='ocr_line' id='line_1_89' title="bbox 1875 4366 3451 4438; baseline -0.001 -17"><span class='ocrx_word' id='word_1_691' title='bbox 1875 4382 2093 4437; x_wconf 89' lang='lat' dir='ltr'><strong>quaqua</strong></span> <span class='ocrx_word' id='word_1_692' title='bbox 2124 4383 2191 4422; x_wconf 80' lang='lat' dir='ltr'><strong>ex</strong></span> <span class='ocrx_word' id='word_1_693' title='bbox 2219 4377 2372 4438; x_wconf 89' lang='lat' dir='ltr'><strong>parte</strong></span> <span class='ocrx_word' id='word_1_694' title='bbox 2413 4383 2634 4424; x_wconf 90' lang='lat' dir='ltr'><strong>sensum</strong></span> <span class='ocrx_word' id='word_1_695' title='bbox 2667 4367 2946 4423; x_wconf 88' lang='lat' dir='ltr'><strong>includere</strong></span> <span class='ocrx_word' id='word_1_696' title='bbox 2983 4366 3397 4423; x_wconf 85' lang='lat' dir='ltr'><strong>eomueriuntur</strong></span> <span class='ocrx_word' id='word_1_697' title='bbox 3429 4405 3451 4432; x_wconf 77' lang='lat'><strong>,</strong></span> 
     </span>
    </p>
   </div>
   <div class='ocr_carea' id='block_1_90' title="bbox 250 4596 1776 4682">
    <p class='ocr_par' dir='ltr' id='par_1_90' title="bbox 250 4596 1775 4682">
     <span class='ocr_line' id='line_1_90' title="bbox 250 4596 1775 4682; baseline 0.002 -22"><span class='ocrx_word' id='word_1_698' title='bbox 250 4596 370 4679; x_wconf 61' lang='grc' dir='ltr'>(βε)</span> <span class='ocrx_word' id='word_1_699' title='bbox 401 4597 724 4682; x_wconf 70' lang='lat' dir='ltr'><strong>Seguerian.</strong></span> <span class='ocrx_word' id='word_1_700' title='bbox 750 4605 1072 4682; x_wconf 63' lang='lat' dir='ltr'><strong>Coblerian.</strong></span> <span class='ocrx_word' id='word_1_701' title='bbox 1095 4610 1240 4682; x_wconf 76' lang='lat' dir='ltr'><strong>Felc.</strong></span> <span class='ocrx_word' id='word_1_702' title='bbox 1271 4609 1296 4664; x_wconf 75' lang='grc'><strong>1</strong></span> <span class='ocrx_word' id='word_1_703' title='bbox 1330 4620 1383 4664; x_wconf 90' lang='lat' dir='ltr'><strong>et</strong></span> <span class='ocrx_word' id='word_1_704' title='bbox 1413 4608 1467 4675; x_wconf 74' lang='grc'><strong>4,</strong></span> <span class='ocrx_word' id='word_1_705' title='bbox 1518 4608 1775 4665; x_wconf 89' lang='lat' dir='ltr'><strong>omittunt</strong></span> 
     </span>
    </p>
   </div>
   <div class='ocr_carea' id='block_1_91' title="bbox 1887 4596 2696 4682">
    <p class='ocr_par' dir='ltr' id='par_1_91' title="bbox 1887 4608 2696 4682">
     <span class='ocr_line' id='line_1_91' title="bbox 1887 4608 2696 4682; baseline 0.002 -18"><span class='ocrx_word' id='word_1_706' title='bbox 1887 4608 2176 4682; x_wconf 58' lang='lat' dir='ltr'><strong>alii,_t06§o</strong></span> <span class='ocrx_word' id='word_1_707' title='bbox 2207 4611 2263 4664; x_wconf 78' lang='grc' dir='ltr'><strong>δὲ</strong></span> <span class='ocrx_word' id='word_1_708' title='bbox 2295 4610 2696 4682; x_wconf 84' lang='grc' dir='ltr'>βουλευόμενος.</span> 
     </span>
    </p>
   </div>
   <div class='ocr_carea' id='block_1_92' title="bbox 180 4663 1370 4748">
    <p class='ocr_par' dir='ltr' id='par_1_92' title="bbox 180 4663 1370 4748">
     <span class='ocr_line' id='line_1_92' title="bbox 180 4663 1370 4748; baseline 0.004 -21"><span class='ocrx_word' id='word_1_709' title='bbox 180 4663 713 4748; x_wconf 37' lang='grc' dir='ltr'><strong>ζωῇιςςκαςιὺίὰθω</strong></span> <span class='ocrx_word' id='word_1_710' title='bbox 747 4663 1070 4748; x_wconf 76' lang='lat' dir='ltr'><strong>Seguerian.</strong></span> <span class='ocrx_word' id='word_1_711' title='bbox 1098 4663 1148 4734; x_wconf 80' lang='grc' dir='ltr'>εἰ</span> <span class='ocrx_word' id='word_1_712' title='bbox 1174 4663 1370 4742; x_wconf 54' lang='lat' dir='ltr'><strong>obtine.</strong></span> 
     </span>
    </p>
   </div>
   <div class='ocr_carea' id='block_1_93' title="bbox 258 4737 1770 4814">
    <p class='ocr_par' dir='ltr' id='par_1_93' title="bbox 258 4737 1770 4814">
     <span class='ocr_line' id='line_1_93' title="bbox 258 4737 1770 4814; baseline 0.004 -17"><span class='ocrx_word' id='word_1_713' title='bbox 258 4737 378 4814; x_wconf 71' lang='grc'>(89)</span> <span class='ocrx_word' id='word_1_714' title='bbox 447 4741 765 4814; x_wconf 72' lang='lat' dir='ltr'><strong>Seguerian.</strong></span> <span class='ocrx_word' id='word_1_715' title='bbox 819 4737 1143 4814; x_wconf 59' lang='lat' dir='ltr'><strong>Coblerian.</strong></span> <span class='ocrx_word' id='word_1_716' title='bbox 1205 4760 1260 4805; x_wconf 91' lang='lat' dir='ltr'><strong>et</strong></span> <span class='ocrx_word' id='word_1_717' title='bbox 1317 4737 1463 4804; x_wconf 73' lang='lat' dir='ltr'><strong>Felc.</strong></span> <span class='ocrx_word' id='word_1_718' title='bbox 1512 4749 1582 4812; x_wconf 75' lang='grc'>1,</span> <span class='ocrx_word' id='word_1_719' title='bbox 1628 4748 1770 4803; x_wconf 85' lang='grc' dir='ltr'>καθὰ</span> 
     </span>
    </p>
   </div>
   <div class='ocr_carea' id='block_1_94' title="bbox 177 4811 1452 4893">
    <p class='ocr_par' dir='ltr' id='par_1_94' title="bbox 177 4811 1452 4893">
     <span class='ocr_line' id='line_1_94' title="bbox 177 4811 1452 4893; baseline 0.003 -26"><span class='ocrx_word' id='word_1_720' title='bbox 177 4811 657 4893; x_wconf 46' lang='grc' dir='ltr'>πρίξξςρηξαι.,ᾼ1ἱί</span> <span class='ocrx_word' id='word_1_721' title='bbox 678 4825 732 4870; x_wconf 91' lang='lat' dir='ltr'><strong>et</strong></span> <span class='ocrx_word' id='word_1_722' title='bbox 758 4811 1185 4893; x_wconf 43' lang='lat' dir='ltr'><strong>editi,_xa0;i1£sp</strong></span> <span class='ocrx_word' id='word_1_723' title='bbox 1219 4822 1452 4893; x_wconf 73' lang='grc' dir='ltr'>εἴρηται.</span> 
     </span>
    </p>
   </div>
   <div class='ocr_carea' id='block_1_95' title="bbox 264 4828 1767 4956">
    <p class='ocr_par' dir='ltr' id='par_1_95' title="bbox 264 4828 1767 4956">
     <span class='ocr_line' id='line_1_95' title="bbox 264 4828 1452 4933; baseline 0.009 -72"><span class='ocrx_word' id='word_1_724' title='bbox 264 4828 526 4933; x_wconf 57' lang='grc' dir='ltr'>οεὸρητᾳι.</span> <span class='ocrx_word' id='word_1_725' title='bbox 550 4828 656 4868; x_wconf 84' lang='lat' dir='ltr'><strong>Aut</strong></span> <span class='ocrx_word' id='word_1_726' title='bbox 678 4828 732 4870; x_wconf 89' lang='lat' dir='ltr'><strong>et</strong></span> <span class='ocrx_word' id='word_1_727' title='bbox 758 4828 909 4882; x_wconf 82' lang='lat' dir='ltr'><strong>editi,</strong></span> <span class='ocrx_word' id='word_1_728' title='bbox 933 4828 1185 4890; x_wconf 84' lang='grc' dir='ltr'>καθάπερ</span> <span class='ocrx_word' id='word_1_729' title='bbox 1219 4828 1452 4893; x_wconf 73' lang='grc' dir='ltr'>εἴρηται.</span> 
     </span>
     <span class='ocr_line' id='line_1_96' title="bbox 264 4881 1767 4956; baseline 0.005 -22"><span class='ocrx_word' id='word_1_730' title='bbox 264 4881 382 4956; x_wconf 40' lang='grc'>(9-)</span> <span class='ocrx_word' id='word_1_731' title='bbox 422 4881 512 4956; x_wconf 74' lang='lat' dir='ltr'><strong>Sic</strong></span> <span class='ocrx_word' id='word_1_732' title='bbox 533 4883 756 4955; x_wconf 82' lang='lat' dir='ltr'><strong>Seguer.</strong></span> <span class='ocrx_word' id='word_1_733' title='bbox 784 4887 1004 4943; x_wconf 89' lang='lat' dir='ltr'><strong>Gohler.</strong></span> <span class='ocrx_word' id='word_1_734' title='bbox 1036 4890 1219 4945; x_wconf 84' lang='lat' dir='ltr'><strong>Felck.</strong></span> <span class='ocrx_word' id='word_1_735' title='bbox 1250 4893 1302 4954; x_wconf 76' lang='grc'><strong>1,</strong></span> <span class='ocrx_word' id='word_1_736' title='bbox 1333 4889 1367 4943; x_wconf 70' lang='grc'>4</span> <span class='ocrx_word' id='word_1_737' title='bbox 1391 4899 1444 4943; x_wconf 91' lang='lat' dir='ltr'><strong>et</strong></span> <span class='ocrx_word' id='word_1_738' title='bbox 1465 4889 1517 4943; x_wconf 80' lang='grc'>5.</span> <span class='ocrx_word' id='word_1_739' title='bbox 1546 4889 1611 4943; x_wconf 87' lang='lat' dir='ltr'><strong>At</strong></span> <span class='ocrx_word' id='word_1_740' title='bbox 1636 4887 1767 4956; x_wconf 76' lang='lat' dir='ltr'><strong>Reg.</strong></span> 
     </span>
    </p>
   </div>
   <div class='ocr_carea' id='block_1_96' title="bbox 177 4949 1772 5032">
    <p class='ocr_par' dir='ltr' id='par_1_96' title="bbox 177 4949 1772 5032">
     <span class='ocr_line' id='line_1_97' title="bbox 177 4949 1772 5032; baseline 0.006 -27"><span class='ocrx_word' id='word_1_741' title='bbox 177 4949 302 5032; x_wconf 58' lang='grc' dir='ltr'>ὲνξς</span> <span class='ocrx_word' id='word_1_742' title='bbox 326 4951 584 5032; x_wconf 65' lang='grc' dir='ltr'>ἑστῶτος.</span> <span class='ocrx_word' id='word_1_743' title='bbox 608 4949 734 5032; x_wconf 51' lang='lat' dir='ltr'><strong>&#39;Ali_i_</strong></span> <span class='ocrx_word' id='word_1_744' title='bbox 760 4967 830 5032; x_wconf 72' lang='lat' dir='ltr'><strong>et</strong></span> <span class='ocrx_word' id='word_1_745' title='bbox 853 4959 1021 5014; x_wconf 85' lang='lat' dir='ltr'><strong>editio</strong></span> <span class='ocrx_word' id='word_1_746' title='bbox 1057 4949 1324 5032; x_wconf 82' lang='lat' dir='ltr'><strong>Commel.</strong></span> <span class='ocrx_word' id='word_1_747' title='bbox 1368 4958 1650 5032; x_wconf 83' lang='grc' dir='ltr'>συντελείᾳ</span> <span class='ocrx_word' id='word_1_748' title='bbox 1677 4949 1772 5014; x_wconf 81' lang='grc' dir='ltr'>τοῦ</span> 
     </span>
    </p>
   </div>
   <div class='ocr_carea' id='block_1_97' title="bbox 176 5021 1328 5093">
    <p class='ocr_par' dir='ltr' id='par_1_97' title="bbox 176 5021 1328 5093">
     <span class='ocr_line' id='line_1_98' title="bbox 176 5021 1328 5093; baseline 0.009 -16"><span class='ocrx_word' id='word_1_749' title='bbox 176 5021 400 5093; x_wconf 78' lang='grc' dir='ltr'>αἰῶνος.</span> <span class='ocrx_word' id='word_1_750' title='bbox 421 5022 667 5093; x_wconf 61' lang='grc' dir='ltr'><strong>Δδείζιιεξικ</strong></span> <span class='ocrx_word' id='word_1_751' title='bbox 702 5027 928 5093; x_wconf 86' lang='lat' dir='ltr'><strong>ibidem,</strong></span> <span class='ocrx_word' id='word_1_752' title='bbox 961 5031 1104 5084; x_wconf 84' lang='grc' dir='ltr'>κατὰ</span> <span class='ocrx_word' id='word_1_753' title='bbox 1131 5029 1328 5086; x_wconf 81' lang='grc' dir='ltr'>ταῦτα.</span> 
     </span>
    </p>
   </div>
   <div class='ocr_carea' id='block_1_98' title="bbox 253 5089 1774 5166">
    <p class='ocr_par' dir='ltr' id='par_1_98' title="bbox 253 5089 1774 5166">
     <span class='ocr_line' id='line_1_99' title="bbox 253 5089 1774 5166; baseline 0.002 -15"><span class='ocrx_word' id='word_1_754' title='bbox 253 5089 761 5166; x_wconf 56' lang='grc' dir='ltr'>(θιλὸἰίὸεειιθγ.</span> <span class='ocrx_word' id='word_1_755' title='bbox 799 5089 1018 5154; x_wconf 82' lang='lat' dir='ltr'><strong>Gohler.</strong></span> <span class='ocrx_word' id='word_1_756' title='bbox 1059 5100 1240 5157; x_wconf 86' lang='lat' dir='ltr'><strong>Felck.</strong></span> <span class='ocrx_word' id='word_1_757' title='bbox 1271 5103 1296 5155; x_wconf 77' lang='lat' dir='ltr'><strong>l</strong></span> <span class='ocrx_word' id='word_1_758' title='bbox 1337 5112 1390 5158; x_wconf 89' lang='lat' dir='ltr'><strong>et</strong></span> <span class='ocrx_word' id='word_1_759' title='bbox 1419 5102 1473 5158; x_wconf 72' lang='grc'>4.</span> <span class='ocrx_word' id='word_1_760' title='bbox 1506 5102 1575 5157; x_wconf 84' lang='lat' dir='ltr'><strong>At</strong></span> <span class='ocrx_word' id='word_1_761' title='bbox 1599 5099 1690 5153; x_wconf 91' lang='lat' dir='ltr'><strong>alii</strong></span> <span class='ocrx_word' id='word_1_762' title='bbox 1719 5108 1774 5154; x_wconf 90' lang='lat' dir='ltr'><strong>et</strong></span> 
     </span>
    </p>
   </div>
   <div class='ocr_carea' id='block_1_99' title="bbox 173 5162 1767 5291">
    <p class='ocr_par' dir='ltr' id='par_1_99' title="bbox 173 5162 1767 5291">
     <span class='ocr_line' id='line_1_100' title="bbox 173 5162 1767 5291; baseline 0.001 -69"><span class='ocrx_word' id='word_1_763' title='bbox 173 5163 341 5225; x_wconf 88' lang='lat' dir='ltr'><strong>editi,</strong></span> <span class='ocrx_word' id='word_1_764' title='bbox 375 5162 518 5234; x_wconf 79' lang='grc' dir='ltr'>ἔχειν</span> <span class='ocrx_word' id='word_1_765' title='bbox 541 5162 641 5238; x_wconf 75' lang='grc' dir='ltr'>τὴν</span> <span class='ocrx_word' id='word_1_766' title='bbox 663 5167 982 5291; x_wconf 36' lang='grc' dir='ltr'><strong>ζωῖιτιιὺίἀ.</strong></span> <span class='ocrx_word' id='word_1_767' title='bbox 1004 5169 1230 5253; x_wconf 73' lang='lat' dir='ltr'><strong>Seguer.</strong></span> <span class='ocrx_word' id='word_1_768' title='bbox 1262 5171 1477 5228; x_wconf 88' lang='lat' dir='ltr'><strong>Gobler.</strong></span> <span class='ocrx_word' id='word_1_769' title='bbox 1507 5181 1560 5226; x_wconf 92' lang='lat' dir='ltr'><strong>et</strong></span> <span class='ocrx_word' id='word_1_770' title='bbox 1584 5169 1767 5225; x_wconf 85' lang='lat' dir='ltr'><strong>Felck.</strong></span> 
     </span>
     <span class='ocr_line' id='line_1_101' title="bbox 175 5232 1726 5291; baseline 0 0"><span class='ocrx_word' id='word_1_771' title='bbox 175 5239 229 5291; x_wconf 79' lang='grc'>1.</span> <span class='ocrx_word' id='word_1_772' title='bbox 261 5232 401 5287; x_wconf 81' lang='grc' dir='ltr'>ἀλλὰ</span> <span class='ocrx_word' id='word_1_773' title='bbox 425 5236 582 5291; x_wconf 81' lang='grc' dir='ltr'>μετὰ.</span> <span class='ocrx_word' id='word_1_774' title='bbox 611 5246 718 5291; x_wconf 85' lang='lat' dir='ltr'><strong>etc.</strong></span> <span class='ocrx_word' id='word_1_775' title='bbox 799 5239 941 5291; x_wconf 86' lang='lat' dir='ltr'><strong>lu&#39;et</strong></span> <span class='ocrx_word' id='word_1_776' title='bbox 963 5241 1115 5291; x_wconf 79' lang='lat' dir='ltr'><strong>editi.</strong></span> <span class='ocrx_word' id='word_1_777' title='bbox 1142 5241 1278 5291; x_wconf 78' lang='grc' dir='ltr'>ἀλλὰ</span> <span class='ocrx_word' id='word_1_778' title='bbox 1307 5244 1402 5291; x_wconf 77' lang='grc' dir='ltr'><strong>καὶ</strong></span> <span class='ocrx_word' id='word_1_779' title='bbox 1437 5244 1592 5291; x_wconf 59' lang='lat' dir='ltr'><strong>used.</strong></span> <span class='ocrx_word' id='word_1_780' title='bbox 1620 5250 1726 5291; x_wconf 86' lang='lat' dir='ltr'><strong>etc.</strong></span> 
     </span>
    </p>
   </div>
   <div class='ocr_carea' id='block_1_100' title="bbox 175 5232 1726 5313">
    <p class='ocr_par' dir='ltr' id='par_1_100' title="bbox 175 5232 1726 5313">
     <span class='ocr_line' id='line_1_102' title="bbox 175 5232 1726 5313; baseline 0.003 -22"><span class='ocrx_word' id='word_1_781' title='bbox 175 5239 229 5298; x_wconf 76' lang='grc'>1,</span> <span class='ocrx_word' id='word_1_782' title='bbox 253 5232 718 5313; x_wconf 43' lang='grc' dir='ltr'>ἐξλαμτφεω.</span> <span class='ocrx_word' id='word_1_783' title='bbox 751 5232 941 5313; x_wconf 60' lang='lat' dir='ltr'><strong>Aliijet</strong></span> <span class='ocrx_word' id='word_1_784' title='bbox 963 5232 1115 5313; x_wconf 75' lang='lat' dir='ltr'><strong>editi,</strong></span> <span class='ocrx_word' id='word_1_785' title='bbox 1142 5241 1278 5296; x_wconf 81' lang='grc' dir='ltr'>ἀλλὰ</span> <span class='ocrx_word' id='word_1_786' title='bbox 1307 5244 1402 5297; x_wconf 76' lang='grc' dir='ltr'>καὶ</span> <span class='ocrx_word' id='word_1_787' title='bbox 1436 5244 1592 5313; x_wconf 86' lang='grc' dir='ltr'>μετά,</span> <span class='ocrx_word' id='word_1_788' title='bbox 1612 5250 1726 5313; x_wconf 72' lang='lat' dir='ltr'><strong>etc,</strong></span> 
     </span>
    </p>
   </div>
   <div class='ocr_carea' id='block_1_101' title="bbox 247 5303 1770 5388">
    <p class='ocr_par' dir='ltr' id='par_1_101' title="bbox 247 5303 1770 5388">
     <span class='ocr_line' id='line_1_103' title="bbox 247 5303 1770 5388; baseline 0.002 -2"><span class='ocrx_word' id='word_1_789' title='bbox 247 5303 382 5388; x_wconf 31' lang='lat'><strong>(.92)-</strong></span> <span class='ocrx_word' id='word_1_790' title='bbox 407 5303 638 5388; x_wconf 53' lang='lat' dir='ltr'><strong>sese“:</strong></span> <span class='ocrx_word' id='word_1_791' title='bbox 683 5317 739 5388; x_wconf 66' lang='lat' dir='ltr'><strong>et.</strong></span> <span class='ocrx_word' id='word_1_792' title='bbox 786 5308 965 5388; x_wconf 54' lang='grc' dir='ltr'>ἔναιε</span> <span class='ocrx_word' id='word_1_793' title='bbox 1003 5312 1057 5388; x_wconf 56' lang='grc' dir='ltr'>ξε</span> <span class='ocrx_word' id='word_1_794' title='bbox 1080 5303 1161 5388; x_wconf 62' lang='grc' dir='ltr'>,ἐν</span> <span class='ocrx_word' id='word_1_795' title='bbox 1205 5303 1672 5388; x_wconf 57' lang='grc' dir='ltr'><strong>Χριεῖῷηησρῦο.</strong></span> <span class='ocrx_word' id='word_1_796' title='bbox 1711 5309 1770 5388; x_wconf 77' lang='lat' dir='ltr'><strong>.ln</strong></span> 
     </span>
    </p>
   </div>
   <div class='ocr_carea' id='block_1_102' title="bbox 173 5375 1768 5440">
    <p class='ocr_par' dir='ltr' id='par_1_102' title="bbox 173 5375 1768 5440">
     <span class='ocr_line' id='line_1_104' title="bbox 173 5375 1768 5440; baseline 0.008 -13"><span class='ocrx_word' id='word_1_797' title='bbox 173 5375 304 5432; x_wconf 83' lang='lat' dir='ltr'><strong>aliis</strong></span> <span class='ocrx_word' id='word_1_798' title='bbox 330 5382 387 5428; x_wconf 92' lang='lat' dir='ltr'><strong>et</strong></span> <span class='ocrx_word' id='word_1_799' title='bbox 410 5375 572 5432; x_wconf 81' lang='lat' dir='ltr'><strong>editis</strong></span> <span class='ocrx_word' id='word_1_800' title='bbox 593 5378 748 5434; x_wconf 90' lang='lat' dir='ltr'><strong>deest</strong></span> <span class='ocrx_word' id='word_1_801' title='bbox 791 5380 988 5440; x_wconf 80' lang='grc' dir='ltr'>Ἰησοῦ.</span> <span class='ocrx_word' id='word_1_802' title='bbox 1018 5375 1220 5437; x_wconf 88' lang='lat' dir='ltr'><strong>Ibidem</strong></span> <span class='ocrx_word' id='word_1_803' title='bbox 1248 5375 1472 5440; x_wconf 81' lang='lat' dir='ltr'><strong>Gohler.</strong></span> <span class='ocrx_word' id='word_1_804' title='bbox 1502 5375 1557 5438; x_wconf 77' lang='lat' dir='ltr'><strong>et</strong></span> <span class='ocrx_word' id='word_1_805' title='bbox 1583 5381 1768 5440; x_wconf 88' lang='lat' dir='ltr'><strong>Felck.</strong></span> 
     </span>
    </p>
   </div>
   <div class='ocr_carea' id='block_1_103' title="bbox 173 5445 1765 5528">
    <p class='ocr_par' dir='ltr' id='par_1_103' title="bbox 173 5445 1765 5528">
     <span class='ocr_line' id='line_1_105' title="bbox 173 5445 1765 5528; baseline 0.008 -30"><span class='ocrx_word' id='word_1_806' title='bbox 173 5449 231 5528; x_wconf 57' lang='grc' dir='ltr'><strong>ς,</strong></span> <span class='ocrx_word' id='word_1_807' title='bbox 261 5445 388 5528; x_wconf 67' lang='grc' dir='ltr'>οὐδὲ</span> <span class='ocrx_word' id='word_1_808' title='bbox 415 5446 613 5528; x_wconf 47' lang='grc' dir='ltr'>γαρ-εν</span> <span class='ocrx_word' id='word_1_809' title='bbox 645 5445 963 5528; x_wconf 43' lang='grc' dir='ltr'>ᾁλλῳηῇίοχ</span> <span class='ocrx_word' id='word_1_810' title='bbox 991 5453 1154 5528; x_wconf 74' lang='lat' dir='ltr'><strong>iidem</strong></span> <span class='ocrx_word' id='word_1_811' title='bbox 1183 5463 1238 5528; x_wconf 84' lang='lat' dir='ltr'><strong>et</strong></span> <span class='ocrx_word' id='word_1_812' title='bbox 1253 5451 1765 5528; x_wconf 69' lang='lat' dir='ltr'><strong>Seguer.acFelck.</strong></span> 
     </span>
    </p>
   </div>
   <div class='ocr_carea' id='block_1_104' title="bbox 172 5516 1763 5598">
    <p class='ocr_par' dir='ltr' id='par_1_104' title="bbox 172 5516 1763 5598">
     <span class='ocr_line' id='line_1_106' title="bbox 172 5516 1763 5598; baseline 0.003 -25"><span class='ocrx_word' id='word_1_813' title='bbox 172 5518 228 5579; x_wconf 69' lang='grc'><strong>4,</strong></span> <span class='ocrx_word' id='word_1_814' title='bbox 257 5516 394 5598; x_wconf 55' lang='grc' dir='ltr'>ῇ-ξν</span> <span class='ocrx_word' id='word_1_815' title='bbox 413 5516 508 5598; x_wconf 40' lang='grc' dir='ltr'><strong>εἰς)</strong></span> <span class='ocrx_word' id='word_1_816' title='bbox 530 5519 740 5598; x_wconf 56' lang='grc' dir='ltr'>Κυρίῳ.</span> <span class='ocrx_word' id='word_1_817' title='bbox 761 5516 875 5598; x_wconf 45' lang='lat' dir='ltr'><strong>Alii</strong></span> <span class='ocrx_word' id='word_1_818' title='bbox 897 5533 959 5598; x_wconf 85' lang='lat' dir='ltr'><strong>_et</strong></span> <span class='ocrx_word' id='word_1_819' title='bbox 985 5523 1138 5598; x_wconf 79' lang='lat' dir='ltr'><strong>editi,</strong></span> <span class='ocrx_word' id='word_1_820' title='bbox 1179 5526 1231 5598; x_wconf 51' lang='lat' dir='ltr'><strong>et.</strong></span> <span class='ocrx_word' id='word_1_821' title='bbox 1257 5516 1418 5598; x_wconf 37' lang='grc' dir='ltr'>μὴῖὲν</span> <span class='ocrx_word' id='word_1_822' title='bbox 1445 5524 1525 5595; x_wconf 80' lang='grc' dir='ltr'>τῷ</span> <span class='ocrx_word' id='word_1_823' title='bbox 1541 5523 1763 5598; x_wconf 48' lang='grc' dir='ltr'>μυρίῳ.</span> 
     </span>
    </p>
   </div>
   <div class='ocr_carea' id='block_1_105' title="bbox 173 5578 1766 5713">
    <p class='ocr_par' dir='ltr' id='par_1_105' title="bbox 173 5578 1766 5713">
     <span class='ocr_line' id='line_1_107' title="bbox 217 5578 1766 5668; baseline 0.004 -25"><span class='ocrx_word' id='word_1_824' title='bbox 217 5578 220 5579; x_wconf 66' lang='lat'><strong><em>’</em></strong></span> <span class='ocrx_word' id='word_1_825' title='bbox 250 5578 366 5658; x_wconf 80' lang='lat'>(95)</span> <span class='ocrx_word' id='word_1_826' title='bbox 384 5578 634 5667; x_wconf 60' lang='lat' dir='ltr'><strong>_Gobler:</strong></span> <span class='ocrx_word' id='word_1_827' title='bbox 683 5578 738 5646; x_wconf 76' lang='grc' dir='ltr'>ἐι</span> <span class='ocrx_word' id='word_1_828' title='bbox 768 5578 1413 5668; x_wconf 65' lang='grc' dir='ltr'>Εειειί.1,Ἀγαθὸξγὰρ</span> <span class='ocrx_word' id='word_1_829' title='bbox 1455 5578 1508 5650; x_wconf 74' lang='grc' dir='ltr'><strong>δ’</strong></span> <span class='ocrx_word' id='word_1_830' title='bbox 1530 5578 1663 5660; x_wconf 63' lang='lat' dir='ltr'><strong>est;</strong></span> <span class='ocrx_word' id='word_1_831' title='bbox 1691 5578 1766 5649; x_wconf 73' lang='grc' dir='ltr'><strong>ὧν</strong></span> 
     </span>
     <span class='ocr_line' id='line_1_108' title="bbox 173 5659 596 5713; baseline -0.005 0"><span class='ocrx_word' id='word_1_832' title='bbox 173 5659 286 5713; x_wconf 76' lang='grc' dir='ltr'>ἀεὶ.</span> <span class='ocrx_word' id='word_1_833' title='bbox 315 5673 496 5712; x_wconf 89' lang='grc' dir='ltr'>τουτο.</span> <span class='ocrx_word' id='word_1_834' title='bbox 581 5687 596 5702; x_wconf 83' lang='lat'><strong>-</strong></span> 
     </span>
    </p>
   </div>
   <div class='ocr_carea' id='block_1_106' title="bbox 215 5673 596 5718">
    <p class='ocr_par' dir='ltr' id='par_1_106' title="bbox 215 5673 596 5718">
     <span class='ocr_line' id='line_1_109' title="bbox 215 5673 596 5718; baseline 0.003 -7"><span class='ocrx_word' id='word_1_835' title='bbox 215 5673 286 5718; x_wconf 86' lang='grc' dir='ltr'><strong>ει,</strong></span> <span class='ocrx_word' id='word_1_836' title='bbox 315 5673 496 5712; x_wconf 87' lang='grc' dir='ltr'>τουτο.</span> <span class='ocrx_word' id='word_1_837' title='bbox 581 5687 596 5702; x_wconf 71' lang='grc' dir='ltr'><strong>ο</strong></span> 
     </span>
    </p>
   </div>
   <div class='ocr_carea' id='block_1_107' title="bbox 247 5725 1758 5810">
    <p class='ocr_par' dir='ltr' id='par_1_107' title="bbox 247 5725 1758 5810">
     <span class='ocr_line' id='line_1_110' title="bbox 247 5725 1758 5810; baseline 0.006 -28"><span class='ocrx_word' id='word_1_838' title='bbox 247 5727 362 5810; x_wconf 62' lang='lat'><strong>(_9_4)</strong></span> <span class='ocrx_word' id='word_1_839' title='bbox 403 5725 694 5810; x_wconf 37' lang='grc' dir='ltr'>Εειοςίξηιξ,</span> <span class='ocrx_word' id='word_1_840' title='bbox 749 5734 1024 5810; x_wconf 69' lang='grc' dir='ltr'>τοιαύτην.</span> <span class='ocrx_word' id='word_1_841' title='bbox 1050 5736 1197 5810; x_wconf 59' lang='lat' dir='ltr'><strong>Mox</strong></span> <span class='ocrx_word' id='word_1_842' title='bbox 1239 5737 1380 5810; x_wconf 85' lang='lat' dir='ltr'><strong>idem</strong></span> <span class='ocrx_word' id='word_1_843' title='bbox 1430 5745 1482 5792; x_wconf 92' lang='lat' dir='ltr'><strong>et</strong></span> <span class='ocrx_word' id='word_1_844' title='bbox 1529 5736 1758 5810; x_wconf 72' lang='lat' dir='ltr'><strong>Seguer.</strong></span> 
     </span>
    </p>
   </div>
   <div class='ocr_carea' id='block_1_108' title="bbox 173 5797 1762 5880">
    <p class='ocr_par' dir='ltr' id='par_1_108' title="bbox 173 5797 1762 5880">
     <span class='ocr_line' id='line_1_111' title="bbox 173 5797 1762 5880; baseline 0.004 -24"><span class='ocrx_word' id='word_1_845' title='bbox 173 5797 399 5856; x_wconf 76' lang='lat' dir='ltr'><strong>Gohler.</strong></span> <span class='ocrx_word' id='word_1_846' title='bbox 435 5815 502 5857; x_wconf 85' lang='lat' dir='ltr'><strong>ac</strong></span> <span class='ocrx_word' id='word_1_847' title='bbox 524 5799 706 5858; x_wconf 84' lang='lat' dir='ltr'><strong>Felck.</strong></span> <span class='ocrx_word' id='word_1_848' title='bbox 745 5805 792 5872; x_wconf 81' lang='lat' dir='ltr'><strong>i,</strong></span> <span class='ocrx_word' id='word_1_849' title='bbox 841 5797 997 5860; x_wconf 67' lang='grc' dir='ltr'>τοῦτο</span> <span class='ocrx_word' id='word_1_850' title='bbox 1043 5807 1099 5861; x_wconf 83' lang='grc' dir='ltr'>δὲ</span> <span class='ocrx_word' id='word_1_851' title='bbox 1153 5808 1490 5880; x_wconf 84' lang='grc' dir='ltr'>βουλόμενος.</span> <span class='ocrx_word' id='word_1_852' title='bbox 1529 5797 1672 5866; x_wconf 72' lang='grc' dir='ltr'><strong>Εάἷιί</strong></span> <span class='ocrx_word' id='word_1_853' title='bbox 1709 5817 1762 5866; x_wconf 85' lang='lat' dir='ltr'><strong>et</strong></span> 
     </span>
    </p>
   </div>
   <div class='ocr_carea' id='block_1_109' title="bbox 1952 4679 3473 4754">
    <p class='ocr_par' dir='ltr' id='par_1_109' title="bbox 1952 4679 3473 4754">
     <span class='ocr_line' id='line_1_112' title="bbox 1952 4679 3473 4754; baseline 0.001 -19"><span class='ocrx_word' id='word_1_854' title='bbox 1952 4679 2575 4754; x_wconf 71' lang='lat' dir='ltr'><strong>(95)-S_eguer._Anglic.</strong></span> <span class='ocrx_word' id='word_1_855' title='bbox 2622 4682 2838 4738; x_wconf 90' lang='lat' dir='ltr'><strong>Gobler.</strong></span> <span class='ocrx_word' id='word_1_856' title='bbox 2888 4685 3070 4740; x_wconf 81' lang='lat' dir='ltr'><strong>Felck.</strong></span> <span class='ocrx_word' id='word_1_857' title='bbox 3108 4687 3131 4739; x_wconf 83' lang='grc'><strong>1</strong></span> <span class='ocrx_word' id='word_1_858' title='bbox 3167 4695 3220 4739; x_wconf 86' lang='lat' dir='ltr'><strong>et</strong></span> <span class='ocrx_word' id='word_1_859' title='bbox 3253 4685 3307 4750; x_wconf 74' lang='grc'><strong>4,</strong></span> <span class='ocrx_word' id='word_1_860' title='bbox 3351 4685 3473 4754; x_wconf 53' lang='grc' dir='ltr'>τὴν,</span> 
     </span>
    </p>
   </div>
   <div class='ocr_carea' id='block_1_110' title="bbox 1878 4749 3450 4818">
    <p class='ocr_par' dir='ltr' id='par_1_110' title="bbox 1878 4749 3450 4818">
     <span class='ocr_line' id='line_1_113' title="bbox 1878 4749 3450 4818; baseline 0.005 -17"><span class='ocrx_word' id='word_1_861' title='bbox 1878 4749 2305 4814; x_wconf 71' lang='grc' dir='ltr'>εἰς’ἀνανέωσιν.</span> <span class='ocrx_word' id='word_1_862' title='bbox 2341 4749 2397 4804; x_wconf 87' lang='lat' dir='ltr'><strong>In</strong></span> <span class='ocrx_word' id='word_1_863' title='bbox 2448 4749 2568 4807; x_wconf 82' lang='lat' dir='ltr'><strong>aliis</strong></span> <span class='ocrx_word' id='word_1_864' title='bbox 2618 4761 2674 4808; x_wconf 78' lang='lat' dir='ltr'><strong>et</strong></span> <span class='ocrx_word' id='word_1_865' title='bbox 2720 4754 2884 4811; x_wconf 84' lang='lat' dir='ltr'><strong>editis</strong></span> <span class='ocrx_word' id='word_1_866' title='bbox 2923 4758 3005 4818; x_wconf 88' lang='grc' dir='ltr'><strong>εἰς</strong></span> <span class='ocrx_word' id='word_1_867' title='bbox 3043 4757 3213 4809; x_wconf 76' lang='lat' dir='ltr'><strong>deest.</strong></span> <span class='ocrx_word' id='word_1_868' title='bbox 3249 4749 3450 4809; x_wconf 77' lang='lat' dir='ltr'><strong>Ibidem</strong></span> 
     </span>
    </p>
   </div>
   <div class='ocr_carea' id='block_1_111' title="bbox 1877 4819 3452 4897">
    <p class='ocr_par' dir='ltr' id='par_1_111' title="bbox 1877 4819 3452 4897">
     <span class='ocr_line' id='line_1_114' title="bbox 1877 4819 3452 4897; baseline 0.002 -23"><span class='ocrx_word' id='word_1_869' title='bbox 1877 4819 2101 4889; x_wconf 78' lang='lat' dir='ltr'><strong>Seguer.</strong></span> <span class='ocrx_word' id='word_1_870' title='bbox 2131 4820 2348 4897; x_wconf 71' lang='lat' dir='ltr'><strong>Gohler.</strong></span> <span class='ocrx_word' id='word_1_871' title='bbox 2375 4819 2556 4877; x_wconf 58' lang='grc' dir='ltr'>ιδεμ-ις.</span> <span class='ocrx_word' id='word_1_872' title='bbox 2585 4822 2611 4875; x_wconf 88' lang='grc'><strong>1</strong></span> <span class='ocrx_word' id='word_1_873' title='bbox 2644 4823 2780 4897; x_wconf 56' lang='lat' dir='ltr'><strong>etii,</strong></span> <span class='ocrx_word' id='word_1_874' title='bbox 2811 4827 3191 4897; x_wconf 63' lang='grc' dir='ltr'>παρασκευήν.</span> <span class='ocrx_word' id='word_1_875' title='bbox 3223 4825 3327 4897; x_wconf 62' lang='lat' dir='ltr'><strong>Alii</strong></span> <span class='ocrx_word' id='word_1_876' title='bbox 3352 4841 3452 4897; x_wconf 82' lang='lat' dir='ltr'><strong>au-</strong></span> 
     </span>
    </p>
   </div>
   <div class='ocr_carea' id='block_1_112' title="bbox 1875 4890 3454 4966">
    <p class='ocr_par' dir='ltr' id='par_1_112' title="bbox 1875 4890 3454 4966">
     <span class='ocr_line' id='line_1_115' title="bbox 1875 4890 3454 4966; baseline 0.003 -22"><span class='ocrx_word' id='word_1_877' title='bbox 1875 4899 1985 4946; x_wconf 89' lang='lat' dir='ltr'><strong>tem</strong></span> <span class='ocrx_word' id='word_1_878' title='bbox 2021 4901 2076 4946; x_wconf 80' lang='lat' dir='ltr'><strong>et</strong></span> <span class='ocrx_word' id='word_1_879' title='bbox 2104 4890 2254 4954; x_wconf 89' lang='lat' dir='ltr'><strong>editi,</strong></span> <span class='ocrx_word' id='word_1_880' title='bbox 2289 4894 2773 4966; x_wconf 66' lang='grc' dir='ltr'>προπαρασκευήν.</span> <span class='ocrx_word' id='word_1_881' title='bbox 2799 4890 3182 4966; x_wconf 38' lang='grc' dir='ltr'>μοὶ-εεευέιξ.</span> <span class='ocrx_word' id='word_1_882' title='bbox 3219 4894 3454 4948; x_wconf 84' lang='grc' dir='ltr'>ἀνανεώ-</span> 
     </span>
    </p>
   </div>
   <div class='ocr_carea' id='block_1_113' title="bbox 1876 4961 3452 5034">
    <p class='ocr_par' dir='ltr' id='par_1_113' title="bbox 1876 4961 3452 5034">
     <span class='ocr_line' id='line_1_116' title="bbox 1876 4961 3452 5034; baseline 0.004 -21"><span class='ocrx_word' id='word_1_883' title='bbox 1876 4978 2013 5034; x_wconf 82' lang='grc' dir='ltr'>σεως</span> <span class='ocrx_word' id='word_1_884' title='bbox 2044 4961 2509 5034; x_wconf 35' lang='grc' dir='ltr'>προπαρασκευήέ</span> <span class='ocrx_word' id='word_1_885' title='bbox 2539 4961 2758 5034; x_wconf 73' lang='lat' dir='ltr'><strong>Gohler.</strong></span> <span class='ocrx_word' id='word_1_886' title='bbox 2799 4963 2981 5034; x_wconf 84' lang='lat' dir='ltr'><strong>Felck.</strong></span> <span class='ocrx_word' id='word_1_887' title='bbox 3011 4961 3120 5019; x_wconf 69' lang='lat' dir='ltr'><strong>fet</strong></span> <span class='ocrx_word' id='word_1_888' title='bbox 3141 4965 3192 5021; x_wconf 73' lang='grc'>4.</span> <span class='ocrx_word' id='word_1_889' title='bbox 3224 4967 3452 5019; x_wconf 86' lang='grc' dir='ltr'>ἀνακαι-</span> 
     </span>
    </p>
   </div>
   <div class='ocr_carea' id='block_1_114' title="bbox 1874 5031 3454 5103">
    <p class='ocr_par' dir='ltr' id='par_1_114' title="bbox 1874 5031 3454 5103">
     <span class='ocr_line' id='line_1_117' title="bbox 1874 5031 3454 5103; baseline 0.004 -21"><span class='ocrx_word' id='word_1_890' title='bbox 1874 5031 2642 5103; x_wconf 68' lang='grc' dir='ltr'>νίσεως“παρασκευή.’Βεεί1.</span> <span class='ocrx_word' id='word_1_891' title='bbox 2679 5033 2811 5103; x_wconf 81' lang='lat' dir='ltr'><strong>Reg.</strong></span> <span class='ocrx_word' id='word_1_892' title='bbox 2852 5046 2906 5090; x_wconf 89' lang='lat' dir='ltr'><strong>et</strong></span> <span class='ocrx_word' id='word_1_893' title='bbox 2941 5033 3119 5090; x_wconf 86' lang='lat' dir='ltr'><strong>Felck.</strong></span> <span class='ocrx_word' id='word_1_894' title='bbox 3165 5034 3219 5100; x_wconf 82' lang='grc'><strong>5,</strong></span> <span class='ocrx_word' id='word_1_895' title='bbox 3247 5036 3454 5089; x_wconf 83' lang='lat' dir='ltr'><strong>habent</strong></span> 
     </span>
    </p>
   </div>
   <div class='ocr_carea' id='block_1_115' title="bbox 1873 5101 3452 5179">
    <p class='ocr_par' dir='ltr' id='par_1_115' title="bbox 1873 5101 3452 5179">
     <span class='ocr_line' id='line_1_118' title="bbox 1873 5101 3452 5179; baseline 0.003 -25"><span class='ocrx_word' id='word_1_896' title='bbox 1873 5101 2001 5156; x_wconf 86' lang='lat' dir='ltr'><strong>item</strong></span> <span class='ocrx_word' id='word_1_897' title='bbox 2034 5101 2446 5179; x_wconf 75' lang='grc' dir='ltr'>ἀνακαινίσεως.</span> <span class='ocrx_word' id='word_1_898' title='bbox 2494 5103 2635 5157; x_wconf 87' lang='lat' dir='ltr'><strong>Edili</strong></span> <span class='ocrx_word' id='word_1_899' title='bbox 2663 5113 2716 5158; x_wconf 87' lang='lat' dir='ltr'><strong>et</strong></span> <span class='ocrx_word' id='word_1_900' title='bbox 2738 5101 2850 5170; x_wconf 85' lang='lat' dir='ltr'><strong>alii,</strong></span> <span class='ocrx_word' id='word_1_901' title='bbox 2877 5105 3296 5169; x_wconf 84' lang='grc' dir='ltr'>ἀνακαινώσεως</span> <span class='ocrx_word' id='word_1_902' title='bbox 3315 5123 3452 5179; x_wconf 86' lang='grc' dir='ltr'>προ-</span> 
     </span>
    </p>
   </div>
   <div class='ocr_carea' id='block_1_116' title="bbox 1874 5174 3529 5368">
    <p class='ocr_par' dir='ltr' id='par_1_116' title="bbox 1874 5174 3529 5368">
     <span class='ocr_line' id='line_1_119' title="bbox 1874 5174 3529 5318; baseline 0.002 -20"><span class='ocrx_word' id='word_1_903' title='bbox 1874 5174 2325 5315; x_wconf 33' lang='lat' dir='ltr'><strong>“digitale”.</strong></span> <span class='ocrx_word' id='word_1_904' title='bbox 2360 5244 2461 5308; x_wconf 84' lang='grc' dir='ltr'>τ”ς</span> <span class='ocrx_word' id='word_1_905' title='bbox 2508 5261 2616 5297; x_wconf 90' lang='grc' dir='ltr'><strong>σωτ</strong></span> <span class='ocrx_word' id='word_1_906' title='bbox 2661 5243 2780 5315; x_wconf 87' lang='grc' dir='ltr'>ρίας</span> <span class='ocrx_word' id='word_1_907' title='bbox 2831 5245 2930 5315; x_wconf 81' lang='grc' dir='ltr'><strong>τῆς</strong></span> <span class='ocrx_word' id='word_1_908' title='bbox 2982 5246 3274 5318; x_wconf 82' lang='grc' dir='ltr'>ἡμετέρας.</span> <span class='ocrx_word' id='word_1_909' title='bbox 3322 5243 3452 5302; x_wconf 75' lang='lat' dir='ltr'><strong>Mox</strong></span> <span class='ocrx_word' id='word_1_910' title='bbox 3525 5232 3529 5237; x_wconf 7' lang='grc' dir='ltr'><strong>ί</strong></span> 
     </span>
     <span class='ocr_line' id='line_1_120' title="bbox 1874 5260 3452 5368; baseline 0.001 -2"><span class='ocrx_word' id='word_1_911' title='bbox 1874 5313 2014 5368; x_wconf 90' lang='lat' dir='ltr'><strong>idem</strong></span> <span class='ocrx_word' id='word_1_912' title='bbox 2064 5323 2120 5368; x_wconf 92' lang='lat' dir='ltr'><strong>et</strong></span> <span class='ocrx_word' id='word_1_913' title='bbox 2157 5315 2378 5368; x_wconf 82' lang='lat' dir='ltr'><strong>Gohler.</strong></span> <span class='ocrx_word' id='word_1_914' title='bbox 2392 5261 2594 5368; x_wconf 54' lang='lat' dir='ltr'><strong>1it’elclt.</strong></span> <span class='ocrx_word' id='word_1_915' title='bbox 2619 5260 2655 5368; x_wconf 48' lang='lat' dir='ltr'><strong>1i</strong></span> <span class='ocrx_word' id='word_1_916' title='bbox 2691 5323 2748 5368; x_wconf 90' lang='lat' dir='ltr'><strong>et</strong></span> <span class='ocrx_word' id='word_1_917' title='bbox 2773 5314 2828 5368; x_wconf 77' lang='grc'>4.</span> <span class='ocrx_word' id='word_1_918' title='bbox 2853 5316 2912 5368; x_wconf 80' lang='grc' dir='ltr'>ὲν</span> <span class='ocrx_word' id='word_1_919' title='bbox 2931 5315 3009 5368; x_wconf 87' lang='grc' dir='ltr'><strong>τῶ</strong></span> <span class='ocrx_word' id='word_1_920' title='bbox 3033 5315 3276 5368; x_wconf 82' lang='grc' dir='ltr'>Χοιστῶ.</span> <span class='ocrx_word' id='word_1_921' title='bbox 3306 5314 3452 5368; x_wconf 86' lang='lat' dir='ltr'><strong>Editi</strong></span> 
     </span>
    </p>
   </div>
   <div class='ocr_carea' id='block_1_117' title="bbox 1871 5313 3452 5438">
    <p class='ocr_par' dir='ltr' id='par_1_117' title="bbox 1871 5313 3452 5438">
     <span class='ocr_line' id='line_1_121' title="bbox 1871 5313 3452 5390; baseline 0.004 -24"><span class='ocrx_word' id='word_1_922' title='bbox 1871 5313 2014 5368; x_wconf 83' lang='lat' dir='ltr'><strong>idem</strong></span> <span class='ocrx_word' id='word_1_923' title='bbox 2040 5313 2120 5369; x_wconf 80' lang='lat' dir='ltr'><strong>et</strong></span> <span class='ocrx_word' id='word_1_924' title='bbox 2157 5315 2378 5370; x_wconf 83' lang='lat' dir='ltr'><strong>Gohler.</strong></span> <span class='ocrx_word' id='word_1_925' title='bbox 2411 5313 2594 5370; x_wconf 80' lang='lat' dir='ltr'><strong>Felck.</strong></span> <span class='ocrx_word' id='word_1_926' title='bbox 2628 5313 2671 5369; x_wconf 16' lang='lat' dir='ltr'><strong>ir</strong></span> <span class='ocrx_word' id='word_1_927' title='bbox 2691 5323 2748 5370; x_wconf 90' lang='lat' dir='ltr'><strong>et</strong></span> <span class='ocrx_word' id='word_1_928' title='bbox 2773 5314 2828 5380; x_wconf 77' lang='grc'><strong>4,</strong></span> <span class='ocrx_word' id='word_1_929' title='bbox 2853 5313 2912 5369; x_wconf 81' lang='grc' dir='ltr'>ὲν</span> <span class='ocrx_word' id='word_1_930' title='bbox 2931 5313 3276 5390; x_wconf 75' lang='grc' dir='ltr'>τῷΧριστῷ.</span> <span class='ocrx_word' id='word_1_931' title='bbox 3306 5314 3452 5373; x_wconf 89' lang='lat' dir='ltr'><strong>Edili</strong></span> 
     </span>
     <span class='ocr_line' id='line_1_122' title="bbox 1871 5384 2423 5438; baseline 0.002 -1"><span class='ocrx_word' id='word_1_932' title='bbox 1871 5392 1926 5438; x_wconf 87' lang='lat' dir='ltr'><strong>et</strong></span> <span class='ocrx_word' id='word_1_933' title='bbox 1953 5384 2067 5438; x_wconf 89' lang='lat' dir='ltr'><strong>alii.</strong></span> <span class='ocrx_word' id='word_1_934' title='bbox 2099 5386 2156 5438; x_wconf 82' lang='grc' dir='ltr'><strong>ἐν</strong></span> <span class='ocrx_word' id='word_1_935' title='bbox 2182 5385 2423 5438; x_wconf 87' lang='grc' dir='ltr'>Χοιστῶ.</span> 
     </span>
    </p>
   </div>
   <div class='ocr_carea' id='block_1_118' title="bbox 1871 5384 2423 5443">
    <p class='ocr_par' dir='ltr' id='par_1_118' title="bbox 1871 5384 2423 5443">
     <span class='ocr_line' id='line_1_123' title="bbox 1871 5384 2423 5443; baseline 0.004 -6"><span class='ocrx_word' id='word_1_936' title='bbox 1871 5392 1926 5438; x_wconf 87' lang='lat' dir='ltr'><strong>et</strong></span> <span class='ocrx_word' id='word_1_937' title='bbox 1953 5384 2067 5443; x_wconf 83' lang='lat' dir='ltr'><strong>alii,</strong></span> <span class='ocrx_word' id='word_1_938' title='bbox 2099 5386 2156 5438; x_wconf 81' lang='grc' dir='ltr'><strong>ἐν</strong></span> <span class='ocrx_word' id='word_1_939' title='bbox 2182 5385 2423 5443; x_wconf 82' lang='grc' dir='ltr'>Χοιστῶ.</span> 
     </span>
    </p>
   </div>
   <div class='ocr_carea' id='block_1_119' title="bbox 1943 5403 3450 5528">
    <p class='ocr_par' dir='ltr' id='par_1_119' title="bbox 1943 5403 3450 5528">
     <span class='ocr_line' id='line_1_124' title="bbox 1953 5403 2423 5458; baseline 0.011 -21"><span class='ocrx_word' id='word_1_940' title='bbox 1953 5403 2067 5450; x_wconf 85' lang='lat' dir='ltr'><strong>aut,</strong></span> <span class='ocrx_word' id='word_1_941' title='bbox 2099 5403 2156 5438; x_wconf 93' lang='grc' dir='ltr'><strong>εν</strong></span> <span class='ocrx_word' id='word_1_942' title='bbox 2182 5403 2423 5458; x_wconf 73' lang='grc' dir='ltr'>Αριστῳ.</span> 
     </span>
     <span class='ocr_line' id='line_1_125' title="bbox 1943 5454 3450 5528; baseline 0.003 -18"><span class='ocrx_word' id='word_1_943' title='bbox 1943 5455 2054 5528; x_wconf 72' lang='lat'>(97)</span> <span class='ocrx_word' id='word_1_944' title='bbox 2093 5454 2276 5528; x_wconf 83' lang='lat' dir='ltr'><strong>Felck.</strong></span> <span class='ocrx_word' id='word_1_945' title='bbox 2329 5454 2888 5528; x_wconf 15' lang='grc' dir='ltr'>4,Ῠάνακαινισθῆναι.</span> <span class='ocrx_word' id='word_1_946' title='bbox 2941 5455 3169 5528; x_wconf 76' lang='lat' dir='ltr'><strong>Seguer.</strong></span> <span class='ocrx_word' id='word_1_947' title='bbox 3223 5455 3450 5514; x_wconf 83' lang='lat' dir='ltr'><strong>Gohler.</strong></span> 
     </span>
    </p>
   </div>
   <div class='ocr_carea' id='block_1_120' title="bbox 1870 5524 2964 5598">
    <p class='ocr_par' dir='ltr' id='par_1_120' title="bbox 1870 5524 2964 5598">
     <span class='ocr_line' id='line_1_126' title="bbox 1870 5524 2964 5598; baseline -0.005 -19"><span class='ocrx_word' id='word_1_948' title='bbox 1870 5524 2054 5598; x_wconf 64' lang='lat' dir='ltr'><strong>Felck}</strong></span> <span class='ocrx_word' id='word_1_949' title='bbox 2098 5527 2150 5598; x_wconf 57' lang='grc'>1,</span> <span class='ocrx_word' id='word_1_950' title='bbox 2185 5527 2565 5598; x_wconf 82' lang='grc' dir='ltr'>ἀνακριθῆναι.</span> <span class='ocrx_word' id='word_1_951' title='bbox 2590 5597 2601 5598; x_wconf 18' lang='lat'><em>7</em></span> <span class='ocrx_word' id='word_1_952' title='bbox 2766 5524 2776 5528; x_wconf 64' lang='grc'><strong><em>⁷</em></strong></span> <span class='ocrx_word' id='word_1_953' title='bbox 2957 5556 2964 5564; x_wconf 93' lang='grc'><strong><em>-</em></strong></span> 
     </span>
    </p>
   </div>
   <div class='ocr_carea' id='block_1_121' title="bbox 1895 5595 3454 5719">
    <p class='ocr_par' dir='ltr' id='par_1_121' title="bbox 1895 5595 3454 5719">
     <span class='ocr_line' id='line_1_127' title="bbox 1943 5595 3454 5680; baseline 0.001 -29"><span class='ocrx_word' id='word_1_954' title='bbox 1943 5595 2054 5668; x_wconf 89' lang='grc'>(98)</span> <span class='ocrx_word' id='word_1_955' title='bbox 2096 5595 2774 5671; x_wconf 67' lang='grc' dir='ltr'>δεευετ.’προλαμ6ἀνῳν,</span> <span class='ocrx_word' id='word_1_956' title='bbox 2803 5610 2858 5655; x_wconf 90' lang='lat' dir='ltr'><strong>et</strong></span> <span class='ocrx_word' id='word_1_957' title='bbox 2902 5599 3067 5680; x_wconf 71' lang='lat' dir='ltr'><strong>paulo</strong></span> <span class='ocrx_word' id='word_1_958' title='bbox 3117 5609 3261 5670; x_wconf 86' lang='lat' dir='ltr'><strong>post,</strong></span> <span class='ocrx_word' id='word_1_959' title='bbox 3314 5600 3454 5670; x_wconf 71' lang='grc' dir='ltr'>μήτε</span> 
     </span>
     <span class='ocr_line' id='line_1_128' title="bbox 1895 5658 2264 5719; baseline 0 0"><span class='ocrx_word' id='word_1_960' title='bbox 1895 5658 2009 5719; x_wconf 78' lang='grc' dir='ltr'>ἶναι</span> <span class='ocrx_word' id='word_1_961' title='bbox 2042 5667 2264 5719; x_wconf 77' lang='grc' dir='ltr'>κτίσμα.</span> 
     </span>
    </p>
   </div>
   <div class='ocr_carea' id='block_1_122' title="bbox 1869 5683 2264 5722">
    <p class='ocr_par' dir='ltr' id='par_1_122' title="bbox 1869 5683 2264 5722">
     <span class='ocr_line' id='line_1_129' title="bbox 1869 5683 2264 5722; baseline 0.008 -3"><span class='ocrx_word' id='word_1_962' title='bbox 1869 5683 2009 5721; x_wconf 84' lang='grc' dir='ltr'>ειναι</span> <span class='ocrx_word' id='word_1_963' title='bbox 2042 5683 2264 5722; x_wconf 72' lang='grc' dir='ltr'>κτίσμα.</span> 
     </span>
    </p>
   </div>
   <div class='ocr_carea' id='block_1_123' title="bbox 1940 5685 3449 5827">
    <p class='ocr_par' dir='ltr' id='par_1_123' title="bbox 1940 5685 3449 5827">
     <span class='ocr_line' id='line_1_130' title="bbox 1940 5685 3449 5827; baseline 0.003 -34"><span class='ocrx_word' id='word_1_964' title='bbox 1940 5685 2316 5827; x_wconf 47' lang='grc' dir='ltr'><strong>ἓξὲἶτὲἓὲξέιο.</strong></span> <span class='ocrx_word' id='word_1_965' title='bbox 2338 5739 2400 5827; x_wconf 57' lang='grc' dir='ltr'>εδ</span> <span class='ocrx_word' id='word_1_966' title='bbox 2424 5740 2608 5827; x_wconf 63' lang='grc' dir='ltr'>ρητέν.</span> <span class='ocrx_word' id='word_1_967' title='bbox 2631 5727 2737 5796; x_wconf 79' lang='lat' dir='ltr'><strong>Alii</strong></span> <span class='ocrx_word' id='word_1_968' title='bbox 2771 5756 2803 5797; x_wconf 87' lang='lat' dir='ltr'><strong>e</strong></span> <span class='ocrx_word' id='word_1_969' title='bbox 2849 5741 3000 5812; x_wconf 86' lang='lat' dir='ltr'><strong>editi,</strong></span> <span class='ocrx_word' id='word_1_970' title='bbox 3031 5741 3091 5796; x_wconf 78' lang='grc' dir='ltr'><strong>τὸ</strong></span> <span class='ocrx_word' id='word_1_971' title='bbox 3119 5742 3288 5812; x_wconf 78' lang='grc' dir='ltr'>ῥῆμα.</span> <span class='ocrx_word' id='word_1_972' title='bbox 3313 5739 3449 5797; x_wconf 67' lang='grc' dir='ltr'>Ρευτ</span> 
     </span>
    </p>
   </div>
   <div class='ocr_carea' id='block_1_124' title="bbox 1870 5807 2672 5879">
    <p class='ocr_par' dir='ltr' id='par_1_124' title="bbox 1870 5807 2672 5879">
     <span class='ocr_line' id='line_1_131' title="bbox 1870 5807 2672 5879; baseline 0.009 -16"><span class='ocrx_word' id='word_1_973' title='bbox 1870 5807 1924 5864; x_wconf 94' lang='lat' dir='ltr'><strong>lo</strong></span> <span class='ocrx_word' id='word_1_974' title='bbox 1952 5807 2092 5879; x_wconf 72' lang='lat' dir='ltr'><strong>poet,</strong></span> <span class='ocrx_word' id='word_1_975' title='bbox 2125 5807 2306 5866; x_wconf 84' lang='lat' dir='ltr'><strong>Felck.</strong></span> <span class='ocrx_word' id='word_1_976' title='bbox 2336 5810 2390 5878; x_wconf 78' lang='grc'><strong>5,</strong></span> <span class='ocrx_word' id='word_1_977' title='bbox 2424 5807 2503 5864; x_wconf 46' lang='lat' dir='ltr'><strong>ivi</strong></span> <span class='ocrx_word' id='word_1_978' title='bbox 2522 5811 2672 5876; x_wconf 70' lang='grc' dir='ltr'>ἴσως.</span> 
     </span>
    </p>
   </div>
  </div>
