3840 6220
344 320 462 406 su

1010 355 1067 410 S.
1105 355 1482 412 ATHANASII
1523 358 1674 415 OPP.
1711 358 1894 415 PARS
1931 357 1972 413 Ι.
2023 389 2085 400 -ο
2128 357 2499 414 HlSTOBlCA
2538 357 2627 413 ΕΤ
2665 357 3086 415 DOGMATICA.

3510 361 3619 418 διε

363 478 395 517 ε
423 479 480 518 re
517 479 638 520 esse
665 464 878 522 videtur
922 483 1023 523 nec
1056 469 1220 524 istum
1248 472 1477 530 reticere
1508 493 1520 528 :
1558 474 1696 530 forte
1724 475 1934 531 accidet

2051 475 2125 530 τὸν
2154 476 2296 539 νοῦν,
2329 475 2620 530 ἀκόλουθον
2649 476 2742 529 καὶ
2770 475 2956 530 τοῦτον
2986 476 3077 530 τὸν
3104 475 3226 530 νοῦν
3247 476 3448 530 εἰπεῖν·
3486 477 3619 542 ἴσως

365 563 426 607 ιιι
473 555 661 611 multis
689 556 977 614 aﬂ'erendis
1001 559 1208 629 pudore
1250 563 1555 620 afﬁciantur
1607 565 1807 621 insani.
1837 565 1935 622 llis

364 653 548 699 autem
581 662 702 716 quae
727 647 840 716 jam
896 658 1124 705 tractata
1155 663 1282 707 sunt
1318 669 1456 724 opus
1487 655 1645 712 nobis
1671 668 1756 711 est
1790 675 1803 711 :
1845 655 1936 711 hic

363 734 509 788 enim
547 735 614 790 de
663 738 854 792 eodem
894 741 1182 810 proverbio
1211 744 1278 798 de
1311 745 1611 816 eademque
1665 747 1935 817 sapientia

364 825 560 895 agitur.
609 825 728 884 Non
758 830 895 885 dixit
929 831 1165 888 Verbum
1194 850 1252 890 se
1284 846 1478 892 natura
1517 853 1640 894 esse
1665 848 1932 906 creatum,

362 918 458 972 sed
483 919 540 973 in
575 917 884 979 Proverbiis
913 925 1069 990 dixit,
1103 927 1360 982 Dominus
1392 932 1585 986 creavit
1615 933 1696 986 me
1727 932 1790 984 ⁷⁸.
1823 931 1936 986 Ma-

361 1007 620 1065 nifestum
667 1025 750 1068 est
789 1025 971 1070 autem
1021 1017 1111 1074 hic
1164 1035 1385 1076 sensum
1413 1023 1647 1093 aliquem
1679 1038 1788 1078 non
1835 1025 1936 1079 ob-

362 1103 508 1156 vium
549 1104 642 1158 sed
674 1104 934 1161 latentem
963 1108 1290 1179 signiﬁcari,
1321 1128 1483 1182 quem
1526 1115 1742 1185 quidem
1800 1131 1936 1170 con-

361 1208 674 1264 sequemur,
725 1197 773 1252 si
819 1200 1091 1267 proverbii
1121 1203 1299 1258 velum
1331 1204 1704 1262 detrahamus.
1737 1205 1937 1277 Ecquis

279 1305 282 1307 ‘
361 1289 509 1342 enim
535 1289 788 1358 opiﬁcem
819 1289 1156 1362 Sapientiam
1205 1295 1477 1351 dicentem
1517 1298 1782 1364 audiens,
1824 1299 1933 1355 Do-

363 1381 538 1434 minus
579 1382 776 1436 creavit
822 1399 903 1437 me
954 1385 1291 1456 principium
1328 1389 1534 1442 viarum
1581 1407 1800 1444 suarum
1851 1392 1934 1459 ⁷⁸,

362 1486 472 1525 non
501 1473 763 1530 continuo
820 1489 1044 1531 sensum
1094 1478 1365 1548 exquirat,
1414 1495 1709 1551 secumque
1741 1483 1939 1554 cogitet

363 1565 640 1633 quomodo
663 1567 897 1622 creatrix
921 1571 1092 1625 creari
1127 1573 1348 1641 possit?
1416 1572 1550 1640 Quis
1599 1575 1937 1646 unigenitum

363 1654 459 1710 Dei
494 1655 692 1712 Filium
745 1674 803 1715 se
858 1659 1071 1716 viarum
1103 1663 1432 1734 principium
1472 1667 1647 1722 creari
1701 1667 1936 1723 aientem

363 1742 613 1810 audiens,
646 1761 755 1800 non
789 1763 898 1819 qua
931 1750 1146 1806 ratione
1178 1752 1231 1807 id
1261 1753 1460 1810 dixerit
1504 1755 1811 1828 investiget,
1841 1758 1938 1813 ad-

2038 570 2102 621 ὲκ
2134 567 2341 621 πολλῶν
2400 567 2738 637 ὲντραπῶσιν
2778 570 2825 620 οἱ
2874 568 3109 637 ἀνόητοι.
3148 568 3320 639 Χρεία
3341 569 3411 625 ,δὲ
3452 569 3619 624 πάλιν

2036 661 2144 714 τῶν
2189 660 2631 733 προειρημένων·
2679 661 2808 731 περὶ
2849 660 2957 730 γὰρ
2984 660 3085 731 τῆς
3117 661 3285 732 αὐτῆς
3320 663 3619 732 παροιμίας

2037 753 2130 805 καὶ
2155 753 2252 822 τῆς
2283 751 2451 819 αὐτῆς
2476 750 2664 820 σοφίας
2687 751 2805 804 ἐστὶ
2832 751 2892 804 τὸ
2923 751 3298 822 προκείμενον.
3334 752 3446 805 Οὐκ
3473 751 3620 823 εἷρη·

2037 861 2134 896 κεν
2166 843 2357 896 ἑαυτὸν
2388 839 2526 896 εἶναι
2561 845 2626 913 τῇ
2678 841 2836 912 φύσει
2881 843 3086 912 κτίσμα
3114 845 3142 896 ὁ
3171 843 3360 912 Λόγος,
3407 844 3520 896 ἀλλ’
3556 846 3618 897 ὲν

2039 935 2363 1006 Παροιμίαις
2415 935 2605 1006 εἴρηκε
2633 934 2713 998 τὸ,
2744 935 2959 1002 Κύριος
2989 933 3192 988 ἐκτισέ
3220 953 3328 1004 με’
3348 937 3442 990 καὶ
3456 935 3619 1006 δῆλόν

2035 1028 2182 1080 ἐστιν
2201 1028 2282 1080 ότι
2305 1025 2428 1079 νοῦν
2464 1043 2583 1078 τινα
2607 1025 2666 1077 οὐ
2690 1026 2987 1096 παρρησίᾳ,
3005 1024 3138 1079 ἀλλὰ
3162 1025 3348 1080 τοῦτον
3369 1044 3617 1097 κεκρυμ-

2041 1119 2200 1190 μένον
2235 1117 2506 1188 σημαίνει,
2551 1119 2731 1170 ὅντινα
2763 1116 2857 1170 καὶ
2897 1118 3043 1188 ἡμᾶς
3068 1116 3288 1171 δυνατὸν
3331 1119 3530 1188 εὑρεῖν,
3564 1122 3618 1172 εἰ

2038 1209 2388 1281 Περιέλοιμεν
2431 1209 2492 1261 τὸ
2523 1207 2784 1278 κάλυμμα
2825 1207 2926 1278 τῆς
2972 1209 3289 1280 παροιμίας.
3345 1208 3441 1270 Τίς
3504 1208 3618 1280 γὰρ

2038 1302 2252 1356 ἀκούων
2278 1301 2376 1372 τῆς
2399 1299 2729 1372 δημιουργοῦ
2756 1299 2966 1369 σοφίας,
2989 1301 3203 1369 Κύριος
3220 1300 3292 1372 (l)
3315 1301 3517 1356 ἐκτισέ
3535 1318 3622 1373 με

2037 1397 2235 1468 ἀρχὴν
2275 1395 2430 1451 ὁδῶν
2476 1394 2682 1456 αὑτοῦ,
2736 1392 3068 1464 φασκούσης,
3114 1393 3215 1447 οὐκ
3256 1392 3414 1456 εὐθὺς
3463 1391 3622 1464 ζητεῖ

2037 1491 2136 1562 τὴν
2172 1490 2428 1554 διάνοιαν,
2468 1485 2813 1558 λογιζόμενος
2861 1484 2980 1548 πῶς
3017 1484 3234 1539 δύναται
3276 1486 3310 1556 ἡ
3357 1484 3620 1548 κτίζουσα

2039 1581 2350 1648 κτίζεσθαι;
2400 1581 2514 1644 Τίς,
2560 1578 2798 1642 ἀκούσας
2846 1576 2941 1630 τοῦ
2977 1576 3301 1647 μονογενοῦς
3343 1574 3472 1628 Υίοῦ
3516 1574 3618 1630 τοῦ

2038 1674 2174 1729 Θεοῦ
2217 1674 2496 1743 λέγοντος,
2541 1672 2714 1745 ἀρχὴν
2756 1670 2888 1724 ὁδῶν
2933 1669 3122 1724 ἑαυτὸν
3161 1667 3469 1734 κτίζεσθαι,
3515 1668 3622 1722 οὐκ

2040 1771 2236 1842 ἐρευνᾷ
2258 1769 2351 1824 τὸν
2393 1767 2537 1833 νοῦν,
2571 1766 2886 1839 θαυμάζων,
2923 1767 3040 1830 πῶς
3069 1765 3290 1820 δύναται
3328 1767 3357 1819 ὁ
3391 1780 3622 1835 μονογε-

363 1832 721 1905 mireturque,
773 1837 869 1909 qui
927 1837 1046 1894 ﬁeri
1079 1850 1243 1912 queat
1298 1852 1357 1897 ut
1403 1845 1718 1917 unigenitus
1763 1846 1937 1906 Filius

2051 1829 2136 1933 vi];
2165 1829 2292 1927 Υίὸς
2320 1861 2492 1916 ἄλλων
2522 1829 2598 1932 (2)
2632 1829 2840 1914 πολλιῖιν
2872 1829 3019 1932 αρχὴ
3062 1857 3343 1928 γίνεσθαι;
3379 1829 3624 1927 Ᾰῐνιγῠμα

362 1925 660 1980 multorum
701 1927 934 1983 aliorum
964 1930 1037 1985 sit
1079 1933 1408 2003 principium
1441 1936 1465 1990 ?
1514 1936 1770 2009 jEnigma
1804 1956 1937 1996 sane

362 2014 496 2070 illud
535 2026 639 2073 est.
683 2017 887 2075 Verum
919 2023 1000 2076 vir
1042 2023 1365 2096 intelligens,
1407 2027 1586 2098 inquit
1630 2030 1933 2101 Scriptura,

362 2106 621 2178 intelliget
661 2112 976 2181 parabolam
1004 2123 1055 2168 et
1088 2115 1370 2172 obscurum
1399 2136 1712 2190 sermonem,
1754 2124 1936 2178 verba-

361 2216 458 2269 que
484 2211 534 2254 et
564 2203 851 2275 aenigmata
879 2207 1178 2277 sapientum
1205 2210 1273 2266 ⁸ο.

434 2290 522 2346 78.
542 2291 831 2365 Unigenita
853 2297 1017 2368 igitur
1033 2300 1256 2372 ipsaque
1269 2302 1365 2359 Dei
1385 2306 1672 2376 sapientia,
1687 2309 1935 2364 omnium

363 2385 593 2440 creatrix
627 2396 712 2443 est
772 2402 825 2444 et
852 2391 1117 2449 etl‘ectrix.
1153 2394 1345 2451 Omnia
1386 2400 1556 2466 enim,
1605 2401 1826 2470 inquit,
1880 2402 1936 2455 in

361 2479 622 2546 sapientia
648 2481 822 2551 fecisti
849 2485 916 2552 ⁸¹,
945 2495 1000 2542 ει
1028 2487 1223 2560 ε432
1263 2489 1488 2561 lmpleta
1509 2502 1584 2546 est
1627 2503 1768 2548 terra
1793 2511 1938 2549 crea-

363 2572 502 2625 tione
543 2582 633 2626 tua
666 2575 734 2629 3'.
769 2573 840 2630 Ut
890 2587 1073 2635 autem
1103 2596 1190 2637 res
1222 2580 1378 2637 factae
1421 2599 1530 2638 non
1561 2594 1770 2640 tantum
1792 2588 1939 2644 exsi-

363 2670 604 2730 sterent,
633 2666 726 2720 sed
765 2667 928 2723 etiam
959 2669 1098 2726 bene
1112 2671 1458 2739 exsisterent,
1494 2675 1697 2746 placuit
1733 2676 1840 2732 Deo
1878 2688 1940 2734 ut

365 2769 462 2808 sua
505 2755 785 2826 Sapientia
822 2775 881 2816 se
919 2763 987 2817 ad
1021 2778 1108 2820 res
1140 2776 1357 2822 creatas
1389 2770 1848 2833 accommodaret.
1879 2783 1940 2827 ut

364 2845 597 2901 formam
646 2852 993 2924 speciemque
1039 2855 1281 2927 aliquam
1321 2858 1494 2928 ipsius
1528 2860 1781 2932 imaginis
1812 2878 1938 2920 cum

365 2937 420 2990 in
447 2940 704 2996 omnibus
739 2943 902 2998 simul
928 2951 1047 3000 tum
1086 2946 1142 3001 in
1177 2947 1408 3019 singulis
1439 2949 1798 3021 imprimeret,
1827 2967 1940 3024 quo

365 3029 628 3085 nimirum
673 3035 1022 3105 perspicuum
1082 3038 1237 3096 ﬁeret
1301 3049 1357 3095 et
1405 3042 1669 3112 sapientia
1715 3055 1938 3101 ornatas

2041 1957 2138 2028 μὲν
2170 1956 2343 2009 ἔστιν·
2393 1956 2446 2008 Ὁ
2499 1955 2557 2008 δὲ
2601 1953 2861 2024 νοήμων,
2901 1952 3056 2025 φησὶ,
3095 1952 3306 2018 νοήσει
3357 1952 3623 2019 παραϐο-

2035 2048 2159 2117 λὴν
2187 2048 2284 2102 καὶ
2317 2047 2632 2102 σκοτεινὸν
2664 2049 2885 2117 λόγον,
2927 2045 3140 2114 ῥήσεις
3182 2061 3250 2097 τε
3280 2041 3488 2113 σοφῶν
3515 2043 3623 2097 καὶ

2035 2141 2371 2210 αἰνίγματα.

2108 2317 2194 2372 78.
2238 2319 2304 2372 Ἠ
2335 2319 2430 2389 μὲν
2460 2311 2552 2371 οὖν
2586 2315 2877 2388 μονογενὴς
2907 2316 3001 2370 καὶ
3031 2315 3322 2384 αὐτοσοφία
3355 2315 3448 2369 τοῦ
3479 2315 3622 2369 Θεοῦ

2037 2412 2296 2477 κτίζουσα
2339 2413 2433 2467 καὶ
2462 2411 2790 2483 δημιουργός
2822 2412 2937 2464 ἐστι
2971 2409 3081 2464 τῶν
3120 2408 3365 2462 πάντων·
3414 2406 3626 2462 Πάντα

2037 2505 2167 2578 γὰρ,
2216 2507 2400 2575 φησὶν,
2429 2505 2497 2558 ἐν
2543 2504 2728 2573 σοφίᾳ
2777 2503 3092 2569 ἐποίησας,
3143 2502 3237 2554 καὶ
3267 2501 3365 2570 (5),
3405 2503 3626 2569 Ἑπλη-

2029 2596 2192 2666 ρὼθη
2231 2599 2270 2666 ἡ
2314 2596 2388 2666 γῆ
2442 2596 2553 2664 τῆς
2590 2595 2838 2661 κτίσεώς
2892 2611 3028 2649 σου.
3058 2596 3174 2648 Ἵνα
3214 2593 3271 2648 δὲ
3321 2594 3394 2664 μὴ
3457 2593 3624 2662 μόνον

2040 2687 2260 2761 ὑπάρχῃ
2287 2687 2356 2741 τὰ
2383 2688 2670 2757 γενόμενα,
2711 2686 2844 2740 ἀλλὰ
2881 2687 2972 2739 καὶ
3018 2685 3200 2748 καλῶς
3237 2684 3455 2755 ὑπάρχῃ
3476 2721 3491 2746 ,
3521 2684 3627 2754 ηὑ-

2037 2782 2264 2852 δόκησεν
2287 2784 2316 2835 ὁ
2341 2782 2471 2845 Θεὸς
2497 2780 2904 2851 συγκαταϐῆναι
2931 2781 3032 2850 τὴν
3057 2779 3248 2832 ἑαυτοῦ
3278 2779 3474 2846 Σοφίαν
3507 2779 3627 2840 τοῖς

2039 2876 2353 2946 κτίσμασινο
2397 2873 2536 2927 ὥστε
2581 2874 2749 2926 τύπον
2789 2873 2910 2926 τινὰ
2959 2873 3054 2925 καὶ
3083 2871 3382 2939 φαντασίαν
3413 2869 3628 2932 εἰκόνος

2039 2969 2207 3040 αὐτῆς
2235 2968 2307 3039 (4)
2337 2969 2395 3020 ἐν
2424 2967 2555 3020 πᾶσί
2594 2984 2653 3018 τε
2680 2969 2831 3037 κοινῇ
2881 2965 2972 3018 καὶ
3004 2965 3219 3033 ἑκάστῳ
3244 2964 3497 3026 ἐνθεῖναι,
3533 2962 3628 3016 ἵνα

2040 3060 2134 3114 καὶ
2164 3059 2301 3128 σοφὰ
2335 3059 2402 3112 τὰ
2428 3058 2714 3128 γενόμενα,
2753 3058 2845 3110 καὶ
2877 3055 3000 3120 ἄξια
3039 3056 3134 3109 τοῦ
3174 3054 3307 3108 Θεοῦ
3339 3054 3474 3126 ἔργα
3507 3054 3626 3106 δεί-

317 3139 321 3144 ·
364 3137 486 3177 εεεε
525 3139 612 3179 res
664 3124 858 3191 factas,
894 3137 949 3183 et
981 3128 1143 3200 digna
1179 3131 1287 3188 Deo
1314 3148 1437 3188 esse
1470 3149 1653 3204 opera.
1687 3133 1759 3191 Ut
1789 3137 1934 3192 enim

2051 3124 2250 3207 μινυται.
2295 3153 2383 3214 Ὠς
2418 3124 2529 3222 γὰρ
2560 3124 2739 3218 -Λόγου
2780 3150 2933 3212 ὄντος
2963 3147 3056 3200 τοῦ
3094 3146 3223 3200 Υἱοῦ
3258 3146 3349 3199 τοῦ
3370 3124 3518 3198 ήΘεοῦ
3549 3147 3626 3197 εξ-

367 3224 616 3270 nostrum
665 3218 890 3273 verbum
920 3260 937 3288 ,
973 3219 1174 3289 Verbi,
1215 3224 1308 3294 qui
1340 3223 1435 3279 Dei
1467 3234 1550 3280 est
1593 3225 1764 3283 Filius
1791 3271 1805 3295 ,
1855 3239 1939 3286 est

2051 3243 2157 3299 κών
2189 3246 2334 3296 ἐστιν
2369 3245 2398 3297 ὁ
2428 3218 2692 3314 ἡμέτερος
2717 3242 2891 3309 λόγος,
2922 3241 3092 3303 οὕτως
3130 3239 3282 3300 ὄντος
3316 3237 3481 3291 αὐτοῦ
3520 3239 3625 3290 Σο-

366 3308 546 3378 imago
584 3327 598 3362 :
636 3309 710 3364 ita
751 3313 1014 3381 sapientia
1047 3317 1101 3369 in
1132 3317 1291 3371 nobis
1316 3317 1458 3373 facta
1483 3319 1729 3389 ejusdem
1751 3321 1938 3387 Verbi,

365 3414 490 3466 quae
520 3399 636 3469 ipsa
666 3409 751 3456 est
783 3401 1084 3472 Sapientia,
1126 3407 1307 3477 imago
1334 3425 1554 3479 quoque
1604 3421 1707 3476 est,
1742 3411 1798 3466 in
1832 3427 1941 3482 qua

367 3513 491 3550 cum
542 3499 652 3551 vim
704 3499 915 3555 sciendi
946 3510 1001 3557 et
1029 3502 1367 3574 intelligendi
1400 3505 1722 3574 habeamus,
1757 3507 1939 3566 idonei

366 3587 632 3643 ellicimur
689 3591 782 3660 qui
832 3595 1152 3649 creatricem
1206 3595 1543 3668 Sapientiam
1587 3601 1940 3671 recipiamus,

367 3683 726 3755 ejusdemque
775 3685 994 3743 Patrem
1043 3703 1140 3760 per
1189 3690 1362 3756 ipsam
1410 3708 1706 3762 possumus
1739 3712 1944 3768 cogno-

367 3790 539 3830 scere.
571 3775 708 3832 Nam
737 3779 828 3850 qui
864 3780 1019 3836 habet
1065 3780 1286 3851 Filium,
1325 3783 1524 3855 inquit,
1563 3787 1716 3842 habet
1749 3798 1798 3842 et
1829 3787 1942 3842 Pa-

369 3877 503 3922 trem
531 3870 600 3933 ⁸⁸,
640 3879 714 3935 ct,
778 3871 883 3937 Qui
913 3889 993 3926 me
1044 3875 1250 3945 recipit,
1282 3877 1467 3947 recipit
1516 3894 1635 3932 eum
1678 3881 1769 3951 qui
1797 3881 1943 3935 misit

369 3976 450 4013 me
481 3960 548 4014 ⁸⁵.
583 3961 858 4028 Quoniam
908 3979 1036 4035 ergo
1064 3965 1379 4036 hujusmodi
1421 3969 1712 4040 Sapientiae
1765 3970 1942 4028 forma

368 4062 554 4108 creata
586 4054 641 4108 in
674 4056 832 4112 nobis
861 4066 916 4111 et
944 4058 1000 4111 in
1049 4059 1308 4114 omnibus
1343 4069 1448 4128 est,
1506 4077 1616 4117 non
1668 4063 1942 4120 immerito

369 4159 502 4197 vera
535 4155 589 4199 et
634 4145 816 4214 opifex
863 4147 1142 4218 Sapientia
1183 4166 1248 4206 ea
1303 4168 1426 4222 qua:
1459 4168 1573 4208 suae
1603 4153 1792 4210 format
1824 4170 1946 4225 pro-

369 4235 485 4304 pria
517 4246 645 4291 sunt
678 4238 780 4293 sibi
815 4238 921 4309 ipsi
958 4241 1233 4298 asciscens
1282 4244 1394 4311 ait,
1436 4242 1694 4300 Dominus
1749 4248 1944 4300 creavit

370 4342 452 4379 me
474 4327 530 4380 in
567 4343 725 4396 opera
747 4345 868 4385 sua.
899 4329 1111 4401 Quippe
1148 4347 1211 4388 ea
1259 4349 1381 4402 qua:
1408 4335 1700 4404 sapientia,
1735 4352 1856 4406 quae
1887 4337 1943 4392 in

369 4421 531 4475 nobis
573 4430 678 4488 est,
724 4422 990 4492 loquitur,
1041 4423 1158 4480 hanc
1207 4424 1324 4495 ipse
1373 4423 1641 4482 Dominus
1685 4436 1944 4498 tanquam

367 4514 586 4582 propria
641 4524 889 4584 usurpat.
949 4514 1218 4582 Quocirca
1265 4533 1376 4574 non
1433 4519 1524 4573 ille
1577 4529 1795 4575 creatur
1847 4523 1943 4592 qui

2047 3335 2174 3405 φίας
2197 3336 2274 3406 (5)
2298 3333 2458 3388 εἰκὼν
2493 3334 2652 3388 πάλιν
2679 3335 2822 3387 ἐστὶν
2844 3336 2876 3404 ἡ
2903 3336 2960 3386 ὲν
2984 3334 3114 3404 ἡμῖν
3137 3333 3402 3402 γενομένη
3426 3331 3590 3398 σοφία
3606 3347 3621 3361 ο

2047 3425 2104 3477 ὲν
2188 3425 2248 3478 τὸ
2272 3425 2467 3478 εἰδέναι
2497 3425 2588 3478 καὶ
2615 3423 2676 3477 τὺ
2711 3426 2924 3494 φρονεῖν
2944 3423 3177 3493 ἔχοντες,
3201 3421 3440 3475 δεκτικοὶ
3477 3422 3630 3488 γινό-

2051 3517 2192 3586 μεθα
2223 3516 2324 3586 τῆς
2346 3515 2676 3586 δημιουργοῦ
2699 3514 2918 3584 Σοφίας,
2940 3514 3034 3568 καὶ
3053 3513 3117 3567 δι’
3140 3513 3307 3584 αὐτῆς
3335 3511 3630 3582 γινώσκειν

2045 3608 2320 3678 δυνάμεθα
2364 3609 2454 3661 τὸν
2495 3607 2661 3677 αὐτῆς
2711 3607 2948 3678 Πατέρα.
2998 3606 3059 3659 '0
3104 3605 3214 3679 γὰρ
3253 3605 3429 3674 ἔχων,
3467 3605 3630 3675 φησὶ,

2046 3698 2154 3752 τὸν
2194 3698 2351 3762 my,
2379 3697 2504 3766 ἔχει
2526 3698 2622 3750 καὶ
2648 3697 2755 3750 τὸν
2775 3695 3038 3764 Πατέρα*
3074 3693 3189 3760 καὶ,
3206 3695 3269 3748 '0
3299 3693 3632 3762 δεχόμενός

2042 3808 2120 3861 με
2141 3789 2237 3861 (6),
2267 3789 2500 3859 δέχεται
2525 3790 2632 3843 τὸν
2651 3785 3100 3843 ἀποστείλαντά
3121 3802 3216 3856 με.
3245 3783 3496 3838 Τοιούτου
3521 3785 3630 3838 τοία

2047 3901 2140 3938 νυν
2171 3883 2342 3936 τύπου
2371 3885 2470 3954 τῆς
2503 3882 2700 3951 Σοφίας
2731 3880 3041 3942 κτισθέντος
3083 3881 3141 3934 ἐν
3182 3881 3314 3950 ἡμῖν
3348 3895 3408 3930 τε
3443 3879 3540 3932 καὶ
3569 3881 3631 3931 ἐν

2049 3977 2181 4029 πᾶσι
2210 3977 2322 4039 τοῖς
2360 3973 2540 4045 ἔργοις
2580 3973 2751 4035 ὄντος,
2789 3971 3016 4033 εἰκότως
3049 3970 3082 4040 ἡ
3133 3967 3356 4039 ἀληθινὴ
3401 3968 3494 4020 καὶ
3530 3967 3631 4036 δη-

2052 4067 2310 4140 μιουργὸς
2352 4065 2548 4134 Σοφία,
2583 4063 2654 4118 τὰ
2703 4062 2799 4117 τοῦ
2851 4061 3024 4115 τύπου
3069 4059 3269 4130 ἑαυτῆς
3306 4061 3386 4122 εἰς
3427 4058 3632 4128 ἑαυτὴν

2047 4158 2524 4230 ἀναλαμϐάνουσα,
2556 4155 2689 4228 φησὶ
2713 4155 2798 4217 τὸ,
2823 4154 3039 4222 Κύριος
3057 4150 3258 4206 ἐκτισέ
3279 4167 3355 4218 με
3375 4152 3463 4214 εὶς
3483 4149 3631 4218 ἔργα

2048 4252 2252 4306 αὐτοῦ.
2289 4252 2356 4304 ’Δ
2379 4251 2487 4321 γὰρ
2518 4251 2552 4320 ή
2584 4251 2641 4302 ὲν
2673 4249 2803 4319 ἡμῖν
2835 4246 2995 4315 σοφία
3022 4238 3163 4308 εἷπε,
3197 4243 3370 4298 ταῦτα
3405 4243 3570 4306 αὐτὸς
3604 4245 3633 4296 ὁ

2049 4344 2254 4416 Κύριος
2282 4344 2357 4408 ὼς
2391 4342 2498 4397 ι’δια
2544 4341 2693 4410 λέγει
2739 4339 2848 4410 (7)’
2887 4337 2983 4393 καὶ
3019 4338 3121 4391 οὐκ
3165 4337 3279 4390 ἔστι
3327 4336 3424 4406 μὲν
3466 4335 3634 4399 αὐτὸς

2050 4436 2364 4508 κτιξόμενος
2401 4435 2624 4504 κτίστης
2655 4432 2751 4496 ὢν,
2785 4431 2872 4485 διὰ
2901 4431 2958 4483 δὲ
2992 4430 3090 4501 τὴν
3121 4431 3179 4484 ὲν
3212 4433 3321 4494 τοῖς
3351 4429 3532 4500 ἔργοις
3563 4429 3618 4480 εἰ

2050 4528 2183 4582 κόνα
2209 4527 2519 4581 κτισθεῖσαν
2561 4522 2749 4589 αὐτοῦ,
2781 4522 2954 4576 ταῦτα
2987 4521 3150 4585 αὐτὸς
3171 4521 3247 4586 ὡς
3271 4521 3396 4591 περὶ
3432 4519 3633 4574 ἑαυτοῦ

368 4616 584 4661 creator
613 4616 719 4674 est,
773 4607 866 4662 sed
906 4617 1128 4678 propter
1181 4624 1336 4664 suam
1371 4610 1669 4682 imaginem
1708 4614 1763 4667 in
1809 4613 1939 4684 ipsis

2051 4619 2218 4689 λέγει.
2245 4619 2356 4673 Καὶ
2384 4617 2575 4688 ὥσπερ
2601 4615 2760 4680 αὐτὸς
2787 4617 2815 4668 ό
2847 4613 3049 4684 Κύριος
3079 4613 3322 4684 εἴρηκεν
3357 4613 3424 4665 '0
3454 4611 3634 4681 δεχός

442 4715 694 4796 ’ςΛΡι-ον.
726 4732 844 4783 vin,
875 4717 964 4773 22.
1044 4719 1090 4752 ⁷⁹
1127 4719 1260 4776 ibid.
1337 4719 1385 4753 ⁸⁸
1421 4721 1581 4777 Prov.
1616 4740 1656 4790 ι,
1686 4723 1741 4788 5,
1774 4725 1829 4779 6.
1906 4727 1950 4759 ⁸³
1991 4726 2135 4784 Psal.
2163 4718 2278 4796 cui,
2306 4728 2397 4783 24.
2473 4727 2518 4759 °'
2559 4725 2693 4782 ibid.
2775 4722 2824 4755 ⁸³
2865 4719 3062 4776 lJoan.
3099 4735 3160 4788 ll,
3189 4720 3280 4774 93.
3349 4719 3395 4751 "
3434 4719 3633 4774 Matth.

368 4804 426 4848 ι,
451 4786 545 4842 40.

439 4947 515 5020 (l)
556 4946 940 5020 Felck.4,_cb,
970 4946 1195 5020 Κύριος.
1235 4947 1442 5020 lbidem
1475 4948 1616 5004 idem
1640 4958 1694 5004 et
1725 4948 1949 5019 Seguer.

367 5017 551 5074 ἐκτισέ
593 5037 661 5090 με
711 5017 975 5090 εῐςςςὲργα
995 5017 1324 5090 αὐτοῦ.ίΑ]ἰίγ
1369 5019 1631 5090 etAedilio
1676 5017 1945 5090 Com—mel.

368 5087 648 5170 {nucetis
684 5087 870 5161 ἀρχὴν
882 5088 1019 5170 ὁδῷν
1041 5089 1224 5170 αὐτ-οῦ.
1255 5087 1390 5142 lhid.
1432 5088 1656 5170 ερεειιειςἶ
1685 5100 1740 5170 et
1764 5088 1944 5170 Eelck.

369 5161 424 5223 4,
459 5159 736 5241 omittunt
769 5159 1106 5241 φασκούσης.
1135 5159 1278 5241 Περὶ.
1300 5173 1528 5241 ιιιε-εκῑεσι
1573 5159 1950 5241 editioﬁorn-

367 5232 496 5286 mel.
550 5232 750 5286 ibidem
783 5231 985 5284 habent
1016 5231 1117 5283 οὐκ
1153 5229 1335 5292 εὐθύς.
1375 5229 1552 5283 Editio
1596 5229 1945 5296 Parisiensis,

368 5301 647 5381 gregarii-1:5
661 5303 763 5381 _oo_
777 5298 989 5381 Circi.“
1001 5299 1126 5381 mox
1177 5299 1399 5381 Seguer.
1413 5299 1569 5381 _l{eg_._
1583 5299 1814 5381 .Anglic.’
1826 5299 1952 5381 ﬁo.-

369 5369 504 5443 ble'r.
531 5371 714 5429 Felck.
743 5373 798 5437 l,
822 5369 855 5425 4
877 5379 932 5425 ει
957 5372 1012 5439 5,
1039 5372 1073 5443 ἡ
1101 5369 1380 5435 κτίζοῦσα.
1412 5369 1470 5423 ln
1505 5371 1627 5425 aliis
1649 5381 1703 5424 et
1731 5371 1891 5425 editis
1912 5373 1946 5440 ή

368 5442 461 5496 der
472 5453 541 5496 st.

442 5513 519 5585 (‘2)
557 5510 787 5585 Seguer.
822 5525 876 5572 et
912 5513 1046 5585 Reg.
1104 5512 1398 5585 μονογενὴς
1427 5513 1502 5575 ὡς
1536 5509 1730 5585 ᾇλλων.
1764 5510 1944 5566 Felck.

369 5585 424 5644 δ.
459 5583 816 5670 ibid-Linon;
851 5585 974 5642 Mox
1009 5583 1234 5654 Seguer.
1255 5584 1312 5636 '0
1337 5583 1444 5654 γὰρ
1476 5583 1712 5706 νοὴμων.
1909 5653 1919 5666 ι

443 5653 520 5706 (⁸5)
563 5657 654 5706 Sic
709 5654 934 5706 Senuer.
983 5654 1114 5706 Rea.
1171 5653 1391 5706 Gobler.
1449 5653 1571 5706 [‘elc
1618 5692 1630 5705 .
1668 5654 1717 5706 1.
1749 5652 1776 5705 4
1811 5661 1860 5706 et
1888 5653 1920 5706 5

443 5653 520 5726 ('5)
563 5653 654 5708 Sic
709 5654 934 5727 Seguer.
983 5653 1114 5724 Regi.
1171 5653 1391 5709 Gobler.
1416 5653 1425 5654 ί
1449 5653 1630 5707 Felck.
1668 5654 1717 5716 l,
1749 5653 1776 5705 ί
1811 5661 1860 5706 et
1888 5653 1942 5706 5.

369 5723 510 5803 {diu
555 5741 701 5803 ruere
721 5739 776 5780 et
806 5727 908 5803 a_lii_
930 5727 1022 5803 καί
1043 5725 1331 5803 omittunt.
1366 5722 1536 5803 Paulo
1567 5731 1690 5792 post
1718 5722 1940 5803 Segucr.

369 5795 534 5853 Basil.
568 5796 786 5853 Gobler.
819 5797 999 5852 Fclck.
1036 5801 1055 5849 l
1094 5805 1146 5850 et
1184 5795 1235 5863 4,
1267 5795 1335 5848 τὰ
1374 5794 1657 5863 γενόμενα.
1713 5792 1770 5847 ln
1823 5794 1941 5849 aliis

2058 4961 2113 5007 et
2141 4952 2301 5006 editis
2330 4952 2399 5006 τά
2426 4951 2596 5006 deest.

2125 5021 2202 5093 (4)
2245 5021 2468 5091 Seguer.
2506 5019 2938 5093 G_obler.AFelck.
2976 5021 3001 5074 l
3036 5030 3091 5076 et
3115 5021 3170 5093 4,
3201 5023 3388 5086 αὑτός.
3434 5021 3638 5078 Ceteri

2055 5103 2109 5148 et
2135 5090 2290 5175 editi,
2323 5090 2676 5175 αὐτῆςνιὺὶό.
2717 5090 2943 5175 Seguer.
2976 5093 3035 5175 ἐν
3068 5092 3282 5175 πάρ-Ἴης.
3349 5172 3360 5175 _

2127 5163 2203 5230 (5)
2247 5161 2471 5231 Seguer.
2504 5162 2657 5224 ὄντος
2692 5161 2856 5216 αὐτοῦ
2885 5163 3106 5231 Σοφίας.
3145 5161 3285 5218 Editi
3311 5172 3368 5219 et
3397 5163 3510 5229 alii,
3545 5163 3621 5217 ὃν

2054 5251 2146 5296 τος
2161 5234 2261 5304 τῆς
2278 5233 2477 5303 Σοφίας
2504 5233 2686 5285 αὐτοῦ.
2711 5232 2881 5288 Paulo
2905 5243 3029 5303 post
3052 5233 3275 5304 Seguer.
3299 5236 3395 5304 καὶ
3421 5234 3483 5286 τὸ
3502 5251 3617 5304 φρο

2055 5307 2193 5376 νεῖν.
2220 5303 2364 5376 Editi
2404 5313 2459 5358 et
2498 5304 2614 5376 alii,
2660 5304 2755 5376 καὶ
2803 5308 3037 5376 φρονεῖν.
3073 5303 3275 5359 Ibidem
3321 5303 3559 5359 Gobler.’
3583 5313 3637 5358 et

2056 5375 2237 5430 Felck.
2266 5375 2319 5439 1,
2347 5374 2582 5444 δεκτικοὶ
2613 5374 2904 5444 γενόμεθα.

2128 5446 2204 5517 (6)
2247 5445 2471 5517 Seguer.
2525 5443 2812 5517 δεχόμενος
2869 5444 2989 5516 ἐμέ.
3016 5444 3211 5517 Paulo
3243 5454 3387 5513 post,
3437 5444 3581 5498 idem
3623 5484 3640 5510 ,

2057 5515 2518 5596 Τοιοῦτουτοίνυν
2543 5515 2642 5586 τῆς
2662 5515 2894 5596 Poetae;
2916 5515 3374 5596 omisso-stimo;
3461 5583 3478 5596 ἢ
3504 5583 3514 5596 ’

2125 5588 2200 5658 (7)
2240 5586 2422 5641 Felck.
2453 5585 2488 5638 2
2523 5596 2576 5658 et
2600 5583 2776 5658 'editio
2800 5586 3066 5658 Gommel.
3096 5585 3431 5658 Κύριος-ἴδια
3461 5583 3640 5658 λέγει.

2052 5654 2243 5713 Caiteri
2295 5674 2424 5712 mss.
2461 5656 2663 5727 Κύριος
2695 5657 2768 5727 ᾡς
2797 5656 2904 5727 ίδια
2935 5656 3098 5726 λέγει.
3132 5654 3252 5711 Mox
3289 5654 3510 5725 Segncr.
3546 5655 3641 5708 διὰ

2054 5729 2107 5782 δὲ
2132 5729 2229 5799 τὴν
2261 5731 2316 5781 ἐν
2344 5728 2526 5790 αὐτοῖς
2551 5725 2663 5790 τοῖς
2693 5725 2893 5796 ἐρ·ὡις.
