3840 6220
215 369 318 433 313

1283 387 1543 461 ORATIO
1582 392 1624 447 11
1661 393 1944 452 CONTRA
1983 397 2308 458 ARIANOS.

3379 417 3484 474 3M

211 507 398 560 μενος
435 491 596 562 ὑμᾶς
609 493 733 599 νἐμὲ
759 496 1016 568 δέχεται,
1053 500 1144 555 διὰ
1175 501 1238 555 τὸ
1275 505 1366 559 τὸν
1402 507 1572 563 τύπον
1601 509 1676 580 (8)
1709 513 1776 564 αὐ

1914 520 2177 588 operibus
2208 530 2472 588 creatam,
2523 523 2626 579 ista
2653 525 2800 581 velut
2846 525 2914 581 de
2949 543 3009 583 se
3057 529 3172 599 ipse
3217 530 3312 587 ait.
3346 531 3486 590 lliue

213 581 306 636 τοῦ
332 584 394 636 ἐν
425 584 558 655 ἡμῖν
580 581 720 642 εἶναι
740 606 754 619 ·
786 589 981 654 οὕτως,
1016 591 1196 646 καίτοι
1225 596 1298 666 μὴ
1325 594 1400 652 ὢν
1426 599 1534 653 τῶν
1557 599 1809 672 κτιζομέ-

214 693 342 740 νων,
366 677 518 748 ὅμως
539 678 630 734 διὰ
663 681 724 734 τὸ
759 683 858 754 τὴν
880 684 1064 738 εἰκόνα
1103 687 1267 741 αὑτοῦ
1291 691 1386 744 καὶ
1409 691 1580 746 τύπον
1608 696 1664 747 ὲν
1694 698 1810 760 τοίς

213 767 397 837 ἔργοις
446 768 749 837 κτίζεσθαι,
794 773 872 838 ὡς
921 775 1083 840 αὐτὸς
1112 774 1187 832 ὢν
1223 777 1321 849 (9),
1364 780 1548 849 λέγει·
1595 785 1810 852 Κύριος

211 856 421 912 ἐκτισέ
455 877 535 930 με
589 861 789 931 ἀρχὴν
827 863 985 919 ὁδῶν
1030 867 1215 920 αὐτοῦ
1273 872 1360 936 εἰς
1408 870 1553 942 ἔργα
1599 876 1804 933 αὐτοῦ.

210 948 370 1002 Οὖτω
398 950 458 1004 δὲ
487 951 710 1020 γέγονεν
741 956 770 1008 ὁ
801 956 862 1009 ὲν
891 959 1004 1020 τοῖς
1041 957 1224 1030 ἔργοις
1263 963 1360 1033 τῆς
1401 965 1592 1032 σοφίας
1618 966 1806 1032 τύπος,

213 1039 318 1104 ἵνα,
352 1041 502 1096 καθὰ
535 1048 820 1116 προεῖπον,
855 1049 884 1101 ὀ
921 1049 1126 1121 κόσμος
1163 1053 1220 1104 ὲν
1259 1054 1395 1126 αὐτῇ
1430 1056 1675 1130 γινώσκῃ
1716 1061 1809 1115 τὸν

210 1131 409 1185 ἑαυτοῦ
433 1132 765 1207 δημιουργὸν
792 1139 986 1208 Λόγον,
1017 1143 1111 1195 καὶ
1133 1142 1202 1196 δι’
1231 1145 1397 1198 αὐτοῦ
1430 1146 1523 1202 τὸν
1561 1149 1804 1222 Πατέρα.

209 1220 325 1274 Καὶ
374 1222 537 1278 τοῦτό
582 1229 731 1282 ἐστιν
780 1229 1014 1300 ὃέλεγεν
1038 1232 1150 1306 (10)
1182 1237 1212 1290 ὁ
1255 1236 1498 1303 Παῦλος·
1544 1220 1810 1297 Διότι-τύ

211 1318 493 1385 γνωστὸν
516 1321 626 1375 τοῦ
655 1325 806 1379 Θεοῦ
831 1329 1098 1396 φανερόν
1119 1330 1250 1384 ἐστι
1275 1331 1346 1386 ἐν
1369 1335 1576 1402 αὐτοῖς
1594 1353 1608 1366 ·
1637 1340 1672 1390 ὁ
1699 1338 1810 1408 γὰρ

213 1409 362 1476 Θεὸς
403 1412 608 1480 αὐτοῖς
654 1415 1016 1486 ἐφανέρωσε.
1073 1420 1150 1474 Τὰ
1205 1423 1317 1494 γὰρ
1359 1426 1584 1494 ἀόρατα
1621 1428 1810 1483 αὐτοῦ

104 1541 110 1558 ι
210 1500 333 1556 ἀπὸ
355 1503 613 1572 κτίσεως
627 1507 860 1578 κόσμου
877 1511 1003 1577 τοῖς
1026 1513 1317 1583 ποιήμασι
1343 1519 1643 1588 νοούμενα
1671 1524 1810 1575 καθ-

210 1590 442 1661 ορᾶται.
474 1595 642 1650 ’Ὥστε
683 1599 784 1652 οὐκ
811 1599 928 1653 ἐστι
956 1600 1069 1675 (11)
1099 1605 1303 1676 κτίσμα
1335 1611 1402 1680 τῇ
1450 1609 1610 1682 οὐσίᾳ
1643 1613 1672 1664 ὁ
1713 1611 1810 1665 Λό-

209 1702 331 1754 γος,
363 1687 502 1741 ἀλλὰ
534 1691 662 1762 περὶ
693 1693 793 1764 τῆς
817 1694 875 1747 ὲν
907 1697 1041 1766 ἡμῖν
1070 1695 1238 1770 οὔσης
1277 1702 1372 1754 καὶ
1399 1701 1699 1775 λεγομένης
1723 1721 1809 1758 σο-

209 1779 364 1846 φίας,
381 1781 502 1834 ἐστὶ
524 1782 585 1835 τὸ
606 1784 666 1836 ἐν
697 1788 818 1850 ταῖς
839 1787 1170 1872 ῌαροιμίαις
1202 1794 1383 1863 ῥητόν,

1911 611 2374 680 quemadmodum
2410 614 2522 684 ipse
2553 614 2819 672 Dominus
2854 618 3010 685 dixit,
3045 621 3151 685 Qui
3181 639 3268 676 vos
3300 625 3484 694 recipit

1909 721 1990 758 me
2023 706 2208 775 recipit
2235 707 2302 772 ⁸⁸,
2325 721 2392 762 eo
2427 709 2571 778 quod
2603 709 2723 778 ejus
2755 709 2934 765 forma
2967 712 3022 765 in
3054 713 3214 768 nobis
3243 724 3324 769 est
3355 735 3367 770 :
3406 717 3486 771 sic

1908 797 2124 854 etiamsi
2157 799 2301 854 inter
2339 815 2428 854 res
2458 810 2670 856 creatas
2711 819 2820 859 non
2860 816 3275 874 annumeretur,
3303 819 3484 863 tamen

1908 888 2036 957 quia
2059 888 2181 958 ejus
2212 889 2386 945 forma
2410 900 2464 945 et
2489 891 2668 962 imago
2699 893 2755 947 in
2783 895 3040 964 operibus
3059 909 3298 965 creatur,
3325 901 3484 968 quasi

1910 978 2024 1049 ipse
2054 989 2220 1047 esset,
2258 984 2335 1036 ait
2360 1000 2372 1036 :
2403 981 2662 1038 Dominus
2690 988 2885 1039 creavit
2916 1003 2996 1041 me
3036 990 3251 1042 initium
3279 991 3488 1045 viarum

1910 1086 2132 1125 suarum
2183 1074 2240 1126 in
2281 1091 2441 1145 opera
2491 1096 2593 1133 sua
2643 1080 2710 1135 ⁸⁸.
2749 1080 2919 1138 Porro
2954 1084 3156 1140 idcirco
3208 1089 3489 1156 sapientia:

1909 1159 2088 1218 forma
2138 1165 2193 1219 in
2250 1169 2509 1236 operibus
2554 1169 2694 1225 facta
2744 1181 2848 1235 est,
2897 1181 2976 1239 ut,
3023 1178 3486 1244 quemadmodum

1910 1270 2074 1325 supra
2122 1258 2392 1324 memini,
2440 1263 2678 1318 mundus
2731 1264 2786 1317 in
2848 1264 2965 1335 ipsa
3009 1266 3248 1321 Verbum
3275 1309 3290 1333 ,
3326 1286 3486 1324 suum

1910 1347 2184 1417 opiﬁcem,
2210 1360 2263 1404 et
2290 1349 2506 1406 Patrem
2532 1369 2629 1424 per
2649 1352 2886 1410 Verbum
2925 1368 3265 1426 agnosceret.
3302 1358 3490 1413 Enim-

1909 1455 2039 1494 vero
2069 1443 2174 1496 hoc
2209 1443 2388 1511 ipsum
2416 1452 2500 1499 est
2532 1446 2676 1515 quod
2711 1444 2914 1503 Paulus
2941 1448 3102 1502 docet
3128 1467 3142 1503 :
3170 1449 3310 1514 Quia
3347 1451 3488 1520 quod

1909 1540 2093 1586 notum
2123 1543 2201 1586 est
2236 1533 2354 1602 Dei,
2380 1538 2722 1606 manifestum
2753 1549 2832 1593 est
2876 1541 2931 1594 in
2977 1541 3124 1606 illis;
3173 1541 3315 1596 Deus
3348 1544 3490 1596 enim

1909 1623 2018 1678 illis
2072 1627 2411 1697 manifestum
2455 1630 2599 1698 fecit.
2653 1629 2957 1686 Invisibilia
3008 1635 3148 1687 enim
3203 1635 3369 1704 ipsius
3421 1650 3489 1688 ea:

1910 1717 2174 1771 creatione
2199 1718 2384 1772 mundi
2426 1719 2673 1790 operibus
2704 1721 2972 1777 intellecta
2998 1725 3397 1795 conspiciuntur
3417 1726 3486 1781 ⁸⁷.

1910 1803 2252 1876 Quapropter
2303 1805 2539 1864 Verbum
2581 1819 2777 1883 natura
2817 1827 3162 1882 nequaquam
3206 1824 3289 1870 est
3332 1829 3488 1870 crea-

212 1878 352 1934 tum,
409 1873 507 1926 sed
558 1873 651 1928 ille
699 1873 1121 1934 Proverbiorum
1166 1882 1320 1939 locus
1371 1883 1440 1940 de
1469 1886 1764 1956 sapientia,
1805 1905 1929 1961 qua:
1957 1897 2010 1949 in
2033 1873 2207 1952 nobis
2245 1907 2301 1952 et
2339 1913 2466 1954 vere
2493 1907 2576 1953 est
2617 1879 2671 1954 et
2712 1915 2834 1959 esse
2889 1873 3092 1960 dicitur
3121 1946 3138 1973 ,
3195 1915 3280 1962 est
3325 1905 3489 1960 intel-

209 1959 488 2031 ligendus.

280 2059 369 2113 79.
409 2061 473 2114 Ei
513 2061 571 2115 δὲ
609 2064 705 2116 καὶ
741 2065 953 2131 τούτοις
982 2066 1293 2133 ἀπιποῦσι,
1332 2069 1639 2138 λεγέτωσαν
1671 2074 1780 2143 ἡμῖε

1982 2071 2069 2127 79.
2100 2071 2485 2128 Verumtamen
2519 2077 2564 2128 si
2599 2073 2686 2129 his
2733 2074 2892 2129 tidem
2942 2076 3144 2132 habere
3189 2081 3486 2152 noluerint,

208 2151 384 2217 αὐτοὶ,
429 2155 479 2206 εἰ
523 2153 638 2209 ἔστι
689 2173 774 2220 τις
824 2159 986 2228 σοφία
1028 2162 1084 2212 ἐν
1139 2164 1253 2226 τοῖς
1305 2162 1589 2234 κτίσμασι,
1630 2165 1663 2237 ἢ
1706 2165 1808 2218 οὐκ

207 2243 395 2309 Eatur;
423 2245 489 2296 Εί
522 2247 621 2316 μὲν
642 2243 736 2301 οὖν
772 2249 873 2302 οὐκ
903 2250 1040 2314 ἔστι,
1065 2251 1183 2315 πῶς
1220 2252 1250 2304 ὁ
1283 2253 1602 2320 Ἀπὸστολος
1627 2258 1806 2311 αἰτιᾶ-

207 2352 319 2398 ται,
356 2335 564 2404 λέγων·
609 2339 848 2408 Ἐπειδὴ
897 2341 1008 2411 γὰρ
1053 2343 1194 2413 (12)
1237 2344 1309 2398 ἐν
1349 2345 1423 2415 τῇ
1463 2349 1650 2417 σοφίᾳ
1695 2348 1805 2404 τοῦ

209 2428 361 2482 Θεοῦ
403 2430 519 2482 οὐκ
568 2429 722 2500 ἔγνω
769 2435 803 2486 ό
853 2435 1080 2502 κόσμος
1125 2434 1224 2488 διὰ
1269 2436 1379 2505 τῆς
1429 2441 1652 2509 σοφίας
1697 2439 1806 2494 τὸν

209 2520 360 2572 Θεόν
375 2535 396 2584 ;
424 2520 498 2573 Ἦ
525 2521 660 2587 πῶς,
692 2523 741 2576 εί
766 2525 837 2595 μή
865 2525 982 2578 ἐστι
1014 2525 1195 2595 σοφία,
1220 2527 1422 2599 πλῆθος
1446 2531 1622 2600 σοφῶν
1649 2533 1706 2584 ὲν
1735 2535 1802 2604 τῇ

205 2611 401 2684 Γραφῇ
452 2614 803 2684 εύρίσκεται;
840 2619 972 2683 Καὶ,
1003 2620 1201 2688 Σοφὸς
1240 2621 1348 2693 γὰρ
1384 2623 1494 2696 (15)
1525 2626 1805 2694 φοϐηθεὶς

203 2705 522 2770 ἐξέκλινεν
552 2709 671 2763 ἀπὸ
706 2711 916 2765 κακοῦ·
956 2715 1080 2779 καὶ,
1115 2717 1279 2771 Μετὰ
1311 2719 1532 2786 σοφίας
1570 2719 1804 2773 οἰκοδο-

198 2797 398 2866 μεῖται
417 2795 602 2866 οἶκος.
636 2800 694 2854 ⁸0
719 2801 778 2854 δὲ
811 2803 1240 2876 Ἐκκλησιαστὴς
1267 2808 1412 2878 λέγει
1443 2809 1552 2883 (14)
1571 2829 1584 2841 ·
1617 2814 1806 2882 Σοφία

203 2888 524 2955 ἀνθρώπου
561 2891 768 2959 φωτιεῖ
785 2897 1112 2962 πρόσωπον
1132 2901 1209 2954 αὐ
1219 2900 1324 2954 τοῦ
1346 2917 1360 2930 ·
1392 2903 1485 2955 καὶ
1525 2903 1804 2974 μέμφεται

200 2983 317 3044 τοῖς
340 2984 852 3055 προπετευομένοις,
869 2987 1042 3053 λέγων
1061 3007 1076 3020 ·
1107 2991 1206 3061 Μὴ
1232 2993 1432 3063 εἴπῃςο
1456 2995 1517 3048 Tl
1542 2997 1800 3065 ἐγένετο,

203 3073 294 3128 ὅτι
317 3077 379 3128 αὶ
413 3075 626 3144 ἡμέραι
647 3080 706 3132 al
735 3080 1024 3149 πρότερον
1055 3079 1215 3152 ἦσαν
1240 3084 1352 3155 (15)
1394 3087 1608 3155 ἁγαθαὶ
1645 3090 1800 3160 ὑπὲρ

202 3167 591 3232 ταύτας;’”οτι
619 3171 732 3222 οὐκ
763 3171 833 3224 ἐν
857 3173 1045 3242 σοφίᾳ
1069 3174 1386 3244 ἠρώτησας
1409 3179 1542 3247 περὶ
1566 3182 1799 3236 τούτου.

203 3259 270 3311 Ei
308 3259 368 3311 δέ
392 3260 561 3324 ἐστιν,
589 3260 778 3334 ὥσπερ
801 3259 893 3318 οὖν
928 3266 1024 3319 καὶ
1057 3268 1086 3319 ὀ
1117 3267 1212 3321 τοῦ
1247 3269 1418 3340 Σιράχ
1443 3287 1606 3340 φησιν
1627 3287 1641 3302 ο
1686 3273 1803 3337 Ἐξ-

201 3347 378 3418 ἐχεεν
402 3351 598 3419 αὐτὴν
608 3353 706 3406 ἐπὶ
728 3353 926 3409 πάντα
951 3357 1022 3412 τὰ
1047 3357 1192 3429 ἔργα
1215 3359 1402 3415 αὐτοῦ
1419 3363 1570 3430 μετὰ
1597 3362 1800 3432 πάσης

1909 2165 2016 2236 ipsl
2051 2164 2210 2220 nobis
2265 2165 2671 2234 respondeant,
2727 2175 2910 2220 utrum
2961 2167 3016 2221 in
3061 2170 3226 2226 rebus
3282 2178 3485 2234 creatis

1908 2257 2090 2325 aliqua
2121 2255 2195 2311 sit
2221 2256 2508 2326 sapientia,
2547 2257 2631 2310 vel
2668 2257 2827 2311 non?
2883 2257 2940 2312 Si
2972 2259 3120 2314 nulla
3162 2261 3230 2317 sit
3261 2302 3276 2326 ,
3314 2280 3488 2334 quare

1907 2348 2200 2419 Apostolus
2246 2348 2333 2404 his
2390 2349 2570 2404 verbis
2619 2351 3014 2418 conqueritur:
3073 2351 3218 2408 Nam
3265 2359 3391 2427 quia
3430 2361 3488 2415 in

1907 2441 2004 2496 Dei
2057 2442 2322 2510 sapientia
2351 2457 2465 2518 non
2491 2444 2728 2512 cognovit
2779 2445 3006 2499 mundus
3035 2463 3128 2515 per
3167 2451 3486 2518 sapientiam

1906 2532 2079 2587 Deum
2107 2533 2203 2587 3‘3?
2238 2533 2336 2588 Vel
2359 2533 2404 2588 si
2441 2515 2585 2588 nulla
2623 2543 2708 2589 est
2740 2536 3028 2604 sapientia,
3060 2553 3160 2593 cur
3194 2515 3486 2600 multitudo

1907 2624 2211 2694 sapientum
2259 2624 2316 2678 in
2373 2623 2655 2694 Scriptura
2701 2629 3163 2686 memoratur”?
3216 2629 3484 2704 Namque,

1909 2717 2132 2788 Sapiens
2161 2719 2470 2788 perterritus
2504 2718 2733 2774 declinat
2768 2736 2801 2773 a
2833 2721 2973 2775 malo
3002 2723 3068 2790 ”,
3107 2732 3160 2778 et
3186 2764 3200 2788 ,
3234 2723 3368 2779 Cum
3397 2744 3488 2780 sa-

1907 2809 2110 2880 pientia
2159 2808 2462 2878 wdiﬁcatur
2508 2809 2692 2862 domus
2746 2810 2815 2865 9‘.
2875 2809 3233 2870 Ecclesiastes
3267 2831 3488 2884 quoque

1903 2902 2035 2957 dicit
2064 2919 2076 2954 :
2111 2899 2386 2971 Sapientia
2411 2901 2637 2955 hominis
2669 2900 2996 2958 illuminabit
3019 2906 3223 2960 vultum
3253 2907 3369 2978 ejus
3395 2910 3442 2940 θ’
3469 2927 3482 2964 :

1903 2994 2154 3064 idemque
2185 2994 2503 3048 temerarios
2521 2994 2607 3049 his
2627 2995 2808 3049 verbis
2834 2996 3081 3066 increpat.
3106 3019 3118 3053 :
3148 2997 3230 3054 Ne
3247 2999 3447 3054 dixeris
3466 3018 3485 3055 :

1905 3081 2047 3147 Quid
2073 3080 2278 3150 factum
2299 3092 2398 3147 est,
2433 3082 2577 3152 quod
2607 3084 2788 3152 priora
2828 3094 3063 3156 tempora
3086 3087 3165 3142 his
3211 3093 3487 3160 praesenti-

1903 3172 1997 3227 bus
2043 3172 2266 3227 meliora
2315 3173 2582 3243 fuerunt?
2634 3175 2745 3229 Nec
2778 3179 2916 3230 enim
2956 3179 3010 3232 in
3041 3182 3303 3249 sapientia
3343 3184 3486 3236 istud

1900 3266 2201 3320 sciscitatus
2216 3283 2270 3319 es
2288 3267 2354 3321 ⁸³.
2375 3265 2530 3333 Quod
2549 3269 2595 3322 si
2619 3268 2672 3322 in
2701 3269 2866 3324 rebus
2883 3272 3080 3325 creatis
3096 3283 3178 3326 est
3194 3289 3250 3327 sa
3259 3274 3483 3342 pientia,

1900 3364 1960 3410 ut
1991 3357 2140 3412 hisce
2177 3359 2356 3413 verbis
2391 3366 2618 3412 testatur
2647 3358 2792 3415 filius
2820 3359 3031 3415 Sirachi
3062 3379 3076 3416 ;
3106 3361 3308 3431 E/fudit
3332 3363 3486 3418 illam

202 3442 433 3510 σαρκὸς
453 3444 602 3498 κατὰ
621 3444 736 3514 τὴν
760 3446 935 3502 δόσιν
952 3451 1160 3514 αὐτοῦ,
1179 3452 1278 3507 καὶ
1297 3453 1673 3524 ἐχορήγησεν
1692 3459 1780 3511 αὐ·

1912 3464 1945 3501 n
1964 3450 2141 3502 omnia
2164 3465 2320 3519 opera
2343 3466 2439 3502 sua
2474 3466 2593 3502 cum
2621 3452 2766 3503 omni
2799 3467 2958 3505 carne
2996 3457 3283 3507 secundum
3314 3456 3483 3509 dona-

199 3533 319 3602 τὴν
344 3535 469 3601 τοῖς
493 3536 807 3605 ἀγαπῶσιν
849 3542 1057 3596 αὐτόν.
1094 3543 1158 3595 Ἦ
1177 3543 1233 3598 δὲ
1259 3546 1482 3616 τοιαύτη
1507 3546 1616 3616 (16)
1645 3548 1799 3619 ἔκχυ-

201 3643 286 3688 σις
317 3627 381 3679 ού
403 3627 505 3697 τῆς
526 3628 713 3692 οὐσίας
734 3631 831 3701 τῆς
853 3633 1189 3703 Αύτοσοφίας
1213 3637 1304 3689 καὶ
1332 3641 1656 3708 μονογενοῦς
1677 3643 1795 3696 ἐστι

199 3719 515 3789 γνώρισμα,
551 3718 685 3773 ἀλλὰ
707 3720 804 3792 τῆς
829 3723 887 3774 ὲν
914 3723 993 3794 τῷ
1019 3725 1210 3796 κόσμῳ
1235 3727 1716 3801 ἐξεικονισθείοηςο
1742 3733 1796 3785 τί

195 3807 430 3862 ἄπιστον
457 3810 506 3861 εἰ
543 3809 680 3881 αὑτὴ
714 3811 746 3880 ἡ
785 3810 1116 3885 δημιουργὸς
1144 3817 1240 3870 καὶ
1270 3819 1499 3892 ἀληθινὴ
1520 3822 1710 3890 Σοφία,
1729 3817 1797 3896 ἧς

195 3901 369 3964 τύπος
385 3901 534 3953 ἐστὶν
550 3903 583 3971 ἡ
605 3903 664 3956 ἐν
680 3903 870 3976 κόσμῳ
891 3906 1181 3977 ἐκχυθεῖσα
1203 3911 1364 3980 σοφία
1381 3913 1474 3966 καὶ
1496 3915 1689 3987 ὲπιστή
1698 3933 1795 3987 μη,

192 3996 272 4059 ὡς
287 3994 423 4066 περὶ
445 3995 768 4066 ἑαυτῆςῌἸ)
794 3999 929 4061 ἐστι,
953 3999 1097 4053 καθὰ
1119 4004 1401 4073 προεῖπον,
1415 4004 1666 4074 λέγουσα·
1692 4008 1801 4062 Κύ-

185 4105 324 4156 ριος
351 4086 557 4140 ἐκτισέ
580 4105 658 4156 με
681 4091 769 4156 εὶς
794 4088 938 4160 ἔργα
959 4092 1167 4146 αὑτοῦ.
1196 4094 1271 4148 Ού
1316 4095 1425 4168 γὰρ
1457 4099 1489 4167 ἡ
1524 4099 1584 4150 ὲν
1607 4098 1798 4171 κόσμῳ

195 4179 361 4248 σοφία
383 4178 647 4242 κτίζουσά
665 4181 832 4244 ἐστιν,
854 4181 969 4234 ἀλλ’
991 4184 1025 4254 ἡ
1053 4184 1162 4255 (18)
1187 4186 1547 4260 ὲγκτιζομένη
1573 4191 1685 4253 τοῖς
1706 4189 1798 4262 ἔρ-

194 4289 336 4339 γοις,
391 4270 513 4324 καθ’
553 4271 621 4341 ἣν
669 4273 723 4324 ol
761 4271 879 4340 μὲν
923 4276 1168 4342 οὐρανοὶ
1218 4277 1565 4348 διηγοῦνται
1607 4281 1798 4347 δόξαν

195 4361 385 4421 Θεοῦ,
433 4363 682 4429 ποίησιν
729 4361 799 4414 δὲ
839 4364 1050 4432 χειρῶν
1085 4368 1274 4422 αὐτοῦ
1316 4371 1674 4441 ἀναγγέλλει
1723 4373 1788 4426 τὸ

192 4451 523 4521 στερέωμα.
548 4453 609 4504 Oi
642 4453 698 4506 δὲ
722 4453 1021 4524 ἄνθρωποι,
1049 4460 1098 4511 εί
1130 4459 1334 4531 ταύτην
1375 4463 1435 4514 ὲν
1468 4465 1679 4527 ἑαυτοῖς
1702 4463 1792 4533 φέο

192 4562 366 4615 ροιεν,
402 4543 793 4613 ὲπιγνώσονται
831 4545 931 4618 τὴν
972 4549 1234 4624 ἀληθινὴν
1273 4552 1364 4606 τοῦ
1392 4554 1526 4608 Θεοῦ
1556 4555 1785 4625 Σοφίαν·

267 4728 314 4760 ⁸⁸
356 4726 547 4782 Matth.
580 4730 668 4794 10,
699 4729 789 4785 40.
902 4731 950 4764 ⁸⁸
985 4728 1147 4784 Pr0v.
1182 4747 1301 4795 vm,
1330 4732 1422 4786 22.

1901 3540 2092 3592 tionem
2109 3556 2284 3604 suam,
2315 3552 2361 3592 et
2389 3541 2616 3610 praebuit
2644 3541 2795 3595 illam
2822 3543 3161 3614 diligentibus
3193 3562 3246 3600 se
3271 3549 3336 3613 ⁹⁵;
3363 3564 3486 3616 qua:

1900 3630 2117 3701 quidem
2150 3631 2344 3686 eﬂ‘usio
2364 3633 2586 3688 minime
2615 3633 2884 3704 signiﬁcat
2912 3645 3160 3691 naturam
3185 3638 3483 3708 Sapientia:

1901 3740 2024 3794 qua:
2074 3741 2169 3794 per
2225 3740 2285 3780 se
2334 3726 2451 3796 ipsa
2487 3736 2570 3782 est
2609 3738 2772 3797 atque
2821 3730 3095 3800 unigenita
3126 3772 3141 3798 ,
3185 3731 3279 3787 sed
3336 3733 3482 3787 illius

1904 3832 2026 3886 quae
2059 3832 2317 3886 expressa
2352 3819 2406 3872 in
2443 3819 2650 3875 mundo
2687 3829 2808 3875 est:
2845 3821 2976 3890 quid
3003 3836 3133 3890 ergo
3162 3821 3482 3878 incredibile

1902 3908 2135 3970 videtur,
2159 3908 2206 3962 si
2224 3909 2341 3979 ipsa
2360 3909 2538 3980 epifex
2568 3919 2622 3965 et
2645 3926 2772 3966 vera
2807 3911 3105 3982 Sapientia,
3132 3914 3289 3985 cujus
3307 3914 3482 3970 forma

1900 4013 1995 4055 seu
2026 4001 2199 4070 ligura
2224 4011 2307 4055 est
2328 4001 2594 4070 sapientia
2628 4017 2691 4057 ac
2730 4003 2960 4058 scientia
2989 4019 3111 4074 qua:
3131 4004 3187 4059 in
3214 4005 3481 4060 mundum

1903 4091 2082 4147 eﬂusa
2136 4101 2240 4156 est,
2303 4101 2564 4164 tanquam
2617 4095 2684 4149 de
2746 4096 2925 4166 seipsa
2985 4098 3153 4162 dicat,
3227 4099 3481 4154 Dominus

1896 4182 2057 4254 433
2075 4183 2267 4238 creavit
2286 4201 2365 4239 me
2381 4187 2436 4238 in
2449 4201 2605 4253 opera
2617 4203 2715 4240 sua
2731 4187 2755 4240 ἱ)
2780 4185 2892 4243 Nec
2911 4189 3055 4243 enim
3081 4193 3347 4259 sapientia
3362 4207 3483 4260 quae

1896 4276 1951 4331 in
1979 4277 2185 4332 mundo
2211 4286 2315 4343 est,
2340 4280 2577 4333 creatrix
2593 4289 2695 4346 est,
2716 4282 2809 4336 sed
2835 4282 2889 4336 in
2905 4283 3161 4352 operibus
3179 4293 3262 4340 est
3277 4296 3478 4348 creata,

1900 4371 2204 4425 secundum
2237 4386 2402 4440 quam
2446 4371 2563 4425 ειείί
2583 4383 2838 4439 enarrant
2862 4374 3088 4444 gloriam
3115 4375 3228 4441 Dei,
3259 4387 3306 4430 et
3323 4392 3481 4446 opera

1897 4477 2151 4515 manuum
2173 4462 2288 4531 ejus
2317 4465 2601 4516 annuntiat
2634 4466 3028 4532 ﬁrmamentum
3050 4466 3116 4520 ⁸⁵.
3151 4465 3283 4521 Eam
3308 4469 3352 4521 si
3387 4467 3480 4519 lm-

1896 4553 2072 4608 mines
2109 4553 2164 4608 in
2209 4553 2401 4624 seipsis
2431 4554 2742 4621 habuerint,
2784 4572 2969 4611 veram
3016 4556 3107 4612 Dei
3144 4556 3479 4628 Sapientiam

1530 4734 1575 4767 ⁸⁷
1617 4735 1776 4790 Rom.

1913 4735 1968 4799 9,
1997 4733 2089 4788 20.
2178 4733 2224 4764 ⁸⁸
2263 4731 2436 4786 ICor.
2478 4748 2517 4795 ι,
2550 4732 2658 4803 21.
2719 4733 2765 4765 ⁸³
2805 4731 2932 4803 Sap.
2956 4751 3033 4795 v1.
3061 4734 3152 4788 26.
3231 4738 3276 4769 ⁹⁰
3314 4738 3472 4797 Prov.

192 4814 306 4860 xiv,
346 4798 432 4852 16.
512 4799 556 4831 ⁹¹
599 4799 761 4856 Prov.
792 4817 942 4866 xxrv,
970 4803 1026 4858 ὃ.
1099 4801 1145 4832 ⁹²
1185 4801 1363 4858 Eccle.
1396 4820 1513 4867 vm,
1545 4805 1596 4858 1.
1674 4807 1719 4838 ⁸³
1759 4806 1780 4860 1

1910 4826 1938 4859 ι.
1962 4820 2059 4869 vn,
2093 4804 2181 4859 11.
2261 4805 2308 4835 ’⁵
2344 4803 2511 4856 Eccli.
2546 4802 2693 4869 1,10.
2734 4805 2778 4836 ³⁵
2820 4798 2965 4858 Psal.
3002 4822 3159 4874 xvm,
3199 4807 3254 4862 2.

267 4955 855 5064 (8)nSrg-uer.‘Gobler.
884 4985 1066 5064 Felek.
1104 4987 1217 5064 rei
1246 4989 1300 5053 ι,
1330 4989 1419 5064 sua
1459 4991 1528 5064 ςεδί
1569 4993 1659 5064 τὸν
1690 4993 1780 5064 τύ-

1910 4992 2197 5064 Scriptura.
2226 4990 2332 5044 Alii
2360 4999 2419 5064 et
2443 4989 2597 5064 editi,
2617 4990 2966 5064 Ἐπειδήπερ.

193 5068 314 5104 πον.
343 5049 512 5105 Basil.
541 5052 632 5106 διὰ
665 5054 726 5107 τὸ
750 5055 937 5110 τύπον.
966 5056 1161 5112 Caneri
1188 5067 1244 5114 et
1274 5049 1424 5125 editi,
1458 5060 1546 5117 διὰ
1576 5063 1668 5116 τὸν
1690 5063 1783 5117 τύ-

193 5139 338 5262 ποῖό)
380 5190 601 5248 Gobler.
629 5203 683 5249 et
714 5193 899 5251 Felek.
931 5196 984 5263 1,
1013 5195 1275 5262 ὡσαύτως
1307 5198 1402 5253 ὥν.
1423 5200 1614 5258 Caeteri
1645 5221 1778 5260 mss.

187 5271 244 5344 et
274 5263 446 5344 editio
476 5263 745 5344 comuiel.
772 5264 849 5330 ὡς
890 5266 1196 5344 abroad»).
1225 5269 1351 5324 Mox
1383 5287 1518 5329 mss.
1552 5274 1778 5344 addunt,

189 5331 664 5405 eigﬁpyalau'goﬁ,
699 5351 823 5405 quae
855 5337 924 5391 ab
954 5338 1115 5393 editis
1148 5340 1368 5395 absunt.

1450 5412 1632 5469 Felck.
1669 5415 1704 5470 1
1729 5425 1785 5471 et

186 5473 243 5552 ξ.
276 5477 351 5552 At
371 5473 595 5552 Gobler:
619 5484 675 5530 et
698 5474 883 5552 Felclg.
907 5473 964 5552 1.
998 5478 1026 5532 ὃ
1046 5477 1214 5552 λέγει,
1239 5473 1330 5552 qui
1358 5482 1521 5538 iidem
1554 5484 1780 5550 ibidem,

184 5544 270 5596 ὃτι
302 5543 365 5597 τὸ
396 5545 639 5614 γνωστὸν
683 5546 779 5600 τοῦ
827 5547 963 5601 Θεοῦ
1005 5543 1395 5622 φανερόν’ὲστι
1432 5557 1543 5620 τοῖς
1573 5543 1784 5628 ἀνθρὼ-ἰ

184 5631 642 5828 ῐξῗὴύἓοιίιειο.
686 5697 741 5744 et
767 5687 947 5745 Felck.
974 5689 1029 5758 1,
1066 5693 1167 5747 οὐκ
1196 5692 1295 5748 ἔτι.
1332 5693 1454 5750 Mox
1488 5695 1652 5751 iidem
1686 5715 1784 5750 πε-

281 5771 392 5809 onn
448 5773 517 5809 un
552 5797 564 5809 .

281 5771 564 5809 οηιιιιιιηι.

259 5823 376 5896 (12)
418 5826 647 5895 Seguer.
682 5836 736 5883 et
758 5828 939 5886 Felrk.
976 5832 1029 5898 1,
1049 5833 1268 5905 Ἐπειδὴ
1295 5836 1422 5907 γάρ,
1453 5845 1511 5892 ut
1544 5846 1596 5892 et
1620 5837 1780 5893 habet.

1963 5063 2075 5134 (15)
2117 5061 2346 5134 Seguer.
2381 5061 2601 5134 Gobler.
2636 5061 2781 5134 Felc.
2814 5061 2834 5116 1
2874 5061 2928 5118 et
2950 5063 3002 5126 4,
3029 5062 3136 5114 Καὶ
3161 5063 3322 5132 σοφὸς
3343 5065 3470 5134 γάρ.

1890 5134 1946 5188 In
1974 5132 2109 5204 aliis
2138 5142 2194 5204 et
2223 5132 2383 5204 editis
2415 5133 2573 5204 deest
2596 5133 2724 5204 γάρ.

1958 5203 2071 5275 (14)
2112 5203 2275 5272 Λέγει
2303 5203 2515 5275 abesta
2542 5202 2759 5275 Gobler.
2789 5212 2842 5256 et
2864 5202 3045 5257 Felek.
3075 5204 3123 5256 1.
3161 5203 3278 5258 Mox
3308 5206 3470 5260 iidem

1886 5272 2211 5346 etSe'guer.
2242 5281 2298 5328 et
2332 5272 2525 5346 _Felck.
2561 5273 2614 5338 4,
2669 5276 2858 5342 φωτιεί
2905 5276 3216 5346 πρόσωπον.
3272 5277 3376 5330 Alii
3419 5288 3472 5332 ct

1886 5345 2038 5405 editi.
2064 5343 2268 5414 ’φωτιεί
2294 5343 2356 5397 τὸ
2395 5344 2706 5414 πρόσωπον.

1961 5411 2340 5486 (lSngzuer.
2370 5411 2634 5486 προτερον
2667 5416 2767 5468 οὐκ
2786 5411 2948 5486 ἦσαν.
2982 5414 3150 5468 Paulo
3178 5427 3318 5476 post.
3358 5417 3472 5472 Gn-

1888 5485 2338 5559 bler._et_Felck.
2365 5485 2523 5559 1,ΔΕ-ἰ
2558 5485 2614 5559 δέ
2646 5485 2817 5559 ἐστιν,
2856 5487 2931 5559 ᾡς
2975 5487 3067 5539 καὶ
3111 5486 3281 5559 Σιλράχ
3307 5506 3468 5559 φησι.

1961 5554 2073 5626 (16)
2115 5554 2336 5628 Gobler.
2365 5555 2548 5628 Felek.
2586 5555 2609 5608 1
2647 5565 2701 5611 et
2734 5558 2788 5620 4,
2816 5559 2862 5608 εί
2887 5556 2944 5608 δὲ
2974 5554 3467 5628 ἡτοιαύτηζιίςεὶεειι

1889 5625 2060 5696 paulo
2083 5635 2229 5695 post,
2263 5625 2323 5680 ὲν
2353 5625 2563 5696 κόσμῳ.

1959 5695 2072 5766 (17)
2115 5695 2341 5767 Seguer.
2374 5695 2505 5764 Peg.
2533 5695 2753 5751 Galiler.
2796 5696 2978 5753 Felck.
3012 5697 3063 5762 1,
3110 5697 3143 5751 4
3174 5708 3228 5754 ct
3253 5701 3307 5765 5,
3340 5716 3466 5767 περι

1888 5769 2104 5835 ἑαυτῆς.
2133 5766 2253 5838 Alii,
2273 5775 2326 5820 et
2355 5767 2506 5830 editi,
2548 5768 2676 5838 περὶ
2706 5769 2894 5838 αὐτῆς.

1962 5839 2073 5905 (18)
2126 5837 2188 5889 ’11
2225 5837 2374 5892 deest
2399 5838 2450 5890 in
2485 5837 2708 5904 Segnior.
