3840 6220
386 379 490 436 519

1009 379 1067 436 S.
1103 380 1475 440 ΑἸἬᾹΝΑΞΙΙ
1511 385 1661 442 ΟΡΡ.
1704 387 1885 446 PARS
1923 391 1965 446 Ι.
2003 421 2073 434 -
2113 389 2481 450 HISTORICA
2520 390 2608 446 ΕΤ
2651 391 3066 448 DOGMATICA.

3535 395 3644 448 5’20

389 497 513 564 ιρι-ἱ,
541 505 634 567 qui
687 505 765 553 est
805 496 1195 550 benedictus'in
1237 499 1454 554 secula.
1495 501 1955 563 Ameu".~Pudore

2066 508 2135 562 τὰ
2177 508 2373 562 πάντα
2403 507 2537 578 (41),
2565 507 2634 572 ὅς
2659 507 2831 560 ἐστιν
2861 506 3187 576 εὐλογητὸς
3218 507 3304 570 εἰς
3338 509 3482 573 τοὺς
3507 507 3642 562 αἰῶ-

386 604 606 658 quoque
635 599 779 642 certe
813 586 1130 654 afficientur,
1164 589 1279 644 haec
1300 591 1618 647 audientes:
1658 593 1804 648 Nam
1837 599 1964 666 quia

387 680 444 731 in
471 677 734 746 sapientia
768 675 886 739 Dei,
908 686 1069 745 prout
1093 678 1511 747 explicavimus,
1541 685 1770 738 mundus
1794 684 1960 739 Deum

386 786 478 838 per
506 769 818 838 sapientiam
848 784 952 821 non
982 771 1240 839 cognovit,
1269 771 1472 839 placuit
1510 774 1617 828 Deo
1659 791 1752 844 per
1780 778 1962 832 stulti-

387 861 516 913 tiam
530 859 930 928 praedicationis
954 860 1126 915 salvos
1148 861 1321 931 facere
1353 864 1618 920 credentes
1631 865 1961 923 “.Nec'enim

379 949 492 1018 jam
524 950 785 1019 amplius,
819 958 878 1004 ut
909 953 1285 1020 superioribus
1324 957 1680 1025 temporibus,
1700 957 1842 1013 Deus
1866 975 1964 1029 per

384 1039 676 1109 imaginem
710 1052 762 1095 et
782 1041 1030 1095 umbram
1059 1044 1339 1112 sapientia:
1361 1061 1481 1114 quas
1504 1048 1556 1100 in
1576 1047 1740 1103 rebus
1765 1050 1963 1104 creatis

384 1140 488 1196 est,
531 1133 789 1202 cognosci
841 1133 1034 1197 voluit,
1068 1135 1163 1190 sed
1207 1136 1410 1205 placuit
1439 1137 1542 1207 ipsi
1585 1146 1641 1192 ut
1687 1139 1802 1208 ipsa
1838 1155 1964 1194 vera

389 1221 662 1291 Sapientia
697 1238 918 1277 carnem
953 1235 1280 1290 assumeret,
1312 1228 1476 1282 homo
1502 1227 1679 1291 ﬁeret,
1707 1237 1760 1282 et
1785 1229 1965 1285 crucis

385 1322 618 1367 mortem
654 1323 953 1382 pateretur,
988 1324 1047 1368 ut
1075 1331 1172 1385 per
1200 1316 1359 1372 [idem
1387 1334 1510 1388 qua:
1535 1320 1590 1374 in
1620 1335 1682 1374 ea
1710 1322 1966 1376 consistit

387 1421 579 1460 omnes
612 1405 868 1476 deinceps
905 1407 1189 1463 credentes
1227 1409 1361 1464 salvi
1398 1412 1521 1466 es'se
1558 1423 1802 1482 possent.
1845 1413 1965 1484 Ipsa

385 1512 515 1566 ergo
543 1496 820 1567 Sapientia
851 1498 947 1554 Dei
991 1510 1096 1564 est,
1129 1516 1250 1570 quae
1279 1511 1439 1556 antea
1465 1519 1560 1572 per
1586 1487 1739 1558 suam
1773 1505 1966 1577 imagi-

386 1604 510 1643 nem
535 1588 590 1643 in
622 1590 788 1644 rebus
818 1591 1018 1646 creatis
1046 1591 1366 1662 impressam
1404 1594 1590 1664 (quam
1627 1596 1698 1650 ob
1739 1611 1963 1652 causam

385 1682 561 1736 creari
591 1680 838 1753 dicitur),
861 1692 917 1738 et
959 1683 1217 1752 seipsam,
1249 1693 1303 1738 et
1342 1700 1439 1754 per
1466 1701 1525 1741 se
1557 1703 1716 1742 suum
1747 1687 1964 1743 Patrem

386 1783 579 1828 notum
624 1775 902 1830 reddebat.
945 1773 1145 1830 Postea
1187 1791 1318 1830 vero
1357 1778 1547 1832 eadem
1587 1779 1726 1847 ipsa,
1762 1795 1884 1850 quae
1910 1789 1965 1835 et

2063 617 2194 665 νας,
2224 599 2404 668 ἀμήν.
2429 597 2539 652 Καὶ
2567 597 2992 669 ἐντραπήσονται
3015 614 3078 665 γε
3099 597 3386 661 ἀκούοντες
3409 615 3423 628 ·
3457 598 3644 650 Ἐπει-

2064 689 2142 758 δὴ
2175 690 2285 760 γὰρ
2313 691 2383 743 ἐν
2425 688 2501 758 τῇ
2527 690 2714 758 σοφίᾳ
2749 689 2855 743 τοῦ
2891 689 3058 753 Θεοῦ,
3093 687 3234 742 κατὰ
3264 688 3355 742 τὸν
3384 705 3645 760 προειρη-

2069 781 2226 853 μένον
2253 780 2474 850 τρόπον,
2511 782 2624 834 οὐκ
2658 781 2810 849 ἔγνω
2844 783 2876 833 ό
2918 781 3143 848 κόσμος
3167 777 3264 832 διὰ
3285 777 3396 847 τῆς
3421 779 3644 846 σοφίας

2064 871 2170 924 τὸν
2203 871 2371 934 Θεὸν,
2403 870 2748 939 ηὐδόκησεν
2781 870 2892 941 (42)
2924 873 2956 924 ό
2981 869 3126 934 Θεὸς
3151 869 3249 923 διὰ
3275 870 3387 938 τῆς
3416 871 3646 939 μωρίας

2064 962 2169 1016 τοῦ
2217 963 2592 1032 κηρύγματος
2641 960 2838 1015 σῶσαι
2866 960 3008 1026 τοὺς
3046 961 3461 1027 πιστεύοντας.
3493 961 3643 1013 Οὐκ-

2064 1053 2143 1105 έτι
2201 1052 2324 1125 γὰρ,
2361 1053 2436 1116 ὡς
2467 1055 2524 1106 ὲν
2563 1056 2675 1118 τοῖς
2722 1052 3008 1124 προτέροις
3034 1053 3276 1125 χρόνοις,
3332 1053 3399 1106 δι’
3431 1053 3644 1115 εἰκόνος

2063 1145 2157 1196 καὶ
2190 1147 2346 1208 σκιᾶς
2374 1145 2474 1214 τῆς
2518 1144 2728 1213 σοφίας,
2761 1147 2860 1214 τῆς
2892 1144 2950 1197 έν
2980 1147 3092 1207 τοῖς
3125 1143 3418 1213 κτίσμασιν
3449 1140 3642 1209 οὔσης,

2061 1236 2291 1306 ἠθέλησε
2315 1234 2678 1304 γινώσκεσθαι
2721 1236 2750 1286 6
2776 1234 2907 1298 Θεός
2929 1252 2943 1265 ·
2978 1233 3090 1286 ἀλλ’
3119 1233 3291 1304 αὐτὴν
3322 1233 3422 1303 τὴν
3451 1231 3643 1302 ἀληθι-

2063 1327 2160 1398 νὴν
2193 1328 2390 1397 Σοφίαν
2431 1326 2653 1398 ἐποίησε
2687 1327 2864 1398 σάρκα
2895 1325 3102 1390 λαϐεῖν,
3145 1325 3241 1379 καὶ
3263 1324 3512 1394 γενέσθαι
3545 1325 3642 1378 ἇν-

2064 1415 2299 1486 θρωπον,
2335 1416 2562 1470 θάνατόν
2600 1434 2658 1469 τε
2695 1418 2980 1487 ὑπομεῖναι
3011 1413 3266 1487 σταυροῦ,
3301 1415 3386 1468 ἵνα
3416 1415 3502 1468 διὰ
3539 1414 3645 1484 τῆς

2063 1508 2120 1560 έν
2149 1506 2324 1578 τούτῳ
2352 1508 2584 1572 πίστεως
2631 1508 2830 1567 πάντες
2863 1507 3044 1560 λοιπὸν
3071 1508 3120 1559 οἰ
3159 1504 3504 1567 πιστεύοντες
3536 1503 3647 1556 σώ-

2063 1597 2251 1661 ζεσθαι
2298 1597 2581 1651 δύνωνται.
2637 1599 2701 1651 Ἠ
2743 1597 2881 1669 αὐτὴ
2932 1597 3112 1668 μέντοι
3163 1597 3333 1665 Σοφία
3381 1595 3474 1648 τοῦ
3502 1591 3644 1647 Θεοῦ

2062 1690 2230 1752 ἐστιν,
2260 1690 2380 1760 ἥτις
2407 1691 2671 1762 πρότερον
2713 1690 2810 1760 μὲν
2838 1688 2926 1742 διὰ
2963 1688 3063 1759 τῆς
3109 1691 3167 1742 ὲν
3209 1690 3321 1751 τοῖς
3347 1687 3646 1758 κτίσμασιν

2062 1783 2268 1845 εἰκόνος
2317 1783 2512 1854 ἑαυτῆς
2561 1781 2695 1853 (45),
2743 1783 2812 1837 δι’
2859 1784 2924 1855 ἣν
2951 1784 3047 1836 καί
3082 1783 3302 1852 λέγεται
3333 1778 3642 1844 κτίζεσθαι,

387 1864 624 1920 Verbum
673 1876 776 1935 est,
825 1882 956 1922 caro
984 1867 1126 1923 facta
1180 1876 1284 1934 est,
1310 1876 1372 1922 ut
1408 1869 1483 1922 ait
1523 1869 1759 1925 Joannes
1785 1872 1830 1937 ⁸,
1858 1870 1955 1936 ,de-

2067 1874 2326 1944 ὲφανέρου
2355 1874 2572 1944 ἑαυτὴν,
2605 1875 2699 1928 καὶ
2723 1875 2791 1928 δι’
2821 1875 3016 1946 ἑαυτῆς
3043 1875 3133 1928 τὸν
3159 1873 3360 1943 ἑαυτῆς
3379 1872 3603 1940 Πατέρα
3627 1887 3642 1901 °

383 1967 700 2028 structaque
731 1968 1003 2024 morte,ac
1032 1967 1222 2014 nostro
1247 1975 1443 2029 genere
1481 1960 1728 2024 liberato,
1756 1969 1809 2015 et
1828 1976 1888 2016 se
1911 1970 1955 2016 el

2069 1962 2294 2034 ὕστερον
2334 1963 2392 2016 δὲ
2435 1964 2601 2036 αὐτὴ,
2637 1960 2770 2018 οὖσα
2802 1965 2990 2034 Λόγος,
3029 1965 3217 2034 γέγονε
3253 1962 3409 2035 σὰρξ,
3450 1963 3524 2026 ὡς
3562 1957 3648 2015 εῖ-

383 2065 481 2118 per
523 2065 582 2104 se
627 2048 841 2104 Patrem
895 2049 1099 2106 clarius
1140 2049 1433 2119 patefecit:
1487 2051 1631 2105 unde
1670 2052 1786 2106 hinc
1837 2051 1955 2120 ejus

2066 2069 2165 2105 πεν
2181 2055 2209 2105 6
2223 2052 2472 2124 Ἰωάννης
2493 2052 2625 2124 (44),
2644 2054 2738 2107 καὶ
2761 2054 2897 2124 μετὰ
2916 2054 2977 2106 τὸ
2991 2055 3336 2124 καταργῆσαι
3366 2051 3455 2105 τὸν
3474 2051 3650 2104 θάνα-

383 2140 582 2196 verba:
634 2141 714 2194 Da
735 2143 810 2195 eis
841 2153 900 2195 ut
925 2153 1242 2213 cognoscant
1282 2153 1329 2196 te
1354 2143 1526 2196 solum
1557 2159 1736 2197 verum
1763 2143 1953 2210 Deum,

2066 2162 2151 2198 τον
2175 2145 2270 2200 καὶ
2303 2145 2470 2198 σῶσαι
2501 2145 2562 2199 τὸ
2596 2146 2748 2213 γένος
2768 2146 2928 2216 ἡμῶν
2952 2145 3032 2199 έτι
3052 2147 3146 2200 καὶ
3179 2145 3338 2199 πλέον
3372 2143 3648 2197 ἀπεκάλυ-

382 2241 431 2284 et
466 2249 616 2300 quem
650 2234 844 2287 misisti
872 2233 1057 2288 Jesum
1091 2232 1366 2289 Christum
1392 2234 1458 2286 ¹⁰.

2066 2237 2158 2308 ῲεν
2182 2237 2374 2291 ἔαυτόν
2391 2254 2452 2291 τε
2480 2237 2576 2292 καὶ
2597 2237 2664 2290 δι’
2702 2236 2894 2290 ἑαυτοῦ
2926 2237 3017 2291 τὸν
3056 2236 3247 2290 ἑαυτοῦ
3276 2235 3515 2306 Πατέρα,
3551 2233 3645 2286 λέ-

382 2343 494 2396 γων
515 2328 650 2398 (45)·
673 2330 782 2396 Δὸς
795 2329 1018 2395 αὐτοῖς,
1037 2330 1138 2383 ἵνα
1154 2327 1492 2399 γινώσκωσι
1519 2345 1594 2384 σε
1609 2330 1715 2384 τὸν
1736 2331 1932 2401 μόνον
1956 2330 2247 2400 ἀληθινόν
2275 2328 2442 2392 Θεὸν,
2460 2329 2558 2383 καὶ
2575 2328 2650 2382 ὃν
2670 2330 3032 2398 ἀπέστειλας
3060 2332 3304 2401 Ἰησοῦν
3333 2331 3620 2396 Χριστόν.

452 2419 543 2473 82.
581 2419 766 2490 Itaque
801 2422 1053 2476 universa
1091 2432 1237 2478 terra
1273 2426 1586 2494 cognitione
1611 2426 1732 2495 ejus
1757 2426 1961 2495 repleta

379 2523 482 2566 est.
504 2511 780 2580 Siquidem
802 2528 909 2566 una
923 2525 1007 2567 est
1023 2513 1199 2568 Patris
1226 2531 1318 2583 per
1337 2514 1561 2582 Filium,
1579 2525 1632 2570 et
1655 2515 1777 2569 Filii
1794 2513 1959 2586 435

378 2619 446 2657 ex
494 2602 657 2657 Patre
690 2605 931 2675 cognitio
979 2625 991 2659 :
1045 2606 1166 2674 ipso
1212 2607 1410 2676 gaudet
1448 2606 1629 2671 Pater,
1664 2608 1961 2676 eodemque

378 2696 580 2764 gaudio
604 2695 773 2751 Filius
810 2697 866 2750 in
888 2694 1050 2751 Patre
1081 2697 1382 2753 delectatur
1415 2698 1638 2753 dicens:
1675 2696 1788 2768 Ego
1813 2713 1960 2752 eram

377 2803 480 2856 quo
503 2788 887 2852 delectabatur,
918 2805 1012 2858 per
1039 2790 1277 2860 singulos
1307 2791 1418 2844 dies
1450 2791 1504 2843 in
1535 2799 1814 2858 conspectu
1839 2789 1956 2858 ejus

378 2879 681 2934 delectabar
710 2881 774 2934 “.
805 2880 931 2936 Haec
967 2885 1158 2956 procul
1183 2884 1350 2939 dubio
1382 2899 1577 2938 rursus
1608 2884 1839 2951 probant
1867 2881 1958 2936 Fi-

380 2970 513 3024 lium
542 2986 650 3025 non
667 2973 928 3040 alienum,
947 2975 1040 3028 sed
1064 2976 1347 3046 proprium
1371 2984 1581 3030 natura:
1606 2974 1785 3029 Patris
1809 2989 1949 3030 esse.

379 3059 522 3115 Ecce
547 3061 694 3114 enim
732 3078 839 3116 non
867 3075 1088 3133 propter
1114 3081 1236 3131 nos,
1271 3074 1331 3119 ut
1373 3065 1524 3135 impii
1561 3065 1836 3129 dictitant,
1879 3063 1963 3120 fa-

2129 2423 2218 2478 82.
2273 2423 2596 2496 Ἐπληρὼθη
2633 2425 2763 2494 γοῦν
2797 2428 2947 2480 πᾶσα
2975 2429 3008 2497 ή
3039 2429 3108 2497 γῆ
3143 2428 3241 2498 τῆς
3269 2425 3521 2495 γνώσεως
3544 2426 3653 2478 αὐ-

2055 2514 2150 2569 τοῦ
2176 2533 2189 2547 ·
2231 2515 2327 2586 μία
2363 2517 2471 2587 γὰρ
2503 2517 2702 2586 γνῶσις
2733 2518 2946 2590 Πατρὸς
2972 2519 3039 2572 δι’
3062 2518 3193 2572 Υἰοῦ
3224 2521 3359 2584 ἐστι,
3385 2519 3480 2572 καὶ
3504 2518 3646 2572 Υἱοῦ

2059 2609 2212 2681 παρὰ
2236 2609 2468 2681 Πατρὸς,
2496 2610 2589 2662 καὶ
2615 2609 2793 2682 χαίρει
2819 2611 2993 2682 τούτῳ
3018 2613 3047 2664 6
3067 2613 3256 2682 Πατήρ
3274 2628 3288 2642 ο
3327 2613 3420 2665 καὶ
3448 2613 3514 2681 τῇ
3547 2629 3650 2681 χα-

2063 2702 2132 2772 ρᾷ
2159 2699 2332 2775 ταύτῃ
2365 2701 2713 2773 εὐφραίνεται
2755 2704 2814 2756 ὲν
2859 2703 2937 2774 τῷ
2971 2705 3147 2772 Πατρὶ
3173 2706 3201 2757 6
3245 2703 3393 2767 Υἱὸς,
3426 2703 3604 2770 λέγων
3629 2719 3645 2734 ·

2072 2794 2219 2864 Ἐγὼ
2259 2794 2441 2865 ἤμην,
2473 2789 2513 2866 ᾗ
2553 2795 2910 2864 προσέχαιρε
2932 2812 2945 2826 ο
3011 2797 3140 2849 καθ’
3172 2795 3401 2864 ἡμέραν
3434 2793 3504 2846 δὲ
3525 2796 3646 2862 ηὐ-

2063 2886 2400 2954 φραινόμην
2425 2886 2494 2938 ἐν
2526 2885 2820 2953 προσώπῳ
2857 2886 3063 2940 αὐτοῦ.
3095 2886 3282 2940 Ταῦτα
3310 2887 3366 2939 δὲ
3397 2884 3646 2938 δείκνυσι

2060 2977 2223 3030 πάλιν
2270 2975 2345 3048 μὴ
2397 2971 2535 3030 εἶναι
2567 2975 2658 3029 τδν
2709 2976 2836 3029 Υἰὸν
2883 2975 3178 3047 ἀλλότριον,
3225 2975 3338 3028 ἀλλ’
3371 2974 3501 3028 ἴδιον
3536 2974 3648 3044 τῆς

2062 3068 2158 3122 τοῦ
2206 3069 2420 3141 Πατρὸς
2461 3068 2669 3132 οὐσίας.
2719 3069 2850 3122 Ἰδοὺ
2894 3068 3004 3140 γὰρ
3049 3069 3110 3121 οὐ
3157 3068 3223 3121 δι’
3251 3069 3418 3138 ἡμᾶς,
3465 3068 3542 3130 ὡς
3591 3069 3644 3119 οἰ

379 3164 502 3209 ctus
514 3163 618 3216 est,
648 3171 826 3226 neque
876 3158 1104 3212 omnino
1129 3174 1160 3214 e
1181 3159 1353 3214 nihilo
1381 3168 1484 3227 est,
1500 3176 1674 3230 neque
1695 3159 1839 3216 Deus
1854 3160 1955 3215 sibi

2066 3157 2279 3222 ἀσεϐεῖς
2327 3127 2566 3228 λέγουσι,
2598 3127 2838 3228 γέγονεν,
2887 3127 3007 3212 οὐδὲ
3052 3159 3190 3222 ὅλως
3214 3127 3412 3225 esse;
3461 3127 3641 3210 ὄντων

379 3255 657 3302 auctorem
693 3247 877 3317 gaudii
908 3250 1246 3320 comparavit
1289 3251 1672 3318 extrinsecus;
1707 3253 1802 3306 sed
1853 3251 1960 3306 illae

378 3351 542 3390 voces
594 3337 821 3407 aliquid,
852 3338 999 3407 quod
1043 3338 1326 3408 proprium
1356 3339 1430 3393 sit
1464 3349 1518 3394 et
1545 3339 1724 3395 simile
1755 3340 1962 3410 signiﬁ-

381 3434 529 3482 cant.
561 3426 790 3493 Quando
826 3443 956 3499 ergo
991 3429 1220 3500 contigit
1251 3440 1311 3485 ut
1338 3429 1499 3485 Pater
1522 3447 1630 3485 non
1661 3430 1959 3500 gauderet?

381 3517 539 3584 Quod
579 3519 623 3574 si
665 3534 878 3588 semper
908 3520 1130 3588 gavisus
1166 3530 1271 3585 est,
1301 3535 1518 3590 semper
1547 3519 1714 3575 fuerit
1739 3535 1960 3576 necesse

378 3624 463 3668 est
504 3613 550 3668 is
583 3614 636 3666 in
669 3629 778 3683 quo
804 3614 1092 3684 gaudebat.
1129 3613 1186 3668 In
1216 3629 1327 3684 quo
1361 3629 1528 3684 porro
1567 3615 1766 3685 gaudet
1791 3623 1846 3669 et
1867 3615 1959 3670 la:-

381 3713 526 3760 tatur
578 3703 760 3768 Pater,
795 3721 960 3775 quam
1002 3721 1128 3762 cum
1173 3721 1232 3762 se
1263 3707 1379 3777 ipse
1415 3707 1591 3761 cernit
1633 3709 1687 3762 in
1738 3707 1956 3778 propria

379 3797 637 3866 imagine,
668 3813 790 3866 quae
805 3795 1044 3852 Verbum
1069 3814 1230 3853 suum
1249 3799 1368 3853 est?
1389 3797 1544 3865 Quod
1574 3799 1619 3854 si
1647 3800 1813 3854 etiam
1835 3807 1960 3869 post

379 3887 678 3958 perfectum
712 3889 978 3944 mundum
1009 3889 1137 3945 ﬁliis
1168 3889 1454 3944 hominum
1487 3889 1958 3954 deiectabatur,ut

380 3981 579 4036 ibidem
602 3981 865 4051 scriptum
897 3989 1002 4049 est,
1032 3996 1134 4036 nec
1167 3979 1221 4035 id
1251 3981 1439 4050 utique
1466 3980 1575 4034 alio
1605 3981 1769 4035 modo
1797 3980 1958 4034 intel-

378 4070 651 4141 ligendum
671 4079 774 4128 est.
805 4070 883 4125 lta
909 4073 1055 4128 enim
1082 4071 1473 4140 delectabatur,
1506 4087 1615 4127 non
1641 4074 1797 4143 quasi
1818 4088 1952 4144 gau-

377 4166 527 4219 dium
563 4164 666 4233 ipsi
703 4163 1011 4232 accidisset,
1043 4165 1140 4219 sed
1181 4172 1451 4235 quatenus
1494 4179 1659 4234 opera
1691 4165 1758 4219 ad
1797 4180 1952 4219 suam

379 4257 672 4328 imaginem
714 4255 856 4311 facta
896 4257 1229 4311 intuebatur.
1260 4255 1354 4310 llla
1405 4257 1631 4325 proinde
1672 4255 1769 4310 Dei
1799 4257 1953 4311 oble-

376 4350 544 4405 ctatio
571 4367 726 4405 suam
762 4350 1054 4420 imaginem
1089 4366 1311 4406 causam
1344 4351 1520 4405 habet.
1563 4349 1628 4404 Et
1672 4351 1787 4420 ipse
1822 4366 1953 4406 vero

376 4442 547 4499 Filius
568 4458 636 4497 an
657 4443 764 4497 alio
786 4444 1088 4498 oblectatur
1120 4443 1301 4509 modo,
1332 4459 1494 4512 quam
1521 4458 1644 4497 cum
1677 4458 1735 4497 se
1757 4443 1870 4513 ipse
1895 4444 1950 4499 in

374 4534 536 4588 Patre
579 4535 1014 4604 contemplatur?
1062 4534 1205 4589 Idem
1254 4537 1397 4588 enim
1439 4535 1588 4590 hisce
1614 4535 1733 4604 cjus
1766 4537 1946 4592 verbis

2059 3249 2205 3302 ἐστίν
2225 3267 2239 3279 ·
2281 3249 2402 3302 οὐδὲ
2429 3249 2538 3320 γὰρ
2565 3249 2764 3314 ἔξωθεν
2789 3249 2966 3320 ἑαυτῷ
2995 3252 3024 3304 6
3050 3251 3180 3309 Θεὸς
3213 3250 3645 3321 περιεποιήσατο

2057 3343 2234 3412 χαρᾶς
2279 3341 2592 3412 ποιητικόνο
2646 3341 2760 3395 ἀλλ’
2811 3341 2944 3396 ἰδίου
2976 3341 3070 3395 καὶ
3120 3341 3306 3412 ὁμοίου
3347 3340 3646 3412 γνώρισμά

2058 3431 2174 3484 ἐστι
2202 3430 2264 3483 τὸ
2315 3429 2626 3501 λεγόμενον.
2661 3431 2798 3484 Πότε
2829 3427 2921 3485 οὖν
2964 3426 3032 3503 ἦν
3079 3432 3168 3485 ὅτε
3211 3433 3311 3484 οὐκ
3354 3431 3576 3502 ἔχαιρεν
3611 3432 3646 3483 δ’

2057 3521 2283 3592 Πατήρ;
2313 3523 2376 3575 Εἰ
2406 3522 2465 3574 δὲ
2497 3523 2585 3576 ἀεὶ
2616 3522 2852 3594 ἔχαιρεν,
2888 3524 2975 3577 ἀεὶ
2997 3519 3065 3595 ἦν
3093 3525 3150 3577 ὲν
3178 3517 3222 3592 ᾧ
3253 3523 3468 3592 ἔχαιρεν
3498 3522 3638 3593 (46).

2069 3615 2158 3666 Ἐν
2195 3613 2301 3666 τίνι
2332 3613 2390 3667 δὲ
2413 3616 2442 3666 6
2471 3615 2661 3684 Πατὴρ
2697 3613 2898 3685 χαίρει,
2940 3614 2974 3684 ἢ
3017 3614 3228 3683 βλέπων
3255 3613 3443 3666 ἑαυτὸν
3477 3614 3538 3666 ἐν
3566 3617 3650 3682 τῇ)

2061 3706 2168 3777 ἰδίᾳ
2199 3705 2388 3772 εἰκόνι,
2419 3706 2542 3776 ἥτις
2569 3706 2717 3758 ἐστὶν
2757 3705 2784 3756 ὁ
2815 3706 2988 3774 Λόγος
3019 3705 3220 3771 αὐτοῦ;
3256 3707 3319 3758 Εἰ
3346 3705 3402 3758 δὲ
3431 3705 3529 3758 καὶ
3577 3706 3640 3756 ἐν

2056 3800 2193 3862 υἰοῖς
2235 3797 2537 3871 ἀνθρώπων
2571 3798 2898 3870 ηὐφραίνετο
2944 3799 3042 3870 τὴν
3074 3797 3397 3868 οἰκουμένην
3448 3813 3642 3850 συντε-

2055 3889 2237 3955 λέσας,
2258 3891 2334 3954 ὡς
2359 3892 2415 3943 έν
2447 3891 2638 3954 αὐταῖς
2661 3894 2778 3953 ταῖς
2804 3889 2915 3961 (47)
2943 3889 3271 3962 Παροιμίαις
3298 3889 3637 3959 γέγραπται,

2056 3984 2193 4038 ἀλλὰ
2239 3985 2334 4037 καὶ
2378 3983 2536 4037 τοῦτο
2565 3985 2662 4056 τὴν
2698 3984 2868 4056 αὐτὴν
2914 3984 3026 4054 ἔχει
3084 3983 3340 4037 διάνοιαν.
3378 3983 3638 4053 Ηύφραί-

2056 4097 2176 4134 νετο
2219 4081 2330 4150 (48)
2359 4081 2469 4154 γὰρ
2511 4083 2606 4136 καὶ
2649 4081 2846 4145 οὕτως,
2898 4081 2998 4133 οὐκ
3045 4075 3440 4146 ἐπιγενομένης
3481 4075 3674 4144 αὐτῷ-

2055 4172 2252 4243 χαρᾶς,
2287 4171 2425 4225 ἀλλὰ
2457 4171 2618 4225 πάλιν
2662 4171 2874 4242 βλέπων
2921 4169 3061 4223 κατὰ
3091 4169 3190 4238 τὴν
3224 4165 3418 4220 ἑαυτοῦ
3445 4163 3638 4218 εἰκόνα

2054 4265 2322 4336 γενόμενα
2362 4264 2432 4318 τὰ
2460 4264 2627 4336 ἔργα·
2682 4265 2822 4317 ὥστε
2867 4265 2961 4316 καὶ
3001 4263 3061 4316 τὸ
3103 4259 3246 4314 οὕτω
3299 4258 3510 4330 χαίρειν
3540 4257 3636 4309 τὸν

2052 4355 2183 4408 Θεὸν
2216 4357 2315 4426 τῆς
2341 4357 2544 4420 εἰκόνος
2570 4357 2678 4427 (49)
2706 4357 2869 4410 αὐτοῦ
2891 4355 2988 4426 τὴν
3017 4354 3289 4424 πρόφασιν
3321 4348 3480 4404 εἶναι.
3506 4349 3638 4410 Πῶς

2052 4447 2110 4499 δὲ
2142 4448 2237 4500 καὶ
2278 4449 2306 4500 ὁ
2350 4446 2477 4510 Υἱὸς
2522 4448 2893 4516 εὐφραίνεται,
2926 4445 2959 4516 ἢ
2993 4443 3203 4514 βλέπων
3233 4439 3423 4495 ἑαυτὸν
3453 4441 3511 4493 έν
3552 4438 3637 4508 τῷ

2052 4539 2264 4610 Πατρί;
2299 4541 2442 4591 Ἴσον
2473 4541 2578 4612 γάρ
2613 4541 2726 4593 ἐστι
2755 4540 2849 4592 καὶ
2873 4536 3035 4591 τοῦτο
3063 4535 3140 4606 τῷ
3165 4535 3345 4602 λέγειν
3366 4550 3377 4562 ·
3427 4533 3481 4584 Ὀ
3525 4532 3638 4600 ἐμὲ

375 4627 713 4682 declaratur:
751 4628 854 4692 Qui
884 4630 1010 4682 vidit
1047 4645 1148 4693 me,
1177 4628 1308 4681 vidit
1364 4626 1573 4679 Patrem
1605 4628 1679 4680 "z
1710 4637 1784 4693 et,
1832 4627 1942 4697 Ego

2066 4630 2335 4700 ἓωρακὼς,
2356 4631 2574 4700 ἑώρακε
2605 4633 2712 4686 τὸν
2737 4631 2984 4699 Πατέρα,
3023 4625 3292 4696 καὶ,Ἑγὼ
3320 4625 3427 4696 (50)
3459 4625 3530 4677 ἐν
3550 4622 3637 4688 τῷ

449 4723 468 4753 ⁷
509 4723 666 4778 Rom.
699 4723 1063 4787 :,19.2l.25.
1141 4721 1196 4773 ⁸1
1225 4724 1348 4776 Cor.
1381 4721 1527 4786 1,2l.
1604 4722 1626 4752 ⁹
1663 4721 1821 4777 Joan.
1848 4725 1993 4790 1,14.
2073 4725 2116 4756 ²⁰
2136 4725 2517 4791 Joan.xvu,5.
2600 4728 2640 4758 “
2675 4727 2833 4780 Prov.
2860 4741 2979 4788 vni,
3009 4723 3098 4780 30.
3177 4725 3219 4756 ¹²
3243 4721 3400 4777 Joan.
3428 4737 3540 4787 xw,
3573 4720 3631 4774 9.

444 4838 556 4907 (41)
597 4836 778 4892 Felck.
813 4837 867 4902 5,
902 4835 1102 4890 omittit
1134 4833 1203 4907 τὰ
1240 4833 1435 4907 πάντα.
1462 4833 1587 4907 Mox
1623 4833 1943 4907 Seg_uerian.

374 4904 465 4963 καὶ
493 4904 920 4979 ἐντραπήσονταί
950 4924 1012 4979 γε
1037 4905 1344 4979 ᾁκούοντες.
1374 4904 1593 4979 Qubler.
1635 4904 1860 4979 etAFelc.
1891 4907 1944 4969 1,

374 4910 465 4963 καὶ
493 4912 702 4979 ἐντραπ
743 4909 920 4961 σονταί
950 4924 1012 4974 γε
1037 4909 1344 4968 ἀκούοντες.
1374 4909 1593 4959 Gobler.
1635 4917 1684 4958 et
1713 4909 1860 4960 Felc.
1891 4909 1944 4969 1,

373 4981 466 5032 καὶ
504 4909 932 5048 ἐντραπῇπσονται
952 4977 1012 5048 μοί
1045 4975 1350 5048 ἀκούοντες.
1386 4973 1608 5048 Εοιομξ,
1631 4976 1725 5048 καὶ.
1756 4977 1948 5048 ἐντρα-

376 5045 636 5118 πήσονταί
664 5045 804 5116 γεοί
829 5046 1139 5118 ἀκούοντες.
1163 5045 1352 5099 Caneri
1374 5045 1607 5118 et‘editi,
1632 5046 1733 5118 καὶ
1757 5045 1948 5118 ἐντρα-

373 5114 637 5190 πήσονται
671 5114 762 5172 καί
803 5135 867 5190 γε
908 5118 956 5190 οἱ
987 5117 1311 5190 ῥικούοντες.
1373 5114 1573 5190 Ibidem
1627 5114 1945 5190 seguerian.

376 5184 503 5259 Reg.
551 5190 756 5255 Anglic.
793 5184 950 5259 Gobl.
987 5185 1289 5259 Felc.-l,_4
1317 5195 1372 5239 et
1407 5184 1461 5250 5,
1509 5184 1726 5256 Ἐπειδὴ
1757 5185 1948 5258 γὰρ-έν

372 5256 546 5329 τῇ.Ἰη
585 5259 706 5313 aliis
726 5268 780 5329 et
802 5258 965 5312 editis
998 5256 1302 5329 ἀθεεὶ-γάρ.

445 5329 556 5398 (42)
599 5331 690 5383 Sic
723 5327 1112 5399 Seguerianus,
1142 5325 1620 5399 Reg._Goblerian.
1651 5325 1796 5381 Felc.
1837 5327 1888 5391 1,
1913 5326 1948 5382 4

372 5408 425 5453 el,
454 5395 510 5450 Β.
541 5395 612 5452 ΑΙ.
645 5399 733 5453 a!ii
758 5395 818 5454 etv
837 5399 989 5463 editi,
1025 5398 1138 5451 ἀλλ’
1167 5395 1485 5466 ηὐδόκησεν.

445 5470 553 5539 (45)
599 5468 823 5538 Seguer.
857 5467 1074 5524 Gobler.
1105 5465 1344 5523 Felckm.
1378 5465 1398 5517 ι
1433 5478 1487 5523 et
1515 5468 1570 5535 4,
1602 5468 1792 5538 αὐτῆς.
1837 5469 1943 5523 Alii

371 5549 424 5594 et
457 5539 619 5608 editi,
647 5540 862 5608 ἑαυτῆς.

441 5609 552 5678 (44)
594 5606 905 5679 Goblerian.
953 5618 1007 5662 et
1043 5606 1224 5679 Fclelt.
1267 5610 1316 5673 Ι,
1356 5609 1432 5672 ὥς
1471 5626 1633 5679 φησιν
1665 5607 1942 5679 (Ἰωάννης.

374 5677 571 5751 Ibidem
607 5677 921 5751 chgiei'ian.
949 5678 1086 5751 μετὰ
1108 5677 1201 5751 τοῦ
1225 5677 1590 5751 καταργῆσαι.
1624 5678 1756 5751 Mos
1781 5677 1943 5751 idem,

368 5760 426 5832 rt
445 5747 830 5832 Qohlei:._i“elc.
866 5747 976 5832 inet
998 5749 1058 5832 i,
1077 5747 1710 5832 1:.)té0\t.nlieg.-Basil._ct
1736 5749 1941 5832 Anglic.

372 5821 570 5874 πλεῖον.
611 5820 750 5874 Ediri
773 5830 823 5872 ct
858 5820 972 5884 alii,
1004 5819 1238 5870 πλείονα.
1272 5820 1494 5889 Seguer.
1535 5821 1750 5882 ibidem,
1787 5819 1946 5871 αὐτόν

2051 4854 2110 4889 τε
2137 4837 2230 4889 καὶ
2256 4835 2322 4906 δι’
2355 4833 2547 4906 ἑαυτοῦ
2575 4835 2666 4888 τὸν
2696 4833 2936 4906 Πατέρα.

2122 4906 2235 4976 (45)
2281 4905 2372 4960 Sic
2398 4905 2714 4975 Seguerian.
2749 4900 2881 4974 Reg.
2913 4902 3124 4976 Gobler.
3165 4900 3313 4976 Felc.
3348 4901 3400 4965 l,
3427 4903 3462 4955 4
3485 4910 3540 4956 et
3570 4903 3629 4957 5.

2044 4975 2099 5029 ln
2130 4971 2251 5030 aliis
2277 4991 2405 5031 vero
2433 4971 2495 5029 cf
2515 4976 2752 5040 editione
2781 4971 3048 5031 Cdmmel.
3075 4973 3224 5026 deest
3250 4971 3445 5040 λέγων.

2116 5045 2226 5118 (46)
2266 5044 2584 5118 Seguerian.
2617 5046 2675 5098 ὲν
2703 5038 2747 5114 ᾧ
2804 5043 3043 5116 ἔχαιρεν.
3087 5041 3194 5097 Alii
3225 5052 3278 5098 et
3305 5036 3460 5107 editi,
3490 5043 3550 5095 ἐν
3578 5036 3630 5111 ᾧ

2045 5119 2136 5172 καὶ
2156 5117 2402 5188 (ἔχαιρεν.

2115 5175 2227 5256 (47}
2261 5175 2488 5257 Seguer.
2527 5195 2579 5240 et
2600 5184 2744 5240 Fclc.
2797 5187 2852 5250 4,
2889 5187 2946 5239 ὲν
3002 5185 3194 5247 αὐταῖς
3241 5185 3382 5246 ταῖς.
3436 5182 3540 5236 Alii
3569 5191 3628 5236 et

2041 5259 2194 5318 editi,
2235 5260 2291 5310 ὲν
2319 5261 2456 5320 ταῖς.

2093 5328 2500 5414 ,μελδεευυῆς
2524 5336 2578 5381 ει
2600 5325 2747 5414 Ξεξιςτ
2766 5327 2829 5414 ἐν
2863 5322 3408 5414 ξιξεξθεενεξιςβίὲίεε.
3426 5330 3481 5414 εξ
3506 5322 3624 5414 νῦν

2053 5392 2426 5468 εὐᾲραίνετὶιι.
2457 5396 2832 5468 Μυκ-δοευειξ.
2864 5392 3083 5468 Gohjer.
3121 5393 3266 5468 Felc.
3299 5395 3325 5448 1
3359 5402 3412 5468 et
3441 5392 3494 5451 4.
3527 5410 3625 5468 γε·

2041 5464 2243 5538 νόμζεζνα
2273 5468 2342 5521 τὰ
2372 5468 2530 5538 ἔργα,
2559 5465 2701 5538 ὥστε
2731 5467 2909 5538 καὶᾲτὸ
2935 5465 3128 5538 οὕτως.
3164 5464 3298 5538 Reg.
3359 5464 3486 5538 item
3530 5465 3626 5538 lia-

2043 5531 2133 5592 be't
2169 5539 2308 5591 ὥστε
2354 5531 2539 5590 κάὶΪτὸ
2571 5537 2760 5600 οὕτως.
2811 5535 3008 5590 Castori
3054 5547 3110 5590 et
3163 5531 3328 5590 editio
3354 5531 3624 5587 Commcl.

2044 5609 2302 5678 γινόμενα
2331 5608 2488 5679 ἔργα,
2515 5607 2665 5661 ὥστε,
2688 5607 2780 5679 κσὶ
2811 5605 3015 5679 οὕτως.⁴

2115 5672 2225 5749 (όῦ)
2252 5679 2338 5732 Sic
2363 5672 2846 5749 Begligerian.gﬂeg.
2893 5672 3379 5749 Qobleria_n._Fele.
3417 5673 3465 5735 i,
3493 5673 3529 5727 4
3574 5682 3633 5726 et

2046 5746 2098 5802 5.
2130 5744 2316 5802 At'alii
2347 5761 2399 5802 et
2428 5744 2578 5809 éditi,
2614 5747 2744 5798 Θεὸν
2775 5744 2832 5797 ἐν
2871 5746 2949 5814 τῷ
2979 5745 3077 5812 τῆς
3105 5744 3332 5814 εἰκόνος.

2127 5818 2240 5890 (50)
2278 5817 2595 5888 Segucrian.
2627 5827 2681 5871 ct
2721 5815 2861 5870 Fclc.
2896 5813 2950 5876 «ί,
2986 5813 3158 5880 κάγώ.
