3840 6220
360 242 466 299 525

948 238 1006 292 S.
1049 236 1415 292 ATHANASII
1455 237 1606 290 OPP.
1649 234 1828 289 PARS
1865 233 1906 286 1.
1947 263 2014 272 ——
2055 230 2422 285 HISTORICA
2462 228 2550 284 ET
2592 225 3016 282 DOGMATICA.

3499 223 3608 282 32‘

361 352 792 425 comprehendi?
821 353 930 406 Aut
961 351 1089 421 quid
1139 351 1337 406 mirum
1379 360 1464 406 est
1502 350 1702 404 Filium
1733 351 1785 404 iu
1817 349 1925 404 Pa-

2056 345 2108 417 τῷ
2147 346 2349 416 Ila-cpt,
2380 345 2578 412 ὅπουγε
2627 344 2722 396 καὶ
2770 343 2896 413 περὶ
2943 340 3100 412 ἡμῶν
3132 342 3460 412 γέγραπται·
3511 339 3611 392 Ἐν

363 458 445 502 tre
477 462 618 511 esse,
673 444 1109 520 quandoquidem
1161 444 1324 498 etiam
1364 444 1430 497 de
1463 444 1620 497 nobis
1667 443 1927 511 scriptum

2056 437 2194 501 τί)τῷ
2221 439 2328 504 γὰρ
2363 434 2564 503 ζῶμεν,
2593 435 2690 486 καὶ
2736 433 3074 500 κινούμεθα,
3110 432 3212 484 καί
3241 433 3459 500 eam;
3491 430 3609 484 Πά-

361 547 465 604 cst,
495 536 559 591 In
585 538 698 606 ipso
723 536 861 589 enim
885 535 1104 589 vivimus
1123 575 1136 598 ,
1173 547 1220 588 et
1248 551 1514 587 movemur
1545 544 1594 587 et
1621 552 1800 588 sumus
1849 533 1932 584 υἷ’

366 626 507 681 Sane
543 628 643 682 hoc
676 627 784 681 illis
823 626 1016 680 merito
1057 641 1154 694 pro
1183 641 1280 679 sua
1316 626 1670 694 perversitate
1714 627 1927 688 accidit,

367 729 426 773 ut
459 719 629 772 Deum
667 732 867 787 corpus
915 732 1036 772 esse
1084 718 1438 783 existiment,
1496 733 1595 771 nec
1634 719 1936 786 intelligant

364 811 488 880 quid
509 811 618 864 sint
635 825 793 863 verus
819 807 980 862 Pater
1013 817 1067 863 et
1104 825 1266 863 verus
1301 809 1491 874 Filius,
1519 811 1649 880 quid
1675 811 1766 864 lux
1797 811 1937 864 invi--

365 901 541 955 sibilis
569 908 623 955 et
652 909 876 964 azterna,
910 901 1138 970 ejusque
1184 901 1471 955 invisibilis
1508 901 1782 971 splendor,
1806 903 1937 970 quid

364 993 658 1048 invisibilis
705 992 831 1045 item
876 991 1180 1045 substantia
1213 1031 1226 1055 ,
1264 991 1395 1060 quid
1446 992 1618 1062 ﬁgura
1653 1001 1707 1046 et
1757 992 1937 1060 imago

366 1099 474 1136 non
522 1098 784 1152 corporea
840 1082 930 1135 ³δῖ
967 1081 1213 1152 Namque
1263 1084 1309 1138 si
1360 1092 1791 1152 cognoscerent,
1828 1098 1937 1137 non

366 1175 610 1245 profecto
659 1184 770 1229 tam
819 1171 986 1245 impie
1033 1174 1324 1229 Dominum
1357 1175 1540 1244 gloria:
1591 1175 1936 1240 deriderent,

369 1283 544 1336 neque
579 1281 687 1331 res,
732 1281 854 1336 quae
882 1281 1156 1336 corporeae
1198 1281 1306 1321 non
1351 1275 1498 1332 sunt,
1530 1275 1789 1336 tanquam
1819 1283 1939 1321 cor-

367 1374 564 1427 poreas
617 1359 943 1428 cogitantes,
985 1373 1046 1412 ea
1083 1374 1204 1428 quae
1258 1367 1406 1414 recte
1455 1360 1597 1414 dicta
1651 1371 1780 1414 sunt
1837 1361 1939 1430 ipsi

371 1464 534 1520 prave
580 1449 1091 1519 interpretarentur.
1145 1449 1252 1502 Par
1281 1457 1399 1503 erat
1434 1450 1625 1519 utique
1674 1450 1797 1504 illos
1851 1451 1938 1504 his

368 1542 454 1595 vel
493 1541 667 1596 solum
719 1539 940 1602 auditis,
993 1548 1183 1609 utpote
1212 1540 1416 1595 Christi
1445 1541 1646 1607 verbis,
1695 1542 1937 1604 credere,

369 1646 494 1686 cum
525 1629 752 1699 simplex
782 1629 912 1684 ﬁdes
943 1630 1161 1684 curiosa
1209 1629 1520 1698 eloquentia
1558 1631 1629 1684 sit
1676 1639 1940 1700 praestan-

2041 541 2223 594 σχοῦσι
2245 524 2299 576 δὲ
2327 522 2481 576 τοῦτο
2507 521 2810 584 ἀκολούθως
2830 524 2895 591 τῇ
2918 520 3173 590 κακονοίᾳ
3194 518 3420 583 ἑαυτῶν,
3448 517 3610 587 σῶμα

2040 615 2348 686 νομίζοντες
2375 611 2511 668 εἶναι
2546 613 2635 667 τὸν
2679 613 2830 674 Θεὸν,
2864 613 2957 664 καὶ
2992 611 3065 682 μὴ
3097 610 3344 672 νοοῦντες
3379 611 3517 682 μήτε
3557 609 3610 662 τί

2040 709 2184 760 ἐστιν
2218 706 2326 777 (60)
2359 704 2609 776 ἀληθινὸς
2636 705 2844 776 Πατὴρ,
2876 705 2968 756 καὶ
3008 703 3256 774 ἀληθινὸς
3281 702 3430 765 Υἱὸς,
3473 701 3609 770 μήτε

2039 800 2091 851 τί
2143 802 2256 852 ἐστι
2309 799 2423 867 φῶς
2473 798 2722 870 ἀόρατον,
2768 797 2862 849 καὶ
2903 796 3098 859 ἀΐδιον,
3133 794 3226 847 καὶ
3268 793 3611 862 ἀπαύγασμα

2043 889 2204 942 αὑτοῦ
2246 888 2494 962 ἀόρατον,
2543 889 2679 958 μήτε
2707 887 2759 939 τί
2793 888 2939 939 ἐστιν
2980 887 3207 957 ἀόρατος
3233 885 3344 955 (61)
3375 884 3614 938 ὑπόστα-

2045 997 2156 1042 σις,
2196 980 2291 1032 καὶ
2323 979 2606 1050 χαρακτὴρ
2636 978 2942 1049 ἀσώματος,
2973 981 3068 1032 καὶ
3107 977 3269 1032 εἰκὼν
3299 976 3612 1049 ἀσώματος.

2043 1071 2105 1122 El
2133 1069 2240 1141 γὰρ
2273 1070 2586 1138 ἐγίνωσκον,
2613 1070 2711 1123 οὐκ
2738 1069 2803 1122 ἂν
2822 1069 2913 1122 τὸν
2934 1069 3135 1140 Κύριον
3159 1069 3258 1139 τῆς
3286 1067 3441 1138 δόξης
3474 1066 3617 1139 μετά

2043 1160 2277 1228 γέλωτος
2306 1160 2505 1230 ὲδυσφή
2517 1177 2669 1231 μουν,
2703 1159 2825 1213 οὒτε
2854 1159 2964 1231 (62)
2993 1159 3063 1212 τὰ
3090 1159 3352 1229 ἀσώματα
3378 1175 3618 1228 σωματι-

2045 1253 2156 1317 κῶς
2200 1252 2659 1324 ἐκλαμϐάνοντες,
2709 1253 2776 1307 τὰ
2829 1252 3009 1316 καλῶς
3059 1252 3323 1323 λεγόμενα
3372 1252 3617 1321 παρεξη-

2044 1345 2256 1414 γοῦντο.
2293 1347 2485 1416 Ἤρκει
2538 1347 2633 1416 μὲν
2679 1340 2770 1398 οὖν
2815 1347 2909 1398 καὶ
2962 1345 3118 1416 μόνον
3169 1343 3463 1405 ἀκούοντας
3503 1341 3616 1412 (65)

2045 1437 2238 1501 ταῦτα,
2272 1435 2522 1506 λέγοντος
2565 1436 2657 1490 τοῦ
2699 1437 2924 1510 Κυρίου,
2970 1435 3276 1490 πιστεύειν’
3309 1435 3430 1488 ἐπεὶ
3458 1434 3554 1510 καὶ
3582 1435 3617 1503 ἡ

2045 1530 2143 1598 τῆς
2171 1505 2469 1596 ἁπλότητος
2493 1527 2672 1591 πίστις
2702 1505 2924 1597 βελτίων
2946 1527 3062 1579 ἐστὶ
3092 1526 3190 1597 τῆς
3210 1529 3274 1578 ὲκ
3299 1505 3621 1597 περιεργίας

2048 1618 2441 1687 πιθανολογίας·
2471 1618 2657 1689 ἐπειδὴ
2691 1618 2748 1672 δὲ
2790 1618 2884 1672 καὶ
2921 1617 3077 1671 τοῦτο
3107 1616 3366 1688 βεὸηλοῦν
3403 1615 3622 1686 ἐπεχεί-

371 1719 496 1773 tior.
533 1717 733 1774 Verum
767 1718 1026 1788 quoniam
1078 1719 1179 1772 hoc
1208 1734 1428 1789 quoque
1475 1719 1772 1790 Scriptura:
1819 1721 1941 1777 loco

2056 1727 2220 1783 ρησαν
2265 1710 2399 1781 πρὸς
2445 1710 2543 1780 τὴν
2593 1709 2726 1763 ἰδίαν
2771 1711 2999 1781 αἵρεσιν,
3044 1710 3336 1777 ἀναγκαῖον
3377 1707 3475 1779 τὴν
3521 1707 3622 1778 μὲν

371 1814 438 1865 ad
465 1826 621 1867 suam
653 1810 1081 1866 conﬁrmandam
1113 1812 1359 1866 haresim
1385 1812 1610 1881 profana
1628 1814 1944 1869 "temeritate

371 1905 520 1959 abuti
551 1912 855 1970 conantur;
911 1904 1280 1958 necessarium
1332 1904 1589 1960 duximus
1622 1915 1675 1960 et
1721 1906 1940 1961 illorum

372 1997 698 2052 convincere
743 1995 1184 2066 improbitatem,
1231 2004 1286 2051 et
1314 2012 1435 2066 quae
1477 2013 1604 2052 vera
1659 1999 1729 2054 sit
1779 1998 1944 2068 hujus

372 2086 476 2140 loci
508 2087 905 2155 interpretatio,
945 2087 1012 2139 ad
1054 2086 1292 2140 ﬁdelium
1336 2088 1682 2142 securitatem
1738 2088 1944 2160 patefa-

370 2192 512 2231 cere.
549 2175 667 2232 Non
717 2179 893 2244 enim,
930 2186 992 2231 ut
1020 2176 1094 2231 illi
1129 2177 1442 2248 opinantur,
1473 2179 1560 2233 his
1590 2178 1792 2246 verbis,
1832 2182 1943 2251 Ego

369 2269 426 2323 in
463 2267 624 2323 Patre
654 2277 704 2323 et
745 2267 910 2323 Pater
937 2269 994 2322 in
1034 2285 1112 2322 me
1137 2277 1235 2334 est,
1268 2269 1606 2340 signiﬁcatur
1635 2285 1731 2326 eos
1780 2270 1837 2324 in
1885 2285 1945 2325 se

371 2363 604 2419 invicem
655 2363 895 2428 immitti,
951 2377 1201 2435 seseque,
1258 2364 1424 2419 veluti
1473 2378 1647 2418 vacua
1694 2363 1944 2433 quaedam

371 2467 523 2522 vasa,
555 2454 784 2510 invicem
834 2453 1078 2524 implere,
1116 2455 1189 2509 ita
1223 2462 1286 2510 ut
1329 2453 1493 2510 Pater
1520 2454 1671 2519 Filii,
1695 2463 1749 2509 et
1771 2453 1945 2511 Filius

371 2543 550 2599 Patris
573 2545 904 2599 vacuitatem
937 2545 1163 2614 repleat,
1215 2553 1514 2614 neuterque
1565 2545 1783 2600 illorum
1832 2546 1946 2616 ple-

373 2651 479 2691 nus
507 2643 560 2690 et
591 2635 866 2706 perfectus
882 2635 972 2692 sit.
1002 2637 1284 2707 Siquidem
1319 2637 1373 2692 id
1399 2638 1678 2707 proprium
1710 2647 1794 2694 est
1822 2654 1946 2693 cor-

372 2741 565 2795 porum
597 2767 612 2792 ,
661 2743 763 2782 nec
800 2729 1010 2798 absque
1067 2745 1280 2784 summa
1316 2728 1598 2800 impietate
1652 2731 1739 2785 vel
1779 2732 1942 2786 etiam

371 2817 479 2872 dici
512 2827 696 2886 queat.
733 2813 933 2874 Plenus
977 2821 1123 2875 enim
1156 2829 1211 2875 et
1249 2820 1522 2891 perfectus
1559 2831 1641 2876 est
1673 2821 1851 2889 Pater,
1893 2833 1946 2878 et

371 2908 490 2979 ipse
523 2908 695 2966 Filius
729 2911 1008 2980 plenitudo
1038 2921 1121 2967 est
1169 2913 1366 2969 Patris.
1401 2912 1514 2969 Nec
1562 2929 1694 2970 vero
1752 2915 1946 2969 eodem

375 3002 542 3058 modo
572 3020 680 3074 quo
711 3003 856 3060 Deus
889 3013 974 3060 est
1020 3006 1073 3060 in
1106 3007 1311 3062 sanctis
1351 3016 1411 3062 ut
1460 3023 1557 3063 eos
1606 3010 1942 3078 corroboret,

375 3095 450 3150 ita
484 3106 568 3151 est
594 3105 642 3150 et
676 3097 730 3149 in
773 3095 933 3149 Filio.
973 3096 1091 3166 lpse
1137 3100 1282 3152 enim
1315 3099 1493 3168 virtus
1521 3107 1608 3155 est
1633 3101 1745 3155 sive
1779 3102 1945 3156 robur

373 3196 428 3240 et
483 3186 746 3255 sapientia
803 3187 1018 3243 Patris:
1084 3191 1314 3261 ejusque
1363 3193 1749 3246 communione
1781 3234 1795 3256 ,
1851 3209 1943 3250 res

373 3276 533 3332 facta:
574 3278 628 3332 in
667 3277 871 3348 Spiritu
921 3282 1377 3337 sanctiﬁcantur:
1415 3284 1529 3353 ipse
1562 3293 1742 3338 autem
1773 3283 1946 3341 Filius

373 3377 482 3416 non
523 3363 757 3434 alicujus
786 3369 1174 3424 communione
1229 3371 1373 3425 ﬁlius
1422 3380 1526 3436 est,
1558 3373 1648 3427 sed
1691 3374 1946 3444 proprius

373 3463 457 3508 est
484 3453 665 3510 Patris
700 3454 862 3512 fetus.
903 3455 1013 3513 Nec
1056 3461 1184 3514 item
1229 3460 1398 3517 Filius
1426 3471 1508 3518 est
1541 3464 1594 3516 in
1646 3463 1806 3519 Patre
1854 3479 1947 3519 ea-

375 3545 498 3599 dem
534 3547 746 3601 ratione
774 3563 938 3617 quam
981 3550 1227 3605 indicant
1257 3553 1372 3608 haec
1400 3554 1585 3622 verba,
1617 3554 1684 3609 In
1718 3557 1834 3626 ipso
1868 3558 1947 3610 vi-

376 3635 566 3700 vimus,
608 3646 658 3690 et
715 3654 997 3704 movemur,
1045 3650 1095 3693 et
1127 3658 1330 3698 sumus.
1362 3643 1496 3699 Nam
1547 3647 1662 3716 ipse
1693 3662 1758 3702 ex
1787 3647 1949 3703 Patre

375 3725 594 3781 exsistit
624 3735 880 3797 tanquam
915 3745 982 3784 ex
1019 3729 1167 3786 fonte
1195 3734 1327 3798 vita,
1375 3735 1430 3788 in
1469 3750 1577 3805 qua
1602 3737 1784 3791 omnia
1815 3754 1938 3792 cum

377 3818 546 3872 vitam
575 3817 848 3896 accipiunt
875 3827 990 3873 tum
1029 3821 1357 3878 consistunt.
1399 3820 1517 3877 Non
1563 3826 1706 3878 enim
1741 3825 1851 3879 vita
1883 3826 1938 3879 in

2047 1802 2268 1855 ἐκείνων
2321 1802 2607 1856 κακόνοιαν
2659 1801 2960 1869 διελέγξαι,
2991 1801 3088 1872 τὴν
3119 1800 3177 1854 δὲ
3226 1801 3322 1871 τῆς
3365 1799 3624 1869 ἀληθείας

2045 1895 2277 1950 διάνοιαν
2305 1896 2472 1962 δεῖξαι
2517 1896 2680 1950 ἕνεκά
2709 1912 2772 1964 γε
2805 1896 2904 1965 τῆς
2929 1894 3037 1948 τῶν
3067 1893 3272 1948 πιστῶν
3300 1891 3621 1962 ἀσφαλείας.

2045 1989 2120 2041 Οὐ
2149 1988 2278 2060 γὰρ,
2313 1988 2388 2052 ὡς
2418 1989 2614 2041 ἐκεῖνοι
2643 1986 2973 2058 νομίζουσιν,
2998 1985 3514 2058 ἀντεμϐιϐαζόμενοι
3541 1987 3624 2047 είς

2044 2080 2305 2150 ἀλλήλους
2347 2081 2503 2144 εἰσὶν,
2536 2081 2593 2132 ὲν
2623 2080 2700 2150 τῷ
2727 2078 2998 2147 λέγεσθαι,
3040 2079 3180 2150 Ἐγὼ
3200 2079 3271 2132 ἐν
3304 2076 3383 2142 τῷ
3413 2078 3623 2144 Πατρὶ,

2045 2170 2145 2224 καὶ
2177 2175 2210 2225 ό
2254 2170 2455 2240 Πατὴρ
2482 2171 2552 2223 ἐν
2581 2171 2732 2241 ἐμοὶ,
2769 2169 2957 2241 ὥσπερ
2992 2172 3050 2223 ὲν
3089 2170 3331 2239 ἀγγείοις
3359 2169 3534 2230 κενοῖς
3563 2167 3625 2233 ἐξ

2044 2260 2287 2330 ἀλλήλων
2329 2261 2692 2333 πληρούμενοι
2725 2260 2854 2332 (64)·
2888 2260 3027 2314 ὥστε
3068 2260 3162 2314 τὸν
3199 2262 3294 2331 μὲν
3324 2261 3452 2313 Υἱδν
3481 2259 3626 2330 πλη-

2048 2354 2174 2426 ροῦν
2215 2355 2276 2408 τὸ
2305 2354 2460 2408 κενὸν
2487 2352 2582 2405 τοῦ
2627 2351 2861 2424 Πατρδς,
2898 2351 2990 2405 τὸν
3027 2351 3085 2404 δὲ
3135 2350 3355 2420 Πατέρα
3383 2347 3630 2420 πληροῦν

2043 2448 2105 2500 τὸ
2147 2446 2304 2500 κενὸν
2345 2444 2440 2499 τοῦ
2484 2443 2648 2511 Υίοῦ,
2698 2443 2792 2497 καὶ
2830 2442 3086 2514 ἑκάτερον
3131 2441 3308 2496 αὐτῶν
3359 2441 3433 2512 μὴ
3481 2436 3632 2493 εἶναι

2047 2540 2226 2611 πλήρη
2265 2540 2362 2593 καὶ
2387 2537 2611 2590 τέλειον·
2645 2535 2910 2608 σωμάτων
2951 2535 3048 2606 μὲν
3077 2533 3206 2588 ῐδιον
3233 2533 3392 2588 τοῦτό
3420 2550 3504 2601 γε’
3543 2533 3633 2586 διὸ

2046 2635 2140 2687 καὶ
2183 2633 2244 2685 τὸ
2300 2631 2456 2703 μόνον
2504 2631 2679 2683 εἰπεῖν
2729 2627 2884 2683 τοῦτο
2927 2627 3090 2683 πλέον
3141 2626 3288 2680 ἐστὶν
3335 2625 3592 2690 ἀσεϐείας
3612 2642 3628 2656 ο

2049 2722 2262 2793 πλήρης
2291 2720 2400 2792 γάρ
2424 2720 2520 2774 καὶ
2537 2718 2740 2784 τέλειός
2762 2719 2908 2771 ἐστιν
2932 2720 2962 2772 ό
2989 2717 3199 2789 Πατὴρ,
3229 2717 3323 2770 καὶ
3349 2715 3633 2787 πλήρωμα

2048 2813 2300 2885 Θεότητός
2333 2815 2480 2865 ἐστιν
2511 2815 2538 2866 ὁ
2568 2811 2716 2874 Υίός.
2750 2811 2871 2865 Οὐδ’
2901 2805 2968 2864 αὖ
2999 2809 3180 2874 πάλιν,
3212 2809 3401 2880 ὥσπερ
3428 2810 3486 2862 ἐν
3511 2812 3633 2873 τοῖς

2046 2905 2219 2975 ἁγίοις
2249 2904 2531 2975 γινόμενος
2562 2905 2591 2956 ό
2613 2903 2774 2970 θεὸς,
2810 2902 3098 2972 ὲνδυναμοῖ
3122 2899 3232 2971 (65)
3278 2902 3494 2964 αὐτοὺς,
3526 2900 3632 2954 οῦ-

2047 3019 2155 3066 τως
2183 3002 2298 3055 ἐστὶ
2328 3001 2418 3053 καὶ
2450 3002 2507 3051 ὲν
2533 2998 2610 3069 τῷ
2640 2997 2772 3068 Υίῷο
2809 2996 2970 3059 αὐτὸς
3008 2996 3116 3066 γάρ
3144 2995 3289 3046 ἐστιν
3322 2995 3355 3065 ἡ
3385 2992 3479 3045 τοῦ
3507 2993 3634 3044 Πα-

2045 3093 2172 3165 τρὺς
2199 3092 2426 3163 δύναμις
2459 3091 2553 3145 καὶ
2598 3089 2776 3159 σοφία·
2814 3089 2905 3142 καὶ
2932 3088 3000 3142 τὰ
3047 3089 3145 3159 μὲν
3187 3085 3391 3156 γενητά
3425 3089 3634 3156 μετοχῇ

2045 3184 2234 3237 τούτου
2280 3185 2338 3235 ὲν
2378 3181 2656 3253 Πνεύματι
2703 3180 3006 3250 ἀγιάζεται’
3041 3180 3204 3243 αὐτὸς
3245 3179 3301 3232 δὲ
3343 3181 3372 3232 ὁ
3407 3178 3532 3241 Υἱὸς
3565 3179 3632 3231 οὐ

2051 3275 2308 3347 μετουσίᾳ
2336 3275 2450 3337 υίός
2477 3275 2643 3340 ἐστιν,
2677 3273 2812 3327 ἀλλά
2841 3273 3088 3344 γέννημα
3123 3270 3464 3343 τοῦ-Πατρὸς
3495 3270 3634 3322 ίδιόν

2047 3369 2215 3419 ἐστιν.
2243 3366 2357 3418 Οὐκ
2389 3365 2502 3419 ἐστι
2528 3366 2583 3418 δὲ
2627 3366 2786 3419 πάλιν
2813 3364 2986 3428 οὕτως
3013 3367 3040 3417 ό
3067 3364 3195 3428 Υἱὸς
3227 3366 3285 3419 ὲν
3321 3364 3398 3434 τῷ
3426 3364 3631 3434 Πατρὶ,

2047 3459 2122 3520 ὼς
2143 3458 2223 3522 τὺ,
2241 3458 2343 3512 Ἐν
2373 3456 2532 3523 αὐτῷ
2561 3457 2765 3527 ζῶμεν,
2799 3457 2909 3511 καὶ.
2925 3457 3263 3526 κινούμεθα,
3292 3457 3390 3508 καί
3416 3456 3632 3526 ἐσμεν·

2053 3551 2214 3614 αὐτὸς
2243 3549 2351 3622 γάρ
2378 3550 2453 3614 ὡς
2485 3553 2550 3604 ὲκ
2578 3550 2762 3622 πηγῆς
2793 3548 2886 3602 τοῦ
2914 3550 3128 3620 Πατρός
3165 3551 3310 3602 ἐστιν
3337 3551 3370 3620 ἡ
3401 3549 3535 3620 ζωὴ,
3574 3552 3635 3601 ὲν

2053 3638 2088 3716 ᾖ
2118 3643 2186 3695 τὰ
2217 3643 2392 3697 πάντα
2435 3641 2778 3712 ζωογονεῖταί
2821 3650 2880 3695 τε
2912 3643 3006 3696 καὶ
3041 3643 3366 3713 συνέστηκεν
3400 3639 3533 3711 (66)·
3570 3641 3635 3711 οὐ

2053 3735 2161 3807 γὰρ
2190 3738 2223 3807 ἡ
2256 3735 2367 3808 ζωὴ
2399 3739 2455 3788 ὲν
2498 3736 2609 3805 ζωῇ
2654 3734 2740 3806 ζῇν
2785 3735 2908 3786 ἐπεὶ
2951 3734 3054 3787 οὐκ
3099 3733 3164 3787 ἂν
3207 3731 3291 3803 εἴη
3335 3732 3469 3802 ζωή·
3513 3731 3634 3784 ἀλλ’

2053 3828 2213 3891 αὐτὸς
2247 3828 2443 3899 μᾶλλον
2469 3828 2723 3898 ζωογονεί
2744 3825 2814 3879 τά
2839 3825 3035 3880 πάντα.

376 3911 486 3964 vita
537 3909 686 3977 vivit,
723 3910 962 3981 alioquin
1006 3913 1115 3968 vita
1144 3929 1253 3969 non
1282 3924 1424 3971 esset
1462 3934 1477 3972 :
1507 3918 1599 3972 sed
1631 3921 1810 3987 potius
1842 3922 2010 3975 vitam
2040 3922 2156 3991 ipse
2187 3922 2440 3976 omnibus
2468 3922 2721 3991 impertit.

447 4005 503 4058 2.
534 4003 654 4060 Jam
703 4023 830 4061 vero
877 4009 1116 4077 argutias
1145 4025 1362 4080 quoque
1408 4014 1604 4068 Asterii
1665 4017 1943 4086 sophistae,

380 4095 606 4151 haeresis
636 4098 876 4167 patroni,
907 4100 952 4154 si
988 4099 1185 4169 placet,
1233 4102 1606 4172 dispiciamus.
1656 4103 1756 4161 Hic
1797 4109 1942 4161 enim

379 4184 598 4241 Judaaos
655 4189 988 4256 aemulatus,
1048 4205 1111 4245 ea
1163 4207 1285 4260 qua:
1341 4203 1644 4264 sequuntur
1701 4197 1941 4264 scripsit.

385 4295 403 4328 ι
444 4275 796 4347 Perspicuum
825 4279 969 4333 enim
1015 4288 1114 4342 est,
1168 4281 1364 4351 inquit,
1401 4283 1552 4337 illum
1608 4285 1809 4342 idcirco
1859 4289 1942 4342 di-

449 4389 496 4421 ”
519 4389 640 4443 Act.
666 4405 801 4456 xvu,
853 4391 945 4446 28.
1054 4393 1100 4424 ⁸⁸
1127 4392 1292 4448 Hebr.
1348 4411 1388 4460 ι,
1422 4397 1476 4450 3.

2126 4019 2181 4071 2.
2213 4017 2441 4088 ’Ἰδωμεν
2479 4017 2535 4070 δὲ
2568 4017 2661 4070 καὶ
2685 4014 2752 4069 τά
2791 4016 2884 4068 τοῦ
2921 4015 3216 4086 συνηγόρου
3243 4012 3339 4082 τῆς
3366 4009 3636 4082 αἱρέσεως

2063 4109 2339 4179 ’Λστερίου
2369 4109 2461 4161 τοῦ
2492 4108 2764 4178 σοφιστοῦ·
2792 4109 3034 4179 γέγραφε
3063 4108 3169 4178 γάρ
3201 4107 3291 4158 καὶ
3333 4105 3514 4168 αὐτὸς,
3551 4107 3635 4168 είς

2051 4201 2208 4254 τοῦτο
2249 4201 2496 4272 ζηλώσας
2544 4203 2669 4265 τοὺς
2723 4200 3027 4263 Ἰουδαίους,
3076 4198 3279 4251 ταῦτα·
3333 4216 3352 4248 ι
3393 4196 3635 4268 Εὔδηλον

2053 4296 2192 4364 γὰρ,
2241 4294 2321 4347 ὅτι
2353 4294 2440 4348 διὰ
2484 4293 2639 4347 τοῦτο
2685 4293 2902 4364 εἴρηκεν
2949 4291 3138 4344 ἑαυτὸν
3186 4291 3283 4360 μὲν
3315 4288 3424 4361 (67)
3461 4292 3519 4341 ὲν
3553 4289 3637 4359 τῷ

453 4484 910 4568 (§9i§icuﬁegi_us
932 4489 1160 4568 primus,
1189 4489 1504 4568 Seguerian.
1529 4491 1688 4568 _Gol_)l.
1727 4502 1782 4549 et
1805 4495 1943 4568 Felc.

2058 4511 2111 4556 et
2142 4499 2288 4555 Felc.
2335 4501 2386 4566 1,
2413 4501 2720 4566 ἀκούοντες.
2773 4498 2963 4555 Caeteri
2994 4507 3049 4554 et
3092 4497 3244 4561 editi,
3269 4495 3632 4568 ἀκούσαντας.

383 4555 436 4612 1.
466 4555 541 4610 Αι
562 4555 876 4641 iSasiiienSis
903 4555 1290 4641 e—t‘Anglican."
1314 4563 1450 4641 μήτε
1487 4563 1571 4626 τίς
1622 4564 1788 4620 ἐστιν.

2056 4555 2214 4628 Paulo
2243 4555 2386 4640 post;
2428 4573 2562 4641 Reg.
2590 4555 2595 4556 ί
2623 4575 2646 4626 1
2680 4555 2738 4625 et
2775 4571 2998 4640 Seguer.
3049 4569 3112 4620 ὲκ
3146 4555 3484 4639 περιεργίας.
3526 4555 3637 4620 Alii

273 4639 281 4660 '
383 4641 514 4700 vero
539 4635 593 4681 et
617 4626 768 4700 editi,
791 4630 884 4682 καὶ
915 4630 1003 4700 μὴμ
1019 4626 1264 4696 νοοῦντες
1300 4626 1387 4696 τίς
1428 4634 1594 4695 ἐστιν,
1644 4643 1748 4688 etc.
1807 4636 1941 4691 Ibid.

383 4694 585 4774 Ptegius
613 4698 822 4774 primus
867 4694 927 4774 et:
976 4694 1297 4774 'Seguerian.
1344 4694 1506 4774 “per;
1546 4694 1760 4774 etiam
1807 4706 1945 4774 φῶς.

381 4766 656 4846 Catteri_et
676 4767 828 4846 editi,
857 4769 992 4846 μήτε
1019 4766 1102 4846 τίς
1142 4772 1258 4825 ἐστι
1293 4766 1441 4846 ιρῶςξ
1460 4771 1582 4827 Mox
1607 4766 1950 4846 Regius'pri.

383 4852 527 4910 mus,
582 4836 1233 4910 Segueriaii.'Angiican.
1297 4836 1515 4898 Gobler.
1583 4839 1637 4896 e't
1687 4836 1852 4900 Fech
1899 4847 1951 4909 1,

379 4905 548 4960 ἀιδιον
595 4905 690 4959 καὶ
717 4905 1076 4980 ἀπαύγασμσῖ.
1121 4912 1297 4968 Editio
1321 4913 1585 4968 Commel.
1619 4913 1748 4968 ἴδιον
1785 4905 1957 4968 ἀπαύὲ

382 4991 592 5042 γασμα.

457 4993 855 5120 fm'SicReg.
884 5049 936 5112 1,
974 5047 1290 5120 Seguerian.
1346 5051 1654 5108 Goblerian.
1712 5062 1766 5107 et
1806 5054 1952 5108 Felc.

387 5114 439 5180 1,
461 5123 585 5170 utet
605 5117 732 5185 legit
751 5114 1016 5174 Nannius.
1043 5114 1112 5172 Ᾰι
1133 5121 1225 5174 alii
1247 5131 1300 5174 et
1315 5123 1482 5176 editio
1508 5121 1772 5178 Commel.
1806 5124 1952 5178 ἀσώ-

384 5185 716 5306 ἕατοςῶοι
750 5186 949 5270 Reg._i
995 5199 1051 5243 et
1076 5189 1393 5274 seguerian.
1447 5190 1611 5245 εἰκὼν
1641 5194 1949 5262 ἀσώματος.

429 5255 603 5306 ίγάο.
651 5265 756 5306 etc.
808 5257 970 5306 Etim-
1021 5261 1180 5306 εὶκων
1212 5260 1401 5306 αὐτῆς-
1459 5262 1518 5306 Ei
1547 5261 1674 5306 γὰο-
1712 5272 1813 5306 etne
1845 5264 1949 5306 Cn-

429 5255 603 5334 ίγάρ,
651 5265 756 5311 etc.
807 5255 1401 5334 Editi,_eixcbv_a0'rﬁc.
1459 5262 1519 5334 Et
1547 5261 1675 5334 γάρ,
1712 5255 1816 5334 etc.
1845 5255 1954 5318 Go-

384 5324 613 5403 l_)_i_eria_'n.
679 5341 808 5382 vero
834 5339 907 5394 ,οι
971 5327 1116 5384 Felc.
1178 5332 1231 5396 1,
1291 5324 1574 5402 χαρακτὴρ
1624 5324 1944 5403 ἀσώματος.

457 5413 818 5539 (ἔῶέοῐζοείυδ
870 5469 1099 5539 primus,
1149 5469 1469 5539 Segueriau.
1523 5470 1831 5529 Goblerian.
1893 5483 1949 5531 et

383 5532 528 5614 Feic.
547 5532 611 5598 ’1,
638 5532 795 5614 δόξης
822 5532 957 5614 μέτά
989 5532 1608 5614 γέλοηοξὲδυσςρήμουν,
1633 5541 1773 5597 οὔτε.
1807 5544 1950 5600 Editi

383 5604 587 5683 aliique
600 5604 803 5683 Lassi};
821 5604 965 5683 οὕτω
990 5604 1126 5683 μετά
1147 5604 1604 5683 γέλωτοςίὲδυσφή
1613 5629 1742 5683 μουν
1762 5655 1776 5678 ,
1806 5615 1946 5670 οὐδέ.

454 5673 571 5746 (65)
597 5673 731 5750 Reg.
762 5673 790 5730 1
828 5689 881 5732 et
909 5673 1219 5747 Segueria'n.
1273 5673 1949 5747 dxodovraéfﬂoblerian.

2048 4652 2102 4699 et
2123 4641 2289 4712 editiL
2307 4641 2806 4712 ὲκ-περιεργασίας.

2123 4710 2233 4781 (6.4)
2259 4710 2350 4764 Sic
2379 4705 2519 4781 Reg.
2542 4705 2578 4781 4:
2602 4705 2664 4764 et
2697 4708 3016 4781 Se'guerian.
3043 4707 3110 4781 At
3135 4707 3334 4781 editi_et
3357 4706 3470 4781 alii,
3499 4705 3643 4781 1:11;:

2024 4775 2358 4904 ορρυμένοις.
2404 4775 2524 4834 Μόιι
2554 4780 2686 4850 Reg.
2718 4781 2743 4833 1
2774 4775 2849 4858 wet
2881 4778 3198 4862 Seguerian.
3239 4775 3299 4828 τὸ
3336 4775 3490 4830 κενὸν
3536 4777 3638 4830 τοῦ

2106 4849 2270 4904 ατρὸς
2297 4890 2310 4903 .
2348 4892 2359 4904 .
2395 4852 2492 4903 .τὸ
2515 4850 2670 4903 κενὸν
2729 4867 2822 4903 του
2859 4849 3010 4902 Υιου.
3058 4845 3188 4904 Reg.
3244 4846 3298 4904 2,
3356 4845 3419 4898 τὸ
3471 4847 3638 4900 κενὸν

2057 4845 2270 4921 Πατρδς
2297 4890 2310 4903 .
2348 4892 2359 4904 .
2395 4852 2492 4903 .τὸ
2515 4845 2670 4903 κενὸν
2729 4849 2822 4903 τοῦ
2859 4847 3010 4902 Υἱοῦ.
3058 4845 3188 4912 Reg.
3244 4846 3298 4908 2,
3356 4845 3419 4898 τὸ
3471 4847 3638 4900 κενὸν

2057 4919 2152 4995 τοῦ
2208 4921 2526 4995 ρατρὸςμᾋ
2559 4962 2572 4974 .
2607 4921 2669 4995 τρ
2721 4915 3266 4995 κοῖλον-τοῦΛΥίοῦ..
3483 4931 3640 4981 vero,

2057 4990 2119 5042 τὸ
2148 4984 2341 5062 uolitet!
2355 4984 2449 5062 τοῦ
2480 4991 2696 5062 Πατρὸς
2734 5032 2744 5043 .
2783 5030 2796 5042 .
2838 4989 2944 5062 .-τὸ
2972 4986 3151 5062 κοῖλον
3178 4984 3266 5062 τοῦ
3300 4984 3453 5038 Υἰοῦ.

2135 5059 2245 5123 (65)
2273 5059 2366 5114 Sic
2397 5061 2527 5130 Reg.
2560 5053 2616 5122 1ξ
2658 5058 2978 5130 Seguerian.
3006 5056 3318 5130 Goblerian.
3372 5064 3427 5108 et
3485 5053 3638 5110 Feic.

2057 5130 2110 5182 1.
2140 5130 2243 5182 Alii
2269 5141 2446 5184 autem
2472 5125 2526 5184 ἐι
2545 5132 2711 5185 editio
2736 5125 2999 5184 Commel.
3048 5125 3394 5195 ὲνεδυνάμου.

2130 5201 2241 5269 (66)
2262 5199 2351 5270 Sic
2387 5202 2518 5270 Reg.
2559 5201 2599 5270 1
2628 5208 2683 5255 et
2709 5198 3027 5270 seguerian.
3059 5197 3126 5249 At
3154 5195 3244 5270 alii
3270 5205 3324 5248 et
3351 5195 3499 5270 editi,
3519 5196 3643 5248 tm

2060 5263 2194 5340 ζωὴ,
2225 5263 2289 5322 ’ἐν
2316 5263 2360 5337 ᾧ
2417 5263 2493 5324 τὸῖ
2534 5269 2709 5324 πάντα
2758 5263 3105 5340 ζωογονεῖται
3140 5266 3234 5340 καὶ
3285 5265 3641 5340 συνέστηκεν.

2055 5334 2194 5462 ἒὶεέ.
2243 5341 2278 5393 2
2333 5334 2514 5395 tamen
2585 5340 2748 5394 habet
2819 5334 3163 5406 ζωογονεῖταί
3228 5352 3288 5387 τε
3363 5334 3455 5387 καὶ
3508 5350 3644 5387 συν-

2087 5427 2300 5462 στηκεν.

2087 5427 2300 5463 στηκεν.

2384 5479 2596 5554 Regius
2620 5479 2835 5554 primus
2858 5474 3401 5554 et_Segueria‘n.__i_\t
3454 5473 3546 5527 alii
3585 5482 3652 5529 et

2061 5545 2227 5620 editi,
2246 5549 2332 5602 διὰ
2360 5545 2519 5603 τοῦτο
2545 5545 2755 5620 εἴρηκε⁸
2784 5545 3134 5620 μὲν-ἑαυτόν.
3181 5545 3472 5620 Basilicus.
3513 5559 3654 5620 mox

2063 5618 2226 5688 πάλιν
2251 5620 2468 5674 omittit.
2497 5613 2698 5674 Ibidem
2727 5613 2859 5688 Reg.
2889 5618 2940 5681 1,
2973 5613 3649 5688 δεςυειείοιιηίὶοὺιςςὶοιι.

2060 5697 2114 5743 et
2144 5687 2286 5743 Felc.
2314 5689 2366 5756 1,
2398 5692 2532 5757 μήτε
2553 5691 2644 5743 τὸν
2683 5683 2860 5757 λόγον.
2913 5688 3017 5743 Alii
3051 5683 3133 5741 ἐι
3183 5685 3332 5748 editi,
3386 5683 3524 5749 μηδὲ
3549 5683 3655 5739 τὰν
