3840 6220
241 227 347 284 525

1265 222 1524 278 ORATIO
1563 223 1625 278 Ill
1664 222 1949 279 CONTRA
1981 225 2299 281 ARlANOS.

3364 242 3469 296 526

228 345 424 416 Πατρὶ,
455 342 513 396 ὲν
561 338 736 410 ἑαυτῷ
770 336 828 391 δὲ
876 336 1038 390 πάλιν
1088 336 1178 390 τὸν
1214 337 1461 409 Πατέρα,
1502 337 1622 390 ἐπεὶ
1668 338 1790 408 μήτε

1909 339 2058 394 xisse
2100 341 2338 410 seipsum
2395 342 2448 395 in
2478 341 2639 397 Patre
2670 352 2724 398 ct
2765 342 2982 400 Patrem
3027 347 3082 401 in
3130 347 3312 419 seipso
3341 365 3482 412 esse,

226 439 320 490 τὸν
363 436 542 504 λόγον,
588 433 646 485 ὃν
677 428 1016 501 διεξήρχετο,
1047 429 1241 482 ἑαυτοῦ
1289 447 1450 499 φησιν
1486 427 1641 493 εἶναι,
1675 429 1809 482 ἀλλὰ

225 527 323 582 τοῦ
364 524 599 595 Πατρδς,
639 525 776 594 μήτε
809 523 982 574 οἰκεῖα
1023 521 1091 573 τὰ
1117 520 1273 592 ἔργα,
1307 520 1442 574 ἀλλὰ
1471 521 1565 575 τοῦ
1596 521 1811 590 Πατρὺς

225 618 516 681 δεδωκότος
543 615 640 686 τὴν
683 615 930 684 δύναμιν.
976 632 994 667 ι
1029 613 1200 666 Τοῦτο
1228 613 1283 666 δὲ
1322 614 1368 665 εἰ
1403 614 1498 666 καὶ
1526 613 1808 683 παιδάριον

225 711 295 787 ἦν
325 714 436 782 (68)
483 710 669 773 ἁπλῶς
717 709 966 780 εἰρηκὺς,
1023 707 1353 778 συγγνώμην
1409 702 1552 777 εἶχεν
1599 707 1664 759 ἐκ
1709 709 1810 776 τῆς

226 807 460 878 ἡλικίας·
493 803 677 874 ἐπειδὴ
705 803 762 855 δὲ
789 803 818 853 6
850 800 1182 870 καλούμενος
1207 798 1486 868 σοφιστὴς,
1511 798 1605 851 καὶ
1633 797 1808 850 πάντα

225 898 516 967 γινώσκειν
551 893 1017 964 ἐπαγγελλόμενος
1041 931 1055 955 ,
1101 891 1246 943 ἔστιν
1284 893 1312 942 ό
1352 890 1568 961 γράψας
1591 929 1605 952 ,
1637 889 1807 960 πόσης

225 991 378 1056 ἄξιος
407 987 806 1056 καταγνώσεως
837 987 865 1038 6
894 983 1164 1047 τοιοῦτος;
1200 982 1324 1046 Πῶς
1355 983 1412 1036 δὲ
1449 983 1544 1035 καὶ
1573 983 1672 1035 οὐκ
1709 983 1805 1034 ἁλ-

225 1082 436 1154 λότριον
467 1079 659 1134 ἑαυτὸν
697 1077 791 1132 τοῦ
835 1076 1156 1129 Ἀποστόλου
1185 1075 1474 1141 δείκνυσιν,
1511 1075 1806 1145 ἐπαιρόμε-

226 1191 318 1236 νος
371 1176 430 1225 ὲν
478 1171 684 1233 πειθοῖς
718 1169 908 1237 σοφίας
957 1168 1133 1237 λόγοις
1178 1166 1286 1237 (69)
1337 1168 1430 1220 καὶ
1474 1164 1707 1238 νομίζων
1747 1167 1806 1217 ὲν

226 1262 441 1325 τούτοις
470 1260 745 1330 ἐξαπατᾷν
772 1259 1052 1322 δύνασθαι,
1095 1259 1168 1330 μὴ
1203 1258 1337 1312 νοῶν
1378 1257 1538 1320 αὐτὸς
1565 1257 1601 1311 ἂ
1633 1257 1803 1324 λέγει,

229 1355 367 1423 μήτε
413 1354 538 1424 περὶ
578 1351 740 1404 τίνων
771 1351 882 1421 (70)
914 1350 1333 1404 διαϐεϐαιοῦται.
1373 1353 1439 1402 ’Ἀ
1484 1349 1594 1421 γὰρ
1619 1351 1647 1402 ὁ
1677 1349 1804 1412 Υἱὸς

226 1445 334 1496 Eia
363 1445 456 1496 καὶ
490 1441 796 1514 ἁρμόζοντα
826 1443 971 1512 μόνῳ
995 1443 1129 1512 Υίῷ,
1167 1442 1323 1512 Λόγῳ
1352 1441 1446 1496 καὶ
1480 1443 1647 1513 Σοφίᾳ
1669 1441 1802 1505 ὄντι,

227 1539 324 1591 καὶ
352 1535 521 1590 εἰκόνι
555 1537 654 1606 τῆς
696 1535 788 1588 τοῦ
817 1535 1029 1606 Πατρός
1062 1534 1249 1596 οὐσίας
1279 1535 1487 1605 εἴρηκε,
1517 1533 1690 1586 ταῦτα
1717 1529 1805 1588 οῦ-

227 1646 321 1692 τος
352 1630 432 1690 εἰς
462 1628 638 1681 πάντα
666 1626 735 1678 τὰ
767 1626 1040 1696 κτίσματα
1069 1624 1386 1695 καταφέρει,
1420 1624 1514 1677 καὶ
1548 1624 1700 1677 κοινὰ
1725 1625 1802 1695 τῷ

1912 433 2059 500 quod
2092 447 2191 486 nec
2225 433 2404 502 ipsum
2438 435 2658 503 quidem
2695 452 3005 493 sermonem
3043 455 3204 509 quem
3237 442 3478 510 profere-

1910 524 2004 602 bat
2041 524 2125 578 sui
2172 539 2295 580 esse
2339 525 2561 590 diceret,
2590 527 2683 582 sed
2725 528 2926 594 Patris,
2967 547 3068 587 nec
3097 535 3318 604 propria
3350 536 3478 589 item

1910 615 1995 669 sui
2024 631 2147 671 esse
2178 631 2364 686 opera,
2397 619 2492 672 sed
2517 617 2716 687 Patris,
2759 636 2787 674 a
2841 638 2951 692 quo
2996 624 3250 681 videlicet
3284 630 3479 697 agendi

1909 706 2162 761 virtutem
2225 717 2526 776 acceperat.
2565 728 2583 760 ι
2652 709 2903 767 Profecto
2953 713 3000 768 si
3050 717 3318 783 puerulus
3375 719 3480 772 ista

1908 797 2241 866 loqueretur,
2277 799 2490 853 veniam
2527 815 2594 854 ex
2629 810 2786 858 actate
2810 814 2996 872 posset
3023 808 3310 875 consequi.
3341 807 3478 864 Cum

1909 899 2090 942 autem
2139 889 2255 944 haec
2288 891 2376 944 ille
2425 893 2627 947 scribat
2659 893 2754 962 qui
2805 895 3048 964 sophista
3105 907 3332 953 vocatur
3363 940 3378 966 ,
3424 909 3480 954 et

1907 981 2090 1034 omnia
2121 995 2179 1035 se
2229 982 2516 1047 proﬁtetur
2544 998 2910 1053 cognoscere;
2943 1002 3069 1056 qua,
3126 1003 3333 1057 ᾳυτεεο,
3376 991 3476 1045 da-

1908 1069 2185 1126 mnatione
2206 1071 2401 1141 dignus
2426 1087 2548 1129 esse
2571 1076 2874 1132 censendus
2926 1079 3060 1132 est?
3087 1078 3282 1136 Annon
3309 1083 3473 1137 etiam

1908 1163 2146 1232 seipsum
2183 1163 2251 1217 ab
2279 1164 2540 1234 Apostolo
2573 1166 2812 1222 alienum
2859 1169 3078 1238 probat,
3131 1173 3332 1242 quippe
3380 1177 3473 1244 qui

1906 1255 2358 1324 persuasibilibus
2386 1255 2549 1327 437
2577 1259 2858 1328 sapientiae
2887 1263 3229 1320 sermonibus
3279 1266 3476 1334 glorie-

1908 1355 1998 1401 tur
2039 1349 2105 1413 ²⁸,
2155 1348 2354 1416 quibus
2383 1360 2436 1403 et
2475 1351 2614 1404 alios
2657 1366 2716 1406 se
2747 1351 2997 1423 decipere
3029 1370 3191 1424 posse
3228 1358 3473 1424 conlidit,

1905 1453 2029 1493 cum
2060 1449 2238 1494 tamen
2283 1454 2386 1494 nec
2438 1439 2552 1510 ipse
2594 1456 2658 1496 ea
2700 1458 2823 1512 quae
2850 1443 3006 1509 dicit,
3043 1460 3143 1500 nec
3185 1447 3251 1502 de
3275 1450 3474 1518 quibus

1904 1530 2202 1594 contendit,
2239 1529 2500 1602 intelligat
2533 1533 2598 1586 ⁸³.
2631 1531 2704 1586 Ea
2739 1534 2885 1588 enim
2924 1550 3046 1604 quae
3071 1535 3241 1593 Filius
3259 1538 3359 1592 soli
3386 1538 3475 1592 Fi-

1904 1620 1998 1686 lio,
2045 1622 2140 1692 qui
2173 1619 2420 1689 .Verbum
2470 1631 2524 1676 et
2567 1622 2840 1694 Sapientia
2870 1665 2886 1692 ,
2939 1642 3003 1681 ac
3049 1625 3228 1683 Patris
3267 1639 3476 1684 naturae

225 1737 288 1773 τε
323 1719 440 1789 Υἱῷ
472 1719 562 1771 καὶ
592 1716 800 1782 τούτοις
824 1717 994 1771 ταῦτα
1034 1719 1193 1770 ποιεῖ·
1223 1717 1320 1788 τὴν
1349 1717 1404 1770 δὲ
1433 1717 1660 1788 δύναμιν
1688 1717 1790 1791 (71]

1907 1713 2086 1784 imago
2118 1723 2221 1779 est,
2264 1715 2554 1771 convenire
2597 1727 2650 1770 et
2688 1718 2908 1786 propria
2947 1733 3070 1774 esse
3113 1720 3322 1784 docuit,
3371 1722 3474 1776 iste

223 1811 322 1864 τοῦ
371 1810 584 1881 Πατρδς
632 1808 780 1876 λέγει
822 1808 1117 1878 λαμϐάνειν
1145 1808 1371 1878 δύναμιν
1399 1811 1426 1861 6
1465 1810 1798 1880 παράνομος,

224 1904 315 1956 ἵνα
343 1900 684 1971 ἀκολουθήσῃ
717 1903 781 1970 τῇ
824 1899 1108 1971 δυσσεϐείᾳ
1134 1899 1298 1953 αὐτοῦ
1335 1901 1508 1954 εἰπεῖν
1538 1902 1620 1954 ὃτι
1652 1903 1745 1955 καὶ
1776 1905 1804 1956 6

220 1995 352 2057 Υἱὸς
381 1996 438 2046 ὲν
470 1993 585 2063 Υἱῷ
619 1994 730 2062 (72)
761 1991 1070 2062 υἰοποιήθη,
1121 1992 1214 2044 καὶ
1242 1993 1270 2044 6
1303 1991 1472 2058 Λόγος
1508 1991 1668 2045 ἔλαϐε
1702 1994 1804 2046 Λό-

221 2103 319 2154 γου
349 2085 616 2152 ἐξουσίαν·
649 2086 743 2138 καὶ
787 2085 886 2137 οὐκ
911 2083 988 2137 ἔτι
1035 2083 1133 2155 μὲν
1163 2083 1344 2147 αὐτὸν,
1373 2083 1448 2146 ὼς
1478 2083 1624 2151 Υἱὸν,
1660 2083 1801 2138 θέλει

218 2179 504 2252 εἰρηκέναι
540 2176 745 2243 ταῦτα,
775 2177 852 2240 ὡς
879 2177 935 2230 δὲ
981 2175 1218 2247 μαθόντα
1265 2175 1356 2228 καὶ
1400 2175 1562 2229 αὐτόν
1602 2177 1803 2247 ὁμοίως

219 2272 511 2325 συντάσσει
553 2272 685 2324 πᾶσι
731 2272 842 2332 τοῖς
883 2269 1200 2339 ποιήμασιν.
1235 2267 1298 2320 Ei
1343 2267 1452 2338 γὰρ
1493 2265 1583 2319 διὰ
1621 2266 1683 2319 τὸ
1726 2267 1800 2338 μὴ

212 2359 357 2416 εἶναι
407 2363 478 2416 τὰ
523 2362 739 2432 ῥήματα
784 2358 878 2412 τοῦ
921 2357 1052 2410 Υίοῦ
1074 2397 1089 2421 ,
1119 2356 1156 2411 ἃ
1194 2356 1523 2428 διεξήρχετο,
1560 2354 1673 2408 ἀλλ’
1719 2356 1802 2408 ὅτι

212 2453 312 2507 τοῦ
343 2452 558 2522 Πατρὺς
584 2447 674 2522 ἦν,
703 2451 799 2502 καὶ
838 2449 910 2503 τὰ
950 2447 1108 2518 ἔργα,
1153 2447 1337 2515 ἔλεγεν
1369 2447 1502 2516 (75)*
1547 2445 1694 2516 Ἐγὼ
1733 2445 1802 2498 ἐν

209 2543 296 2609 τῷ
329 2541 539 2611 Ιιατρὶ,
573 2541 672 2595 καὶ
713 2543 746 2594 ό
784 2538 988 2607 Πατὴρ
1029 2539 1100 2591 ἐν
1121 2538 1269 2607 ἐμοί’
1304 2537 1397 2591 καὶ
1433 2539 1462 2590 6
1493 2536 1590 2607 μὲν
1637 2534 1802 2588 Δαϐὶδ

211 2634 389 2702 λέγει’
443 2633 791 2699 Ἀκούσομαι
837 2630 894 2683 τί
933 2627 1193 2694 λαλήσει
1229 2627 1300 2680 ἐν
1334 2625 1463 2697 ἐμοὶ
1510 2627 1728 2695 Κύριος
1767 2629 1800 2680 ὁ

216 2726 367 2790 Θεός
398 2724 532 2794 (74)·
572 2726 600 2776 6
639 2722 696 2775 δὲ
729 2719 981 2792 Σολομὼν
1003 2737 1018 2752 ’
1059 2722 1130 2773 οι
1161 2717 1289 2788 ἐμοὶ
1329 2719 1498 2788 λόγοι
1536 2718 1800 2787 εἴρηνται

209 2817 332 2874 ὑπὸ
369 2815 527 2869 Θεοῦ
546 2832 558 2844 ·
591 2814 681 2867 καὶ
727 2813 758 2864 6
800 2811 896 2882 μὲν
937 2809 1141 2880 Μωσῆς
1173 2809 1298 2872 τοὺς
1342 2809 1494 2880 παρὰ
1533 2809 1626 2862 τοῦ
1663 2809 1796 2863 Θεοῦ

204 2906 455 2978 διηκόνει
481 2903 690 2970 λόγους,
722 2900 952 2962 ἕκαστος
974 2899 1031 2952 δὲ
1055 2899 1167 2970 (75)
1190 2897 1296 2951 τῶν
1321 2899 1613 2971 προφητῶν
1641 2899 1702 2953 οὐ
1730 2900 1798 2954 τὰ

212 2997 352 3060 ὕδια,
406 2994 544 3048 ἀλλὰ
589 2993 661 3046 τὰ
713 2991 863 3063 παρὰ
908 2991 1002 3044 τοῦ
1045 2990 1179 3044 Θεοῦ
1222 2991 1398 3059 ἔλεγε,
1449 2991 1593 3046 Τάδε
1635 2992 1796 3063 λέγει

209 3051 452 3157 Κύριος·
489 3087 582 3140 καὶ
627 3084 694 3138 τὰ
739 3051 895 3156 ἔργα,
929 3083 965 3137 ἃ
1006 3085 1220 3137 ἐποίουν
1255 3085 1303 3137 οἱ
1323 3051 1498 3151 ⁷ἅγιοι,
1533 3084 1630 3139 οὐκ
1665 3051 1788 3151 (Sict,
1822 3051 1867 3114 Ο

203 3181 348 3234 ἀλλὰ
398 3178 494 3232 τοῦ
535 3176 827 3238 δεδωκότος
873 3175 972 3245 τὴν
1019 3175 1244 3245 δύναμιν
1275 3173 1409 3228 Θεοῦ
1453 3174 1564 3245 (76)
1605 3175 1790 3244 ελεγον

205 3270 369 3327 εἶναι·
405 3271 484 3333 ὡς
508 3273 536 3322 ό
567 3271 664 3340 μὲν
707 3268 892 3331 Ἠλίας
926 3268 1018 3322 καὶ
1052 3267 1350 3330 Ἐλισσαῖος
1369 3267 1790 3338 ἐπικαλούμενοι

203 3367 300 3421 τὺν
332 3365 493 3428 Θεὸν,
525 3364 610 3416 ἵνα
641 3363 765 3424 τοὺς
793 3360 1019 3432 νεκροὺς
1047 3359 1208 3422 αὐτὸς
1235 3359 1443 3431 ἐγείρῃ·
1475 3361 1565 3413 ὅτε
1595 3360 1790 3431 καὶτῷ

203 3462 465 3532 Ναιεμὰν
514 3459 662 3528 λέγει
707 3461 734 3512 6
779 3461 1108 3524 Ἐλισσαῖος,
1145 3458 1445 3532 καθαρίσας
1487 3458 1650 3512 αὑτὸν
1683 3460 1790 3512 ἀπὸ

203 3553 308 3624 τῆς
335 3552 566 3622 λέπρας·
597 3551 722 3605 Ἵνα
753 3551 929 3620 γνῷς,
962 3550 1051 3604 ὅτι
1083 3549 1215 3603 ἐστὶ
1257 3549 1399 3616 Θεὸς
1425 3549 1496 3602 ἐν
1535 3550 1786 3619 Ἰσραήλ·

201 3649 236 3700 6
266 3646 326 3698 δὲ
356 3643 618 3715 Σαμουὴλ
647 3644 742 3696 καὶ
769 3643 932 3707 αὐτὸς
960 3645 1017 3696 ἐν
1043 3643 1280 3713 ἡμέραις
1313 3641 1570 3712 θερισμοῦ
1597 3641 1791 3714 ηὔχετο

201 3735 296 3788 τὸν
335 3733 474 3787 Θεὸν
504 3731 684 3785 δοῦναι
719 3732 889 3784 ὑετόνο
935 3731 987 3783 οἵ
1015 3747 1072 3784 τε
1115 3730 1399 3783 ἀπόστολοι
1441 3729 1657 3798 ἔλεγον,
1690 3731 1790 3785 οὐκ

206 3825 316 3896 ἰδίᾳ
348 3824 580 3894 δυνάμει
630 3827 799 3876 ποιεῖν
839 3822 907 3876 τὰ
947 3825 1164 3894 σημεῖα,
1207 3821 1341 3875 ἀλλὰ
1367 3823 1431 3892 τῇ
1461 3821 1552 3874 τοῦ
1581 3822 1787 3893 Κυρίου

203 3918 392 3988 χάριτι
412 3933 428 3947 ο
472 3915 651 3985 δῆλον,
696 3916 776 3968 ὅτι
806 3917 925 3968 κατ’
960 3915 1118 3967 αὑτὸν
1155 3913 1306 3984 κοινὴ
1339 3913 1405 3966 ἂν
1453 3912 1538 3984 εἴη
1572 3913 1786 3967 πάντων

201 4011 300 4063 καὶ
325 4011 361 4080 ἡ
392 4007 618 4078 τοιαύτη
658 4007 828 4078 φωνὴ,
861 4006 1000 4059 ὥστε
1039 4005 1130 4059 καὶ
1157 4004 1384 4058 ’ἑκαστον
1424 4004 1602 4074 λέγειν
1628 4005 1786 4060 δύνα-

204 4101 352 4154 σθαι*
401 4098 552 4168 Ἐγὼ
597 4099 668 4152 ἐν
702 4097 784 4163 τῷ
820 4098 1034 4166 Πατρὶ,
1072 4096 1169 4149 καὶ
1205 4100 1236 4150 ὀ
1280 4096 1485 4165 Πατὴρ
1519 4097 1589 4150 ἐν
1632 4097 1781 4166 ἐμοί·

201 4188 301 4240 καὶ
349 4185 541 4238 λοιπὸν
590 4185 785 4256 μηκέτι
819 4185 915 4239 ’ένα
958 4180 1097 4238 εἶναι
1144 4183 1329 4238 τοῦτον
1372 4185 1499 4238 Υίὸν
1530 4185 1662 4239 Θεοῦ
1695 4187 1786 4239 καὶ

1904 1806 2069 1860 rebus
2105 1807 2364 1863 omnibus
2392 1808 2588 1863 creatis
2633 1808 2899 1875 attribuit,
2936 1809 3154 1880 illisque
3179 1827 3302 1866 cum
3332 1812 3472 1868 Filio

1905 1907 2108 1967 pugnat
2131 1913 2253 1954 esse
2286 1901 2598 1954 communia
2629 1918 2642 1954 :
2680 1902 2812 1970 quin
2861 1902 3024 1958 etiam
3069 1889 3324 1958 virtutem
3362 1906 3472 1958 vir-

1904 1988 2006 2042 tuti
2033 1987 2211 2045 Patris
2262 1991 2529 2061 impertiri
2558 1991 2760 2062 impius
2789 2004 3083 2062 asseverat,
3117 2004 3177 2050 ut
3203 2011 3271 2049 ex
3309 1997 3467 2064 impia

1903 2080 2020 2149 ejus
2057 2081 2306 2136 doctrina
2335 2082 2620 2146 eiiiciatur,
2647 2083 2846 2139 Filium
2876 2086 2931 2140 in
2956 2086 3094 2142 Filio
3124 2087 3325 2143 factum
3345 2104 3468 2143 esse

1903 2172 2125 2238 Filium,
2157 2184 2213 2229 et
2240 2173 2477 2229 Verbum
2507 2178 2803 2246 potentiam
2835 2176 2998 2233 Verbi
3035 2181 3330 2248 accepisse.
3359 2182 3470 2236 Nec

1903 2264 2032 2320 item
2065 2280 2189 2320 eum
2235 2274 2296 2320 ut
2323 2265 2523 2321 Filium
2569 2267 2671 2322 ista
2708 2271 2822 2324 vult
2859 2271 3084 2338 dixisse,
3116 2273 3212 2328 sed
3264 2276 3465 2342 ipsum,

1903 2364 1963 2411 ut
1990 2358 2084 2426 qui
2123 2371 2185 2412 ea
2213 2373 2430 2429 quoque
2469 2359 2739 2425 didicerit,
2769 2376 2877 2416 una
2902 2377 3024 2417 cum
3064 2362 3186 2418 aliis
3211 2365 3467 2433 operibus

1901 2447 2152 2503 collocat.
2208 2447 2267 2503 Si
2309 2450 2455 2505 enim
2489 2461 2771 2521 propterea
2815 2453 2960 2523 quod
2989 2454 3155 2509 verba
3189 2469 3312 2524 qua:
3341 2470 3470 2524 pro.

1899 2540 2111 2596 ferebat
2155 2539 2349 2607 Filius,
2395 2557 2505 2597 non
2556 2543 2677 2613 ejus
2711 2554 2894 2600 essent
2947 2546 3044 2602 sed
3094 2544 3290 2611 Patris,
3327 2555 3467 2602 utet

1900 2645 2087 2702 opera,
2123 2633 2324 2688 idcirco
2379 2635 2610 2703 dicebat,
2645 2634 2758 2707 Ego
2791 2639 2847 2691 in
2891 2636 3074 2702 Patre,
3117 2647 3167 2693 et
3199 2638 3364 2693 Pater
3409 2640 3462 2692 in

1900 2739 1982 2777 me
2013 2735 2089 2778 est
2119 2739 2141 2779 .'
2175 2740 2297 2779 cum
2334 2726 2451 2795 ipse
2498 2742 2718 2798 quoque
2768 2727 2938 2804 David
2983 2730 3132 2786 dicat
3186 2750 3200 2786 :
3233 2732 3464 2785 Audiam

1899 2815 2028 2886 quid
2056 2816 2305 2887 loquatur
2334 2819 2389 2871 in
2415 2834 2494 2873 me
2512 2818 2773 2874 Dominus
2806 2821 2948 2876 Deus
2972 2823 3017 2855 ³⁷
3049 2839 3064 2876 :
3090 2834 3146 2878 et
3180 2822 3461 2880 Salomon:

1900 2903 2176 2962 Sermones
2207 2909 2309 2962 mei
2351 2925 2384 2962 a
2425 2907 2536 2964 Deo
2580 2909 2709 2964 dicti
2750 2921 2871 2964 sunt
2897 2913 2943 2945 "
2977 2932 2992 2969 :
3046 2928 3170 2968 cum
3217 2913 3466 2969 similiter

1899 2994 2114 3069 Moyses
2147 3014 2461 3054 sermonum
2496 3000 2592 3055 Dei
2641 3001 2963 3058 administer
3013 3001 3219 3069 fuerit,
3272 3004 3462 3075 singu-

1897 3089 2045 3158 lique
2073 3090 2351 3159 prophetm
2383 3106 2494 3146 non
2523 3094 2764 3162 propria,
2795 3094 2891 3149 sed
2922 3093 3015 3150 Dei
3041 3094 3207 3150 verba
3250 3111 3462 3150 annun-

1898 3182 2172 3246 tiaverint,
2203 3183 2346 3238 unde
2373 3184 2592 3239 aiebant
2615 3227 2627 3251 ,
2667 3184 2798 3240 Haec
2825 3186 2950 3240 dicit
2984 3189 3244 3244 Dominus
3271 3206 3290 3243 :
3333 3205 3460 3245 cum

1893 3273 2026 3328 item
2054 3289 2220 3343 opera
2253 3274 2369 3344 ipsa
2401 3291 2522 3346 quae
2552 3277 2724 3332 sancti
2754 3277 2999 3342 effecere,
3039 3296 3148 3335 non
3181 3297 3280 3336 sua
3315 3298 3456 3346 esse,

1894 3363 1990 3417 sed
2039 3361 2133 3418 Dei
2183 3365 2436 3419 virtutem
2475 3367 2874 3435 suppeditantis
2918 3369 3256 3438 aﬂirmarint,
3303 3383 3360 3427 ut
3389 3388 3455 3428 ex

1894 3452 2010 3508 Elia
2059 3465 2113 3510 ct
2153 3455 2332 3512 Eliseo
2361 3467 2504 3527 patet
2535 3461 2627 3528 qui
2673 3461 2841 3516 Deum
2870 3477 3190 3519 mvocavere
3223 3473 3280 3518 ut
3311 3481 3460 3520 mor-

1892 3554 2018 3601 tuos
2055 3547 2172 3616 ipse
2201 3548 2462 3603 excitaret
2499 3568 2514 3603 :
2549 3551 2688 3605 unde
2723 3552 2862 3607 idem
2906 3554 3118 3609 Eliseus
3166 3564 3455 3624 postquam

1890 3635 2156 3692 Naamani
2205 3638 2411 3708 lepram
2463 3649 2743 3705 sanasset-,
2771 3643 2820 3697 ei
2847 3643 3020 3698 dixit:
3065 3642 3135 3698 Ut
3166 3647 3305 3699 scias
3346 3663 3457 3701 esse

1888 3729 2137 3784 Deumin
2166 3729 2340 3784 Israel
2389 3747 2407 3784 :
2470 3729 2688 3786 Samuel
2734 3749 2952 3804 quoque
2989 3737 3185 3791 messis
3215 3745 3457 3808 tempore

1891 3819 2062 3876 Deum
2089 3830 2150 3875 ut
2177 3821 2414 3891 pluviam
2441 3821 2596 3877 daret
2620 3824 2794 3878 oravit
2824 3843 2838 3878 :
2872 3826 3104 3895 apostoli
3139 3827 3372 3898 denique
3396 3845 3456 3884 se

1891 3927 2000 3969 non
2022 3912 2239 3982 propria
2260 3912 2462 3968 virtute
2508 3914 2601 3968 sed
2629 3914 2724 3969 Dei
2755 3917 2928 3987 gratia
2959 3917 3110 3988 signa
3130 3929 3182 3974 et
3209 3920 3456 3991 prodigia

1890 4004 2070 4061 facere
2101 4004 2412 4062 fatebantur
2441 4024 2456 4060 :
2491 4022 2557 4060 ex
2586 4005 2692 4067 his.
2719 4006 2962 4075 inquam,
2990 4009 3226 4065 dilucide
3254 4026 3448 4067 secun-

1890 4095 2020 4151 dum
2079 4097 2233 4151 illum
2291 4097 2536 4167 sequitur
2589 4113 2777 4154 vocem
2835 4100 3150 4170 hujusmodi
3201 4105 3449 4159 omnium

1891 4204 2110 4260 quoque
2143 4205 2263 4246 esse
2287 4188 2632 4246 communem
2667 4193 3022 4264 singulosque
3047 4209 3209 4265 posse
3230 4197 3411 4253 dicere
3433 4241 3449 4266 ,

286 4349 337 4381 ’³
378 4346 402 4400 1
449 4346 576 4401 Cor.
608 4361 669 4410 ιι,
705 4345 763 4400 4.
839 4346 938 4429 ’⁸1
977 4344 1212 4401 Timoth.
1257 4363 1294 4411 ι,
1339 4347 1392 4400 7.
1467 4347 1511 4378 ⁸⁷
1538 4345 1684 4402 Psal.
1725 4365 1790 4403 ιι

1899 4365 1944 4413 v,
1985 4350 2038 4405 9.
2116 4351 2161 4383 ³⁸
2189 4349 2252 4403 lll
2284 4349 2410 4422 Reg.
2452 4367 2570 4418 vnt,
2597 4352 2697 4416 59;
2728 4369 2784 4420 ι,
2813 4353 2903 4408 24.

200 4444 386 4511 λόγον.
447 4439 578 4495 Item
628 4441 829 4511 ibidem
880 4439 1016 4510 Reg.
1065 4441 1092 4494 1
1139 4449 1192 4496 et
1251 4441 1570 4510 Seguerian.

199 4509 367 4577 εῖναι,
427 4511 561 4564 ἀλλὰ
609 4509 702 4581 τοῦ
725 4509 1000 4581 ΠΠατρὸςξ,
1051 4512 1218 4581 μήτε.
1255 4509 1345 4564 Διί
1378 4511 1470 4565 alii
1526 4521 1581 4566 et
1630 4509 1781 4578 editi,

201 4601 394 4654 φησιν,
583 4579 677 4654 τοῦ
703 4577 1282 4654 Πατρδςιεῖν-αὶίμηδέ.

277 4644 396 4721 (68)
425 4650 568 4722 Eelc.
593 4650 629 4722 2
651 4658 705 4722 et
733 4644 889 4722 ediii,
909 4647 966 4722 ᾖ.
994 4644 1343 4722 Caeteri'rnss.
1369 4644 1459 4720 ἦν.

275 4719 390 4792 (69)
433 4719 586 4792 Reg;
604 4720 744 4792 i,_év
769 4719 980 4792 Δ*ξιτ-,κθοῗςς
1017 4719 1207 4792 σοφίας
1237 4719 1433 4792 λόγοις,
1448 4728 1516 4792 ut
1539 4729 1592 4774 et
1615 4719 1784 4792 habet

201 4789 733 4860 ScripturafFelck.
765 4789 819 4860 5,
847 4790 905 4842 ὲν
946 4789 1125 4843 πειθοῖ
1168 4791 1359 4860 σοφίας
1398 4789 1578 4859 λόγου.
1613 4789 1775 4855 Editi,

200 4863 261 4917 ὲν
288 4857 474 4914 πειθοί
505 4857 696 4930 σοφίας
723 4859 920 4930 λόγοις.

271 4931 389 5001 (70)
433 4928 619 5001 Βθε.’1
654 4940 708 4984 et
741 4928 1064 5001 Seguerian.
1114 4929 1297 4995 τίνων,
1331 4929 1602 4994 iidemnue
1645 4943 1776 4985 mox

199 5000 329 5057 [δια.
356 5000 464 5054 Alii
490 5011 545 5055 et
565 5001 718 5065 editi,
748 5001 914 5065 τίνος,
941 5008 994 5053 et
1022 5000 1218 5052 οἰκεῖα.

272 5071 392 5154 (71)
433 5069 530 5154 Sic
553 5069 684 5154 Reg.
720 5070 774 5132 1,
806 5070 1030 5154 ξεειιθγ.
1062 5067 1281 5154 Goblcr.
1314 5078 1369 5122 et
1396 5066 1580 5123 Felck.
1615 5069 1666 5122 1.
1701 5067 1772 5123 At

197 5138 294 5197 alii
320 5138 381 5210 et:
401 5138 866 5210 editioic'ommel.
885 5138 996 5210 ξτήν
1021 5155 1082 5190 τε
1108 5138 1356 5210 δύναμιν.

271 5207 526 5281 (72)7Sic
564 5209 754 5281 Regni
785 5218 858 5281 etA
878 5207 1316 5281 Seguer.__At_alii
1340 5216 1400 5281 _et
1420 5208 1569 5281 editi,
1603 5209 1770 5281 évaq’i

195 5282 342 5356 Ϊίῷ.
371 5276 672 5356 Μριγιῖιιεξ
695 5279 721 5333 1
755 5289 809 5334 et
828 5276 1057 5356 Seguer.
1088 5277 1257 5356 ἔλαϐε,
1277 5276 1452 5356 Λόγου
1496 5276 1768 5356 ἐξουσίαν’.

192 5347 385 5406 Editio
412 5347 679 5404 Commel.
710 5360 766 5402 et
791 5347 1001 5418 aliquot
1034 5362 1166 5418 mss.
1202 5347 1358 5415 λόγον
1393 5347 1659 5418 έξουσίαν.

268 5420 389 5488 (75)
430 5420 522 5474 Sic
553 5419 683 5488 Reg.
717 5419 771 5483 1,
815 5416 1283 5488 δεευρτηϐοωεε.
1317 5427 1372 5488 et
1405 5417 1582 5488 Fclck.
1617 5421 1669 5472 1.
1699 5421 1769 5474 At

191 5459 408 5568 9343',
429 5459 1384 5568 agitanti;Elysia};
1405 5459 1769 5568 gazas}:

188 5556 356 5634 ipfea,
391 5559 508 5624 πῶς
536 5556 740 5629 ἐλεγενῖ
771 5559 876 5616 Alii
905 5567 961 5615 et
983 5557 1134 5624 editi,
1161 5556 1229 5631 ἦν
1255 5556 1323 5610 τὰ
1344 5556 1503 5628 ἔργα,
1525 5559 1640 5623 πῶς
1659 5558 1765 5613 ἐλε-

188 5649 386 5697 γεν....

1619 4459 1784 4514 φησιν
1815 4449 1860 4504 D

1960 4445 2070 4515 (74)
2108 4444 2198 4501 Sic
2225 4445 2356 4516 Reg.
2390 4447 2414 4499 1
2453 4457 2503 4501 et
2531 4447 2590 4508 2,
2618 4447 2855 4516 δοειιθιιε
2873 4444 3089 4516 Gubler.
3117 4455 3172 4499 et
3190 4445 3370 4502 Felck.
3395 4449 3444 4502 1.

1885 4513 1954 4586 At
1972 4513 2075 4568 alii
2110 4525 2171 4586 et
2194 4513 2344 4580 editi,
2367 4517 2396 4564 ὁ
2424 4517 2626 4586 Κύριος
2655 4513 2804 4577 Θεός.
2837 4515 2970 4586 lbid.
2999 4515 3128 4586 Reg.
3146 4516 3198 4579 1,
3225 4517 3446 4584 Seguer.

1884 4584 2050 4639 Basil.
2078 4585 2297 4641 Gobler.
2347 4596 2400 4640 et
2449 4584 2627 4641 Felck.
2659 4587 2710 4649 1,
2739 4585 3008 4655 Σολομῶν.
3068 4584 3173 4640 Alii
3216 4594 3269 4640 et
3295 4589 3446 4652 editi,

1884 4654 2161 4705 Σαλομῶν.
2999 4681 3002 4684 ~

1883 4654 2021 4708 Σαλο
2029 4654 2161 4708 μῶν.
2877 4654 2883 4655 ⁷
2999 4681 3002 4684 ~

1955 4672 2327 4795 (Ιῆοέῖωῖὶ’θε.-1,
2355 4722 2589 4795 -ἒκασεός
2611 4741 2700 4795 τε.
2733 4723 2855 4795 Mox
2883 4681 3027 4795 idem
3057 4731 3110 4776 et
3141 4721 3340 4795 Regius
3388 4726 3443 4795 2,

1887 4791 2209 4865 δεευετίεῃξ
2233 4792 2451 4865 Gobler.
2486 4792 2664 4865 Feil‘ii.
2705 4797 2755 4859 1,
2784 4794 2851 4848 τὰ
2894 4791 3043 4863 παρὰ
3077 4793 3167 4845 τοῦ
3199 4791 3354 4849 Θεοῦ.
3387 4794 3443 4849 In

1883 4861 2008 4919 aliis
2037 4872 2090 4920 et
2118 4862 2353 4917 editione
2382 4861 2648 4916 Commel.
2679 4865 2746 4917 τά
2779 4865 2948 4918 deest.

1954 4933 2063 5005 (76)
2105 4932 2195 4988 Sic
2227 4931 2358 5005 Reg.
2387 4932 2438 5005 i_
2464 4942 2517 5005 et
2548 4931 3023 5005 Seguer._Gobler.
3055 4929 3235 5005 Felck.
3266 4934 3290 4986 l
3310 4942 3370 5005 et
3389 4933 3442 4990 5.

1876 5001 2145 5074 At'caa'teri
2160 5011 2214 5058 et
2235 5002 2388 5065 editi,
2418 5001 2642 5074 δύναμιν
2657 5003 2749 5056 τοῦ
2775 5001 2928 5074 Θεοῦ.
2945 5002 3129 5074 Paulo
3143 5013 3286 5071 post,
3310 5001 3440 5074 Reg.

1880 5074 1925 5141 1
1951 5083 2005 5128 et
2051 5073 2485 5145 δέψει-αὑτὸς
2509 5070 2696 5145 ἐγείρῃ
2721 5093 2742 5145 ο.
2771 5073 2858 5126 ὅτε
2885 5072 2942 5145 δὲ
3083 5070 3329 5145 Ναιεμᾶν
3356 5070 3442 5145 λέ-

1877 5160 1983 5215 γει.
2015 5141 2204 5215 Αιίἱίθι
2232 5143 2382 5206 editi,
2415 5143 2596 5206 αὐτοῖς
2628 5141 2868 5215 ἐγείρῃς(
2889 5143 2976 5215 ὅτε
3020 5141 3077 5194 δὲ
3106 5143 3196 5215 τῷ,
3223 5141 3442 5215 Νεε-μὰν

1878 5211 2082 5282 ἔλεγεν.
2114 5214 2284 5268 Porro
2304 5228 2425 5282 quae
2465 5211 2766 5282 sequuntur
2787 5211 2974 5267 ‘Eliszei
3008 5211 3173 5282 verba
3200 5215 3265 5282 ad
3294 5211 3436 5266 Naa-

1877 5281 2026 5348 man,
2063 5299 2171 5338 non
2203 5281 2473 5352 habentur
2499 5283 2552 5336 in
2585 5281 2863 5352 Scriptura
2891 5302 2903 5337 :
2927 5281 3019 5336 sed
3052 5282 3167 5352 ipse
3197 5281 3438 5352 Naamau

1877 5365 2101 5409 senatus
2138 5363 2191 5407 et
2230 5352 2297 5407 ad
2329 5351 2581 5406 Elisaium
2627 5351 2875 5408 reversus
2905 5353 2978 5406 ait
3005 5351 3172 5405 εἸδοὺ
3201 5351 3435 5420 ἔγνωκα,

1873 5425 1953 5477 ὅτι
1996 5425 2094 5476 οὐκ
2145 5423 2258 5493 ἐστι
2304 5422 2437 5493 Θεὸς
2486 5425 2544 5473 ὲν
2571 5423 2720 5493 πάσῃ
2746 5426 2810 5493 τῇ
2845 5425 2938 5493 γῇ,
2967 5423 3047 5474 ὅτι
3077 5421 3190 5493 ᾁλλ’
3219 5423 3250 5492 ἢ
3279 5424 3336 5473 ἐν
3361 5423 3438 5490 τῷ

1886 5493 2118 5565 Ἰσραήλ.
2163 5491 2291 5565 Vere
2319 5492 2426 5565 scio
2457 5491 2726 5565 quod-nui}
2769 5491 2865 5565 ait:
2887 5491 3024 5565 alius
3060 5491 3205 5565 [)eus
3230 5491 3282 5543 in
3322 5495 3440 5565 uui-

1873 5560 2020 5620 versa
2049 5560 2210 5631 ἐοντα,
2238 5563 2339 5617 nisi
2363 5571 2566 5616 tantum
2593 5563 2646 5615 in
2687 5561 2858 5616 Israel
2903 5560 3023 5634 (ιγ
3050 5560 3173 5631 Reg.
3206 5577 3258 5627 v,
3293 5561 3399 5631 15).
