3840 6220
361 235 464 290 5'27

983 231 1041 286 S.
1080 228 1450 286 ATHANASII
1491 227 1640 283 OPP.
1678 225 1859 282 PARS
1897 225 1940 280 l.
1977 255 2048 264 —
2085 221 2452 278 HISTORICA
2493 221 2579 275 ET
2621 217 3038 276 DOGMATICA.

3497 218 3606 276 328

363 351 474 420 Ego
521 349 578 401 in
607 348 788 410 Patre,
813 357 861 400 et
889 346 1052 400 Pater
1082 347 1134 398 in
1172 360 1250 397 me
1295 353 1392 407 est,
1433 358 1534 396 nec
1563 341 1790 411 proinde
1822 341 1926 408 jam

2040 337 2206 404 Λόγον
2236 337 2348 405 (77)
2377 337 2471 388 καὶ
2499 337 2717 405 Σοφίαν,
2745 337 2857 390 ἀλλ’
2886 337 2950 388 ἐκ
2991 335 3199 387 πολλων
3231 341 3324 388 ἱνα
3354 339 3448 392 καὶ
3482 340 3606 394 τοῦ-

296 467 297 472 π
361 455 529 495 unum
566 438 712 493 hunc
741 453 862 493 esse
894 436 986 491 Dei
1017 436 1218 504 Filium
1235 444 1296 489 et
1326 434 1568 489 Verbum
1603 449 1667 487 ac
1700 432 1934 501 Sapien-

361 535 517 596 tiam,
556 530 651 586 sed
679 544 803 584 eum
835 541 1002 582 unum
1029 541 1253 595 quoque
1279 541 1346 580 ex
1386 524 1574 578 multis
1612 538 1753 577 esse.
1855 591 1862 596 ι

433 622 483 674 5.
523 619 688 688 Atqui
721 619 767 672 si
812 618 928 672 haec
961 624 1106 671 esset
1140 618 1434 669 verborum
1468 613 1683 668 Domini
1716 622 1936 667 senten-

366 713 460 778 tia,
490 728 600 766 non
627 711 701 765 ita
733 725 858 764 eum
903 709 1052 778 loqui
1103 709 1458 778 oportuisset,
1492 707 1603 778 Ego
1645 707 1700 760 in
1747 705 1932 770 Patre,

359 814 410 858 lt
441 803 607 857 Pater
635 804 691 856 in
719 819 799 856 me
831 813 929 868 est,
968 801 1062 856 sed
1099 800 1284 872 potius
1327 819 1340 854 :
1377 798 1491 870 Ego
1531 803 1693 853 etiam
1721 814 1841 853 sum
1878 798 1933 851 in

360 897 541 964 Patre,
573 904 627 951 et
659 894 820 950 Pater
852 895 910 948 in
944 908 1030 948 me
1069 893 1232 948 etiam
1259 901 1378 956 est;
1428 901 1487 946 ut
1517 891 1764 946 videlicet
1798 888 1934 945 nihil

361 1004 420 1044 se
450 987 730 1058 proprium
780 995 834 1040 et
867 985 1147 1056 singulare
1189 985 1333 1054 apud
1392 983 1627 1046 Patrem,
1671 991 1930 1052 tanquam

362 1078 580 1144 Filium,
611 1080 829 1142 habere,
866 1079 960 1134 sed
991 1078 1272 1132 communi
1303 1093 1427 1131 cum
1463 1076 1719 1131 omnibus
1757 1077 1933 1146 gratia

361 1171 595 1241 gaudere
625 1171 977 1241 signiﬁcaret.
1021 1169 1224 1224 Verum
1274 1185 1384 1222 non
1427 1170 1496 1222 ita
1528 1184 1588 1224 se
1619 1183 1706 1222 res
1750 1167 1930 1234 habet,

361 1266 421 1313 ut
472 1260 770 1330 opinantur
816 1259 918 1324 illi,
965 1259 1060 1329 qui
1109 1275 1236 1314 cum
1287 1274 1410 1313 eum
1443 1273 1633 1312 verum
1673 1273 1740 1313 ex
1773 1257 1933 1314 Patre

358 1347 558 1402 Filium
588 1363 710 1403 esse
740 1363 850 1404 non
887 1349 1146 1412 sentiant,
1195 1348 1331 1403 falsa
1384 1348 1451 1402 de
1498 1362 1629 1401 vero
1676 1347 1928 1417 ﬁngunt,

359 1438 448 1493 cui
477 1438 581 1494 soli
611 1437 790 1494 dicere
819 1439 1092 1504 convenit,
1131 1437 1244 1509 Ego
1278 1440 1332 1492 in
1369 1437 1553 1502 Patre,
1588 1445 1638 1491 et
1669 1437 1834 1490 Pater
1874 1438 1930 1490 in

360 1546 442 1584 me
469 1540 566 1584 est.
599 1528 770 1584 Filius
799 1529 945 1584 enim
986 1529 1042 1583 in
1070 1529 1227 1584 Patre
1258 1536 1364 1596 est,
1388 1536 1653 1598 quantum
1689 1529 1813 1584 licet
1847 1529 1931 1582 in-

2036 445 2127 482 τον
2157 427 2462 497 τυγχάνειν.

2104 623 2156 676 5.
2211 620 2350 673 Ἀλλ’
2404 620 2558 690 εἴπερ
2607 615 2676 690 ἦν
2730 618 2903 682 οὕτως
2957 620 2986 670 6
3045 619 3250 689 Κύριος
3313 618 3554 691 είρηκὼς
3585 661 3603 686 ν

2033 714 2140 767 ἔδει
2171 712 2284 783 (78)
2321 712 2394 782 μὴ
2429 712 2603 763 εἰπεῖν
2635 711 2795 764 αὐτόν
2816 729 2830 743 ο
2875 709 3022 779 Ἐγὼ
3054 711 3125 763 ἐν
3153 709 3232 774 τῷ
3258 713 3461 780 Πατρὶ,
3503 714 3605 766 καὶ

2033 807 2067 858 ὀ
2096 803 2298 870 Πατὴρ
2326 802 2395 854 ἐν
2415 801 2573 869 ἐμοί’
2606 800 2740 853 ἀλλὰ
2769 799 2967 870 μᾶλλον
2987 817 3001 828 ·
3023 797 3192 867 Κάγὼ
3225 801 3281 854 ὲν
3302 801 3378 871 τῷ
3406 801 3602 872 Πατρὶ,

2033 898 2125 950 καὶ
2151 899 2181 949 6
2207 897 2398 967 Πατὴρ
2429 896 2486 950 δὲ
2531 896 2627 948 καὶ
2675 897 2734 948 ὲν
2781 895 2906 966 ἐμοί
2950 894 3065 965 (79)
3109 897 3278 959 ἐστιν,
3327 895 3413 948 ’ίνα
3466 895 3605 967 μηδὲ

2035 989 2164 1042 ίδιον
2193 988 2286 1041 καὶ
2327 987 2601 1057 ἐξαίρετον
2645 986 2744 1058 ἔχῃ
2794 986 2926 1067 ατρὸς
2959 986 3050 1039 τὸν
3083 987 3304 1057 Πατέρα
3329 986 3403 1051 ὼς
3432 989 3562 1052 Υἱὸς
3585 1029 3601 1051 ,

2032 1079 2214 1150 κοινὴν
2241 1078 2298 1132 δὲ
2341 1076 2477 1148 μετὰ
2501 1067 2717 1131 πάντων
2758 1077 2855 1148 ἔχῃ
2897 1077 2994 1148 τὴν
3026 1077 3195 1149 αὐτὴν
3228 1079 3406 1150 χάριν.
3463 1079 3603 1132 Ἀλλ’

2029 1172 2128 1224 οὐκ
2153 1170 2318 1234 ἔστιν,
2345 1170 2420 1233 ὡς
2441 1170 2750 1240 νομίζουσιν
2777 1170 2973 1221 ἐκεῖνοι
2994 1186 3007 1199 ·
3043 1171 3118 1240 μὴ
3147 1169 3467 1242 φρονοῦντες
3493 1171 3604 1241 γὰρ

2030 1263 2156 1317 Υίὸν
2190 1257 2327 1316 εἶναι
2358 1264 2578 1333 γνήσιον
2629 1259 2694 1313 ἐκ
2741 1259 2985 1331 Πατρὸς,
3034 1260 3460 1330 καταψεύδονται
3507 1263 3603 1315 τοῦ

2029 1352 2270 1422 γνησίου,
2301 1348 2346 1420 ᾧ
2383 1353 2528 1422 μόνῳ
2547 1351 2775 1422 ἁρμόζει
2817 1349 2994 1418 λέγειν
3017 1369 3030 1380 ·
3085 1351 3227 1421 Ἐγὼ
3265 1355 3334 1406 ἐν
3363 1353 3443 1419 τῷ
3482 1359 3598 1409 Πα-

2028 1442 2118 1508 rp!
2151 1441 2249 1495 καί
2290 1444 2322 1495 ό
2365 1440 2566 1510 Πατὴρ
2599 1442 2670 1494 ἐν
2699 1441 2850 1508 ἐμοί.
2885 1442 3037 1494 Ἐστι
3069 1442 3177 1514 γὰρ
3216 1444 3244 1495 6
3277 1443 3406 1507 Υἱὸς
3437 1445 3496 1497 ὲν
3526 1445 3606 1516 τῷ

2028 1533 2203 1604 Πατρὶ
2223 1573 2237 1595 ,
2265 1532 2338 1595 ὥς
2381 1549 2446 1601 γε
2478 1534 2620 1585 νοεῖν
2643 1530 2870 1595 ἔξεστιν,
2905 1531 3093 1604 ἐπειδὴ
3132 1533 3352 1604 σύμπαν
3375 1535 3435 1587 τὸ
3466 1531 3606 1588 εἶναι

359 1622 621 1692 telligere,
663 1622 790 1691 quia
821 1629 995 1676 toturn
1028 1621 1173 1691 quod
1207 1631 1291 1677 est
1335 1620 1528 1687 Filius,
1574 1623 1678 1676 hoc
1719 1630 1926 1677 naturae

2040 1621 2120 1674 τοῦ
2151 1621 2305 1689 Υίοῦ,
2333 1620 2490 1675 τοῦτο
2515 1622 2614 1692 τῆς
2658 1620 2753 1672 τοῦ
2799 1622 3011 1693 Πατρὸς
3053 1624 3238 1687 ούσίας
3279 1623 3408 1678 ίδιόν
3433 1626 3604 1690 ἔστιν,

359 1690 537 1767 Patris
576 1690 856 1781 proprium
885 1721 992 1778 est,
1023 1690 1089 1767 eo
1131 1713 1294 1768 modo
1326 1729 1437 1784 quo
1469 1729 1535 1768 ex
1587 1714 1708 1770 luce
1736 1714 1926 1785 splen-

2040 1712 2102 1777 ὓς
2147 1715 2210 1766 ὲκ
2250 1712 2427 1781 φωτὸς
2468 1690 2827 1784 ἀπαύγασμα,
2860 1690 2953 1766 καὶ
2987 1715 3050 1766 ὲκ
3084 1715 3265 1786 πηγῆς
3301 1715 3412 1786 (80)
3439 1733 3608 1770 ποτα-

359 1805 477 1869 dor,
509 1812 564 1859 et
591 1819 658 1858 ex
691 1805 840 1860 fonte
883 1805 1082 1861 ﬂuvius
1115 1807 1381 1872 exoritur,
1433 1807 1566 1861 adeo
1596 1815 1656 1862 ut
1687 1807 1783 1876 qui
1839 1805 1930 1860 Fi~

360 1894 491 1947 lium
528 1893 690 1959 videt,
720 1895 771 1949 id
794 1895 939 1964 quod
963 1895 1244 1965 proprium
1289 1905 1374 1950 est
1411 1895 1587 1951 Patris
1617 1895 1814 1962 videat,
1843 1896 1929 1950 in-

362 1986 671 2056 telligatque
708 1985 904 2042 Filium
954 1988 1159 2042 idcirco
1209 1988 1262 2042 in
1312 1987 1472 2042 Patre
1517 2003 1639 2044 esse
1691 1989 1818 2058 quia
1859 2003 1927 2044 ex

360 2073 525 2130 Patre
559 2076 723 2130 habet
774 2086 836 2131 ut
884 2078 988 2144 sit;
1040 2086 1094 2132 et
1136 2078 1378 2134 vicissim
1433 2077 1648 2133 Patrem
1694 2079 1749 2134 in
1787 2078 1928 2135 Filio

357 2180 498 2229 esse,
531 2165 658 2235 quia
703 2165 878 2222 Filius
915 2175 1000 2222 est
1027 2167 1079 2223 id
1108 2168 1254 2238 quod
1288 2169 1569 2238 proprium
1600 2176 1684 2225 est
1727 2185 1791 2225 ex
1823 2168 1929 2225 Pa-

358 2263 462 2321 tre,
497 2257 662 2312 sicuti
697 2258 782 2313 sol
809 2267 892 2314 est
923 2259 979 2313 in
1014 2260 1323 2330 splendore,
1349 2276 1506 2316 mens
1547 2261 1602 2315 in
1643 2261 1828 2327 verbo,
1871 2269 1928 2317 et

359 2347 484 2404 fons
513 2349 566 2404 in
595 2349 783 2408 ﬂuvio.
833 2350 912 2406 Ita
955 2353 1100 2407 enirn
1134 2354 1227 2422 qui
1259 2352 1458 2408 Filium
1501 2355 1922 2425 contemplatur,

360 2439 413 2494 id
444 2441 588 2510 quod
635 2451 844 2498 natura:
865 2442 1044 2498 Patris
1071 2445 1350 2514 pr0prium
1373 2454 1456 2500 est
1487 2446 1651 2500 simul
1679 2455 1926 2501 contem-

358 2532 558 2601 piatur,
572 2531 894 2604 Patremque
921 2535 976 2589 in
1003 2534 1140 2589 Filio
1163 2533 1330 2606 ‘38
1348 2550 1469 2591 esse
1493 2537 1761 2608 intelligit.
1788 2535 1925 2592 Nam

361 2639 486 2678 cum
521 2622 700 2680 forma
727 2635 781 2681 et
829 2625 1085 2681 divinitas
1115 2625 1291 2682 Patris
1333 2629 1437 2682 hoc
1467 2627 1644 2698 ipsum
1677 2629 1748 2684 sit
1780 2630 1927 2698 quod

359 2723 443 2770 est
471 2714 660 2781 Filius,
695 2716 922 2774 omnino
967 2718 1215 2788 sequitur
1241 2725 1300 2771 ut
1333 2717 1503 2774 Filius
1546 2721 1620 2775 sit
1647 2720 1703 2774 in
1746 2719 1922 2784 Patre,

357 2816 412 2862 et
443 2808 604 2864 Pater
659 2811 713 2864 in
759 2809 919 2866 Filio.
971 2809 1241 2877 Quocirca
1291 2827 1416 2868 cum
1449 2823 1608 2868 antea
1653 2814 1923 2881 dixisset,

365 2899 478 2971 Ego
501 2911 552 2955 et
579 2901 746 2955 Pater
772 2919 933 2956 unum
971 2919 1152 2957 sumus
1192 2904 1258 2970 ”,
1297 2904 1385 2959 hic
1416 2919 1560 2960 recte
1592 2908 1687 2971 ait,
1720 2905 1832 2981 Ego
1869 2907 1927 2960 in

361 2988 528 3044 Patre
556 3000 606 3045 et
627 2991 789 3046 Pater
808 2993 863 3046 in
892 3009 974 3046 me
997 3001 1074 3047 est
1103 2993 1171 3055 '°,
1215 3001 1273 3047 ut
1305 2995 1514 3050 scilicet
1539 2983 1797 3052 eamdem‘
1816 3013 1927 3053 am-
1951 3029 1997 3092 ο

358 3083 552 3138 horum
590 3083 928 3139 divinitatem
958 3100 1233 3156 unamque
1258 3095 1510 3141 naturam
1539 3103 1660 3144 esse
1680 3090 1920 3145 doceret.

428 3174 483 3228 4.
521 3173 702 3230 Unum
733 3177 878 3230 enim
906 3176 984 3230 illi
1014 3185 1161 3243 sunt,
1197 3193 1305 3232 non
1333 3179 1475 3246 quod
1510 3195 1678 3234 unum
1706 3181 1759 3234 in
1787 3183 1925 3238 duas

360 3274 543 3336 partes
574 3265 646 3320 sit
689 3264 946 3332 divisum,
993 3281 1116 3336 quae
1161 3267 1293 3322 nihil
1338 3269 1448 3324 sint
1477 3281 1672 3340 prazter
1706 3288 1922 3339 unum;

360 3372 538 3426 neque
568 3357 714 3427 quod
742 3373 910 3412 unum
940 3359 1026 3414 bis
1053 3360 1387 3426 nominetur,
1431 3362 1506 3416 ita
1547 3372 1606 3418 ut
1648 3364 1789 3418 idem
1825 3365 1927 3418 ali-

359 3446 578 3516 quando
616 3445 798 3511 Pater,
831 3447 1126 3518 aliquando
1164 3450 1250 3506 sui
1284 3449 1456 3507 Filius
1488 3452 1613 3520 ﬁat;
1643 3469 1764 3524 qua}
1799 3472 1924 3510 eum

360 3536 590 3592 sentiret
624 3535 916 3607 Sabellius,
949 3539 1236 3597 hereticus
1273 3551 1359 3598 est
1392 3543 1690 3613 judicatus.
1722 3544 1924 3602 Verum

358 3627 467 3682 duo
511 3628 728 3698 quidem
773 3639 922 3694 sunt,
963 3632 1089 3702 quia
1121 3631 1301 3700 Pater,
1333 3633 1494 3691 Pater
1530 3647 1633 3702 est,
1671 3654 1772 3694 nec
1810 3640 1928 3710 ipse

357 3727 443 3774 est
475 3718 683 3786 Filius;
713 3729 769 3775 et
803 3721 1046 3778 vicissim
1087 3723 1258 3781 Filius
1297 3736 1382 3782 est
1410 3726 1618 3795 Filius,
1666 3745 1766 3786 nec
1809 3733 1927 3802 ipse

359 3809 521 3865 Pater
551 3821 654 3868 est.
689 3810 809 3868 Una
838 3829 970 3869 vero
990 3814 1208 3870 illorum
1251 3827 1446 3873 natura
1470 3829 1554 3875 est
1589 3838 1604 3876 :
1645 3836 1742 3876 nec
1776 3825 1923 3878 enim

359 3903 618 3972 genitoris
646 3907 860 3976 genitus
885 3916 970 3963 est
997 3908 1301 3977 dissimilis,
1317 3927 1441 3968 cum
1467 3913 1649 3986 imago
1687 3915 1806 3986 ejus
1829 3918 1923 3984 sit,

359 4003 412 4048 et
433 3997 618 4050 omnia
655 4013 778 4067 quae
803 3998 983 4056 Patris
1020 4010 1183 4066 sunt,
1215 4004 1326 4059 sint
1351 4021 1571 4076 quoque
1605 4006 1748 4062 Filii.
1788 4008 1926 4065 Hinc

361 4085 530 4142 Filius
571 4089 711 4145 alius
749 4107 862 4148 non
907 4101 993 4148 est
1029 4093 1206 4160 Deus,
1253 4096 1383 4166 quia
1433 4113 1543 4152 non
1584 4101 1926 4158 extrinsecus

359 4177 568 4236 elllctus
602 4189 689 4236 est
722 4199 737 4236 :
773 4183 1016 4254 alioquin
1059 4187 1370 4258 complures
1394 4189 1483 4258 Idii
1514 4189 1922 4258 inducerentur,

361 4267 404 4321 si
459 4277 716 4325 extranea
761 4273 1166 4342 excogitaretur
1210 4277 1468 4332 divinitas
1511 4290 1704 4349 praeter
1746 4281 1926 4340 Patris

359 4357 718 4415 divinitatem.
751 4358 990 4418 Tametsi
1017 4364 1169 4419 enim
1211 4365 1325 4438 (88)
1355 4367 1499 4423 aliud
1530 4378 1616 4424 est
1640 4369 1833 4437 Filius,
1865 4383 1923 4429 ut

431 4451 475 4482 ³⁸
495 4447 654 4504 Joan.
683 4467 739 4518 ι,
769 4451 860 4508 30.
936 4453 982 4485 ’°
1003 4451 1160 4510 Joan.
1197 4471 1308 4522 xrv,
1337 4456 1426 4512 10.

430 4539 538 4611 (77)
581 4539 672 4596 Sic
699 4539 775 4596 Re

383 4611 396 4624 .
430 4558 538 4611 (tt)
582 4558 672 4596 διο
699 4558 903 4664 magna,
943 4558 1168 4616 aeguer.
1196 4558 1415 4627 ugbler.
1443 4558 1496 4603 et
1526 4558 1706 4602 r'elck.
1743 4558 1792 4601 1.
1815 4558 1928 4602 Isidi-

358 4619 399 4666 tt
433 4619 612 4690 autem
651 4619 706 4690 et
750 4626 779 4665 a
807 4629 863 4690 It,
894 4609 1032 4690 εἶναι
1060 4615 1151 4670 τὸν
1176 4633 1270 4690 του
1289 4616 1663 4690 ῨΠατρὸςῇΥίὸν
1697 4618 1793 4690 καὶ
1825 4619 1928 4690 Ade

359 4697 473 4755 γον.
505 4679 785 4755 Mo_x_li_eg.
817 4681 1131 4755 l,__Se_guer.
1167 4685 1384 4744 Gobler.
1419 4679 1690 4744 'et’Felck.
1724 4689 1777 4755 1,
1811 4689 1927 4742 ἀλλ’

362 4751 540 4830 εἴπερ.
572 4749 799 4830 Editinet
821 4753 935 4830 alii,
963 4749 1077 4830 ἄλλ’
1105 4757 1356 4830 ἐπείπερ.

434 4819 545 4889 (78)
590 4819 681 4905 8ic
709 4819 840 4943 Reg.
879 4824 906 4877 1
946 4835 1000 4879 et
1025 4824 1251 4898 Seguer.
1274 4819 1342 4882 Alt
1363 4828 1454 4883 alii
1485 4837 1539 4883 et
1569 4827 1721 4893 editi,
1754 4822 1934 4898 ἦνοοῦο

434 4908 452 4943 :
480 4894 507 4943 6
535 4891 760 4943 Kuatoc.
815 4891 914 4943 δει.
949 4902 1055 4943 etc.

361 4894 508 4962 1096
535 4890 760 4962 Κύριος,
787 4890 914 4962 ἔδει,
949 4902 1055 4950 etc.

434 4961 544 5039 (τό)
583 4959 767 5039 Felclt.
795 4961 845 5039 ἓ
875 4972 928 5018 et
956 4965 1135 5039 3am,
1155 4966 1210 5020 δὲ
1240 4968 1298 5039 ὲν
1330 4968 1470 5039 ἐμοί.
1503 4963 1695 5020 Caneri
1725 4983 1857 5039 mss.
1874 4969 1932 5021 δὲ

361 5030 454 5107 δαὶ
491 5033 571 5107 ’ἐν
618 5031 768 5107 (ἐμοί.Δ
789 5030 920 5107 βίοις
956 5031 1086 5107 Reg.
1111 5030 1141 5090 1
1177 5046 1230 5092 et
1252 5037 1306 5101 2,
1334 5030 1388 5093 εὶ
1417 5038 1640 5107 seguer.
1669 5036 1805 5107 πρὸς
1831 5040 1922 5090 τὸν

361 5099 576 5221 ῌῗὲρα
601 5099 678 5163 ὼς
705 5100 853 5166 Υἱός.
887 5103 957 5158 At
980 5099 1072 5160 alii
1106 5114 1162 5161 et
1188 5099 1342 5173 editi,
1383 5099 1518 5179 πρὸξ
1531 5105 1623 5158 τὸν
1646 5099 1862 5179 Πατέρα
1895 5109 1923 5162 6

433 5237 716 5319 (80)-11ρε.
747 5239 1055 5319 i,__$eguer.
1091 5243 1312 5319 Gobler.
1347 5253 1402 5300 et
1422 5243 1604 5319 ἰτρίοις.
1639 5245 1691 5311 1,
1723 5248 1787 5300 ὲκ
1820 5265 1928 5319 πη-

361 5307 624 5386 γῆςλ
663 5307 716 5363 et
741 5307 1197 5386 editioCommel.
1231 5315 1307 5378 ὼς
1339 5315 1542 5386 πηγῇς.

435 5378 553 5452 (81)⁸
589 5379 723 5452 Reg.
738 5451 741 5452 ν
774 5380 826 5452 1,
859 5380 1082 5452 §eguer.
1119 5384 1338 5440 Gobler.
1368 5378 1621 5442 etFelck.
1651 5384 1704 5451 1,
1734 5384 1926 5451 οὕτως.

363 5447 556 5500 Caneri
581 5458 634 5502 et
662 5449 815 5514 editi,
843 5447 1015 5515 οὗτος.

435 5518 542 5588 (82)
560 5517 780 5593 __l{_eg.__i
816 5530 870 5574 et
895 5521 1119 5593 Seguer.
1144 5523 1172 5574 6
1193 5522 1357 5593 ἥλιος.
1386 5524 1442 5577 1η
1468 5524 1592 5593 aliis
1620 5533 1674 5578 et
1698 5525 1876 5587 editis.
1901 5527 1930 5579 6

362 5587 532 5642 deest.
560 5587 689 5642 lbi'l.
725 5588 856 5661 Reg.
891 5591 941 5658 1,
969 5587 1194 5661 Seguer.
1215 5587 1441 5651 'Gobler.
1469 5603 1524 5651 et
1551 5592 1732 5652 Feltk.
1755 5596 1806 5662 1,
1835 5596 1929 5648 καὶ

849 4542 903 4607 1,
921 4542 1168 4616 _Seguer.
1196 4545 1415 4602 Gobler.
1443 4557 1496 4603 et
1525 4545 1706 4602 Felck.
1743 4548 1792 4601 1.
1813 4546 1930 4602 Edi-
1959 4555 2005 4614 υ

2032 1803 2150 1876 μδς,
2182 1803 2323 1858 ὥστε
2354 1804 2445 1857 τὸν
2485 1803 2697 1876 ὁρῶντα
2724 1805 2815 1858 τὸν
2855 1804 2984 1859 Υίὸν
3015 1808 3145 1877 ὁρᾷν
3173 1807 3232 1859 τὺ
3263 1806 3356 1860 τοῦ
3391 1807 3607 1878 Πατρὸς

2030 1895 2178 1960 ῐδιον,
2212 1895 2306 1949 καὶ
2350 1897 2511 1960 νοεῖν,
2550 1896 2632 1950 ὅτι
2674 1895 2769 1948 τοῦ
2804 1896 2935 1949 Υίοῦ
2967 1896 3029 1949 τὸ
3058 1893 3228 1961 εἶναι,
3260 1898 3325 1951 ὲκ
3362 1897 3456 1950 τοῦ
3491 1899 3606 1950 Πα-

2025 1987 2156 2058 τρὸς
2183 1986 2263 2050 6v,
2294 1986 2462 2051 οὕτως
2489 1986 2600 2057 (81)
2639 1987 2697 2039 ὲν
2724 1987 2800 2056 τῷ
2835 1988 3006 2058 Πατρι
3037 1989 3203 2042 ἐστιν.
3234 1986 3386 2042 Ἐστι
3418 1989 3475 2042 δὲ
3511 1990 3609 2042 καὶ

2026 2077 2057 2128 6
2081 2075 2271 2149 Πατὴρ
2298 2077 2354 2130 ὲν
2386 2075 2464 2147 τῷ
2490 2075 2627 2148 Υίῷ,
2663 2076 2850 2147 ἐπειδὴ
2879 2077 2941 2130 τὸ
2977 2079 3042 2130 ὲκ
3079 2076 3172 2130 τοῦ
3202 2078 3415 2149 Πατρὸς
3448 2080 3603 2145 ἴδιον,

2026 2164 2183 2220 τοῦτο
2207 2167 2238 2218 6
2265 2164 2386 2228 Υίὸς
2427 2164 2684 2235 τυγχάνει
2711 2163 2808 2231 ὢν,
2842 2164 2920 2228 ὡς
2953 2167 3010 2217 ὲν
3050 2164 3127 2236 τῷ
3157 2166 3550 2237 ἀπαυγάσματι
3577 2172 3608 2222 6

2025 2257 2174 2329 ἥλιος
2198 2256 2332 2327 (82),
2365 2255 2460 2309 καὶ
2489 2257 2547 2309 ὲν
2570 2254 2649 2325 τῷ
2677 2254 2821 2327 λόγῳ
2841 2257 2870 2309 6
2897 2255 3042 2322 νοῦς,
3064 2255 3160 2310 καὶ
3185 2259 3241 2310 ἐν
3264 2257 3344 2328 τῷ
3371 2261 3608 2331 ποταμῷ

2024 2353 2059 2424 ἡ
2094 2351 2262 2422 πηγή·
2284 2349 2425 2403 οὕτω
2453 2349 2562 2420 γὰρ
2587 2351 2616 2403 6
2639 2349 2857 2421 θεωρῶν
2879 2349 2970 2404 τὸν
2993 2351 3141 2416 Υίὸν,
3167 2349 3364 2422 θεωρεῖ
3384 2352 3484 2421 τῆς
3509 2355 3605 2407 τοῦ

2027 2441 2240 2512 Πατρὸς
2291 2439 2475 2503 οὐσίας
2512 2439 2576 2492 τὸ
2625 2439 2776 2505 ἴδιον,
2826 2441 2922 2494 καὶ
2951 2443 3082 2506 νοεῖ,
3138 2442 3219 2494 ὃτι
3251 2443 3491 2514 όΠατὴρ
3544 2447 3607 2497 ὲν

2024 2532 2104 2602 τῷ
2127 2531 2243 2602 Υἰῷ
2279 2533 2415 2587 ἐστι.
2461 2531 2568 2585 Τοῦ
2607 2532 2717 2604 γὰρ
2756 2531 2928 2596 εἴδους
2957 2532 3070 2603 (83)
3101 2535 3195 2587 καὶ
3220 2536 3318 2604 τῆς
3351 2535 3608 2606 θεότητος

2024 2625 2117 2678 τοῦ
2145 2623 2355 2696 Πατρὺς
2378 2623 2545 2696 οὔσης
2569 2624 2629 2678 τὸ
2653 2620 2790 2679 εἶναι
2817 2624 2912 2678 τοῦ
2943 2623 3072 2678 Υίοῦ
3102 2624 3410 2690 ἀκολούθως
3428 2629 3457 2680 6
3476 2628 3609 2692 Υἱὸς

2027 2715 2086 2767 ὲν
2109 2713 2189 2785 τῷ
2212 2713 2387 2786 Πατρί
2409 2716 2546 2778 ἐστι,
2579 2714 2674 2768 καὶ
2705 2715 2734 2768 6
2757 2714 2949 2785 Πατὴρ
2975 2714 3034 2766 ὲν
3059 2713 3138 2785 τῷ
3160 2714 3295 2785 Υίῷ.
3321 2715 3421 2769 Διὰ
3444 2716 3609 2772 τοῦτο

2024 2805 2133 2878 γὰρ
2165 2806 2259 2860 καὶ
2295 2807 2519 2870 εἰκότως
2549 2805 2665 2878 (84)
2696 2803 2932 2878 είρηκὼς
2970 2807 3262 2878 πρότερον·
3329 2807 3470 2878 Ἐγὼ
3501 2810 3606 2863 καί

2026 2899 2060 2951 ό
2085 2897 2289 2966 Πατὴρ
2318 2897 2389 2952 ἓν
2423 2898 2644 2967 ἐσμεν,
2689 2898 2937 2968 ἐπήγαγε
2981 2898 3062 2951 τό·
3105 2898 3252 2968 Ἐγὼ
3281 2899 3351 2952 ἐν
3372 2899 3454 2965 τῷ
3485 2905 3607 2954 Πα-

2025 2987 2138 3056 τρί,
2168 2987 2266 3042 καί
2299 2990 2332 3041 ό
2363 2985 2567 3054 Πατὴρ
2608 2986 2678 3040 ἐν
2717 2986 2867 3056 ἐμοι·
2905 2986 2993 3040 ἵνα
3027 2984 3126 3056 τὴν
3168 2987 3267 3057 μὲν
3299 2987 3608 3060 ταύτότητα

2029 3081 2131 3152 τῆς
2157 3079 2425 3152 θεότητος,
2458 3078 2558 3151 τὴν
2591 3079 2648 3134 δὲ
2687 3079 2912 3153 ἑνότητα
2947 3078 3059 3150 (85)
3089 3080 3188 3150 τῆς
3222 3079 3601 3153 σύσίαςδείξῃ.

2098 3168 2152 3222 4.
2195 3169 2290 3222 ’Ἐν
2318 3169 2427 3239 γάρ
2454 3169 2613 3236 εἰσιν,
2641 3169 2740 3240 οὐχ
2767 3169 2842 3232 ὼς
2874 3168 2996 3232 ἑνὸς
3033 3168 3193 3222 πάλιν
3225 3170 3306 3232 είς
3333 3169 3427 3224 δύο
3461 3171 3605 3241 μέρη

2028 3259 2406 3331 διαιρεθέντος,
2459 3260 2554 3314 καὶ
2595 3260 2762 3331 μηδὲν
2798 3260 2968 3314 ὄντων
3017 3260 3156 3331 πλὴν
3199 3260 3346 3324 ἑνός·
3377 3262 3502 3314 οὐδὲ
3527 3262 3608 3325 ὡς

2028 3351 2124 3405 τοῦ
2155 3353 2272 3416 ἐνὸς
2310 3351 2392 3416 δὶς
2427 3352 2845 3423 ὀνομαζομένου,
2877 3352 3018 3406 ὥστε
3051 3352 3166 3424 (86)
3194 3353 3286 3406 τὸν
3315 3353 3479 3406 αὑτὸν
3506 3352 3607 3407 ἄλ-

2030 3443 2149 3495 λοτε
2197 3443 2296 3514 μὲν
2339 3443 2580 3514 Πατέρα,
2619 3443 2806 3498 ἄλλοτε
2832 3443 2889 3496 δὲ
2934 3444 3061 3498 Υίὸν
3098 3442 3291 3496 ἑαυτοῦ
3334 3442 3605 3511 γίνεσθαι·

2029 3531 2187 3585 τοῦτο
2230 3531 2339 3602 γὰρ
2387 3531 2672 3596 Σαὸέλλιος
2712 3533 3012 3603 φρονήσας,
3063 3533 3336 3605 αἱρετικὸς
3382 3532 3603 3604 ἐκρίθη.

2044 3622 2202 3678 Ἀλλὰ
2238 3622 2331 3676 δύο
2377 3623 2475 3694 μέν
2518 3625 2679 3686 εἰσιν,
2714 3623 2794 3676 ὃτι
2824 3623 2854 3675 6
2889 3622 3077 3694 Πατὴρ
3117 3624 3307 3696 Πατήρ
3341 3624 3477 3688 ἐστι,
3510 3625 3610 3676 καὶ

2030 3716 2128 3786 οὑχ
2159 3717 2187 3768 6
2209 3715 2370 3778 αὐτὸς
2404 3714 2534 3778 Υἱός
2564 3718 2700 3769 ἐστι·
2736 3717 2830 3769 καὶ
2863 3719 2893 3770 6
2915 3716 3044 3779 Υἱὸς
3071 3715 3198 3779 Υίός
3225 3717 3363 3780 ἐστι,
3391 3716 3484 3770 καὶ
3506 3717 3609 3786 οὐχ

2029 3809 2059 3860 6
2097 3807 2258 3871 αὐτὸς
2304 3807 2496 3879 Πατήρ
2543 3807 2680 3863 ἐστι.
2728 3806 2844 3863 Μία
2871 3808 2928 3860 δὲ
2958 3809 2992 3878 ἡ
3033 3807 3211 3877 φύσις·
3262 3808 3323 3861 οὐ
3356 3807 3466 3880 γὰρ
3507 3809 3609 3860 ἀν-

2031 3897 2212 3968 όμοιον
2243 3897 2305 3949 τὸ
2337 3897 2582 3968 γέννημα
2609 3895 2703 3950 τοῦ
2741 3898 3114 3967 γεννήσαντος·
3143 3894 3304 3949 είκὼν
3325 3897 3433 3968 γάρ
3457 3898 3611 3949 ἐστιν

2030 3988 2216 4053 αὑτοῦ,
2249 3989 2343 4041 καὶ
2366 3989 2544 4041 πάντα
2570 3988 2639 4042 τὰ
2665 3988 2876 4060 Πατρός
2899 3985 2995 4040 τοῦ
3034 3986 3166 4040 Υίοῦ
3198 3988 3335 4041 ἐστι.
3367 3987 3456 4040 Διὸ
3483 3987 3612 4041 οὐδὲ

2031 4079 2186 4144 ἄλλος
2224 4077 2356 4143 Θεὸς
2397 4082 2426 4134 6
2467 4079 2595 4143 Υἱός
2636 4079 2770 4150 (87)·
2808 4080 2870 4133 οὐ
2911 4076 3043 4150 γὰρ.
3067 4076 3265 4144 ἔξωθεν
3310 4076 3605 4149 ἐπενοήθη·

2031 4171 2153 4224 ἐπεὶ
2183 4169 2398 4234 πάντως
2416 4170 2511 4224 καὶ
2535 4169 2739 4234 πολλοὶ,
2767 4169 2925 4239 ξένης
2957 4167 3108 4240 παρὰ
3130 4167 3229 4239 τὴν
3266 4167 3360 4220 τοῦ
3389 4168 3610 4238 Ila-:96;

2031 4263 2419 4334 ὲπινοουμένης
2460 4262 2728 4335 θεότητος·
2773 4264 2823 4316 εί
2863 4261 2973 4333 γὰρ
3005 4260 3100 4315 καὶ
3139 4260 3324 4333 ἕτερόν
3355 4262 3503 4314 ἐστιν
3529 4261 3610 4324 ὼς

2030 4357 2276 4428 γέννημα
2300 4357 2330 4410 ό
2365 4356 2514 4422 Υἱὸς,
2543 4355 2679 4410 ἀλλὰ
2709 4355 2905 4410 ταύτόν
2933 4356 3082 4408 ἐστιν
3119 4353 3197 4419 ὡς
3235 4353 3386 4416 Θεός·
3419 4354 3514 4406 καὶ
3544 4353 3610 4406 ἓν

2029 4550 2312 4626 τῷὶΑόγῳ.
2346 4551 2450 4626 Alii
2480 4561 2547 4626 et_
2559 4553 2711 4620 editi,
2729 4553 2822 4626 καὶ
2843 4554 2903 4626 εν
2929 4553 3007 4626 τῷ
3029 4554 3206 4626 Λόγῳ.

2101 4572 2108 4600 t
2137 4572 2312 4620 Λογω.
2346 4572 2450 4606 8111
2480 4572 2534 4607 ει
2559 4572 2711 4620 CUI",
2729 4572 2822 4606 και
2843 4572 2903 4606 εν
2929 4572 3007 4607 τω
3029 4572 3106 4608 Λο
3145 4573 3206 4626 ῳ.

2101 4621 2215 4692 (85)
2259 4603 2388 4692 Reg.
2427 4623 2479 4688 1,
2515 4620 2741 4693 Seguer.
2770 4607 2991 4679 Gobler:
3023 4634 3078 4678 et
3107 4572 3291 4680 Pelck.
3324 4625 3376 4688 1,
3409 4625 3607 4690 εῐδους.

2032 4690 2090 4744 In
2112 4690 2857 4767 "Anglicgqugque‘margine
2885 4702 3128 4760 notatur,
3150 4711 3241 4767 γρ.
3267 4695 3459 4758 εἴδους.
3487 4696 3610 4753 Cae-

2031 4761 2131 4816 teri
2167 4760 2230 4816 et
2253 4760 2419 4816 editio
2438 4760 2704 4818 COmmel.
2739 4760 2897 4818 ἰδίου.

2103 4830 2213 4902 (84)
2247 4831 2383 4904 Βεε.
2403 4831 2474 4904 1,
2507 4831 2734 4903 Seguer.
2764 4835 2876 4904 γὰρ
2916 4831 3160 4896 εἰκότως.
3191 4831 3297 4890 Alii
3348 4842 3405 4892 et
3452 4837 3612 4902 editi,

2031 4900 2148 4973 γὰρ
2171 4900 2542 4973 οιαὶ-εί-κότως.

2129 4971 2220 5044 8_5)
2261 4971 2486 5044 §eguer.
2513 4973 2613 5044 τῂν
2643 4971 2892 5044 ἑνότητα.
3314 5043 3323 5044 7
3365 5042 3377 5044 4
3643 5017 3650 5022 .

2129 4983 2220 5041 85)
2262 4983 2486 5042 δθευεν.
2513 4983 2613 5043 τὴν
2643 4983 2892 5044 ἑνότητα.

2102 4983 2213 5114 (86)
2255 5041 2348 5114 Sic
2379 5041 2598 5114 Regni,
2640 5041 2865 5114 Sgguer.
2898 5046 3118 5102 Gobler.
3145 5057 3200 5103 et
3237 5042 3421 5100 Felck.
3451 5045 3503 5098 1.
3541 5049 3615 5102 At

2031 5111 2356 5198 aliisied'i‘ti,
2373 5111 2494 5198 οῦδὲ
2507 5112 2681 5198 (figas;
2691 5111 2861 5168 Paulo
2882 5116 3226 5198 p-(‘istLFelck
3251 5115 3309 5198 ᾖ,
3328 5114 3613 5198 Σαῃϐἑλιος.

2104 5181 2216 5305 (87)
2258 5181 2385 5253 Reg.
2414 5184 2440 5236 1
2471 5190 2528 5236 et
2555 5183 2610 5248 2,
2648 5181 3075 5305 sepem—lissi].
3125 5187 3338 5269 Anglic.
3385 5184 3611 5242 Gobler.

2033 5249 2214 5337 Felglf‘:
2250 5253 2360 5337 inet
2382 5251 2438 5315 5,
2473 5252 2604 5337 ᾓεὸς
2629 5255 2658 5306 6
2710 5253 2838 5337 Δίός.
2869 5254 3014 5337 Εὐιιι
3037 5265 3092 5312 et
3113 5259 3229 5322 alii,
3261 5255 3573 5337 Θεὸςγίός.
3599 5335 3608 5337 Α

2109 5320 2338 5393 (88),1ια
2385 5324 2674 5393 vertimus,
2707 5331 2914 5393 textum
2964 5320 3222 5382 Graecum
3262 5325 3458 5390 secuti,
3485 5327 3618 5382 licet

2031 5391 2718 5464 vulgodoceant__theologi
2741 5391 2938 5450 Filium
2968 5413 3077 5452 non
3119 5397 3288 5459 aliud,
3313 5396 3406 5450 sed
3441 5397 3616 5449 αίίιιηι

2033 5459 2156 5515 esse
2183 5475 2215 5515 a
2240 5460 2420 5516 Patre.
2449 5459 2650 5519 Verum
2671 5459 2800 5518 'ista
2829 5466 3091 5530 dictione,
3133 5467 3305 5531 aliud,
3348 5465 3490 5520 idem
3521 5467 3617 5520 hic

2037 5531 2304 5607 significat
2330 5540 2554 5586 sanctus
2584 5534 2939 5600 Athanasius,
2966 5537 3115 5607 quod
3146 5536 3383 5607 theologi
3414 5535 3617 5591 dictio-

2036 5599 2124 5663 ne,
2151 5599 2310 5664 alius,
2345 5609 2404 5655 ut
2425 5611 2591 5672 patet.
