3840 6220
411 241 516 298 535

976 231 1034 287 S.
1075 228 1448 285 ATHANASII
1486 226 1635 285 OPP.
1673 227 1856 286 PARS
1893 227 1935 285 l.
1975 258 1998 269 -

2109 224 2450 282 usromca
2494 224 2584 280 ET
2620 208 3077 282 nocuanca.‘

3553 227 3658 284 535

411 379 532 420 eam
556 360 629 418 ob
655 373 770 416 rem
793 372 972 429 opera:
998 356 1231 427 pretium
1259 365 1362 422 est,
1390 354 1553 410 etiam
1586 354 1654 409 de
1674 353 1985 425 huiusmodi

2109 351 2192 405 τῶν
2215 349 2412 424 ῥητῶν,
2428 349 2503 414 ὡς
2523 349 2743 404 δυνατόν
2762 351 2930 415 ἐστιν,
2948 351 3140 415 εἰπεῖν,
3165 349 3251 404 ἴνα
3276 350 3476 415 πάντες
3493 351 3663 420 γνῶσι

413 455 574 512 dictis
602 468 701 524 pro
731 461 920 508 nostra
952 448 1208 504 facultate
1245 448 1536 516 disserere,
1559 457 1618 503 ut
1652 447 1777 502 inde
1803 448 1982 502 omni-

416 548 517 602 bus
540 552 720 617 pateat
749 558 878 598 vere
906 541 1144 596 Arianos
1178 539 1270 594 Dei
1307 541 1490 596 hostes
1535 555 1679 596 esse.
1723 538 1780 594 Si
1823 540 1988 608 igitur

417 639 556 694 Filio
583 635 858 694 contentio
873 643 1018 690 esset
1031 649 1155 689 cum
1178 631 1360 696 Patre,
1376 647 1486 687 non
1509 632 1782 688 immerito
1803 632 1988 702 hujus-

417 731 564 788 modi
603 731 692 786 ille
717 729 934 785 audiret
963 742 1162 793 voces;
1193 735 1247 782 et
1269 726 1313 782 si
1339 725 1795 794 quemadmodum
1822 725 1990 780 David

417 821 485 875 de
527 818 742 874 Adonia
785 827 840 873 et
884 816 1161 871 Absalone
1198 814 1427 878 audivit,
1456 815 1533 870 ita
1582 813 1745 870 Pater
1791 814 1986 869 Filium

419 909 643 975 videret,
666 915 812 964 recte
828 907 957 962 item
977 907 1092 962 haec
1107 905 1270 961 verba
1295 905 1400 961 sibi
1429 904 1533 974 ipsi
1568 904 1774 960 diceret
1801 912 1855 959 et
1870 919 1992 974 pro-

417 1000 604 1064 ferret,
638 1015 707 1054 ne
737 999 874 1056 forte
898 997 1090 1066 Filius,
1127 997 1364 1066 seipsum
1398 995 1568 1051 Deum
1612 995 1864 1060 dicendo,
1886 995 1990 1049 ali-

417 1106 558 1162 quos
576 1106 608 1147 a
632 1090 792 1146 Patre
811 1090 1121 1146 abduceret.
1156 1089 1264 1145 Sed
1291 1090 1335 1144 si
1371 1096 1558 1144 contra
1593 1103 1652 1143 se
1687 1103 1777 1144 res
1807 1088 1987 1154 habet,

419 1183 618 1253 illeque
647 1182 742 1253 qui
769 1181 969 1237 Filium
1000 1181 1301 1252 cognoscit,
1324 1179 1542 1235 Patrem
1572 1181 1770 1238 melius
1790 1196 1992 1254 cogno-

419 1274 544 1339 scit,
575 1288 736 1344 quem
775 1288 968 1344 nempe
1001 1273 1078 1328 illi
1115 1272 1288 1327 Filius
1317 1272 1433 1342 ipse
1462 1271 1720 1341 patefacit
1749 1292 1762 1328 :
1797 1274 1868 1338 si,
1902 1275 1990 1329 in-

420 1360 607 1433 quam,
634 1365 828 1420 melius
855 1379 1072 1436 quoque
1120 1366 1174 1420 in
1200 1363 1398 1431 Verbo,
1435 1366 1512 1420 uti
1557 1364 1763 1420 dictu‘m
1785 1371 1890 1430 est,
1913 1367 1994 1422 vi-

422 1457 572 1512 debit
597 1455 815 1514 Patrem
840 1477 855 1513 :
883 1459 930 1514 si
953 1459 1078 1514 item
1101 1469 1390 1530 postquam
1411 1460 1633 1514 advenit
1661 1457 1854 1523 Filius,
1884 1473 1992 1514 non

424 1549 664 1621 seipsum
688 1549 784 1606 sed
816 1551 1028 1606 Patrem
1064 1553 1372 1618 honoravit,
1409 1551 1554 1607 unde
1589 1551 1805 1607 cuidam
1838 1551 1904 1605 ad
1937 1565 1996 1607 se

426 1641 708 1697 accedenti
736 1641 831 1708 ait,
883 1641 1025 1708 Quid
1065 1660 1145 1698 me
1185 1644 1318 1699 dicis
1345 1641 1770 1698 bonum?Nemo
1811 1643 1993 1710 bonus,

425 1732 530 1786 nisi
581 1731 726 1787 solus
761 1731 900 1788 Deus
926 1734 1008 1800 ⁵³;
1034 1742 1088 1789 ει
1114 1735 1466 1808 interroganti
1495 1737 1769 1807 quodnam
1818 1735 1997 1805 majus

429 1824 743 1880 mandatum
785 1835 930 1882 esset
977 1827 1032 1881 in
1080 1827 1218 1899 lege,
1245 1829 1547 1900 respondit,
1580 1830 1742 1891 Audi,
1800 1828 1995 1897 Israel,

428 1912 684 1969 Dominus
705 1915 845 1971 Deus
879 1928 1019 1984 tuus,
1052 1917 1307 1972 Dominus
1339 1938 1474 1974 unus
1507 1930 1584 1975 est
1619 1921 1699 1974 ’δε
1729 1921 1903 1977 turbis
1925 1920 2000 1976 si-

426 2001 627 2057 militer
664 2003 787 2059 ait:
837 2004 949 2076 Ego
993 2007 1057 2061 de
1099 2008 1226 2061 calo
1267 2009 1532 2076 descendi,
1569 2027 1670 2064 non
1699 2019 1756 2064 ut
1798 2011 1999 2081 faciam

426 2091 748 2148 voluntatem
797 2112 987 2162 meam,
1026 2099 1117 2151 sed
1145 2099 1465 2154 uoluntatem
1513 2100 1698 2156 Patris
1725 2103 1816 2172 qui
1854 2103 2000 2157 misit

429 2200 510 2238 me
525 2184 606 2240 ":
635 2185 716 2242 sic
753 2202 971 2257 quoque
1013 2189 1240 2245 docebat
1283 2191 1614 2261 discipulos,
1649 2191 1814 2248 Pater
1856 2209 2000 2248 meus

429 2276 600 2347 major
633 2295 714 2332 me
741 2289 818 2334 est
841 2279 888 2312 ⁸⁸
919 2295 934 2346 ;
965 2289 1039 2345 et,
1078 2279 1182 2346 Qui
1223 2298 1303 2336 me
1342 2281 1589 2347 honorat,
1623 2283 1846 2337 honorat
1882 2280 2001 2338 eum

427 2370 520 2441 qui
545 2369 706 2443 M1
734 2373 879 2427 misit
908 2389 988 2427 me
1018 2374 1085 2426 ⁸⁷.
1105 2373 1261 2440 Quod
1307 2374 1353 2428 si
1398 2373 1568 2429 Filius
1607 2375 1763 2430 talem
1792 2390 1850 2430 se
1874 2391 2002 2446 erga

425 2460 642 2517 Patrem
697 2464 921 2533 praebet,
947 2458 1077 2536 quid
1127 2466 1237 2521 illic
1273 2475 1357 2522 est
1383 2467 1742 2531 contrarium,
1777 2480 1836 2523 ιιι
1879 2470 2003 2538 quis

427 2552 520 2608 illa
551 2552 847 2624 Scriptura:
893 2555 1014 2611 loca
1064 2557 1168 2612 hoc
1208 2541 1372 2613 modo
1401 2559 1533 2614 velit
1572 2560 1913 2632 intelligere?
1945 2559 2003 2616 In

429 2643 621 2714 primis
647 2660 800 2712 vero,
825 2645 872 2700 si
889 2643 1127 2700 Verbum
1158 2646 1330 2702 Filius
1348 2657 1431 2703 est
1451 2646 1788 2719 Patris,quis
1811 2658 2005 2720 praeter

430 2731 524 2788 Dei
551 2734 741 2790 hostes
765 2735 902 2791 adeo
923 2736 1150 2792 demens
1173 2738 1266 2804 sit,
1285 2747 1344 2792 ut
1370 2739 1676 2809 suspicetur
1699 2741 1868 2795 Deum
1892 2742 2006 2798 haec

427 2820 670 2877 locutum
695 2838 839 2891 esse,
875 2839 987 2894 quo
1015 2841 1174 2880 suum
1217 2824 1452 2881 Verbum
1501 2827 1927 2884 calumniaretur
1952 2837 2008 2884 et

430 2913 666 2970 tolleret.
698 2913 812 2969 Non
837 2926 922 2970 est
955 2917 1069 2972 haec
1091 2917 1527 2974 Christianorum
1561 2921 1831 2975 sententia
1858 2940 1872 2975 :
1905 2922 2003 2976 ab-

2089 445 2181 498 xal.
2205 444 2269 496 ὲκ
2297 441 2523 507 τούτων,
2547 441 2629 496 ὅτι
2654 441 2822 505 ὅντως
2848 442 2987 496 εἰσὶν
3007 444 3058 496 οἱ
3089 443 3360 515 ’Λρειανοὶ
3381 443 3662 514 θεομάχοι.

2086 535 2151 588 Εἰ
2187 534 2284 605 μὲν
2318 529 2410 588 οὖν
2445 531 2646 603 ἅμιλλα
2671 532 2748 604 τῷ
2795 531 2909 601 Υἱῷ
2955 534 3071 586 ἐστι
3118 533 3256 604 πρὸς
3298 534 3390 586 τὸν
3424 535 3663 606 Πατέρα,

2086 624 2342 688 τοιαύτας
2390 624 2636 678 ἀκουέτω
2684 622 2897 693 φωνάς’
2934 625 3030 677 καὶ
3056 626 3105 677 εἰ
3138 625 3327 695 ὥσπερ
3360 625 3525 679 Δαὸὶδ
3553 624 3666 693 (24)

2087 720 2287 790 ἢκουσε
2313 717 2442 787 περὶ
2465 715 2559 770 τοῦ
2592 715 2842 769 ’Λδωνίου
2867 716 2961 768 καὶ
2981 714 3075 769 τοῦ
3104 715 3476 786 ’Λϐεσσαλὼμ,
3524 713 3669 768 οὕτω

2089 813 2181 867 καὶ
2213 814 2242 866 6
2280 809 2468 881 Πατὴρ
2499 809 2686 880 βλέπει
2717 808 2808 862 τὸν
2841 808 2968 862 Υἱόν
2991 826 3005 840 ·
3047 808 3184 881 πρὸς
3226 808 3414 861 ἑαυτὸν
3463 807 3670 874 λεγέτω

2090 905 2184 959 καὶ
2200 903 2522 976 προφερέτω
2539 900 2762 954 τοιαῦτα
2784 902 2849 972 et}
2859 918 3024 971 ματα,
3051 901 3261 971 μήποτε
3277 901 3305 952 6
3321 900 3469 965 Υἱὸς,
3492 899 3671 966 λέγων

2092 996 2281 1051 ἑαυτὸν
2310 994 2463 1058 Θεὸν,
2501 993 2785 1064 ἀποστήσῃ
2819 992 2970 1054 τινὰς
2998 992 3106 1046 ἀπὸ
3132 991 3226 1045 τοῦ
3257 991 3468 1060 Πατρός
3490 1008 3504 1020 θ
3543 993 3593 1044 εἰ
3613 990 3671 1044 δὲ

2090 1090 2120 1142 6
2141 1085 2420 1156 γινώσκων
2436 1085 2525 1139 τὸν
2543 1085 2670 1139 Υἰδν
2693 1085 2960 1153 γινώσκει.
2977 1083 3175 1155 μᾶλλον
3192 1083 3281 1136 τὸν
3295 1083 3407 1154 (25)
3429 1083 3670 1155 Πατέρα,

2091 1177 2568 1241 ἀποκαλύπτοντος
2611 1176 2801 1230 τοῦτον
2846 1175 2994 1246 αὐτῷ
3024 1172 3119 1230 τοῦ
3153 1173 3285 1228 Υἱοῦ
3306 1213 3322 1238 ,
3375 1173 3470 1228 καὶ
3505 1176 3562 1227 ὲν
3592 1173 3674 1244 τῷ

2093 1271 2249 1341 Λόγῳ
2275 1269 2463 1339 ὄψεται
2506 1269 2702 1340 μᾶλλον
2730 1268 2821 1322 τὸν
2849 1267 3094 1340 Πατέρα,
3129 1267 3381 1338 καθάπερ
3423 1266 3673 1337 εἴρηταιο

2093 1363 2262 1417 ἐλθὼν
2290 1363 2347 1416 δὲ
2375 1366 2404 1417 6
2435 1363 2582 1428 Υἱὸς,
2613 1364 2712 1434 ούχ
2741 1361 2952 1426 ἑαυτὸν,
2975 1360 3110 1415 ἀλλά
3133 1360 3224 1415 τὸν
3245 1360 3465 1431 Πατέρα
3486 1359 3675 1427 ἐδόξα-

2097 1473 2177 1519 σε,
2206 1455 2378 1525 λέγων
2403 1455 2501 1525 μὲν
2520 1455 2600 1526 τῷ
2625 1452 3078 1526 προσερχομένῳ’
3139 1455 3200 1508 Τί
3218 1469 3294 1522 με
3315 1451 3512 1522 λέγεις
3530 1453 3678 1522 ἀγα-

2095 1550 2238 1612 θόν;
2265 1546 2478 1614 Οὐδεὶς
2509 1546 2760 1617 ἀγαθὸς,
2790 1549 2844 1600 ει
2869 1545 2955 1616 μὴ
2989 1540 3077 1611 εἷς
3104 1548 3136 1600 ὁ
3167 1545 3340 1611 Θεόςο
3379 1544 3676 1616 ἀποκρινό-

2103 1657 2258 1712 μενος
2289 1640 2345 1694 δὲ
2371 1639 2450 1711 τῷ
2481 1637 2781 1710 ἐρωτῶντι,
2814 1637 2943 1690 ποία
2979 1636 3089 1706 (26)
3125 1636 3312 1706 ἐντολὴ
3344 1637 3401 1690 ὲν
3423 1635 3502 1706 τῷ
3527 1635 3682 1706 νόμῳ

2107 1730 2307 1803 μείζων
2329 1769 2346 1795 ,
2371 1730 2474 1796 ὅτι,
2513 1731 2720 1783 Ἄκουε
2762 1726 3000 1795 Ἰσραὴλ
3023 1767 3038 1793 ,
3067 1727 3328 1794 Κύριοςό
3357 1726 3498 1790 Θεός
3533 1739 3682 1790 σου,

2103 1824 2316 1890 Κύριος
2347 1819 2435 1888 εἷς
2475 1821 2605 1874 ἐστι
2624 1836 2638 1850 ο
2681 1821 2775 1874 καὶ
2801 1821 2912 1884 τοῖς
2947 1817 3043 1888 μὲν
3069 1817 3246 1888 ὄχλοις
3278 1817 3480 1885 λέγων·
3528 1815 3683 1886 Ἐγὼ

2099 1919 2167 1972 ἐκ
2193 1916 2301 1970 τοῦ
2338 1915 2448 1987 (9.7)
2476 1911 2737 1982 οὐρανοῦ
2763 1911 3135 1979 καταϐέϐηκα
3171 1913 3283 1980 οὐχ
3311 1911 3413 1964 ἵνα
3445 1907 3686 1978 ποιήσω

2097 2009 2164 2063 τὸ
2196 2006 2424 2076 θέλημα
2446 2006 2512 2060 τὸ
2539 2005 2704 2076 ἐμὸν,
2737 2003 2900 2060 ἀλλὰ
2931 2003 2998 2057 τὸ
3023 2002 3252 2071 θέλημα
3275 2001 3382 2055 τοῦ
3406 2000 3685 2071 πέμψαν-

2099 2101 2201 2167 τός
2226 2116 2303 2168 με
2317 2099 2544 2166 Πατρός
2565 2097 2676 2168 (‘28)
2693 2112 2707 2126 '
2729 2098 2855 2160 τοὺς
2877 2096 2935 2150 δὲ
2966 2094 3212 2166 μαθητὰς
3235 2093 3502 2147 διδάσκων
3525 2133 3539 2159 ,
3570 2094 3685 2156 ὅτι,

2112 2191 2164 2245 Ὁ
2193 2189 2393 2258 Πατήρ
2419 2208 2538 2259 μου
2562 2185 2775 2259 μείζων
2789 2189 2908 2258 μού
2935 2187 3066 2241 ἐστι
3086 2201 3102 2218 ⁸
3125 2185 3238 2249 καὶ,
3279 2186 3340 2238 '0
3369 2185 3474 2254 ἐμὲ
3500 2184 3691 2254 τιμῶν

2101 2285 2240 2356 τιμᾷ
2258 2286 2364 2338 τὸν
2381 2281 2700 2353 πέμψαντά
2721 2297 2816 2350 με.
2839 2280 2950 2334 Καὶ
2979 2282 3028 2334 εἰ
3048 2279 3292 2342 τοιοῦτός
3323 2281 3469 2332 ἐστιν
3496 2279 3526 2330 6
3551 2278 3690 2342 Υἱὸς

2102 2381 2238 2452 πρὸς
2251 2379 2342 2432 τὸν
2359 2375 2550 2430 ἑαυτοῦ
2563 2375 2946 2446 Πατέρα,’ποια
2957 2373 3284 2443 ἐναντιότης.
3301 2373 3388 2426 ἵνα
3404 2373 3499 2425 καὶ
3509 2371 3698 2425 τοιαύ-

2100 2489 2201 2542 την
2227 2487 2311 2533 τις
2327 2469 2580 2522 ὑπόνοιαν
2606 2466 2744 2548 λάὁῃ
2763 2466 2876 2537 (9.9)
2899 2467 3026 2536 περὶ
3051 2463 3158 2517 τῶν
3181 2462 3438 2516 τοιούτων
3466 2462 3691 2534 ρητῶνς

2107 2561 2313 2624 ’Λλλως
2338 2578 2396 2614 τε
2424 2562 2471 2613 εἰ
2492 2559 2664 2628 Λόγος
2690 2559 2808 2610 ἐστὶ
2824 2556 2919 2610 τοῦ
2940 2557 3156 2628 Ila-apo;
3179 2558 3206 2609 6
3228 2555 3376 2619 Υἱὸς,
3399 2554 3483 2618 τίς
3508 2554 3693 2614 οὕτως

2103 2655 2250 2708 ἐστὶν
2279 2654 2465 2724 ἄφρων
2488 2690 2503 2715 ,
2547 2648 2685 2720 πλὴν
2718 2648 2825 2702 τῶν
2875 2648 3260 2719 χριστομάχων
3279 2687 3296 2711 ,
3336 2647 3412 2709 ὡς
3441 2645 3696 2716 νομίζειν

2103 2747 2215 2809 ὃτι,
2246 2747 2338 2800 τὸν
2381 2744 2573 2799 ἑαυτοῦ
2621 2743 2793 2812 Λόγον
2838 2739 3136 2794 διαὸἀλλων
3186 2741 3281 2792 καὶ
3311 2736 3590 2808 ἀναιρῶν,
3621 2737 3695 2792 τὰ

2104 2833 2326 2888 τοιαῦτα
2375 2833 2667 2904 λελάληκεν
2700 2835 2729 2885 ὁ
2771 2829 2942 2894 Θεός;
2978 2830 3091 2882 Ούκ
3124 2828 3271 2880 ἐστιν
3297 2819 3450 2889 οὗτος
3482 2827 3513 2879 6
3560 2824 3696 2890 νοῦς

2105 2924 2480 2998 Χριστιανῶν⁹
2517 2926 2591 2996 μὴ
2619 2923 2857 2992 γένοιτοῐ
2909 2922 2984 2974 Οὐ
3020 2920 3125 2992 γὰρ
3153 2918 3242 2972 διὰ
3281 2916 3390 2988 (50)
3421 2916 3513 2969 τὸν
3553 2915 3694 2968 Υἰὸν

430 3005 539 3060 sit!
575 3003 686 3060 Nec
707 3005 851 3060 enim
882 3017 1102 3078 pr0pter
1129 3007 1327 3064 Filium
1357 3009 1458 3065 ista
1487 3011 1689 3080 scripta
1718 3020 1874 3078 sunt,
1909 3013 1998 3068 sed

2109 3017 2276 3072 ταῦτα
2300 3019 2606 3089 γέγραπται
2621 3056 2635 3080 ,
2662 3014 2774 3068 ἀλλ’
2795 3016 2876 3078 εἰς
2898 3012 3176 3084 ἀναίρεσιν
3203 3011 3310 3065 τῶν
3335 3007 3698 3063 πλασθέντων

431 3098 499 3153 ad
533 3097 806 3154 falsorum
835 3099 1088 3168 deorum,
1121 3102 1213 3172 qui
1253 3103 1322 3157 ab
1357 3103 1677 3158 hominibus
1715 3104 1824 3158 (icti
1851 3114 2000 3173 sunt,

430 3191 804 3248 eversionem:
838 3192 1001 3262 idque
1035 3193 1178 3248 haud
1213 3194 1420 3264 absque
1450 3203 1596 3250 recta
1627 3196 1858 3250 ratione.

500 3302 555 3359 8.
590 3302 729 3371 Quia
762 3304 906 3360 enim
938 3305 1032 3375 qui
1066 3304 1219 3360 falsis
1251 3304 1357 3361 diis
1390 3316 1516 3362 sunt
1553 3306 1775 3374 addicti,
1812 3321 1844 3361 a
1873 3321 2002 3361 vero

431 3391 544 3448 Deo
575 3393 874 3450 recedunt:
919 3395 1042 3452 ideo
1081 3394 1224 3452 Deus
1258 3398 1354 3468 qui
1388 3398 1563 3454 bonus
1587 3407 1672 3452 est
1705 3413 2004 3468 curamque

431 3485 716 3540 hominum
761 3477 945 3552 habet,
996 3502 1120 3543 cum
1174 3498 1420 3544 errantes
1469 3498 1712 3556 revocat,
1744 3489 1855 3544 ait:
1891 3487 2004 3559 Ego

434 3576 572 3630 Deus
605 3575 748 3632 solus
768 3578 848 3644 ⁸⁸;
872 3587 946 3645 et,
978 3577 1092 3650 Ego
1117 3597 1233 3635 sum
1256 3582 1333 3647 5’;
1359 3591 1434 3650 et,
1462 3579 1664 3636 Praeter
1692 3597 1772 3636 me
1796 3598 1898 3637 non
1927 3589 2007 3635 est

433 3668 573 3724 Deus
597 3669 664 3737 ",
691 3668 906 3741 aliaque
931 3670 984 3726 id
1007 3687 1200 3743 genus,
1228 3687 1351 3728 cum
1383 3682 1444 3728 ut
1465 3687 1529 3728 ea
1553 3687 1676 3743 quae
1701 3673 1848 3728 nulla
1877 3684 2004 3729 sunt

433 3759 767 3830 exploderet,
803 3771 919 3816 tum
959 3771 1020 3818 ut
1052 3777 1242 3819 omnes
1270 3764 1339 3819 ad
1369 3765 1607 3834 seipsum
1642 3773 2001 3820 converteret.

432 3852 512 3908 Ae
537 3854 993 3923 quemadmodum
1023 3855 1066 3910 si
1090 3855 1215 3926 quis
1241 3870 1337 3926 per
1365 3855 1508 3911 diem
1537 3865 1592 3912 et
1624 3855 1741 3912 sole
1786 3857 2004 3912 lucente

430 3944 637 4019 lignum
682 3955 884 4002 temere
920 3947 1187 4018 pingeret,
1222 3947 1276 4002 in
1306 3964 1417 4019 quo
1444 3965 1512 4005 ne
1543 3950 1750 4021 species
1783 3949 2003 4019 quidem

431 4047 576 4096 esset
614 4037 858 4106 luminis,
907 4041 1220 4112 diceretque
1259 4042 1400 4099 hanc
1441 4044 1732 4115 imaginem
1779 4059 2000 4099 causam

430 4143 553 4208 esse
581 4129 760 4187 lucis:
788 4133 928 4203 quod
963 4133 1046 4188 sol
1074 4133 1516 4191 animadvertens
1560 4136 1605 4191 si
1635 4119 1859 4203 diceret,
1888 4133 2002 4205 Ego

2109 3107 2259 3180 παρὰ
2277 3107 2383 3161 τῶν
2409 3105 2708 3176 ἀνθρώπων
2725 3102 3093 3174 ψευδωνύμων
3116 3101 3280 3155 θεῶν’
3309 3100 3452 3172 καὶὴ
3476 3098 3698 3152 δ.ἀνοισ.

2107 3200 2217 3254 τῶν
2243 3199 2496 3253 τοιούτων
2525 3198 2703 3271 ῥητῶν
2728 3197 2840 3268 ἔχει
2863 3196 2965 3269 τὴν
2990 3196 3170 3250 αἰτίαν
3201 3193 3444 3262 εὔλογον.

2177 3316 2231 3370 8.
2271 3313 2486 3386 Ἐπειδὴ
2529 3312 2636 3385 γὰρ
2675 3312 2724 3365 οἱ
2757 3311 3141 3383 προσκείμενοι
3172 3312 3284 3372 τοῖς
3309 3306 3696 3378 ψευδωνύμως

2107 3409 2249 3471 θεοῖς
2288 3406 2610 3475 ἀφίστανται
2639 3402 2732 3458 τοῦ
2763 3391 3015 3472 amem:
3048 3400 3213 3464 Θεοῦ,
3241 3399 3328 3453 διὰ
3353 3399 3516 3452 τοῦτο
3543 3400 3695 3468 ἀγα-

2107 3499 2198 3562 θὸς
2228 3497 2302 3552 ὣν
2345 3497 2436 3551 καὶ¹
2467 3496 2762 3568 κηδόμενος
2797 3494 2908 3565 (51)
2954 3493 3064 3546 τῶν
3111 3491 3412 3565 ἀνθρώπων
3452 3493 3482 3544 6
3528 3491 3694 3559 Θεὸς,

2106 3586 2544 3657 ἀνακαλούμενος
2563 3587 2688 3647 τοὺς
2715 3583 3110 3654 πλανηθέντας,
3137 3583 3330 3653 φησιν·
3369 3583 3512 3652 Ἐγὼ
3542 3584 3698 3649 Θεὸς

2100 3679 2319 3748 μόνοςο
2349 3677 2444 3731 κα)⁵
2465 3715 2480 3742 ,
2523 3675 2666 3747 Ἐγώ
2689 3679 2831 3747 ειμι·
2865 3675 2960 3731 καὶ
2993 3674 3105 3747 (32)
3127 3714 3141 3738 ,
3175 3675 3354 3741 Πλὴν
3393 3673 3546 3743 ἐμοῦ
3573 3677 3698 3729 οὐκ

2105 3769 2237 3822 ἔστι
2264 3767 2435 3833 Θεός’
2465 3767 2558 3820 καὶ
2602 3767 2703 3820 ὅσα
2731 3765 2956 3821 τοιαῦτά
3003 3767 3119 3819 ἐστι
3160 3765 3333 3836 ρητάο
3364 3765 3449 3820 ἵνα
3478 3767 3552 3819 τὰ
3589 3766 3698 3836 μὲν

2112 3861 2187 3932 μὴ
2219 3860 2348 3914 ὅντα
2374 3859 2635 3931 διαϐάλῃ,
2671 3857 2971 3930 ἐπιστρέψῃ
3015 3857 3071 3911 δὲ
3109 3858 3319 3920 πάντας
3354 3859 3435 3922 εἰς
3468 3859 3695 3912 ἑαυτόν.

2109 3949 2220 4003 Καὶ
2245 3948 2434 4020 ὥσπερ
2461 3947 2527 4002 ἂν
2553 3950 2607 4002 el
2624 3965 2706 4012 τις
2729 3948 2943 4020 ἡμέρας
2969 3945 3134 4016 οΰοης
3164 3947 3258 4001 καὶ
3284 3946 3438 4018 ἡλίου
3465 3947 3699 4016 φαίνον-

2107 4059 2198 4104 τος
2244 4041 2560 4112 ζωγραφοίη
2604 4040 2759 4108 ξύλον
2803 4041 2988 4104 ἁπλῶς
3007 4081 3021 4104 ,
3069 4040 3191 4094 οὐδὲ
3236 4039 3338 4094 κᾶν
3385 4042 3703 4110 φαντασίαν

2095 4130 2231 4202 ’ἕχον
2257 4133 2453 4201 φωτὸς,
2481 4132 2574 4186 καὶ
2601 4132 2750 4200 λέγοι
2782 4132 2881 4203 τὴν
2904 4131 3089 4185 εἰκόνα
3110 4131 3314 4204 ταύτην
3339 4131 3521 4186 αἰτίαν
3549 4129 3703 4186 εἶναι

501 4303 548 4337 ³³
584 4305 718 4387 Luc.
748 4309 1040 4387 ηερε-19.-
1099 4313 1145 4344 ³⁵
1182 4311 1348 4387 Marc.
1377 4329 1488 4387 an,
1515 4313 1606 4378 29,
1636 4312 1725 4370 30.
1800 4315 1849 4346 "
1885 4313 2043 4374 Joan.
2077 4335 2156 4387 vt,
2180 4318 2270 4375 58.
2346 4319 2394 4350 "
2428 4316 2588 4374 Joan.
2621 4335 2736 4387 xlv,
2767 4318 2859 4375 28.
2918 4321 2962 4352 ³⁷
3000 4319 3156 4378 Joan.
3185 4339 3236 4387 v,
3265 4321 3355 4376 25.
3432 4319 3484 4352 ⁵⁸
3526 4321 3702 4378 Deut.

431 4389 604 4444 amt,
634 4376 721 4433 59.
809 4380 854 4412 ⁸⁸
895 4378 1062 4436 Exod.
1097 4399 1181 4450 ιιι,
1211 4383 1296 4437 15.
1373 4384 1417 4416 ⁸⁸
1456 4376 1612 4440 Deut.
1644 4401 1718 4451 v1,
1750 4387 1806 4441 4.

501 4563 614 4644 ςτι)
649 4563 797 4644 Reg:
817 4565 869 4644 1,
899 4564 1142 4644 ἀκουέτω
1172 4566 1358 4636 φωνάς
1376 4586 1411 4644 -_
1429 4569 1524 4622 καὶ
1553 4569 1601 4644 ει
1631 4567 1820 4644 ῶσπερ
1847 4575 1875 4627 ὁ
1905 4577 1998 4628 Λα.

2109 4571 2346 4644 editione
2373 4569 2639 4644 Commel.
2669 4571 2820 4627 deest
2843 4572 3077 4644 Πατρός.

427 4634 532 4698 διδ,
563 4633 680 4711 εις.-
701 4633 864 4711 Editi,
895 4633 1239 4711 ἀκουέτωσαν
1263 4640 1607 4711 -φωνάςζκαὶ
1636 4641 1682 4692 εἰ
1712 4633 1991 4711 ὡς’Δαϐίδ,

427 4715 534 4759 etc.
569 4705 769 4774 Ibidem
804 4707 933 4774 Reg.
972 4706 1025 4770 1,
1057 4704 1436 4762 Goblerian.et
1462 4707 1641 4764 Felck.
1665 4711 1715 4772 1,
1736 4704 1996 4766 ’Λϐεσσαξ

427 4774 566 4852 λῴμ.
598 4772 729 4852 Reg.
761 4775 816 4852 ξ,
842 4772 1008 4852 Basil.
1034 4785 1088 4852 et
1117 4775 1776 4852 Λιιειίοιιιιςᾼϐεσαλώμ.
1831 4783 1994 4848 Editi,

441 4845 748 4919 ’ᾼϐσαλώμη
780 4845 907 4919 item
939 4845 1294 4919 ibideinliveg.
1327 4851 1376 4912 1,
1402 4851 1620 4906 Gobler.
1653 4845 1923 4908 et'Felck.
1944 4845 1996 4917 1,

427 4914 600 4980 οὕτως
640 4914 735 5002 καὶ
781 4916 810 4968 ὁ
855 4915 1043 4988 Πατὴρ
1073 4914 1278 5038 ξλέπεῖ.
1303 4919 1496 5001 _Editio
1532 4921 1820 4986 Commel.,
1853 4914 1999 4978 καὶὸ

427 4985 618 5038 Πατὴρ
654 5003 796 5038 ουτω
819 4985 1023 5038 Βλέπει.
1054 4985 1073 5038 l
1101 5003 1184 5038 ea.
1219 4989 1268 5038 1.
1304 4991 1498 5038 ibidem
1525 4991 1662 5038 πρὸς
1696 4994 1887 5038 ἑαυτὸν
1909 4995 1999 5038 λε..

427 4985 796 5064 Πατὴρῃούτω
818 4985 1189 5064 βλιξπείλιξθεἱ
1219 4989 1268 5052 1,
1287 4990 1498 5064 ibidem
1525 4991 1662 5062 πρὸς
1696 4985 1887 5047 ἑαυτὸν
1909 4995 1999 5048 λε·-

426 5054 599 5129 γὲτωξ
621 5054 956 5129 Ερᾐιὶξπρὸς
986 5054 1396 5129 αὐτὸν-λεγέτω.

519 5124 612 5198 25)
655 5124 746 5198 Sic
780 5124 909 5198 Reg.
951 5130 1002 5190 1,
1039 5124 1258 5182 Gobler.
1293 5140 1345 5183 et
1366 5127 1546 5185 Felck.
1580 5129 1631 5186 1.
1668 5129 1812 5185 Editi
1846 5148 2000 5198 vero,

432 5196 630 5263 μᾶλλον
659 5197 754 5250 καὶ
781 5196 892 5251 τόν.

500 5263 617 5388 (Ξεὲ
655 5265 788 5348 Reg.
825 5267 876 5330 1,
906 5268 1332 5353 ἀποκρινόμενος
1359 5269 1414 5322 δὲ
1422 5267 1827 5354 ξῷέρωτιῶντι,
1851 5273 2002 5337 ποία,

500 5349 530 5386 ξ.
621 5337 739 5388 ditt.
789 5339 1222 5388 ἀποκρινάμενος
1269 5339 1328 5388 δε
1381 5357 1459 5388 τω
1503 5355 1777 5388 εοωτωντι
1818 5342 2000 5388 αὐτὸν-

427 5342 530 5456 elc‘.
575 5337 739 5401 Editi,
789 5337 1222 5410 ἀποκρινάμενος
1269 5339 1328 5392 δὲ
1381 5339 1459 5411 τῷ
1485 5337 1777 5412 ἐρωτῶντι
1818 5342 2002 5408 αὑτὸν,

427 5419 499 5455 πο
523 5421 578 5456 α.

427 5419 578 5458 ποια.

456 5473 614 5562 .1927)
656 5473 746 5562 Sic
771 5475 964 5562 £93.?
998 5487 1050 5532 et
1077 5477 1638 5562 éttglie..A‘t'Gobler.
1674 5479 2003 5561 et_Felck.i,

456 5519 460 5524 .
499 5493 614 5546 (Il)
656 5493 746 5562 Plc
780 5493 911 5562 “eg.
937 5493 964 5530 ι
998 5493 1050 5532 et
1077 5493 1394 5600 Λιιὲιο..έιι
1420 5493 1638 5533 uenter.
1674 5493 1778 5561 (ξι-ιε

425 5540 619 5614 λέγων,
656 5563 738 5599 οτι
771 5547 912 5614 Ἐγω
939 5547 1003 5600 ὲκ
1029 5565 1142 5600 του.
1221 5548 1338 5613 ditt,
1368 5548 1543 5614 λέγον,
1574 5551 1638 5602 ὲκ
1665 5568 1778 5605 του.

501 5611 614 5684 (28)
654 5615 744 5671 Sic
774 5611 907 5685 Reg.
937 5616 963 5671 1
992 5627 1047 5673 et
1073 5615 1128 5682 2,
1162 5611 1406 5687 Golden,
1439 5611 1666 5676 Fcl’ckJ
1703 5631 1756 5678 et
1775 5621 1924 5678 LM
1947 5622 2006 5676 in

2179 4641 2312 4715 (29)⁸
2333 4641 2464 4711 Reg.
2492 4643 2543 4706 1,
2582 4641 2805 4715 Seguer.
2841 4641 3112 4715 ctrBasilur
3139 4642 3525 4715 Morplbidem
3551 4643 3704 4714 Reg.

2106 4711 2132 4766 1
2191 4711 2250 4767 et
2281 4711 2526 4782 Seguer.,
2562 4711 2760 4784 ῥητῶν.
2813 4713 2919 4767 Alii
2948 4723 3002 4768 et
3029 4714 3184 4778 editi,
3218 4711 3390 4774 λᾶϐοι,
3422 4723 3478 4767 et
3509 4711 3713 4787 ρημᾶο

2103 4800 2234 4837 των.
3157 4815 3168 4826 ·

2181 4851 2294 4923 (50)
2335 4850 2425 4906 Sic
2453 4850 2584 4912 Rea.
2617 4852 2667 4923 1,
2703 4851 2927 4923 Seguer.
2963 4853 3182 4908 Gobler.
3216 4861 3270 4908 et
3295 4851 3476 4908 Felck.
3517 4853 3571 4910 1.
3626 4858 3709 4909 Αι

2104 4924 2196 4977 alii
2232 4922 2285 4976 et
2310 4923 2463 4983 editi,
2490 4923 2610 4975 οὐδὲ
2643 4922 2751 4975 διά.

2177 4993 2286 5063 (51)
2330 4991 2426 5063 δίο
2451 4993 2583 5063 Reg.
2645 4994 2671 5045 1
2711 5002 2764 5047 et
2801 4991 3023 5063 Seguer.
3058 4992 3252 5048 Caeteri
3279 5002 3460 5048 autem
3490 5003 3549 5048 et
3576 4997 3716 5050 edi-

2107 5064 2168 5128 ti,
2191 5062 2275 5116 ὣν
2303 5062 2616 5131 κηδόμενος.

2181 5132 2292 5203 (52)
2326 5133 2427 5203 Sic
2451 5130 2583 5200 Reg.
2621 5135 2642 5186 1
2672 5145 2724 5187 et
2757 5133 2814 5196 2,
2851 5134 3076 5202 Seguer.
3115 5132 3280 5188 Basil.
3313 5132 3621 5203 Anglican.
3652 5151 3714 5192 et

2111 5201 2372 5274 Felckts.
2411 5201 2466 5255 In
2507 5204 2784 5274 aliisiveru
2809 5214 2861 5257 et
2885 5201 3045 5258 editis
3069 5205 3163 5258 καί
3189 5201 3514 5274 ἁθρειηΜςιχ
3549 5204 3711 5274 Reg.

2114 5273 2163 5346 1,
2200 5272 2506 5346 et_Seguer.
2538 5273 2768 5346 62966113
2803 5292 2816 5328 :
2855 5275 2948 5328 alii
2980 5283 3035 5346 et
3070 5275 3223 5330 editi.
3256 5272 3563 5346 διαϐάλλῃζ
3589 5272 3715 5329 lbi-

2108 5344 2228 5414 dem
2258 5343 2386 5410 Reg.
2424 5343 2446 5414 1
2486 5353 2540 5397 et
2568 5343 2892 5414 2,!5eg'uer.,
2921 5345 3126 5408 πάντας
3163 5346 3242 5407 εἰς
3272 5343 3499 5414 ἑαυτόν.
3519 5343 3712 5411 Editi,

2108 5412 2284 5466 πάντα
2315 5415 2394 5484 εἰς
2423 5413 2634 5467 ἑαυτόν.
2681 5412 2812 5469 Item
2862 5414 3061 5470 ibidem
3107 5415 3236 5483 Reg.
3275 5416 3300 5468 1
3353 5423 3406 5466 et
3453 5413 3712 5484 Seguer.

2105 5483 2321 5623 ⁷ἷὶίιξὲπερ
2347 5483 2416 5537 ἂν
2445 5484 2500 5538 εἴ
2524 5501 2608 5549 τις
2631 5486 2866 5562 ἡμέρας.
2897 5486 3001 5541 Alii
3029 5495 3082 5540 et
3108 5481 3478 5555 editi,"061cep
3498 5481 3576 5540 ἂν
3599 5487 3718 5558 τῆς

2195 5571 2338 5623 ερας.
