3840 6220
173 376 275 431 337

1288 372 1555 430 onmno
1594 373 1659 428 ιη
1692 366 1980 429 CONTRA
2013 356 2321 430 Asianos

3322 380 3428 436 538

172 495 264 548 τος
289 490 467 562 φωτός
484 491 597 561 (55)
614 507 627 520 ·
654 491 681 543 6
703 489 760 543 δὲ
774 489 924 559 ἥλιος
936 487 1097 541 τοῦτο
1114 487 1328 559 βλέπων
1345 490 1393 541 εἰ
1408 487 1584 557 λέγοι·
1619 487 1756 556 Ἐγὼ

1868 487 2007 543 solus
2031 503 2151 542 sum
2177 487 2268 542 lux
2294 487 2421 552 diei,
2441 502 2541 544 nec
2559 496 2643 545 ea
2661 490 2765 545 alia
2789 492 2879 546 lux
2909 504 3102 561 praeter
3114 510 3200 548 me
3224 514 3238 561 ;
3266 512 3427 552 nemo

175 586 334 656 μόνος
364 581 480 653 εἰμὶ
506 581 570 634 τὸ
602 579 716 650 φῶς
762 580 859 649 τῆς
899 579 1112 650 ἡμέρας
1135 622 1150 646 ,
1192 581 1283 633 καὶ
1316 581 1413 633 οὐκ
1444 580 1590 633 ἐστιν
1622 580 1751 635 ἀλλο

174 677 287 746 φῶς
310 676 414 747 τῆς
435 675 649 747 ἡμέρας
680 673 817 745 πλὴν
840 673 972 744 ἐ.μοῦ
991 691 1003 704 ·
1027 673 1087 726 ού
1113 673 1249 743 πρὸς
1272 673 1335 725 τὸ
1359 672 1551 725 ἑαυτοῦ
1574 672 1751 727 ἀπαύ-

173 785 364 839 γασμα
397 766 610 838 βλέπων
645 765 817 819 ταῦτα
845 764 993 833 λέγει
1014 803 1028 825 ,
1062 762 1195 816 ἀλλὰ
1224 764 1362 835 πρὸς
1396 763 1495 834 τὴν
1542 763 1750 836 πλάνην

170 859 261 914 διὰ
284 860 387 930 τὴν
406 859 590 911 εἰκόνα
606 855 699 909 τοῦ
722 855 876 921 ξύλου
898 856 989 908 καὶ⁴
1012 855 1369 925 ἀνομοιότητα
1393 854 1492 925 τῆς
1518 855 1751 925 ματαίας

174 948 509 1020 φαντασίας·
541 946 713 1010 οὕτως
746 947 862 998 ἐστὶ
883 948 977 999 καὶ
1002 946 1083 1009 τὸ,
1121 944 1261 1015 Ἐγώ
1284 948 1423 1009 ειμι,
1456 946 1569 1011 καὶ,
1605 944 1752 1016 Ἐγὼ

169 1044 359 1112 μόνος
377 1041 487 1110 (54)
506 1039 671 1105 Θεὸς,
698 1040 812 1101 καὶ,
837 1040 959 1091 Οὐκ
981 1038 1152 1091 ἔστιν
1170 1036 1362 1102 ἄλλος
1383 1037 1549 1105 πλὴν
1573 1036 1718 1107 ἐμοῦ
1734 1055 1749 1070 ο

176 1134 262 1186 ινα
287 1133 398 1186 τῶν
424 1129 792 1202 ψευδωνύμων
824 1130 1108 1201 ἀποστήσῃ
1137 1129 1262 1192 τοὺς
1289 1127 1629 1198 ἀνθρώπους,
1659 1129 1753 1183 καὶ

177 1222 422 1293 μάθωσιν
465 1222 625 1275 αὑτὸν
659 1220 843 1273 λοιπὸν
885 1220 976 1272 τὸν
1022 1220 1273 1291 ἀληθινὸν
1315 1219 1465 1273 Θεόν.
1538 1220 1753 1289 Ἀμέλει

173 1312 349 1366 ταῦτα
379 1312 553 1382 λέγων
582 1312 611 1364 6
636 1312 768 1375 Θεὸς
798 1310 885 1364 διὰ
909 1309 1002 1363 τοῦ
1035 1310 1210 1379 Λόγου
1236 1309 1428 1363 ἑαυτοῦ
1462 1309 1642 1379 ἔλεγεν
1661 1327 1675 1340 ο
1704 1312 1752 1363 εἰ

178 1402 252 1472 μὴ
283 1401 395 1472 ἀρα
417 1402 511 1454 καὶ
532 1400 691 1454 τοῦτο
721 1397 1031 1470 προσθῶσιν
1056 1400 1104 1451 οἰ
1132 1396 1226 1452 νῦν
1271 1397 1541 1461 Ἰουδαῖοι,
1572 1397 1651 1450 ὅτι
1678 1395 1753 1468 μὴ

174 1492 263 1546 διὰ
292 1491 389 1545 τοῦ
418 1492 592 1561 Λόγου
624 1490 796 1544 ταῦτα
819 1489 1143 1561 λελάληκεν
1178 1488 1291 1542 ἀλλ’
1316 1488 1485 1551 οὕτως
1518 1488 1751 1561 εἴρηται,

176 1584 282 1639 κᾶν
313 1584 615 1654 μαίνωνται
638 1585 685 1635 0i
704 1580 1017 1636 διαὼλικοί.
1049 1580 1293 1649 Ἐγένετο
1312 1580 1421 1652 γάρ
1446 1572 1615 1649 Λόγος
1638 1581 1753 1651 (55)

176 1675 387 1747 Κυρίου
416 1674 551 1745 πρὸς
586 1674 678 1726 τὸν
707 1674 994 1746 προφήτην
1014 1712 1029 1737 ,
1064 1672 1158 1726 καὶ
1190 1670 1361 1726 ταῦτα
1385 1672 1632 1741 ἠκούετο.
1690 1672 1754 1725 Εἰ

175 1766 233 1819 δὲ
264 1766 431 1821 αὐτοῦ
460 1762 526 1837 ἦν
548 1768 578 1819 6
602 1765 790 1834 Λόγος,
818 1766 912 1818 καὶ
934 1764 1000 1817 δι’
1026 1763 1189 1818 αὐτοῦ
1215 1764 1366 1817 ταῦτ’
1388 1763 1606 1831 ἐλέγετο
1623 1778 1636 1793 ·
1663 1763 1756 1817 καὶ

175 1856 280 1912 οὐκ
308 1855 423 1909 ἐστι
439 1835 494 1909 τι
518 1855 546 1908 ὃ
572 1854 719 1924 λέγει
751 1855 847 1908 καὶ
871 1856 1018 1908 ποιεῖ
1037 1855 1065 1907 6
1095 1854 1247 1919 Θεὸς,
1274 1852 1303 1907 ὃ
1326 1851 1402 1924 μὴ
1421 1853 1479 1907 ὲν
1495 1851 1573 1923 τῷ
1597 1851 1757 1923 Λόγῳ
1788 1835 1831 1895 Β

174 1947 326 2017 λέγει
345 1947 455 2018 (36)
474 1948 567 2001 καὶ
583 1950 745 2001 ποιεῖ·
761 1947 861 2000 ούκ
876 1947 982 2019 ἄρα
995 1946 1060 1999 δι’
1076 1945 1236 2000 αὐτὸν
1252 1945 1481 2016 εἴρηται,
1498 1937 1543 1997 ὦ
1558 1942 1756 2014 θεομά-

174 2055 296 2108 χοι,
327 2037 461 2091 ἀλλὰ
492 2037 580 2091 διὰ
608 2036 679 2091 τά
716 2037 969 2108 ἀλλότρια
1002 2036 1095 2089 καὶ
1131 2034 1205 2107 μὴ
1238 2034 1367 2087 ὄντα
1400 2036 1528 2106 παρ’
1567 2032 1753 2089 αὑτοῦ.

177 2132 293 2185 Καὶ
315 2129 423 2203 γὰρ
450 2128 544 2183 καί⁵
576 2127 718 2183 κατά
746 2128 856 2198 (57)
885 2128 985 2199 τὴν
1018 2125 1314 2198 εἰρημένην
1355 2124 1538 2178 εἰκόνα
1560 2163 1575 2190 ,
1611 2124 1703 2178 καὶ
1728 2125 1758 2178 6

174 2224 333 2293 ἥλιος
364 2223 413 2274 εἰ
443 2221 543 2285 τάς
589 2220 773 2290 φωνὰς
815 2219 998 2287 ἔλεγεν
1027 2218 1271 2282 ὲκείνας,
1301 2217 1402 2270 ούκ
1432 2216 1589 2279 ὲκτὸς
1620 2215 1757 2286 ἔχων

173 2313 239 2371 τὸ
251 2312 451 2367 ἑαυτοῦ
468 2312 829 2383 ἀπαύγασμα,
846 2310 960 2364 ἀλλ’
977 2312 1034 2365 ὲν
1047 2309 1126 2380 τῷ
1141 2308 1532 2379 ἀπαυγάσματι
1546 2307 1758 2371 δεικνὺς

174 2404 377 2459 ἑαυτοῦ
409 2404 472 2458 τὸ
498 2404 613 2475 φῶς
642 2404 837 2475 ήλεγχε
865 2401 964 2474 τὴν
989 2401 1196 2473 πλάνην
1224 2399 1356 2472 (38),
1389 2399 1484 2452 καὶ
1512 2395 1665 2452 εἶπεν
1692 2398 1758 2451 ἂν

174 2497 426 2552 τοιαῦτα.
461 2496 669 2550 υύκοῦν
691 2497 792 2549 οὐκ
819 2497 899 2559 εἰς
930 2492 1206 2565 ἀναίρεσιν
1230 2490 1325 2545 τοῦ
1359 2490 1511 2555 Υἰοῦ,
1545 2490 1662 2544 οὐδὲ
1689 2489 1755 2543 δι’

175 2589 347 2643 αὐτόν
374 2590 491 2642 ἐστι
531 2586 601 2640 τὰ
628 2585 850 2641 τοιαῦτα
889 2585 1028 2657 ρητά
1049 2624 1065 2648 ,
1105 2575 1220 2638 ἀλλ’
1253 2584 1334 2647 εἰς
1364 2582 1620 2655 ἀθέτησιν
1660 2581 1755 2636 τοῦ

172 2680 432 2752 ψεύδους.
496 2678 587 2745 Ἐξ
616 2679 790 2750 ἀρχῆς
810 2676 939 2748 γοῦν
984 2680 1012 2731 ὁ
1035 2677 1167 2739 Θεὸς
1197 2676 1297 2729 οὐκ
1329 2669 1451 2729 εἶπε
1474 2673 1551 2745 τῷ
1586 2672 1758 2745 ’Λδὰμ

172 2774 280 2837 τὰς
311 2770 567 2833 τοιαύτας
592 2771 792 2841 φωνὰς,
828 2770 1004 2822 καίτοι
1036 2770 1187 2831 ὄντος
1216 2766 1309 2820 τοῦ
1335 2766 1508 2835 Λόγου
1535 2767 1631 2820 σὺν
1662 2766 1760 2819 αύ-

172 2864 276 2937 τῷ,
316 2864 384 2918 δι’
416 2856 478 2917 οὕ
506 2862 575 2917 τὰ
602 2862 779 2916 πάντα
802 2863 1043 2931 ἐγένετο·
1068 2862 1128 2914 ού
1157 2859 1267 2931 γάρ
1289 2856 1355 2931 ἦν
1383 2860 1559 2932 χρεία.
1592 2860 1759 2930 μήπω

172 2957 493 3028 γενομένων
517 2955 768 3010 εἰδώλων.
797 2956 924 3008 Ὅτε
955 2954 1012 3007 δὲ
1044 2953 1283 3025 άντῆραν
1316 2952 1587 3023 ἄνθρωποι
1620 2952 1759 3006 κατὰ

171 3052 279 3122 τῆς
310 3048 569 3120 ἀληθείας
594 3046 688 3101 καὶ
708 3046 996 3116 ὠνόμασαν
1024 3047 1232 3108 ἑαυτοῖς
1258 3042 1351 3107 οὕς
1373 3043 1561 3115 ἤθελον
1582 3044 1756 3108 θεοὺς,

1851 577 2095 649 profecto
2118 580 2229 633 haec
2256 595 2288 634 a
2318 580 2431 635 sole
2457 581 2601 636 dicta
2631 597 2755 639 esse
2774 584 3157 654 arbitraretur,
3185 598 3243 641 ut
3265 604 3426 644 suum

1850 671 2162 726 excluderet
2183 672 2550 742 splendorem,
2575 675 2667 731 sed
2690 684 2897 731 tantum
2926 678 3073 735 illius
3096 682 3301 738 erroris
3328 684 3430 737 tol-

1850 760 1995 816 lendi
2024 776 2211 825 causa,
2239 764 2332 832 qui
2367 764 2421 818 in
2452 765 2630 836 lignea
2666 767 2898 835 imagine
2926 771 3212 840 inanisque
3244 772 3431 842 figura

1850 853 2297 910 dissimilitudine
2322 856 2651 926 objiceretur
2675 874 2687 911 :
2716 860 2793 915 ita
2818 861 3068 916 similiter
3092 862 3230 917 dixit
3265 863 3425 929 Deus,

1853 944 1965 1015 Ego
1992 962 2105 999 sum
2125 963 2145 1010 ;
2168 955 2242 1014 et,
2276 945 2385 1018 Ego
2405 947 2546 1002 solus
2573 949 2744 1015 Deus;
2774 961 2846 1015 et,
2873 952 2993 1005 Non
3012 962 3087 1007 est
3114 953 3257 1011 alius
3292 971 3430 1025 pra:-

1855 1046 1933 1091 ter
1956 1053 2056 1101 me,
2092 1046 2154 1092 ut
2180 1039 2429 1094 homines
2459 1055 2489 1095 a
2525 1041 2678 1097 falsis
2719 1042 2822 1098 diis
2862 1053 3157 1109 averteret,
3193 1047 3429 1118 indeque

1853 1128 2126 1182 discerent
2144 1144 2331 1184 verum
2354 1145 2480 1185 eum
2505 1148 2627 1187 esse
2655 1132 2848 1188 Deum.
2875 1134 3141 1191 Caeterum
3165 1153 3287 1192 cum
3317 1140 3430 1195 hanc

1854 1218 1997 1274 Deus
2042 1214 2265 1285 diceret,
2299 1237 2360 1275 ca
2394 1222 2511 1279 sine
2536 1224 2701 1279 dubio
2733 1242 2827 1294 per
2855 1243 3015 1282 suum
3045 1227 3283 1284 Verbum
3314 1231 3453 1302 ipse.

1852 1309 2086 1375 dicebat,
2121 1310 2227 1365 nisi
2263 1311 2405 1367 forte
2431 1313 2869 1371 hodierniJudtei
2904 1318 3108 1373 addunt
3131 1320 3233 1375 ista
3259 1320 3428 1378 Deum

1854 1400 2079 1457 minime
2116 1417 2213 1471 per
2253 1418 2413 1458 suum
2458 1404 2696 1460 Verbum
2729 1408 2969 1463 locutum
3008 1409 3199 1465 fuisse.
3229 1411 3430 1468 Verum

1858 1494 1931 1547 ita
1959 1492 2049 1546 illa
2080 1494 2221 1547 dicta
2253 1506 2401 1562 sunt,
2432 1499 2785 1566 quantumvis
2814 1498 2996 1555 furant
3018 1502 3274 1559 diabolici
3303 1505 3426 1559 viri.

1854 1582 1990 1638 Nam
2042 1583 2281 1639 Verbum
2330 1586 2545 1641 Domini
2590 1587 2794 1643 factum
2848 1600 2932 1646 est
2972 1592 3039 1646 ad
3089 1594 3427 1663 prophetam,

1856 1674 2081 1743 haecque
2112 1675 2294 1730 audita
2328 1685 2476 1730 sunt.
2513 1675 2667 1743 Quod
2706 1678 2751 1734 si
2780 1678 2899 1749 ejus
2931 1690 3048 1737 erat
3081 1682 3339 1751 Verbum,
3367 1701 3431 1740 ac

1857 1779 1953 1835 per
1976 1765 2153 1835 ipsum
2197 1767 2313 1821 haec
2352 1768 2692 1836 dicebantur,
2717 1772 2961 1844 nihilque
2989 1783 3072 1829 est
3109 1776 3254 1846 quod
3286 1776 3434 1832 dicat

1859 1859 1943 1915 vel
1990 1859 2154 1915 faciat
2193 1858 2355 1924 Deus,
2392 1861 2492 1916 nisi
2536 1864 2588 1916 in
2625 1862 2836 1919 Verbo:
2872 1880 2983 1919 non
3016 1866 3179 1937 igitur
3215 1876 3434 1939 propter

1857 1950 2032 2021 ipsum
2056 1951 2197 2006 dicta
2221 1952 2321 2006 ista
2341 1961 2485 2019 sunt,
2500 1968 2533 2005 ο
2557 1952 2647 2007 Dei
2672 1956 2878 2021 hostes,
2906 1957 2997 2011 sed
3014 1968 3232 2028 propter
3252 1959 3431 2019 aliena

1856 2050 2043 2111 etquae
2062 2045 2129 2096 ab
2148 2043 2264 2112 ipso
2291 2059 2397 2098 non
2423 2053 2572 2099 sunt.
2597 2044 2832 2112 Etenim,
2864 2054 2924 2101 ut
2954 2048 3007 2102 in
3056 2049 3245 2104 eodem
3294 2049 3430 2107 insi-

1856 2143 2068 2190 stamus
2083 2136 2350 2206 exemplo,
2370 2137 2415 2190 si
2440 2138 2521 2191 sol
2546 2137 2636 2191 illa
2659 2138 2820 2192 verba
2848 2140 3185 2208 protulisset,
3214 2156 3323 2195 non
3348 2141 3434 2198 his

1858 2226 2047 2294 utique
2077 2226 2240 2281 dictis
2280 2226 2579 2282 indicasset
2610 2243 2669 2283 se
2699 2228 3041 2298 splendorem
3085 2245 3245 2286 suum
3279 2242 3434 2286 extra

1857 2330 1916 2371 se
1942 2315 2159 2378 habere,
2194 2316 2286 2371 sed
2318 2317 2500 2386 potius
2522 2316 2705 2372 lumen
2732 2332 2892 2373 suum
2927 2318 2980 2373 in
3008 2319 3294 2389 splendore
3314 2335 3435 2376 esse

1857 2406 2170 2473 ostendens,
2204 2421 2443 2461 errorem
2477 2408 2629 2461 illum
2668 2406 2972 2464 refellisset.
3031 2407 3141 2464 Nec
3170 2424 3299 2481 ergo
3339 2425 3437 2480 pa-

1857 2498 1990 2551 riter
2021 2497 2163 2553 dicta
2191 2498 2281 2553 illa
2312 2507 2440 2553 sunt
2470 2500 2535 2553 ad
2570 2498 2969 2554 excludendum
3006 2499 3227 2567 Filium,
3258 2516 3436 2572 neque

1857 2598 2076 2659 propter
2134 2589 2310 2654 illum,
2361 2590 2455 2645 sed
2506 2590 2571 2645 ad
2624 2589 3019 2646 confutandam
3064 2592 3431 2649 mendacium.

1858 2677 1997 2735 Hinc
2013 2678 2154 2737 Deus
2167 2681 2321 2735 initio
2336 2682 2521 2737 mundi
2538 2699 2803 2755 nusquam
2821 2684 2927 2738 illis
2942 2692 3022 2738 est
3039 2698 3171 2738 usus
3186 2684 3432 2750 vocibus,

1857 2787 1982 2826 cum
2014 2771 2221 2826 Adamo
2249 2772 2580 2841 loqueretur,
2613 2774 2862 2843 quamvis
2889 2771 3148 2839 Verbum,
3170 2788 3268 2844 per
3289 2774 3434 2843 quod

1858 2862 2042 2917 omnia
2075 2861 2217 2917 facta
2250 2871 2397 2927 sunt,
2419 2878 2544 2918 cum
2580 2864 2672 2917 illo
2702 2872 2867 2919 esset.
2900 2860 3009 2917 Nec
3038 2863 3182 2917 enim
3211 2870 3325 2918 tum
3347 2861 3435 2918 bis

1860 2972 1998 3027 opus
2020 2965 2156 3020 erat,
2187 2971 2312 3010 cum
2348 2954 2590 3009 nondum
2619 2954 2762 3010 idola
2802 2954 3015 3009 fuerant
3043 2954 3281 3009 inventa.
3326 2951 3435 3007 Po-

1859 3061 1974 3104 stea
1999 3058 2180 3103 autem
2208 3062 2369 3118 quam
2402 3047 2648 3103 homines
2684 3062 2713 3101 a
2747 3046 2972 3102 veritate
2998 3045 3329 3114 defecerunt,
3361 3047 3438 3101 si-

172 3143 303 3196 τότε
333 3140 397 3212 δὴ
422 3141 513 3193 καὶ
537 3138 791 3192 τοιούτων
816 3136 975 3209 χρεία
994 3136 1184 3206 γέγονε
1219 3136 1477 3208 ῥημάτων
1503 3138 1584 3200 εἰς
1616 3135 1756 3189 ἀναίε

1868 3142 2025 3211 bique
2054 3140 2187 3195 deos
2217 3140 2284 3195 ad
2314 3139 2601 3194 arbitrium
2640 3139 3040 3206 confinxerunt,
3068 3147 3200 3194 tunc
3231 3138 3299 3193 ad
3336 3137 3438 3193 fal-

178 3251 337 3306 ρεσιν
365 3232 472 3287 τῶν
509 3230 584 3303 μὴ
612 3232 781 3285 ὄντων
806 3230 962 3286 θεῶν.
1017 3227 1156 3298 Ἐγὼ
1181 3229 1224 3282 δ’
1250 3229 1317 3282 ἀν
1350 3228 1559 3298 εἴποιμι
1587 3244 1757 3297 προσ-

174 3328 298 3389 θεὶς
317 3365 334 3389 ,
362 3326 444 3378 ὅτι
474 3325 569 3378 καὶ
597 3323 734 3395 πρὸς
762 3323 861 3395 τὴν
881 3322 991 3375 τῶν
1030 3320 1414 3392 χριστομάχων
1448 3318 1761 3390 ἀφροσύνην

173 3417 508 3491 προείρηται
530 3414 598 3468 τὰ
627 3412 851 3467 τοιαῦτα
879 3410 1017 3485 ῥητὰ
1041 3412 1175 3483 (59),
1205 3411 1290 3465 ἵνα
1322 3409 1521 3480 γνῶσιν
1542 3450 1557 3474 ,
1594 3409 1675 3464 ὅτι
1699 3408 1759 3461 ὃν

175 3510 248 3563 ἂν
281 3506 484 3573 ἔξωθεν
514 3506 613 3577 τῆς
660 3504 847 3568 ούσίας
883 3501 978 3556 τοῦ
1008 3502 1219 3573 [ἰατρὸς
1248 3502 1574 3571 ὲπινοήσωσι
1603 3498 1756 3563 Θεὸν,

173 3596 343 3662 οὗτος
362 3598 463 3651 οὐκ
481 3596 628 3651 ἔστιν
648 3594 919 3666 ἀληθινὸς,
936 3594 1058 3648 οὐδὲ
1076 3590 1169 3647 τοῦ
1194 3593 1356 3665 μόνου
1380 3592 1491 3665 (40)
1511 3592 1602 3645 καὶ
1619 3590 1760 3663 πρώ-

174 3708 277 3747 του
313 3688 481 3744 εἰκὼν
508 3690 602 3743 καὶ
628 3688 760 3753 υἱός.

252 3782 310 3838 9.
360 3779 486 3833 Ἐὰν
524 3778 703 3832 τοίνυν
738 3777 830 3831 καὶ
876 3776 1033 3847 μόνος
1064 3773 1315 3845 ἀληθινὸς
1355 3772 1487 3837 Θεὸς
1517 3776 1545 3827 6
1573 3773 1762 3845 Πατὴρ

176 3873 445 3942 λέγηται,
496 3871 596 3924 οὐκ
626 3872 705 3934 εἰς
733 3869 986 3939 ἀθέτησιν
1014 3866 1105 3921 τοῦ
1132 3866 1413 3935 λέγοντος,
1480 3864 1620 3934 Ἐγώ
1649 3868 1764 3934 ειμι

178 3962 221 4027 ἠ
280 3956 539 4024 ἀλήθεια
561 3997 578 4021 ,
608 3955 856 4027 εἴρηται,
889 3954 1005 4009 ἀλλ’
1029 3957 1108 4018 εἰς
1139 3954 1417 4025 ἀναίρεσιν
1457 3952 1615 4008 πάλιν
1649 3953 1762 4023 (41)

178 4050 296 4104 τῶν
331 4049 407 4120 μὴ
437 4048 755 4118 πεφυκότων
785 4043 924 4101 εἶναι
955 4045 1221 4118 ἀληθινῶν
1240 4086 1255 4110 ,
1280 4039 1389 4109 οἷός
1416 4047 1563 4099 ἐστιν
1590 4047 1618 4098 6
1646 4046 1760 4099 Πα-

178 4141 290 4215 τὴρ
317 4141 415 4195 κα)⁸
442 4142 472 4193 6
502 4139 693 4192 τούτου
726 4139 915 4207 Λόγος.
976 4136 1132 4192 Οὕτω
1163 4136 1271 4207 γὰρ
1295 4136 1390 4189 καὶ
1415 4135 1575 4199 αὐτὸς
1599 4137 1626 4189 6
1646 4134 1760 4188 Κύ-

179 4248 303 4305 ριος
350 4231 511 4296 εὐθὺς
546 4230 781 4303 συνῆψε,
835 4230 942 4285 Καὶ
997 4229 1069 4282 ὸν
1114 4229 1476 4294 ἀπέστειλας
1530 4226 1765 4297 Ἰησοῦν

254 4430 302 4463 ⁸³
344 4427 503 4485 Joan.
527 4446 639 4492 nv,
669 4430 721 4483 6.
800 4430 844 4460 “
875 4428 1033 4486 Joan.
1064 4445 1199 4490 xvn,
1235 4430 1287 4482 3.

260 4640 393 4715 (55)-
418 4636 542 4693 Hac
572 4636 885 4715 verba,_xal.
924 4636 1077 4715 λέγοι.
1100 4638 1197 4715 τῂν
1227 4635 1652 4715 εἰκόνα-ταύτην
1682 4636 1756 4715 αἰ-

1868 4635 2029 4715 editi,_
2052 4634 2158 4686 Kal.

178 4706 310 4767 τίσξν
341 4706 478 4764 εἶναι
507 4706 600 4761 τοῦ
632 4707 827 4775 φωτός,
847 4707 1045 4761 desunt
1066 4707 1119 4759 in
1141 4706 1305 4761 Basil.
1326 4706 1526 4776 Ibidem
1553 4706 1688 4776 Reg.
1710 4707 1761 4776 1.

179 4798 239 4838 et
260 4782 515 4850 Seguer.,
540 4776 753 4850 βλέπων
784 4781 833 4830 εἰ
861 4776 1027 4850 λέγοι.
1054 4778 1159 4850 Alii
1192 4787 1244 4831 et
1271 4775 1765 4850 ούίεἰᾼλέπωνᾼλέ-

180 4870 291 4921 γοι.
330 4844 502 4921 Paulo
534 4844 655 4921 post
688 4846 819 4918 Reg.
854 4848 879 4901 1
919 4858 973 4901 et
996 4848 1051 4913 2,
1088 4846 1313 4921 Seguer.
1344 4844 1560 4921 Gobler.
1582 4844 1759 4921 Felck.

183 4916 212 4978 1
249 4931 305 4977 et
331 4922 384 4985 5,
421 4918 550 4973 ἄλλο
579 4916 714 4987 φῶς.
740 4916 791 4971 ei
826 4926 953 4987 post
984 4916 1183 4986 pauca,
1201 4918 1263 4971 τὸ
1293 4916 1483 4970 ἑαυτοῦ
1515 4917 1767 4987 ἀπαύγα-

182 5010 324 5064 σμα.
357 4990 465 5045 Alii
487 4998 539 5043 et
567 4985 718 5053 editi,
747 4985 873 5042 ἄλλο
916 4985 998 5042 τὸί
1026 4988 1162 5058 φῶς,
1190 4998 1263 5055 et,
1292 4989 1352 5041 τὸ
1381 4988 1545 5041 αὐτοῦ
1591 4985 1767 5039 ἀπαύ-

178 5080 400 5201 “iiii
418 5128 639 5202 Res-Ai.
675 5138 729 5202 ει
757 5127 1150 5202 Sesueroaai.
1169 5126 1314 5202 Ἐγὼ.
1329 5130 1521 5202 νμόνρςο
1539 5126 1756 5202 Gobler-

182 5197 529 5345 ztd'Felckm'.
556 5200 611 5267 1,
639 5201 731 5253 καὶ
765 5197 942 5270 μόνος.
991 5198 1132 5254 Editi
1162 5210 1216 5254 et
1249 5197 1362 5265 alii,
1398 5200 1491 5253 καὶ
1523 5197 1603 5265 τὸ,
1621 5199 1762 5267 Ἐγὼ

266 5290 379 5335 νος.

287 5343 377 5377 τικι
413 5341 525 5377 ραι,
576 5341 599 5377 Ι
662 5339 876 5377 ὶνέυςρη
906 5340 1069 5377 Atiam,-
1122 5338 1329 5377 Rammi-
1376 5338 1587 5377 Cnhlari

188 5336 205 5345 ’
264 5343 377 5466 (55)
413 5341 545 5411 Reg.
576 5341 629 5404 1,
660 5339 876 5422 ἐγένετο
899 5340 1089 5422 Λόγος.
1122 5336 1347 5421 Seguer.
1376 5337 1685 5398 Goblerian.
1712 5347 1767 5391 et

184 5412 265 5468 Fe
291 5413 379 5468 ck.
413 5412 729 5481 1,Ἐγένετο
766 5426 873 5482 γαρ
921 5412 1113 5478 Λογος.
1148 5408 1574 5477 Εαιιι,Ἐγένετο
1602 5409 1710 5479 γὰρ
1738 5411 1768 5461 ὁ

186 5483 391 5622 ΛόέδΈ’
421 5551 512 5608 Sic
538 5550 671 5621 Reg.
712 5551 764 5622 1»
790 5547 1355 5622 δεςυεὲν-.-ϐοὸιεΐτθὲ
1387 5547 1566 5622 hic!“
1585 5549 1645 5622 ,1³
1672 5547 1766 5617 qni

188 5618 361 5692 paulo
390 5632 533 5693 post,
562 5618 721 5693 Λόγῳ
746 5618 913 5690 λέγει.
944 5619 1048 5672 Alii
1078 5629 1133 5673 et
1162 5620 1313 5684 editi,
1333 5619 1420 5671 διὰ
1449 5618 1543 5672 τοῦ
1569 5618 1766 5687 Λόγου,

185 5691 269 5754 et,
301 5691 467 5817 Aé‘ﬂﬁ
490 5692 584 5747 καὶ
612 5691 780 5760 λέγει.
1344 5762 1356 5774 _
1513 5760 1523 5774 ⁹
1656 5758 1687 5771 η

267 5764 379 5817 157)
473 5780 555 5817 e2.
592 5764 615 5817 1
644 5773 698 5817 et
733 5760 982 5817 Semen.
1007 5762 1116 5815 Καὶ
1144 5762 1251 5817 γὰρ
1276 5777 1367 5815 και
1396 5776 1555 5815 κατα.
1586 5759 1687 5815 Alii

267 5759 399 5822 t37l
422 5759 555 5834 Reg.
592 5764 615 5818 1
644 5759 698 5817 et
733 5760 982 5833 Seguen,
1007 5762 1116 5815 Καὶ
1144 5762 1251 5832 γὰρ
1276 5762 1367 5815 καὶ
1396 5760 1555 5815 κατὰ.
1586 5759 1689 5815 Alii
1714 5768 1768 5814 et

1866 3248 1956 3291 sos
2005 3233 2137 3287 deos
2186 3231 2632 3286 exterminandos
2660 3230 2819 3285 verba
2859 3230 3237 3300 hujuscemodi
3284 3229 3437 3285 fuere

1866 3321 2191 3376 necessaria.
2232 3320 2361 3375 Mihi
2390 3335 2519 3375 vero
2559 3320 2719 3375 liceat
2743 3321 2905 3374 etiam
2936 3318 3157 3385 addere,
3188 3320 3277 3374 illa
3306 3330 3437 3375 ante

1866 3411 2241 3465 haereticorum
2264 3410 2530 3465 insaniam
2555 3410 2695 3465 dicta
2712 3425 2853 3476 esse,
2873 3419 2931 3464 ut
2952 3410 3076 3464 inde
3097 3409 3432 3478 exploratum

1866 3501 2145 3565 haberent,
2189 3514 2314 3554 eum
2357 3514 2517 3569 quem
2562 3508 2714 3553 extra
2754 3497 2929 3554 Patris
2974 3507 3225 3552 naturam
3264 3496 3435 3555 Deum

1864 3593 2094 3664 ﬁngunt,
2121 3606 2231 3646 non
2259 3607 2380 3647 esse
2402 3608 2587 3646 verum
2626 3591 2814 3657 Deum,
2837 3606 3015 3661 neque
3047 3591 3217 3648 solius
3248 3591 3426 3662 primi-

1868 3699 1975 3754 que
1997 3682 2284 3754 imaginem
2314 3691 2367 3737 et
2395 3682 2614 3739 Filium.

1936 3773 1991 3826 9.
2028 3770 2293 3837 Quocirca
2322 3771 2425 3826 etsi
2459 3770 2619 3827 Pater
2652 3772 2803 3827 solus
2842 3787 3003 3827 verus
3035 3770 3179 3827 Deus
3213 3770 3432 3835 dicitur.

1870 3880 1977 3919 non
2002 3862 2243 3931 profecto
2269 3864 2468 3920 dicitur
2490 3864 2555 3919 ad
2585 3864 2981 3935 repudiandum
3007 3879 3133 3919 eum
3166 3865 3260 3935 qui
3280 3864 3434 3931 dicit,

1869 3954 1982 4026 Ego
1998 3954 2160 4027 442
2175 3971 2286 4008 sum
2318 3958 2509 4011 veritas
2536 3958 2604 4021 ⁸⁸,
2636 3955 2727 4010 sed
2755 3956 2822 4011 ad
2847 3955 2967 4010 illos
2995 3955 3319 4025 rejiciendos
3340 3956 3435 4025 qui

1869 4056 2061 4101 natura
2094 4048 2205 4102 veri
2238 4062 2345 4102 non
2378 4056 2525 4113 sunt,
2563 4047 2741 4118 qualis
2770 4049 2886 4118 ipse
2908 4055 2992 4102 est
3024 4045 3184 4102 Pater
3207 4046 3437 4118 ejusque

1871 4138 2128 4193 Verbum.
2171 4138 2263 4195 Sic
2292 4140 2436 4193 enim
2490 4138 2751 4194 Dominus
2781 4141 2894 4211 ipse
2922 4139 3104 4195 statim
3132 4138 3435 4209 conjunxit,

1874 4228 1939 4282 Et
1969 4247 2119 4300 quem
2149 4232 2343 4286 misisti
2370 4230 2553 4286 Iesum
2585 4230 2851 4287 Christum
2879 4232 2944 4286 ⁸³.
2978 4232 3080 4299 Qui
3110 4232 3155 4287 si
3185 4246 3272 4287 res
3293 4238 3438 4285 esset

2207 4634 2315 4703 γὰρ
2341 4634 2501 4687 κατά.
2524 4633 2647 4687 Mox
2682 4632 2930 4703 chuer.,
2969 4634 3049 4696 εἰς
3086 4632 3186 4696 τὰς
3235 4633 3436 4703 tam“.

1874 4705 2149 4759 nwndose.
2185 4701 2385 4758 Ibidem
2416 4703 2543 4773 Reg.
2584 4704 2635 4767 1,
2664 4701 2885 4772 δοεξύετ.
2921 4704 3219 4773 (ἔοιιιειθηθι
3252 4701 3435 4773 Felck.

1875 4778 1927 4841 1,
1956 4775 2141 4842 ἔλεγεν
2170 4774 2400 4837 ὲκείνας.
2438 4772 2577 4827 Editi
2631 4782 2685 4827 et
2728 4774 2840 4833 alii,
2869 4774 3102 4835 εἰκόνας.
3134 4772 3352 4827 Gobler.
3384 4784 3438 4827 et

1874 4845 2058 4900 Felck.
2098 4846 2149 4909 1,
2181 4845 2375 4897 ibidem
2403 4859 2501 4913 pro
2531 4843 2690 4913 ἔχων,
2727 4844 2944 4913 habent,
2976 4844 3150 4913 ἔσχον.

1942 4916 2053 4985 (58)
2093 4914 2306 4969 Gobler.
2340 4910 2664 4985 ct_'FelcltIn.
2698 4914 2749 4985 l_,
2782 4912 2932 4981 ἔλεγε
2961 4910 3435 4985 καὶήτὴνῌπλάνῃν.

1875 4980 2044 5040 Iidem
2078 4986 2275 5039 ibidem
2306 4991 2358 5037 et
2385 4982 2515 5051 Reg.
2551 4985 2602 5047 1,
2627 5000 2690 5039 ac
2714 4980 2938 5053 Seguer.
2968 4983 3033 5037 ἂν
3061 4980 3306 5037 τοιαῦτα.
3330 4980 3436 5036 Alii

1873 5066 1927 5112 et
1950 5056 2114 5111 editio
2139 5054 2427 5118 Commel.,
2447 5054 2513 5107 ἂν
2542 5054 2607 5107 τά
2635 5053 2876 5107 τοιαῦτα.

1941 5125 2051 5197 (59)
2092 5123 2223 5195 Reg.
2259 5126 2280 5178 1
2319 5134 2374 5179 et
2419 5124 2667 5196 Seguer.,
2706 5123 2863 5197 ῥητά.
2902 5121 3045 5177 Editi
3094 5131 3150 5177 et
3194 5122 3307 5188 alii,
3340 5123 3438 5194 ῥή-

1873 5213 2031 5251 αατα.

1941 5265 2051 5337 (40)
2074 5264 2192 5337 εἰε-
2211 5263 2344 5337 Reg.
2374 5266 2422 5327 l,
2443 5264 2664 5337 St-gitcr.
2684 5261 2966 5337 δίψιοι-ζει
2987 5260 3167 5337 Felck.
3189 5263 3238 5337 1.
3257 5262 3326 5317 At
3347 5262 3437 5317 alii

1870 5344 1922 5392 cl
1950 5331 2107 5396 editi,
2139 5334 2259 5387 οὕτε
2288 5335 2344 5386 δὲ
2377 5335 2471 5387 τοῦ
2506 5331 2686 5404 μόνου.
2721 5332 2856 5404 Μοκν
2878 5331 3008 5403 Reg.
3045 5334 3063 5386 Ι
3102 5343 3160 5404 et
3186 5332 3437 5403 Seguer.,

1867 5406 2123 5529 ῧλὲθινὸς
2169 5406 2303 5469 Θεὸς
2349 5407 2377 5457 6
2423 5403 2633 5476 Πατήρ.
2698 5404 2755 5458 In
2814 5403 2936 5458 aliis
2982 5415 3037 5457 et
3079 5403 3244 5460 editis
3289 5404 3442 5459 deest

1914 5496 1939 5529 ε
1972 5494 2019 5529 c.

1914 5494 2019 5540 εος.

1941 5546 2052 5617 (41)
2095 5544 2200 5617 εἷο
2237 5544 2441 5617 Regius
2488 5545 2697 5617 prim_us
2725 5552 2777 5617 et
2810 5541 3197 5617 Seguerianus.
3248 5540 3318 5597 At
3346 5541 3440 5617 alii

1868 5628 1922 5671 et
1946 5611 2074 5695 editi
2112 5615 2272 5695 πάλιν
2303 5611 2575 5695 omittunt.
2614 5611 2929 5695 paulopost
2964 5612 3096 5695 Reg.
3130 5612 3200 5695 1...
3232 5621 3289 5667 et

1868 5688 2137 5758 guerian.,
2162 5684 2317 5738 Οὕτω
2361 5684 2469 5757 γὰρ
2500 5685 2683 5749 αὑτός.
2712 5682 2833 5756 ΛΙίἱὅ
2856 5694 2910 5739 et
2933 5682 3083 5749 editi,
3131 5682 3288 5736 Οὕτω
3330 5682 3443 5753 γὰρ

1871 5759 1963 5811 καὶ
1992 5758 2172 5819 αὑτός.
