3840 6220
387 365 492 422 ’ὀάὸ

971 361 1027 416 S.
1073 360 1442 416 ATHANASII
1481 359 1630 416 OPP.
1673 358 1850 414 PARS
1886 358 1926 413 i.
1967 387 2035 399 --
2073 357 2432 414 HISTORICA
2475 357 2566 413 ET
2600 356 3020 414 DOGMATICA.

3518 359 3626 416 3M

388 478 526 534 mine
550 479 718 544 "';et,
751 480 882 545 Quis
919 479 1112 532 similis
1130 481 1228 533 erit
1260 479 1479 532 Domino
1513 479 1571 530 in
1593 479 1722 547 ﬁliis
1757 477 1850 530 Dei
1865 477 1944 530 "1

2058 475 2173 529 οὔτε
2196 473 2358 528 εἰκών
2379 476 2545 539 ἐστιν,
2566 472 2690 526 οὔτε
2703 490 2788 537 τις
2804 472 3005 526 τούτων
3023 473 3398 545 ἀπετόλμησεν
3419 479 3591 531 εἰπεῖν
3609 494 3624 511 ο

387 571 476 626 ille
505 582 685 626 autem
715 571 865 626 solus
895 587 1019 626 vera
1045 579 1100 624 et
1127 570 1387 624 naturalis
1414 571 1590 639 imago
1623 567 1801 624 Patris
1827 581 1950 622 esse

388 663 610 718 dicitur.
631 660 766 717 Nam
791 663 1010 718 tametsi
1043 664 1109 718 ad
1139 663 1428 733 imaginem
1460 677 1680 732 quoque
1697 661 1792 716 Dei
1821 660 1951 716 facti

387 754 612 818 fuimus,
640 753 844 824 Deique
868 755 1046 826 imago
1069 765 1125 808 et
1147 756 1320 826 gloria
1338 754 1673 827 appellamur
1689 753 1756 820 "',
1772 761 1829 807 at
1842 767 1950 806 non

385 845 558 900 nostri
590 861 755 900 causa
783 846 1092 915 hujusmodi
1109 862 1303 902 nomen
1328 861 1518 902 sumus
1534 843 1832 908 consecuti,
1855 843 1950 898 sed

385 943 606 1003 propter
632 934 1024 992 inbabitantem
1065 940 1116 992 in
1157 939 1315 994 nobis
1342 937 1632 1008 imaginem
1663 948 1952 1004 veramque

387 1021 479 1079 Dei
502 1026 750 1096 gloriam,
777 1045 898 1099 quae
917 1030 1034 1099 ejus
1061 1028 1291 1086 Verbum
1312 1040 1417 1096 est,
1441 1028 1586 1100 quod
1613 1035 1832 1097 pr0pter
1851 1039 1953 1079 nos

383 1131 511 1172 caro
537 1131 725 1187 postea
757 1131 844 1177 est
865 1121 1006 1177 factu
1016 1139 1085 1179 m.

2065 567 2213 637 Ἐγὼ
2238 566 2335 620 καί
2365 569 2397 620 ό
2429 566 2629 633 Πατὴρ
2659 565 2728 620 ἓν
2750 566 2952 634 ἐσμεν,
2978 565 3033 636 ἦ,
3073 563 3220 634 Ἐγὼ
3243 566 3311 618 ἐν
3339 565 3418 632 τῷ
3443 569 3629 636 Πατρί

2053 660 2152 712 καί
2179 663 2211 714 ό
2239 657 2442 726 Πατὴρ
2484 658 2555 711 ἐν
2579 657 2728 727 ἐμοι.
2785 657 2942 709 Ἀλλὰ
2985 657 3114 728 περὶ
3143 658 3241 727 μὲν
3270 658 3486 712 πάντων
3513 660 3625 731 (65)

2053 751 2287 823 εῐρηται,
2321 750 2416 816 Τίς
2448 749 2646 818 ὅμοιός
2671 763 2768 802 σοι
2809 749 2880 802 ἐν
2907 747 3093 814 θεοῖς,
3123 750 3330 816 Κύριε;
3360 749 3453 802 καὶ
3472 789 3488 814 ,
3532 751 3630 816 Τίς

2053 841 2479 914 ὁμοιωθήσεται
2521 841 2603 907 τῷ
2653 843 2848 911 Κυρίῳ
2871 842 2941 895 ἐν
2991 840 3145 906 υἱοῖς
3178 842 3326 895 Θεοῦ
3339 858 3360 907 ;
3393 845 3520 914 περὶ
3566 843 3627 897 δὲ

2055 933 2240 998 αὑτοῦ,
2265 935 2347 986 ὃτι
2379 933 2536 1003 μόνος
2559 929 2970 1002 εἰκὼνσὰληθινὴ
2992 932 3085 983 καὶ
3114 930 3271 999 φύσει
3293 931 3390 984 τοῦ
3412 934 3629 1004 Πατρός

2056 1029 2223 1080 ἐστιν.
2257 1027 2320 1079 Εἰ
2350 1025 2458 1096 γὰρ
2482 1026 2575 1080 καὶ
2605 1022 2721 1078 κατ’
2744 1023 2926 1077 εἰκόνα
2965 1024 3299 1093 γεγόναμεν,
3335 1025 3429 1077 καὶ
3461 1024 3630 1079 εἰκὼν

2057 1119 2152 1170 καὶ
2178 1117 2302 1184 δόξα
2322 1117 2456 1170 Θεοῦ
2477 1119 2608 1186 ἐχρη
2619 1115 2817 1185 ματίσα
2825 1131 2943 1184 μεν,
2969 1113 3082 1165 ἀλλ’
3101 1114 3161 1165 οὺ
3186 1113 3252 1166 δι’
3273 1115 3500 1178 ἑαυτοὺς
3524 1115 3633 1168 πά-

382 1209 482 1274 λιν,
513 1212 646 1264 ἀλλὰ
671 1214 758 1266 διὰ
779 1216 876 1286 τὴν
903 1217 1256 1290 ἐνοικήσασαν
1284 1223 1341 1272 ἐν
1375 1221 1503 1290 ἡμῖν
1553 1217 1668 1288 (64)
1714 1214 1894 1268 εἰκόνα
1917 1211 2008 1265 καὶ
2044 1211 2216 1282 ἀληθῆ
2255 1210 2410 1277 δόξαν
2441 1209 2537 1262 τοῦ
2567 1208 2698 1262 Θεοῦ
2721 1248 2737 1274 ,
2781 1209 2901 1278 ἥτις
2932 1206 3078 1261 ἐστὶν
3111 1207 3140 1258 6
3167 1207 3338 1276 Λόγος
3365 1208 3529 1261 αὐτοῦ
3548 1247 3565 1272 ,
3600 1212 3632 1262 6

381 1301 448 1354 δι’
463 1304 607 1374 ἡμᾶς
629 1303 851 1377 ὕστερον
873 1309 1160 1378 γενόμενος
1182 1310 1336 1382 σὰρξ,
1365 1309 1566 1380 ταύτην
1587 1308 1685 1377 τῆς
1707 1305 1950 1374 κλήσεως
1987 1299 2181 1370 ἔχομεν
2201 1299 2302 1370 τὴν
2326 1300 2504 1371 χάριν·

455 1399 544 1454 11.
585 1400 724 1455 Cum
757 1402 920 1471 igitur
949 1419 1015 1458 ex
1063 1405 1149 1459 bis
1184 1405 1481 1460 dilucidum
1534 1405 1604 1459 sit
1647 1403 1783 1457 adeo
1831 1402 1948 1455 ine-

385 1502 531 1562 ptam
566 1499 622 1546 et
663 1491 957 1547 absurdam
988 1508 1108 1549 esse
1126 1495 1344 1550 illorum
1400 1494 1748 1557 sententiam,
1802 1500 1949 1548 certe

385 1581 685 1637 similitudo
713 1581 806 1637 illa
835 1594 890 1639 et
917 1584 1097 1640 unitas
1122 1586 1190 1640 ad
1225 1584 1347 1639 Filii
1379 1596 1628 1640 naturam
1653 1598 1737 1639 est
1761 1599 1951 1639 neces-

387 1672 532 1726 sario
558 1671 863 1727 referenda.
895 1672 1011 1729 Nisi
1039 1676 1184 1729 enim
1215 1677 1286 1729 ita
1318 1676 1666 1745 intelligatur,
1699 1676 1836 1729 nihil
1862 1674 1952 1729 ille

2120 1395 2210 1450 11.
2251 1393 2552 1464 Ἀπρεποῦς
2575 1393 2639 1464 δὴ
2664 1389 2756 1447 οὖν
2782 1393 2876 1446 καὶ
2903 1393 3096 1461 ἀλόγου
3127 1393 3220 1446 καὶ
3246 1393 3344 1464 τῆς
3367 1391 3631 1462 τοιαύτης

2052 1488 2362 1559 φρονήσεως
2393 1485 2612 1539 ἐκείνων
2633 1485 2980 1555 φαινομένης,
3005 1485 3216 1554 ἀνάγκη
3239 1484 3339 1555 τὴν
3367 1484 3630 1554 ὁμοίωσιν

2052 1579 2146 1634 καὶ
2175 1579 2276 1649 τὴν
2305 1577 2529 1649 ἑνότητα
2573 1577 2657 1628 ἐπ’
2687 1576 2855 1648 αὐτὴν
2884 1578 2982 1647 τὴν
3018 1576 3202 1629 οὐσίαν
3237 1575 3331 1629 τ’υῦ
3365 1575 3496 1628 Υἱοῦ
3527 1577 3631 1643 φέο

2055 1688 2188 1744 ρεινο
2235 1672 2283 1724 εἰ
2314 1671 2424 1744 γὰρ
2464 1671 2536 1742 μὴ
2577 1669 2720 1723 οὕτω
2749 1687 2832 1734 τις
2877 1669 3029 1723 λάϐοι
3074 1668 3185 1740 (65)
3215 1668 3334 1723 οὔτε
3383 1668 3543 1722 πλέον
3570 1684 3630 1722 τι

387 1779 551 1833 supra
581 1781 669 1820 res
697 1764 870 1822 factas
913 1767 1199 1825 habiturus
1227 1776 1330 1833 est,
1366 1769 1443 1822 uti
1470 1769 1732 1835 diximus,
1773 1781 1944 1836 neque

2058 1766 2161 1820 τῶν
2189 1765 2428 1836 γενητῶν
2469 1765 2607 1834 ἔχων
2648 1764 2976 1834 φανήσεται,
3011 1763 3200 1833 ὥσπερ
3231 1761 3466 1832 εἴρηται,
3500 1759 3632 1814 οὔτε

384 1853 562 1911 Patris
609 1855 830 1914 futurus
881 1868 966 1914 est
1021 1859 1236 1926 similis,
1288 1859 1382 1915 sed
1421 1859 1596 1914 Patris
1634 1860 1944 1929 dogmatum

386 1947 694 2004 duntaxat:
742 1949 854 2004 imo
886 1951 954 2004 ab
988 1951 1112 2020 ipso
1145 1951 1306 2006 Patre
1341 1951 1572 2017 dili‘eret,
1604 1951 1950 2021 quandoqui-

384 2037 505 2091 dem
531 2037 688 2093 Pater
716 2048 800 2094 est
836 2039 1013 2108 Pater,
1048 2040 1299 2111 dogmata
1329 2051 1510 2096 autem
1562 2052 1615 2098 et
1664 2041 1944 2107 doctrina,

383 2126 562 2184 Patris
593 2139 741 2185 sunt.
777 2130 834 2186 Si
864 2132 1028 2200 igitur
1064 2131 1236 2189 Filius
1287 2135 1585 2189 secundum
1624 2135 1874 2205 dogmata
1898 2146 1950 2191 et

384 2218 689 2276 doctrinam
740 2221 888 2278 Patri
937 2231 1022 2279 est
1060 2225 1292 2292 similis;
1329 2225 1574 2295 profecto
1619 2242 1687 2282 ex
1731 2226 1947 2282 illorum

383 2313 648 2366 sententia
678 2312 838 2369 Pater
873 2315 994 2370 solo
1026 2317 1247 2371 nomine
1274 2315 1434 2371 Pater
1470 2317 1687 2374 futurus
1715 2329 1818 2385 est,
1851 2336 1951 2373 nec

337 2453 346 2466 ,
387 2402 557 2460 Filius
583 2405 858 2462 simillima
882 2406 1001 2476 ejus
1033 2408 1212 2478 imago
1243 2409 1385 2464 erit:
1419 2410 1529 2465 imo
1565 2409 1766 2464 nullam
1792 2411 1951 2480 plane

382 2495 786 2563 proprietatem,
811 2498 1014 2552 nullam
1046 2497 1220 2553 Patris
1246 2500 1653 2555 similitudinem
1670 2500 1833 2573 444
1851 2504 1950 2554 ha-

382 2583 510 2637 bere
538 2584 828 2640 videbitur.
869 2586 1002 2653 Quae
1041 2589 1182 2644 enim
1213 2590 1515 2645 similitudo
1540 2591 1624 2644 vel
1663 2607 1784 2660 quae
1814 2596 1952 2661 'pro-

383 2673 588 2741 prietas
617 2673 794 2731 Patris
829 2677 883 2731 in
906 2679 999 2733 illo
1025 2693 1145 2734 esse
1167 2687 1364 2749 potest,
1394 2682 1487 2752 qui
1522 2683 1772 2738 diversus
1798 2691 1879 2736 est
1918 2699 1949 2738 a

387 2765 585 2822 Patre?
612 2767 860 2840 Namque
890 2769 1090 2826 Paulus
1121 2773 1235 2842 ipse
1259 2774 1351 2842 qui
1368 2774 1627 2829 doctrinae
1652 2775 1951 2831 Salvatoris

383 2859 685 2914 consimilia
725 2860 974 2921 docebat,
1011 2862 1206 2918 similis
1248 2864 1421 2919 cidem
1463 2875 1653 2920 natura
1688 2882 1794 2920 non
1826 2866 1948 2926 fuit.

383 2946 577 3002 Errant
605 2949 769 3019 igitur
803 2952 896 3020 qui
931 2952 1004 3006 ita
1041 2954 1283 3008 sentiunt
1313 2973 1327 3008 :
1361 2971 1596 3026 vereque
1624 2974 1792 3012 unum
1821 2971 1953 3014 sunt

381 3033 554 3092 Filius
592 3046 646 3091 et
684 3036 863 3105 Pater,
899 3039 1358 3108 quemadmodum
1407 3059 1570 3113 supra
1600 3044 1803 3098 dictum
1827 3057 1948 3101 est:

2049 1856 2142 1910 τοῦ
2165 1856 2377 1928 Πατρὸς
2397 1857 2578 1926 ὅμοιος
2605 1855 2779 1919 ἔσται,
2808 1854 2942 1908 ἀλλὰ
2962 1854 3070 1907 τῶν
3092 1853 3184 1907 τοῦ
3208 1853 3420 1924 Πατρὸς
3440 1853 3634 1922 ὅμοιος

2049 1948 2197 2000 ἔσται
2244 1948 2546 2018 δογμάτωνο
2600 1948 2694 2000 καὶ
2748 1946 2842 2000 τοῦ
2895 1947 3106 2016 Πατρὸς
3164 1944 3406 2015 διαφέρει
3467 1944 3549 1996 ὅτι
3598 1946 3632 1998 6

2054 2040 2152 2108 μὲν
2182 2038 2292 2109 (66)
2323 2040 2514 2110 Πατὴρ
2562 2041 2746 2109 πατήρ
2798 2040 2932 2101 ἐστι,
2972 2037 3040 2090 τὰ
3081 2036 3138 2089 δὲ
3174 2037 3420 2106 δόγματα
3465 2036 3558 2088 καὶ
3590 2036 3629 2106 ἡ

2049 2131 2362 2186 διδασκαλία
2394 2131 2488 2184 τοῦ
2518 2131 2731 2201 Πατρός
2747 2131 2913 2183 ἐστιν,
2938 2130 3001 2182 Εἰ
3030 2129 3208 2182 τοίνυν
3231 2127 3371 2181 κατὰ
3405 2127 3472 2180 τὰ
3497 2127 3630 2195 δόγ-

2054 2240 2197 2293 ματα
2239 2223 2334 2278 καὶ
2385 2221 2482 2292 τὴν
2513 2219 2858 2273 διδασκαλίαν
2900 2219 3084 2289 ὅμοιός
3120 2221 3266 2270 ἐστιν
3300 2219 3328 2270 6
3369 2217 3497 2280 Υἰὺς
3539 2216 3627 2288 τῷ

2050 2315 2224 2384 Πατρὶ
2257 2312 2390 2382 (67),
2422 2315 2450 2366 6
2483 2312 2581 2384 μὲν
2608 2310 2796 2381 Πατὴρ
2836 2311 2953 2363 κατ’
2984 2310 3179 2372 αὐτοὺς
3205 2309 3429 2379 ὀνόματι
3463 2306 3629 2376 μόνον

2051 2406 2240 2475 Πατὴρ
2293 2403 2475 2456 ἔσται’
2525 2403 2555 2454 ὁ
2597 2401 2654 2454 δὲ
2698 2401 2824 2464 Υἰὸς
2867 2400 2966 2452 οὐκ
2996 2398 3409 2470 ἀπαράλλακτος
3435 2394 3628 2459 εἰκὼν,

2053 2497 2251 2567 μᾶλλον
2281 2495 2399 2549 οὐδὲ
2443 2495 2577 2556 ὅλως
2614 2492 2850 2562 ἰδιότητα
2882 2490 2916 2561 ἢ
2949 2490 3206 2560 ὁμοίωσίν
3235 2505 3357 2541 τινα
3384 2486 3479 2541 τοῦ
3513 2487 3636 2540 Πα-

2049 2588 2175 2658 τρὸς
2208 2587 2343 2658 ἔχων
2372 2586 2690 2656 φανήσεται.
2719 2581 2856 2636 Ποία
2889 2581 2998 2652 γὰρ
3021 2579 3276 2650 ὁμοίωσις
3301 2577 3396 2630 καὶ
3427 2576 3634 2647 ἰδιότης

2047 2679 2127 2749 τῷ
2155 2675 2652 2748 παρεξηλλαγμένῳ
2678 2673 2829 2745 παρὰ
2848 2674 2937 2726 τὸν
2959 2673 3175 2743 Πατέρα
3198 2669 3307 2740 (68)
3329 2687 3343 2735 ;
3375 2669 3488 2722 Καὶ
3514 2669 3632 2740 γὰρ

2049 2772 2144 2823 καὶ
2185 2771 2214 2822 ό
2267 2767 2474 2830 Παῦλος
2520 2768 2682 2837 ὃμοια
2723 2763 2802 2835 τῷ
2849 2764 3059 2835 Σωτῆρι
3089 2762 3386 2824 διδάσκων,
3423 2762 3522 2813 οὐκ
3551 2756 3630 2831 ἦν

2050 2860 2168 2913 κατ’
2200 2858 2388 2911 οὐσίαν
2419 2858 2602 2927 ὅμοιος
2640 2854 2808 2924 αὐτῷ.
2855 2855 3078 2906 Ἐκεῖνοι
3115 2853 3209 2923 μέν
3241 2848 3353 2914 οὖν,
3396 2851 3630 2904 τοιαῦτα

2051 2947 2390 3020 φρονοῦντες,
2412 2945 2713 3015 ψεύδονται·
2738 2945 2767 2997 6
2787 2941 2843 2996 δέ
2870 2960 2930 3012 γε
2956 2941 3082 3004 Υἱὸς
3117 2941 3226 3012 (69)
3262 2942 3353 2993 καὶ
3375 2943 3403 2993 6
3430 2939 3628 3012 Πατὴρ

2051 3041 2224 3104 οὕτως
2261 3039 2397 3091 εἰσὶν
2425 3037 2502 3101 ἐν,
2535 3035 2786 3106 καθάπερ
2813 3035 3046 3106 είρηταν
3076 3034 3169 3086 καὶ
3210 3032 3382 3096 οὕτως
3419 3034 3567 3085 ἐστὶν
3596 3035 3630 3084 6

380 3137 543 3198 atque
588 3129 663 3184 ita
692 3129 882 3194 Filius,
916 3131 1092 3188 Patris
1127 3141 1211 3188 est
1248 3133 1442 3190 similis
1468 3147 1522 3190 et
1542 3151 1606 3190 ex
1631 3137 1749 3207 ipso
1779 3136 1939 3192 Patre

2058 3133 2169 3196 Γίὺς
2192 3133 2374 3200 ὅμοιος
2397 3128 2490 3181 καὶ
2518 3125 2576 3194 ἐξ
2607 3125 2768 3179 αὐτοῦ
2793 3124 2887 3177 τοῦ
2920 3123 3153 3195 Πατρὸς,
3192 3123 3267 3185 ὡς
3300 3121 3447 3174 ἐστιν
3491 3121 3628 3176 ἰδεῖν

380 3219 614 3288 genitus,
646 3221 860 3289 qualem
907 3223 1155 3278 videlicet
1205 3225 1555 3296 intelligimus
1584 3239 1638 3282 et
1664 3228 1941 3284 cernimus

2058 3224 2132 3276 cat
2164 3223 2302 3273 νοεῖν
2344 3218 2458 3270 υἱὸν
2487 3217 2623 3287 πρὸς
2667 3215 2911 3285 πατέρα,
2955 3216 3050 3267 καὶ
3097 3214 3172 3277 ὡς
3207 3213 3353 3266 ἔστιν
3401 3212 3527 3276 ἰδεῖν
3561 3213 3631 3266 τὺ

379 3309 548 3365 ﬁlium
595 3326 652 3366 se
694 3311 893 3367 habere
922 3328 1049 3385 erga
1092 3325 1298 3386 patrem
1337 3329 1390 3373 et
1437 3320 1775 3388 Splendorem
1816 3337 1940 3392 erga

2058 3309 2379 3379 ὶπαύγασμα
2410 3307 2521 3379 (70)
2563 3306 2700 3378 πρὸς
2727 3306 2815 3360 τὸν
2861 3305 3030 3376 ἥλιον.
3061 3305 3158 3358 Διὰ
3197 3304 3307 3375 γὰρ
3349 3303 3411 3357 τὸ
3446 3303 3628 3369 οὕτως

382 3401 570 3456 solem.
597 3400 735 3468 Quia
756 3403 900 3458 enim
929 3405 1032 3459 hoc
1058 3409 1221 3463 modo
1247 3425 1306 3464 se
1334 3411 1490 3465 habet
1513 3410 1708 3475 Filius,
1739 3412 1942 3467 idcirco

381 3509 505 3548 cum
531 3497 641 3567 agit
667 3496 862 3564 Filius,
893 3498 1053 3556 Pater
1092 3502 1342 3558 similiter
1381 3505 1509 3575 agit,
1541 3513 1742 3560 etcum
1771 3503 1944 3561 Filius

380 3584 446 3639 ad
481 3597 700 3645 sanctos
749 3591 976 3655 accedit,
1008 3591 1168 3647 Pater
1217 3610 1436 3664 quoque
1466 3596 1529 3650 ad
1555 3595 1678 3652 illos
1719 3597 1771 3651 in
1802 3597 1940 3652 Filio

377 3680 606 3744 accedit,
641 3691 702 3736 ut
745 3683 860 3752 ipse
896 3685 1050 3740 hisce
1092 3686 1363 3754 pollicitus
1390 3697 1474 3743 est
1509 3689 1708 3756 verbis,
1741 3689 1854 3760 Ego
1892 3700 1940 3744 et

386 3767 545 3824 Pater
568 3773 824 3828 veniemus
855 3783 904 3828 et
929 3778 1250 3830 mansionem
1282 3781 1422 3848 apud
1447 3796 1561 3832 eum
1589 3781 1843 3850 faciemus
1871 3783 1937 3837 ".

379 3859 656 3933 Siquidem
679 3864 838 3920 Pater
861 3867 915 3921 in
940 3867 1172 3937 imagine
1188 3872 1429 3924 cernitur
1460 3884 1513 3925 et
1540 3872 1594 3926 in
1622 3874 1742 3927 lucc
1760 3875 1939 3943 splen—

375 3951 477 4007 dor
509 3955 741 4010 exsistit.
777 3954 936 4021 Hinc,
969 3969 1030 4012 ut
1053 3960 1214 4028 paulo
1247 3971 1371 4014 ante
1403 3961 1664 4026 diximus,
1695 3979 1818 4017 cum
1838 3963 1940 4018 Pa-

377 4053 459 4098 ter
474 4045 564 4100 dat
581 4048 806 4116 gratiam
830 4057 885 4102 et
902 4063 1114 4118 pacem,
1129 4052 1373 4106 eamdem
1393 4054 1598 4122 pariter
1625 4055 1717 4110 dat
1746 4054 1938 4122 Filius,

2041 3397 2179 3455 εἶναι
2208 3401 2322 3472 (71)
2361 3401 2453 3452 τὸν
2482 3399 2630 3463 Υἱὸν,
2659 3396 3023 3470 ἐργαζομένου
3064 3397 3158 3451 τοῦ
3194 3397 3345 3460 Υἱοῦ,
3371 3399 3399 3449 6
3424 3398 3628 3468 Πατήρ

2048 3494 2245 3546 ἐστινὸ
2279 3489 2661 3561 ἐργαζόμενος,
2709 3491 2800 3543 καὶ
2849 3491 3140 3561 ἐρχομένου
3183 3491 3276 3545 τοῦ
3309 3491 3439 3544 Υἱοῦ
3482 3492 3626 3563 πρὸς

2047 3584 2175 3646 τοὺς
2199 3583 2406 3651 ἁγίους,
2436 3583 2465 3634 6
2505 3583 2693 3652 Πατήρ
2717 3584 2863 3634 ἐστιν
2900 3583 2929 3633 6
2967 3582 3256 3653 ἐρχόμενος
3283 3584 3339 3635 ἐν
3365 3583 3441 3653 τῷ
3479 3584 3622 3656 Υἰῷ,

2049 3679 2124 3740 ὼς
2153 3675 2313 3738 αὐτὸς
2341 3674 2698 3743 ἐπηγγείλατο
2729 3673 2920 3742 λέγων’
2955 3673 3356 3743 Ἕλευσόμεθιι
3378 3674 3496 3744 ἐγὼ
3521 3675 3627 3729 καὶ

2049 3772 2083 3822 ὁ
2127 3767 2348 3834 Πατὴρ,
2381 3765 2478 3819 καί
2512 3765 2712 3833 μονὴν
2756 3769 2890 3833 παρ’
2921 3765 3078 3831 αὐτῷ
3115 3766 3448 3835 ποιήσομεν
3480 3767 3621 3838 (72).

2055 3861 2143 3914 Ἐν
2185 3858 2294 3930 γὰρ
2338 3860 2404 3928 τῇ
2449 3857 2614 3910 εἰκόνι
2661 3855 2994 3927 θεωρεῖταιό
3036 3859 3246 3930 Πατὴρ,
3295 3859 3387 3912 καὶ
3436 3862 3498 3912 ἐν
3543 3859 3628 3930 τῷ

2042 3947 2433 4018 ἀπαυγάσματί
2457 3948 2571 3999 ἐστι
2593 3947 2652 3998 τὸ
2675 3947 2809 4014 φῶς.
2833 3947 2931 3999 Διὰ
2949 3947 3125 4013 τοῦτο,
3150 3948 3400 4020 καθάπερ
3435 3951 3627 4022 μικρῷ

2047 4039 2283 4109 πρόσθεν
2304 4039 2550 4109 εἴπομεν,
2581 4038 2673 4092 καὶ
2696 4037 2927 4102 διδόντος
2961 4040 3070 4109 (75)
3095 4039 3188 4092 τοῦ
3217 4041 3430 4111 Πατρὸς
3461 4041 3627 4112 χάριν

451 4270 494 4304 ’³
531 4271 680 4328 Psal.
711 4288 913 4340 Lxxxv,
947 4273 1006 4328 8.
1077 4275 1124 4306 ⁷³
1162 4273 1304 4329 Psal.
1345 4291 1610 4342 uxxvm,
1651 4276 1703 4331 7.
1782 4277 1828 4307 ⁷⁸
1865 4276 1885 4330 1
1922 4283 1944 4330 t

2089 4295 2165 4343 ιι,
2209 4279 2259 4332 7.
2336 4281 2380 4311 ⁷⁸
2417 4280 2575 4338 Joan.
2616 4297 2728 4348 xrv,
2767 4283 2856 4337 23.

443 4427 801 4519 (6ELRCK.\‘
823 4438 923 4519 ,‘et
967 4428 1408 4519 §eguer.,“1rapg
1439 4431 1543 4519 μὲν
1572 4432 1804 4519 παντων.
1837 4433 1942 4486 Alii

2058 4432 2393 4518 llatﬁpﬁcyt.
2434 4433 2632 4519 Ibidem
2658 4434 2794 4519 Erg:
2833 4438 2896 4502 1,
2935 4437 3260 4519 et‘Seguerq
3297 4440 3622 4512 ἀπαραλλάο

371 4511 425 4554 et
453 4498 606 4571 editi,
629 4498 768 4571 _rrapl.
796 4501 895 4571 μὲν
924 4498 1159 4571 πάντων.
1204 4498 1486 4571 ΜοκῚίθέζ.
1523 4502 1545 4553 1
1591 4513 1644 4556 et
1693 4503 1940 4571 Seguer.,

374 4572 482 4623 Kal.
510 4570 594 4633 τίς
619 4569 1016 4640 ὁμοιωθήσεται
1057 4570 1134 4640 τῷ
1180 4569 1367 4640 Κυρίῳ
1393 4571 1449 4622 ἐν
1473 4572 1642 4637 υἱοῖς;
1671 4569 1862 4626 Cwieri
1890 4581 1944 4628 el.

369 4642 519 4701 editi,
550 4641 620 4711 ᾜ
637 4640 720 4702 τίς
744 4640 1137 4711 όμοιωῼήσεταί
1164 4643 1326 4711 σοιξέν
1355 4643 1520 4711 υίοῐς;

440 4711 549 4780 (64)
591 4709 722 4782 Reg.
759 4709 1158 4782 l,_ctSegucr.,
1185 4709 1321 4763 ἀλλὰ
1351 4709 1561 4782 διαγτὴν
1588 4713 1941 4782 ἐνοικήσασαν

367 4781 424 4852 ἐν
449 4779 604 4852 ἡμῖν,
638 4779 768 4852 [ιι-κ.
807 4780 874 4844 2,
905 4781 1030 4833 item
1053 4783 1151 4852 ,ἐν
1185 4783 1336 4852 ἡμῖν.
1374 4781 1478 4833 Alii
1507 4779 1730 4852 ét_cditi,
1756 4779 1850 4835 ’διὰ
1884 4781 1940 4833 δέ

366 4850 850 4921 τὴνὲνοικήσασαν
874 4852 1024 4920 ἡμῖν.
1057 4850 1175 4921 bimi
1211 4850 1346 4918 Reg.
1375 4852 1400 4921 il
1428 4892 1442 4912 ,
1473 4859 1527 4903 et
1555 4850 1804 4921 Seguen,
1836 4852 1942 4904 Λόο

368 4920 462 4988 γος
489 4920 672 4973 αὑτοῦ,
699 4922 803 4974 Alii
833 4931 886 4974 et
916 4922 1066 4982 editi,
1100 4920 1270 4986 Λόγος
1297 4920 1397 4972 τοῦ
1428 4920 1583 4976 Θεοῦ.
1612 4921 1745 4978 ibid.
1781 4938 1939 4987 mss.,

368 4989 432 5042 δι’
460 4992 627 5062 ἡμᾶς,
661 4991 838 5062 Eilitio
864 4991 1152 5062 COlllnlel:,
1177 4991 1244 5043 δι’
1271 4991 1448 5059 ἡμῶν.

439 5059 552 5132 (65)
595 5059 686 5115 Sic
724 5059 857 5132 Reg.
897 5061 959 5132 1,
1003 5070 1057 5114 et
1103 5059 1327 5132 Sggucr.
1371 5061 1660 5132 At_c_:eteri
1692 5068 1749 5132 et
1774 5059 1939 5128 editi,

364 5128 508 5185 οὕτω
535 5128 634 5196 ’τις
689 5128 857 5198 λέγοι.
902 5131 1103 5186 Ibidem
1135 5129 1278 5184 Felc.
1317 5132 1378 5196 1,
1407 5129 1566 5183 πλέον
1597 5147 1649 5183 τι
1681 5128 1790 5183 τῶν
1817 5147 1941 5199 γενρ

366 5220 545 5256 νπτων
551 5243 565 5256 .

593 5270 723 5340 Reg.
758 5271 823 5330 1,
869 5280 925 5342 et
973 5269 1220 5342 Seguer.,
1269 5269 1404 5342 ἀλλᾲ
1437 5268 1544 5342 τῷν
1574 5269 1671 5342 τοιξ
1702 5271 1940 5342 Πατρός.

365 5338 622 5414 έιαφέρει
647 5338 783 5414 δέτι
805 5380 819 5402 ,
860 5341 948 5414 -ὂτι
980 5343 1008 5394 6
1041 5338 1162 5410 μέν,
1194 5338 1437 5414 etc._Si_c
1463 5339 1594 5414 item
1634 5338 1939 5414 Goblei7.ret

365 5407 514 5467 Fclc.
541 5407 596 5472 1,
629 5413 723 5467 sed
763 5412 1020 5465 omittunt
1042 5407 1102 5462 ’τι
1135 5419 1254 5476 post
1279 5409 1358 5462 δέ.
1389 5407 1530 5463 Fclc.
1564 5409 1600 5462 2
1627 5411 1828 5465 omittit
1859 5413 1938 5466 ib-

367 5483 532 5544 idem,
561 5482 698 5536 ἀλλὰ
717 5481 837 5552 τῶν
858 5482 952 5534 τοῦ
985 5481 1198 5552 lla-.306:
1226 5481 1408 5552 ὅμοιος
1431 5477 1601 5552 ἔσται.

440 5552 552 5620 (67)
595 5553 685 5606 Sic
716 5551 825 5620 Reg
889 5553 910 5604 1
940 5592 956 5614 ,
1001 5561 1053 5606 et
1085 5550 1310 5619 Seguer.
1355 5551 1539 5620 Atalii
1570 5561 1622 5605 et
1651 5550 1812 5614 editi,
1841 5553 1936 5606 τοῦ

365 5618 599 5694 Πατρός.
643 5618 1015 5694 Μυχςῐὶρείυε
1055 5618 1262 5690 primus
1301 5618 1659 5694 gt_chuer.,
1713 5624 1935 5694 ὀνόματι

369 5691 530 5762 μόνον
563 5692 751 5765 Πατὴρ
776 5691 950 5765 ἐσταιτ
975 5691 1446 5765 βοιιιομει-Ιῖείο.
1483 5693 1532 5757 1,
1569 5691 1931 5764 ὀνόματίμό-

365 5761 456 5816 νον
504 5761 874 5834 Πατήρέστι.
926 5763 1032 5817 Alii
1072 5774 1124 5818 et
1161 5763 1325 5818 editio
1373 5761 1674 5828 Commel.,
1713 5761 1941 5821 ὀνόυζατι

2044 4501 2627 4578 κτωςξζεὶκῲνὶμᾶλλον
2653 4505 2708 4578 δέ
2739 4501 3023 4578 amasse
3056 4501 3312 4578 ἱδνιὸτητα.

2117 4574 2225 4646 (68)
2267 4571 2588 4646 S_ic_l{egius
2617 4576 2826 4646 primus
2849 4588 2900 4632 et
2934 4571 3251 4646 Seguerian.
3281 4577 3422 4632 Editi
3457 4595 3617 4645 vero,

2042 4641 2320 4713 παραίτοῦ
2351 4641 2582 4713 Πατρός.
2618 4641 2762 4700 Felc.
2795 4645 2848 4709 2,
2875 4657 2928 4701 et
2962 4641 3128 4701 editio
3157 4649 3422 4702 Commel.
3461 4641 3622 4704 men-1

2042 4712 2173 4766 doSe
2204 4712 2404 4796 habent
2425 4712 3131 4796 ‘napegapfyﬁévqi._l_bid.
3164 4717 3302 4796 Reg.
3328 4719 3473 4796 iLet
3515 4719 3622 4796 Sf:-

2040 4781 2355 4905 ἕιἨιῖλΚαὶ
2379 4783 2485 4854 γὰρ
2514 4781 2609 4838 καὶ
2636 4788 2664 4840 6
2697 4781 2927 4851 Παῦλος.
2955 4786 3060 4841 Alii
3087 4799 3139 4842 et
3178 4781 3329 4852 editi,
3366 4789 3476 4842 Καὶ
3503 4790 3621 4864 γὰρ

2153 4870 2218 4904 αυ
2253 4868 2332 4905 oc.

2153 4868 2332 4913 αυΑος.

2043 4922 2224 5044 Υξξξξξθ)
2267 4920 2358 4976 δίε
2391 4920 2523 4993 Rei!-
2560 4923 2623 4989 ί,
2667 4934 2720 4980 el-
2753 4926 2976 4997 Seguer.
3012 4931 3079 4984 At
3114 4928 3204 4983 alii
3231 4937 3285 4983 et
3305 4929 3433 4983 editi
3455 4969 3470 4992 ,
3500 4931 3529 4983 6
3553 4929 3620 4984 δὲ

2095 5009 2188 5054 ιος.
3350 5039 3362 5054 .
3663 5042 3678 5058 .

2113 5061 2222 5138 (7Q)
2266 5060 2357 5138 §ic
2385 5071 2612 5138 uterque
2650 5061 2846 5136 Regius
2871 5077 2925 5122 et
2957 5068 3180 5138 Seguer.
3211 5067 3432 5123 GOillCl‘.
3460 5067 3617 5125 Felc.

2045 5131 2068 5184 1
2101 5131 2232 5207 et_
2262 5132 2458 5207 (hateri
2493 5131 2672 5207 autem
2698 5131 2754 5189 ei
2777 5138 2925 5198 editi.
2959 5131 3058 5193 καῖ
3085 5139 3444 5207 ἀπαύγασμα.

2116 5200 2469 5280 (7l)_Goble_r.
2500 5214 2554 5256 et
2582 5203 2724 5280 Felc.
2765 5207 2819 5271 1,
2849 5209 2946 5260 Διὰ
2969 5210 3078 5280 γὰρ
3110 5200 3267 5262 τοῦτο
3294 5200 3452 5280 εἶναι.
3482 5208 3617 5266 Mox

2044 5269 2241 5351 Reg}
2266 5312 2282 5335 ,
2313 5281 2366 5351 et
2397 5270 2644 5351 Segkuerq
2677 5269 2824 5330 ἐστιν
2869 5281 2898 5331 6
2942 5269 3328 5350 ἐργαζόμενος.
3363 5278 3504 5333 Editi
3555 5292 3619 5335 et

2040 5342 2152 5404 alii,
2177 5341 2320 5392 ἐστιν
2346 5342 2727 5408 ἐργαζόμενος.

2118 5361 2152 5404 Ι,
2177 5361 2320 5392 εστιν
2346 5361 2543 5408 εργαςο
2591 5362 2727 5407 ενος.

2109 5410 2220 5491 (72)
2261 5409 2390 5491 Reg:
2431 5412 2482 5474 1,
2537 5361 2758 5491 ξομες.
2813 5425 2869 5471 cl.
2913 5415 3228 5490 Scriptura,
3285 5421 3611 5491 ποιήσομεν.

2037 5481 2229 5554 Ali_i__e_t
2256 5481 2407 5554 editi,
2437 5484 2799 5554 ποιησόμεθα.

2082 5549 2219 5639 ’(75)
2256 5547 2398 5644 Iieg.1
2429 5547 2577 5644 ivbet
2612 5547 2858 5644 ἐρείπει),
2898 5558 3007 5644 ¹και).
3038 5558 3301 5644 διδόντος,
3349 5570 3396 5613 et
3431 5575 3614 5644 .mox,

2037 5620 2203 5690 αὐτὴν
2242 5620 2334 5672 καὶ
2375 5621 2402 5673 ὁ
2437 5620 2581 5686 Υἱός.
2630 5620 2735 5678 Alii
2766 5635 2817 5679 et
2847 5620 3012 5691 editi,
3057 5620 3317 5695 διδόντος),
3347 5628 3554 5700 ταύτην
3585 5620 3618 5686 6

2039 5687 2412 5770 1‘i6;._lliidcni
2432 5690 2674 5770 _Goliler.
2713 5695 2930 5752 etFelc.
2982 5701 3044 5763 Ι,
3093 5700 3506 5770 ἐπισημαίνεται
3549 5702 3617 5754 ἐν

2036 5763 2150 5822 ταῖς
2177 5758 2480 5823 ἐπιστολαξ
2516 5765 2760 5826 γράφων.
