3840 6220
267 340 381 399 διε

265 551 688 623 ἐπισημαίνεται
733 553 820 607 διὰ
853 553 1035 626 πάσης
1072 556 1358 631 ἐπιστολῆς
1397 561 1644 632 γράφων⁹
1675 561 1855 631 Χάρις

267 641 414 713 ὑμῖν
443 642 545 697 καί
576 642 782 712 εἰρήνη
813 644 933 699 ἀπὸ
972 647 1122 701 Θεοῦ
1151 649 1382 718 Πατρός
1414 650 1583 721 ἡμῶν
1613 652 1710 706 καὶ
1740 657 1852 709 Κυ-

256 733 404 802 ρίου
446 733 653 801 Ἰησοῦ
697 737 976 803 Χριστοῦ.
1010 737 1127 792 Μία
1166 738 1273 812 γὰρ
1314 741 1408 795 καὶ
1455 745 1488 814 ἡ
1530 744 1665 816 αὐτὴ
1697 745 1855 815 χάρις

266 826 389 879 ἐστὶ
436 826 590 899 παρὰ
636 827 851 899 Πατρὸς
895 831 953 884 ἐν
987 830 1122 901 Υίῷ,
1164 831 1241 896 ὡς
1280 832 1426 889 ἐστιν
1451 834 1509 888 ἓν
1530 836 1592 890 τὸ
1618 836 1733 907 φῶς
1759 838 1854 892 τοῦ

267 914 423 987 ἡλίου
472 919 568 972 καὶ
611 918 704 972 τοῦ
744 920 1178 993 ἁπαυγὰσματος
1208 924 1340 996 (74),
1381 927 1478 982 καὶ
1514 926 1576 982 τὸ
1603 929 1855 997 φωτίζειν

267 1005 366 1060 τοῦ
395 1007 551 1079 ἡλίου
583 1007 673 1063 διὰ
702 1010 798 1064 τοῦ
824 1012 1257 1086 ἀπαυγάσματος
1286 1017 1515 1085 γίνεται.
1551 1019 1705 1075 Οὖτω
1726 1021 1855 1090 γοῦν

269 1096 438 1151 πάλιν
476 1100 846 1172 ἐπευχόμενος
875 1103 1324 1162 Θεσσαλονικεῦσι
1363 1111 1458 1165 καὶ
1486 1109 1677 1180 λέγων’
1734 1116 1855 1169 Αὐ-

270 1188 377 1256 τὸς
419 1189 491 1244 δὲ
529 1195 564 1247 ό
603 1192 748 1260 Θεὸς
792 1196 894 1251 καὶ
934 1198 1149 1269 ’Πατὴρ
1198 1201 1388 1271 ἡμῶν,
1423 1206 1522 1259 καὶ
1563 1209 1599 1260 ό
1640 1208 1857 1275 Κύριος

284 1278 533 1348 Ἰησοῦς
561 1284 817 1352 Χριστὸς
851 1286 966 1358 (75)
996 1294 1354 1347 κατευθύναι
1377 1293 1493 1364 τὴν
1520 1295 1665 1351 ὁδὸν
1689 1297 1858 1366 ἡμῶν

269 1370 428 1440 πρὸς
463 1374 640 1442 ὑμᾶς,
682 1376 782 1449 τὴν
818 1380 1045 1453 ἑνότητα
1087 1382 1182 1436 τοῦ
1219 1387 1434 1459 Πατρὸς
1467 1388 1563 1442 καὶ
1599 1389 1695 1443 τοῦ
1724 1391 1856 1445 Υἱοῦ

272 1464 561 1534 ἐφύλαξεν
588 1467 650 1521 οὐ
683 1469 793 1542 γὰρ
822 1466 965 1538 εἶπε,
1005 1478 1447 1541 κατευθύνοιεν,
1475 1481 1551 1545 ὡς
1589 1481 1743 1554 παρὰ
1764 1483 1857 1538 δύο

274 1555 591 1630 διδομένης,
625 1561 777 1631 παρὰ
797 1561 987 1618 τούτου
1015 1566 1111 1619 καὶ
1135 1566 1348 1635 τούτου,
1385 1570 1583 1642 διπλῆς
1611 1573 1854 1646 χάριτος,

274 1645 437 1710 ἀλλὰ,
471 1653 850 1716 κατευθύναι,
886 1655 972 1709 ἵνα
1002 1656 1172 1730 δείξῃ,
1211 1659 1293 1714 ὃτι
1324 1663 1354 1714 ό
1394 1662 1586 1735 Πατὴρ
1627 1645 1695 1719 διδ
1725 1667 1855 1721 mo

274 1737 463 1793 δίδωσι
494 1740 720 1815 ταύτηνο
755 1744 814 1812 ἐξ
852 1739 928 1800 ὧν
966 1748 1067 1802 κᾶν
1098 1750 1358 1825 ὲρυθριᾷν
1384 1756 1432 1809 0t
1460 1756 1676 1823 ἁσεϐεῐς
1700 1759 1859 1816 δυνά·-

279 1846 457 1900 μενοι,
487 1832 551 1885 ού
577 1832 859 1903 βούλονται
889 1838 1023 1910 (76).

352 1919 441 1975 12.
466 1923 533 1976 Et
559 1924 667 1997 γὰρ
699 1926 775 1998 μὴ
805 1923 873 1998 ἦν
898 1930 1088 2001 ἑνότης
1112 1932 1205 1987 καὶ
1241 1933 1369 1990 ίδιον
1394 1937 1496 2009 τῆς
1522 1938 1617 1994 τοῦ
1645 1943 1859 2014 Πατρὸς

271 2010 473 2103 ούσίας
494 2014 742 2103 γέννημα
770 2021 798 2072 6
827 2020 1020 2088 Λόγος,
1055 2023 1133 2088 ὡς
1163 2024 1226 2079 τὸ
1256 2027 1594 2102 ἀπαύγασμα
1624 2033 1716 2086 τοῦ
1747 2010 1859 2103 (ῥω-

273 2101 392 2165 τὸς,
426 2101 563 2159 ἀλλὰ
590 2104 884 2179 διειστήκει
904 2113 969 2181 τῇ
997 2111 1156 2180 φύσει
1176 2117 1206 2168 6
1230 2114 1357 2179 Υίὸς
1371 2117 1464 2171 τοῦ
1486 2101 1700 2192 Πατρός
1721 2101 1852 2192 (77)’

274 2192 440 2263 ἤρκει
462 2193 553 2247 τὸν
574 2197 803 2277 Πατέρα
828 2198 1011 2255 δοῦναι
1035 2202 1215 2272 μόνον,
1237 2207 1449 2272 οὐδενὸς
1479 2210 1590 2264 τῶν
1614 2213 1857 2284 γενητῶν

272 2284 756 2353 ἑπικοινωνοῦντος
795 2290 931 2362 πρὸς
970 2293 1061 2347 τὸν
1107 2300 1444 2370 πεποιηκότα
1486 2305 1543 2356 ὲν
1580 2307 1692 2369 τοῖς
1728 2296 1860 2360 6:60-

275 2370 482 2441 μένοιςο
520 2372 614 2428 νῦν
639 2375 697 2431 δὲ
723 2380 755 2449 ἡ
787 2380 1009 2453 τοιαύτη
1037 2382 1149 2454 (78)
1182 2385 1327 2452 δόσις
1348 2389 1586 2445 δείκνυσι
1616 2393 1714 2465 τὴν
1743 2395 1859 2449 ἐνό-

270 2477 417 2533 τητα
438 2465 532 2519 τοῦ
562 2467 773 2539 Πατρὸς
810 2473 904 2525 καὶ
940 2472 1034 2526 τοῦ
1068 2474 1216 2532 Υίοῦ.
1251 2479 1364 2533 Οὐκ
1393 2481 1460 2535 ἂν
1484 2483 1614 2551 γοῦν
1642 2483 1856 2552 εὖξαιτό

272 2565 359 2615 τις
398 2552 585 2609 λαϐεῖν
623 2558 775 2628 παρὰ
816 2560 909 2614 τοῦ
935 2563 1068 2618 Θεοῦ
1099 2565 1211 2636 (79)
1252 2569 1346 2622 καὶ
1376 2569 1485 2624 τῶν
1517 2572 1784 2642 ἀγγέλων,
1819 2575 1853 2648 ἢ

272 2647 431 2716 παρά
460 2664 607 2713 τινος
627 2649 738 2704 τῶν
775 2653 949 2709 ἄλλων
981 2659 1314 2729 κτισμάτων,
1343 2662 1450 2715 οὐδ’
1479 2662 1546 2717 ἂν
1577 2666 1720 2719 εἴποι
1748 2647 1853 2733 τις,

272 2733 399 2828 Διξιη
437 2753 519 2792 σοι
548 2741 577 2793 ό
614 2740 745 2806 Θεὸς
777 2745 872 2798 καὶ
911 2747 940 2799 6
982 2747 1212 2817 ἄγγελος
1242 2750 1376 2824 (80),
1405 2753 1541 2809 ἀλλὰ
1566 2758 1716 2828 παρὰ
1746 2760 1858 2813 Πα-

270 2826 406 2899 τρὸς
443 2831 539 2884 καὶ
568 2833 662 2886 τοῦ
696 2835 824 2889 Υξοῦ
869 2837 958 2925 διὰ
988 2840 1087 2913 τὴν
1127 2843 1353 2916 ἑνότητα
1391 2849 1484 2901 καὶ
1514 2848 1613 2922 τὴν
1648 2826 1854 2925 ἐνοειδῆ

270 2917 444 2976 δόσιν.
470 2923 570 2977 Διὰ
600 2925 709 2997 γὰρ
741 2927 835 2981 τοῦ
880 2918 1011 2984 Ῡὶοῦ
1043 2933 1239 2990 δίδοται
1287 2936 1357 2991 τὰ
1402 2917 1670 3012 διδόμεναο
1704 2917 1855 2998 οὐδὲν

270 3009 556 3109 δέξιὲστινζ
633 3017 708 3109 μη
744 3018 821 3109 διξ
844 3020 976 3076 Υἱοῦ
1015 3025 1230 3099 ἐνεργεῖ
1258 3031 1288 3084 ὁ
1328 3009 1539 3105 Πατήρ·
1572 3033 1714 3088 οὕτω
1746 3036 1852 3109 γὰρ

272 3099 372 3197 οιαὶ
395 3101 427 3154 6
454 3101 634 3197 λαϐὼν
660 3107 876 3197 όισφαλῆ
920 3112 1020 3184 τὴν
1049 3117 1207 3187 χάριν
1239 3117 1372 3190 ἔχει.
1406 3099 1565 3176 ⁷δὲ
1594 3124 1623 3177 6
1658 3099 1851 3197 πατριζ

271 3187 454 3285 ξίξκης
485 3189 703 3285 'Iatttb6,
747 3173 988 3268 εὐλογῶν
1031 3173 1157 3269 τοὺς
1188 3173 1851 3285 ἐγγκόνουςλέιρραίᾷοῐαὶ
1879 3173 1921 3229 c

270 3276 542 3374 Μανασσῆ
568 3282 771 3354 ἔλεγεν·
814 3287 867 3341 '0
897 3291 1040 3358 Θεὸς
1063 3297 1097 3348 ό
1128 3296 1359 3367 τρέφων
1374 3316 1453 3369 με
1472 3302 1540 3356 ἐκ
1558 3276 1852 3374 νεότητός

263 3387 389 3440 μου
411 3372 527 3466 duc
562 3374 674 3443 τῆς
717 3379 942 3449 ἡμέρας
988 3386 1231 3456 ταύτης*
1278 3393 1312 3444 ὀ
1344 3390 1595 3463 ἄγγελος
1635 3398 1669 3449 ό
1708 3372 1854 3466 pud;-

264 3463 455 3559 μενός
480 3482 559 3559 με
585 3466 695 3539 (81)
723 3470 791 3524 ἐκ
832 3473 1074 3530 πάντων
1108 3477 1228 3532 τῶν
1263 3482 1496 3549 κακῶν,
1524 3463 1853 3559 εὐλογῆσαι

267 3551 348 3606 τὰ
375 3555 580 3611 παιδία
623 3558 824 3614 ταῦτα’
864 3563 924 3617 οὐ
953 3565 1062 3619 τῶν
1090 3569 1414 3628 κτισθέντων
1438 3577 1532 3630 καὶ
1562 3577 1660 3648 τὴν
1693 3578 1853 3647 φύσιν

270 3645 522 3715 ἀγγέλων
553 3649 721 3705 ὄντων
747 3652 844 3708 ἕνα
869 3657 1105 3729 συνῆπτε
1141 3659 1253 3732 (85)
1278 3663 1356 3734 τῷ
1386 3645 1631 3720 κτίσαντι
1656 3645 1854 3734 αύτοὺς

268 3735 410 3808 Θεῷ*
443 3741 563 3794 οὐδὲ
602 3743 762 3812 ἀφεὶς
793 3745 882 3799 τὸν
917 3750 1183 3820 τρέφοντα
1211 3755 1373 3809 αὐτὸν
1413 3756 1563 3823 Θεὸν,
1592 3761 1722 3832 παρ’
1756 3761 1855 3830 ἀγ-

270 3828 435 3899 γέλου
463 3832 561 3905 τὴν
587 3835 836 3906 εὐλογίαν
866 3839 984 3911 ᾔτει
1016 3845 1127 3907 τοῖς
1152 3845 1418 3913 ἐγγόνοις,
1450 3847 1564 3902 ἀλλ’
1591 3828 1849 3922 εἰρηκὼς,

282 3921 343 3977 '0
360 3926 660 3996 ρυόμενός
685 3947 764 3999 με
791 3932 858 3986 ἐκ
881 3932 1123 3989 πάντων
1159 3935 1279 4015 τῶν
1315 3939 1535 4003 κακῶν,
1569 3940 1737 4008 ἔδειξε
1774 3942 1850 4015 μὴ

270 4016 384 4072 τῶν
411 4018 741 4076 κτισθέντων
773 4025 895 4079 τινὰ
934 4013 1210 4096 ἀγγέλων,
1227 4028 1363 4084 ἀλλὰ
1392 4030 1482 4085 τὸν
1508 4031 1681 4101 Λόγον
1712 4013 1852 4087 εἶναι

272 4107 366 4163 τοῦ
396 4110 553 4177 Θεοῦ,
585 4112 646 4167 δν
690 4113 770 4186 τῷ
799 4117 973 4190 Πατρὶ
1014 4120 1297 4175 συνάπτων
1329 4120 1542 4194 ηὔχετο,
1574 4123 1642 4177 δι’
1667 4116 1728 4178 οὗ
1758 4127 1852 4179 καὶ

270 4199 367 4265 οὓς
392 4202 490 4257 ἐὰν
511 4204 659 4277 θέλῃ,
692 4205 881 4278 ῥύεται
906 4211 935 4263 6
960 4210 1110 4275 Θεός.
1133 4212 1331 4267 Τοῦτον
1353 4213 1461 4284 γὰρ
1485 4215 1579 4269 καὶ
1611 4217 1851 4288 μεγάλης

270 4292 474 4366 βουλῆς
510 4296 774 4367 Ἄγγελον
802 4298 896 4355 τοῦ
928 4303 1143 4375 Πατρὸς
1177 4302 1333 4368 εἰδὼς
1367 4305 1717 4379 καλούμενον,
1752 4308 1854 4363 οὐκ

1374 352 1633 410 ORATIO
1671 353 1738 408 lll
1776 353 2058 410 CONTRA
2096 355 2419 415 ARIANOS.

266 461 368 517 καὶ
384 460 633 533 είρήνην,
667 461 836 534 αὐτὴν
862 463 956 518 καὶ
992 466 1021 519 6
1048 465 1176 531 Υἱὸς
1204 466 1441 537 δίδωσιν,
1472 471 1548 536 ὡς
1574 474 1605 526 6
1641 471 1853 537 Παῦλος
1880 481 1925 535 Α
1956 492 2032 548 ut]

3422 375 3533 432 566

2059 490 2261 550 Paulus
2289 495 2345 550 in
2377 496 2634 554 omnibus
2662 500 2778 558 suis
2800 499 3061 572 Epistolis
3083 506 3373 579 signiﬁcat,
3400 513 3532 571 dum

1955 585 2029 638 ita
2066 585 2259 641 scribit
2291 605 2305 641 :
2339 585 2529 642 Gratia
2562 590 2707 645 vobis
2750 602 2801 646 et
2828 610 2936 664 pas:
2964 612 2998 653 a
3026 597 3131 653 Deo
3166 598 3330 657 Patre
3352 615 3534 661 nostra

1953 686 2005 732 et
2027 677 2251 733 Domino
2277 678 2407 734 Iesu
2451 679 2664 737 Christo
2679 685 2745 740 ⁷⁸.
2779 684 2896 744 Uua
2932 689 3077 745 enim
3108 689 3408 766 eademque
3446 708 3549 754 est.

1954 771 2128 841 gratia
2164 787 2286 842 quae
2314 790 2345 829 a
2376 773 2538 831 Patre
2579 778 2633 833 in
2677 777 2820 834 Filio
2851 783 3031 851 datur,
3070 789 3532 854 quemadmodum

1955 866 2182 920 una'est
2210 865 2303 921 lux
2333 867 2466 922 solis
2506 881 2561 924 et
2589 872 2912 941 splendoris,
2942 884 2998 930 et
3039 878 3150 932 sol-
3173 881 3390 935 nonnisi
3435 896 3534 947 per

1955 967 2111 1009 suam
2145 956 2321 1011 lucem
2353 957 2646 1015 illuminat.
2674 960 2765 1018 Sic
2803 964 2929 1018 item
2951 964 3533 1029 Thessalonicensibus

1954 1053 2246 1113 precatur:
2278 1046 2403 1113 Ipse
2426 1060 2601 1105 autem
2633 1051 2773 1108 Deus
2809 1063 2860 1108 et
2891 1054 3057 1111 Pater
3081 1070 3255 1114 uoster
3277 1072 3327 1116 et
3354 1062 3533 1117 Domi-

1954 1151 2056 1189 nus
2098 1133 2257 1193 Iesus
2296 1138 2539 1196 Christus
2567 1143 2766 1214 dirigat
2804 1148 2944 1201 uiam
2978 1159 3212 1205 nostram
3240 1153 3310 1205 ad
3340 1171 3427 1209 vos
3457 1154 3529 1223 ",

1955 1228 2158 1298 quibus
2186 1232 2369 1286 verbis
2386 1231 2566 1290 Patris
2589 1246 2643 1291 et
2666 1235 2790 1291 Filii
2815 1239 3078 1296 unitatem
3111 1245 3366 1300 servavit.
3391 1245 3530 1303 Nam

1956 1334 2065 1375 non
2111 1322 2267 1387 dixit,
2296 1324 2553 1395 dirigant,
2587 1329 2743 1398 quasi
2787 1330 2985 1403 duplex
3011 1336 3184 1405 gratia
3225 1352 3255 1392 a
3293 1339 3530 1409 duobus,

1955 1423 2149 1480 nempe
2181 1410 2250 1471 ab
2287 1412 2381 1471 illo
2411 1422 2466 1468 et
2497 1415 2590 1470 illo
2623 1421 2865 1484 daretur,
2901 1422 3017 1489 sed,
3043 1424 3260 1496 dirigat,
3297 1437 3358 1482 ut
3382 1428 3531 1485 illam

1957 1515 1991 1555 a
2017 1499 2178 1557 Patre
2213 1518 2311 1573 per
2343 1502 2543 1561 Filium
2580 1507 2696 1563 dari
2736 1510 3109 1581 signiﬁcaret:
3146 1531 3269 1587 quae
3310 1520 3531 1588 quidem

1955 1594 2154 1664 impios
2171 1608 2426 1669 cogerent
2454 1598 2649 1657 saltem
2675 1603 3020 1673 erubescere,
3058 1608 3168 1665 nisi
3212 1610 3535 1670 erubescere

1957 1687 2180 1743 nollent.

2033 2016 2117 2072 l2.
2148 2014 2394 2087 Namque
2432 2018 2479 2074 si
2520 2034 2630 2074 non
2668 2029 2813 2077 esset
2884 2024 3085 2088 unitas,
3154 2041 3256 2083 nec
3284 2024 3527 2084 Verbum

1958 2112 2168 2160 natura:
2188 2104 2366 2162 Patris
2384 2108 2634 2177 proprius
2656 2119 2799 2165 esset
2822 2108 2984 2175 fetus,
3003 2121 3064 2168 ut
3089 2113 3228 2170 lucis
3249 2116 3533 2186 splendor,

1958 2195 2051 2250 sed
2084 2196 2256 2251 Filius
2292 2211 2323 2251 a
2353 2196 2509 2254 Patre
2540 2211 2734 2255 natura
2762 2201 3022 2269 differret,
3052 2207 3187 2261 satis
3212 2218 3360 2264 certe
3387 2221 3535 2266 esset

1959 2285 2005 2341 si
2034 2288 2184 2344 solus
2212 2285 2373 2343 Pater
2395 2290 2568 2356 daret,
2615 2306 2739 2348 cum
2791 2294 2995 2349 nullam
3047 2312 3160 2352 rem
3200 2310 3440 2355 creatam
3474 2301 3532 2357 in

1959 2375 2153 2433 dandis
2195 2380 2389 2449 gratiis
2425 2381 2629 2437 sociam
2675 2383 2872 2440 habeat
2911 2385 3159 2443 Creator.
3191 2389 3532 2462 Quapropter

1957 2468 2049 2524 hic
2082 2471 2247 2525 dandi
2294 2474 2492 2529 modus
2530 2474 2745 2546 signum
2778 2488 2863 2533 est
2890 2479 3115 2535 unitatis
3145 2478 3323 2537 Patris
3355 2492 3410 2538 et
3440 2464 3534 2539 Εἰσί

1956 2560 2037 2615 lii.
2068 2562 2179 2638 (80)
2212 2561 2385 2622 Nemo
2418 2567 2585 2638 igitur
2622 2570 2752 2640 quid
2789 2586 2819 2626 a
2846 2571 2956 2627 Deo
2990 2582 3045 2629 et
3079 2574 3148 2629 ab
3188 2577 3397 2647 angelis
3435 2586 3534 2636 aut

1954 2654 2135 2726 aliqua
2160 2658 2266 2713 alia
2290 2674 2351 2714 re
2387 2670 2575 2718 creata
2610 2673 2863 2732 precatus
2893 2664 3078 2734 fuerit,
3113 2683 3386 2740 nemoque
3414 2670 3538 2726 eui-

1955 2762 2120 2818 quam
2166 2750 2384 2814 dixerit,
2419 2750 2519 2809 Det
2560 2754 2654 2810 tibi
2695 2753 2839 2812 Deus
2884 2767 2940 2813 et
2978 2761 3235 2830 angelus:
3273 2762 3367 2815 sed
3408 2777 3535 2832 qua

1955 2856 2263 2911 precamur,
2297 2860 2326 2899 a
2346 2843 2508 2902 Patre
2536 2854 2592 2902 et
2609 2846 2749 2903 Filio
2770 2864 3076 2919 precamur,
3101 2852 3173 2907 ob
3196 2867 3386 2909 eorum
3411 2854 3536 2910 nni-

1957 2941 2120 2988 tatem
2142 2940 2472 3007 unicamqne
2486 2938 2860 2999 donationem.
2880 2940 3010 3010 Qua:
3029 2943 3175 2999 enim
3200 2945 3420 3013 dantur,
3439 2962 3535 3017 per

1955 3024 2154 3080 Filium
2198 3027 2419 3096 dantur,
2462 3030 2710 3102 nihilque
2755 3035 2980 3089 omnino
2999 3043 3084 3091 est
3118 3037 3263 3106 quod
3296 3052 3406 3093 non
3436 3053 3536 3109 per

1957 3113 2157 3170 Filium
2209 3117 2400 3174 eﬂiciat
2446 3118 2609 3176 Pater
2646 3139 2661 3177 :
2698 3121 2937 3195 hincque
2966 3135 3114 3181 certa
3151 3135 3207 3182 et
3231 3142 3425 3185 secura
3449 3138 3536 3185 est

1955 3207 2129 3276 gratia
2170 3223 2334 3277 quam
2375 3211 2698 3279 accipimus.
2740 3211 2895 3280 Quod
2936 3215 2981 3269 si
3017 3216 3326 3284 patriarcha
3363 3217 3535 3274 Jacob

1958 3300 2076 3353 suis
2133 3301 2425 3370 nepotibus
2475 3300 2734 3372 Ephraim
2794 3312 2850 3359 et
2902 3303 3151 3361 Mauasse
3205 3306 3534 3365 benedicens

1955 3391 2116 3457 dixit,
2152 3390 2292 3446 Deus
2338 3394 2428 3463 qui
2467 3396 2638 3463 pascit
2664 3411 2744 3450 me
2786 3412 2820 3450 ιι
2846 3396 3121 3466 juventute
3144 3415 3259 3452 mea
3286 3416 3445 3470 usque
3476 3402 3535 3455 in

1956 3494 2264 3551 prmentem
2302 3485 2441 3538 diem
2469 3499 2488 3538 :
2529 3486 2757 3556 Angelus
2799 3489 2892 3557 qui
2931 3490 3071 3543 eruit
3113 3505 3197 3543 me
3231 3489 3295 3543 de
3328 3492 3535 3547 cunctis

1952 3575 2137 3639 malis,
2166 3574 2434 3630 benedicat
2460 3577 2638 3646 pueris
2664 3578 2849 3632 istis"
2874 3599 2886 3633 :
2921 3595 3265 3651 nequaquam
3286 3597 3354 3638 ex
3382 3582 3537 3639 hisce

1957 3666 2138 3721 verbis
2168 3667 2403 3736 aliquem
2425 3683 2491 3722 ex
2520 3668 2718 3725 creatis
2744 3678 2798 3724 et
2826 3671 2921 3741 qui
2954 3681 3150 3728 natura
3180 3683 3309 3729 sunt
3330 3676 3531 3745 angeli,

1957 3770 2079 3812 cum
2102 3755 2233 3824 Deo,
2251 3773 2281 3812 a
2298 3773 2407 3829 quo
2420 3759 2587 3814 creati
2605 3769 2754 3825 sunt,
2768 3762 3122 3831 coniunxisse
3137 3766 3533 3825 existimandus

1957 3856 2064 3915 est,
2094 3863 2270 3919 neque
2329 3851 2437 3906 Deo
2469 3851 2642 3906 altore
2687 3867 2789 3908 suo
2828 3853 3056 3910 dimisso
3098 3856 3530 3914 benedictionem

1957 3956 2057 4011 pro
2088 3942 2377 4012 nepotibus
2407 3944 2475 3998 ab
2503 3945 2697 4015 angelo
2735 3947 3071 4016 poposcisse,
3100 3949 3195 4004 sed
3233 3949 3319 4005 his
3345 3949 3531 4020 dictis,

1958 4032 2064 4098 Qui
2083 4035 2222 4088 eruit
2260 4051 2339 4091 me
2365 4033 2428 4089 de
2451 4036 2653 4089 cunctis
2682 4037 2863 4104 malis,
2896 4040 3133 4094 ostendit
3163 4055 3272 4095 non
3295 4040 3532 4110 aliquem

1955 4138 2022 4179 ex
2053 4126 2253 4181 creatis
2278 4127 2503 4197 angelis,
2537 4128 2630 4183 sed
2661 4127 2756 4182 Dei
2791 4144 2912 4185 esse
2937 4129 3197 4197 Verbum,
3236 4134 3380 4204 quod
3405 4150 3529 4190 cum

1957 4216 2118 4274 Patre
2147 4219 2200 4272 in
2223 4221 2473 4275 oratione
2505 4223 2862 4286 consociavit,
2890 4225 3019 4293 quia
3050 4240 3145 4295 per
3166 4226 3343 4297 ipsum
3365 4225 3529 4299 445

1959 4308 2104 4366 Deus
2143 4326 2282 4382 quos
2323 4312 2554 4368 voluerit
2580 4311 2794 4369 liberat.
2821 4312 2955 4370 Nam
2990 4331 3116 4372 cum
3149 4318 3391 4374 nescitus
3423 4333 3531 4374 non

352 4503 403 4537 ⁷⁸
432 4506 595 4564 Rom.
638 4525 687 4574 ι,
729 4509 798 4578 7;
838 4510 859 4564 l
897 4510 1023 4567 Cor.
1064 4529 1105 4580 ι,
1142 4514 1213 4582 '5;
1292 4514 1487 4587 Ephes.
1530 4534 1569 4585 ι,
1609 4517 1665 4585 2,
1703 4527 1815 4587 etc.

1967 4519 1987 4574 Ι
2026 4520 2220 4578 Thess.
2264 4538 2346 4589 in,
2380 4523 2465 4579 11.
2542 4524 2588 4558 ⁷⁸
2626 4523 2822 4580 Genes.
2853 4538 3054 4589 ‘XLVlll,
3097 4525 3184 4592 ιδ,
3228 4526 3316 4584 16.

349 4695 585 4791 (79.31?
609 4697 741 4769 ⁸⁸8·
779 4701 831 4783 ε’
861 4698 1085 4791 δθὲυὲῖ
1115 4700 1274 4791 Αηεῖ·
1302 4700 1501 4791 (³8δῖθῖ
1506 4742 1527 4791 :
1545 4711 1605 4791 ei.
1617 4700 1850 4791 5’19}:

2024 4703 2136 4791 (78)
2177 4705 2309 4778 Reg.
2345 4708 2407 4773 1,
2449 4716 2504 4762 et
2526 4706 2777 4778 Seguer.,
2804 4712 2838 4781 ὴ
2870 4711 3030 4783 αὐτή.
3063 4710 3205 4768 Editi
3235 4720 3289 4766 et
3320 4713 3410 4767 alii
3435 4753 3450 4777 ,
3492 4716 3527 4788 η

268 4768 345 4825 At
362 4768 523 4830 editi,
545 4769 605 4854 ἓν
631 4770 854 4855 τοιζ
874 4770 966 4855 τοῦ
992 4771 1141 4855 ἡλίου
1174 4768 1271 4855 κλει).
1298 4770 1853 4855 τοῦὶὰπαυγάσματος
1952 4768 2198 4855 τοιαύτηζ

267 4838 484 4912 γίνεται
513 4838 675 4894 οῦτω.
701 4838 903 4895 Ibidem
926 4838 1161 4911 Anglic,
1192 4840 1348 4895 Οὕτω
1373 4841 1429 4895 δὲ
1458 4838 1640 4897 πάλιν.

347 4926 462 5006 (75)
502 4935 637 5008 Reg.
674 4938 729 4999 1,
765 4947 820 4992 et
847 4937 1098 5019 §rgner.,
1127 4938 1445 5024 όΘεὸςηκαὶ
1479 4941 1672 5023 Πατὴρ
1699 4941 1857 5066 ήὸὥν

347 5007 373 5059 i.
399 5009 428 5061 6
455 5008 659 5066 Κύριος
709 5010 917 5066 Ἰησους
960 5012 1211 5066 Χριστος.
1245 5011 1347 5063 ΑΙιι
1377 5020 1430 5064 et
1461 5014 1620 5066 editi.
1672 5015 1702 5066 6
1769 5014 1857 5066 εὸς

268 5007 428 5081 atat}
455 5007 659 5081 Κύριος
709 5007 1347 5081 ἸησοῦςίΧριστὸςηΑΙὲἰ
1377 5020 1430 5064 et
1461 5012 1589 5065 editi
1605 5007 1651 5078 ,”
1672 5015 1702 5067 6
1722 5007 1857 5076 Θεὸς

268 5076 437 5149 ἡμῶν
469 5076 564 5132 καὶ
590 5080 620 5131 6
643 5076 845 5151 Κύριος
868 5076 1028 5151 ἡμῶν
1068 5080 1277 5153 Ἰησοῦς
1302 5081 1552 5153 Χριστός.

351 5175 464 5245 (26)
507 5175 597 5233 Sic
633 5175 764 5246 Reg.
798 5178 851 5240 1,
887 5177 1109 5247 Segner.
1141 5178 1356 5233 Gobler.
1386 5187 1437 5233 et
1467 5177 1612 5235 Felc.
1662 5179 1684 5233 1
1715 5196 1729 5246 ;
1762 5180 1856 5234 sed

270 5245 404 5320 duo
421 5249 594 5300 ultitni
633 5245 913 5320 profuit.
938 5245 1137 5302 habent
1180 5248 1292 5303 καί.
1338 5248 1573 5319 Anglic..
1609 5249 1701 5303 καὶ
1734 5251 1859 5320 ἐρυ-

270 5315 438 5400 ρριᾷν
467 5319 515 5370 οἱ
547 5315 688 5400 κατα
731 5319 1017 5400 Σαϐέλλιον
1064 5315 1665 5400 ξαῖςΑρειονᾷἁσεϐεἰς
1712 5315 1858 5400 6332i-

270 5384 463 5450 λουσι,
511 5389 604 5442 καὶ
648 5390 935 5459 δυνὰμενοι
964 5390 1025 5443 οὐ
1068 5384 1376 5460 βούλονται.
1401 5388 1490 5443 Sic
1518 5390 1643 5460 item
1679 5384 1769 5444 alii
1802 5399 1857 5444 et

269 5457 450 5518 editi.
498 5460 591 5512 sed
630 5457 854 5515 omissis
896 5460 981 5513 his
1009 5457 1206 5524 verbis,
1252 5458 1392 5514 κατά
1437 5459 1721 5514 Σαόέλλιον
1764 5461 1856 5514 καὶ

274 5526 535 5603 Ἄρειοερ
559 5528 760 5603 Ibidem
783 5529 1022 5603 _Re_g._i,
1061 5540 1116 5586 et
1144 5530 1393 5602 Seguer.,
1415 5530 1480 5584 Et
1509 5531 1617 5603 γὰρ
1647 5528 1724 5602 μὴ
1761 5525 1850 5603 ἦν.

271 5593 444 5663 Εῶιί,
474 5596 539 5651 Εἰ
574 5599 683 5670 γὰρ
712 5599 807 5652 καὶ
837 5593 913 5672 μῆ
944 5593 1036 5672 ἦν.

352 5691 468 5768 (77)
495 5691 641 5768 Reg.
664 5694 727 5768 Δ1,
748 5691 1004 5768 _chuer.,
1035 5695 1147 5750 ἀπὸ
1171 5693 1266 5750 τοῦ
1308 5694 1543 5766 Πατρός.
1577 5695 1635 5750 ln
1657 5694 1780 5751 aliis
1802 5702 1858 5751 et

277 5762 631 5820 oditisItlcest
652 5764 782 5819 ἀπό.

2028 4847 2138 4920 (79)
2164 4843 2313 4920 'Reg.
2350 4847 2403 4911 1,
2436 4856 2490 4902 et
2525 4843 2776 4917 Seguer.,
2827 4850 2922 4905 τοῦ
2964 4849 3121 4906 Θεοῦ.
3151 4850 3290 4905 Editi
3320 4861 3381 4917 et,
3403 4853 3529 4920 alii,

1956 4915 2050 4971 τοῦ
2083 4918 2195 4969 Ila“:
2204 4916 2312 4979 ρός.

2028 4916 2342 5057 (ὃὸαέῆήἷό
2367 4988 2484 5042 haec
2531 4986 2591 5043 S.
2618 4988 2904 5045 Athanasii
2936 4989 3100 5046 verba
3136 4997 3286 5058 putet
3318 4990 3533 5049 ollicere

1957 5069 2268 5114 sanctorum
2314 5057 2663 5114 invocationi.
2712 5058 2957 5129 Namque
3002 5057 3394 5128 cnm’angelos
3437 5072 3533 5119 aut

1957 5135 2177 5184 sanctos
2204 5129 2540 5193 invocamus,
2574 5144 2680 5184 non
2710 5131 2778 5184 ab
2801 5131 2925 5196 illis,
2944 5130 3037 5185 sed
3070 5146 3099 5184 a
3128 5129 3234 5183 Deo
3265 5132 3529 5187 bonorum

1959 5199 2204 5271 omnium
2261 5207 2483 5253 auctore
2516 5215 2639 5268 qua:
2669 5201 2936 5268 petimus,
2972 5200 3106 5271 ipsis
3148 5200 3532 5258 intercedenti-

1965 5267 2088 5331 bus,
2120 5269 2441 5338 obtenturus
2473 5267 2777 5338 speramus.
2924 5267 2927 5268 ⁷
2992 5267 3010 5271 ”
3538 5298 3539 5301 η

2035 5338 2149 5411 (81)
2184 5335 2424 5407 Uterque
2454 5335 2657 5411 Regius
2686 5349 2738 5393 ct
2764 5340 3012 5411 Seguer.,
3038 5340 3155 5411 -καὶ
3199 5341 3229 5394 6
3276 5339 3529 5411 ἄγγελος.

1960 5406 2153 5463 Caneri
2184 5417 2240 5462 et
2269 5406 2396 5462 editi
2424 5450 2455 5480 ,ί
2482 5406 2861 5480 καιίᾶγγελοςῖ
2886 5410 3003 5465 Mox
3037 5409 3239 5480 Regius
3267 5406 3403 5473 na
3434 5410 3534 5468 Se-

1962 5494 2140 5549 guer.,
2174 5480 2268 5532 καὶ
2299 5479 2525 5586 svos-.262.
2555 5479 2694 5533 Editi
2717 5492 2769 5534 et
2796 5481 2908 5546 alii,
2939 5482 3032 5536 καὶ
3064 5480 3162 5562 τῂν
3187 5480 3412 5551 ὲνοειδῆ.

2036 5549 2148 5586 (κθ)
2194 5549 2303 5586 Ilnn
2360 5549 2381 5586 Ι
2476 5583 2483 5586 .
2514 5565 2579 5586 οη
2648 5561 2697 5586 nl
2746 5550 2965 5586 Crounnc
3004 5551 3299 5586 Qnmnlnn-m
3329 5559 3409 5586 Ιμν

2036 5549 2148 5614 (82)
2194 5549 2322 5619 lleg.
2360 5549 2421 5611 1,
2475 5549 2598 5618 Seg.
2648 5561 2702 5603 et
2746 5550 2968 5606 Graecus
3004 5549 3299 5617 Scriptura:
3329 5549 3530 5617 textus.

1959 5621 1989 5675 6
2027 5619 2287 5702 θυόμενός
2321 5636 2409 5702 με.
2443 5619 2664 5702 Ειιίιίξι
2690 5620 2802 5701 alii,
2832 5623 2860 5675 6
2883 5620 3187 5702 ῥυσάμενός

2030 5688 2144 5762 (85)
2187 5688 2279 5762 Sic
2320 5688 2547 5759 uterque
2589 5688 2794 5762 Regius
2832 5688 2894 5749 et
2939 5688 3164 5762 Seguer.
3212 5688 3281 5745 At
3328 5690 3419 5744 alii
3473 5698 3530 5748 et

1953 5759 2104 5827 editi,
2126 5759 2420 5830 συνῆπται,
2443 5759 2720 5819 mendose.
