3840 6220
269 359 381 420 369

1372 359 1636 418 ORATIO
1671 360 1741 418 111
1773 361 2061 419 CONTRA
2096 361 2424 420 ARIANOS.

3422 364 3537 424 τεο

266 478 372 534 καὶ
406 476 678 545 αὐξῆσαι
721 494 797 531 σε
836 475 934 531 καὶ
974 479 1277 547 πληθυνεῖ
1313 496 1387 536 σε
1405 518 1420 546 ,
1463 480 1563 535 καὶ
1600 481 1714 550 ἔσῃ
1760 480 1841 547 είς

1952 478 2093 535 alius
2118 495 2284 551 quam
2318 479 2414 537 Dei
2443 487 2526 535 est
2550 480 2873 538 benedicere
2897 491 2952 540 et
2971 482 3235 551 liberare,
3272 483 3316 541 si
3350 484 3537 543 nulla:

266 568 630 639 συναγωγὰς
680 567 872 623 ἐθνῶν
892 608 908 633 ,
974 569 1075 623 καὶ
1119 569 1239 639 δῴη
1278 588 1377 627 σοι
1423 572 1541 642 τὴν
1574 573 1859 643 εὐλογίαν

281 650 536 730 Ἀϐραὰμ
574 658 686 714 τοῦ
736 661 962 729 πατρός
1002 677 1146 730 μου.
1190 662 1254 716 Ei
1295 663 1351 716 δὲ
1385 664 1484 718 οὐκ
1521 663 1681 719 ἄλλου
1712 665 1859 730 τινός

267 750 389 803 ἔστι
410 749 474 803 τὸ
501 748 747 818 εὐλογεῖν
769 749 865 802 καὶ
894 749 958 802 τὸ
985 749 1208 822 ῥύεσθαι
1232 750 1364 823 (04),
1390 754 1423 825 ἢ
1456 753 1548 808 τοῦ
1577 754 1732 819 Θεοῦ,
1761 758 1856 811 καὶ

265 841 372 893 οὐκ
402 839 562 904 ἄλλος
590 856 677 903 τις
708 835 778 911 ἦν
817 842 847 895 ό
892 841 1152 913 ῥυόμενος
1185 842 1276 897 τὸν
1316 843 1511 897 Ἰακὼϐ
1554 846 1587 917 ἢ
1628 847 1790 911 αὐτὸς
1827 849 1858 900 6

263 930 499 1002 Κύριος,
527 930 619 985 τὸν
645 931 704 984 δὲ
732 930 994 1003 ῥυόμενον
1025 932 1186 985 αὐτὸν
1215 935 1245 986 6
1286 935 1630 1007 πατριάρχης
1657 939 1857 992 ἐπεκα-

265 1024 414 1075 λεῖτο
453 1022 548 1076 ἐπὶ
589 1022 715 1085 τοὺς
757 1023 1014 1091 ἐκγόνους
1055 1023 1187 1095 (95)-
1239 1024 1397 1094 δῆλόν
1432 1027 1597 1092 ἐστιν,
1630 1028 1722 1092 ιὼς
1756 1029 1856 1082 οὐκ

266 1115 431 1169 ἄλλον
459 1117 519 1168 ἐν
548 1117 613 1186 τῇ
649 1115 783 1187 εὐχῇ
819 1116 1057 1185 συνῆπτε
1086 1117 1165 1188 τῷ
1196 1116 1314 1189 Θεῷ
1341 1118 1373 1190 ἦ
1407 1119 1501 1173 τὸν
1539 1120 1728 1173 τούτου
1754 1121 1858 1176 Λό-

265 1221 387 1274 γον,
420 1205 482 1257 δν
520 1203 609 1258 διὰ
649 1204 805 1257 τοῦτο
849 1206 946 1258 καὶ
987 1206 1217 1274 ἄγγελον
1262 1207 1546 1274 ἐκάλεσεν,
1578 1208 1658 1262 ὅτι
1694 1210 1854 1278 μόνος

266 1290 427 1359 οὗτός
454 1298 601 1351 ἐστιν
626 1298 655 1350 6
680 1297 1078 1353 ἀποκαλύπτων
1108 1300 1199 1352 τὸν
1231 1300 1471 1372 Πατέρα.
1508 1301 1686 1375 Ὅπερ
1710 1302 1803 1355 καὶ
1826 1304 1854 1354 6

281 1388 605 1452 ’Δπόστολος
641 1389 813 1441 ἐποίει
860 1388 1065 1457 λέγων·
1109 1390 1289 1460 Χάρις
1332 1392 1476 1461 ὑμῖν
1520 1392 1617 1446 καὶ
1646 1392 1853 1463 είρήνη

265 1478 392 1539 ἀπὸ
418 1482 569 1537 Θεοῦ
596 1480 830 1550 Πατρός
870 1479 1040 1551 ἡμῶν
1071 1481 1172 1535 καὶ
1212 1483 1434 1550 Κυρίου
1486 1482 1683 1550 Ἰησοῦ
1721 1486 1853 1552 Χριο

267 1573 446 1628 στοῦ·
470 1573 613 1627 οὕτω
650 1572 760 1644 γὰρ
791 1574 885 1626 καὶ
919 1572 1165 1645 ἀσφαλὴς
1205 1573 1316 1644 (96)
1348 1569 1417 1644 ἦν
1458 1575 1491 1646 ἡ
1518 1574 1737 1644 εὐλογία
1766 1575 1854 1629 διά

264 1665 333 1719 τὸ
357 1664 662 1737 ἀδιαίρετον
686 1665 780 1718 τοῦ
805 1664 936 1719 Υἰοῢ
968 1665 1106 1737 πρὸς
1141 1665 1231 1719 τὸν
1262 1666 1497 1739 Πατέρα,
1524 1669 1618 1722 καὶ
1644 1669 1725 1720 ὅτι
1755 1668 1855 1739 μία

265 1757 365 1811 καὶ
390 1758 425 1828 ἠ
458 1758 594 1829 αὐτή
628 1760 776 1811 ἐστιν
820 1760 853 1829 ἡ
883 1757 1131 1827 διδομένη
1173 1757 1351 1830 χάρις.
1386 1759 1505 1813 Κᾶν
1544 1759 1654 1831 γὰρ
1681 1760 1711 1812 6
1742 1762 1854 1815 Πα-

1956 581 2151 641 praater
2183 572 2360 642 ipsum
2394 570 2712 637 Dominum,
2746 571 2918 630 Jacob
2946 574 3218 642 liberavit,
3258 590 3420 646 quem
3456 576 3528 631 li-

1954 661 2261 718 beratorem
2290 664 2411 733 ipse
2432 664 2745 734 patriarcha
2766 680 2866 735 pro
2888 665 3179 735 nepotibus
3210 666 3539 723 invocabat:

1954 755 2305 825 perspicuum
2340 754 2464 810 inde
2488 764 2572 813 est
2601 771 2727 811 eum
2757 756 2965 811 nullum
2998 757 3162 811 alium
3186 772 3309 811 cum
3341 757 3454 812 Deo
3479 757 3537 812 in

1954 860 2055 901 sua
2080 846 2325 901 oratione
2373 845 2729 916 coniunxisse
2773 858 2971 917 praeter
3005 845 3237 903 Verbum
3263 848 3407 918 quod
3448 849 3545 907 id-.

1953 938 2104 992 circo
2130 936 2394 1007 Angelum
2431 937 2739 1006 appellavit,
2765 940 2911 1007 quod
2938 939 3112 993 solum
3142 939 3318 1008 ipsum
3353 939 3545 993 Patris.

1954 1029 2226 1099 impertiat
2252 1031 2640 1100 cognitionem.
2678 1028 2867 1086 Simile
2900 1032 3026 1085 item
3058 1040 3140 1085 est
3175 1032 3318 1100 quod
3343 1031 3540 1086 scribit

1952 1121 2269 1192 Apostolus,
2302 1121 2491 1178 Gratia
2527 1124 2667 1177 vobis
2700 1133 2751 1177 et
2776 1139 2883 1191 pax
2916 1140 2949 1176 a
2984 1122 3092 1176 Deo
3133 1121 3295 1176 Patre
3328 1134 3541 1188 nostra,

1951 1223 2001 1267 et
2031 1211 2255 1266 Domino
2287 1210 2415 1266 Iesu
2449 1210 2741 1267 Christo”.
2783 1210 2859 1265 Ita
2899 1209 3043 1263 enim
3088 1217 3197 1263 tuta
3225 1219 3343 1264 erat
3368 1209 3534 1263 benc-

1954 1305 2123 1363 dictio
2152 1322 2277 1361 cum
2317 1305 2388 1361 ob
2434 1306 2769 1360 individuam
2794 1302 2918 1358 Filii
2961 1312 3016 1358 et
3048 1301 3225 1357 Patris
3256 1311 3531 1364 naturam,

1953 1405 2069 1452 tum
2093 1398 2217 1467 quia
2246 1412 2353 1452 una
2378 1405 2433 1452 ct
2461 1398 2650 1453 eadem
2681 1405 2802 1451 erat
2846 1396 2973 1450 data
3010 1394 3210 1465 gratia.
3234 1391 3370 1446 Nam
3411 1393 3539 1447 licet

1951 1490 2160 1546 dederit
2182 1488 2363 1551 Pater,
2395 1489 2540 1557 qnod
2570 1496 2749 1544 tamen
2780 1486 2962 1554 datur,
2997 1501 3094 1556 per
3127 1484 3325 1539 Filium
3350 1484 3531 1538 datur.

1955 1580 2214 1644 Similiter
2245 1580 2370 1636 licet
2395 1578 2567 1634 Filius
2602 1579 2732 1635 dare
2751 1580 2990 1642 dicatur,
3023 1576 3183 1632 Pater
3207 1585 3293 1630 est
3321 1575 3413 1645 qui
3440 1591 3535 1644 per

1952 1674 2149 1729 Filium
2176 1682 2232 1728 et
2262 1672 2313 1726 in
2339 1671 2478 1727 Filio
2495 1672 2606 1726 dat.
2636 1669 2775 1726 Hinc
2801 1670 3098 1740 Apostolus
3125 1668 3193 1723 ad
3220 1668 3538 1723 Corinthios

1955 1762 2163 1827 scribit.
2200 1761 2415 1817 Gratias
2453 1779 2551 1833 ago
2589 1761 2694 1815 Deo
2724 1778 2835 1815 meo
2874 1767 3076 1829 semper
3116 1774 3212 1829 pro
3256 1759 3399 1813 vobis
3437 1775 3541 1828 pro

266 1849 375 1919 τὴρ
393 1847 529 1917 δῴη,
560 1846 650 1900 διὰ
678 1848 771 1900 τοῦ
803 1848 935 1901 Υἱοῦ
972 1851 1087 1903 ἐστι
1116 1848 1175 1901 τὸ
1214 1849 1486 1920 διδόμενον
1519 1850 1654 1920 (97)·
1691 1851 1795 1905 κᾶν
1822 1854 1841 1905 ἐ

1951 1855 2115 1927 M6
2133 1854 2228 1909 Dei
2243 1855 2440 1923 gratia,
2462 1869 2579 1923 qua:
2602 1853 2742 1907 vobis
2768 1853 2822 1905 in
2842 1851 3054 1908 Christo
3069 1850 3197 1905 Jesu
3224 1860 3300 1905 est
3320 1851 3531 1904 data".

268 1939 400 2002 Υἱὸς
435 1939 660 2012 λέγηται
699 1939 1039 2011 χαρίζεσθαι,
1076 1943 1104 1995 6
1145 1942 1336 2013 Πατήρ
1380 1943 1527 1997 ἐστιν
1554 1945 1583 1997 6
1618 1943 1708 1997 διὰ
1751 1943 1846 1997 τοῦ

266 2029 400 2085 Υζοῦ
432 2031 525 2086 καὶ
554 2034 613 2085 ἐν
645 2032 723 2103 τῷ
757 2032 870 2105 Υἱῷ
905 2034 1178 2105 παρέχων·
1211 2035 1562 2104 Εὐχαριστῶ
1584 2036 1712 2107 γὰρ,
1746 2054 1850 2109 φη-

266 2125 355 2177 σὶν
384 2126 414 2178 6
455 2125 776 2189 Ἀπόστολος
818 2125 1046 2195 γράφων
1087 2126 1411 2197 Κορινθίοις,
1454 2127 1534 2194 τῷ
1572 2130 1694 2195 Θεῷ
1727 2151 1848 2201 μου

262 2211 525 2267 πάντοτε
566 2213 700 2281 περὶ
742 2214 909 2282 ὑμῶν
946 2213 1045 2268 ἐπὶ
1072 2213 1149 2284 τῇ
1191 2215 1385 2285 χάριτι
1410 2218 1518 2272 τοῦ
1561 2220 1708 2275 Θεοῦ
1736 2220 1846 2291 (98)

261 2302 344 2373 τῇ
373 2303 621 2373 δοθείσῃ
658 2305 796 2375 ὑμῖν
824 2308 896 2360 ἐν
924 2304 1157 2375 Χριστῷ
1201 2309 1421 2375 Ἰησοῦ.
1456 2310 1626 2365 Τοῦτο
1656 2311 1712 2365 δὲ
1752 2314 1847 2367 καὶ

261 2396 361 2450 hri.
408 2397 587 2464 φωτὸς
622 2398 715 2451 καὶ
754 2398 1185 2469 ἀπαυγάσματος
1222 2399 1288 2454 ἄν
1331 2417 1415 2464 τις
1448 2400 1567 2455 ἴδοι·
1616 2402 1847 2475 καὶγὰρ

1952 1946 2092 2013 Quin
2126 1947 2291 2000 etiam
2320 1944 2460 1997 idem
2486 1943 2628 1998 istud
2659 1944 2712 1996 in
2741 1943 2861 1997 luce
2893 1953 2946 1997 et
2972 1942 3260 2011 splendore
3281 1939 3533 1995 animad-

1950 2047 2160 2094 vertere
2185 2045 2289 2092 est.
2326 2034 2462 2090 Nam
2510 2036 2656 2105 quod
2695 2035 2787 2090 lux
2822 2035 3116 2098 illuminat,
3147 2034 3286 2088 idem
3312 2047 3534 2102 quoquo

1951 2130 2207 2201 splendor
2239 2128 2530 2190 illuminat,
2563 2136 2616 2181 et
2654 2126 2894 2180 vicissim
2935 2125 3080 2194 quod
3116 2123 3373 2192 splendor
3402 2123 3531 2177 illu-

1951 2221 2142 2286 minat,
2171 2220 2274 2274 hoc
2295 2219 2385 2272 lux
2415 2233 2633 2287 quoque
2669 2217 2961 2271 illuminat.
2998 2214 3087 2270 Sic
3110 2214 3271 2268 Pater
3294 2214 3529 2278 videtur,

1952 2327 2076 2368 cum
2117 2312 2332 2366 videtur
2361 2308 2553 2373 Filius,
2589 2309 2715 2379 quia
2754 2308 2869 2377 ipse
2908 2306 3088 2362 Patris
3132 2316 3216 2361 est
3251 2304 3528 2374 splendor,

1952 2414 2115 2473 atque
2144 2404 2249 2458 hoc
2272 2413 2432 2472 pacto
2473 2400 2632 2455 Pater
2668 2409 2721 2454 et
2760 2400 2930 2454 Filius
2963 2413 3132 2453 unum
3167 2406 3314 2460 sunt.

258 2492 403 2563 ὅπερ
446 2492 668 2562 φωτίζει
707 2493 770 2546 τὸ
807 2494 956 2563 φῶς,
1001 2494 1159 2548 τοῦτο
1200 2495 1268 2549 τὸ
1299 2495 1636 2568 ἀπαύγασμα
1696 2498 2068 2568 καταυγάζει·
2112 2498 2249 2570 ὅπερ
2299 2498 2356 2551 δὲ
2399 2495 2733 2565 καταυγάζει
2774 2494 2837 2548 τὸ
2879 2493 3252 2563 ἀπαύγασμα,
3314 2490 3380 2543 ὲκ
3433 2478 3530 2546 τοῦ

261 2586 446 2654 φωτός
487 2588 635 2641 ἐστιν
686 2589 717 2640 6
753 2589 1051 2660 φωτισμός.
1094 2590 1249 2644 Οὕτω
1297 2593 1392 2645 καὶ
1424 2591 1753 2664 βλεπομένου
1794 2594 1886 2648 τοῦ
1927 2594 2092 2660 Υίοῦ,
2134 2593 2389 2664 βλέπεται
2419 2595 2449 2647 6
2480 2594 2701 2665 Πατήρο
2747 2586 2840 2644 τοῦ
2892 2589 3002 2662 γὰρ
3044 2586 3259 2659 Πατρός
3305 2587 3422 2640 ἔστι
3468 2584 3533 2638 τδ

258 2682 645 2754 ἀπαύγασμα·
693 2685 788 2739 καὶ
836 2684 1009 2749 οὕτως
1054 2687 1083 2739 ὁ
1134 2689 1326 2759 Πατὴρ
1372 2688 1467 2742 καὶ
1518 2692 1547 2744 6
1603 2690 1731 2751 Υἱὸς
1775 2691 1833 2744 ἓν
1870 2692 1995 2753 εἰσι.

336 2778 426 2832 14.
455 2778 627 2834 Τοῦτο
648 2779 706 2834 δὲ
729 2781 821 2834 ἐπὶ
847 2781 956 2837 τῶν
978 2783 1220 2852 γενητῶν
1254 2786 1346 2838 καὶ
1375 2786 1691 2856 κτισμάτων
1733 2785 1844 2856 (99)

258 2869 366 2922 οὐκ
386 2869 453 2923 ἄν
473 2886 557 2933 τις
578 2868 742 2925 εἴποι.
774 2869 911 2924 Οὔτε
938 2871 1067 2944 γάρ,
1092 2870 1459 2945 ἐργαζομένου
1482 2874 1575 2927 τοῦ
1610 2875 1842 2946 Πατρδς,

258 2959 559 3054 ἐργάζεται
608 2963 880 3054 τιςΔ-αύτά
910 2963 1025 3054 τῶν
1052 2965 1297 3033 ἀγγέλων
1315 3007 1330 3030 ,
1359 2965 1391 3037 ἢ
1433 2965 1590 3030 ἄλλος
1620 2985 1705 3031 τις
1738 2967 1844 3021 τῶν
1870 2999 1912 3054 C

257 3052 601 3122 κτισμάτων·
632 3050 784 3106 οὐδὲν
808 3052 914 3124 γάρ
936 3052 1140 3106 τούτων
1170 3054 1448 3125 ποιητικὸν
1470 3054 1639 3109 αἴτιόν
1673 3057 1839 3119 ἐστιν,

256 3142 401 3196 ἀλλά
425 3142 533 3197 τῶν
562 3143 864 3215 γινομένων
890 3143 1046 3198 εἰσίν
1082 3144 1254 3209 ἄλλως
1297 3162 1357 3199 τε
1389 3146 1485 3199 καὶ
1509 3147 1844 3218 κεχωρισμέ-

257 3250 363 3300 νοι,
387 3236 484 3288 καὶ
505 3234 849 3307 διεστηκότες
881 3234 959 3306 (1)
994 3234 1087 3288 τοῦ
1117 3235 1299 3307 μόνου,
1332 3238 1425 3290 καὶ
1450 3237 1575 3291 ἄλλο
1607 3236 1704 3308 τὴν
1738 3238 1841 3307 φύ-

258 3343 349 3381 σιν
378 3326 563 3392 ὄντες,
604 3329 699 3381 καὶ
740 3326 877 3399 ἔργα
919 3328 1297 3399 τυγχάνοντες,
1328 3328 1449 3382 οὔτε
1491 3329 1632 3400 ἀπερ
1680 3330 1843 3400 ἐργά-

255 3420 413 3485 ζεται
442 3419 642 3484 όΘεὺς,
683 3418 935 3473 δύνανται
971 3420 1315 3491 ἐργάζεσθαι,
1355 3418 1498 3485 οὔτε,
1533 3420 1677 3474 καθὰ
1704 3438 1839 3491 προ-

256 3515 449 3575 εῖπον,
479 3511 835 3582 χαριζομένου
880 3511 977 3565 τοῦ
1018 3511 1172 3578 Θεοῦ,
1216 3511 1670 3583 συγχαρίζεσθαι’
1716 3510 1838 3565 οὔτε

256 3602 593 3675 βλεπομένου
638 3602 906 3671 ἀγγέλου,
963 3602 1107 3657 εἴποι
1157 3603 1223 3657 ἄν
1266 3620 1350 3667 τις
1397 3603 1697 3673 ἑωρακέναι
1745 3603 1837 3657 τὸν

254 3695 500 3767 Πατέρα.
529 3695 784 3764 ¹’Δγγελοι
817 3695 916 3766 μὲν
940 3696 1083 3767 γάρ,
1114 3695 1190 3760 ὡς
1229 3696 1567 3768 γέγραπται,
1599 3696 1837 3768 λειτουρ-

251 3786 389 3858 γικὰ
417 3786 701 3858 πνεύματά
722 3789 857 3841 εἰσιν
880 3789 959 3851 εἰς
979 3786 1246 3841 διακονίαν
1266 3787 1710 3859 ἀποστελλόμενοι
1736 3788 1831 3857 (2),

251 3879 352 3933 καὶ
381 3877 483 3942 τὰς
515 3880 643 3950 παρ’
672 3876 833 3931 αὐτοῦ
866 3876 954 3931 διὰ
990 3877 1082 3931 τοῦ
1110 3878 1282 3946 Λόγου
1318 3877 1526 3949 δωρεάς
1555 3878 1835 3950 διδομένας

254 3970 691 4040 ἀπαγγέλλοντές
722 3973 828 4024 εἰσι
866 3973 979 4034 τοῖς
1010 3969 1362 4041 λαμϐάνουσι.
1395 3971 1503 4024 Καὶ
1524 3971 1685 4034 αὐτὸς
1716 3971 1772 4025 δὲ
1805 3974 1834 4025 6

250 4063 506 4132 ἄγγελος,
554 4062 851 4134 ὁρώμενος,
883 4061 1134 4133 ὁμολογεί
1165 4062 1500 4116 ἀπεστάλθαι
1544 4062 1694 4134 παρὰ
1735 4061 1831 4115 τοῦ

249 4153 548 4217 Δεσπότου,
576 4152 651 4216 ὡς
681 4153 775 4206 ἐπὶ
816 4152 1084 4225 Ζαχαρίου
1116 4153 1145 4205 6
1186 4148 1441 4223 Γαϐριὴλ,
1475 4150 1570 4204 καὶ
1611 4152 1704 4204 ὲπὶ
1734 4152 1832 4221 τῆς

250 4245 520 4300 Θεοτὸκου
552 4244 771 4316 Μαρίας
799 4246 828 4297 6
855 4245 1016 4309 αὐτὸς
1046 4244 1121 4314 (5)
1147 4242 1483 4316 ὡμολόγησε.
1516 4244 1625 4297 Καὶ
1656 4247 1685 4298 6
1710 4242 1830 4313 βλέ-

2024 2786 2109 2841 14.
2136 2784 2281 2841 Idem
2321 2793 2498 2839 autem
2534 2783 2602 2837 de
2635 2781 2795 2837 factis
2827 2789 2882 2835 et
2918 2777 3119 2835 creatis
3145 2775 3312 2831 rebus
3342 2774 3531 2843 nequit

1952 2876 2077 2930 dici.
2118 2874 2303 2945 Neque
2329 2874 2476 2928 enim
2515 2871 2676 2926 Patre
2716 2869 2922 2941 aliquid
2952 2867 3239 2930 eiIiciente,
3276 2865 3327 2920 id
3362 2865 3529 2919 etiam

1951 2965 2179 3036 angelus
2201 2963 2402 3034 aliquis
2436 2972 2524 3016 aut
2562 2962 2671 3016 alia
2701 2977 2790 3016 res
2812 2967 2999 3015 creata
3029 2956 3210 3022 eliieit,
3235 2971 3359 3011 cum
3394 2954 3530 3010 nihil

1946 3056 2139 3111 horum
2183 3070 2350 3110 causa
2393 3053 2464 3108 sit
2499 3051 2760 3117 elliciens,
2802 3051 2898 3107 sed
2936 3065 3128 3104 omnes
3166 3048 3391 3103 omnino
3418 3047 3530 3104 sint

1942 3162 2032 3203 res
2062 3146 2218 3201 factae
2242 3146 2311 3201 ab
2332 3161 2399 3201 eo
2427 3143 2519 3214 qui
2546 3145 2696 3200 solus
2719 3150 2824 3206 est,
2860 3149 3123 3212 separata:
3146 3149 3197 3195 el
3218 3140 3524 3209 disiunctae,

1941 3254 2062 3309 qua:
2089 3239 2323 3306 etgaliam
2351 3237 2418 3292 ab
2446 3236 2565 3306 ipso
2588 3245 2837 3289 naturam
2868 3234 3089 3298 habent,
3114 3240 3168 3287 et
3194 3247 3357 3301 opera
3376 3238 3523 3296 sunt,

1939 3345 2116 3401 neque
2145 3346 2208 3385 ea
2242 3345 2364 3399 quae
2405 3328 2551 3384 Deus
2583 3327 2765 3394 eliicit,
2802 3336 3033 3398 possunt
3077 3327 3305 3388 eﬂicere,
3347 3339 3526 3394 neque

1940 3422 2021 3475 uti
2054 3436 2215 3490 supra
2252 3420 2387 3482 dixi,
2422 3418 2533 3474 Deo
2578 3419 2808 3490 gratiam
2844 3416 3209 3487 impertiente,
3241 3430 3360 3469 eam
3393 3430 3520 3470 cum

1938 3511 2031 3566 illo
2060 3512 2338 3582 impertire
2368 3519 2575 3580 queunt
2600 3528 2614 3564 :
2647 3524 2747 3564 nec
2775 3509 2919 3578 quis,
2947 3509 2990 3563 si
3016 3508 3266 3578 angelum
3290 3508 3517 3572 videret,

1940 3615 2001 3656 se
2031 3599 2248 3655 Patrem
2282 3600 2484 3654 vidisse
2512 3607 2659 3654 recte
2688 3607 2871 3668 posset
2903 3600 3104 3653 dicere.
3142 3597 3278 3651 Nam
3316 3597 3516 3668 angeli,

1936 3703 1998 3748 ut
2040 3692 2304 3762 scriptum
2340 3700 2425 3745 est
2449 3692 2518 3757 ",
2562 3690 2961 3744 ministratores
3001 3697 3132 3743 sunt
3176 3689 3403 3758 spiritus
3448 3690 3518 3745 ad

1936 3784 2356 3841 ministrantium
2391 3783 2671 3852 missi.qni
2696 3782 2997 3851 dona,qute
3028 3782 3097 3835 ab
3126 3782 3245 3851 ipso
3276 3779 3517 3851 perVer-

1941 3879 2071 3934 bum
2104 3878 2324 3940 dantur,
2356 3875 2442 3929 his
2470 3874 2796 3930 annuntiant
2827 3875 2922 3943 qui
2953 3890 3014 3927 ea
3047 3874 3340 3942 accipiunt.
3377 3871 3516 3929 llinc

1933 3972 2051 4042 ipse
2093 3985 2360 4041 apparens
2410 3970 2741 4037 angelus,se
2783 3984 2811 4022 a
2849 3966 3079 4021 Domino
3123 3965 3351 4019 missum
3393 3978 3515 4020 esse

1935 4064 2158 4129 fatetur,
2178 4063 2256 4117 uti
2281 4062 2498 4118 Gabriel
2529 4060 2807 4116 Zachariae
2829 4070 2882 4115 et
2906 4058 3149 4128 Deiparae
3174 4056 3355 4111 Maria:
3376 4070 3513 4111 con-

1933 4158 2110 4213 fessus
2130 4164 2232 4210 est.
2253 4153 2391 4208 llinc
2416 4154 2577 4209 etiam
2605 4152 2697 4223 qui
2728 4152 2978 4222 angelum
3004 4151 3153 4215 vidit,
3174 4165 3232 4204 se
3260 4149 3513 4220 angelum

1932 4262 2040 4302 non
2068 4234 2236 4299 Deum
2272 4244 2473 4300 vidisse
2503 4244 2672 4298 novit.
2702 4243 2849 4298 Vidit
2869 4245 3014 4298 enim
3039 4242 3289 4313 angelum
3304 4239 3516 4295 Zacha-

249 4353 371 4391 πων
400 4336 459 4389 δὲ
489 4335 735 4405 ἀγγέλων
755 4334 1025 4395 ὀπτασίαν
1045 4331 1201 4401 οἶδεν,
1227 4335 1309 4387 ὅτι
1335 4333 1425 4387 τὸν
1445 4334 1673 4404 ἄγγελον
1695 4320 1824 4401 εἶδε,

1950 4337 2042 4391 'ias
2074 4376 2090 4403 ,
2155 4334 2287 4388 vidit
2332 4349 2464 4388 vero
2512 4332 2680 4388 Isaias
2724 4334 3046 4401 Dominum;
3088 4333 3336 4403 angelum
3382 4329 3516 4384 vidi‘

247 4430 439 4484 καὶού
463 4429 555 4482 τὸν
576 4428 727 4481 Θεόν.
753 4424 874 4481 Εἷδε
896 4425 1005 4499 γὰρ
1031 4426 1303 4498 Ζαχαρίας
1324 4425 1571 4494 ἄγγελον·
1601 4422 1709 4480 εἶδε
1736 4428 1831 4482 καὶ

322 4567 372 4599 ’⁸
415 4564 574 4621 Rom.
617 4582 656 4633 ι,
698 4566 750 4618 7.
826 4566 870 4599 “
909 4565 928 4619 Ι
967 4566 1095 4622 Cor.
1135 4581 1175 4631 ι,
1215 4566 1269 4620 4.
1349 4569 1396 4600 ’³
1434 4565 1602 4624 Hebr.
1644 4584 1684 4636 ι,
1727 4569 1816 4623 14.

251 4724 376 4778 μου.
404 4704 549 4778 Editi
586 4712 642 4778 et
672 4704 889 4778 alii._'0
927 4703 1060 4768 Θεός
1105 4721 1225 4774 μου.
1264 4705 1470 4778 ibidem
1506 4714 1634 4778 pos_t
1664 4704 1832 4778 αὐξή-

246 4774 341 4832 em
378 4793 463 4838 σε,
504 4775 705 4844 Regius
739 4774 969 4842 primus,
998 4778 1221 4844 Seguer.
1250 4775 1469 4829 Gobler.
1508 4786 1563 4829 et
1595 4775 1741 4831 Felc.
1774 4774 1827 4841 1,

245 4849 459 4904 addunt
479 4846 585 4916 καὶ
605 4844 868 4916 πληθυνεῖ
897 4861 979 4916 σε,
997 4861 1117 4913 qua!
1141 4845 1194 4897 in
1217 4844 1338 4898 aliis
1358 4855 1412 4899 et
1430 4846 1592 4899 editis
1610 4846 1827 4901 desunt.

317 4916 436 4989 (94)
476 4913 757 4987 Regius'l
786 4955 802 4982 ,
845 4925 899 4969 et
948 4913 1196 4986 Seguer.,
1255 4917 1403 4968 ἐστιν
1450 4916 1688 4984 εὐλογεῖν
1735 4917 1829 4970 καὶ

243 4986 495 5062 M69411-

317 5058 434 5131 (95)
458 5054 901 5131 Reginsprimus
931 5062 986 5109 et
1014 5053 1263 5126 Seguer.,
1290 5055 1571 5124 ἐκγόνους.
1598 5056 1707 5112 Alii
1738 5069 1831 5110 au-
1878 5104 1879 5107 η

242 5125 355 5186 lem
387 5125 439 5182 et
475 5127 636 5188 editi,
669 5125 945 5194 ἐγγόνους.

322 5199 438 5269 (96)
480 5198 698 5269 Golden
727 5206 782 5249 el.
814 5195 960 5269 ιεξυιο.
1000 5195 1050 5257 1,
1078 5195 1188 5269 γὰρ
1217 5196 1486 5268 ἀσφαλής.
1510 5196 1680 5252 Paulo
1707 5206 1830 5266 post

235 5265 503 5339 ωσι-(μισ
526 5265 727 5339 Regius
746 5266 1086 5339 retheguer"
1114 5265 1217 5329 μία
1245 5269 1341 5320 καὶ
1370 5265 1592 5339 ηἀύτή.
1640 5268 1744 5322 Alii
1774 5279 1828 5323 et

233 5340 400 5399 editi,
445 5337 541 5408 μία
573 5338 668 5390 καὶ
698 5337 855 5407 αὐτή.

319 5404 457 5479 (97f
485 5409 685 5479 Regius
715 5404 964 5479 uterque,
1013 5406 1237 5479 Segner.
1268 5404 1486 5479 Gobler.
1519 5406 1662 5462 Frlc.
1712 5408 1825 5479 let

240 5481 299 5542 3,
328 5474 450 5532 ἐστι
479 5477 542 5531 τὸ
570 5474 867 5548 διδόμενον.
900 5474 1114 5548 inaliis
1147 5487 1199 5530 et
1222 5478 1382 5533 editis
1417 5478 1676 5548 deest'td.
1709 5478 1831 5533 Mox

241 5552 382 5619 Reg.
423 5549 447 5619 1
475 5588 489 5609 ,
520 5556 574 5601 et
615 5546 886 5619 segnem,
926 5546 1153 5619 λέγηται
1183 5547 1520 5619 χαρίζεσθαι.
1555 5547 1745 5603 Caeteri
1778 5556 1833 5603 et

242 5615 405 5701 9όὶὶίζ
606 5615 1152 5701 χαρλίζεσθαικριιυξο
1345 5618 1476 5690 Reg.
1511 5619 1564 5683 1,
1589 5628 1644 5674 et
1678 5619 1829 5689 ὅτευ

236 5692 307 5749 ιν
334 5689 417 5759 τῷ
450 5687 586 5759 Υἱῷ.
610 5687 807 5743 Caneri
834 5698 887 5742 et
914 5688 1065 5759 editi,
1096 5688 1157 5759 ἐν
1182 5687 1314 5759 ἴῖίῷ.

334 5708 366 5744 τ
458 5708 482 5743 ι
502 5708 586 5759 ιῳ.
617 5708 807 5743 ut:er
834 5708 887 5742 ΕΙ.
914 5708 1065 5749 ϐιιιιι,
1098 5708 1157 5741 εν
1189 5708 1212 5741 Ι.
1230 5708 1314 5759 ιῳ.

319 5708 435 5833 (93)
475 5759 570 5816 Sic
601 5773 733 5814 mss.
777 5768 972 5829 praeter
1022 5755 1163 5815 Felc.
1208 5757 1263 5827 2,
1311 5758 1440 5835 qui,
1492 5767 1637 5817 utet
1664 5757 1834 5817 editio

1937 4428 2132 4484 Manue
2161 4436 2316 4498 pater
2344 4427 2647 4498 Samsonis,
2682 4426 2852 4483 Deum
2883 4435 3066 4482 autem
3093 4423 3308 4496 Moyses
3344 4422 3515 4479 intui-

1934 4705 2225 4767 Commel.,
2253 4704 2454 4759 omittit
2478 4701 2573 4757 τοῦ
2603 4702 2759 4759 Θεοῦ.

2008 4775 2307 4855 (QULFelc.
2336 4775 2389 4839 5,
2408 4773 2685 4855 γεννητῶν
2712 4771 3049 4855 κτισμάτων.

2003 4846 2078 4914 (1)
2108 4838 2365 4913 ’δθςιιθνη
2403 4838 2706 4914 διεστῶτες.
2729 4838 2882 4914 ibid.
2922 4841 3109 4914 ηυδε]
3141 4840 3295 4914 et“_2.__
3329 4838 3503 4914 _Basil_.

1932 4909 2144 4985 Anglic.
2175 4909 2227 4969 εἰ
2266 4913 2408 4985 Ρεις.
2436 4914 2488 4974 5,
2529 4912 2623 4985 τοῦ
2673 4912 2979 4985 μόνου,ῌκαὶ
3010 4909 3169 4985 ἀλλο.
3202 4909 3378 4985 Editi,
3408 4909 3503 4985 τοῦ

1978 4979 2119 5050 όπῖου,
2160 4984 2307 5039 ἄλλο.
2362 4984 2481 5038 Mox
2518 4979 2734 5039 Goblér.
2770 4993 2823 5038 et
2857 4982 3001 5036 Felc.
3036 4983 3084 5041 l.
3115 4979 3238 5050 οὔτε
3272 4979 3307 5033 ὂι
3334 4981 3500 5050 ἐργά-

1978 5004 2119 5050 ονου,
2160 5004 2307 5039 αΛΑο.
2362 5004 2481 5038 mox
2518 5004 2734 5039 vomer.
2770 5004 2823 5038 et
2857 5004 3001 5036 retr.
3036 5004 3084 5041 ι.
3115 5004 3238 5033 cura
3272 5004 3307 5033 α
3334 5004 3500 5050 εργα-

1934 5004 2105 5119 ἵεται.
2157 5055 2290 5123 Reg.
2330 5056 2391 5116 1,
2438 5054 2563 5107 οὔτε
2609 5054 2795 5125 ὥσπερ
2834 5052 3140 5125 ἐργάζεται.
3186 5049 3323 5125 ibid.
3382 5058 3502 5117 pust

1933 5127 2186 5198 δύνανται
2220 5122 2801 5198 ἐργάζεσθαιάιάίιρυιίι
2824 5122 2952 5198 editi
2980 5132 3032 5175 et
3067 5122 3322 5198 pigrique
3342 5136 3497 5187 tnss.,

1934 5198 2057 5250 ἐπεὶ
2099 5196 2191 5250 καὶ
2221 5190 2413 5259 αὖτοὺς
2456 5194 2780 5262 ἐργάσεσθαι
2818 5190 3419 5262 δόξωσινζ-δοειιςτίιιιι.
3448 5199 3501 5245 «ιι

1936 5212 2057 5250 επει
2099 5212 2191 5250 και
2221 5212 2413 5259 αυτούς
2456 5212 2479 5246 ε
2522 5212 2780 5262 γασεσυαι
2818 5212 3058 5260 οοςωσιν.
3107 5212 3419 5259 Degurrtau.
3448 5212 3498 5245 i't

1936 5266 2065 5335 Reg.
2097 5267 2152 5326 2,
2188 5267 2443 5333 δόξουσιν.
2478 5212 2580 5318 Sed
2617 5267 2729 5319 haec
2770 5266 2968 5319 desunt
3001 5265 3053 5317 in
3088 5260 3221 5331 Reg.
3250 5261 3302 5327 1,
3334 5271 3389 5313 et
3416 5262 3498 5314 vis

1932 5339 2131 5391 (lentur
2161 5354 2386 5405 prorsus
2411 5335 2647 5389 inutilia.

2003 5408 2077 5475 (‘2)
2121 5398 2320 5473 Regius
2367 5407 2579 5476 primus
2622 5413 2677 5476 et
2724 5404 2981 5474 Seguer.,
3024 5398 3494 5470 ἀποστελλόμενοι.

1926 5479 2031 5533 Alii
2064 5491 2117 5531 et
2149 5479 2302 5537 mliti,
2336 5474 2792 5544 ἀποστελλόμενα.

2000 5548 2076 5619 (.1)
2118 5547 2241 5603 llzec
2262 5549 2444 5619 verba.
2480 5539 2696 5616 Μαρίας
2724 5547 2751 5598 ὁ
2772 5543 2952 5619 αρτός,
2973 5541 3179 5619 desunt
3199 5541 3250 5619 in
3276 5539 3494 5619 Golden

1928 5627 1983 5672 et
2007 5609 2174 5674 Ἔθις.
2214 5619 2261 5670 l.
2308 5616 2477 5671 Paulo
2509 5609 2625 5684 post
2658 5631 2755 5684 pro
2785 5609 2914 5676 εἶδε,
2972 5613 3171 5684 Regius
3202 5612 3284 5684 l,_
3302 5611 3499 5684 ultique

1927 5689 2121 5814 ieialiet,
2170 5684 2327 5756 εἶδεν,
2359 5680 2610 5757 ὶιιρωίμιο
2641 5680 2828 5754 liabet,
2855 5684 2918 5739 οὐ
2944 5683 3033 5738 τὸν
3061 5681 3213 5738 Θεόν.
3246 5680 3409 5748 Ειιιιί,
3435 5680 3497 5732 οὐ

1973 5774 2082 5814 εον.

1973 5774 2082 5816 εον.
