3840 6220
313 358 414 415 εει

885 365 945 420 S.
987 364 1356 420 ATilANASlI
1397 367 1544 420 OPP.
1587 365 1767 420 PARS
1803 365 1842 419 Ι.
1884 394 1955 407 -
1996 363 2363 418 ιιιδΤοιιιοΑ
2404 361 2490 416 ET
2531 362 2952 418 DOGMATICA.

3448 366 3558 422 553

313 490 404 535 tus
425 491 540 548 est;
581 483 797 537 Gedeon
832 486 1083 554 angelum
1128 489 1357 555 aspexit,
1391 496 1445 540 at
1473 487 1704 542 Abrahae
1737 485 1880 540 Deus

2006 483 2223 546 Ἡσαΐας
2255 482 2344 536 τὸν
2377 482 2598 554 Κύριον·
2635 478 2744 536 εἶδε
2789 481 2986 536 Μανωὲ
3015 483 3046 534 6
3077 483 3260 554 πατὴρ
3287 483 3382 536 τοῦ
3410 483 3563 552 Σαμ-

318 570 432 636 ipse
459 573 745 641 apparuit:
775 584 936 642 atque
963 574 1102 630 adeo
1135 591 1234 630 nec
1256 577 1349 644 qui
1378 575 1546 631 Deum
1573 577 1808 644 videbat,
1839 578 1886 633 is

318 660 572 714 cernebat
617 663 867 730 angelum
899 681 912 717 :
949 679 1046 718 nec
1079 664 1171 735 qui
1219 666 1435 720 videbat
1466 667 1717 736 angelum
1751 667 1798 722 is
1829 683 1888 722 se

324 747 490 804 Deum
518 751 700 807 videre
721 753 1086 810 existimabat.
1121 755 1347 812 Multum
1373 759 1662 828 siquidem,
1692 760 1802 814 imo
1830 775 1889 815 se

317 844 447 898 totis
472 861 500 898 a
525 844 634 898 Deo
664 857 908 902 creatore
932 864 1020 903 res
1044 848 1198 904 facta:
1221 859 1414 904 natura
1441 850 1715 906 dili'erunt.
1733 851 1888 918 Quod

321 935 368 986 si
397 934 692 1004 aliquando
719 950 1012 1005 apparente
1042 941 1256 1010 angelo,
1287 941 1333 996 is
1365 942 1457 1011 qui
1480 950 1751 1011 spectator
1774 952 1892 998 erat

322 1020 416 1075 Dei
461 1026 631 1078 audiit
664 1041 874 1091 vocem,
911 1038 970 1082 ut
1006 1030 1058 1083 in
1090 1032 1227 1084 rubo
1259 1013 1440 1084 evenit
1467 1050 1480 1085 :
1515 1047 1750 1102 namque
1781 1033 1885 1087 Au-

321 1111 463 1182 gelus
497 1115 708 1170 Domini
736 1134 762 1170 e
790 1118 919 1172 rubo
943 1125 1189 1190 apparuit
1219 1123 1392 1176 instar
1413 1124 1645 1192 flamma?
1668 1126 1892 1194 iguis,et

321 1207 520 1258 vocavit
560 1206 814 1261 Dominus
859 1209 1094 1281 Moysem
1138 1213 1201 1266 de
1246 1215 1374 1267 rubo
1401 1215 1614 1269 dicens:
1640 1214 1750 1286 Ego
1775 1233 1892 1270 sum

323 1292 467 1348 Deus
495 1298 666 1363 patris
696 1299 794 1362 tui,
836 1298 977 1354 Deus
1011 1301 1302 1368 Abraham,
1339 1302 1480 1358 Deus
1508 1304 1661 1358 Isaac
1685 1315 1734 1358 et
1755 1305 1890 1361 Deus

323 1382 490 1439 Iacob
513 1386 581 1441 ⁸³.
605 1387 765 1459 Atqui
783 1406 891 1444 non
908 1401 1026 1446 erat
1043 1394 1284 1462 angelus,
1311 1394 1450 1449 Deus
1466 1395 1772 1450 Abraham:
1797 1400 1892 1453 sed

325 1474 471 1530 Deus
513 1490 629 1532 erat
675 1481 767 1549 qui
823 1482 876 1535 in
931 1484 1122 1552 angelo
1169 1483 1523 1554 loquebatur:
1557 1486 1699 1541 unde
1746 1490 1890 1557 quod

325 1569 545 1635 quidem
579 1573 892 1640 apparebat,
919 1576 1142 1643 angelus
1169 1586 1305 1641 erat,
1333 1575 1478 1631 Deus
1503 1591 1684 1631 autem
1716 1578 1769 1631 in
1799 1579 1892 1634 illo

326 1657 669 1726 loquebatur.
701 1659 770 1715 Ut
801 1664 943 1716 enim
977 1667 1030 1718 in
1064 1666 1414 1721 tabernaculo
1431 1667 1603 1735 Moysi
1634 1668 1892 1738 loqueba-

329 1757 420 1803 tur
470 1751 522 1802 in
571 1751 823 1807 columna
870 1756 1052 1821 nubis,
1101 1757 1175 1811 ita
1214 1759 1379 1813 etiam
1421 1757 1566 1815 Deus
1598 1760 1652 1814 in
1686 1763 1893 1832 angelis

1987 574 2116 644 ψὼμ
2141 574 2386 642 ἄγγελον*
2419 572 2690 644 ἐθεώρησε
2716 573 2774 626 δὲ
2797 574 2890 626 καὶ
2915 572 3159 642 Μωῦσῆς
3189 572 3264 642 (4)
3293 573 3384 626 τὸν
3405 574 3560 627 Θεόνο

1988 663 2094 719 εἶδε
2140 665 2345 719 Γεδεὼν
2390 647 2650 734 ἄγγελονο
2695 663 2848 734 ὤφθη
2893 663 2950 717 δὲ
2991 664 3086 717 καὶ
3131 664 3208 735 τῷ
3251 664 3502 736 Ἀϐραὰμ
3533 667 3565 720 6

1988 758 2139 822 Θεὸς·
2169 759 2262 810 καὶ
2290 755 2412 810 οὔτε
2457 758 2485 809 6
2511 755 2764 809 rvaabv
2805 755 2945 826 ὁρῶν
2985 755 3098 825 (5),
3145 755 3373 824 ἄγγελον
3412 755 3566 808 ἔϐλε-

1989 867 2108 914 πεν,
2153 847 2275 902 οὔτε
2313 851 2342 902 6
2387 848 2461 917 (6)
2493 849 2583 903 τὸν
2619 847 2846 916 ἄγγελον
2884 848 3023 919 ὁρῶν
3066 847 3280 918 ἐνόμιζε
3308 847 3397 899 τὸν
3429 845 3566 900 Θεδν

1989 945 2139 1014 ὁρᾷν·
2172 943 2305 996 πολὺ
2332 943 2460 1014 γὰρ,
2493 943 2690 1013 μᾶλλον
2713 942 2770 995 δὲ
2795 942 2855 995 τὺ
2883 942 3001 996 ὅλον
3025 941 3275 1010 διέστηκε
3303 943 3369 1010 τῇ
3403 939 3568 1008 φύσει

1989 1034 2056 1087 τὰ
2085 1035 2286 1106 γενητὰ
2307 1035 2443 1105 πρὸς
2469 1035 2560 1088 τὸν
2583 1035 2843 1088 κτίσαντα
2865 1034 3014 1087 Θεόν.
3046 1035 3108 1087 Εἰ
3131 1033 3188 1086 δὲ
3211 1033 3302 1086 καί
3328 1050 3457 1086 ποτε
3484 1033 3565 1100 (7)

1990 1127 2242 1197 ὀφθέντος
2273 1127 2525 1195 ἀγγέλου,
2559 1130 2587 1180 6
2617 1126 2758 1197 ὁρῶν
2789 1127 2972 1196 φωνῆς
2995 1127 3159 1196 ἤκουε
3191 1125 3346 1187 Θεοῦ,
3375 1123 3452 1188 ὡς
3471 1125 3569 1176 ἐπὶ⁵

1991 1221 2094 1288 τῆς
2130 1217 2289 1287 βάτου
2321 1217 2562 1286 γέγονεν’
2599 1218 2786 1286 Ὠφθη
2815 1216 2924 1288 γὰρ
2964 1214 3217 1285 ἅγγελος
3243 1215 3466 1282 Κυρίου
3495 1213 3570 1267 ἐν·

1991 1305 2169 1374 φλογὶ
2207 1304 2398 1373 πυρὸς
2425 1306 2494 1359 ἐκ
2541 1304 2650 1373 τῆς
2681 1303 2895 1370 ,βάτου⁹
2923 1305 3022 1358 καὶ
3057 1303 3316 1358 ἐκάλεσε
3349 1304 3568 1371 Κύριος

1992 1393 2258 1464 Μωῢσῆν
2292 1395 2362 1448 ἐκ
2398 1395 2509 1462 τῆς
2527 1395 2719 1459 βάτου
2740 1394 2961 1464 λέγων’
3021 1394 3161 1464 Ἐγώ
3201 1396 3316 1462 ειμι
3350 1397 3383 1447 ό
3421 1391 3570 1458 Θεὸς

1990 1485 2099 1540 τοῦ
2131 1488 2351 1555 πατρός
2377 1503 2514 1551 σου,
2551 1490 2584 1541 ό
2629 1486 2773 1552 Θεὸς
2811 1487 3087 1556 Ἀϐραὰμ,
3125 1485 3224 1540 καὶ
3246 1490 3277 1540 ὀ
3316 1484 3460 1550 Θεὸς
3486 1484 3567 1554 (8)

2005 1577 2230 1642 Ἰσαὰκ,
2257 1577 2355 1631 καὶ
2378 1580 2411 1632 ὁ
2443 1577 2587 1644 Θεὸς
2623 1577 2844 1633 Ἰακώϐ.
2881 1577 3019 1630 Ἀλλ’
3043 1577 3142 1631 οὐκ
3165 1573 3230 1648 ἦν
3254 1578 3283 1630 6
3312 1575 3566 1645 ἄγγελος,

1993 1670 2022 1721 6
2069 1667 2201 1731 Θεὸς
2241 1667 2602 1740 Ἀϐραὰμ,,ἐν
2635 1669 2692 1721 δὲ
2738 1667 2953 1739 ἀγγέλῳ
2998 1667 3174 1721 λαλῶν
3220 1663 3290 1738 ἦν
3332 1669 3360 1720 6
3410 1666 3562 1730 Θεός.

1995 1757 2102 1809 Καὶ
2129 1759 2157 1810 6
2186 1755 2285 1828 μὲν
2309 1754 2632 1828 φαινόμενος
2656 1753 2724 1828 ἦν
2753 1756 3002 1825 ἄγγελοςο
3035 1758 3063 1810 6
3087 1757 3143 1809 δὲ
3175 1755 3307 1819 Θεὸς
3331 1757 3388 1808 ἐν
3416 1754 3570 1826 αὐτῷ

327 1839 558 1910 loquens
588 1852 840 1911 apparet:
870 1861 976 1914 qua
1005 1847 1222 1916 quidem
1258 1849 1468 1905 ratione
1502 1866 1627 1906 cum
1661 1850 1787 1908 Jesu
1828 1853 1892 1908 ﬁ-

2006 1847 2190 1901 ὲλάλει.
2229 1848 2316 1912 Ὠς
2337 1849 2446 1921 γὰρ
2487 1852 2545 1903 ἐν
2581 1850 2754 1921 στόλῳ
2796 1849 3023 1921 νεφέλης
3055 1849 3230 1902 ἐλάλει
3257 1847 3333 1919 τῷ
3357 1849 3568 1918 Μωῦσῇ

328 1932 402 1986 lio
432 1932 580 1986 Nave
615 1950 710 2004 per
740 1938 990 2004 angelum
1025 1941 1348 2010 loquebatur
1379 1941 1443 1995 ⁸⁸.
1470 1942 1601 2009 Quae
1626 1959 1788 2013 porro
1811 1945 1896 2000 lo-

329 2025 514 2094 quitur
545 2025 705 2091 Deus,
742 2029 1089 2086 manifestum
1121 2041 1206 2087 est
1235 2049 1293 2087 ea
1323 2034 1494 2100 illum,
1528 2051 1621 2106 per
1658 2035 1895 2092 Verbum

326 2135 438 2174 non
466 2136 593 2174 vero
625 2137 718 2190 per
747 2124 915 2178 alium
952 2125 1187 2194 aliquem
1221 2128 1390 2196 loqui.
1419 2127 1658 2183 Verbum
1689 2141 1894 2198 autem,

325 2213 472 2279 quod
504 2227 533 2266 a
564 2211 723 2268 Patre
755 2231 854 2270 nec
881 2231 1188 2285 separatum
1221 2229 1325 2287 est,
1363 2236 1463 2275 nec
1484 2219 1658 2277 Patris
1692 2232 1898 2278 natura!

325 2301 590 2359 dissimile
613 2316 698 2360 est
731 2318 825 2362 aut
866 2309 1126 2373 alienum,
1163 2311 1425 2380 quidquid
1462 2312 1644 2376 ellicit,
1679 2327 1742 2366 ca
1780 2313 1897 2382 ipsa

326 2407 454 2452 sum
475 2394 654 2451 Patris
681 2411 866 2466 Opera,
893 2399 965 2452 ita
995 2412 1051 2453 ut
1075 2401 1216 2456 idem
1248 2409 1302 2455 et
1328 2417 1493 2454 unum
1517 2417 1653 2470 opus
1675 2401 1893 2465 eﬂiciat,

325 2497 381 2541 et
409 2473 529 2556 quae
571 2488 663 2542 dat
693 2487 884 2550 Filius.
917 2489 1092 2545 Patris
1122 2493 1232 2546 sint
1256 2507 1475 2562 quoque
1516 2507 1762 2546 munera.
1792 2491 1897 2559 Qui

325 2577 453 2632 item
482 2580 614 2633 vidit
643 2579 838 2634 Filium
862 2621 876 2644 ,
911 2583 1062 2636 novit
1117 2598 1196 2650 se,
1233 2599 1355 2637 cum
1395 2585 1546 2636 illum
1588 2584 1739 2648 vidit,
1788 2598 1897 2638 non

327 2669 600 2738 angelum,
637 2687 813 2741 neque
855 2673 1089 2742 aliquem
1133 2675 1339 2742 angelis
1383 2674 1675 2744 majorem,
1720 2689 1898 2743 neque

327 2774 554 2829 prorsus
578 2776 689 2815 rem
734 2763 970 2831 aliquam
1013 2773 1247 2818 creatam
1274 2765 1492 2832 vidisse,
1527 2766 1621 2820 sed
1645 2765 1892 2822 Patrem.

329 2848 591 2906 Similiter
630 2854 722 2922 qui
757 2852 990 2908 Verbum
1036 2856 1206 2921 audit,
1237 2871 1295 2910 se
1321 2854 1534 2911 Patrem
1573 2859 1762 2913 audire
1801 2875 1900 2915 no-

327 2944 424 3005 vit,
453 2959 558 2998 non
590 2961 746 3000 secus
789 2961 852 3001 ac
893 2948 982 3001 ille
1017 2948 1108 3017 qui
1143 2948 1430 3016 splendore
1470 2950 1829 3019 illuminatus,
1865 2967 1897 3007 a

327 3035 442 3089 sole
465 3050 524 3090 se
557 3037 854 3092 illuminari
887 3056 995 3094 non
1031 3041 1271 3110 ignorat.

397 3289 659 3363 44715.
697 3293 905 3349 Idcirco
925 3297 1070 3352 enim
1096 3296 1278 3352 divina
1298 3298 1580 3368 Scriptura
1604 3301 1760 3355 nobis
1789 3301 1894 3356 lm-

323 3381 560 3452 jusmodi
579 3387 822 3456 exempla
850 3391 1233 3458 suppeditavit,
1254 3400 1311 3444 ιιι
1337 3406 1448 3444 rem
1473 3393 1545 3446 ita
1576 3392 1898 3464 intelligere-

329 3488 474 3540 mus,
508 3477 666 3531 sicuti
697 3494 862 3548 supra
895 3480 1205 3536 docuimus.
1239 3471 1319 3536 Ex
1347 3484 1549 3551 quibus
1592 3495 1738 3540 certe
1769 3501 1895 3540 cum

327 3564 632 3632 proditores
677 3566 892 3625 Iudaeos
936 3570 1256 3638 confutare,
1301 3581 1416 3627 tum
1469 3575 1750 3641 gentilium
1801 3591 1897 3632 ca-

330 3655 566 3713 lumnias
605 3659 761 3715 facile
796 3671 878 3717 est
906 3662 1170 3727 refellere,
1199 3667 1316 3735 qui,
1349 3665 1607 3735 quoaiam
1655 3665 1899 3725 Trinita-

329 3756 436 3802 tem
464 3750 716 3818 colimus,
748 3755 946 3809 multos
972 3769 1003 3808 a
1041 3756 1197 3812 nobis
1225 3757 1356 3812 deos
1390 3758 1613 3828 agnosci
1663 3758 1816 3816 aiunt
1841 3769 1902 3818 et

327 3839 685 3896 arbitrantur.
716 3840 826 3898 Nec
853 3846 1020 3907 enim,
1051 3856 1109 3900 ut
1145 3847 1305 3900 etiam
1336 3863 1401 3902 ex
1443 3849 1607 3904 allato
1649 3853 1898 3922 exemplo

326 3944 564 3998 constat,
598 3937 698 3989 tria
728 3937 992 4006 principia
1017 3938 1096 3990 vel
1121 3949 1227 3994 tres
1254 3947 1434 4008 patres
1467 3940 1793 4008 inducimus,
1817 3944 1896 3999 uti

329 4022 689 4082 Marcionista:
716 4039 770 4083 et
798 4028 1114 4084 Manicluei:
1151 4030 1591 4102 quandoquidem
1637 4046 1740 4089 nec
1780 4044 1892 4092 tres

329 4119 472 4174 soles
519 4119 574 4173 in
615 4121 921 4190 exemplum
971 4123 1437 4191 proposuerimus,
1482 4123 1578 4179 sed
1623 4124 1794 4181 solem
1836 4134 1892 4182 et

401 4265 448 4298 ⁸³
483 4264 655 4320 Exod.
698 4280 796 4332 ιιι,
834 4267 891 4334 2,
931 4266 984 4320 6.
1061 4267 1110 4298 “
1144 4267 1310 4322 Josue
1349 4284 1404 4336 ι,
1444 4269 1498 4333 2,
1541 4269 1592 4326 9.

404 4406 481 4480 (1)
525 4407 729 4480 Regius,
748 4407 770 4460 1
790 4447 842 4480 ,_
864 4415 919 4460 et
948 4405 1209 4480 Segnerq
1238 4407 1332 4462 τοῦ
1360 4408 1598 4480 Σαμψὼν
1631 4410 1859 4480 ἄγγελον
1881 4431 1896 4446 ο

332 4461 629 4548 ἐθεώρησευ
652 4479 744 4548 καὶ
787 4461 1013 4548 Μωσῆς.
1036 4461 1209 4532 “Felcz
1242 4481 1303 4544 1,
1333 4488 1387 4533 et
1410 4461 1899 4542 ίόόυιένξζίίιᾶᾆὼὲ
1927 4461 1976 4518 D

330 4545 590 4624 ᾷγγελον·
641 4545 746 4624 εἶδε
779 4547 966 4624 δὲᾲκαὶ
1010 4548 1246 4624 Μωσῆς,
1294 4551 1567 4621 iidemque
1607 4567 1735 4606 mox
1782 4563 1904 4624 post

331 4619 487 4689 ὤφθη
506 4619 810 4689 ,7omitlunt
838 4617 903 4689 δὲ
925 4617 1041 4672 καί.

527 4688 654 4763 Reg.
693 4689 743 4753 1,
779 4697 832 4742 et
872 4686 1210 4763 ng.,_6pt'bv.
1244 4687 1390 4763 Editi
1411 4691 1587 4763 etalii
1610 4731 1624 4754 ,
1661 4691 1899 4763 θεωρῶν.

353 4773 366 4787 ‘
407 4757 484 4830 (6)
527 4757 621 4812 Sic
648 4769 873 4828 uterque
907 4757 1128 4826 Regius,
1156 4758 1320 4815 Basil.
1353 4759 1568 4816 Goliler.
1589 4771 1643 4817 et
1673 4757 1817 4818 Felc.
1847 4764 1898 4817 1.

331 4830 403 4885 At
436 4833 486 4883 in
521 4830 641 4883 aliis
663 4839 716 4882 et
749 4831 905 4883 editis
931 4830 959 4881 6
989 4831 1157 4882 deest.

383 4841 403 4884 t
436 4841 486 4883 in
521 4841 641 4883 allis
663 4841 716 4882 et
749 4841 905 4883 editis
931 4841 959 4881 6
989 4841 1157 4882 deest.

403 4900 480 5021 (7)
524 4899 724 4968 Regius
766 4902 824 4963 l,
873 4912 924 4953 et
968 4897 1192 4967 Seguer.
1216 4941 1231 4963 ,
1259 4900 1519 4953 κτίσαντα
1549 4901 1703 4957 Θεόν.
1755 4903 1817 4955 Εἰ
1845 4901 1901 4955 δὲ

403 5012 404 5018 η
464 4987 611 5021 ποτε.
645 4970 746 5021 Alii
781 4986 907 5021 vero
936 4980 987 5021 et
1019 4971 1168 5021 editi.
1202 4971 1460 5021 κτίσαντα
1485 4973 1622 5021 αὐτὰ
1651 4973 1804 5021 Θεόν-
1834 4974 1896 5021 Ei

331 4970 427 5023 καί
464 4987 611 5022 ποτε.
645 4970 746 5022 Alii
781 4986 907 5022 vero
936 4980 987 5024 et
1019 4971 1168 5028 editi,
1202 4971 1460 5023 κτίσαντα
1485 4973 1622 5039 αὐτὰ
1651 4973 1804 5026 Θεόν.
1834 4974 1896 5024 Ei

330 5041 390 5094 δέ
418 5058 568 5094 ποτε.
599 5039 718 5092 Mox
753 5039 952 5106 Regius
980 5040 1030 5101 1,
1065 5039 1287 5107 Segucr.
1325 5041 1542 5095 Goliler.
1589 5052 1643 5096 et
1671 5042 1815 5097 Felc.
1847 5043 1900 5106 1,

332 5111 523 5198 ηκοξιεἱ
550 5109 774 5198 [θείῃ-,81
940 5108 1466 5198 ἥκουσεζ-Ιξρθεημπςι
1489 5112 1710 5198 Seguer.
1742 5112 1898 5198 ibid,

329 5179 407 5243 ὡς
433 5179 980 5262 ἐπί.-Ει11ιί,.ιιιξίςιιιιὲ
999 5219 1014 5242 ,
1038 5179 1223 5250 ὥσπερ
1253 5179 1363 5234 ἐπί.
1397 5179 1597 5250 Regius
1640 5183 1694 5249 1,
1741 5183 1828 5237 hic
1850 5192 1903 5237 et

333 5266 456 5304 mox
494 5253 672 5313 habet,
703 5251 794 5304 τοῦ
829 5250 1013 5320 βάτου.

406 5322 482 5393 (8)
511 5321 708 5393 Regius
734 5325 776 5393 l_.
795 5319 848 5374 et
875 5321 1121 5393 Seguer,
1152 5319 1246 5393 τοῦ
1274 5322 1478 5393 πατρός
1509 5339 1600 5393 σου
1632 5321 1899 5392 Ἀϐραὰμ,

331 5391 437 5464 καί
469 5393 496 5444 6
526 5391 693 5464 Θεὸς.
729 5391 1028 5464 6911181381
1059 5391 1293 5464 Felcltm.
1336 5391 1400 5464 1r,
1447 5392 1540 5464 τοῦ
1571 5395 1774 5464 πατρός
1810 5409 1900 5464 σου

344 5461 628 5534 Ἅβρααμι
653 5461 857 5526 Ἰσαὰκ,
892 5461 985 5516 καὶ
1025 5461 1236 5518 Ἰακώϐ.
1273 5463 1408 5516 Ἀλλ’
1437 5463 1536 5516 οὐκ
1570 5458 1638 5534 ἦν
1675 5458 1901 5533 ἄγγελος

331 5531 466 5595 Θεὸς
492 5531 691 5586 αὐτῶν.
829 5588 834 5594 ,

404 5606 481 5662 un
521 5601 612 5657 Sic
651 5618 782 5658 mss.
816 5603 885 5657 At
909 5601 1073 5658 editio
1102 5601 1392 5666 Commel.,
1437 5603 1578 5658 οὕτω
1617 5603 1684 5658 δὲ’
1715 5606 1772 5657 ἐν
1801 5605 1902 5672 ἀγ-

331 5673 531 5798 ἷξέοές.
575 5672 740 5729 Paulo
768 5683 888 5742 post
930 5673 1060 5745 Reg.
1092 5675 1118 5728 1
1145 5715 1160 5741 ,
1193 5683 1246 5728 et
1279 5673 1526 5745 Seguer.,
1571 5676 1638 5729 δι’
1667 5675 1898 5744 ἀγγέλου

435 5763 459 5796 ε
484 5784 501 5798 .

435 5763 501 5799 ει.

1997 1941 2055 1992 ἐν
2108 1943 2171 2011 τῇ
2221 1943 2425 2012 σκηνῇ,
2466 1942 2606 1996 οὕτω
2647 1943 2740 1995 καὶ
2791 1943 2848 1996 ἐν
2898 1941 3150 2010 ἀγγέλοις
3193 1941 3269 2012 (9)
3319 1941 3574 2011 φαίνεται

1996 2029 2168 2083 λαλῶν
2208 2033 2236 2085 ὁ
2264 2032 2413 2096 Θεός·
2455 2031 2598 2086 οὓτω
2637 2033 2733 2086 καὶ
2775 2032 2855 2105 τῷ
2885 2034 2997 2087 -τοῦ
3038 2035 3191 2105 Ναυῆ
3238 2033 3305 2086 δι’
3335 2031 3571 2102 ἀγγέλου

1996 2122 2190 2176 ἐλάλει.
2225 2125 2291 2175 Ἀ
2333 2123 2388 2176 δὲ
2421 2124 2568 2177 λαλεῖ
2605 2127 2632 2178 6
2676 2124 2846 2192 Θεὸς,
2889 2125 3172 2198 πρόδηλον,
3209 2124 3291 2178 ὅτι
3337 2125 3426 2178 διὰ
3473 2122 3571 2177 τοῦ

1995 2213 2169 2281 Λόγου
2200 2211 2376 2276 λαλεῖ,
2405 2215 2499 2266 καὶ
2530 2216 2592 2268 οὐ
2629 2214 2694 2267 δι’
2722 2215 2901 2270 ἄλλου.
2945 2216 3002 2268 '0
3023 2215 3081 2269 δὲ
3112 2215 3281 2284 Λόγος
3307 2215 3368 2268 οὐ
3398 2232 3574 2286 κεχω-

1999 2304 2250 2376 ρισμένος
2293 2305 2384 2359 τοῦ
2428 2308 2641 2378 Πατρὸς
2681 2307 2823 2377 (10),
2848 2307 2968 2360 οὐδὲ
3008 2307 3257 2379 ἀνόμοιος
3295 2308 3390 2361 καὶ
3420 2307 3575 2373 ξένος

1995 2395 2096 2463 τῆς
2124 2395 2308 2458 οὐσίας
2334 2394 2426 2448 τοῦ
2451 2397 2664 2468 Πατρδς
2681 2397 2982 2466 τυγχάνων,
3008 2395 3044 2450 ἃ
3069 2395 3376 2468 ἐργάζεται,
3399 2393 3576 2448 ταῦτα

1995 2485 2088 2538 τοῦ
2120 2486 2333 2558 Πατρός
2361 2489 2505 2541 ἐστιν
2540 2487 2696 2558 ἔργα,
2725 2489 2818 2541 καὶ
2863 2488 2991 2556 μίαν
3020 2490 3162 2541 ποιεῖ
3190 2486 3286 2558 τὴν
3307 2486 3577 2557 δημιουρ-

1996 2575 2121 2644 γίαν
2158 2577 2293 2646 (11)·
2337 2577 2432 2630 καὶ
2474 2575 2511 2630 ἃ
2537 2578 2750 2633 δίδωσιν
2782 2581 2810 2632 6
2836 2579 2982 2644 Υἱὸς,
3031 2578 3202 2632 ταῦτα
3233 2577 3326 2632 τοῦ
3358 2576 3574 2649 Πατρός

1998 2666 2146 2718 ἐστιν
2185 2668 2219 2738 ἡ
2251 2666 2552 2731 δόσις-Καὶ
2594 2670 2623 2723 6
2665 2667 2924 2741 ἑωρακὼς
2961 2669 3053 2722 τὸν
3094 2669 3255 2732 Υίὸν,
3278 2664 3437 2731 οἶδεν,
3463 2669 3570 2734 ὅτι,

1997 2756 2181 2811 τοῦτον
2209 2758 2487 2830 ἑωρακὼς,
2521 2762 2620 2813 οὐκ
2643 2761 2893 2830 ἄγγελον,
2929 2762 3047 2815 οὐδὲ
3074 2760 3296 2833 μείζονά
3316 2776 3437 2813 τινα
3460 2759 3573 2812 τῶν

1997 2848 2264 2915 ἀγγέλων,
2297 2850 2414 2903 οὐδὲ
2458 2850 2594 2915 ὅλως
2633 2852 2753 2906 τινὰ
2793 2853 2901 2906 τῶν
2931 2853 3042 2924 (12)
3077 2853 3389 2923 κτισμάτων
3410 2891 3424 2914 ,
3455 2849 3574 2904 ἀλλ’

1996 2939 2156 2992 αὐτὸν
2201 2939 2410 3013 ἑώρακε
2441 2942 2532 2995 τὸν
2567 2944 2803 3015 Πατέραο
2834 2946 2928 2998 καὶ
2961 2947 2989 2998 6
3021 2945 3114 2998 τοῦ
3137 2945 3310 3011 Λόγου
3334 2943 3572 3008 ἀκούων,

1996 3027 2153 3096 οἶδεν,
2185 3032 2266 3086 ὅτι
2299 3033 2392 3087 τοῦ
2425 3035 2638 3106 Πατρὸς
2661 3036 2868 3089 ἀκούει·
2897 3036 3085 3108 ὥσπερ
3110 3038 3204 3092 καὶ
3237 3039 3265 3089 6
3294 3037 3372 3109 τῷ
3400 3039 3577 3090 ἀπαυ-

1997 3123 2236 3194 γάσματι
2265 3125 2756 3198 ,καταυγαζόμενος
2798 3127 2911 3200 (15)
2959 3124 3136 3196 οἶδεν,
3179 3132 3263 3185 ὅτι
3316 3132 3412 3185 καὶ
3467 3130 3576 3184 ὑπὸ

1921 3195 1963 3253 C
1997 3215 2150 3286 ἡλίου
2183 3215 2495 3286 φωτίζεται.

2068 3307 2156 3362 15.
2179 3307 2333 3362 Οὕτω
2358 3309 2466 3382 γὰρ
2489 3311 2634 3380 ἡμᾶς
2663 3310 2957 3384 βουλομένη
2988 3317 3182 3386 νοεῖνή
3211 3313 3329 3368 θεία
3351 3315 3570 3387 Γραφὴ.

1994 3401 2219 3456 τοιαῦτα
2273 3402 2344 3457 τὰ
2379 3404 2796 3476 παραδείγματα
2838 3406 3090 3474 δέδωκεν,
3127 3409 3204 3472 ὡς
3250 3411 3342 3463 καὶ
3371 3411 3427 3463 ἐν
3460 3411 3577 3474 τοῖς

1997 3491 2281 3562 προτέροις
2309 3492 2418 3563 (ll)
2445 3497 2765 3566 εἰρήκαμεν.
2797 3497 2856 3563 ἐξ
2893 3492 2967 3552 ὧν
3013 3498 3108 3552 καὶ
3141 3499 3267 3564 τοὺς
3307 3500 3576 3572 προδότας

2007 3581 2292 3646 Ἰουδαίους
2344 3582 2611 3639 δυσωπεῖν
2665 3586 2959 3658 δυνάμεθα,
3013 3591 3107 3644 καὶ
3166 3590 3264 3662 τὴν
3305 3591 3572 3663 Ἑλλήνων

2003 3671 2237 3727 διαλύειν
2266 3676 2616 3747 κατηγορίαν,
2667 3679 2981 3746 φασκόντων
3005 3683 3100 3735 καὶ
3128 3681 3453 3754 νομιζόντων
3483 3682 3576 3736 διὰ

2001 3763 2099 3834 τὴν
2127 3764 2330 3835 Τριάδα
2383 3765 2558 3834 λέγειν
2593 3767 2688 3820 καί⁵
2739 3769 2886 3838 ἡμᾶς
2931 3769 3158 3835 πολλοὺς
3213 3769 3386 3834 θεούς.
3435 3769 3579 3825 Οὐδὲ

2001 3857 2130 3927 γὰρ,
2158 3857 2346 3929 ὥσπερ
2373 3859 2465 3912 καὶ
2491 3858 2551 3912 τὸ
2575 3859 2922 3931 παράδειγμα
2946 3861 3203 3924 δείκνυσι,
3229 3864 3372 3932 τρεῖς
3397 3861 3580 3933 ἀρχὰς

2000 3948 2033 4018 ἦ
2063 3951 2209 4018 τρεῖς
2232 3948 2472 4020 πατέρας
2502 3949 2813 4019 εἰσάγομεν,
2832 3951 2907 4015 ὡς
2931 3952 2980 4004 οἱ
3009 3951 3138 4022 περὶ
3161 3951 3462 4023 Μαρκίωνα
3478 3951 3580 4005 καὶ

1998 4041 2315 4111 Μανιχαῖον·
2349 4043 2471 4096 ἐπεὶ
2502 4043 2634 4115 μηδὲ
2669 4043 2835 4117 τριῶν
2888 4044 2997 4115 (15)
3049 4043 3213 4115 ἡλίων
3263 4044 3580 4116 ὑπεθέμεθα

1997 4128 2093 4200 τὴν
2130 4131 2333 4197 εἰκόνα,
2366 4132 2505 4187 ἀλλὰ
2531 4133 2682 4204 ἥλιον
2727 4134 2823 4188 καὶ
2883 4133 3243 4205 ἀπαύγασμα,
3299 4134 3396 4188 καὶ
3425 4133 3483 4189 ἓν
3519 4136 3584 4189 τὸ

2073 4417 2331 4504 (10)Τοῦ
2357 4422 2568 4504 Πατρός
2603 4421 2757 4504 abest
2779 4437 2810 4476 ιι
2846 4419 3067 4504 Gobler.
3109 4429 3169 4500 et
3202 4419 3348 4504 Fﬁlc.
3383 4419 3438 4504 ,
3477 4421 3580 4504 αιιί

2007 4505 2127 4562 mox
2168 4491 2337 4562 iidem
2389 4490 2647 4562 omittunt
2697 4493 2797 4562 τῆς
2846 4491 3034 4554 οὐσίας
3077 4490 3172 4543 τοῦ
3229 4490 3464 4562 Πατρός.
3504 4490 3583 4562 ίιιι

2005 4557 2206 4623 Reg._1,
2227 4571 2405 4615 autem
2433 4571 2486 4616 et
2517 4557 2928 4628 Seguerﬁdeest
2953 4569 3186 4622 tantum,
3213 4559 3306 4613 τοῦ
3331 4557 3575 4629 Πατρός.

2074 4630 2188 4702 (11)
2223 4631 2437 4685 Gobler.
2480 4641 2532 4702 et
2561 4631 2704 4686 Felc.
2755 4631 2819 4692 1,
2856 4633 2950 4684 καὶ
2983 4633 3082 4702 μιᾷ
3117 4634 3182 4702 τῇ
3221 4630 3576 4702 δημιουργίᾳ,

2002 4697 2135 4770 ibid.
2169 4697 2304 4768 Reg.
2334 4704 2393 4763 1,
2426 4711 2479 4754 et
2509 4700 2730 4770 Seguer.
2753 4741 2767 4763 ,
2806 4702 2900 4755 uati.
2926 4702 2961 4755 ἃ
2984 4697 3204 4753 ’δίδωσιν
3227 4704 3255 4755 6
3275 4697 3451 4765 Υἱὸς,
3470 4697 3580 4754 τοῦ

2003 4769 2216 4842 Πατρός
2253 4773 2401 4825 ἐστιν
2440 4775 2473 4842 ἠ
2510 4769 2674 4834 δόσις.
2713 4773 2916 4842 Ibidem
2947 4772 3113 4842 editio
3142 4772 3433 4834 Commel.,
3476 4771 3580 4826 καὶ

2003 4840 2281 4912 ἑωρακώς.
2313 4842 2440 4896 Mss.
2464 4840 2614 4902 vero,
2644 4843 2738 4894 καὶ
2760 4841 2789 4893 6
2815 4841 3094 4912 ἑωρακὼς.

2075 4911 2184 4981 (1‘2)
2230 4913 2428 4981 Regius
2463 4914 2669 4978 primus
2713 4921 2767 4965 et
2808 4909 3028 4980 Seguer.
3051 4951 3066 4976 ,
3105 4909 3241 4974 ὅλως
3278 4909 3405 4964 τινὰ
3442 4910 3579 4966 τῶν.

2001 4979 2104 5034 Alii
2137 4979 2190 5034 et
2215 4979 2340 5035 editi
2371 4983 2496 5036 τινά
2524 4983 2799 5036 omittunt.

2072 5051 2183 5120 (15)
2226 5052 2315 5105 Sic
2351 5051 2482 5118 Reg.
2521 5052 2571 5112 1,
2604 5051 2820 5106 Goliler.
2853 5061 2907 5106 et
2937 5050 3083 5105 Felc.
3113 5051 3164 5104 1.
3201 5050 3271 5102 At
3301 5049 3500 5120 caeteri
3521 5059 3584 5103 et

2000 5121 2149 5192 editi,
2167 5117 2241 5185 ὡς
2264 5122 2358 5192 καί⁵
2382 5121 2459 5192 τῷ
2484 5122 2873 5192 ἁπαυγάσματι
2889 5124 2916 5174 6
2937 5120 3434 5190 καταυγαζόμενος.
3461 5117 3582 5174 Go-

2001 5177 2146 5246 bier.’
2167 5177 2386 5246 et'Felc.
2419 5177 2470 5253 l.
2501 5177 2720 5252 ibideiu,
2747 5177 2912 5256 ὀῖδεν,
2946 5193 3029 5245 ὅτι
3057 5177 3181 5244 suis.

2074 5261 2184 5333 (11)
2228 5261 2332 5333 Sic"
2363 5263 2561 5332 Regius
2599 5265 2820 5333 primus
2865 5271 2932 5333 et
2967 5263 3355 5333 Segnerianus.
3383 5257 3486 5333 Alii
3520 5269 3583 5333 et

2001 5331 2150 5414 editi,
2167 5329 2857 5414 'totaﬁtanitapﬁeiypasa
2889 5331 3123 5414 €6toxsv_'
3151 5331 3226 5395 ὼς
3248 5329 3342 5383 καὶ
3379 5330 3439 5414 ἐν
3460 5329 3584 5414 τοῖς

2001 5401 2107 5471 πρὸ
2140 5403 2360 5457 τούτων.
2399 5398 2601 5473 Regius
2634 5398 2906 5458 secundus
2947 5403 3224 5468 mendose,
3266 5398 3420 5471 παρὰ
3450 5398 3584 5454 τοῦ-

2000 5489 2129 5526 των.

2073 5543 2184 5610 (15)
2221 5540 2506 5613 Anglican.
2556 5551 2608 5596 et
2651 5540 2890 5613 Felcltm.
2913 5539 2981 5613 75,
3014 5539 3200 5613 ἐπειδὴ
3229 5539 3350 5613 οὐδὲ
3379 5537 3580 5613 τριῶν.

2001 5609 2173 5667 Paulo
2201 5609 2333 5683 post
2352 5612 2667 5669 Goblerian.
2699 5621 2755 5668 et
2781 5611 3020 5668 Felclun.
3052 5612 3104 5680 1,
3127 5609 3360 5682 ἐξήλίου
3391 5611 3583 5665 ἀπαυ-

2002 5683 2242 5754 γάσματι
2269 5683 2404 5752 φῶς.
