3840 6220
255 232 367 289 553

1364 229 1623 286 ORATIO
1661 229 1726 284 Ill
1768 229 2050 286 CONTRA
2089 230 2413 288 ARIANOS.

3404 231 3474 288 55
3485 233 3512 286 ι

253 347 318 416 ἐξ
345 345 502 418 ἡλίου
531 346 591 400 ὲν
623 345 705 417 τῷ
736 329 1131 420 ἀπαυγάσματι
1164 345 1300 418 φῶςο
1330 347 1472 402 οὕτω
1506 348 1635 420 μίαν
1667 347 1840 420 ἀρχὴν

1956 349 2307 419 splendorem,
2345 366 2621 422 unamque
2653 352 2828 408 lucem
2854 365 2921 406 ex
2965 352 3080 407 sole
3126 351 3181 406 in
3228 351 3516 420 splendore

251 436 500 508 οἴδαμεν⁹
524 435 618 490 τόν
650 455 708 491 τε
736 437 1064 510 δημιουργὸν
1091 439 1264 507 Λόγον
1293 437 1402 510 (16)
1441 439 1722 510 φάσκομεν
1740 440 1838 511 οὐχ

255 528 446 598 ἕτερόν
473 545 598 582 τινα
626 529 828 601 τρόπον
850 529 996 600 ἔχειν
1029 529 1282 601 θεότητος
1332 531 1364 602 ἢ
1419 530 1517 601 τὴν
1552 531 1646 585 τοῦ
1679 531 1837 603 μόνου

254 620 415 682 Θεοῦ,
448 621 538 675 διὰ
569 621 630 674 τὸ
669 621 727 688 ἐξ
755 621 940 674 ἀὐτοῦ
976 622 1292 692 πεφυκέναι.
1335 623 1551 678 Μᾶλλον
1592 625 1690 694 μὲν
1747 620 1840 678 οῦν

253 711 306 764 οῖ
343 713 748 783 ’Δρειομανῖται
777 713 1001 777 δικαίως
1027 713 1091 768 ἂν
1122 719 1299 784 σχοῖεν
1339 716 1450 786 (17)
1503 717 1564 770 τὸ
1591 717 1840 788 ἔγκλημα

255 809 356 878 τῆς
379 805 774 876 πολυθεότητος
807 804 839 876 ἢ
900 806 994 859 καὶ
1046 805 1354 879 ἀθεότητος,
1395 809 1476 862 ὅτι
1520 807 1716 873 ἔξωθεν
1746 810 1839 865 τὸν

258 900 388 954 Υἰὸν
410 899 637 969 κτίσμα,
665 897 757 951 καὶ
789 897 952 950 πάλιν
977 897 1040 950 τὸ
1066 899 1286 969 Πνεῦμα
1321 902 1387 954 ἐκ
1438 899 1532 953 τοῦ
1588 901 1662 972 μὴ
1689 899 1839 964 ὄντος

259 990 696 1063 βαττολογοῦσιν.
729 990 799 1043 Ἦ
822 989 930 1062 γάρ
956 989 1068 1061 (18)
1104 991 1204 1044 οὐκ
1231 987 1372 1046 εἶναι
1392 993 1523 1046 Θεὸν
1547 992 1639 1046 τὸν
1667 994 1838 1062 Λόγον

257 1085 543 1155 φήσουσιν·
581 1083 614 1154 ἢ
649 1081 898 1151 λέγοντες
919 1081 1049 1134 Θεὸν
1083 1083 1181 1153 μὲν
1214 1083 1300 1136 διὰ
1346 1084 1408 1136 τὸ
1431 1083 1836 1156 γεγραμμένον,

261 1176 338 1247 μὴ
369 1176 501 1229 1’ἴδιον
529 1175 585 1228 δὲ
613 1175 709 1244 τῆς
732 1173 919 1237 οὐσίας
954 1174 1047 1227 τοῦ
1086 1175 1318 1248 Πατρὸς,
1349 1175 1572 1239 πολλοὺς
1600 1175 1664 1229 ἂν
1689 1175 1838 1230 εἰσά-

256 1281 407 1334 γοιεν
437 1265 526 1319 διὰ
551 1265 612 1318 τὸ
641 1264 938 1337 ἑτεροειδὲς
981 1266 1179 1320 auri-3v-
1209 1269 1258 1320 εἰ
1315 1267 1389 1338 μὴ
1421 1269 1530 1339 ἄρα
1563 1268 1702 1322 κατὰ
1738 1286 1836 1340 με-

258 1359 448 1430 τοχὴν,
477 1357 666 1427 ὥσπερ
693 1357 788 1410 καὶ
811 1356 879 1410 τὰ
929 1358 1125 1422 πάντα,
1172 1359 1303 1412 Θεὸν
1339 1360 1592 1428 λέγεσθαι
1621 1360 1713 1413 καὶ
1742 1361 1839 1413 αὑ-

254 1448 352 1502 τὸν
381 1449 560 1517 λέγειν
591 1449 951 1520 τολμήσουσιν
987 1447 1122 1520 (19).
1168 1450 1329 1504 Ἀλλά
1381 1451 1474 1503 καὶ
1501 1451 1660 1504 τοῦτο
1689 1451 1838 1522 νομί-

259 1537 446 1604 ζοντες
475 1540 675 1610 ὁμοίως
706 1539 1012 1601 ἀσεϐοῦσιν,
1061 1539 1157 1593 ἕνα
1187 1541 1295 1594 τῶν
1349 1543 1566 1596 πάντων
1592 1542 1838 1611 λέγοντες

257 1627 400 1685 εἶναι
453 1632 542 1684 τὸν
608 1631 798 1699 Λόγον.
863 1631 1049 1702 Ἤμῶν
1100 1632 1156 1686 δὲ
1195 1632 1354 1688 τοῦτο
1415 1635 1550 1706 μηδὲ
1611 1637 1692 1699 είς
1745 1635 1837 1688 τὸν

1939 441 2313 496 exsistentem.
2345 442 2420 497 Ita
2448 459 2616 498 unum
2644 443 2992 514 agnoscimus
3015 444 3338 514 principium
3368 464 3382 501 :
3415 458 3514 498 nec

1939 533 2121 604 opiiici
2152 533 2332 590 Verbo
2361 536 2636 591 diversum
2671 536 2907 604 aliquem
2941 537 3240 592 divinitatis
3269 539 3512 595 modum.

1941 625 2035 680 sed
2088 625 2260 694 ipsam
2306 627 2478 680 solius
2525 625 2619 680 Dei
2660 627 2995 682 divinitatem
3041 629 3414 692 attribuimus,
3448 644 3518 684 eo

1939 717 2082 786 quod
2109 731 2173 770 ex
2199 717 2315 785 ipso
2346 726 2531 770 natum
2562 718 2651 772 sit.
2691 717 2890 772 Verum
2922 719 3093 772 multo
3126 719 3336 787 aequius
3363 718 3518 773 Aria-

1939 809 1993 862 ni
2026 809 2274 863 aceusari
2318 819 2543 879 possent
2593 811 2797 866 multos
2830 811 2912 864 vel
2947 812 3107 866 etiam
3161 813 3340 868 nullos
3383 814 3519 867 deos

1939 901 2250 968 admittere,
2303 901 2504 971 quippe
2536 903 2630 971 qui
2667 903 2846 972 inepte
2873 905 3202 958 contendant
3234 914 3287 958 et
3317 903 3517 958 Filium

1938 1001 2222 1047 externum
2262 1002 2614 1063 creatumque
2643 1009 2784 1059 csse,
2817 1005 2870 1048 et
2910 995 3170 1064 Spiritum
3205 1005 3454 1050 sanctum
3486 1009 3519 1050 θ

1939 1084 2112 1138 nihilo
2149 1100 2288 1139 esse.
2329 1085 2426 1140 Vel
2468 1085 2610 1139 enim
2651 1083 2886 1139 Verbum
2931 1101 3038 1142 non
3069 1102 3190 1142 esse
3232 1086 3400 1141 Deum
3432 1083 3518 1140 fac

1941 1187 2157 1236 teantur
2191 1197 2413 1236 necesse
2440 1189 2522 1235 est
2545 1199 2556 1234 :
2583 1180 2665 1234 vel
2693 1179 2737 1232 si
2771 1179 2939 1235 Deum
2969 1197 3108 1247 esse,
3138 1183 3263 1252 quia
3299 1185 3346 1237 id
3382 1181 3519 1236 scri-

1938 1281 2088 1340 ptum
2133 1280 2236 1336 est,
2277 1272 2506 1327 inliciari
2561 1290 2669 1328 non
2704 1275 2963 1340 audeant,
3013 1273 3303 1342 ipsumque
3348 1273 3517 1328 velint

1939 1371 2150 1417 natura:
2209 1361 2387 1438 Patris
2433 1381 2553 1420 esse
2602 1368 2886 1421 alienum:
2931 1370 3150 1435 planum
3192 1374 3277 1419 est
3316 1366 3518 1421 multos

1937 1451 2069 1507 deos
2091 1462 2317 1523 propter
2343 1455 2612 1510 diversam
2651 1457 2866 1510 illorum
2907 1467 3155 1510 naturam
3189 1457 3257 1509 ab
3291 1457 3398 1512 illis
3429 1457 3517 1511 in-

1938 1541 2085 1608 duci,
2113 1544 2218 1598 nisi
2246 1543 2380 1599 forte
2401 1544 2568 1600 Deum
2600 1547 2751 1601 illiilli
2777 1547 2997 1602 nonnisi
3023 1547 3520 1602 communicatione

1946 1651 2089 1704 esse,
2142 1639 2220 1692 uti
2271 1655 2361 1694 res
2392 1640 2528 1696 alias
2573 1656 2784 1706 omnes,
2835 1642 3016 1696 dicere
3045 1657 3151 1696 non
3202 1654 3515 1696 vereantur.

259 1723 386 1778 νοῦν
419 1724 532 1794 (20)
581 1743 711 1780 ποτε
763 1701 1024 1782 είσέλθοιῑ
1068 1728 1163 1781 Ἕν
1211 1728 1319 1800 γὰρ
1371 1701 1510 1793 εἶδος
1569 1713 1842 1800 θεότητος,

1956 1727 2150 1784 Verum
2203 1731 2247 1785 si
2299 1732 2415 1786 haec
2462 1732 2674 1787 illorum
2725 1741 2810 1788 est
2852 1732 3148 1795 sententia,
3188 1747 3294 1785 non
3336 1733 3518 1786 minus

266 1817 407 1888 ὅπερ
427 1817 546 1868 ἐστ)⁸
573 1817 665 1870 καὶ
685 1818 742 1870 ὲν
769 1817 845 1887 τῷ
865 1817 1040 1888 Λόγῳο
1075 1820 1170 1872 καὶ
1190 1815 1270 1883 εἷς
1307 1819 1438 1882 Θεὸς
1460 1821 1489 1874 ό
1522 1819 1730 1891 Πατὴρ,
1755 1821 1839 1890 ἐφ’

262 1907 444 1978 ἑαυτῷ
471 1907 546 1960 ὣν
575 1907 687 1979 (21)
717 1908 858 1962 κατά
890 1909 952 1962 τὸ
976 1910 1072 1962 ἐπὶ
1099 1910 1339 1964 -πάντων
1369 1906 1528 1964 εἶναι’
1563 1913 1656 1965 καὶ
1680 1915 1737 1966 ὲν
1765 1910 1842 1983 τῷ

260 1994 380 2067 Υἱῷ
411 1996 468 2048 δὲ
502 1997 824 2068 φαινόμενος
850 1997 989 2052 κατὰ
1021 1999 1082 2052 τὸ
1109 1999 1198 2055 διά
1248 2001 1464 2055 πάντων
1494 2001 1720 2073 διήκειν,
1749 2004 1842 2056 καὶ

259 2091 321 2142 ὲν
343 2088 423 2160 τῷ
454 2089 732 2160 Πνεύματι
783 2090 840 2142 δὲ
899 2093 1039 2147 κατά
1069 2093 1130 2145 τὸ
1160 2094 1218 2146 ὲν
1249 2093 1418 2147 ἅπασι
1473 2093 1585 2164 (22)
1621 2094 1706 2147 διὰ
1746 2093 1839 2148 τοῦ

262 2182 440 2250 Λόγου
477 2182 535 2235 ὲν
566 2180 714 2252 αὐτῷ
746 2181 1008 2254 ἐνεργεῖν.
1040 2183 1197 2238 Οὕτω
1225 2183 1334 2255 γάρ
1383 2185 1476 2237 καὶ
1507 2185 1601 2238 ἕνα
1630 2185 1717 2238 διὰ
1741 2185 1840 2254 τῆς

262 2273 494 2346 Τριάδος
514 2272 879 2344 ὁμολογοῦμεν
903 2271 1039 2328 εἶναι
1070 2277 1160 2328 τὸν
1188 2275 1338 2340 Θεὸν,
1367 2276 1458 2328 καὶ
1482 2277 1615 2330 πολὺ
1645 2277 1840 2347 μᾶλλον

262 2365 649 2436 εὐσεϐέστερον
687 2365 915 2436 λέγομεν
947 2367 1059 2436 (25)
1083 2366 1184 2436 τῆς
1219 2366 1532 2431 ςςολυειδοῦς
1564 2368 1657 2421 καὶ
1683 2369 1845 2423 πολυ-

268 2459 471 2530 μεροῦς
519 2459 628 2512 τῶν
681 2459 974 2530 αἱρετικῶν
1005 2458 1279 2531 θεότητος,
1335 2461 1415 2512 ὅτι
1468 2460 1566 2532 τὴν
1629 2461 1758 2532 μίαν
1786 2462 1843 2514 ἐν

260 2551 444 2621 τριάδι
474 2551 702 2623 θεότητα
730 2551 1052 2624 φρονοῦμεν.

1947 1820 2098 1889 impii
2122 1829 2248 1875 sunt
2285 1822 2537 1890 habendi,
2574 1823 2668 1894 qui
2713 1839 2906 1891 nempe
2949 1822 3184 1878 Verbum
3240 1823 3381 1876 inter
3429 1837 3519 1878 res

1946 1921 2168 1966 caeteras
2188 1911 2454 1966 collucent
2481 1930 2494 1978 ;
2523 1913 2666 1982 quod
2695 1913 2839 1968 absit
2883 1922 2940 1967 ut
2979 1913 3137 1967 nobis
3170 1926 3409 1977 unquam
3459 1910 3514 1965 in

1945 2014 2183 2057 mentem
2214 2005 2416 2059 veniat.
2453 2004 2730 2074 Siquidem
2762 2003 2869 2060 una
2897 2015 2979 2060 est
3009 2005 3309 2058 divinitatis
3344 2003 3517 2058 forma

1944 2109 2066 2161 quae
2089 2094 2276 2148 eadem
2300 2102 2384 2149 est
2407 2111 2624 2165 quoque
2651 2096 2703 2150 in
2727 2094 2926 2150 Verbo.
2958 2093 3129 2161 Unus,
3157 2095 3401 2164 inquam,
3430 2100 3518 2147 est

1947 2176 2088 2240 Dens
2109 2184 2286 2251 Pater,
2317 2187 2562 2257 inseipso
2587 2188 2876 2252 exsistens,
2894 2204 3017 2241 cum
3043 2189 3094 2241 in
3125 2187 3378 2242 omnibus
3401 2193 3513 2240 est:

1946 2278 2000 2332 in
2035 2277 2174 2332 Filio
2207 2288 2385 2332 autem
2432 2294 2718 2349 apparens,
2750 2296 2871 2334 cuni
2904 2295 2998 2349 per
3037 2295 3124 2334 res
3159 2294 3349 2332 omnes
3391 2293 3518 2348 pcr-

1947 2370 2133 2425 vadit:
2195 2371 2432 2441 itemque
2486 2373 2538 2426 in
2578 2370 2807 2440 Spiritu,
2858 2388 2980 2427 cum
3030 2371 3084 2425 in
3133 2372 3389 2426 omnibus
3423 2387 3518 2439 per

1949 2461 2186 2518 Verbum
2218 2464 2270 2518 in
2312 2465 2431 2534 ipso
2482 2464 2683 2533 Spiritu
2711 2467 2840 2534 agit.
2886 2464 2977 2520 Sic
3025 2466 3169 2520 enim
3221 2481 3388 2519 unum
3424 2479 3519 2532 per

1951 2552 2270 2609 Trinitatem
2314 2555 2486 2611 Deum
2535 2572 2658 2612 esse
2703 2557 3062 2613 conﬁtemur:
3119 2573 3242 2628 qum
3294 2558 3516 2628 quidem

264 2651 460 2696 nostra
489 2641 755 2696 sententia
787 2642 943 2712 longe
975 2641 1170 2696 melius
1199 2656 1323 2696 eum
1347 2641 1549 2711 pietate
1571 2644 1846 2713 congruit,
1887 2659 2049 2715 quam
2090 2647 2443 2703 multiformis
2482 2648 2876 2718 multiplexque
2936 2650 3317 2704 hereticorum
3378 2650 3520 2706 divi-

264 2734 435 2797 nitas,
477 2748 602 2788 cum
650 2749 814 2790 unam
861 2733 921 2790 in
946 2733 1211 2790 Trinitate
1248 2736 1584 2791 divinitatem
1637 2753 2061 2808 propugncmus.

339 2829 427 2885 16.
455 2831 520 2884 El
543 2831 651 2903 γάρ
685 2833 758 2903 μὴ
783 2831 956 2896 οὓτως
985 2832 1119 2904 ἔχει,
1172 2833 1286 2888 ἀλλ’
1314 2832 1373 2898 ἐξ
1397 2836 1496 2888 οὐκ
1531 2834 1698 2888 ὄντων
1726 2837 1844 2889 ἐστὶ
1872 2837 1914 2900 C

265 2921 472 2994 κτίσμα
502 2925 594 2977 καὶ
626 2923 833 2996 ποίημα
859 2927 886 2978 ό
910 2925 1101 2994 Λόγος’
1156 2925 1188 2997 ἧ
1224 2927 1322 2980 οὐκ
1367 2926 1481 2980 ἐστι
1507 2927 1636 2990 Θεὸς
1667 2927 1846 2996 ἀληθι-

266 3014 379 3078 νὸς,
402 3015 491 3069 διὰ
511 3016 571 3068 τὸ
597 3011 738 3070 εἶναι
771 3018 933 3071 αὑτὸν
954 3017 1048 3071 ’ένα
1084 3018 1192 3071 τῶν
1219 3019 1551 3089 κτισμάτωνο
1583 3021 1615 3091 ἢ
1644 3022 1691 3072 εί
1714 3019 1844 3074 Θεὸν

264 3106 430 3159 αὐτὸν
464 3107 817 3178 ὀνομάζουσιν
843 3109 1227 3181 ἐντρεπόμενοι
1258 3122 1410 3181 παρα
1458 3109 1566 3163 τῶν
1589 3109 1842 3183 Γραφῶν,

266 3197 481 3267 ἀνάγκη
508 3197 684 3265 λέγειν
712 3198 907 3262 αὐτοὺς
945 3199 1038 3252 δύο
1096 3198 1268 3264 θεοὺς,
1321 3201 1418 3253 ἕνα
1469 3201 1564 3270 μὲν
1598 3200 1842 3271 κτίστην,

263 3287 360 3340 τὸν
380 3277 436 3340 δὲ
457 3287 642 3357 ἕτερον
683 3290 920 3342 κτιστόν’
949 3291 1043 3345 καὶ
1067 3290 1158 3344 δύο
1197 3291 1401 3363 κυρίοις
1426 3291 1728 3362 λατρεύειν,
1767 3294 1847 3346 ἐνί

271 3377 374 3448 μὲν
388 3380 635 3451 ἀγενήτῳ
661 3380 793 3452 (24),
824 3380 902 3453 τῷ
929 3382 986 3435 δὲ
1016 3383 1184 3453 ἑτέρῳ
1212 3383 1421 3452 γενητῷ
1442 3384 1536 3436 καὶ
1569 3385 1843 3455 κτίσματι·

268 3467 366 3522 δύο
392 3487 451 3522 τε
481 3473 688 3535 πίστεις
711 3471 876 3542 ἔχειν,
905 3473 1032 3544 μίαν
1063 3474 1160 3544 μὲν
1193 3475 1273 3538 εἰς
1295 3475 1385 3527 τὸν
1410 3474 1658 3545 ἀληθινὸν
1692 3475 1844 3542 Θεὸν,

269 3561 467 3632 ἑτέραν
487 3561 543 3614 δὲ
567 3563 647 3625 εἰς
677 3562 770 3615 τὸν
795 3558 1086 3633 ποιηθέντα
1109 3567 1203 3617 καὶ
1249 3562 1553 3616 πλασθέντα
1581 3565 1708 3635 παρ’
1748 3566 1846 3618 αὺ-

267 3651 381 3706 τῶν
405 3650 516 3723 (25)
571 3653 666 3706 καὶ
723 3652 984 3725 λεχθέντα
1035 3656 1186 3710 Θεόν.
1235 3657 1472 3728 Ἀνάγκη
1525 3657 1582 3710 δὲ
1631 3659 1846 3722 αὐτοὺς,

269 3745 416 3800 οὕτω
438 3746 832 3817 τυφλωθέντας,
860 3749 948 3802 ὅτε
986 3750 1082 3820 μὲν
1121 3749 1486 3822 προσκυνοῦσι
1540 3748 1617 3821 τῷ
1652 3751 1850 3822 ἀγενή-

269 3855 352 3908 τῳ
386 3837 1008 3908 (26),’κατανωτίζεσθαι
1027 3841 1118 3894 τὸν
1152 3841 1396 3912 γενητὸν,
1415 3842 1502 3894 ὅτε
1533 3841 1590 3895 δὲ
1620 3843 1852 3913 προσέρ-

271 3946 461 3999 χονται
491 3929 570 4002 τῷ
593 3932 874 4002 κτίσματι,
901 3932 1335 4004 ἀποστρέφεσθαι
1375 3934 1464 3986 τὸν
1497 3933 1739 4005 κτίστην.
1775 3935 1849 3986 Οὐ

273 4020 386 4093 γὰρ
421 4019 568 4075 ἐστιν
600 4022 726 4077 ίδεῖν
743 4023 932 4078 τοῦτον
964 4026 1022 4078 ὲν
1049 4025 1263 4096 ἐκείνῳ,
1298 4024 1386 4078 διὰ
1435 4025 1496 4078 τὸ
1546 4025 1703 4091 ξένας
1755 4028 1850 4080 καὶ

270 4113 565 4184 διαφόρους
611 4115 789 4169 αὐτῶν
844 4116 955 4185 (27)
982 4113 1122 4171 εἶναι
1178 4118 1278 4181 τάς
1303 4135 1364 4170 τε
1396 4117 1585 4187 φύσεις
1612 4117 1705 4170 καῖ⁹
1745 4119 1843 4181 τὰς

275 4207 576 4278 ἐνεργείας.
605 4207 760 4262 Οὕτω
782 4207 838 4261 δὲ
863 4208 1204 4281 φρονοῦντες,
1236 4209 1450 4274 πάντως
1486 4208 1581 4263 καὶ
1601 4209 1849 4273 πλείονας

350 4423 467 4501 (16)
505 4424 706 4501 Regius
726 4429 766 4501 41
800 4437 854 4483 et
885 4426 1135 4501 segnem,
1183 4429 1517 4501 δημιουργὸν
1561 4429 1754 4498 Λόγον.
1791 4427 1850 4483 in

276 4495 486 4568 aliis_et
505 4495 674 4568 editis
707 4499 856 4554 deest
884 4499 1076 4568 Λόγον.

350 4565 464 4638 (17)
485 4564 707 4638 Regius
733 4569 940 4638 primus
966 4564 1021 4623 et
1046 4568 1413 4632 Seguerianus
1441 4570 1637 4638 σχοῖεν.
1659 4567 1852 4638 Caeteri

276 4643 335 4690 et
365 4635 748 4710 cditiLExOLev.
773 4637 892 4710 Mox
924 4639 1056 4710 Reg.
1095 4639 1120 4692 1
1155 4646 1208 4692 et
1237 4635 1548 4709 Seguer.,"i)
1575 4639 1668 4692 καὶ
1698 4637 1853 4710 ἀθεό-

276 4721 466 4780 τητος.
497 4704 769 4780 Οιέιειρἰει
796 4708 927 4763 editi
976 4704 1030 4780 ff
1058 4704 1336 4774 omittunt,
1369 4716 1424 4764 et
1454 4704 1713 4778 praeterea
1740 4708 1852 4760 An-

279 4776 485 4848 glican.
508 4778 619 4848 -καὶ
646 4777 953 4848 ἀθεότητος.

354 4844 477 4970 (31‘?)
507 4844 948 4970 [agitatam-imus
973 4859 1028 4904 et
1057 4847 1527 4921 Seguerianus,'H
1553 4847 1681 4920 γάρ.
1707 4846 1851 4902 Editi

279 4924 339 4971 et
365 4924 477 4988 ειυς
510 4924 575 4988 με
604 4924 732 4988 γάρ.

330 4983 467 5056 ⁸,19)
508 4983 708 5056 Regius
752 4988 962 5056 primus
1003 4989 1204 5043 omittit
1235 4989 1433 5056 λέγειν.
1471 4985 1592 5040 Μοκ
1634 4987 1772 5039 idem
1801 4995 1855 5041 et

283 5055 514 5127 Seguer.
547 5055 858 5113 Goblerian.
884 5070 936 5113 et
965 5058 1203 5114 Felckm.
1229 5061 1281 5121 1,
1311 5055 1511 5127 ὁμοίως
1531 5056 1849 5127 ἀσεϐοῦσιν.

277 5125 389 5180 Alii
417 5132 471 5177 et
501 5129 648 5191 editi,
681 5127 938 5197 μειζόνως
959 5129 1265 5182 ἀσεϐοῦσιν.
1295 5125 1495 5197 Ibidem
1525 5126 1722 5193 Regius
1745 5128 1850 5193 pri-

281 5209 432 5265 mus.
460 5212 558 5265 pro
586 5195 691 5250 ἕνα
713 5199 822 5250 τῶν
851 5199 1088 5261 πάντων,
1126 5199 1284 5252 habet
1320 5199 1384 5250 ἐκ
1411 5195 1519 5248 τῶν
1546 5197 1780 5250 πάντων.

360 5263 477 5338 (2Ο)
514 5265 605 5322 Sic
637 5268 768 5337 Reg.
802 5268 823 5320 1
855 5279 907 5322 et
929 5269 984 5332 2,
1018 5271 1241 5338 Seguer.
1267 5267 1483 5338 anlcr.
1512 5265 1778 5338 ethelck.
1800 5267 1851 5319 1.

279 5334 374 5409 ᾼι
397 5334 488 5390 alii
539 5348 592 5409 et
622 5334 785 5409 editi,
817 5340 892 5409 μὴ
922 5341 1000 5402 εἰς
1026 5334 1118 5392 τὸν
1145 5338 1287 5391 νοῦν.
1317 5337 1522 5409 ibidem
1558 5336 1687 5406 Reg.
1725 5337 1774 5402 1,
1803 5346 1857 5390 et

283 5408 519 5471 δείξειεν.
552 5408 714 5462 ἔλθοι.
747 5405 936 5462 (Σαξιρτὶ
964 5419 1018 5462 et
1043 5411 1195 5468 editi.
1217 5405 1464 5461 εἰσέλθοι.

359 5472 477 5545 (21)
519 5475 719 5549 Regius
740 5479 949 5549 primus
965 5487 1016 5531 et
1031 5477 1406 5549 chuerianus
1432 5476 1517 5529 ἐφ’
1539 5474 1727 5539 ἑαυτὸν
1752 5473 1850 5529 ὦν.

281 5546 482 5619 Cattgri
515 5557 572 5619 et
597 5546 755 5619 eum;
773 5548 858 5616 ἐφ’
884 5548 1063 5619 ἑαυτῴ
1087 5546 1181 5619 ὢν.

357 5616 476 5687 (ea)
515 5613 978 5690 Regius'primus
1023 5613 1077 5674 et
1125 5617 1488 5686 Seguerianus
1531 5614 1756 5677 addunt,
1791 5613 1849 5666 tv

2024 2837 2108 2891 16.
2139 2837 2384 2907 Namque
2406 2838 2452 2894 si
2480 2854 2587 2893 non
2612 2838 2686 2894 ita
2717 2853 2776 2894 se
2803 2852 2892 2894 res
2933 2838 3118 2904 habet,
3144 2837 3239 2894 sed
3278 2835 3518 2892 Verbum

1946 2943 1976 2984 e
2008 2929 2179 2984 nihilo
2226 2927 2427 2984 factum
2462 2938 2516 2983 et
2560 2939 2804 2985 creatum
2843 2937 2964 2984 est:
3007 2931 3087 2982 vel
3129 2943 3257 2997 ergo
3299 2943 3404 2981 non
3437 2935 3522 2982 cst

1947 3023 2090 3078 Deus
2120 3040 2308 3088 verus,
2366 3041 2490 3080 cum
2543 3026 2614 3080 sit
2651 3039 2759 3079 una
2797 3039 2828 3079 e
2866 3024 3028 3079 rebus
3079 3024 3308 3086 creatis;
3341 3023 3424 3078 vel
3471 3023 3519 3078 si

1948 3116 2245 3187 Scripturis
2267 3117 2528 3187 refragari
2562 3132 2670 3170 non
2707 3117 2992 3180 audentes,
3025 3114 3194 3170 Deum
3243 3117 3392 3168 illum
3431 3131 3520 3185 ap-

1946 3209 2168 3278 pellant,
2211 3211 2377 3279 igitur
2410 3224 2637 3264 necesse
2677 3217 2760 3263 cst
2790 3218 2848 3261 ut
2878 3208 3016 3262 duos
3047 3208 3178 3260 deos
3208 3207 3518 3269 admittant,

1947 3317 2115 3356 unum
2146 3312 2470 3367 creatorem,
2510 3310 2751 3356 creatum
2799 3300 2989 3365 alium,
3041 3314 3105 3352 ac
3150 3299 3362 3352 duobus
3394 3314 3522 3366 pro-

1948 3392 2074 3446 inde
2106 3392 2341 3446 dominis
2388 3393 2648 3458 serviant,
2677 3392 2767 3446 uni
2811 3390 3103 3451 nonfacto,
3152 3389 3240 3442 alii
3276 3391 3416 3443 facto
3465 3399 3522 3444 ct

1947 3492 2153 3548 creato,
2185 3484 2396 3553 hocque
2427 3493 2589 3552 pacto
2630 3485 2766 3537 duas
2807 3483 3040 3536 habeant
3078 3480 3232 3544 tiles,
3269 3496 3430 3534 unam
3461 3481 3522 3535 in

1946 3590 2135 3629 verum
2182 3573 2375 3641 Deum,
2417 3575 2578 3628 aliam
2619 3575 2673 3628 in
2707 3573 2908 3628 factum
2943 3573 3012 3627 ab
3050 3572 3293 3642 ipsisque
3333 3572 3520 3625 licium

1948 3676 2003 3721 et
2035 3667 2237 3722 dictum
2280 3666 2471 3721 Deum.
2512 3665 2746 3722 Necesse
2773 3674 2856 3720 est
2903 3675 3082 3719 autem
3118 3681 3212 3720 eos
3253 3664 3390 3719 adeo
3427 3663 3523 3719 ob-

1950 3768 2179 3814 caccatos
2213 3775 2242 3812 a
2270 3758 2416 3813 facto
2453 3759 2724 3825 recedere,
2768 3773 2890 3814 eum
2921 3757 3235 3812 nonfactum
3269 3759 3518 3823 adorant,

1951 3860 2005 3904 ct
2036 3851 2277 3905 vicissim
2313 3867 2372 3906 se
2394 3867 2422 3905 a
2454 3861 2698 3906 creatore
2723 3859 2986 3914 avertere,
3022 3865 3145 3913 cum
3179 3849 3246 3902 ad
3273 3849 3520 3902 creatum

1951 3945 2236 3999 accedunt.
2263 3943 2373 3999 Nec
2401 3945 2546 3999 enim
2579 3945 2666 3998 hic
2688 3944 2740 3997 in
2777 3943 2872 3998 illo
2895 3943 3067 3997 videri
3095 3950 3291 4012 potest,
3321 3941 3522 4010 quippe

1953 4053 2077 4092 cum
2123 4039 2312 4093 aliena
2339 4047 2394 4092 et
2429 4038 2655 4093 diversae
2689 4038 2800 4092 sint
2837 4036 3120 4091 amborum
3149 4049 3273 4089 cum
3312 4045 3523 4088 natura:

1959 4138 2072 4183 tum
2110 4127 2354 4184 eﬂ'ectus.
2403 4127 2459 4183 Si
2504 4128 2667 4199 igitur
2710 4128 2825 4182 haec
2871 4127 3087 4181 illorum
3118 4133 3201 4180 est
3232 4123 3522 4188 sententia.

1951 4220 2259 4290 complures
2299 4219 2542 4290 profecto
2577 4220 2710 4274 deos
2737 4228 3078 4288 agnoscunt:
3115 4215 3224 4271 huc
3253 4215 3398 4270 enim
3429 4214 3522 4267 de-

1952 4425 2334 4493 amctvmnnd
2359 4425 2413 4479 in
2444 4425 2566 4479 aliis
2591 4434 2645 4478 et
2671 4423 2830 4478 editis
2845 4422 3016 4493 deest.
3038 4417 3314 4493 MoxReg.
3345 4417 3524 4493 1,_-Se-

1989 4515 2103 4553 uer.
2131 4485 2438 4552 Goblerian.
2467 4505 2520 4550 et
2550 4493 2789 4547 Felckm.
2839 4494 2892 4556 1,
2918 4491 3074 4546 Οὕτω
3122 4488 3232 4559 γὰρ
3278 4489 3376 4540 καὶ
3403 4485 3517 4540 ἕνα.

1989 4516 2103 4553 uer.
2131 4516 2438 4552 υΟυΙΕΙΊῖΙΠ.
2467 4516 2520 4550 et
2550 4516 2767 4547 I'CN'ISIII

1952 4516 2097 4623 Editi
2133 4577 2188 4622 et
2218 4566 2328 4627 alii,
2362 4565 2504 4618 οὕτω
2533 4564 2630 4616 καὶ
2653 4564 2767 4617 ἕνα.

2024 4639 2137 4709 (25)
2179 4623 2546 4707 ὃθευθιῐειηιιε
2574 4633 2888 4709 λεγόμενονἶ
2929 4629 3033 4709 _Sic
3094 4631 3221 4709 item
3258 4627 3311 4680 in
3354 4623 3526 4695 Regio

1953 4701 2150 4781 primo,
2181 4701 2462 4781 scriptum
2481 4712 2617 4767 erat,
2650 4701 2742 4781 sed
2774 4701 3093 4781 ov.dele‘tu_m
3125 4706 3229 4781 est:

2026 4763 2147 4845 (21)
2179 4763 2311 4843 119g:
2344 4775 2395 4838 1,
2430 4763 2653 4845 Segner.
2697 4770 2906 4845 Anglic.
2947 4769 3164 4845 Goblcr.
3213 4763 3456 4845 Ρςίςιιηι,ζ
3494 4767 3519 4818 1

1953 4858 2008 4903 et
2031 4834 2085 4901 Β.
2121 4834 2392 4918 ἀγενῆτῳξ
2418 4834 2612 4918 ila-teri
2656 4853 2710 4895 et
2753 4834 2904 4918 editi,
2939 4840 3237 4918 ἀγεννήτῳ,
3262 4834 3382 4918 Μρκ
3418 4835 3525 4918 6,2-

1953 4905 2180 4973 blerian.
2205 4905 2527 4970 et'Felckm.
2556 4913 2609 4976 1,
2652 4909 2862 4981 γενητῷ
2909 4905 3002 4962 καὶ
3044 4905 3267 4976 κτιστῷ.
3302 4905 3437 4974 Reg.
3467 4907 3528 4970 2,

1953 4990 2151 5060 ibidem
2182 4984 2458 5060 γεννητῷ.Δ
2662 5053 2674 5060 Α
2749 5053 2760 5060 _
2838 5049 2863 5060 η

2028 5059 2138 5128 (25)
2181 5053 2512 5128 Basili'eiisis.
2546 5053 2674 5122 παρ’
2704 5053 2884 5128 αὐτοῦ.

2027 5115 2137 5196 (26)
2182 5128 2312 5195 Reg.
2347 5125 2397 5184 1.
2439 5115 2662 5196 Segiier.
2693 5121 2905 5196 Anglic.
2944 5117 3163 5196 (labier.
3197 5125 3251 5170 et
3278 5115 3524 5196 Felcltm.

1995 5185 2182 5254 rimus.
2219 5185 2484 5266 ἀγενήτῳ.
2513 5185 2754 5266 Ῑεὶόὶιίμει
2785 5185 2916 5251 ἰδΙίἰ,
2967 5187 3266 5266 ἀγεννῄτῳ.
3291 5185 3527 5266 .lbidcm

1979 5270 2088 5336 leg.
2118 5269 2166 5328 1,
2203 5257 2506 5336 Se'giier.'et
2537 5264 2746 5331 Anglic.
2774 5257 3233 5336 ica'c_w/wti§sadat
3254 5257 3524 5336 fbvqfevq-

1955 5325 2068 5393 τόνξ
2115 5325 2348 5392 Ρείριιῖἶι.
2404 5336 2458 5397 5,
2495 5325 2955 5393 καταῖίωτίζεσθαι
2987 5329 3047 5381 τὸ
3079 5325 3310 5397 γενητῷ.
3338 5327 3442 5378 Alii
3474 5333 3524 5377 et

1956 5411 2122 5464 editio
2138 5407 2426 5467 Cumiiiel.,
2448 5395 2923 5473 'xatcavrotigecﬁtat
2948 5400 3007 5452 τὸ
3034 5395 3279 5473 γενητόν.
3316 5463 3335 5473 -

2032 5479 2142 5549 (27)
2186 5477 2276 5532 Sic
2308 5463 2509 5549 Regius
2527 5463 2770 5549 _pl:ilw;s
2797 5481 2851 5544 et
2893 5463 3283 5541 Segucrianus.
3316 5463 3376 5520 in
3402 5463 3531 5518 aliis

1957 5558 2011 5604 el.
2039 5543 2197 5604 editis
2232 5543 2614 5604 όεοδιάὐτῶν.
