3840 6220
367 212 471 269 359

937 212 996 269 S.
1037 209 1410 268 ATHANASII
1448 210 1600 268 OPP.
1638 208 1820 266 PARS
1859 209 1900 263 ὶ.
1941 235 2014 250 --
2050 204 2421 263 HISTORICA
2461 204 2549 259 ET
2587 202 3012 261 DOGMATICA.

3514 210 3626 264 360

371 330 451 383 vel
487 328 634 384 illum
678 328 914 383 alienum
961 343 1104 394 esse,
1149 330 1309 385 sicuti
1345 344 1447 385 nos
1477 329 1636 384 alieni
1662 343 1871 384 sumus.
1911 347 1931 378 ι

2057 325 2119 391 τῷ
2148 323 2352 393 Πατρὶ,
2391 325 2488 377 καὶ
2519 326 2551 377 ό
2581 321 2782 390 Πατὴρ
2812 322 2884 375 ἐν
2907 321 3058 392 ἐμοὶ,
3125 321 3256 376 ἴδιον
3293 323 3388 377 καὶ
3438 323 3630 395 ὅμοιον

373 421 449 475 En
478 436 599 491 qua!
625 420 698 475 illi
733 420 998 476 eﬁutiunt.
1027 420 1140 491 Ego
1177 437 1306 476 vero
1352 420 1489 474 nihil
1528 418 1676 474 aliud
1715 418 1769 472 in
1799 426 1947 472 tanta

373 511 588 565 illorum
627 510 978 578 perversitate
1010 509 1304 579 perspicio,
1345 519 1541 578 praeter
1579 505 1950 562 inconsidera-

372 601 638 654 tissimam
702 601 1057 654 temeritatem
1110 600 1549 670 diabolieamque
1593 599 1947 654 dementiam.

373 691 634 746 Videntur
661 692 804 745 enim
842 690 1066 759 perinde
1092 707 1156 746 ac
1178 692 1426 747 diabolus
1453 694 1652 755 dicere,
1671 689 1727 743 In
1751 691 1946 745 C(Blttm

372 783 748 845 ascendemus,
781 781 986 834 similes
1019 781 1296 834 Altissimo
1325 781 1566 835 erimus"
1592 798 1605 833 :
1635 779 1833 849 quippe
1855 777 1949 847 qui

371 889 457 938 ea,
494 889 613 938 quae
649 872 819 942 gratis
844 873 1120 927 donantur
1159 873 1495 937 hominibus,
1529 870 1785 924 donantis
1815 870 1952 923 divi-

373 965 528 1019 nitati
563 965 735 1018 velint
773 979 893 1019 esse
919 965 1169 1033 aequalia.
1200 964 1335 1030 Quia
1364 963 1508 1018 enim
1537 962 1787 1016 homines
1810 961 1952 1016 ﬁlios

373 1055 628 1125 appellari
673 1055 987 1119 audierunt,
1018 1069 1076 1109 se
1113 1055 1274 1108 etiam
1303 1069 1432 1108 vero
1463 1062 1517 1107 et
1564 1052 1799 1106 naturali
1841 1052 1951 1105 lilio

373 1146 608 1214 atqualcs
635 1160 756 1199 esse
777 1144 1024 1198 arbitrati
1055 1153 1215 1199 sunt:
1244 1143 1336 1213 qui
1362 1143 1522 1198 iidem
1550 1142 1634 1198 his
1654 1138 1952 1196 Salvatoris

377 1237 555 1290 verbis
597 1237 819 1298 auditis,
859 1246 915 1290 ut
951 1237 1057 1288 sint
1082 1252 1244 1289 unum
1280 1236 1416 1288 sicut
1445 1244 1494 1288 et
1521 1251 1634 1300 nos,
1661 1249 1720 1289 se
1755 1236 1951 1289 iterum

373 1326 672 1396 decipiunt,
709 1329 899 1396 sicque
947 1343 1006 1382 se
1050 1327 1197 1397 ipsos
1240 1326 1453 1381 futuros
1481 1343 1604 1382 esse
1637 1336 1953 1398 arroganter

374 1420 710 1482 existimant,
736 1429 796 1473 ut
824 1419 995 1476 Filius
1027 1420 1080 1473 in
1109 1419 1269 1474 Patre
1299 1431 1352 1474 et
1381 1419 1539 1474 Pater
1569 1420 1620 1473 in
1653 1418 1790 1474 Filio
1825 1431 1908 1473 est
1935 1437 1948 1472 :

375 1525 476 1564 nec
493 1509 780 1564 attendunt
799 1511 1109 1579 hujusmodi
1144 1510 1527 1580 cogitationem
1550 1524 1772 1565 causam
1792 1523 1952 1564 casus

375 1611 428 1655 et
456 1601 626 1655 ruina:
654 1601 735 1654 sui
765 1603 935 1670 patris
963 1602 1164 1656 diaboli
1193 1601 1386 1656 fuisse.

2049 421 2146 492 τῆς
2185 419 2278 472 τοῦ
2309 419 2518 489 Πατρός
2541 417 2726 480 οὐσίας
2763 416 2923 469 αὑτὸν
2949 416 3220 484 φάσκετες
3251 416 3486 488 Ἀνάγκη
3517 417 3630 488 γὰρ

2048 511 2082 583 ἢ
2115 511 2209 564 καὶ
2239 511 2386 581 ἡμᾶς
2422 511 2583 572 ἰδίους
2632 505 2768 560 εἶναι
2801 509 2900 578 τῆς
2947 507 3134 570 οὐσίας
3172 506 3266 560 τοῦ
3321 509 3553 580 Πατρὸς,
3593 509 3630 580 ἢ

2051 606 2299 658 κάκεῖνον
2333 601 2608 672 ἀλλότριον
2665 597 2825 664 εἶναι,
2878 599 3066 671 ὥσπερ
3100 601 3194 653 καὶ
3247 601 3409 671 ἡμεῖς
3457 601 3631 670 ἐσμεν

2050 690 2334 763 ἀλλότριοι.
2374 709 2391 741 ι
2431 688 2616 742 Ταῦτα
2653 689 2752 759 μὲν
2784 690 2982 742 ἐκεῖνοι
3021 689 3316 759 ληροῦντες
3358 689 3632 760 φλυαροῦ-

2053 800 2154 835 σιν·
2187 782 2296 850 ἐγὼ
2323 783 2377 836 δὲ
2400 781 2548 834 οὐδὲν
2565 782 2748 850 ἕτερον
2772 783 2828 833 ὲν
2856 783 2920 851 τῇ
2943 781 3168 852 τοιαύτῃ
3194 782 3304 852 (18)
3328 783 3504 835 αὐτῶν
3534 799 3632 836 και

2051 876 2233 946 κονοίᾳ
2266 873 2446 944 βλέπω
2493 873 2526 944 ἢ
2581 873 2864 942 ἀλόγιστον
2916 873 3120 944 τόλμαν
3166 877 3262 928 καὶ
3316 876 3631 948 διαϐολικὴν

2051 967 2328 1030 ἀπόνοιαν,
2359 967 2622 1035 λεγόντων
2658 967 2750 1019 καὶ
2781 965 2960 1019 αὐτῶν
3003 969 3120 1020 κατ’
3155 969 3381 1030 ἐκεῖνον,
3413 970 3506 1033 Εἰς
3535 970 3630 1022 τὸν

2053 1059 2280 1130 οὐρανὸν
2323 1059 2725 1129 ἀναθησόμεθα,
2772 1058 3008 1128 ἐσόμεθα
3049 1060 3221 1129 ’ὁμοιοι
3254 1059 3332 1129 τῷ
3367 1061 3628 1129 ’Υψίστιιν

2052 1150 2119 1202 τά
2159 1149 2266 1219 γάρ
2304 1149 2442 1202 κατά
2483 1149 2641 1219 χάριν
2674 1148 2923 1217 διδόμενα
2951 1151 3064 1212 τοῖς
3091 1148 3417 1220 ἀνθρώποις,
3444 1149 3632 1204 ταῦτα

2052 1235 2291 1290 θέλουσιν
2315 1237 2403 1289 ῖσα
2439 1236 2538 1306 τῆς
2562 1235 2656 1289 τοῦ
2687 1235 2920 1299 διδόντος
2954 1235 3092 1291 εἶναι
3123 1237 3392 1309 θεότητος.
3440 1239 3632 1305 Ἀκούτ

2051 1342 2200 1388 οντες
2229 1324 2358 1393 γοῦν
2398 1326 2548 1388 υἱοὺς
2598 1322 3033 1396 χρηματίζοντας
3085 1325 3194 1394 (49)
3249 1327 3374 1390 τοὺς
3417 1326 3631 1399 ἀνθρὼ-

2052 1435 2206 1481 πους,
2238 1417 2493 1487 ἐνόμισαν
2528 1417 2620 1471 καὶ
2649 1418 2874 1482 ἑαυτοὺς
2917 1419 3065 1481 ἴσους
3090 1414 3229 1472 εἶναι
3250 1418 3344 1472 τοῦ
3371 1417 3629 1488 ἀληθινοῦ

2052 1507 2145 1560 καὶ
2175 1506 2332 1575 φύσει
2361 1507 2510 1560 Υίοῦ·
2542 1508 2635 1561 καὶ
2659 1507 2754 1561 νῦν
2802 1508 2964 1562 πάλιν
3015 1509 3301 1574 ἀκούοντες
3324 1511 3416 1564 τοῦ
3447 1513 3632 1584 Σωτῆο

2056 1615 2167 1666 ρος,
2193 1599 2315 1652 Ἵνα
2331 1593 2482 1652 ὦσιν
2505 1598 2592 1664 ἐν,
2631 1600 2824 1666 καθὼς
2846 1601 2943 1653 καί
2972 1601 3162 1670 ἡμεῖς,
3203 1602 3476 1656 πλανῶσιν
3501 1605 3632 1656 ἐαυ-

373 1695 521 1757 τοὺς,
583 1697 677 1747 καὶ
726 1693 1112 1766 θρασυνόμενοι
1172 1696 1482 1766 νομίζουσιν
1506 1695 1680 1760 οὕτως
1727 1695 1944 1750 ἔσεσθαι
1984 1695 2208 1759 ἑαυτοὺς
2254 1693 2400 1764 (50),
2450 1694 2526 1758 ὼς
2579 1695 2726 1748 ἔστιν
2759 1697 2787 1748 6
2828 1696 2956 1759 Υἱὸς
3010 1698 3066 1750 ὲν
3117 1697 3194 1768 τῷ
3222 1699 3414 1770 Πατρὶ,
3463 1700 3557 1753 καὶ
3599 1703 3631 1753 6

375 1789 563 1861 Πατὴρ
587 1791 643 1843 ὲν
664 1790 742 1860 τῷ
775 1789 908 1860 Υἱῷ’
971 1793 1070 1862 οὐχ
1103 1792 1335 1864 ὁρῶντες
1375 1793 1437 1846 τὸ
1469 1794 1534 1847 ὲκ
1571 1794 1671 1864 τῆς
1736 1793 1994 1864 τοιαύτης
2040 1794 2269 1864 οἰήσεως
2320 1791 2604 1862 γενόμενον
2639 1793 2730 1846 τοῦ
2767 1793 2972 1865 πατρὸς
3024 1795 3201 1848 αὐτῶν
3249 1795 3341 1848 τοῦ
3380 1796 3631 1852 διαϐόλου

376 1885 594 1956 πτῶμα.

446 1977 536 2032 18.
570 1978 774 2046 Itaque,
811 1987 868 2033 ut
899 1994 1041 2049 saepe
1061 1979 1320 2047 diximus,
1347 1981 1392 2036 si
1417 1981 1512 2037 Dei
1541 1973 1775 2039 Verbum
1805 1982 1944 2038 idem

2121 1976 2207 2032 18.
2240 1976 2304 2029 Ei
2347 1975 2444 2046 μὲν
2478 1971 2608 2041 οὖν,
2639 1975 2715 2040 ὡς
2760 1977 3020 2042 πολλάκις
3075 1977 3302 2050 εἴπομεν
3328 2021 3343 2044 ,
3389 1984 3418 2035 6
3464 1985 3631 2050 αὑτός

375 2084 440 2124 ac
480 2084 581 2124 nos
623 2077 726 2135 est,
761 2070 1004 2140 nihilque
1043 2088 1073 2126 a
1121 2073 1280 2127 nobis
1316 2073 1496 2128 diﬂert
1521 2074 1626 2130 nisi
1659 2075 1777 2129 solo
1817 2082 1954 2129 tem-

376 2176 508 2230 pore
535 2178 547 2216 :
580 2175 674 2230 per
705 2177 790 2215 me
823 2161 969 2229 licet,
1005 2173 1122 2218 esto
1152 2167 1322 2220 nostri
1357 2167 1570 2229 similis,
1596 2167 1954 2236 eumdemque

376 2253 554 2307 locum
589 2253 727 2320 apud
761 2251 975 2307 Patrem
1017 2265 1245 2325 occupet
1271 2273 1430 2326 quem
1464 2274 1564 2312 nos
1599 2259 1906 2312 obtinemus
1935 2275 1948 2311 :

379 2358 477 2396 nec
507 2343 841 2412 unigenitns,
884 2361 984 2400 nec
1031 2349 1207 2402 solum
1245 2347 1485 2403 Verbum
1517 2351 1598 2404 vel
1647 2349 1823 2405 Patris
1854 2350 1955 2406 Sa-

376 2433 577 2503 pientia
597 2436 918 2504 appelletur,
945 2438 1036 2492 sed
1068 2439 1206 2492 idem
1236 2455 1453 2510 quoquc
1483 2441 1641 2495 nobis
1674 2442 1951 2506 omnibus,

385 2534 573 2594 utpote
604 2526 899 2594 similibus,
925 2531 1259 2585 concedatur
1290 2533 1532 2586 nomine.
1568 2532 1675 2586 Par
1699 2533 1843 2588 enim
1872 2542 1955 2588 est

376 2614 572 2670 borum
609 2631 901 2674 commune
927 2635 1050 2675 esse
1080 2636 1296 2687 nomen,
1337 2638 1568 2692 quorum
1609 2639 1716 2677 una
1747 2632 1830 2678 CSI.
1859 2640 1955 2678 na-

379 2716 525 2772 tura,
555 2709 770 2765 etiamsi
796 2719 951 2765 etate
979 2712 1118 2767 inter
1148 2728 1206 2767 se
1228 2713 1503 2769 dili’erant.
1523 2713 1661 2768 Hinc
1687 2715 1851 2769 homo
1873 2723 1956 2770 est

375 2798 571 2863 Adam,
601 2800 764 2855 homo
795 2802 1047 2857 similiter
1074 2803 1300 2870 Paulus,
1329 2805 1493 2858 homo
1526 2805 1652 2860 item
1679 2807 1770 2876 qui
1791 2806 1953 2860 modo

376 2888 647 2958 gignitur:
683 2906 784 2945 nec
805 2893 1100 2947 intervallis
1133 2903 1437 2962 temporum
1467 2896 1745 2950 immutari
1773 2903 1955 2966 potest

379 2989 576 3034 natura
614 2983 849 3051 generis.
897 2983 1163 3050 Quocirca
1215 2986 1261 3040 si
1305 2987 1466 3041 etiam
1499 2988 1616 3043 solo
1649 2998 1891 3058 tempore
1922 3003 1953 3043 a

378 3069 538 3125 nobis
580 3071 759 3126 ditl‘ert
809 3072 1065 3141 Verbum,
1095 3091 1321 3131 necesse
1359 3078 1583 3132 onmino
1617 3087 1702 3132 est
1732 3093 1833 3133 nos
1881 3077 1955 3132 si-

377 3160 535 3214 miles
564 3162 683 3230 ejus
721 3177 859 3218 esse.
896 3162 1094 3218 Verum
1120 3181 1297 3234 neque
1327 3181 1424 3222 nos
1457 3165 1692 3222 Verbum
1725 3175 1819 3222 aut
1851 3165 1954 3222 Sa-

376 3252 578 3322 pientia
604 3269 820 3320 sumus,
875 3272 1051 3326 neque
1085 3257 1323 3312 Verbum
1351 3267 1592 3313 creatum
1625 3266 1709 3313 est
1742 3267 1836 3313 aut
1875 3257 1955 3312 fa—

380 3321 551 3400 ctum.
581 3346 835 3416 Alioquin
868 3349 914 3403 si
943 3321 1313 3420 omnesﬂso
1334 3365 1398 3405 ex
1434 3366 1543 3405 uno
1567 3349 1692 3405 facti
1735 3365 1946 3416 sumus,
1977 3321 2021 3380 α

377 3451 547 3504 quare
596 3438 772 3504 ipsum
824 3440 999 3494 solum
1045 3450 1128 3496 est.
1156 3440 1433 3496 Verbum?
1463 3443 1566 3496 Sed
1609 3441 1654 3497 si
1689 3441 1816 3496 talia
1857 3457 1951 3496 eos

379 3527 529 3596 loqui
557 3529 730 3592 decet,
762 3546 862 3586 nos
895 3541 1039 3586 certe
1073 3533 1286 3586 illorum
1332 3534 1637 3604 impietates
1664 3534 1749 3587 vel
1775 3534 1950 3588 solum

380 3619 625 3688 cogitare
649 3623 890 3678 dedecet.
916 3623 1028 3679 Etsi
1063 3640 1192 3678 vero
1221 3625 1356 3679 nihil
1387 3641 1524 3695 opus
1557 3633 1640 3679 est
1667 3625 1829 3679 verba
1861 3625 1952 3678 illa

379 3711 651 3765 curiosius
667 3713 994 3782 expendere,
1013 3730 1136 3770 cum
1161 3725 1270 3769 tam
1296 3725 1479 3784 aperte
1505 3714 1639 3769 nihil
1670 3715 1775 3770 nisi
1799 3715 1947 3785 pium

377 3800 704 3870 significent,
740 3814 994 3875 rectaque
1025 3807 1096 3862 sit
1118 3817 1300 3862 nostra
1322 3807 1491 3862 ﬁdes:
1520 3816 1580 3861 ut
1612 3816 1793 3860 tamen
1826 3806 1950 3860 inde

377 3892 537 3946 etiam
563 3895 758 3964 impios
791 3897 912 3952 illos
958 3913 1081 3953 esse
1126 3909 1404 3968 appareat,
1434 3914 1552 3969 age,
1581 3914 1648 3952 ex
1683 3899 1789 3953 hoc
1831 3899 1948 3966 ipso

378 3982 500 4039 loco
532 3986 790 4051 breviter,
827 3997 886 4043 ut
928 4005 958 4044 a
1006 3987 1258 4045 Patribus
1287 3990 1462 4044 edocti
1510 4005 1723 4050 sumus.
1755 4004 1945 4044 eorum

377 4074 626 4131 haeresim
649 4076 885 4134 refutare
906 4094 973 4134 ne
997 4095 1302 4150 graventur.
1323 4080 1439 4134 Mos
1464 4089 1547 4136 est
1577 4079 1774 4135 divina:
1799 4078 1947 4135 Scri-

449 4195 473 4226 '
508 4194 615 4250 lsa.
645 4207 758 4259 xxv,
793 4191 882 4248 15.

2055 2072 2200 2122 ἐστιν
2230 2069 2360 2138 ἡμῖν
2388 2069 2416 2120 6
2443 2067 2534 2120 τοῦ
2561 2066 2697 2120 Θεοῦ
2727 2069 2918 2136 Λόγος,
2955 2072 3048 2124 καὶ
3068 2073 3219 2126 οὐδὲν
3253 2074 3407 2144 ἡμῶν
3439 2075 3633 2146 διαφέ-

2055 2178 2138 2232 ρει
2167 2163 2200 2232 η
2225 2161 2400 2230 χρόνῳ
2431 2159 2548 2228 (51)
2571 2175 2585 2189 ο
2614 2158 2754 2213 ἔστω
2783 2163 2914 2230 ἡμῖν
2952 2162 3163 2231 ὅμοιος,
3192 2165 3287 2218 καὶ
3323 2166 3420 2237 τὴν
3453 2168 3629 2241 αὐτὴν

2054 2252 2222 2323 ἐχέτω
2255 2250 2435 2322 χώραν
2461 2250 2613 2321 παρὰ
2647 2250 2724 2321 τῷ
2753 2253 2949 2323 Πατρὶ,
2978 2255 3042 2323 ἦν
3069 2255 3160 2307 καὶ
3193 2257 3350 2326 ἡμεῖς
3397 2259 3626 2330 ἔχομεν’

2055 2344 2149 2398 καὶ
2177 2344 2312 2414 μήτε
2344 2342 2653 2412 μονογενὴς,
2695 2343 2831 2412 μήτε
2868 2344 3025 2414 μόνος
3045 2346 3234 2413 Λόγος,
3266 2349 3297 2418 ἦ
3323 2350 3488 2418 Σοφία
3509 2351 3626 2423 ι59.)

2053 2434 2146 2487 τοῦ
2186 2433 2396 2504 Πατρίνς
2434 2432 2708 2502 λεγέσθωο
2738 2433 2872 2487 ἀλλὰ
2907 2436 3082 2488 κοινὸν
3127 2438 3267 2492 ἔστω
3311 2442 3450 2494 κατά
3481 2443 3625 2496 πάν-

2053 2544 2159 2580 των
2186 2525 2339 2596 ἡμῶν
2365 2523 2470 2578 τῶν
2488 2523 2689 2595 ὁμοίων
2705 2525 2764 2578 τὸ
2787 2523 2918 2578 αὐτὸ
2944 2526 3130 2599 ὄνομα.
3153 2529 3366 2584 Δίκαιον
3392 2533 3519 2604 γὰρ,
3544 2527 3630 2591 ὧν

2054 2620 2169 2672 ἐστι
2196 2617 2356 2687 φύσις
2389 2617 2500 2686 (55.)
2535 2617 2652 2687 μία,
2693 2616 2896 2671 τούτων
2929 2615 3182 2674 εἶναικαὶ
3215 2623 3275 2676 τὸ
3303 2623 3472 2694 ὄνομα
3503 2645 3626 2682 κοι-

2053 2709 2162 2773 νὸν,
2192 2708 2293 2763 κᾶν
2325 2711 2436 2771 τοῖς
2465 2707 2676 2778 χρόνοις
2714 2707 2955 2780 ἀλλήλων
2995 2711 3340 2783 διαφέρωσιν.
3376 2716 3626 2788 Ἀνθρω-

2055 2817 2156 2864 πος
2183 2799 2290 2871 γὰρ
2324 2801 2352 2851 6
2398 2799 2598 2869 Ἀδὰμ,
2629 2798 2915 2870 ἄνθρωπος
2949 2800 3006 2853 δὲ
3051 2803 3144 2855 καὶ
3182 2806 3210 2857 6
3239 2805 3449 2869 Παῦλος
3483 2808 3624 2879 (51),

2054 2892 2336 2962 ἄνθρωπος
2367 2891 2424 2944 δὲ
2461 2891 2554 2944 καὶ
2583 2893 2611 2944 6
2640 2891 2736 2945 νῦν
2762 2891 3048 2962 γενόμενος
3071 2910 3085 2924 ·
3115 2895 3208 2948 καὶ
3237 2897 3333 2967 οὐχ
3375 2901 3404 2952 6
3431 2900 3629 2970 χρόνος

2054 2983 2255 3037 ἀλλοιοῖ
2286 2983 2384 3051 τὴν
2408 2981 2566 3050 φύσιν
2594 2981 2686 3035 τοῦ
2721 2983 2929 3051 γένους.
2957 2985 3020 3036 Εἰ
3049 2985 3225 3040 τοίνυν
3253 2989 3346 3041 καὶ
3389 2992 3418 3042 6
3449 2992 3628 3059 Λόγος

2055 3075 2231 3146 χρόνῳ
2264 3073 2418 3143 μόνον
2454 3073 2609 3144 ήμῶν
2647 3074 2909 3146 διαφέρει,
2944 3075 3048 3128 ἔδει
3076 3078 3168 3130 καὶ
3198 3079 3344 3148 ἡμᾶς
3371 3080 3445 3144 ὡς
3478 3084 3627 3137 ἐκεῖ·

2055 3183 2144 3220 νον
2197 3152 2356 3223 εἶναι.
2431 3165 2569 3218 Ἀλλ’
2607 3164 2729 3217 οὕτε
2778 3168 2938 3235 ἡμεῖς
2989 3167 3160 3235 Λόγος
3209 3171 3462 3241 ἣΣοφία,
3497 3175 3627 3230 οὔτε

2057 3257 2260 3318 ἐκεῖνος
2289 3255 2492 3324 κτίσμα
2523 3254 2555 3322 ἢ
2587 3253 2795 3324 ποίημα
2835 3253 2946 3324 (55)
2970 3257 3222 3326 τυγχάνει
3245 3257 3320 3311 ὥν
3339 3275 3352 3289 ο
3389 3263 3510 3317 ἐπεὶ
3533 3264 3628 3318 διὰ

2054 3347 2106 3400 τί
2127 3349 2173 3400 οἱ
2205 3348 2403 3410 πάντες
2429 3347 2491 3398 ὲκ
2519 3345 2612 3398 τοῦ
2636 3345 2752 3408 ἑνὸς
2777 3346 3078 3418 γεγόναμεν
3097 3388 3111 3412 ,
3155 3351 3247 3403 καὶ
3276 3351 3436 3422 μόνος
3473 3355 3628 3407 ἐστὶν

2055 3438 2214 3500 αὐτὸς
2240 3439 2443 3506 Λόγοςς
2483 3435 2640 3489 Ἀλλά
2668 3437 2796 3508 γὰρ,
2833 3439 2880 3490 εί
2910 3441 3004 3492 καὶ
3033 3440 3272 3504 ἐκείνους
3295 3443 3474 3512 λέγειν
3507 3445 3626 3518 (56)

2053 3530 2276 3583 τοιαῦτα
2325 3529 2543 3599 πρέπει,
2576 3527 2689 3582 ἀλλ’
2720 3531 2849 3600 ἡμῖν
2879 3530 3223 3601 ἐνθυμεῖσθαι
3257 3537 3356 3600 τὰς
3398 3539 3628 3595 ἐκείνων

2055 3617 2420 3690 βλασφημίας.
2457 3618 2566 3672 Καὶ
2599 3619 2648 3670 εί
2686 3617 2744 3671 δὲ
2775 3618 2896 3672 οὐδὲ
2932 3621 3040 3694 (57)
3085 3626 3540 3695 περιεργάζεσθαι
3567 3649 3627 3685 τι

2053 3712 2162 3766 τῶν
2187 3711 2365 3784 ῥητῶν
2398 3710 2563 3782 ἐχρῆν
2589 3710 2724 3783 πρὸς
2750 3712 2848 3780 τὴν
2880 3713 3021 3768 οὕτω
3048 3717 3286 3788 φανερὰν
3302 3721 3392 3772 καὶ
3419 3721 3626 3794 εὐσεϐῆ

2053 3803 2310 3868 διάνοιαν,
2357 3804 2451 3857 καὶ
2483 3802 2579 3871 τὴν
2601 3803 2658 3854 ἐν
2699 3804 2829 3873 ἡμῖν
2867 3804 3033 3877 ὀρθὴν
3082 3807 3296 3862 πίστιν·
3347 3811 3498 3881 ὅμως
3535 3814 3628 3867 ἵνα

2055 3900 2148 3953 καὶ
2171 3898 2416 3952 ἐντεῦθεν
2438 3894 2720 3966 δειχθῶσιν
2761 3895 2996 3960 ἀσεϐεῖς,
3036 3897 3166 3971 φέρε
3196 3903 3476 3970 συντόμως
3496 3944 3512 3969 ,
3547 3907 3628 3970 ὡς

2054 3989 2205 4060 παρά
2239 3987 2345 4041 τῶν
2379 3987 2634 4058 Πατέρων
2666 3985 3080 4057 μεμαθήκαμεν,
3111 3990 3175 4041 ὲκ
3195 3989 3287 4042 τοῦ
3327 3993 3490 4063 ῥητοῦ
3525 3993 3628 4065 τὴν

2052 4080 2384 4152 ἑτεροδοξίαν
2420 4079 2640 4132 ἐκείνων
2687 4075 3010 4148 ὲλέγξωμεν.
3055 4079 3214 4145 Ἐθος
3243 4085 3308 4153 τῇ
3349 4083 3468 4156 θείᾳ
3503 4084 3624 4158 (58)

449 4305 578 4379 (18)-
603 4305 692 4361 Sic
727 4316 955 4379 uterque
985 4305 1206 4379 Regius
1251 4301 1722 4379 et_Segueri_anu_s.
1745 4304 1820 4379 At
1848 4303 1940 4358 alii

2119 4304 2229 4379 (_51)
2262 4307 2336 4379 _Aé
2357 4307 2444 4360 hic
2471 4317 2524 4362 et
2549 4321 2671 4362 mox
2698 4314 2821 4375 post
2839 4304 3126 4376 ἄνθρωπος
3143 4307 3294 4363 deest
3316 4309 3368 4364 in
3392 4311 3623 4370 Gobler.

375 4388 430 4433 et
453 4372 604 4447 editi,
635 4380 693 4430 ὲν
718 4375 961 4447 τοιαύτῃ.
981 4372 1109 4428 Μοί
1143 4375 1272 4447 Reg.
1308 4375 1334 4428 1
1369 4372 1422 4428 et
1449 4374 1505 4447 2,
1540 4372 1859 4447 Goblerian.
1891 4383 1942 4447 et

376 4445 616 4503 Felckm.
651 4448 712 4517 1,
760 4447 794 4517 ἢ
823 4443 1130 4517 ἀλόγιστον
1168 4444 1408 4517 τόλμαν.
1437 4443 1629 4517 βαδιεςὶ
1678 4453 1732 4497 et
1780 4445 1946 4517 editio

375 4517 640 4587 Commel.
673 4516 708 4587 ἢ
736 4513 1017 4587 ἀλόγιστον
1051 4513 1303 4587 πόλεμον.
1325 4514 1537 4587 ΔΙὺίιίιιιη
1582 4513 1712 4587 Reg.
1760 4517 1812 4587 1,
1847 4513 1940 4587 ξε-

377 4604 528 4657 gncr.
561 4583 875 4657 Gobl'eriau.
905 4596 958 4641 et
980 4585 1018 4639 F
1023 4583 1215 4657 elcktn‘.
1229 4585 1299 4657 __1,
1324 4583 1587 4657 λεγόντων
1609 4585 1715 4657 Δκαὶ
1743 4584 1940 4657 αὐτῶν.

377 4653 483 4713 Alii
535 4664 591 4710 et
637 4657 789 4726 editi,
821 4655 1084 4725 λεγόντων
1114 4655 1314 4709 αὐτῶν.
1345 4653 1474 4708 ltem
1513 4653 1712 4726 ibidem
1743 4654 1944 4726 Regius

377 4730 672 4798 primuset
697 4725 1065 4798 Seguerianus
1091 4726 1350 4798 omittunt
1375 4726 1455 4786 είς
1456 4725 1846 4798 εον-οὐρανόν.

447 4798 559 4869 (19)
602 4796 729 4864 Reg.
829 4795 1094 4869 chuer"
1123 4797 1342 4869 Gobler.
1369 4804 1423 4848 et
1452 4793 1690 4849 Felckm’.
1723 4795 1775 4860 1,
1811 4811 1945 4866 χρη-

379 4864 723 4937 ματίζοντας.
763 4864 942 4930 ΕιΙὶιίξ
956 4864 1331 4937 χρηματίζειν.

448 4938 560 5007 (50)
601 4937 802 5007 Regius
836 4933 1121 5006 priniiis'ct
1146 4935 1532 5006 Seguerianus,
1566 4933 1811 4998 ἑαυτούς.
1839 4935 1943 4989 Alii

374 5017 428 5060 et
456 5005 607 5070 mnu,
639 5005 856 5070 αὐτούς.

444 5043 1087 5148 νίῗὸεκιιοτ.
1110 5074 1435 5148 _Gohlerian.
1469 5083 1522 5128 et
1551 5072 1790 5128 Fclckm.
1824 5074 1874 5141 1,
1907 5071 1941 5142 ἦ

601 5145 792 5217 ριιὴωῆ
833 5145 1066 5217 ctetliti,
1093 5145 1306 5217 ﬂuuio.)
1336 5145 1531 5216 χρόνῳ.

447 5215 560 5283 (52)
601 5215 838 5271 Felckm.
869 5216 924 5276 5,
957 5219 1090 5286 μήτε
1122 5215 1310 5286 Σοφία.

447 5286 554 5356 (55)
601 5287 730 5356 Reg.
768 5288 818 5350 1,
865 5283 1088 5355 Segucr.
1136 5285 1354 5356 Gobler.
1390 5283 1706 5356 et_Felcltm.
1741 5283 1790 5348 1,
1827 5284 1941 5337 ἐστι

376 5353 556 5425 φύσις.
597 5353 736 5410 ΕιΠιί
761 5367 813 5410 et
853 5353 964 5420 alii,
1001 5357 1204 5425 ἐστινὴ
1234 5355 1413 5421 φύσις.
1442 5353 1561 5408 Mox
1597 5355 1797 5424 Regius
1833 5357 1944 5422 pri-

378 5443 503 5498 t_nus
527 5437 578 5480 ct
612 5426 1016 5498 Segucriantts._
1049 5425 1293 5498 κάν-τοῖς
1320 5427 1548 5498 χρόνοις,
1584 5425 1855 5498 iidemque
1889 5433 1944 5478 et

370 5494 589 5566 Gobler.
623 5494 956 5549 ct'Felckm.
996 5495 1046 5566 1,
1092 5494 1719 5566 ἀλλήλων”διαφέρωσιν.
1757 5495 1858 5548 Alii
1889 5503 1942 5547 et

373 5565 556 5621 editis.
584 5568 632 5620 εἰ
661 5567 753 5644 καὶ
776 5569 886 5628 τοῖς
911 5564 1121 5633 χρόνοις
1146 5564 1390 5640 ἀλλήλων
1413 5564 1780 5640 διαφέρουσιν.

2049 4384 2106 4430 et
2132 4375 2370 4430 Ft‘lckm.
2401 4379 2452 4430 1.

2120 4446 2232 4529 (55)
2273 4446 2476 4529 Regius
2534 4445 2747 4529 primus
2797 4453 2853 4528 et
2909 4443 3528 4529 Seguerianus,xt£g_uu
3589 4458 3625 4529 ἢ

2049 4513 2279 4586 ποίημα.
2318 4513 2457 4588 Ιξὶιὶιῇ
2511 4513 2564 4571 εἰ
2618 4516 2731 4588 alii,
2763 4513 2974 4588 κτίσμα
2994 4513 3098 4588 καὶ
3136 4518 3364 4588 ποίημα.
3413 4513 3628 4580 Ibidem

2048 4585 2274 4646 uterque
2327 4585 2526 4653 Regius
2549 4596 2602 4640 et
2629 4585 3018 4654 Seguerianus,
3055 4586 3179 4638 ἐπεὶ
3211 4585 3298 4642 διὰ
3326 4589 3379 4642 τί
3405 4592 3456 4644 οἱ
3481 4596 3629 4648 πάν..

2044 4673 2156 4719 τες.
2188 4655 2367 4710 Felck.
2397 4658 2432 4712 2
2460 4667 2508 4711 et
2537 4653 3023 4717 editio’Comntelq
3064 4656 3190 4708 ἐπεὶ
3211 4657 3297 4712 διά
3319 4659 3374 4712 τί
3393 4660 3455 4713 οὐ
3488 4667 3632 4719 πάν-

2044 4743 2154 4800 τες.
2178 4726 2314 4800 item
2347 4727 2544 4800 ibidem
2585 4725 2788 4800 Regius
2808 4725 3023 4800 primus
3052 4735 3106 4800 et
3135 4724 3534 4800 Segueriauus,
3559 4737 3631 4789 ἐκ

2044 4796 2138 4849 τοῦ
2172 4796 2308 4857 ἑνός.
2341 4798 2444 4851 Alii
2479 4808 2528 4852 et
2565 4792 2718 4858 editi,
2745 4792 2833 4846 διὰ
2861 4792 2954 4845 τοῦ
2984 4795 3121 4857 ἑνός.

2117 4867 2227 4936 (56)
2269 4864 2509 4936 Uterque
2540 4866 2740 4936 Regius
2782 4871 2838 4917 et
2879 4861 3118 4919 Felckm.
3159 4865 3216 4931 5,
3243 4869 3485 4926 ἀκούειν.
3514 4873 3630 4928 Alii

2044 4946 2098 4992 ct
2124 4937 2271 4991 editi.
2307 4937 2506 5004 λέγειν.

2116 5007 2225 5076 (57)
2268 5006 2358 5061 Sic
2382 5001 2584 5079 Regius
2608 5004 2818 5079 primus
2840 5012 2901 5079 _c__t
2917 5001 3305 5079 Seguerianus.
3324 5010 3395 5064 At
3417 5011 3631 5079 Regius

2046 5072 2337 5152 secundus,
2375 5072 2741 5152 Kuileipt'idé.
2789 5072 2894 5126 Alii
2944 5072 3015 5127 σι’
3045 5076 3198 5139 editi,
3243 5072 3625 5152 βλασφημίας.

2046 5147 2180 5199 Οὐδὲ
2217 5147 2689 5216 περιεργάζεσθαι,
2721 5153 2824 5196 etc.

2117 5217 2226 5285 (58)
2268 5211 2357 5270 Sic
2376 5211 2514 5286 ‘lt't-g.
2544 5217 2596 5278 1,
2629 5211 3098 5286 Segu_er._(_;obler.
3123 5226 3176 5270 et
3204 5215 3446 5272 Felckm.
3467 5220 3520 5274 2.
3552 5223 3630 5276 At

2045 5281 2134 5338 alii
2157 5281 2216 5339 rt
2240 5281 2665 5346 cditi,oanittunt
2695 5283 2832 5352 θείᾳ.
2858 5281 2980 5352 Mox
3015 5295 3138 5339 ante
3161 5289 3395 5352 εἰκόνας,
3421 5293 3472 5344 in
3505 5293 3630 5345 edi-

2046 5360 2189 5408 tione
2239 5356 2502 5410 Comun-l.
2537 5359 2614 5419 εἰς
2647 5351 2812 5407 deest.
2855 5351 3052 5407 Eadem
3103 5358 3269 5410 editio
3320 5351 3444 5413 cum
3479 5377 3625 5418 mss.

2046 5423 2220 5499 Regio
2241 5431 2502 5499 secundo,
2529 5427 2744 5499 Gublcr.
2775 5429 2826 5499 et
2857 5419 3090 5499 Fclcltm.
3121 5428 3140 5480 1
3173 5427 3302 5499 912,
3325 5427 3622 5499 λαμσάνει,

2046 5490 2220 5616 ἕξιςί
2258 5496 2656 5570 νενωβεευρτ.
2686 5490 2851 5550 Basil.
2878 5491 3090 5563 Anglic.
3119 5509 3171 5552 et
3195 5490 3451 5566 Fclck.3,
3477 5499 3631 5574 λαμ·-

2084 5581 2248 5616 ανειν.

2084 5581 2248 5618 ανειν.
