3840 6220
438 248 544 302 563

1002 247 1059 302 S.
1106 244 1479 300 ATHANASII
1517 243 1664 298 OPP.
1700 240 1885 296 PARS
1924 240 1967 293 l.

2115 234 2482 291 illSTOl’thA
2522 233 2609 288 ΕΤ
2653 231 3070 288 DOGMATICA.

3569 229 3674 284 306

440 362 584 418 Deus
617 361 843 432 ejusque
865 359 1236 425 'Verbuni,sed
1272 368 1331 414 ut
1369 359 1478 414 Deo
1506 359 1558 413 id
1586 356 2002 412 donantivisum

2114 349 2429 420 ματίζομεν,
2461 348 2558 418 οὐχ
2586 347 2660 410 ὼς
2681 347 2709 398 6
2735 346 2986 418 ἀληθινὸς
3016 344 3149 408 Θεὸς
3183 343 3318 417 (66),
3353 344 3387 416 ἡ
3423 345 3452 397 ὀ
3482 345 3673 400 τούτου

437 463 523 510 est
553 473 569 509 :
598 454 670 508 ita
714 455 899 518 etiam,
931 452 1072 507 sicut
1096 451 1262 515 Deus,
1300 449 1683 506 misericordes
1718 447 2002 510 emcimur,

439 561 547 602 non
582 546 800 615 quidem
835 544 936 614 ipsi
964 542 1074 597 Deo
1101 542 1387 612 exaequati,
1411 541 1494 595 vel
1523 551 1715 594 natura
1739 548 1791 592 et
1816 551 2005 592 revera

431 637 663 692 ‘benelici
687 635 835 697 facti,
865 650 988 688 cum
1021 649 1128 688 non
1158 642 1404 688 nostrum
1427 633 1522 688 sed
1555 632 1648 687 Dei
1680 631 1753 686 sit
1792 629 2006 684 benefa-

437 742 596 791 cere;
627 724 720 780 sed
751 733 811 778 ut
838 740 922 792 ea,
946 739 1066 793 quae
1098 724 1242 780 Deus
1265 725 1432 794 gratis
1462 724 1618 778 nobis
1649 721 1857 783 tribuit,
1885 719 2006 773 aliis

433 820 648 887 absque
696 817 904 872 delectu
949 816 1109 888 £51
1161 816 1571 886 impertiamur,
1616 814 1672 868 in
1710 826 2007 881 omnesque

432 924 666 980 prorsus
714 907 1130 965 beneﬁcentiam
1175 907 1550 962 extendamus.
1611 903 1892 974 Siquidem
1943 916 2007 956 ea

431 1007 648 1053 tantum
684 998 913 1062 ratione,
956 1014 1063 1053 non
1102 999 1228 1062 alia,
1265 1012 1558 1068 possumus
1589 997 1708 1066 ejus
1726 1010 1847 1051 esse
1865 1009 2006 1064 quo-

434 1090 729 1144 dammodo
746 1090 1068 1154 imitatores,
1093 1104 1216 1144 cum
1240 1089 1412 1158 ipsius
1431 1089 1573 1143 dona
1589 1087 1748 1142 nobis
1776 1087 2004 1141 invicem

439 1181 942 1237 subministramus.
979 1182 1050 1237 Ut
1089 1181 1252 1252 igitur
1287 1183 1388 1236 ista
1433 1181 1534 1235 hoc
1575 1180 1740 1234 modo
1773 1188 1917 1234 recte
1953 1187 2008 1233 et

438 1275 576 1328 bene
597 1273 993 1343 intelliguntur,
1022 1273 1102 1328 sic
1131 1273 1286 1327 locus
1315 1287 1379 1325 ex
1403 1269 1613 1325 'Joanne
1637 1271 1834 1324 allatus
1859 1269 2005 1324 aliud

441 1365 575 1421 nihil
604 1365 889 1437 signiﬁcat.
928 1363 1036 1419 Nec
1053 1364 1196 1419 enim
1225 1365 1320 1427 ait,
1354 1371 1411 1416 ut
1441 1362 1610 1417 Filius
1642 1373 1724 1417 est
1750 1362 1804 1414 in
1822 1360 2002 1425 Patre,

441 1455 516 1510 ita
554 1470 655 1510 nos
697 1455 752 1510 in
784 1455 878 1508 illo
919 1469 1060 1509 esse.
1096 1452 1198 1520 Qui
1249 1453 1394 1508 enim
1441 1454 1494 1508 id
1527 1452 1643 1507 ﬁeri
1675 1463 1857 1523 queat,
1880 1466 2005 1507 cum

440 1545 530 1599 ille
553 1546 626 1602 sit
653 1544 882 1601 Verbum
918 1554 972 1599 et
995 1546 1254 1616 sapientia
1280 1544 1397 1610 Dei,
1433 1560 1533 1600 nos
1559 1553 1740 1599 autem
1768 1559 1835 1599 ex
1863 1553 2006 1599 terra

445 1637 659 1691 formati
692 1652 918 1692 sumus:
949 1651 1098 1701 eum,
1135 1637 1379 1708 inquam,
1425 1637 1515 1692 ille
1550 1647 1744 1691 natura
1783 1643 1836 1690 et
1873 1635 2004 1691 sub-

443 1731 643 1784 stantia
665 1730 737 1785 sit
754 1729 988 1785 Verbum
1013 1738 1068 1784 et
1085 1729 1225 1784 Deus
1240 1745 1419 1796 verus,
1445 1729 1521 1784 uti
1541 1731 1730 1786 scribit
1746 1728 2003 1796 Joannes,

444 1820 651 1875 Scimus
672 1822 920 1891 quoniam
958 1821 1134 1874 Filius
1160 1820 1255 1874 Dei
1280 1821 1436 1887 venit,
1462 1831 1512 1874 et
1540 1821 1685 1874 dedit
1720 1822 1866 1874 nobis
1887 1837 2006 1874 sen-

439 1930 558 1966 sum
587 1922 643 1966 ut
661 1930 1034 1983 cognoscamus
1062 1928 1239 1967 verum
1267 1911 1468 1978 Deum;
1495 1922 1542 1966 et
1567 1929 1747 1966 sumus
1782 1913 1837 1965 in
1864 1927 2003 1976 vero,

439 2007 496 2058 in
536 2004 680 2059 Filio
725 2007 838 2074 ejus
886 2003 1014 2059 Jesu
1063 2005 1307 2059 Christo:
1334 2005 1417 2057 hic
1461 2014 1538 2058 est
1585 2020 1732 2057 verus
1779 2005 1916 2058 Deus
1955 2012 2006 2058 et

441 2105 638 2149 wterna
669 2097 775 2148 vita
801 2096 874 2148 ¹⁶ε
907 2110 1004 2149 nos
1038 2103 1214 2148 autem
1244 2095 1460 2148 nonnisi
1499 2093 1784 2163 adoptione
1805 2102 1858 2147 et
1884 2109 2006 2163 gra-

445 2188 518 2240 tia
545 2186 789 2257 ejusdem
828 2184 1065 2255 Spiritus
1099 2185 1225 2240 iacti
1271 2187 1593 2255 participes,
1637 2186 1732 2239 ﬁlii
1779 2200 1874 2254 per
1924 2185 2006 2254 ip-

440 2292 563 2333 sum
601 2276 936 2332 ediciamur?
961 2277 1226 2347 Quotquot
1259 2279 1427 2340 enim,
1471 2276 1665 2346 inquit,
1708 2284 2007 2344 receperunt

435 2383 589 2433 eum,
630 2369 773 2422 dedit
813 2369 923 2423 illis
961 2379 1270 2436 potestatem
1304 2369 1442 2438 ﬁlios
1481 2368 1578 2421 Dei
1617 2368 1756 2436 ﬁeri,
1791 2368 1872 2420 his
1915 2369 2006 2437 qui

435 2461 652 2514 credunt
690 2462 744 2513 in
779 2477 961 2514 nomen
991 2461 1102 2529 ejus
1128 2462 1193 2514 ¹⁸.
1233 2458 1488 2514 Hincille
1517 2460 1735 2528 quidem
1761 2467 1844 2513 est.
1865 2461 2006 2513 veri-

439 2566 543 2614 tas,
577 2561 634 2606 ut
664 2559 895 2606 testatur
927 2552 1041 2620 ipse
1069 2570 1082 2605 :
1122 2550 1234 2620 Ego
1257 2567 1372 2603 sum
1407 2552 1597 2603 veritas
1639 2550 1703 2614 ίτ,
1732 2551 1825 2619 qui
1862 2551 2001 2605 idem

433 2641 650 2697 Patrem
685 2643 968 2711 alloquens
998 2642 1073 2695 ait
1102 2657 1114 2694 :
1148 2641 1344 2706 Pater,
1369 2641 1644 2710 sancti/ica
1670 2657 1755 2695 eos
1790 2642 1843 2694 in
1873 2642 2008 2694 veri-

439 2742 546 2784 tate
570 2748 588 2786 :
639 2730 860 2785 Verbum
885 2741 1031 2783 tuum
1059 2716 1250 2784 veritas
1271 2738 1349 2783 est
1373 2729 1451 2794 ¹⁸;
1480 2743 1580 2782 nos
1603 2743 1728 2783 vero
1752 2728 1865 2783 sola
1887 2736 2006 2782 tan-

437 2837 552 2922 tu.m
600 2822 902 2877 imitatione
949 2837 1072 2876 cum
1104 2821 1312 2892 praediti
1355 2821 1571 2883 virtute,
1606 2830 1720 2874 tum
1764 2819 1860 2874 lilii
1887 2819 2002 2876 eiii-

438 2931 638 2969 Clmlll'.

2108 443 2298 510 Λόγος,
2325 441 2438 494 ἀλλ’
2467 441 2542 503 ὡς
2575 439 2834 510 ἠθέλησεν
2867 438 2895 490 6
2926 437 3088 491 τοῦτο
3117 438 3484 509 χαρισάμενος
3516 438 3670 504 Θεός·

2106 533 2246 587 οὕτω
2273 533 2366 587 καὶ
2389 533 2465 596 ὡς
2493 533 2522 584 6
2554 531 2685 596 Θεὸς
2710 531 3050 602 οἰκτίρμονες
3081 531 3347 602 γινόμεθα
3392 531 3536 601 (67),
3575 534 3676 587 οὐκ

2106 628 2440 698 ἐξισούμενοι
2468 627 2546 698 τῷ
2573 627 2710 697 Θεῷ,
2738 626 2858 680 οὐδὲ
2875 625 3032 694 φύσει
3059 627 3153 680 καὶ
3183 625 3430 697 ἀληθινοὶ
3453 626 3678 699 εὐεργέ-

2105 738 2194 774 ται
2221 721 2494 790 γινόμενοι
2513 736 2526 751 ·
2565 720 2625 772 ού
2653 717 2760 790 γὰρ
2782 719 2939 790 ἡμῶν
2968 718 3180 790 εὕρεμα
3236 720 3298 772 τὸ
3343 719 3675 790 εὐεργετεῖν,

2106 811 2240 866 ἀλλὰ
2261 811 2356 864 τοῦ
2391 809 2524 864 Θεοῦ
2549 826 2564 842 ο
2597 811 2681 864 ἵνα
2709 811 2765 863 δὲ
2787 810 2853 862 τὰ
2887 812 3017 880 παρ’
3051 809 3212 864 αὑτοῦ
3253 810 3348 862 τού
3374 809 3509 863 Θεοῦ
3539 810 3678 863 κατὰ

2107 903 2266 975 χάριν
2304 905 2384 966 είς
2409 905 2559 973 ἡμᾶς
2589 903 2875 973 γενόμενα,
2903 901 3075 954 ταῦτα
3107 902 3202 955 καὶ
3251 903 3411 972 ἡμεῖς
3459 902 3681 972 μεταδι-

2105 995 2285 1066 δῶμεν
2308 996 2388 1058 είς
2413 994 2656 1066 ἐτέρους,
2709 995 2783 1064 μὴ
2823 993 3239 1065 διακρινόμενοι,
3287 992 3470 1056 ἁπλῶς
3503 994 3561 1047 δὲ
3596 995 3680 1056 εἰς

2107 1087 2315 1151 πάντας
2353 1086 2682 1148 ἐκτείνοντες
2730 1086 2828 1157 τὴν
2858 1085 3104 1138 εὐποιίαν
3125 1102 3141 1118 ο
3178 1085 3319 1139 κατὰ
3359 1085 3520 1139 τοῦτο
3565 1084 3680 1158 γὰρ

2110 1181 2267 1252 μόνον
2315 1179 2588 1250 δυνάμεθά
2622 1195 2738 1238 πως
2787 1175 2948 1229 αὑτοῦ
2983 1176 3214 1246 μιμηταὶ
3258 1176 3508 1245 γενέσθαι
3541 1175 3680 1246 (68),

2106 1275 2198 1328 καὶ
2217 1275 2316 1326 οὐκ
2346 1273 2540 1336 άλλως,
2571 1273 2650 1325 ὅτι
2682 1272 2750 1325 τά
2781 1274 2907 1343 παρ’
2928 1270 3092 1324 αὑτοῦ
3113 1271 3468 1341 διακονοῦμεν
3511 1272 3683 1343 ἀλλή-

2106 1367 2238 1431 λοις.
2255 1368 2465 1438 Ὥσπερ
2484 1366 2541 1419 δὲ
2573 1365 2745 1420 ταῦτα
2780 1365 2956 1429 καλῶς
2982 1366 3077 1418 καὶ
3100 1364 3276 1436 ὀρθῶς
3296 1363 3681 1434 διανοούμεθα,

2106 1459 2248 1512 οὕτω
2279 1457 2375 1512 καὶ
2423 1457 2485 1510 τὸ
2507 1456 2648 1510 κατὰ
2705 1457 2955 1527 Ἰωάννην
2997 1455 3331 1526 ἀνάγνωσμα
3375 1455 3473 1526 τὴν
3508 1452 3685 1526 αὐτὴν

2107 1551 2218 1621 ἔχει
2245 1549 2503 1603 διάνοιαν.
2534 1549 2608 1602 Οὐ
2642 1547 2751 1619 γὰρ
2774 1547 2849 1610 ὡς
2873 1547 3018 1600 ἔστιν
3053 1549 3083 1601 6
3109 1547 3236 1610 Υίὸς
3268 1549 3324 1599 ὲν
3356 1546 3434 1617 τῷ
3477 1546 3683 1618 Πατρὶ,

2106 1640 2279 1704 οὕτως
2323 1640 2409 1694 ἵνα
2465 1640 2558 1693 καὶ
2594 1641 2756 1710 ἡμεῖς
2787 1637 3072 1708 γενώμεθά
3119 1655 3254 1707 φησι
3297 1637 3442 1707 (69)·
3489 1637 3682 1700 πόθεν,

2105 1735 2236 1786 ὅπου
2267 1748 2331 1800 γε
2355 1733 2384 1783 6
2416 1730 2515 1801 μὲν
2539 1730 2710 1798 Λόγος
2737 1729 2832 1783 καὶ
2859 1729 3018 1799 σοφία
3042 1729 3135 1782 τοῦ
3163 1728 3296 1782 Θεοῦ
3323 1732 3491 1795 ἐστιν,
3517 1731 3684 1800 ἡμεῖς

2104 1825 2161 1878 δὲ
2190 1826 2253 1877 ὲκ
2285 1823 2390 1894 γῆς
2412 1822 2779 1893 ἐπλάσθημεν,
2813 1821 2955 1876 καὶὸ
2988 1822 3086 1892 μὲν
3110 1820 3270 1890 φύσει
3289 1823 3382 1874 καὶ
3416 1824 3482 1892 τῇ
3520 1819 3682 1891 οὐσίᾳ

2107 1917 2278 1984 Λόγος
2306 1916 2397 1970 καὶ
2412 1916 2544 1978 Θεὸς
2564 1915 2814 1984 ἀληθινός
2834 1918 3002 1969 ἐστιν’
3028 1914 3168 1969 οὕτω
3189 1913 3297 1986 γὰρ
3322 1913 3415 1968 καὶ
3433 1915 3462 1966 6
3497 1913 3683 1967 Ἰωάν-

2106 2026 2204 2079 νης
2253 2007 2364 2080 (70)
2414 2008 2610 2079 φησίν·
2649 2007 2925 2077 Οἴδαμεν,
2954 2008 3042 2060 ὅτι
3099 2010 3132 2061 ό
3187 2008 3333 2073 Υἱὸς·
3368 2005 3476 2060 τοῦ
3526 2005 3682 2059 Θεοῦ

2109 2100 2263 2168 ἣκει,
2296 2099 2396 2153 καὶ
2421 2099 2646 2153 ἔδωκεν
2671 2099 2816 2168 ἡμῖν
2839 2098 3128 2162 διάνοιαν,
3165 2099 3266 2152 ἵνα
3297 2097 3685 2168 γινώσκωμεν

2105 2192 2213 2246 τὸν
2235 2191 2525 2258 ἀληθινὸν
2550 2193 2698 2245 Θεόν
2713 2210 2726 2223 ι
2758 2193 2857 2245 καί
2883 2192 3070 2260 ἐσμεν
3095 2191 3164 2244 ἐν
3186 2189 3268 2256 τῷ
3289 2188 3575 2257 ἀληθινῷ,
3610 2189 3685 2242 ἐν

2104 2280 2185 2348 τῷ
2203 2281 2310 2348 Υἱῷ
2337 2281 2542 2348 αὐτοῦ,
2578 2281 2771 2350 Ἰησοῦ
2792 2280 3022 2352 Χριστῷ
3044 2300 3058 2314 ·
3084 2279 3260 2348 οὗτός
3282 2282 3453 2336 ἐστιν
3478 2283 3512 2334 d
3527 2281 3685 2348 ἀληο

2106 2373 2272 2440 θινὸς
2318 2375 2482 2443 Θεὸς,
2524 2374 2624 2428 καὶ
2650 2374 2689 2442 ἡ
2722 2373 2833 2444 ζωὴ
2869 2377 2908 2444 ἡ
2937 2373 3202 2440 αἰώνιος·
3237 2375 3398 2443 ἡμεῖς
3444 2371 3503 2424 δὲ
3531 2370 3686 2424 θέσει

2106 2463 2202 2518 καὶ
2233 2464 2416 2536 χάριτι
2466 2465 2851 2536 υίοποιούμεθα
2891 2465 2960 2519 δι’
2990 2465 3178 2529 αὑτοῦ,
3227 2464 3543 2534 μετέχοντες
3583 2460 3685 2514 τοῦ

2109 2556 2421 2627 Πνεύματος
2444 2558 2606 2612 αὐτοῦ
2628 2575 2642 2624 ;
2669 2560 2841 2612 ’⁷οσοι
2863 2558 2991 2630 γὰρ,
3017 2558 3200 2627 φησὶν,
3229 2557 3448 2610 ἔλαϐον
3469 2554 3684 2617 αὑτὸν,

2104 2647 2326 2702 ἔδωκεν
2373 2651 2578 2718 αὐτοῖς
2626 2651 2917 2716 ἐξουσίαν
2967 2651 3149 2705 τέκνα
3183 2649 3330 2703 Θεοῦ
3364 2647 3682 2717 γενέσθαι,

2103 2739 2229 2805 τοῖς
2253 2742 2648 2796 πιστεύουσιν
2675 2745 2762 2809 είς
2789 2743 2857 2796 τὸ
2887 2742 3078 2812 ὄνομα
3098 2741 3305 2796 αὑτοῦ.
3339 2741 3430 2793 Διὸ
3459 2740 3553 2792 καὶ
3585 2739 3687 2792 αὑ-

2104 2830 2197 2893 τὸς
2231 2833 2327 2901 μὲν
2356 2833 2502 2887 ἐστιν
2528 2835 2560 2904 ἡ
2591 2833 2847 2904 ἀλήθεια,
2875 2833 3079 2904 λέγων’
3139 2832 3275 2901 Ἐγώ
3302 2834 3417 2900 ειμι
3452 2832 3494 2898 ὴ
3527 2829 3686 2898 ἁλή-

2107 2922 2234 2974 θεια
2263 2921 2377 2995 (³71)
2399 2939 2412 2954 ⁸
2442 2925 2530 2978 ὅτε
2556 2925 2650 2979 καὶ
2678 2925 2757 2996 τῷ
2791 2927 2964 2997 Πατρὶ
2993 2925 3156 2978 αὐτοῦ
3191 2922 3536 2996 προσομιλῶν
3563 2921 3686 2974 ἐλε-

435 3027 559 3082 γεν·
595 3012 873 3080 Ἀγίασον
895 3009 1116 3076 αὐτοὺς
1145 3009 1215 3062 ἐν
1245 3007 1322 3077 τῇ
1359 3008 1608 3076 ἀληθείᾳ
1658 3025 1776 3064 σου
1799 3026 1814 3040 ο
1851 3013 1884 3066 ὁ
1915 3013 2097 3084 Λόγοι,
2148 3021 2183 3074 ό
2242 3017 2356 3086 σὸς
2386 3021 2637 3092 ἀλήθειά
2687 3022 2857 3076 ἐστιν
2879 3040 2892 3052 ·
2949 3025 3111 3094 ἡμεῖς
3165 3022 3223 3075 δὲ
3271 3021 3410 3075 κατὰ
3446 3020 3685 3091 μίμησιν

345 3147 355 3156 .
437 3105 700 3178 γινόμεθα
732 3105 972 3176 ὲνάρετοι
1000 3104 1093 3158 καὶ
1123 3105 1248 3157 υίοί.

509 3200 599 3253 20.
632 3197 750 3252 Νοιι
783 3213 911 3268 ergo
947 3206 1006 3251 ut
1041 3197 1127 3253 sui
1162 3197 1368 3253 similes
1401 3198 1757 3266 eﬂiceremur,
1800 3199 1895 3266 ait,
1936 3199 2003 3256 Ut

435 3308 598 3346 unum
623 3292 750 3354 sint,
783 3290 917 3343 sicut
938 3298 986 3343 et
1004 3306 1094 3342 nos
1117 3291 1180 3356 '9,
1208 3289 1302 3344 sed
1322 3289 1858 3359 utquemadmodum
1887 3291 1998 3358 ille,

434 3393 698 3452 tanquam
726 3380 987 3447 Verbum,
1032 3389 1116 3435 est
1154 3382 1206 3434 in
1245 3381 1464 3451 proprio
1502 3378 1683 3446 Patre,
1714 3380 1788 3435 ita
1818 3391 1872 3436 et
1901 3397 2002 3438 nos

435 3473 737 3530 secundum
775 3471 1012 3541 aliquam
1050 3471 1484 3538 similitudinem,
1519 3471 1575 3526 in
1599 3472 1886 3542 ipsumque
1918 3472 2005 3527 in-

430 3574 674 3630 tuentes,
709 3580 877 3618 unum
924 3564 1064 3618 inter
1109 3579 1209 3618 nos
1255 3564 1564 3618 animorum
1608 3563 1902 3620 concordia
1948 3573 2003 3620 et

425 3671 707 3715 .consensu
749 3655 1067 3719 elﬁciamur,
1107 3669 1209 3709 nec
1247 3655 1610 3710 dissideamus
1644 3655 1713 3710 ab
1747 3655 2002 3721 invicem,

436 3757 494 3802 ut
520 3746 812 3809 Corinthii,
843 3744 937 3801 sed
969 3745 1110 3800 idem
1141 3746 1365 3801 omnino
1393 3745 1716 3812 sentiamus,
1738 3755 1798 3800 ut
1821 3745 1874 3799 in
1897 3745 2004 3800 Ac-

436 3841 582 3895 tibus
626 3838 693 3892 de
730 3838 974 3910 quinque
1015 3836 1121 3891 illis
1159 3837 1398 3891 millibus
1429 3836 1646 3907 legitur,
1681 3836 1772 3905 qui
1812 3852 2001 3893 omnes

433 3931 596 3986 veluti
642 3946 786 3987 tinus
829 3937 985 3984 erant
1014 3929 1082 3983 ὀ.
1118 3926 1256 3983 Hinc
1297 3928 1516 3995 dicitur,
1546 3937 1605 3982 ut
1637 3928 1754 3994 lilii,
1787 3944 1895 3982 non
1941 3938 2004 3983 ut

433 4021 638 4087 Filius;
673 4030 735 4075 .et
776 4019 872 4082 dii,
909 4034 1015 4072 non
1053 4027 1112 4072 ut
1137 4018 1286 4087 ipse:
1325 4019 1705 4074 misericordes
1728 4029 1787 4073 ut
1815 4017 1997 4086 Pater,

429 4129 543 4171 non
581 4127 712 4169 vero
737 4119 801 4167 ut
825 4110 1006 4167 Pater.
1023 4108 1222 4166 Verum
1241 4111 1314 4164 ita
1338 4109 1999 4179 unum,quemadmodum

509 4207 551 4237 "
591 4205 610 4258 l
638 4204 796 4260 Joan.
828 4220 882 4269 v,
910 4204 1001 4259 20.
1136 4203 1179 4234 ¹⁶
1215 4201 1370 4258 Joan.
1406 4218 1444 4268 ι,
1476 4202 1564 4256 12.

435 4291 508 4338 tv,
539 4277 630 4331 52.

1697 4203 1738 4234 ³⁷
1777 4200 1934 4257 Joan.
1963 4217 2076 4271 xtv,
2108 4203 2161 4257 6.

2181 3194 2270 3248 20.
2307 3195 2513 3250 Οὐκοῦν
2539 3197 2636 3266 οὐχ
2669 3196 2755 3250 ἵνα
2786 3196 2862 3260 ὡς
2882 3196 3044 3260 αὐτὸς
3068 3194 3344 3266 γινώμεθα
3382 3194 3492 3266 (72)
3514 3234 3530 3258 ,
3565 3195 3685 3250 ἕλι-

2107 3301 2225 3354 γεν,
2245 3287 2377 3342 Ἵνα
2403 3283 2554 3341 ὦσιν
2573 3287 2660 3352 ἓν,
2683 3287 2875 3354 καθὼς
2894 3271 2992 3342 καὶ
3023 3288 3213 3357 ἡμεῖς,
3232 3288 3345 3342 ἀλλ’
3379 3289 3465 3340 ἴνα
3487 3287 3685 3360 ῶσπερ

2107 3377 2312 3442 ἐκεῖνος
2337 3377 2506 3445 Λόγος
2532 3375 2607 3430 ῶν
2637 3377 2780 3430 ἔστιν
2809 3378 2867 3431 ὲν
2889 3378 2967 3448 τῷ
2997 3378 3108 3449 ἰδίῳ
3141 3379 3333 3448 Πατρὶ,
3379 3378 3549 3440 οὕτως
3593 3379 3686 3430 ἵνα

2107 3467 2202 3521 καὶ
2227 3469 2406 3538 ἡμεῖς,
2431 3467 2598 3521 τύπον
2630 3468 2750 3522 τινὰ
2773 3468 3043 3533 λαϐόντες,
3069 3469 3165 3522 καὶ
3201 3471 3280 3532 είς
3328 3471 3532 3522 ἐκεῖνον
3559 3469 3688 3539 βλέ-

2109 3575 2320 3622 ποντες,
2349 3556 2634 3629 γενώμεθα
2667 3559 2726 3612 ἒν
2773 3561 2910 3631 πρὸς
2955 3561 3212 3631 ἀλλήλους
3266 3563 3332 3632 τῇ
3381 3563 3686 3632 ὀμοψυχίᾳ,

2105 3649 2200 3702 καὶ
2226 3653 2292 3722 τῇ
2314 3650 2405 3703 τοῦ
2431 3650 2739 3722 πνεύματος
2768 3653 3002 3720 ὲνότητι,
3057 3653 3130 3724 μὴ
3165 3653 3520 3723 διαφωνῶμέν
3563 3656 3686 3723 (75)

2102 3757 2182 3809 τε,
2213 3742 2288 3805 ὡς
2316 3744 2364 3796 οἱ
2390 3742 2686 3814 Κορίνθιοι,
2721 3743 2781 3797 τὸ
2813 3745 2942 3797 αὐτὸ
2966 3744 3022 3798 δὲ
3043 3744 3328 3816 φρονῶμεν
3355 3784 3369 3808 ,
3417 3746 3493 3810 ὡς
3522 3747 3573 3798 οἱ
3625 3748 3691 3800 ὲν

2100 3838 2220 3898 ταῖς
2245 3835 2480 3908 Πράξεσι
2509 3836 2950 3906 πεντακισχίλιοι,
2969 3837 3162 3901 οἵτινες
3189 3838 3264 3901 ὡς
3279 3833 3359 3901 εἷς
3380 3839 3691 3908 ἐτύγχανον

2106 3926 2275 3990 ὄντες.
2315 3928 2402 3990 Ὡς
2423 3928 2529 4001 γὰρ
2553 3928 2679 3992 υἱοὶ,
2709 3927 2806 3998 οὐχ
2825 3927 2900 3990 ὡς
2926 3929 2954 3979 6
2982 3927 3110 3990 Υἱός
3140 3928 3250 3998 (74)
3268 3944 3280 3956 ·
3311 3928 3403 3981 καὶ
3421 3927 3555 3991 θεοὶ,
3579 3929 3694 3998 ούχ

2108 4017 2184 4082 ὡς
2227 4019 2387 4083 αὑτός
2411 4036 2426 4050 ο
2471 4021 2566 4072 καὶ
2597 4018 2937 4090 οἰκτίρμονες
2961 4019 3035 4082 ὡς
3086 4022 3114 4072 6
3142 4018 3328 4090 Πατὴρ
3351 4059 3365 4082 ,
3414 4019 3513 4090 οὐχ
3544 4020 3628 4084 ὡς
3657 4024 3696 4075 6

2106 4110 2313 4182 Πατήρ.
2354 4109 2492 4162 Ἀλλ’
2515 4109 2702 4181 ὥσπερ
2722 4110 2953 4180 εἴρηται,
2977 4109 3116 4162 οὕτω
3146 4111 3413 4180 γινόμενοι
3433 4110 3511 4175 ἓν,
3538 4113 3698 4166 καθ-

2298 4203 2341 4235 ¹⁸
2379 4201 2537 4258 Joan.
2587 4219 2721 4268 xv",
2754 4203 2842 4257 17.
2966 4203 3010 4234 ¹⁹
3068 4202 3200 4257 ibid.
3249 4202 3337 4257 21.
3443 4201 3489 4232 ³⁸
3547 4205 3694 4259 Act.

509 4365 619 4488 (66)
650 4365 755 4447 '§ic
785 4373 1010 4433 uterque
1033 4360 1413 4486 Reg._Se(fuer.
1438 4359 1654 4446 ευριπ.
1677 4369 1731 4414 et
1755 4358 1992 4416 Felckm.
2028 4363 2072 4418 D
2172 4361 2284 4432 (70)
2326 4361 2527 4445 Regius
2573 4363 2795 4444 primus.
2814 4373 2868 4418 et
2897 4361 3285 4434 Segtterianus,
3325 4363 3468 4417 οὕτω
3499 4365 3619 4438 γὰρ
3660 4371 3701 4423 ὁ

436 4435 487 4487 1.
546 4455 576 4488 ιι
613 4437 734 4488 aliis
763 4441 944 4488 autem
975 4443 1028 4487 et
1055 4431 1216 4486 editis
1285 4440 1400 4486 eest
1434 4430 1585 4488 Θεος.
2112 4432 2384 4488 Ἰωάννης.
2424 4433 2530 4486 Alii
2575 4443 2628 4487 et
2671 4435 2819 4488 editi.
2857 4434 2998 4486 οὕτω
3043 4433 3152 4488 γὰο
3198 4435 3289 4486 καὶ
3333 4436 3360 4487 6
3394 4435 3698 4488 Ἰωάννης-

546 4455 576 4489 ιι
603 4430 734 4490 aliis
763 4430 944 4489 autem
975 4443 1028 4487 et
1055 4430 1216 4486 editis
1248 4430 1400 4486 deest
1434 4430 1585 4494 Θεός.

510 4503 621 4579 (67)
666 4504 1131 4579 iiegiuspriinus
1161 4509 1215 4555 et
1263 4499 1995 4579 ξεειιειςῖιιιιιιεηὲγινόμεθα.

435 4569 672 4636 Feickin.
693 4569 1287 4644 5ξγινώμεθαᾸΞῳῐειί
1314 4569 1548 4644 ει-θιῇιὶ,
1568 4569 1849 4644 γινόμεθα.
1876 4569 1998 4644 Μοιί

422 4652 570 4717 :Reg.
603 4647 652 4711 1,
697 4639 929 4716 δεςιιθιζ
951 4642 1259 4717 Goblerian.
1285 4650 1340 4694 et
1369 4639 1604 4717 Fel_ck_m.
1630 4639 1918 4717 1,“εύρεμα
1940 4642 2000 4694 τὸ

434 4710 918 4788 εὐεργετεῖν,ἐιο.,
949 4722 1008 4767 ιιι
1057 4711 1110 4764 in
1156 4719 1408 4766 contextu
1456 4711 1701 4764 habetur.
1731 4710 1799 4763 At
1825 4711 1915 4763 alii
1945 4721 2000 4764 et

433 4789 602 4845 editio
623 4784 914 4846 Commel.,
932 4783 1148 4853 εὕρημα
1169 4779 1229 4853 το
1248 4780 1577 4853 εὐεργετεῖν,
1591 4779 1724 4853 tua
1747 4778 1841 4831 τοῦ
1857 4780 1998 4853 ⁸Θεοῦ

435 4819 1374 4932 ῖάᾏῑυῇζέγῖμξῑιξ
1389 4819 1724 4932 regis;
1742 4819 2001 4932 suis:

426 4917 529 4982 τοῦ
556 4917 651 4979 τοῦ
683 4917 818 4977 Θεοῦ
847 4917 1016 4976 ταῦτα
1048 4917 1142 4990 κα),
1163 4917 1320 4990 ἡμεῖς
1353 4917 1740 4990 μεταδιδῶμεν,
1766 4917 1868 4990 etc.
1892 4918 2000 4973 lbi-

434 5001 558 5053 dem
584 4995 780 5064 Regius
809 4994 1018 5061 primus
1037 5000 1091 5044 et
1114 4987 1478 5064 Seéiierianus
1507 4987 1996 5064 liabentywéusva,

432 5081 487 5122 et
513 5068 618 5128 ἐκαὶ
657 5059 743 5135 (si;
790 5059 1047 5135 ἑτέρουςε
1082 5060 1172 5114 alii
1213 5067 1267 5113 et
1305 5059 1456 5120 editi,
1483 5059 1772 5128 γενόμενα,
1808 5061 1903 5128 qui
1947 5069 2002 5114 et

419 5138 527 5191 «uti
561 5134 840 5188 omittunt.

503 5205 614 5278 (68)
634 5201 855 5278 Regius
874 5203 1082 5278 primus
1108 5209 1161 5254 et
1181 5197 1565 5270 Seguerianus,
1589 5197 1850 5267 γίνεσθαι.
1873 5197 2002 5255 Edi-

423 5279 468 5330 (i
495 5274 549 5330 et
579 5274 690 5336 alii,
716 5274 986 5342 γενέσθαι.

505 5345 615 5415 (69)
653 5338 1013 5415 Goblerianus
1034 5347 1115 5415 Act
1157 5338 1505 5415 Felcltmanni
1528 5341 1760 5415 (primus
1785 5381 1831 5415 ,Μ
1857 5339 1999 5415 οὖ-τω

429 5407 524 5468 καῖ
569 5407 730 5486 ἡμεῖς
752 5411 1054 5486 ’γενόμεθα
1106 5426 1258 5486 φησι.
1293 5410 1686 5486 Ibid_em_iid_em
1711 5419 1764 5463 et
1795 5407 1999 5486 ﬁegius

423 5479 639 5555 primus
661 5499 725 5536 ac
747 5479 1132 5555 Segue'rianus,
1159 5483 1290 5555 ὅπου
1311 5497 1372 5555 γε
1389 5483 1426 5534 .6
1458 5481 1554 5555 μεν
1579 5481 1769 5555 Λόγος.
1800 5479 2000 5555 Begius

428 5550 726 5618 secundus,
752 5550 886 5606 ὅπου
921 5555 948 5606 ὁ
978 5552 1077 5622 μὲν
1107 5552 1297 5617 Λόγος.
1329 5550 1526 5607 (ἔσεισι-ἱ
1556 5560 1606 5606 et
1637 5550 1785 5615 editi,
1815 5551 1947 5603 ὅπου
1969 5550 2000 5601 6

425 5623 530 5696 μὲν
543 5625 570 5678 6
585 5624 770 5692 Λόγος.

2112 4432 2384 4508 ξῐωάννης.
2421 4432 2530 4508 Λιίἰ
2559 4432 2628 4508 _et
2671 4433 2819 4496 editi,
2857 4432 3024 4508 ρῦτω.
3043 4433 3152 4508 γάρ
3198 4435 3289 4508 καὶ
3333 4436 3360 4487 6
3394 4432 3698 4508 Ἰωάννῖης.

2117 4451 2384 4502 νιωαννης.
2424 4451 2530 4486 Λιιι
2575 4451 2628 4487 ει
2671 4451 2819 4496 etilli,
2857 4451 2998 4486 ουτω
3043 4451 3113 4501 γα
3198 4451 3289 4486 και
3333 4451 3360 4487 ο
3399 4451 3698 4508 ἰωαννης.

2098 4498 2268 4556 Paulo
2301 4512 2419 4574 post
2442 4501 2643 4574 Regius
2671 4503 2965 4574 secundus,
2990 4451 3304 4557 Basiiiensis
3335 4512 3388 4558 et
3413 4503 3703 4574 Anglica-

2099 4586 2229 4643 nus,
2263 4573 2359 4624 καὶ
2403 4571 2632 4643 δερωκεν
2663 4574 2813 4642 ἡμῖν.
2853 4571 3056 4625 Ibidem
3093 4575 3145 4625 in
3185 4573 3313 4642 Reg.
3347 4575 3398 4636 1,
3435 4571 3694 4643 Seigner.

2099 4641 2315 4695 Gobler.
2350 4651 2403 4696 et
2433 4641 2758 4706 Felckth,
2793 4652 2913 4710 post
2943 4643 3212 4712 ἀληθινόν,
3250 4643 3402 4697 deest
3431 4641 3590 4708 Θεόν,
3623 4660 3707 4702 ut

2099 4721 2151 4763 et
2180 4727 2301 4780 qua:
2333 4727 2454 4764 mox
2483 4705 2992 4782 sequuntur-verba,
3017 4705 3168 4774 οὗτός
3193 4714 3338 4765 ἐστιν
3367 4716 3396 4766 6
3417 4705 3705 4786 ἀληθινὸς

2099 4779 2406 4852 Θεὺςκαζὴ
2437 4779 2547 4852 ζωὴ
2578 4783 2610 4851 ἡ
2640 4781 2872 4852 αἰῴνιος.
3032 4849 3047 4852 _
3453 4851 3468 4852 γ

2174 4815 2419 4918 (ilSMSi‘c
2437 4815 2911 4920 ἰἰῖἓηῖυἵῖἲῖέῖιὶε
2936 4861 2988 4904 et
3023 4849 3414 4919 Seguerianus.
3449 4851 3510 4905 In
3544 4854 3704 4912 aliis

2101 4931 2154 4991 et
2183 4920 2342 4991 editis
2373 4922 2405 4991 ἡ
2433 4920 2604 4991 deest.
2633 4920 2756 4974 Mox
2787 4920 2916 4987 Reg.
2942 4921 2992 4984 1,
3027 4921 3252 4989 Seguer.
3278 4921 3596 4977 Goblerian.
3631 4939 3708 4982 et

2101 4988 2336 5076 FfiCkm.
2371 4988 2598 5059 primus,
2629 4991 2991 5062 προσομιλῶν.
3019 4988 3124 5045 Alii
3170 5002 3224 5046 et
3265 4993 3415 5055 editi,
3450 5007 3709 5063 συνομ;-

2103 5077 2286 5201 ωδε)
2330 5128 2529 5201 Regius
2553 5129 2764 5198 primus
2789 5141 2843 5185 et
2870 5130 3254 5199 Seguerianus,
3289 5131 3593 5201 γινώμεθα.
3631 5149 3711 5193 et

2104 5199 2446 5286 "1233)(029805.
2473 5201 2567 5252 καὶ
2600 5201 2860 5270 ἡμεῖς.Αι
2887 5203 2978 5255 alii
3005 5211 3059 5255 et
3085 5203 3237 5268 editi,
3261 5199 3568 5272 γενώμεθα,
3597 5219 3705 5275 ει,

2101 5269 2284 5331 καθὼς
2318 5271 2495 5340 ἡμεῖς.
2626 5269 2651 5270 η
3408 5269 3419 5272 ⁷
3687 5269 3702 5275 ⁷

2176 5340 2289 5412 (75)
2318 5341 2533 5412 _A_nglic.
2565 5339 2804 5412 Felckm.
2831 5341 2866 5394 2
2895 5352 2948 5394 et
2971 5342 3025 5407 5,
3053 5341 3442 5412 διαφωνοῦμεν,
3473 5342 3716 5400 iidem-

2103 5409 2458 5484 g_ue_ibidem
2503 5420 2557 5464 et
2602 5410 2800 5479 llegius
2845 5412 3054 5480 primus
3092 5409 3567 5481 et'chuL-rianus,
3602 5415 3712 5484 ὡς

2102 5479 2468 5625 ῗῖρῗῗξιὲὲεο.
2487 5549 2541 5615 ἓν
2581 5549 2804 5625 θοῖὶκῗτε
2841 5559 2896 5604 ει
2925 5549 3176 5625 Εειοξίηι.
3195 5552 3376 5625 ι,ίοὺχ
3408 5550 3488 5625 ᾡς
3516 5553 3715 5625 Υιὰεζ

2103 5618 2304 5674 Ibidem
2335 5619 2553 5674 Gobler.
2585 5631 2634 5674 et
2666 5620 2904 5677 Felckzn.
2939 5621 2987 5687 1,
3019 5623 3116 5691 οὐχ
3151 5623 3226 5685 ὡς
3251 5624 3278 5674 ὁ
3304 5618 3487 5684 αὑτός.
