3840 6220
199 277 310 335 535

1292 275 1552 332 ORATIO
1591 276 1656 332 Ill
1694 276 1978 332 CONTRA
2021 276 2350 332 ARIANOS.

3344 277 3449 331 596

193 391 275 455 ὼς
302 395 332 446 6
376 393 564 464 Πατὴρ
597 393 689 446 καὶ
723 394 750 445 6
779 392 918 457 Υἱὸς,
944 393 1042 463 οὐχ
1083 391 1255 456 οὕτως
1277 393 1532 462 ἐσόμεθα,
1563 395 1637 456 ὡς
1657 393 1771 446 ἔστι

1889 393 2077 448 lictum
2107 403 2210 457 est,
2235 393 2378 449 sicut
2399 391 2556 448 Pater
2571 398 2625 446 et
2642 391 2812 448 Filius
2832 393 3032 457 effecti,
3060 407 3168 447 non
3198 409 3262 449 eo
3287 397 3450 450 modo

194 483 358 552 φύσει
392 487 419 538 6
455 485 644 556 Πατὴρ
674 487 732 538 ἐν
757 485 834 556 τῷ
863 485 996 556 Υἰῷ,
1031 487 1126 539 καὶ
1158 488 1186 538 6
1212 484 1340 548 Υἱὸς
1372 487 1430 538 ἐν
1462 486 1539 556 τῷ
1573 487 1766 556 Πατρὶ,

195 577 314 630 ἀλλ’
340 577 419 640 ὡς
445 577 640 648 ἔχομεν
665 577 900 647 φύσεως,
937 578 1031 630 καὶ
1051 577 1274 631 δυνατὸν
1296 581 1430 648 ἡμῖν
1458 581 1606 631 ἐστιν
1629 581 1772 631 ἐκεῖ-

194 667 291 720 θεν
318 668 635 736 τυπωθῆναι
683 670 774 722 καὶ
809 669 1027 739 μαθεῖν,
1056 669 1175 733 πῶς
1203 670 1488 741 ὀφείλομεν
1531 671 1588 722 ἓν
1621 672 1773 740 γενέ-

196 759 319 812 σθαι
342 759 475 830 (75),
507 759 694 832 ὥσπερ
713 762 886 814 καὶτὸ
915 763 1202 832 οἰκτείρειν
1230 762 1524 832 ἐμάθομεν.
1559 762 1638 815 Τὰ
1663 762 1772 834 γὰρ

193 852 358 920 ὅμοια
385 851 520 922 πρὸς
536 851 604 904 τὰ
625 853 785 921 ὅμοια
809 852 1019 921 πέφυκε
1034 853 1133 924 τὴν
1161 853 1354 906 ἕνωσιν
1375 852 1518 924 ἔχειν
1544 871 1558 885 ·
1587 855 1770 926 ἐπειδὴ

194 940 292 993 καὶ
321 941 475 993 πᾶσα
511 932 646 1012 σὰρξ
674 940 814 994 κατὰ
858 941 1014 1009 γένος
1067 942 1380 1011 συνάγεται.
1442 943 1627 1013 Ἡμῶν
1673 943 1772 1014 μὲν

192 1026 291 1083 οὖν
318 1029 572 1100 ἀνόμοιός
616 1032 760 1084 ἐστιν
801 1034 829 1085 ὁ
862 1032 1033 1100 Λόγος
1057 1072 1072 1095 ,
1099 1034 1193 1086 τοῦ
1222 1033 1277 1086 δὲ
1303 1034 1513 1107 Πατρός
1553 1035 1736 1104 ὅμοιος
1754 1051 1770 1067 ο

191 1120 284 1175 διὰ
303 1120 466 1175 τοῦτο
497 1123 704 1185 ἐκεῖνος
735 1123 832 1192 μὲν
856 1123 971 1176 ἔστι
993 1124 1152 1194 φύσει
1191 1126 1305 1194 (76)
1338 1127 1432 1178 καὶ
1459 1126 1686 1197 ἀληθείᾳ
1714 1125 1772 1181 ἓν

197 1212 338 1282 μετὰ
371 1211 466 1265 τοῦ
512 1213 703 1266 ἑαυτοῦ
741 1215 988 1286 Πατρόςσ
1039 1217 1202 1286 ἡμεῖς
1249 1217 1307 1269 δὲ
1339 1216 1580 1288 ἀλλήλων
1621 1219 1773 1283 ὅντες

191 1303 482 1373 ὁμογενεῖς
515 1307 614 1371 (ὲκ
644 1305 754 1375 γὰρ
788 1305 906 1369 ἐνὸς
951 1308 1001 1359 οἱ
1052 1307 1252 1372 πάντες
1294 1310 1629 1382 γεγόναμεν,
1679 1315 1774 1366 καὶ

197 1393 301 1462 μία
329 1393 546 1448 πάντων
577 1394 877 1467 ἀνθρώπων
899 1399 932 1466 ἡ
967 1396 1126 1464 φύσις
1141 1397 1314 1470 [77]),
1348 1399 1405 1451 ἓν
1441 1402 1576 1472 πρὸς
1607 1402 1773 1473 ἀλλή-

192 1485 324 1548 λους
347 1488 413 1556 τῇ
441 1485 677 1539 διαθέσει
715 1487 978 1557 γινόμεθα
997 1527 1010 1551 ,
1039 1488 1251 1558 ἔχοντες
1289 1491 1651 1563 ὑπογραμμὸν
1675 1494 1774 1563 τὴν

193 1577 292 1631 τοῦ
313 1576 444 1631 Υίοῦ
473 1579 610 1649 πρὸς
652 1578 744 1632 τὸν
771 1582 992 1652 Πατέρα
1038 1583 1271 1653 φυσικὴν
1315 1584 1572 1655 ἑνότητα·
1605 1586 1776 1640 καθά-

195 1687 308 1741 περ
327 1672 434 1742 γάρ
460 1671 560 1742 τὴν
580 1671 860 1742 πραότητα
888 1671 946 1738 ἐξ
972 1673 1164 1727 ἑαυτοῦ
1185 1676 1298 1744 (78)
1312 1675 1556 1730 ἐδίδασκε
1577 1677 1772 1746 λέγων’

194 1760 427 1816 Μάθετε
447 1761 548 1815 ἀπ’
569 1761 758 1830 ἐμοῦ,·
777 1762 865 1815 ὅτι
891 1762 1077 1830 πρᾶός
1097 1767 1214 1834 ειμι
1255 1766 1356 1818 καὶ
1378 1768 1661 1836 ταπεινὸς
1696 1768 1774 1840 τῇ

193 1853 447 1920 καρὸίψ
481 1852 579 1924 οὐχ
613 1852 702 1906 ἵνα
732 1852 1076 1924 ὲξισωθῶμεν
1119 1855 1298 1926 αὐτῷ·
1339 1857 1598 1914 ἀδύνατον
1629 1861 1772 1933 γάρ·

193 1943 318 1996 ἀλλ’
351 1943 437 1994 ἵνα
465 1942 751 2011 βλέποντες
777 1945 856 2005 εἰς
877 1945 1081 1998 ἐκεῖνον
1099 1945 1462 2018 διαμείνωμεν
1476 1948 1586 2021 (79)
1612 1953 1774 2023 πρᾶοι

193 2032 287 2085 διὰ
321 2033 518 2098 παντὸς
537 2049 552 2064 ο
583 2033 726 2086 οὓτω
747 2035 838 2087 καὶ
866 2035 1101 2090 ἐνταῦθα
1132 2036 1300 2092 θέλων
1318 2042 1465 2110 ἡμᾶς
1485 2041 1660 2114 ἀληθῆ
1683 2044 1776 2098 καὶ

199 2122 427 2192 βεϐαίαν
457 2125 551 2177 καὶ
571 2123 852 2178 ἀδιάλυτον
881 2124 978 2196 τὴν
997 2125 1236 2180 διάθεσιν
1264 2129 1408 2198 ἔχειν
1441 2131 1579 2202 πρὸς
1621 2132 1778 2204 ἀλλή-

198 2213 346 2278 λους,
375 2213 436 2280 ἐξ
466 2215 659 2269 ἑαυτοῦ
687 2214 954 2285 λαμϐάνει
981 2219 1041 2270 τὸ
1065 2220 1435 2292 παράδειγμα,
1463 2225 1557 2276 καί
1588 2241 1774 2296 φησιν·

202 2309 331 2362 ἰνα
379 2303 532 2362 ὦσιν
578 2307 666 2375 ἐν,
725 2309 917 2376 καθὼς
956 2311 1055 2364 καὶ
1105 2312 1308 2380 ἡμεῖς’
1363 2313 1669 2386 ἀδιαίρετος
1720 2317 1777 2370 δέ

197 2400 349 2452 ἐστιν
379 2401 488 2470 (80)
514 2402 548 2471 ἡ
573 2401 632 2453 ὲν
653 2403 783 2472 ἡμῖν
811 2403 999 2474 ἑνότης
1017 2421 1030 2433 ·
1059 2403 1230 2466 οὕτως
1249 2404 1335 2456 ἵνα
1360 2405 1454 2457 καὶ
1483 2407 1636 2460 αὐτοὶ
1669 2425 1776 2479 μα-

200 2491 388 2556 θόντες
421 2493 478 2558 ἐξ
501 2495 532 2563 ἡ
543 2492 657 2563 μῶν
681 2494 780 2565 τὴν
809 2495 1109 2566 ἀδιαίρετον
1146 2497 1331 2567 φύσιν,
1358 2497 1500 2552 οὕτω
1542 2502 1638 2554 καὶ
1678 2503 1777 2574 τὴν

201 2583 343 2656 πρὸς
368 2584 632 2657 ἀλλήλους
681 2587 996 2657 συμφωνίαν
1035 2589 1497 2657 διαφυλάττωσινο
1540 2593 1777 2661 ἀσφαλε-

203 2676 375 2747 στέρα
399 2675 456 2728 δὲ
485 2678 518 2746 ὴ
567 2676 794 2748 μίμησις
823 2680 887 2731 ὲκ
916 2679 1024 2731 τῶν
1060 2679 1200 2732 κατὰ
1245 2680 1405 2748 φύσιν
1445 2680 1778 2750 λαμϐάνεται

200 2769 318 2830 τοῖς
374 2766 702 2838 ἀνθρώποις,
737 2768 924 2840 ὥσπερ
980 2771 1194 2840 εἴρηται
1235 2771 1369 2842 (81).
1421 2774 1636 2845 Ἐπειδὴ
1670 2775 1779 2848 γὰρ

201 2856 380 2911 ταῦτα
416 2857 513 2928 μὲν
547 2858 717 2929 μένει,
750 2859 843 2912 καὶ
868 2857 1065 2912 οὔποτε
1097 2862 1509 2930 μεταϐάλλεται,
1540 2867 1569 2917 6
1589 2864 1645 2917 δὲ
1672 2866 1779 2921 τῶν

197 2949 510 3021 ἀνθρώπων
552 2949 750 3020 τρόπος
789 2950 1188 3023 εὐμετάϐλητος
1211 2953 1495 3023 τυγχάνει’
1536 2955 1778 3020 δύναται,

1873 487 2078 541 erimus
2127 502 2236 556 quo
2282 485 2441 539 Pater
2463 493 2548 540 est
2593 494 2788 540 natura
2829 486 2886 540 in
2918 484 3079 552 Filio,
3107 495 3162 541 et
3193 486 3363 542 Filius
3392 488 3448 542 in

1873 575 2053 642 Patre,
2094 580 2186 633 sed
2206 588 2468 648 quantum
2493 593 2589 647 per
2618 587 2868 633 naturam
2899 587 2954 633 et
2979 579 3122 634 vires
3147 579 3305 636 nobis
3327 581 3453 636 licet

1874 667 2110 737 aliquam
2144 669 2268 722 inde
2306 668 2616 735 exprimere
2655 668 3094 732 similitudinem,
3132 669 3453 740 discereque

1873 775 2111 829 quanam
2145 760 2356 816 ratione
2398 776 2566 814 unum
2594 775 2712 814 esse
2740 759 3056 826 debeamus,
3089 748 3449 829 quémadmo-

1873 849 2003 902 dum
2030 850 2410 904 misericordes
2439 856 2562 904 esse
2585 848 2898 903 didicimus.
2930 846 3036 904 Res
3064 849 3208 903 enim
3243 849 3451 904 similes

1873 954 1998 994 cum
2020 940 2292 995 similibus
2318 941 2524 996 unitate
2546 939 2780 1010 quadam
2811 941 3153 1010 copulantur.
3171 939 3311 997 Hinc
3328 942 3452 996 uni-

1873 1046 2030 1087 versa
2058 1048 2186 1086 caro
2209 1048 2404 1104 genere
2426 1033 2791 1103 conjungitur.
2819 1033 2888 1087 At
2911 1034 3146 1088 Verbum
3174 1035 3344 1090 nostri
3366 1043 3452 1090 est

1875 1123 2162 1186 dissimile,
2201 1123 2384 1178 Patris
2409 1139 2538 1179 vero
2571 1124 2769 1187 simile,
2806 1123 3139 1193 proindeque
3169 1135 3363 1179 natura
3397 1134 3452 1186 et

1875 1225 2063 1268 revera
2105 1230 2274 1269 unum
2316 1223 2402 1270 est
2447 1231 2570 1269 cum
2615 1231 2716 1270 suo
2751 1215 2934 1270 Patre.
2979 1215 3092 1270 Nos
3116 1225 3319 1280 autem,
3355 1217 3449 1286 qui

1874 1306 2116 1375 ejusdem
2165 1322 2358 1362 sumus
2406 1307 2644 1378 generis,
2671 1323 2796 1361 cum
2842 1322 2906 1362 ex
2954 1323 3064 1362 uno
3091 1323 3281 1364 omnes
3321 1309 3449 1365 facti

1875 1392 2164 1459 fuerimus,
2217 1411 2435 1465 unaque
2478 1396 2550 1449 sit
2583 1397 2827 1450 omnium
2881 1397 3164 1452 hominum
3233 1409 3454 1465 natura,

1874 1501 2044 1540 unum
2094 1484 2236 1540 inter
2275 1501 2374 1541 nos
2415 1486 2684 1541 cbaritate
2713 1486 2996 1552 efﬁcimur,
3031 1503 3137 1556 qua
3164 1488 3219 1542 in
3248 1505 3308 1543 re
3331 1488 3454 1544 Filii

1875 1584 1930 1630 et
1955 1574 2133 1632 Patris
2168 1577 2354 1632 unitas
2397 1577 2558 1634 nobis
2588 1586 2672 1632 est
2698 1578 3004 1648 exemplar.
3036 1577 3108 1633 Ut
3143 1580 3291 1634 enim
3324 1597 3452 1637 cum

1876 1667 2347 1723 mansuetudinem
2382 1668 2622 1735 doceret,
2655 1683 2713 1724 se
2737 1669 2914 1739 ipsum
2946 1670 3000 1725 in
3034 1673 3346 1743 exemplum
3364 1673 3454 1731 his

1880 1758 2057 1813 verbis
2096 1758 2405 1828 proposuit,
2440 1758 2644 1812 Discite
2680 1776 2712 1812 a
2751 1777 2853 1821 me,
2883 1761 3009 1830 quia
3047 1763 3190 1816 mitis
3238 1779 3354 1816 sum
3401 1773 3454 1819 et

1878 1849 2093 1904 humili:
2135 1851 2291 1904 corde
2314 1851 2381 1917 “,
2408 1865 2521 1906 non
2562 1851 2782 1920 quidem
2829 1860 2890 1907 ut
2927 1853 2976 1907 ei
3016 1869 3450 1925 exaequaremur,

1880 1958 2005 1998 cum
2035 1943 2089 1998 id
2118 1943 2236 1998 ﬁeri
2266 1951 2517 2013 nequeat,
2549 1944 2642 1999 sed
2668 1952 2728 1998 nt
2753 1945 2808 1999 in
2835 1945 2985 1999 illum
3013 1946 3284 2003 intuentes
3310 1963 3454 2004 sem-

1881 2049 1978 2104 per
2004 2033 2276 2088 mansueti
2316 2049 2799 2102 permaneremus;
2836 2035 2908 2088 ita
2939 2051 3175 2105 quoque,
3208 2053 3333 2092 cum
3365 2039 3454 2093 hic

1882 2126 2044 2181 vellet
2067 2141 2276 2191 veram,
2321 2125 2538 2180 ﬁrmam
2569 2135 2622 2180 et
2671 2127 3105 2182 indissolubilem
3131 2129 3452 2186 cliaritatem

1884 2219 2024 2274 inter
2070 2234 2171 2273 nos
2211 2233 2353 2281 esse,
2393 2233 2454 2272 se
2494 2218 2609 2288 ipse
2642 2219 2697 2272 in
2741 2220 3050 2289 exemplum
3095 2223 3366 2292 proponit,
3401 2231 3457 2278 ct

1884 2312 1980 2378 ait,
2008 2308 2078 2365 Ut
2104 2326 2267 2363 unum
2291 2310 2398 2364 sint
2425 2310 2562 2364 sicut
2585 2320 2635 2364 et
2664 2326 2778 2374 nos,
2806 2321 2974 2380 utque
2992 2313 3045 2365 in
3071 2313 3228 2368 nobis
3250 2314 3454 2377 indivi-

1884 2403 1992 2458 dua
2020 2410 2104 2457 est
2124 2403 2326 2467 unitas,
2360 2401 2522 2473 452
2545 2401 2624 2456 sic
2654 2409 2707 2456 et
2736 2402 2814 2455 illi
2839 2402 3171 2458 individuam
3201 2415 3452 2461 naturam

1884 2512 1952 2549 ex
1991 2494 2150 2549 nobis
2191 2494 2515 2554 ediscentes,
2549 2494 2896 2549 concordiam
2933 2495 3074 2550 inter
3112 2511 3171 2551 se
3211 2505 3451 2553 servent.

1887 2586 2079 2640 Tutior
2117 2593 2297 2640 autem
2329 2593 2414 2639 est
2461 2585 2676 2638 illarum
2727 2600 2909 2640 rerum
2959 2587 3190 2641 imitatio
3219 2605 3341 2659 qua:
3385 2591 3454 2647 ad

1885 2681 2060 2748 ipsam
2087 2685 2340 2730 naturam
2363 2677 2656 2745 pertinent,
2687 2675 2768 2730 uti
2798 2677 3002 2732 dictum
3034 2688 3136 2733 est.
3161 2678 3294 2733 Nam
3328 2697 3455 2735 cum

1885 2769 1989 2822 illae
2010 2773 2716 2836 perseverentetnunquam
2740 2776 3038 2834 mutentur,
3067 2785 3246 2824 mores
3272 2781 3456 2828 autem

1886 2860 2170 2914 hominum
2211 2857 2368 2912 facile
2402 2858 2512 2912 sint
2543 2859 2830 2913 mutabiles
2864 2877 2878 2914 :
2913 2876 3044 2916 sane
3066 2877 3359 2931 possumus
3388 2867 3458 2919 ad

1886 2966 2001 3004 rem
2034 2958 2232 3004 natura
2265 2949 2658 3002 immutabilem
2690 2960 3045 3017 contuentes,
3078 2968 3333 3022 perversa
3373 2955 3460 3010 fu-

199 3041 344 3110 πρὸς
368 3041 430 3093 τὸ
449 3041 822 3114 ἀμετάϐλητον
852 3046 918 3114 τῇ
944 3042 1102 3111 φύσει
1141 3042 1252 3114 (82)
1295 3045 1508 3115 βλέπων
1532 3087 1546 3109 ,
1583 3047 1652 3101 τὰ
1683 3048 1774 3119 μὲν

1889 3055 2030 3111 gere,
2048 3039 2286 3109 atquein
2305 3038 2462 3094 bonis
2489 3041 2766 3094 sectandis
2795 3057 2896 3096 nos
2929 3042 3078 3111 ipsos
3101 3045 3301 3112 optime
3328 3062 3461 3100 con-

201 3131 387 3200 φαῦλα
412 3132 652 3201 φεύγειν,
687 3135 746 3186 ὲν
774 3134 830 3187 δὲ
859 3137 974 3196 τοῖς
1015 3133 1311 3204 βελτίστοις
1357 3138 1545 3190 ἑαυτὸν
1581 3139 1780 3192 ἀνατυ-

1883 3127 2144 3184 formare.
2190 3128 2282 3182 Sic
2317 3129 2464 3183 enim
2499 3129 2695 3184 horum
2735 3133 3046 3196 verborum,
3095 3133 3165 3187 Ut
3191 3147 3238 3190 et
3272 3137 3374 3206 ipsi
3404 3139 3459 3192 in

199 3224 363 3279 ποῦν.
399 3225 511 3276 Καὶ
559 3225 671 3295 γὰρ
718 3224 860 3278 οὕτω
908 3224 1020 3297 (85)
1065 3227 1247 3280 καὶτὸ
1292 3228 1600 3298 λεγόμενον,
1651 3231 1774 3284 Ἵνα

1889 3226 2029 3280 nobis
2053 3241 2217 3279 unum
2244 3225 2374 3288 sint,
2405 3232 2553 3278 recta
2585 3223 2812 3276 omnino
2836 3233 2920 3279 est
2947 3229 3210 3280 sententia

202 3313 306 3367 καὶ
349 3313 524 3368 αὐτοὶ
564 3315 634 3368 ὲν
665 3314 809 3384 ἡμῖν
842 3313 910 3369 ἓν
927 3311 1099 3381 ὦσιν,
1142 3316 1307 3388 ὀρθὴν
1346 3317 1506 3372 πάλιν
1539 3317 1650 3390 ἔχει
1682 3319 1782 3392 τὴν

197 3404 469 3459 διάνοιαν.

273 3497 368 3550 21.
401 3497 464 3548 Εἰ
494 3493 626 3563 γοῦν
651 3495 875 3550 δυνατὸν
905 3492 973 3568 ἦν
996 3499 1248 3566 γενέσθαι
1287 3503 1433 3573 ἡμᾶς
1473 3503 1547 3567 ὡς
1580 3503 1612 3556 6
1650 3503 1781 3568 Υἱὸς

200 3589 261 3641 ἐν
279 3587 364 3658 τῷ
394 3589 594 3657 Πατρὶ,
619 3587 724 3641 ἔδει
760 3589 956 3660 λέγειν,
993 3593 1112 3645 Ἵνα
1156 3591 1250 3646 καὶ
1286 3592 1438 3646 αὐτοὶ
1483 3596 1542 3649 ὲν
1591 3595 1674 3647 σοὶ
1721 3594 1779 3648 ἓν

199 3673 361 3743 ὦσιν,
389 3678 578 3748 ὥσπερ
605 3680 751 3733 ἐστὶν
775 3683 804 3734 6
837 3682 964 3747 Υἱὸς
992 3684 1051 3736 ὲν
1079 3681 1157 3754 τῷ
1199 3683 1376 3755 Πατρί
1399 3702 1412 3715 ·
1448 3684 1544 3738 νῦν
1574 3685 1631 3738 δὲ
1652 3684 1779 3738 τοῦ-

199 3791 263 3828 το
298 3773 414 3845 (84)
450 3772 549 3844 μὲν
597 3773 697 3825 οὐκ
747 3773 970 3845 εἴρηκεο
1031 3775 1206 3844 λέγων
1239 3776 1296 3828 δὲ
1351 3776 1440 3843 τὸ,
1490 3777 1560 3830 ἐν
1613 3779 1778 3846 ἡμῖν,

199 3863 375 3928 ἔδειξε
397 3865 498 3933 τὴν
525 3863 803 3916 διάστασιν
826 3865 918 3917 καὶ
931 3864 1030 3936 τὴν
1059 3865 1322 3936 διαφοράν
1344 3882 1358 3896 ·
1389 3867 1472 3919 ὅτι
1497 3867 1658 3930 αὐτὸς
1683 3868 1780 3937 μὲν

206 3958 373 4028 μόνος
401 3957 461 4008 ὲν
495 3954 640 4025 μόνῳ
660 3955 740 4026 τῷ
767 3957 940 4029 Πατρί
967 3959 1134 4020 ἐστιν,
1178 3957 1254 4022 ὡς
1285 3958 1444 4029 μόνος
1484 3959 1654 4026 Λόγος
1686 3960 1781 4011 καὶ

203 4048 400 4117 Σοφία,
456 4049 620 4116 ἡμεῖς
655 4046 712 4098 δὲ
763 4049 820 4100 ἐν
853 4047 984 4118 Υἱῷ,
1039 4050 1128 4102 καὶ
1159 4049 1225 4102 δι’
1255 4048 1419 4102 αὐτοῦ
1463 4048 1540 4120 τῷ
1582 4049 1777 4122 Πατρί.

279 4223 325 4253 ἰ
369 4220 566 4275 Matth.
603 4236 680 4285 ιι,
706 4219 797 4280 29.

1950 3494 2042 3548 Ἦ.
2075 3492 2136 3547 Si
2166 3492 2330 3562 igitur
2358 3490 2472 3545 ﬁeri
2501 3497 2703 3559 posset,
2729 3498 2788 3545 ut
2809 3505 2908 3545 nos
2933 3505 2999 3544 eo
3023 3492 3186 3546 modo
3218 3491 3271 3545 in
3300 3491 3460 3548 Patre

1884 3601 2131 3642 essemus
2163 3599 2272 3655 quo
2307 3584 2420 3652 ipse
2446 3591 2530 3638 est
2567 3582 2760 3647 Filius,
2788 3583 3078 3638 dicendum
3121 3583 3315 3640 fuisset
3347 3604 3360 3639 :
3392 3582 3462 3642 Ut

1884 3687 1939 3734 et
1963 3679 2042 3733 illi
2069 3679 2124 3732 in
2153 3689 2205 3732 te
2237 3691 2407 3732 unum
2435 3676 2566 3740 sint,
2599 3675 3062 3744 quemadmodum
3091 3676 3264 3733 Filius
3290 3688 3375 3734 est
3403 3681 3463 3736 ir:

1883 3771 2066 3826 Patre.
2098 3768 2262 3838 Atqui
2296 3769 2398 3822 hoc
2429 3781 2776 3836 nequaquam
2811 3768 2969 3833 dixit,
2998 3769 3092 3823 sed
3117 3785 3240 3824 cum
3278 3771 3373 3835 ait,
3403 3773 3460 3830 in

1884 3862 2058 3924 nobis,
2089 3859 2384 3914 discrimen
2411 3866 2466 3912 et
2492 3856 2847 3912 differentiam
2882 3858 2960 3913 rei
2986 3861 3458 3933 indicavit,ipsum

1887 3967 2078 4023 nempe
2101 3952 2154 4005 in
2177 3950 2292 4006 solo
2314 3949 2472 4003 Patre
2496 3958 2553 4002 ut
2577 3949 2752 4002 solum
2779 3947 3015 4004 Verbum
3045 3962 3099 4007 et
3129 3951 3194 4008 Sa
3205 3955 3456 4024 pientiam

1883 4059 2027 4109 esse,
2053 4059 2154 4098 nos
2183 4058 2311 4097 vero
2340 4041 2394 4095 in
2426 4039 2586 4107 Filio,
2610 4052 2663 4094 et
2689 4055 2783 4110 per
2816 4041 2993 4112 ipsum
3024 4043 3079 4098 in
3112 4043 3270 4101 Patre
3311 4062 3456 4102 esse,

279 4379 398 4449 (75)
434 4376 676 4433 Felckm.
704 4378 762 4441 2,
816 4385 874 4431 et
911 4373 1062 4440 editi,
1110 4373 1347 4427 ἔσεσθαι.
1389 4371 1582 4427 Caneri
1619 4386 1774 4437 mss.,

1889 4379 1940 4424 et
1961 4371 2116 4449 editi,
2147 4371 2289 4425 οὕτω
2317 4371 2410 4425 καὶ
2433 4373 2554 4444 τήν,
2583 4384 2686 4430 etc.
2715 4374 3082 4443 Seguerianus
3115 4377 3463 4446 ibidem,6wt-

279 4379 404 4501 (75g
434 4379 487 4431 F4

246 4451 374 4503 ενέσ
407 4466 487 4502 αι.

205 4467 642 4592 7‘-:‘('7c(i)mlliegius
682 4517 993 4592 primuset
1037 4514 1422 4592 δεηθέν-ἱεροῖς,
1455 4512 1551 4592 καὶ
1576 4511 1783 4592 siceion

212 4581 312 4663 μὲν
343 4581 485 4663 ἔστω
506 4581 1142 4663 φύσειξῦοιξιενιοιιυεςι
1162 4582 1514 4663 Felclunailni
1545 4581 1778 4663 primus,

208 4651 466 4721 Ξιάκεῖνος
491 4651 588 4730 μὲν
608 4658 722 4710 ἐστι
753 4658 932 4726 φύσει.
952 4657 1020 4710 At
1044 4655 1133 4710 alii
1152 4661 1206 4707 et
1229 4655 1398 4708 editio
1423 4651 1693 4707 Commel.
1725 4660 1785 4705 ut

209 4733 266 4786 in
293 4738 577 4785 contextu.

280 4801 400 4872 (77)
439 4797 572 4872 Reg.
605 4799 659 4860 1,
688 4797 911 4872 S_eguer_.
948 4795 1165 4872 G_o_bler_.
1199 4801 1252 4851 et
1280 4792 1533 4872 Eelckm._
1556 4791 1607 4855 1,
1647 4791 1782 4872 τεάν-

205 4863 320 4924 των
353 4863 586 4936 λογικῶν
611 4872 644 4940 ή
672 4863 851 4940 φύσις.
877 4866 1217 4940 Basiliensis,
1247 4863 1460 4940 πάντων
1510 4863 1544 4932 ή
1598 4863 1779 4930 φύσις.

208 4940 405 5011 Ceteri
427 4933 484 5011 et
509 4933 662 5011 editi,
684 4933 907 5011 πάντων
936 4935 1240 5011 άνθρῲπων
1270 4937 1303 5006 ἡ
1334 4933 1540 5011 φύσις..
1571 5003 1583 5011 _
1729 5000 1757 5011 η

280 5010 398 5078 (78)
437 5008 571 5078 Reg.
603 4999 656 5066 l.
688 5007 912 5078 Seguer.
935 4999 1106 5078 Basil.
1126 5017 1182 5078 et
1216 4999 1449 5078 Anglici,
1565 5000 1782 5078 ἑαυτοῦ.

209 5071 316 5152 Alii
351 5071 418 5152 et
439 5071 590 5141 ediii,
621 5077 678 5152 εξ
710 5071 924 5152 αύίτοῦτ-
948 5076 1075 5152 _Mox
1125 5075 1251 5145 Reg.
1268 5071 1355 5152 Et,
1388 5073 1564 5152 Bas";
1592 5079 1645 5152 et
1673 5071 1786 5152 .An-

209 5151 363 5220 glic.,
391 5149 475 5220 ὄτι
501 5139 687 5220 πραΰς
706 5150 855 5220 ειμι,
889 5147 1163 5215 iidemque
1188 5139 1240 5200 ἐι
1267 5141 1585 5206 Fclckm..5,
1615 5139 1781 5208 infra,

209 5218 410 5292 πραεῖς
437 5218 527 5292 ῥιὰ
551 5218 768 5292 παντός.

282 5289 398 5359 (79)
438 5288 642 5356 Regius
671 5289 884 5357 primus
904 5297 958 5359 et
981 5286 1374 5359 ﬁegnerianus,
1393 5283 1780 5359 ῥιαμείνωμεν,

211 5354 486 5428 iidemque
511 5354 836 5430 mon—ima;
867 5354 1196 5430 άληθῆ.Ἀ1ὶὶ
1243 5363 1297 5408 et
1342 5354 1492 5420 editi,
1537 5355 1787 5426 διαμένοι

213 5427 621 5505 genetiuis
647 5427 743 5505 κβῖ
776 5427 970 5505 dinei.
998 5497 1008 5505 _
1033 5497 1045 5505 _
1240 5494 1278 5505 -,
1316 5495 1326 5505 .
1364 5494 1378 5505 .
1505 5495 1519 5505 .
1583 5493 1618 5505 ..
1643 5493 1654 5505 .

282 5447 336 5487 ν,
365 5445 440 5494 et,
473 5445 621 5498 ημας
647 5445 742 5482 και
776 5445 970 5551 aliqua.
1643 5493 1654 5505 .

282 5500 396 5567 (80)
448 5499 627 5551 Ἔστιν
657 5499 808 5552 deest
831 5498 882 5550 in
960 5497 1128 5551 obler.
1160 5505 1214 5550 et
1239 5494 1475 5567 Felckm.
1501 5495 1548 5567 1.
1581 5493 1784 5567 ibidem

211 5563 415 5645 [ti-gius
445 5571 655 5645 primus
688 5577 744 5623 et
773 5567 1220 5645 nguerianusdi
1257 5566 1471 5645 év‘jpz‘tv
1507 5566 1540 5635 ἡ
1573 5563 1782 5645 erdem:

213 5632 382 5694 Paulo
411 5632 534 5709 post
560 5638 746 5705 iidem,
797 5632 953 5710 οὕτω
979 5635 1078 5707 τὴν
1109 5632 1243 5707 προς
1271 5632 1551 5698 ἀλλήλους’.
1591 5632 1786 5692 Galeri

1886 4439 2151 4510 φυλάττου
2159 4459 2261 4495 σιν.

1956 4511 2067 4581 (81)
2109 4511 2239 4592 Heg.
2273 4509 2604 4592 1,“_Segtter._
2639 4512 2860 4592 _Gobler.
2903 4514 3145 4592 Felcltm.
3188 4518 3239 4584 1,
3271 4520 3460 4592 ὥσπερ

1885 4580 2118 4653 εἴρηται.
2171 4582 2241 4633 At
2289 4583 2378 4634 alii
2424 4580 2476 4635 et
2521 4583 2673 4647 editi,
2702 4584 2951 4656 καθάπερ
2985 4580 3459 4657 εἴρηταιξιιήόρῐίι

1888 4649 2089 4714 Regius
2119 4651 2142 4703 1
2182 4661 2235 4704 et
2266 4650 2656 4714 Seguerianus,
2686 4653 2857 4706 ταῦτα
2896 4656 2994 4714 μὲν
3015 4657 3161 4714 μένει
3203 4661 3315 4713 καί.
3350 4660 3459 4714 Go-

1888 4668 2089 4721 ncgtus
2119 4668 2142 4703 1
2182 4668 2235 4704 et
2266 4668 2656 4720 aeguerianus,
2686 4671 2857 4706 ταυτα
2896 4668 2994 4724 μεν
3013 4668 3161 4734 μενει
3203 4668 3315 4713 καί.
3350 4668 3462 4714 (ὶο-

1885 4721 2258 4800 Βιεγίέμιυεηεξι
2295 4719 2648 4800 Feles-mann}
2684 4725 3110 4800 p_rimus,_:raturat
3161 4729 3312 4798 μένει
3361 4729 3464 4800 μὲν

1887 4790 2002 4871 καί.
2034 4791 2263 4871 Inmaliis
2294 4791 2537 4871 etnelditis
2568 4792 2667 4862 μέν
2685 4790 2868 4871 deest.
2907 4793 3030 4871 Moit
3069 4790 3226 4871 mss},
3257 4790 3462 4871 τρόπος

1887 4860 2307 4984 sagi-adﬂatos.
2339 4859 2520 4914 Editio
2554 4859 2736 4916 autem
2778 4862 3068 4929 Commel.,
3099 4859 3460 4940 τρόπος-’άμεξ-

1887 4946 1916 4982 τ
2023 4948 2170 4984 ητος.

1885 4946 2148 4984 nmmo:
2156 4971 2170 4984 .

1964 4949 2318 5077 ῗέἒῖοῗῖἐςὶιιε
2364 4999 2572 5077 primus
2621 5010 2674 5056 et
2727 4999 3113 5072 Seguerianus,
3161 5007 3228 5077 τῇ
3277 5007 3460 5075 φύσει.

1885 5073 2080 5130 Caeteri
2109 5080 2163 5140 ct
2193 5069 2344 5134 editi,
2374 5070 2474 5140 τῆς
2500 5071 2734 5140 φύσεως.

1961 5141 2080 5214 (85)
2110 5139 2616 5214 Regalitseguer.
2643 5141 2858 5197 Gobler.
2897 5153 2951 5198 et
2983 5143 3221 5201 Felckm.
3257 5145 3310 5211 1,
3353 5148 3466 5200 Καὶ

1887 5210 1997 5285 γὰρ
2025 5210 2217 5285 οὕτως.
2247 5210 2355 5285 Alii
2393 5219 2447 5265 et
2494 5212 2643 5285 editi,
2674 5214 2784 5285 καὶ
2815 5213 2923 5285 γάρ
2955 5217 3048 5268 καὶ
3097 5210 3301 5278 οὕτως,
3340 5217 3461 5271 Mox

1887 5281 2116 5357 uterque
2169 5281 2368 5357 Regius
2413 5289 2467 5357 et
2495 5281 2903 5357 _Seg_ue_rianus,
2938 5286 3112 5357 abto‘t_
3136 5287 3194 5338 ὲν
3245 5288 3376 5357 ἡμῖν
3405 5286 3464 5338 ἓν

1887 5348 2268 5426 ὦσινξιϐξιιοῇ
2293 5361 2347 5403 et
2378 5351 2531 5426 editi,
2562 5348 2714 5403 αὖτοὶ
2740 5351 2798 5426 ἐν
2831 5356 2889 5426 sv
2917 5357 3050 5426 ἡμὶὲμ
3079 5349 3232 5426 (om,

1960 5421 2203 5492 (84)_Sic
2226 5418 2446 5492 Regi,
2486 5419 2710 5490 Segner.
2747 5418 2969 5479 Gobler:
2998 5425 3176 5480 Felck.
3207 5427 3258 5489 1,
3301 5437 3353 5481 et
3388 5427 3463 5482 ita

1889 5489 2019 5564 legit
2062 5489 2438 5564 NanniusiAt
2465 5489 2853 5564 alii;et_editio
2886 5494 3177 5556 Commel.,
3207 5497 3464 5564 γενέσθαι

1889 5559 2037 5643 ὴμᾷς
2069 5562 2155 5642 ⁹ὡς
2202 5562 2232 5612 6
2265 5559 2391 5643 Ὶῖίὸς
2423 5561 2482 5612 ὲν
2527 5561 2603 5641 τῷ
2647 5562 2855 5633 Πατρίι
2893 5564 2986 5618 νῦν
3033 5566 3088 5620 δὲ
3120 5559 3294 5631 τοῦτο,
3330 5575 3464 5634 etc.,

1828 5694 1850 5702 _
1891 5631 2115 5688 omissis
2148 5646 2269 5701 quae
2304 5631 2620 5700 interposita
2652 5631 2799 5687 sunt.
