3840 6220
398 245 502 300 367

985 244 1042 300 S.
1087 245 1465 300 ATIIANASII
1500 245 1650 300 OPP.
1693 246 1874 300 PAhb
1912 261 1950 300 ι.
1995 276 2062 288 -—
2102 245 2474 302 IIISTORICA
2507 245 2594 301 ET
2637 241 3055 300 DOGMATICA.

3540 239 3650 295 568

395 366 607 434 Quibus
642 366 831 436 utique
865 365 1024 421 dictis
1063 366 1199 420 nihil
1238 367 1388 422 aliud
1435 367 1609 422 voluit
1653 367 1955 437 signiﬁcare

2066 368 2235 422 Τοῦτο
2266 368 2323 422 δὲ
2349 367 2542 436 λέγων,
2577 365 2728 419 οῦδὲν
2761 364 2946 435 ἕτερον
2993 362 3266 432 ἐσήμανεν
3311 357 3460 429 (85),
3499 357 3533 429 ἢ
3566 359 3650 412 ὃτι

394 472 559 528 quam
588 455 902 527 bujusmodi
937 457 1264 512 sententiam
1293 475 1308 512 :
1335 455 1412 511 Ita
1449 457 1528 510 illi
1548 467 1736 512 nostra
1758 457 1966 511 unitate

395 568 565 607 unum
600 552 710 607 sint
749 551 889 605 inter
929 566 1008 614 se,
1047 559 1106 606 ut
1137 566 1239 606 nos
1277 560 1474 606 natura
1503 560 1558 606 et
1583 565 1769 605 revera
1794 565 1963 603 unum

391 658 618 698 sumus:
644 656 751 696 non
774 651 1004 712 possunt
1031 651 1211 696 autem
1233 657 1403 696 unum
1429 643 1568 696 inter
1599 657 1658 695 se
1688 656 1830 706 esse,
1857 641 1964 694 nisi

391 734 628 814 in'uobis
654 733 873 789 discant
898 735 1183 790 unitatem.
1213 733 1365 789 Hanc
1401 749 1562 803 porro
1598 743 1841 788 nostram
1867 749 1964 788 ex-

391 825 712 896 positionem
740 824 942 881 Paulus
966 825 1051 879 bis
1072 827 1250 882 verbis
1275 827 1564 881 conﬁrmat
1589 845 1602 879 :
1635 828 1762 880 meo
1786 837 1964 880 autem

389 918 765 988 transﬁgurari
782 919 839 970 in
866 935 944 970 me
973 927 1021 971 et
1049 919 1258 986 Apollo,
1282 928 1339 970 ut
1363 921 1419 971 in
1447 917 1595 972 uobis
1617 919 1837 973 discatis
1861 936 1965 972 non

386 1026 546 1079 supra
571 1009 708 1079 quod
746 1010 1000 1079 scriptum
1031 1018 1107 1063 est
1130 1010 1312 1078 inﬂari
1335 1011 1401 1064 ".
1436 1009 1529 1064 Illa
1555 1025 1686 1080 ergo
1705 1011 1961 1077 dictione,

384 1102 440 1156 in
453 1101 626 1166 nobis,
648 1099 872 1154 minime
885 1100 1226 1170 signiﬁcatur
1247 1116 1348 1155 nos
1365 1116 1486 1155 esse
1505 1101 1559 1154 in
1577 1099 1756 1165 Patre,
1773 1116 1966 1170 quem-

385 1193 677 1247 admodum
702 1192 753 1247 in
781 1192 898 1261 ipso
919 1200 1004 1246 est
1027 1192 1221 1257 Filius,
1248 1192 1340 1247 sed
1365 1193 1674 1262 exemplum
1704 1202 1761 1248 et
1788 1194 1964 1263 speci-

385 1300 510 1340 men
552 1285 888 1355 proponitur,
922 1284 1174 1354 idemque
1211 1294 1297 1340 est
1336 1301 1401 1339 ac
1443 1286 1488 1340 si
1531 1286 1804 1340 diceretur
1838 1304 1851 1339 :
1884 1285 1963 1338 Ex

385 1377 543 1432 nobis
567 1377 802 1432 discant.
838 1375 910 1431 Ut
933 1377 1079 1432 enim
1110 1375 1313 1432 Paulus
1337 1377 1658 1440 Corinthiis,
1684 1379 1764 1432 sic
1787 1377 1964 1432 Patris

382 1479 439 1527 et
461 1471 585 1526 Filii
619 1472 803 1526 unitas
841 1486 1034 1527 norma
1063 1478 1147 1525 est
1181 1469 1435 1524 omnibus
1477 1477 1532 1522 et
1575 1469 1782 1538 regula,
1806 1469 1964 1538 juxta

383 1581 584 1636 quam,
617 1565 923 1620 naturalem
958 1563 1139 1620 Patris
1183 1571 1238 1618 et
1265 1562 1386 1618 Filii
1417 1563 1680 1617 unitatem
1719 1571 1965 1618 conteru-

382 1658 617 1726 plantes,
635 1665 867 1726 possunt
886 1657 1118 1720 discere,
1143 1670 1383 1725 quonam
1407 1663 1462 1708 et
1485 1654 1586 1724 ipsi
1610 1654 1770 1708 modo
1795 1670 1961 1707 unum

2064 464 2132 533 τῇ
2168 461 2322 532 ἡμῶν
2357 461 2568 528 ὲνότητι
2593 459 2833 527 γένοιντο
2859 456 2953 509 καὶ
2974 454 3126 508 αὐτοὶ
3148 453 3205 506 ἓν
3221 451 3356 522 πρὸς
3382 451 3647 522 ἀλλήλους

2066 551 2257 616 οὕτως,
2280 552 2355 615 ὡς
2383 553 2545 622 ἡμεῖς
2575 550 2634 603 ἓν
2656 551 2823 621 ἐσμεν
2857 547 3016 618 φύσει
3054 547 3149 600 καὶ
3181 543 3407 616 ἀληθείᾳ.
3433 560 3436 568 ’
3468 542 3648 607 ἄλλως

2064 645 2122 700 δὲ
2176 646 2276 699 οὐκ
2313 644 2380 699 ἂν
2413 643 2654 712 γένοιντο
2693 641 2772 706 ἓν,
2823 642 2872 694 εί
2923 640 2996 711 μὴ
3033 641 3090 691 ὲν
3122 640 3252 710 ἡμῖν
3296 637 3509 708 μάθωσι
3542 637 3646 706 τὴν

2067 737 2321 807 ἑνότητα·
2370 737 2464 789 κα)¹
2507 736 2590 788 ὅτι
2621 733 2703 795 τὸ,
2741 733 2811 786 ὲν
2839 731 3001 801 ἡμῖν,
3037 729 3240 800 ταύτην
3270 728 3383 800 ἔχει
3420 727 3519 799 τὴν
3547 745 3649 800 ση-

2069 831 2269 902 μασίαν
2288 871 2303 892 ,
2356 828 2585 882 ἀκοῦσαι
2632 825 2846 880 Παύλου
2890 824 3141 892 λέγοντος
3165 822 3283 876 ἐστι
3303 838 3316 851 ·
3354 821 3548 876 Ταῦτα
3575 819 3647 874 δὲ

2061 920 2551 993 μετεσχημάτισα
2578 921 2665 984 εὶς
2699 913 2958 985 ἐμαυτὸν
2985 915 3083 967 καὶ
3124 911 3409 976 Ἀπολλὼ,
3444 913 3547 965 ἵνα
3573 911 3648 964 ἐν

2064 1015 2210 1084 ἡμῖν
2231 1014 2457 1084 μάθητε
2481 1010 2547 1065 τὸ
2563 1009 2650 1080 μὴ
2672 1008 2824 1076 ὑπὲρ
2846 1007 2884 1061 ἂ
2909 1007 3228 1077 γέγραπται
3250 1004 3642 1074 φυσιοῦσθαι.

2067 1106 2138 1158 T6
2168 1105 2297 1177 ἄρα,
2324 1105 2394 1158 ἐν
2410 1102 2577 1172 ἡμῖν,
2608 1102 2709 1155 οὐκ
2739 1099 2886 1152 ἔστιν
2916 1099 2974 1151 ὲν
3002 1097 3080 1168 τῷ
3112 1097 3288 1167 Πατρ).
3312 1136 3326 1160 ,
3366 1096 3442 1160 ὡς
3493 1095 3647 1148 ἔστιν

2065 1199 2092 1250 6
2123 1197 2250 1260 Υἱὸς
2304 1199 2361 1250 ἐν
2390 1195 2559 1265 αὐτῷ,
2591 1192 2727 1247 ἀλλὰ
2756 1190 3105 1262 παράδειγμα
3159 1191 3256 1242 καὶ
3303 1188 3486 1252 εἰκὼν,
3517 1188 3644 1242 ἀντὶ

2065 1290 2158 1344 τοῦ
2181 1292 2377 1352 εἰπεῖν,
2431 1287 2521 1354 Ἐξ
2551 1290 2582 1358 ἡ
2593 1285 2709 1358 μῶν
2742 1283 3082 1356 μαθέτωσαν.
3122 1283 3208 1343 Ὠς
3234 1282 3344 1352 γὰρ
3367 1283 3395 1335 ὁ
3426 1281 3644 1345 Παῦλος

2065 1387 2177 1446 τοῖς
2209 1380 2546 1453 Κορινθίοις,
2580 1379 2752 1442 οὕτως
2797 1381 2830 1450 ἡ
2861 1377 2956 1431 τοῦ
2996 1374 3125 1430 Υίοῦ
3152 1375 3245 1428 καὶ
3291 1373 3386 1427 τοῦ
3425 1373 3642 1445 Πατρὸς

2066 1476 2272 1546 ένότης,
2320 1476 2432 1536 τοῖς
2457 1474 2622 1526 πᾶσιν
2649 1470 3011 1543 ὑπογραμμὸς
3063 1469 3158 1522 καὶ
3211 1467 3447 1539 μάθησίς
3499 1469 3640 1531 ἐστι,

2065 1569 2186 1622 καθ’
2217 1569 2284 1640 ἢν
2310 1567 2566 1620 δύνανται
2619 1564 2908 1636 μανθάνειν
2939 1561 3086 1633 (86),
3117 1561 3403 1631 βλέποντες
3425 1562 3506 1622 εἰς
3539 1559 3643 1631 τὴν

2067 1660 2207 1713 κατὰ
2253 1659 2414 1729 φύσιν
2457 1658 2683 1728 ἑνότητα
2709 1655 2802 1709 τοῦ
2838 1656 3052 1728 Πατρὸς
3079 1654 3173 1708 καὶ⁹
3200 1653 3294 1707 τοῦ
3325 1651 3477 1716 Υίοῦ,
3520 1651 3643 1716 πῶς

384 1751 525 1804 inter
557 1765 617 1805 se
653 1765 773 1805 esse
801 1750 1108 1804 animorum
1145 1763 1414 1803 consensu
1454 1749 1703 1803 debeant.
1731 1746 1883 1812 Quod
1918 1747 1955 1801 si

2067 1753 2159 1805 καὶ
2181 1751 2334 1803 αὐτοὶ
2373 1750 2675 1818 ὀφείλουσιν
2713 1739 2771 1802 ἓν
2801 1749 2936 1819 πρὸς
2974 1747 3234 1817 ἀλλήλους
3266 1744 3512 1813 γίνεσθαι
3559 1742 3641 1816 τῷ

367 1840 546 1894 etiam
569 1839 726 1893 aliter
749 1839 897 1894 hunc
923 1837 1220 1908 Scriptura:
1251 1839 1432 1893 locum
1483 1837 1774 1892 defendere
1799 1855 1959 1907 opor-

368 1940 512 1997 rteat,
533 1930 631 1986 ἄιε
645 1945 827 1996 voces,
849 1932 906 1984 in
921 1931 1094 1996 nobis,
1122 1931 1263 1985 idem
1287 1931 1467 1985 valent
1496 1945 1560 1984 ac
1591 1930 1636 1984 si
1666 1930 1957 1991 diceretur,

377 2024 583 2078 virtute
613 2022 792 2078 Patris
837 2032 890 2077 et
928 2023 1051 2076 Filii
1085 2033 1147 2076 ut
1178 2038 1344 2077 unum
1394 2023 1558 2085 (iant,
1599 2023 1833 2091 idipsum
1875 2023 1958 2076 di-

368 2123 567 2169 ‘centes
591 2115 659 2168 ’³.
695 2113 750 2170 Id
771 2113 915 2170 enim
943 2114 1065 2168 sine
1095 2114 1207 2168 Deo
1231 2114 1349 2169 ﬁeri
1378 2115 1528 2169 nullo
1563 2117 1728 2168 modo
1761 2125 1954 2184 potest.

374 2203 536 2260 .Ilauc
576 2215 760 2260 autem
811 2205 1309 2275 interpretationem
1340 2220 1632 2274 possumus
1662 2206 1782 2259 aliis
1812 2204 1959 2260 Scri-

374 2307 556 2366 pturae
582 2298 717 2353 locis
749 2299 1125 2367 comprobare,
1145 2297 1286 2363 istis,
1307 2297 1536 2365 exempli
1559 2313 1743 2362 causa,
1771 2296 1837 2350 In
1857 2297 1959 2350 Deo

375 2387 634 2461 faciemus
646 2392 890 2444 virtutem
903 2391 976 2455 ὐς
994 2399 1069 2454 et,
1089 2388 1153 2442 In
1168 2388 1273 2443 Deo
1287 2391 1645 2459 transgredior
1659 2406 1867 2442 murum
1884 2390 1958 2456 ²¹¹;

381 2493 456 2548 et,
487 2482 514 2536 1
522 2499 555 2536 ιι
589 2493 637 2537 te
661 2483 903 2536 inimicos
945 2492 1154 2535 nostros
1177 2480 1542 2534 ventilabimus
1569 2496 1734 2534 cornu
1758 2481 1820 2534 ²⁶.
1838 2481 1958 2534 Cla-

381 2591 504 2631 rum
539 2585 624 2630 est
663 2574 834 2643 igitur
872 2588 974 2628 nos
1001 2573 1055 2626 in
1087 2573 1310 2627 nomiue
1335 2571 1516 2627 Patris
1546 2579 1600 2627 et
1636 2571 1760 2626 Filii
1789 2587 1956 2627 unum

380 2668 624 2733 eﬂ‘ectos,
657 2666 877 2720 firmum
909 2665 1200 2719 cbaritatis
1236 2665 1514 2719 vinculum
1547 2664 1746 2720 habere
1777 2679 1956 2734 posse.

383 2757 523 2812 Ilinc
559 2757 851 2820 Dominus,
869 2757 1114 2810 eamdem
1135 2755 1370 2810 dilatans
1387 2757 1737 2820 sententiam,
1757 2757 1865 2810 ait:
1892 2755 1961 2808 Et

378 2863 473 2918 ego
501 2847 724 2916 gloriam
739 2864 897 2916 quant
917 2847 1109 2900 dedisti
1129 2847 1278 2911 mihi,
1305 2847 1425 2900 dedi
1447 2847 1544 2911 eis,
1566 2858 1622 2900 ut
1639 2850 1744 2902 sint
1771 2865 1954 2914 unum,

379 2941 516 2993 sicut
545 2948 595 2993 et
618 2955 711 2992 nos
734 2954 893 2990 unum
921 2955 1102 2992 sumus
1120 2939 1183 2992 ³⁷.
1214 2938 1471 3007 Apposite
1496 2939 1584 2994 hic
1612 2955 1827 3010 quoque
1847 2956 1956 2995 non

379 3029 537 3093 dixit,
562 3027 632 3082 Ut
661 3028 770 3083 sint
797 3027 851 3080 in
876 3035 927 3082 te
949 3027 1109 3081 sicuti
1136 3041 1235 3096 ego
1272 3043 1415 3092 sum,
1449 3027 1564 3092 sed,
1594 3029 1731 3081 sicut
1756 3045 1848 3082 nos
1869 3047 1959 3082 suo

382 3135 533 3183 mus;
561 3133 668 3188 qua
705 3117 923 3186 quidem
957 3089 1250 3186 particula,
1287 3089 1443 3182 sicut,
1473 3089 1660 3185 aperte
1697 3119 1954 3186 ostendit,
1985 3089 2030 3150 ε

381 3226 488 3263 nou
520 3208 879 3272 identitatem,
899 3214 962 3266 it
989 3207 1062 3260 ita
1104 3207 1319 3275 loquar,
1345 3207 1664 3277 signiﬁcari,
1687 3208 1782 3265 sed
1821 3209 1955 3265 ima-

381 3305 558 3369 ginem
593 3309 648 3352 et
669 3297 942 3367 exemplar
975 3298 1223 3366 proponi.

450 3389 541 3444 22.
568 3387 754 3457 Itaque
769 3386 1006 3442 Verbum
1035 3389 1254 3457 quidem
1275 3403 1402 3443 vere
1428 3390 1674 3444 eamdem
1701 3399 1953 3446 naturam

380 3479 543 3534 habet
575 3494 641 3532 ac
672 3477 831 3531 Pater
861 3495 874 3530 :
908 3477 1067 3532 nobis
1093 3489 1272 3531 autem
1298 3477 1352 3532 id
1380 3478 1645 3534 duntaxat
1672 3481 1799 3536 licet
1826 3480 1955 3536 imi-

380 3571 507 3636 tari,
552 3569 711 3625 sicuti
756 3570 959 3624 dictum
993 3578 1073 3624 est
1107 3588 1119 3622 :
1163 3570 1308 3624 unde
1345 3573 1610 3627 continuo
1647 3574 1953 3644 subjunxit,

381 3663 493 3734 Ego
514 3665 570 3718 in
600 3665 698 3727 eis,
731 3673 780 3717 et
823 3674 880 3718 tu
920 3664 973 3716 in
1009 3680 1110 3730 me,
1141 3673 1196 3716 ut
1228 3665 1333 3717 sint
1361 3665 1577 3734 perfecti
1618 3667 1674 3720 in
1695 3684 1856 3722 ωιιιηι
1886 3669 1954 3725 ³⁸.

379 3755 591 3821 Quibus
617 3755 798 3810 verbis
829 3754 1007 3823 majus
1035 3763 1088 3808 et
1115 3754 1406 3824 perfectius
1437 3757 1639 3826 aliquid
1674 3774 1773 3828 pro
1797 3760 1955 3816 nobis

381 3847 574 3916 poscit.
603 3844 833 3901 Constat
858 3846 1003 3900 enim
1027 3844 1258 3901 Verbum
1293 3847 1347 3900 iu
1377 3848 1535 3902 nobis
1559 3847 1761 3904 factum
1784 3850 1944 3922 E53

377 3953 522 4000 esse,
553 3937 752 4007 quippe
775 3952 900 3991 cum
931 3946 1182 3992 nostrum
1215 3938 1452 3994 induerit
1472 3954 1691 4008 corpus.
1723 3940 1794 3994 Et
1816 3951 1873 3995 tu
1895 3944 1950 3996 in

378 4044 478 4094 me,
499 4027 663 4082 Pater
687 4043 705 4082 :
725 4028 992 4099 siquidem
1021 4036 1176 4083 tuum
1199 4044 1300 4099 ego
1319 4045 1443 4085 sum
1460 4029 1721 4101 Verbum,
1746 4042 1801 4089 et
1823 4049 1951 4104 pro-

449 4203 493 4234 "
533 4201 709 4274 I_Cor.
746 4220 819 4268 iv,
847 4204 900 4258 6.
978 4205 1024 4236 ³³
1063 4203 1232 4260 ICor.
1261 4222 1300 4270 ι,
1330 4206 1418 4262 10.
1496 4209 1538 4241 ³⁸
1568 4207 1713 4265 Psal.
1744 4224 1854 4274 us,
1888 4211 1974 4264 14.

378 4272 469 4325 22.
548 4272 594 4304 ’⁸
630 4274 765 4330 ibid.
793 4275 884 4329 25.

2061 1843 2388 1912 φρονήματι.
2425 1842 2487 1893 Εἰ
2515 1840 2571 1893 δὲ
2595 1840 2674 1893 δεῖ
2696 1839 2790 1892 καὶ
2814 1838 3014 1909 ἑτέρως
3042 1834 3482 1906 ἀπολογήσασθαι
3507 1833 3641 1906 περ).

2057 1934 2151 1986 τοῦ
2183 1933 2367 2004 ῥητοῦ,
2401 1932 2622 1986 δύναται
2656 1930 2815 1983 πάλιν
2839 1928 2918 1992 τὸ,
2947 1929 3014 1980 ἐν
3043 1926 3206 1995 ἡμῖν,
3251 1926 3362 1978 ἴσον
3391 1920 3529 1978 εἷναι
3558 1925 3639 1997 τῷ

2056 2025 2252 2093 λέγειν,
2275 2027 2339 2095 τῇ
2366 2024 2591 2094 δυνάμει
2614 2022 2705 2075 τοῦ
2731 2021 2944 2092 Πατρὺς
2985 2019 3095 2090 (87)
3124 2019 3218 2071 καὶ
3241 2017 3334 2071 τοῦ
3369 2017 3520 2083 Υίοῦ,
3550 2017 3639 2071 ἵνα

2059 2115 2116 2167 ἓν
2149 2115 2433 2184 γένωνται,
2461 2115 2523 2167 τὸ
2557 2112 2688 2165 αὐτὸ
2711 2111 2958 2179 λέγοντες
2977 2124 2990 2138 ’
3016 2108 3144 2162 ἄνευ
3167 2107 3276 2175 γὰρ
3304 2106 3440 2159 Θεοῦ
3478 2105 3638 2159 τοῦτο

2059 2208 2311 2278 γενέσθαι
2344 2207 2602 2261 ἀδύνατον
2626 2205 2736 2276 (88)
2761 2223 2775 2236 ·
2802 2204 3071 2258 καὶτοῦτο
3098 2202 3255 2256 πάλιν
3284 2201 3429 2254 ἔστιν
3452 2200 3638 2271 εὑρεῖν

2059 2304 2116 2354 ἐν
2148 2304 2260 2364 τοῖς
2293 2299 2459 2362 θείοις
2489 2299 2686 2367 λόγοις,
2717 2299 2792 2357 ὡς
2812 2297 2891 2362 τὸ,
2921 2299 3016 2350 Ἐν
3046 2294 3125 2360 τῷ
3153 2291 3272 2359 Θεῷ
3302 2291 3639 2361 ποιήσομεν·

2058 2394 2332 2462 δύναμιν,
2373 2393 2486 2455 καὶ,
2533 2391 2629 2445 Ἐν
2657 2390 2757 2444 σοὶ
2804 2390 2946 2456 τοὺς
2987 2388 3239 2458 ἐχθροὺς
3266 2385 3433 2454 ἡμῶν
3459 2402 3638 2454 κερα-

2059 2485 2318 2555 τιοῦμεν.
2361 2483 2566 2537 Οὐκοῦν
2613 2483 2786 2555 δῆλον,
2815 2483 2895 2534 ὅτι
2939 2482 2997 2533 ὲν
3023 2480 3244 2552 ὀνόματι
3278 2478 3490 2549 Πατρός
3541 2477 3639 2531 καὶ

2061 2577 2189 2630 Υίοῦ
2205 2576 2496 2648 δυνάμεθα,
2515 2576 2575 2629 τὸ
2589 2575 2646 2627 ἓν
2674 2575 2952 2643 γενόμενοι
2969 2614 2983 2637 ,
3007 2574 3220 2643 βέϐαιον
3235 2573 3374 2641 ἔχειν
3389 2572 3488 2642 τῆς
3503 2571 3638 2639 ἁγά-

2066 2687 2175 2740 πης
2192 2669 2281 2722 τὸν
2300 2668 2611 2739 σύνδεσμον.
2628 2667 2794 2720 Πάλιν
2815 2665 2943 2738 γὰρ,
2958 2667 3056 2736 τὴν
3078 2664 3246 2734 αὐτὴν
3263 2664 3502 2718 διάνοιαν
3521 2665 3633 2733 (89)

2059 2762 2406 2824 ὲπεκτείνων,
2440 2762 2601 2832 φησὶν
2629 2763 2657 2814 6
2690 2759 2892 2831 Κύριος
2917 2776 2930 2789 °
2967 2759 3139 2828 Κάγὼ
3164 2761 3278 2825 τὴν
3314 2756 3522 2822 δόξαν,
3554 2756 3638 2824 ἦν

2058 2850 2321 2916 δέδωκάς
2343 2868 2466 2920 μοι,
2491 2850 2718 2903 δέδωκα
2745 2849 2968 2914 αὐτοῖς,
3001 2850 3102 2902 ἵνα
3129 2844 3281 2902 ὦσιν
3312 2847 3400 2910 ἒν,
3436 2846 3636 2914 καθὼς

2058 2944 2230 3014 ἡμεῖς
2267 2944 2375 3015 (90)
2534 2943 2729 3007 Καλῶς
2757 2943 2850 2995 καὶ
2897 2941 3131 2995 ἐνταῦθα
3181 2943 3281 2994 οὐκ
3320 2937 3507 3003 εἶπεν,
3545 2940 3638 2994 ἵνα

2059 3030 2191 3090 ὦσιν
2226 3038 2283 3089 ὲν
2314 3035 2432 3099 σοὶ,
2473 3035 2548 3096 ὡς
2597 3033 2751 3102 κάγώ
2804 3035 2920 3105 εἰμι
2945 3051 2959 3063 ⁸
3012 3033 3164 3096 ἀλλὰ,
3212 3032 3406 3097 καθὼς
3438 3031 3633 3100 ἡμεῖς,

2062 3125 2214 3182 εἶπεν
2233 3145 2246 3158 ·
2277 3130 2305 3181 ὁ
2329 3128 2385 3181 δὲ
2407 3129 2599 3196 λέγων,
2627 3132 2821 3193 καθως
2843 3169 2856 3192 ,
2891 3127 2952 3180 οὐ
2997 3126 3298 3197 ταυτότητα
3339 3124 3634 3188 δείκνυσιν,

2062 3217 2175 3272 ἀλλ’
2207 3219 2390 3271 εἰκόνα
2417 3217 2511 3271 καὶ
2537 3216 2886 3288 παράδειγμα
2916 3216 3008 3269 τοῦ
3032 3215 3346 3286 λεγομένου.

2129 3395 2218 3450 2‘2.
2261 3395 2320 3449 '0
2355 3394 2452 3465 μὲν
2483 3391 2575 3446 οὖν
2603 3393 2772 3461 Λόγος
2798 3392 2895 3462 τὴν
2925 3391 3091 3454 ὅντως
3124 3391 3217 3444 καὶ
3255 3389 3470 3461 ἀληθῶς
3497 3407 3635 3443 ταυ-

2056 3488 2259 3558 τότητα
2287 3488 2387 3558 τῆς
2431 3487 2644 3556 φύσεως
2675 3486 2752 3556 τῷ
2776 3487 2950 3557 Πατρὶ
2982 3485 3112 3555 ἔχει’
3144 3485 3271 3554 ἡμῖν
3295 3484 3350 3537 δὲ
3374 3483 3482 3554 ἄρα
3518 3484 3634 3554 (91)

2053 3580 2116 3634 τὸ
2169 3579 2451 3651 μιμεῖσθαι
2503 3579 2828 3650 πρόσεστιν,
2872 3578 3059 3649 ὥσπερ
3106 3575 3341 3647 εἴρηταισ
3384 3577 3477 3629 καὶ
3521 3576 3634 3648 γὰρ

2054 3671 2214 3734 εὐθὺς
2244 3673 2513 3742 ἐπήγαγε,
2537 3671 2730 3738 λέγων’
2775 3670 2921 3739 Ἐγὼ
2949 3669 3019 3722 ἐν
3056 3668 3290 3734 αὐτοῖς,
3319 3667 3418 3721 καί
3446 3667 3530 3720 σὺ
3562 3667 3636 3722 ἐν

2053 3763 2206 3832 ἐμοὶ,
2234 3764 2335 3816 ἵνα
2360 3759 2471 3816 ὦσι
2497 3763 2935 3832 τετελειωμένοι
2971 3763 3058 3826 εἰς
3089 3761 3175 3814 ἓν.
3221 3759 3481 3812 Ἐνταῦθα
3515 3758 3628 3813 λοι-

2053 3854 2154 3908 πὺν
2189 3854 2298 3924 (99)
2337 3853 2518 3924 μεῖζόν
2546 3871 2598 3907 τι
2628 3854 2720 3907 καὶ
2758 3854 3089 3923 τελειότερον
3123 3853 3249 3924 περ).
3278 3851 3433 3922 ἡμῶν
3458 3852 3487 3903 6
3514 3852 3635 3905 Κύ-

2054 3961 2169 4014 ριος
2200 3946 2360 4010 αἰτεῖ,
2404 3943 2560 4015 δῆλον
2595 3943 2726 4015 γὰρ,
2757 3944 2832 4006 ὡς
2869 3945 2924 3996 ἐν
2960 3945 3093 4014 ἡμῖν
3123 3943 3346 4010 γέγονεν
3371 3944 3399 3994 6
3431 3942 3632 4009 Λόγος·

2050 4035 2112 4089 τὸ
2155 4035 2264 4108 γὰρ
2297 4035 2562 4108 ἡμέτερον
2603 4035 2888 4112 ἐνεδύσατο
2928 4035 3106 4105 σῶμα.
3145 4034 3254 4088 Καὶ
3296 4034 3406 4104 (95)
3447 4033 3530 4088 σὺ
3562 4032 3638 4087 δὲ

2051 4213 2096 4244 ’³
2137 4209 2282 4268 Psal.
2310 4228 2444 4276 xvii,
2481 4210 2568 4266 50.
2648 4213 2694 4243 ¹⁶
2738 4213 2877 4267 Psal.
2911 4225 3066 4271 mit.
3092 4209 3147 4266 6.
3225 4211 3268 4242 ³⁷
3306 4209 3462 4266 Joan.
3495 4227 3637 4280 xvu,

450 4423 562 4500 (85)
601 4423 844 4500 Uterque
871 4425 1090 4500 Regius,
1113 4426 1271 4500 τοῦτο
1300 4428 1356 4481 δὲ
1385 4429 1536 4500 οὐδὲν
1561 4428 1746 4500 ἕτερον
1773 4427 1944 4496 λέγων

2066 4439 2154 4483 etc.
2195 4428 2298 4480 Alii
2341 4438 2396 4482 et
2417 4428 2570 4500 _editi
2618 4430 2679 4482 τό
2713 4432 2997 4500 omittunt.
3036 4432 3368 4500 Anglicanus
3398 4432 3628 4499 ibidem,

378 4495 1091 4568 ἐσήμανεν.δεευειίοίηυε,
1125 4499 1440 4568 ἐσήμαινεν,
1490 4495 1693 4567 Regius
1737 4495 1946 4568 primus

377 4577 428 4636 et
450 4565 834 4636 r’Segueriauus
865 4567 1084 4636 ibidem,
1115 4565 1347 4636 γίνοιντο
1378 4571 1470 4620 καὶ
1503 4565 1655 4621 αὐτοὶ
1689 4565 1825 4636 πρὸς
1848 4567 1944 4620 ἁλ-

376 4634 590 4705 λήλους.
617 4634 776 4690 Deest
798 4637 924 4689 item
957 4635 1014 4688 ἓν
1047 4638 1099 4689 in
1129 4634 1354 4693 ‘Gobler.
1386 4650 1440 4692 et
1464 4637 1700 4694 Felckm.
1728 4634 1780 4700 1,
1815 4649 1873 4692 ιιι
1893 4646 1946 4691 et

379 4721 505 4760 mox
535 4715 674 4778 post;
685 4708 865 4776 ἡμεῖς,
901 4707 1140 4776 itemque
1166 4717 1287 4776 post
1311 4708 1572 4776 γένοιντο.
1609 4707 1810 4778 Regius
1834 4708 1946 4778 pri-

370 4790 501 4829 mus
536 4773 596 4829 et
641 4773 1008 4847 seguerianus
1042 4773 1300 4832 omittunt
1325 4773 1562 4847 quidem
1597 4777 1656 4831 ἓν
1685 4773 1807 4846 post
1834 4773 1943 4845 “γέ-

377 4861 552 4898 νοιντο
575 4853 629 4898 et
656 4847 836 4916 ἡμεῖς,
871 4846 964 4899 sed
993 4846 1194 4922 habent
1225 4856 1345 4915 post
1380 4848 1626 4970 ἀλέγθείᾳ.

449 4913 562 4970 (86)
603 4913 733 4970 Rea.
767 4913 819 4970 1.
851 4913 1075 4970 ὃθιιυετ.
1109 4918 1330 4970 Gobler.
1360 4927 1415 4970 et
1480 4919 1626 4970 elcku

449 4913 562 4985 (86)
603 4913 733 4985 Reg.
767 4913 819 4980 1,
851 4913 1075 4983 Seguer.
1109 4913 1330 4972 Gobler.
1360 4927 1415 4970 et

364 4983 581 5056 -θάνειν,
610 4983 1069 5056 iidemquepaulo
1096 4997 1238 5056 post,
1263 4987 1526 5055 γίνεσθαι.
1549 4988 1742 5042 Caneri
1768 4983 1821 5040 et
1841 4987 1949 5040 edi-

366 5057 441 5115 .ti,
476 5053 667 5122 μαθεῖν
698 5065 752 5109 et
781 5053 1052 5122 γενέσθαι.

440 5099 441 5105 η
517 5071 667 5106 αυειν
698 5071 752 5109 et
781 5071 1052 5122 γενεσθαι.

440 5071 564 5194 ,(87)
604 5122 804 5194 Regius
839 5126 1045 5194 primus
1084 5136 1139 5181 et
1184 5126 1574 5194 Seguerianus,
1605 5126 1826 5181 δύναται
1858 5126 1941 5187 τὸ,

367 5196 438 5318 .3
461 5191 615 5333 ﬁgit,
640 5191 800 5318 πῗιλιν
833 5191 946 5248 ἴσον
980 5191 1117 5251 εἶναι
1158 5199 1224 5268 τῇ
1260 5191 1494 5267 ’δυνάμει
1533 5197 1609 5268 τῷ
1642 5197 1818 5266 λέγειν
1849 5195 1944 5248 τοῦ

433 5280 499 5316 ατ.
564 5281 612 5327 ς,
647 5281 676 5318 e
702 5282 750 5318 c.

433 5275 612 5327 ατρος,
647 5275 750 5318 81C.

451 5330 560 5405 (88)
601 5332 802 5405 Regius
846 5337 1056 5405 primus
1087 5346 1142 5392 et
1185 5335 1574 5405 Seguerianus,
1608 5338 1666 5390 οὐ
1701 5336 1941 5390 δύναται.

378 5400 598 5456 Gobler.
637 5400 705 5457 et
728 5400 963 5460 Felckm.
991 5407 1044 5470 1,
1084 5409 1146 5460 οὐ
1177 5400 1428 5460 δυνατόν’
1473 5400 1567 5461 κα).
1591 5407 1748 5460 τοῦτο
1783 5406 1942 5460 πάλιν

378 5472 526 5550 ἔστιν
559 5471 685 5550 ἰδεῖν
717 5477 774 5550 έν
804 5479 934 5550 τοῖς.
968 5477 1168 5550 Ibidem
1196 5476 1402 5550 Regius
1419 5479 1626 5550 primus
1657 5487 1709 5531 et
1739 5475 1949 5550 Segne:

324 5582 330 5595 .
382 5545 588 5615 genus,
620 5542 837 5615 λογίοις.
872 5547 1064 5615 Qaeteri
1089 5556 1142 5600 et
1170 5542 1319 5612 editi,
1347 5542 1707 5615 Mfotgultem
1741 5542 1937 5600 ibidem

348 5674 353 5681 _
382 5610 512 5682 Reg.
549 5611 598 5678 I,
635 5610 858 5681 Séguer.
885 5613 1102 5671 Gobler.
1131 5627 1184 5672 ct
1214 5610 1451 5684 b‘elbkui.
1478 5618 1527 5672 1.
1562 5617 1736 5690 ὼςιτὸ,
1762 5620 1818 5670 ἐν
1839 5615 1936 5686 τῷ,

1480 4919 1674 4989 eIcItm.
1707 4918 1759 4981 ‘I,
1809 4933 1946 4989 μαν-
2023 4919 2086 4989 ’ή

2053 4500 2384 4574 ποιήσωμεν.
2417 4496 2593 4574 Basil1
2609 4512 2667 4574 et
2683 4499 2988 4574 Felckm.5,
3013 4496 3330 4574 ποιῆσομαι.
3361 4501 3493 4558 Mss.
3523 4496 3634 4560 ibi;

2052 4567 2195 4639 dem,
2220 4569 2327 4639 Xa).
2355 4569 2412 4620 ὲν
2449 4567 2528 4638 τῷ
2560 4569 2697 4639 Θεῷ.
2732 4570 2790 4624 In
2823 4574 2981 4627 editis
3007 4573 3100 4626 καί
3129 4567 3304 4626 deest.

2125 4637 2236 4760 (89)
2277 4637 2717 4718 ϐουιθιςὶιιιιιιεθι
2744 4639 3096 4723 elckmauui
3139 4643 3367 4710 primus,
3398 4644 3497 4713 τὴν
3530 4645 3611 4697 αὖε

2125 4726 2148 4760 ν
2179 4727 2213 4760 α
2237 4709 2379 4760 τίαν.
2405 4709 2606 4760 Ibidem
2637 4709 2838 4760 Remus
2872 4728 3080 4760 nrimus
3133 4723 3187 4760 et
3237 4709 3606 4760 Senum-ianus

2050 4708 2148 4780 τὴν
2179 4708 2838 4781 ai1_lav.lb_idemRegius
2871 4713 3080 4781 primus
3133 4708 3187 4765 et
3237 4708 3606 4781 Segueri'auus

2052 4777 2402 4832 ὲτὲεκτείνων.
2435 4777 2626 4832 Caneri
2656 4777 2887 4844 et'editi,
2923 4783 3201 4836 ἐκτείνων.

2125 4848 2235 4919 (90)
2276 4846 2408 4920 Reg.
2439 4849 2491 4920 1,
2522 4847 2743 4917 Seguer.
2772 4849 2988 4906 Gobler.
3017 4863 3070 4906 et
3097 4851 3336 4908 Felckm.
3364 4852 3417 4916 1,
3446 4852 3631 4920 καθὼς

2267 4916 2458 4994 Quaeri
2487 4916 2719 4994 et_editi,_
2747 4921 2929 4985 καθὼς
2946 4924 3258 4994 διαὶγὴμείς.

2126 4988 2234 5057 (91)
2276 4985 2672 5059 Uterque-Reg.
2689 4989 2912 5060 Seguer.
2933 4985 3150 5048 Gobler.
3173 4985 3356 5048 [θείοις.
3377 4993 3400 5045 1
3424 5003 3479 5047 et
3500 4993 3557 5057 5,
3579 4996 3632 5047 εἰ

2129 5075 2182 5110 α.

2095 5075 2249 5208 ρῗθί)
2277 5128 2476 5208 ῥοιπόν
2497 5129 2664 5208 _abest
2704 5147 2734 5184 a
2765 5131 3002 5208 eiciam.
3041 5133 3095 5187 5.
3129 5132 3250 5187 Mox
3280 5138 3482 5208 Regius
3512 5137 3631 5206 pri-

2204 5195 2257 5252 et
2287 5195 2672 5278 Segug'iauus,
2701 5204 2795 5254 καὶ
2831 5201 3100 5278 θειότερον
3136 5220 3233 5278 pro
3269 5195 3626 5278 τελειότερον,

2054 5268 2326 5349 iidemque
2357 5279 2410 5349 et
2438 5268 2876 5349 Qobleriauuset
2899 5268 3153 5349 Feleltmf
3180 5277 3200 5326 1
3242 5279 3452 5349 addunt
3494 5268 3630 5348 τὶερ).

2051 5339 2227 5407 ἡμῶν,
2263 5339 2406 5407 quod
2439 5339 2490 5392 iu
2521 5341 2644 5393 aliis
2673 5350 2727 5393 et
2752 5344 2986 5398 editione
3011 5345 3274 5398 Conuuel.
3307 5347 3476 5400 deest.

2122 5406 2233 5484 (95)
2261 5406 2369 5484 Κοιί
2402 5409 2553 5484 deest
2582 5410 2646 5484 iu_
2664 5409 2883 5484 Gobler.
2917 5423 2969 5467 et
3002 5414 3146 5467 Felc.
3177 5415 3227 5467 1.
3257 5415 3457 5470 Ibidem
3489 5415 3624 5484 Reg.

2051 5475 2101 5559 LI‘,
2133 5479 2189 5529 ἐν
2219 5478 2360 5559 spot:
2399 5480 2525 5559 περὶ
2555 5479 2788 5559 σοῦ-,γᾴρ
2833 5487 2948 5559 εξμι
2988 5485 3189 5559 λΛόγος.
3213 5484 3351 5559 Mox
3402 5475 3628 5559 Regfi',

2050 5546 2292 5626 δέδεμαι..
2321 5546 2537 5626 Gobler.
2569 5559 2623 5604 et
2652 5546 2794 5606 me.
2835 5546 3010 5619 1,’καὶ
3050 5546 3244 5618 διασέ,
3282 5566 3388 5610 etc.
3420 5546 3527 5611 Alii
3570 5546 3629 5613 ct

2045 5617 2172 5670 editi
2201 5617 2292 5670 καί
2323 5619 2598 5672 omittunt.
