3840 6220
193 281 316 344 373
702 287 704 292 ’
1305 282 1568 340 ORATIO
1604 283 1674 339 111
1714 283 1996 342 CONTRA
2035 284 2352 343 ARIANOS.
3345 293 3450 351 574

270 400 359 454 24.
404 400 596 470 Ἡμεῖς
627 399 726 470 μὲν
756 395 867 463 οὖν,
890 399 1013 453 ὅσον
1038 401 1206 465 αὑτὰς
1237 399 1336 465 τὰς
1357 402 1528 467 λέξεις
1557 405 1648 457 τοῦ
1679 407 1775 476 ρη-

1946 403 2037 459 24.
2061 402 2170 458 Nos
2195 403 2396 473 itaque,
2423 411 2692 472 quatenus
2725 403 2884 459 allata
2930 402 3224 474 Scripturte
3262 407 3446 474 verba,

192 490 297 544 τοῦ
344 490 569 544 δυνατὸν
615 486 684 561 ἦν
730 491 1092 562 ἁπλούστερον
1138 492 1444 564 θεωρῆσαι,
1489 494 1708 548 ταῦταὲ

1929 495 2037 549 cuit
2063 494 2365 564 simplicius
2402 495 2752 565 perpendere,
2785 495 2899 550 haec
2922 495 3039 550 fuse
3065 495 3445 552 disseruimus.

195 580 410 634 πολλῶν
432 575 758 653 εἰρἡκαμεν·
805 583 834 634 ό
878 581 935 636 δὲ
970 582 1234 654 μακάριος
1278 584 1529 656 Ἰωάννης
1570 584 1681 654 (15)

1932 593 2079 640 eatus
2105 593 2284 639 autem
2311 583 2546 640 Joannes
2571 585 2802 641 breviter
2829 597 2882 641 et
2910 587 3068 656 longe
3101 587 3256 663 nobis
3286 603 3448 643 accu-

194 673 301 743 τῆς
343 671 661 742 Ἐπιστολῆς
710 672 768 725 ὲν
806 673 1007 741 ὀλίγοις
1052 675 1147 727 καὶ
1179 673 1536 746 ,τελειώτερον
1580 676 1710 746 μᾶλλ

1931 675 2051 730 ιιίυε
2091 692 2213 746 quae
2261 677 2335 732 sit
2361 677 2506 731 illius
2530 677 2634 732 loci
2671 678 2957 741 sententia,
2987 694 3048 732 ex
3078 676 3317 747 Epistola
3349 695 3447 734 sua

194 762 357 832 ἡμῶν
380 762 547 827 δείξει
568 762 1099 834 τῶνγεγραμμένων
1121 764 1213 819 τὸν
1235 765 1379 830 νοῦν,
1402 767 1496 820 καὶ
1520 766 1710 835 διελέγξ

1931 768 2252 824 :claraturus
2277 776 2380 833 est,
2400 784 2506 837 qua
2535 778 2589 824 et
2615 784 2834 840 pravam
2863 771 3156 838 impiorum
3181 771 3447 842 interpre-

200 854 303 923 μὲν
350 853 450 925 τὴν
492 857 603 907 τῶν
650 854 862 908 ἀσεϐῶν
908 854 1180 920 διάνοιαν,
1226 857 1425 923 διδάξει
1473 858 1530 911 δὲ
1574 856 1716 921 πῶς

1934 859 2132 914 tionem
2179 858 2456 923 refutabit,
2492 869 2548 915 et
2585 861 2746 916 simul
2778 861 3012 929 docebit,
3040 865 3314 933 quomodo
3346 879 3448 920 nos

195 945 362 1013 ἡμεῖς
395 944 508 1015 (Μ)
537 946 594 999 έν
625 943 703 1015 τῷ
739 945 857 1016 θεῷ
889 945 1169 1017 γινόμεθα,
1197 949 1291 1002 και
1313 951 1342 1002 ό
1372 949 1505 1012 Θεὸς
1537 951 1595 1004 ὲν
1622 951 1711 1020 ἠμι

1927 970 1930 1000 ι
1963 947 2074 1004 Deo
2109 965 2230 1006 esse
2258 965 2571 1020 possumus,
2599 960 2652 1006 et
2680 951 2822 1007 Deus
2856 952 2910 1006 in
2939 953 3096 1009 nobis
3129 974 3141 1008 ;
3173 969 3284 1024 quo
3316 955 3443 1009 item

195 1035 295 1087 καὶ
324 1035 445 1099 πῶς
485 1035 647 1090 πάλιν
675 1037 836 1107 ἡμεῖς
867 1038 964 1108 μὲν
999 1039 1056 1090 ὲν
1087 1037 1234 1108 αὐτῷ
1275 1039 1535 1110 γινόμεθα
1560 1041 1640 1108 ἓν,
1674 1058 1711 1093 π

1930 1045 2036 1092 Icto
2062 1054 2165 1094 nos
2209 1054 2378 1093 unum
2422 1040 2478 1093 in
2513 1041 2632 1110 ipso
2673 1040 2957 1106 eﬂicimur,
2987 1051 3040 1097 et
3062 1055 3324 1113 quantum
3350 1044 3446 1100 Fi-

195 1142 291 1178 σον
317 1125 375 1179 δὲ
407 1126 658 1197 διέστηκε
689 1126 785 1199 τὴν
817 1127 975 1196 φύσιν
1005 1127 1116 1201 (15)
1137 1131 1166 1182 ό
1198 1130 1326 1195 Υἱὸς
1357 1131 1451 1201 ἀφ’
1478 1132 1652 1202 ἡμῶνο
1682 1151 1711 1186 κ

1931 1143 1982 1183 ιε
2026 1137 2218 1184 natura
2265 1144 2296 1183 a
2337 1129 2495 1185 nobis
2539 1130 2787 1196 differat;
2835 1132 3159 1204 tandemque
3212 1136 3447 1194 Arianos

193 1216 400 1270 παύσει
432 1217 616 1270 λοιπδν
638 1219 765 1281 τοὺς
812 1219 1121 1290 ’Λρειανοὺς
1157 1222 1352 1294 μηκέτι
1383 1225 1625 1295 νομίζειν
1651 1227 1709 1279 ἑα

1930 1219 2167 1285 tercebit,
2193 1221 2486 1290 quominus
2523 1221 2758 1290 amplius
2797 1234 3017 1293 sperent
3063 1202 3121 1280 se
3163 1235 3223 1280 ut
3247 1225 3446 1283 Filium

192 1307 323 1370 τοὺς
353 1305 574 1361 ἔσεσθαι
606 1308 690 1372 ὡς
724 1307 815 1362 τὸν
850 1309 1010 1375 Υἱὸν,
1050 1310 1138 1366 ἵνα
1166 1313 1238 1385 μὴ
1278 1315 1372 1368 καὶ¹
1416 1315 1569 1368 αὐτοὶ
1613 1316 1708 1370 άκο

1939 1319 2090 1366 turos
2118 1311 2411 1381 aliquando
2446 1327 2586 1379 esse,
2616 1328 2684 1366 ne
2716 1313 2863 1382 ipsos
2889 1331 3106 1385 quoque
3137 1316 3253 1373 haec
3283 1319 3448 1374 verba

197 1413 356 1450 σωσι·
391 1399 478 1452 Σὺ
520 1399 590 1452 δὲ
626 1397 687 1454 ετ
723 1399 1032 1469 ἄνθρωπος
1071 1403 1170 1457 καὶ
1218 1407 1290 1459 οὐ
1326 1407 1489 1472 Θεός·
1522 1409 1638 1473 καὶ,
1675 1412 1713 1462 Μ

1935 1402 2197 1472 spiciant:
2236 1405 2314 1459 Tu
2336 1413 2510 1458 autem
2540 1405 2692 1459 homo
2715 1422 2768 1459 es
2797 1414 2976 1462 etram
2999 1407 3141 1462 Deus
3161 1409 3237 1475 8';
3269 1417 3346 1476 et,
3365 1409 3450 1468 Na

193 1491 714 1558 συμπαρεκτείνου
749 1492 938 1561 πένης
976 1491 1062 1545 ὢν
1092 1495 1388 1562 πλουσίῳ.
1428 1497 1631 1567 Γράφει
1662 1515 1709 1552 τι

1939 1531 1954 1556 ,
1992 1495 2082 1563 qui
2124 1510 2322 1564 pauper
2349 1512 2426 1562 es,
2467 1507 2534 1551 te‘
2557 1497 2714 1551 diviti
2749 1500 3033 1568 aequaveris
3057 1500 3125 1554 ⁸³.
3165 1498 3291 1556 Haec
3321 1511 3449 1557 sunt

192 1597 292 1631 νυν
328 1583 357 1634 6
397 1581 653 1653 Ἰωάννης
687 1581 831 1636 οὕτω
873 1583 1047 1652 λέγων
1078 1581 1210 1654 (16)·
1258 1586 1360 1639 Ἔν
1387 1588 1578 1654 τούτῳ
1608 1606 1708 1658 rm

1932 1598 2004 1653 go
2040 1601 2161 1654 quae
2185 1587 2374 1641 scribit
2397 1586 2634 1642 JOannes
2672 1606 2684 1641 :
2722 1587 2790 1641 In
2806 1589 2906 1642 hoc
2934 1591 3293 1659 cognoscimus
3320 1608 3448 1662 quo-

193 1688 448 1745 σκομεν,
479 1673 567 1728 ὅτι
596 1675 666 1728 ὲν
692 1673 851 1740 αὐτῷ
871 1675 1152 1745 μένομεν,
1179 1679 1275 1731 καὶ
1303 1679 1487 1744 αὐτὸς
1514 1680 1583 1733 ἐν
1607 1679 1709 1749 ήμῖ

1951 1691 2020 1728 rm
2064 1677 2122 1729 in
2164 1693 2223 1730 eo
2261 1694 2550 1742 nionemus,
2586 1685 2636 1732 et
2677 1678 2785 1748 ipse
2812 1679 2867 1732 in
2897 1681 3044 1734 nobis
3067 1697 3085 1734 :
3107 1682 3357 1750 quoniam
3387 1680 3467 1734 de-

193 1763 288 1817 ὅτι
311 1765 381 1818 ἐκ
421 1765 528 1818 τοῦ
555 1767 900 1836 Πνεύματος
935 1769 1121 1822 αὺτοῦ
1155 1767 1412 1822 δέδωκεν
1434 1769 1600 1838 ἡμῖν.
1635 1772 1709 1824 Οὐ

1934 1766 2082 1819 φίνὶιιι
2126 1783 2221 1820 suo
2263 1767 2406 1821 dedit
2453 1768 2600 1822 nobis
2622 1768 2687 1824 “.
2713 1769 2900 1840 Itaque
2947 1778 3168 1840 propter
3214 1769 3450 1841 Spiritus

192 1853 294 1906 οῦν
341 1853 431 1908 διὰ
477 1854 573 1926 τὴν
616 1856 905 1927 δεδομένην
947 1859 1076 1928 ἡμῖν
1117 1858 1208 1911 τοῦ
1259 1859 1573 1929 Πνεύματος
1617 1861 1708 1931 χάε

1932 1857 2127 1921 'atiam,
2155 1874 2279 1928 qua:
2319 1861 2478 1916 nobis
2511 1861 2635 1916 data
2668 1870 2772 1928 est,
2793 1869 2848 1917 et
2886 1876 2988 1917 nos
3031 1862 3088 1916 in
3121 1861 3213 1916 illo
3234 1877 3448 1929 sumus,

192 1947 359 2015 ἡμεῖς
384 1962 446 1998 τε
473 1948 531 1998 ὲν
571 1946 718 2018 αὐτῷ
752 1948 1036 2019 γινόμεθα,
1071 1949 1164 2002 καὶ
1205 1949 1364 2012 αὐτὸς
1405 1952 1463 2003 ἐν
1495 1951 1646 2021 ἡμῖν⁶
1680 1969 1708 2004 κ

1934 1947 2045 2003 ιὶΙΙθ
2067 1959 2150 2003 est
2179 1950 2233 2003 in
2257 1951 2414 2006 nobis
2440 1972 2451 2005 :
2477 1968 2541 2008 ac
2581 1954 2807 2023 proinde
2827 1967 2950 2007 cum
2970 1951 3064 2007 Dei
3091 1954 3179 2010 ille
3211 1952 3450 2023 Spiritus

194 2037 387 2107 ἐπειδὴ
416 2038 478 2090 τὸ
509 2038 732 2110 Πνεῦμα
760 2040 854 2093 τοῦ
888 2040 1022 2094 Θεοῦ
1057 2042 1193 2105 ἐστι,
1219 2040 1306 2094 διὰ
1333 2041 1522 2095 τούτου
1553 2059 1710 2114 γινομ

1935 2048 1970 2102 t,
1996 2039 2201 2094 idcirco
2219 2041 2435 2110 quando
2456 2043 2614 2098 illein
2645 2042 2805 2098 nobis
2828 2043 3001 2110 adest,
3032 2059 3152 2110 nos,
3186 2044 3275 2112 qui
3301 2058 3451 2098 eum-

192 2145 287 2180 νου
326 2130 384 2181 ὲν
424 2130 554 2200 ἡμῖν
588 2130 812 2194 εἰκότως
842 2132 937 2184 καὶ
969 2134 1148 2203 ἡμεῖς,
1193 2131 1406 2203 ἔχοντες
1425 2132 1486 2186 τὸ
1525 2133 1708 2205 Πνεῦμ

1933 2145 1997 2183 :m
2037 2128 2298 2199 Spiritum
2334 2131 2618 2197 habemus,
2661 2130 2786 2201 jure
2827 2131 3022 2186 merito
3071 2132 3124 2186 iu
3171 2131 3283 2186 Deo
3327 2148 3449 2187 esse

192 2221 535 2291 νομιζόμεθα
580 2224 638 2275 ἐν
692 2222 770 2292 τῷ
820 2223 938 2294 Θεῷ
988 2223 1241 2291 γενέσθαι
1291 2224 1425 2297 (17)ο
1471 2227 1562 2279 καὶ
1602 2225 1708 2279 οὔτι

1932 2219 2253 2275 :istimamur
2281 2239 2295 2275 :
2326 2235 2498 2290 eaque
2527 2221 2738 2276 ratione
2761 2219 2902 2276 Deus
2927 2229 3010 2274 est
3041 2221 3095 2274 in
3129 2221 3306 2276 nobis.
3329 2220 3448 2276 Non

193 2314 347 2367 eam
381 2316 412 2366 ό
438 2313 567 2378 Θεὸς
591 2318 648 2368 ὲν
671 2318 821 2386 ἡμῖν.
854 2319 966 2371 Οὐκ
999 2318 1105 2390 ἄρα
1127 2317 1202 2381 ὼς
1224 2315 1368 2371 ἔστιν
1392 2320 1426 2370 6'
1445 2317 1570 2381 Υἱὸς
1609 2319 1666 2371 ὲν
1697 2337 1709 2354 ι

1933 2311 2042 2365 itur
2081 2319 2141 2365 ut
2181 2320 2264 2366 est
2291 2310 2462 2366 Filius
2497 2313 2549 2366 in
2576 2312 2759 2380 Patre,
2785 2313 2861 2368 ita
2885 2323 2940 2368 et
2965 2328 3065 2368 nos
3092 2314 3147 2367 in
3181 2310 3341 2367 Patre
3361 2327 3449 2366 su-

192 2407 396 2479 Πατρὶ,
432 2407 572 2461 οὕτω
616 2409 711 2462 καὶ
744 2413 904 2480 ἡμεῖς
935 2408 1199 2480 γινόμεθα
1236 2409 1293 2463 ὲν
1323 2408 1400 2479 τῷ
1432 2409 1608 2481 Πατρί
1637 2407 1708 2481 (11

1932 2418 2018 2458 us.
2049 2400 2296 2473 Namque
2333 2403 2504 2458 Filius
2543 2419 2653 2459 non
2693 2405 2752 2459 iit
2799 2403 3054 2475 Spiritus,
3086 2404 3355 2474 particeps
3387 2411 3448 2457 ut

192 2499 254 2550 οὐ
289 2499 402 2569 γὰρ
437 2499 533 2552 καὶ
559 2502 587 2553 ὁ
617 2501 745 2565 Υἱὸς
778 2502 1017 2572 μετέχων
1051 2501 1167 2554 ἐστὶ
1189 2500 1280 2554 τοῦ
1318 2501 1653 2572 Πνεύματος,
1689 2504 1708 2557 ῖ

1929 2503 1948 2549 ι
1993 2495 2048 2549 in
2092 2493 2274 2562 Patre,
2299 2511 2475 2566 neque
2503 2496 2620 2566 ipse
2662 2496 2921 2566 Spiritum
2955 2496 3169 2564 accipit,
3199 2494 3291 2549 sed
3320 2509 3445 2549 eum

191 2589 283 2643 διὰ
311 2590 470 2644 τοῦτο
500 2592 593 2644 καὶ
622 2595 679 2645 ὲν
713 2592 789 2664 τῷ
833 2594 1006 2665 Πατρὶ
1037 2595 1280 2665 γένηται⁸
1328 2594 1447 2648 οὐδὲ
1486 2595 1707 2666 λαμϐάν‹

1928 2585 2057 2641 ttius
2083 2585 2335 2640 omnibus
2362 2586 2620 2655 impertit.
2645 2583 2754 2640 Nec
2786 2586 2910 2640 item
2940 2584 3175 2654 Spiritus
3205 2581 3444 2636 Verbum

193 2682 317 2734 εστὶ
347 2681 408 2735 τὸ
434 2683 545 2754 (19)
581 2684 826 2755 Πνεῦμα,
872 2687 1006 2740 ἀλλὰ
1056 2687 1253 2756 μᾶλλον
1299 2688 1460 2748 αὐτὸς
1489 2690 1602 2752 τοῖς
1643 2691 1709 2743 πᾶ

1930 2691 2001 2730 tm
2050 2675 2212 2732 Patre
2261 2677 2563 2747 coniungit,
2610 2677 2704 2731 sed
2752 2677 2934 2747 potius
2989 2675 3224 2745 Spiritus
3270 2673 3374 2727 hoc
3415 2687 3446 2727 a

189 2773 358 2826 τοῦτο
381 2777 626 2846 χορηγεῖ·
664 2777 757 2829 καὶ
783 2779 843 2828 οὐ
870 2777 930 2830 τὸ
957 2777 1176 2850 Πνεῦμα
1203 2779 1294 2832 τὸν
1320 2779 1489 2847 Λόγον
1519 2781 1705 2834 συνάπ

1934 2769 2056 2823 erbo
2107 2769 2321 2838 accipit.
2363 2767 2604 2838 Denique
2644 2767 2817 2822 Filius
2870 2768 2925 2822 in
2971 2765 3134 2821 Patre
3171 2765 3332 2838 E55
3366 2774 3450 2820 est

193 2864 276 2934 τῷ
321 2866 520 2934 Πατρὶ,
548 2865 684 2919 ἀλλὰ
716 2868 913 2938 μᾶλλον
943 2868 1008 2920 τδ
1035 2869 1257 2940 Πνεῦμα
1293 2871 1442 2942 παρὰ
1479 2871 1572 2924 τοῦ
1603 2872 1709 2941 Λόγ

1985 2877 2136 2930 luam
2175 2861 2454 2930 proprium
2491 2861 2612 2928 ejus
2643 2858 2879 2914 Verbum
2926 2868 2982 2914 et
3022 2858 3315 2928 splendor:
3348 2871 3450 2911 nos
3500 2898 3501 2901 η

192 2954 492 3025 λαμϐάνει.
528 2959 637 3010 Καὶ
681 2960 710 3011 ὁ
758 2960 855 3030 μὲν
895 2961 1023 3025 Υἱὸς
1065 2963 1122 3014 ἐν
1164 2960 1241 3031 τῷ
1282 2963 1456 3032 Πατρί
1496 2965 1708 3028 ὲστιν,ι

1933 2959 2084 3017 Item,
2131 2951 2400 3021 siquidem
2447 2950 2590 3005 absit
2634 2948 2892 3020 Spiritus,
2931 2950 3094 3004 alieni
3128 2957 3180 3004 et
3204 2947 3449 3019 procula

191 3046 376 3113 Λόγος
429 3045 556 3108 ἴδιος
597 3049 692 3100 καὶ
729 3048 1067 3120 ἀπαύγασμα
1109 3049 1296 3102 αὐτοῦ’
1327 3051 1486 3120 ἡμεῖς
1512 3051 1568 3103 δὲ
1609 3069 1707 3123 χωέ

1933 3057 1991 3097 eo
2013 3058 2236 3108 sumus;
2263 3043 2355 3098 sed
2379 3041 2616 3110 Spiritus
2637 3041 2928 3111 participes
2949 3040 3144 3108 effecti,
3176 3055 3300 3095 cum
3331 3039 3449 3109 ipsa

193 3095 298 3113 ν--ι
326 3095 373 3108 τυ
436 3095 552 3108 ντ--ι
599 3095 691 3100 --τ-
732 3095 1067 3120 ν’--νν-ι-τνΓ*
1111 3095 1270 3102 *νην
1333 3095 1482 3120 ἹΓ*”’⁸
1515 3095 1567 3103 *ν
1609 3095 1709 3123 Ανιι·

193 3137 301 3207 μὲν
323 3137 418 3190 τοῦ
443 3138 581 3190 Ilva-:6
590 3155 754 3208 ματος
777 3139 916 3204 ξένοι
941 3139 1036 3194 καὶ
1065 3141 1282 3212 μακράν
1313 3142 1478 3213 ἐσμεν
1500 3142 1594 3196 τοῦ
1617 3143 1709 3196 Θεε

1935 3133 2265 3202 mjungimur
2287 3132 2590 3196 divinitate,
2616 3148 2680 3187 ac
2707 3131 2936 3202 proinde
2957 3149 3063 3187 non
3096 3140 3342 3186 nostrum
3367 3139 3451 3186 est

187 3233 257 3300 τῇ
302 3229 363 3282 δὲ
406 3229 501 3282 τοῦ
530 3229 846 3301 Πνεύματος
884 3234 1083 3303 μετοχῇ
1129 3232 1508 3305 συναπτόμεθα
1544 3237 1609 3305 τῇ
1658 3235 1703 3288 θε

1931 3237 1983 3276 JS
2010 3237 2133 3278 esse
2162 3223 2216 3277 in
2242 3221 2423 3287 Patre,
2449 3223 2542 3277 sed
2565 3221 2803 3292 Spiritus
2827 3224 2920 3292 qui
2943 3223 2997 3276 in
3028 3222 3184 3277 nobis
3205 3231 3289 3277 est
3315 3229 3368 3276 et
3392 3223 3447 3275 in

186 3336 344 3390 τητι·
377 3319 518 3373 ὥστε
547 3319 611 3373 τὸ·
640 3315 779 3373 εἶναι
807 3320 954 3390 ἡμᾶς
987 3320 1044 3371 ὲν
1085 3318 1163 3388 τῷ
1202 3319 1379 3389 Πατρὶ
1414 3320 1488 3391 μὴ
1513 3321 1702 3393 ἡμέτεε

1935 3314 2038 3368 )bis
2063 3323 2267 3378 manet,
2296 3313 2537 3384 quandiu
2569 3315 2775 3368 scilicet
2802 3329 2924 3367 eum
2951 3315 3005 3368 in
3041 3314 3201 3368 nobis
3233 3311 3451 3367 confes-

190 3407 365 3473 εἶναι,
402 3409 536 3462 ἀλλὰ
565 3410 658 3464 τοῦ
692 3410 1006 3482 Πνεῦματος
1045 3409 1138 3464 τοῦ
1169 3412 1228 3464 ὲν
1254 3413 1387 3482 ἡμῖν
1417 3411 1568 3474 ὄντος
1599 3413 1691 3466 καὶ

1929 3419 2030 3458 one
2051 3405 2411 3470 servabimus,
2432 3414 2490 3458 ut
2515 3405 2654 3458 idem
2682 3403 2922 3459 Joannes
2947 3404 3030 3458 his
3054 3405 3231 3458 verbis
3255 3403 3443 3457 docet:

189 3504 335 3574 ἡμῖν
365 3499 614 3570 μένοντος
631 3540 645 3564 ,
673 3502 777 3564 ἕως
803 3503 933 3554 αὐτὸ
970 3503 1035 3572 τῇ
1076 3501 1331 3572 ὁμολογίᾳ
1359 3501 1694 3573 φυλάττομεν

1931 3497 2128 3564 sisquis
2174 3495 2443 3564 confessus
2491 3495 2651 3564 fuerit
2696 3493 2879 3548 Iesum
2929 3511 3040 3549 esse
3085 3493 3288 3546 Filium
3328 3493 3447 3558 Dei,

192 3595 336 3664 ἡμῖν
355 3631 370 3656 ,
422 3591 672 3660 λέγοντος
714 3591 876 3646 πάλιν
927 3591 1038 3663 (20)
1077 3586 1172 3646 τοῦ
1225 3593 1470 3648 Ἰωάννου
1491 3612 1503 3623 ·
1563 3596 1660 3659 Ὃς
1703 3619 1708 3644 ‹

1932 3603 2016 3639 eus
2052 3587 2107 3638 in
2135 3602 2192 3640 eo
2220 3595 2415 3650 manet,
2443 3595 2492 3640 et
2518 3587 2626 3655 ipse
2652 3586 2709 3639 in
2747 3586 2853 3640 Deo
2878 3586 2943 3640 ³⁵.
2971 3583 3101 3651 Quae
3129 3599 3258 3655 ergo
3291 3584 3448 3639 nobis

193 3683 578 3755 δμολαγήσῃ,
612 3683 700 3737 ὅτι
747 3684 984 3751 Ἰησοῦς
1024 3684 1196 3738 ἐστιν
1233 3687 1268 3738 ό
1301 3683 1432 3750 Υἱός
1467 3685 1574 3739 τοῦ
1609 3688 1709 3738 Θεο

1930 3678 2177 3734 militudo
2205 3679 2290 3734 vel
2315 3679 2597 3748 aequalitas
2636 3689 2720 3734 est
2747 3694 2871 3733 cum
2904 3677 3084 3732 Filio?
3119 3676 3208 3732 Vel
3241 3677 3446 3747 potius,

195 3783 228 3833 ὀ
275 3776 428 3842 Θεὸς
469 3776 540 3829 ἐν
587 3775 745 3841 αὐτῷ
789 3777 986 3845 μένει,
1035 3775 1134 3830 καὶ
1180 3775 1364 3842 αὐτὸς
1403 3777 1471 3830 ἐν
1513 3776 1594 3842 τῷ
1634 3779 1711 3830 Θεη

1933 3785 2063 3824 mon
2109 3769 2350 3839 undique
2375 3771 2719 3840 maximeque
2751 3787 2778 3825 a
2810 3769 3019 3824 Joanne
3051 3770 3449 3846 convincuntur

193 3868 340 3924 Ποία
367 3868 548 3921 τοίνυν
570 3865 678 3936 (21)
702 3867 952 3938 ὁμοιότης
973 3869 1067 3921 καὶ
1097 3867 1224 3920 ποία
1256 3867 1438 3938 ἰσότης
1461 3867 1615 3938 ἡμῶν
1643 3884 1709 3941 πε

1933 3862 2086 3926 riani,
2121 3863 2277 3917 aliter
2298 3861 2497 3917 Filium
2533 3863 2589 3916 in
2624 3863 2783 3918 Patre
2817 3877 2960 3925 esse,
2989 3869 3045 3917 et
3081 3859 3237 3916 aliter
3262 3875 3365 3914 nos
3393 3861 3449 3914 in

192 3957 290 4010 τὸν
343 3955 508 4022 Υἱόν;
557 3956 630 4009 Ἢ
679 3955 798 4018 πῶς
843 3956 943 4008 οὐκ
987 3955 1297 4025 ἐλέγχονται
1339 3954 1672 4025 πανταχόθεν

1935 3954 2067 4009 idem
2089 3968 2231 4018 esse,
2262 3969 2440 4024 neque
2468 3968 2570 4009 nos
2596 3969 2837 4024 unquam
2876 3953 3017 4008 sicut
3035 3953 3184 4008 illum
3211 3950 3451 4015 futuros,

207 4047 520 4119 Ἀρειανοὶ,
565 4047 657 4100 καὶ
694 4047 926 4118 μάλιστα
973 4047 1124 4118 παρὰ
1150 4046 1241 4100 τοῦ
1286 4045 1552 4109 Ἰωάννου,
1579 4047 1661 4099 ὅτι
1687 4047 1723 4100 ἄ

1950 4060 2054 4116 que
2068 4043 2302 4101 Verbum
2339 4045 2597 4102 sicutnos
2615 4061 2757 4110 esse,
2785 4045 2890 4100 nisi
2923 4045 3085 4112 forte,
3112 4053 3172 4098 ut
3199 4059 3316 4097 mos
3341 4042 3466 4099 illisi

196 4135 310 4199 λως
341 4136 442 4206 μὲν
469 4137 498 4187 ὁ
523 4135 651 4198 Υἱός
693 4137 838 4188 ἐστιν
881 4136 939 4189 ὲν
975 4135 1052 4203 τῷ
1085 4136 1286 4207 Πατρὶ,
1316 4135 1490 4198 ἄλλως
1528 4135 1585 4188 δὲ
1619 4137 1712 4206 ἡμε

1931 4143 1982 4200 ιι,
2022 4135 2114 4190 hic
2157 4150 2381 4205 quoque
2419 4144 2623 4191 temere
2670 4133 3002 4190 contendant
3050 4135 3211 4190 etiam
3249 4132 3447 4189 Filium

197 4227 256 4278 ἒν
303 4225 456 4296 αὐτῷ
496 4226 791 4296 γινόμεθα·
825 4227 919 4279 καὶ
957 4224 1081 4278 οὔτε
1119 4227 1276 4296 ἡμεῖς
1307 4226 1382 4288 ὡς
1422 4228 1624 4289 ἐκεῖνος
1657 4228 1713 4280 ὲσ

1937 4239 2084 4293 sum,
2107 4226 2326 4281 nonnisi
2358 4225 2594 4296 Spiritus
2613 4228 2927 4296 participem
2957 4224 3210 4282 eﬂ'ectum
3233 4235 3287 4280 et
3305 4233 3452 4280 recte

201 4315 349 4387 μεθά
380 4333 532 4379 ποτε,
559 4315 681 4369 οὕτε
721 4318 750 4369 ό
779 4317 950 4384 Λόγος
996 4315 1071 4379 ὡς
1111 4319 1275 4386 ἡμεῖς
1309 4316 1565 4386 τυγχάνει
1597 4315 1693 4382 ὢν,

1937 4317 2038 4373 ctis
2067 4318 2336 4373 meruisse
2363 4327 2424 4372 ut
2455 4318 2510 4372 iu
2537 4317 2696 4373 Patre
2725 4325 2890 4384 esset,
2914 4317 3058 4388 quod
3082 4326 3228 4373 certe
3252 4317 3336 4372 vel
3364 4331 3453 4372 so-

202 4408 281 4478 μὴ
305 4405 417 4479 ἄρα
445 4408 828 4478 τολμήσουσιν,
848 4407 922 4472 ὡς
940 4408 1000 4460 ὲν
1027 4409 1179 4474 πᾶσι,
1208 4409 1303 4461 καὶ
1328 4408 1424 4460 νῦν
1445 4410 1615 4462 εἰπεῖν
1638 4408 1718 4480 (29

1932 4425 1992 4465 .m
2035 4410 2260 4482 cogitari
2307 4410 2514 4481 absque
2533 4425 2744 4466 summa
2770 4411 3048 4480 impietate
3089 4424 3196 4465 non
3251 4415 3448 4479 potest.

275 4589 324 4620 ”
342 4589 541 4646 Ezecb.
564 4606 756 4656 xxvm,
781 4591 835 4644 ἓ.
916 4591 961 4624 ³³
984 4590 1140 4647 Prov.
1174 4607 1336 4660 nm,
1370 4593 1424 4646 4.
1449 4649 1452 4652 ,
1501 4594 1546 4626 ³⁸
1579 4591 1600 4646 1
1625 4591 1780 4650 Joan.

916 4591 961 4624 ³³
984 4590 1140 4647 Prov.
1174 4607 1336 4660 nus,
1370 4593 1452 4652 4.,
1501 4594 1546 4626 ³⁸
1579 4591 1780 4650 lJoan.
1805 4611 1880 4662 ιν,
1905 4594 2008 4650 15.,
2069 4591 2114 4624 ⁸⁸
2153 4591 2284 4648 ibid.
2327 4590 2414 4645 15.

274 4772 390 4857 (ιιι
421 4771 639 4857 99W!“-
669 4779 724 4826 ει
748 4771 989 4857 Fcis!»
1025 4773 1052 4824 δ
1075 4771 1455 4857 rerum:
1499 4775 1786 4857 learns--

1938 4774 2060 4857 ⁵(19)
2094 4772 2360 4857 εἰς-Πομ
2402 4772 2983 4857 ῃβεςιιεςιηβρωθτ.
3031 4782 3085 4828 et
3113 4773 3256 4829 Felc.
3299 4773 3454 4857 LgAt

280 4840 534 4913 (I4)_Sic
560 4849 788 4913 uterque
813 4841 1018 4913 Regius
1039 4851 1112 4913 _et
1149 4840 1464 4913 Seguerian.
1509 4845 1580 4897 At
1610 4840 1773 4899 Basil.
1879 4840 1971 4899 alii
2009 4840 2063 4898 et
2105 4844 2235 4913 editi
2268 4840 2338 4895 τό
2357 4840 2630 4913 omittunt.
2672 4843 2804 4898 Ibid.
2836 4846 2948 4899 hinc
2988 4859 3108 4912 quae
3151 4855 3456 4913 sequuntur

205 4913 365 4993 Gabi.
406 4910 550 4993 fele.
579 4913 604 4964 1
630 4918 684 4993 _et
715 4911 766 4993 5‘,
788 4911 1005 4993 _§t§d&et
1034 4911 1091 4963 δὲ
1115 4910 1247 4993 *πῶς
1290 4915 1473 4993 ἡμεῖςΖ
1505 4913 1698 4993 Crateri

1967 4915 2074 4993 'ba_,
2110 4911 2246 4993 άλὶὰ
2293 4912 2491 4993 μᾶλλον
2518 4914 2682 4993 αὐτὸς
2718 4916 2830 4993 τοῖς
2854 4910 3182 4993 feciet—1013?
3207 4910 3452 4993 χορηγεῖ,
3481 4977 3483 4980 ς

204 4983 373 5052 editio
403 4980 692 5040 C0mme|.,
729 4980 930 5052 διδάξει
962 4998 1022 5033 τε
1062 4980 1179 5052 πῶς
1211 4980 1390 5052 ἡμεῖς.
1428 4983 1548 5037 Mox
1579 4982 1708 5052 Reg.

1956 4985 1974 5036 ὶ
2006 4983 2067 5036 οὐ
2100 4983 2161 5052 τὸ
2182 4980 2405 5052 Πνεῦμα
2438 4982 2694 5052 συνάπτει
2722 4983 2813 5036 τὸν
2839 4984 3008 5052 Λόγον
3033 4983 3110 5052 τῷ
3133 4980 3338 5052 ﬂaret,
3357 4980 3472 5038 de-.

203 5063 258 5174 ﬁt
290 5051 517 5174 nguer,
550 5052 712 5122 ἡμεῖς
739 5051 838 5121 μὲν
865 5054 923 5104 έν
961 5049 1130 5120 αὐτῷ.
1157 5051 1212 5104 In
1233 5049 1376 5107 “aliis
1402 5061 1456 5106 et
1490 5053 1649 5108 editis
1662 5049 1719 5123 ’μ

237 5138 329 5174 ees
359 5158 374 5172 .

1938 5063 2010 5108 mt
2037 5053 2092 5106 in
2125 5049 2342 5108 Gobler.
2374 5061 2429 5106 et
2451 5051 2596 5107 Felc.
2634 5053 2686 5106 1.
2720 5049 2935 5106 Ιὺίἀθηί
2965 5052 3041 5106 Re
3083 5049 3096 5104 ζ
3131 5053 3186 5118 2,
3217 5049 3361 5108 Felc.
3397 5054 3454 5119 5,

1963 5122 2199 5174 Analic..
2230 5121 2382 5174 παρὰ
2415 5120 2510 5174 τοῦ
2530 5122 2704 5174 Λόγου
2734 5121 2893 5174 τοῦτο
2923 5069 3210 5174 λαμὲάνει.
3240 5124 3298 5174 In
3332 5123 3454 5174 aliis

3075 5139 3109 5175 α

201 5123 451 5193 deest.__
743 5120 756 5193 ξ
863 5188 874 5193 _
1031 5190 1040 5193 _
1135 5189 1169 5193 __
1440 5189 1450 5193 _
1682 5120 1692 5123 ⁷

1981 5122 2199 5193 \nglic.,
2230 5120 2510 5193 1:193:30?»
2530 5122 2704 5191 Λόγου
2734 5121 2893 5175 τοῦτο
2923 5120 3210 5193 λαμϐάνει.
3239 5124 3298 5178 In
3332 5123 3478 5178 aliis-

275 5190 388 5261 (15)
416 5188 605 5261 ᾠδῇ..
627 5189 784 5261 κατά
807 5188 986 5259 φύσιν.
1015 5189 1267 5261 Anglic...
1285 5193 1351 5260 τῇ
1384 5189 1562 5259 φύσει.

978 5231 986 5244 .
1015 5189 1267 5261 Anglic...
1285 5193 1351 5260 τῇ
1384 5189 1562 5259 φύσει.
1884 5203 1938 5247 et
1964 5188 2136 5261 editis,
2150 5188 2494 5247 deest'eoiieo.

416 5259 632 5334 gobler.
659 5274 713 5334 et
744 5259 888 5315 Felc.
922 5260 1192 5334 ilcotvw,
1218 5259 1470 5334 Ἰωάννης
1494 5261 1686 5330 λέγων.
1720 5331 1744 5334 Α.

1959 5259 2075 5334 (20)
2111 5260 2314 5334 Regius
2350 5262 2562 5334 primus
2584 5270 2638 5316 et
2659 5259 2899 5334 __Seguer.
2922 5301 2937 5326 ,
2978 5259 3230 5330 λέγοντος
3271 5261 3473 5325 πάλινη

274 5323 386 5402 (Π)
417 5329 552 5400 Reg.
584 5331 636 5398 1,
680 5323 904 5401 Seguer.
947 5323 1173 5386 Gobler.
1195 5339 1248 5385 et
1275 5323 1475 5386 Felcft
1498 5369 1515 5397 ,
1554 5323 1779 5400 γεγενῆ-

1410 5323 1475 5385 .’1
1498 5369 1515 5397 ,
1554 5323 1779 5400 γεγενῆ-
1887 5323 2080 5404 Οαξιᾼεῆἱ
2108 5323 2619 5404 ςιᾼέιῇιίίλέγοντος
2653 5331 2710 5384 δὲ
2748 5323 2926 5404 πάλιν.

205 5400 378 5472 σθαι(
447 5467 496 5472 -_
561 5467 595 5472 _
744 5400 772 5472 ί
828 5469 853 5472 ,μ
1187 5471 1192 5472 ,
1292 5471 1301 5472 ,
1499 5470 1518 5472 _,

1963 5401 2074 5472 (21)
2117 5401 2208 5472 Sic
2234 5400 2362 5472 Reg.
2402 5401 2426 5453 1
2465 5410 2519 5455 et
2548 5400 2773 5472 Seguer.
2813 5401 2866 5472 In
2893 5401 3016 5457 aliis
3047 5409 3102 5456 et
3123 5401 3286 5472 editis
3307 5401 3459 5472 deest

275 5470 403 5542 (l8)_
442 5467 534 5523 Sic
561 5467 696 5542 Reg.
732 5471 797 5528 1..
820 5469 1136 5542 Segueria'n.
1168 5471 1454 5540 Anglican.
1481 5470 1697 5527 Gobler.
1728 5480 1782 5526 et

1937 5467 2086 5542 usus.
2114 5470 2398 5542 MoxLReg.
2418 5472 2449 5542 1
2483 5467 2810 5542 et_Se‘guer.,
2832 5471 3140 5542 ἐλέγχονται
3172 5471 3453 5542 πάντοθεν.

206 5539 349 5596 Felc.
385 5539 436 5611 1,
470 5539 741 5611 atqueita
773 5539 915 5610 legit
945 5540 1209 5596 Nannius.
1243 5539 1313 5594 At
1357 5542 1409 5595 in
1439 5542 1560 5596 aliis
1585 5549 1640 5596 et
1666 5543 1781 5596 edi-
1959 5541 2072 5611 (22)
2114 5540 2206 5594 Sic
2243 5539 2372 5609 Reg.
2406 5541 2428 5593 1
2462 5549 2518 5594 et
2541 5539 2763 5611 Se‘g’uer.
2791 5543 2861 5594 At
2899 5539 3119 5596 Gobler.
3160 5551 3215 5596 et
3242 5541 3388 5596 Felc.
3432 5545 3475 5596 ιι

209 5611 348 5665 tione
378 5609 652 5681 Cpmmel.
679 5611 794 5663 inec
831 5609 1029 5667 desunt
1066 5613 1256 5674 verba,
1299 5610 1439 5664 οὕτω
1491 5613 1580 5665 καὶ
1623 5614 1725 5681 ἡμε

1943 5609 2125 5680 »λμῶσι
2170 5613 2227 5662 ὲν
2257 5611 2388 5681 πᾶσι
2435 5613 2528 5662 καὶ
2568 5609 2662 5664 νῦν
2714 5612 2904 5664 εἰπεῖν.
2938 5611 3146 5681 βιωθῑί
3203 5622 3257 5666 et
3295 5612 3459 5668 editio

207 5679 468 5749 γινόμεθα
499 5681 554 5731 ὲν
587 5679 665 5750 τῷ
700 5681 889 5750 Ila-:95.
1646 5678 1675 5681 ”

1891 5678 2177 5737 Commcl..
2217 5678 2484 5749 τολμῶσιν
2518 5682 2576 5734 ἐν
2616 5682 2747 5734 πᾶσι
2779 5682 2870 5735 καὶ
2899 5679 2993 5738 νῦν
3019 5683 3098 5744 εἰς
3124 5681 3181 5736 τὸ
3210 5684 3399 5737 εἰπεῖνῖ
