3834 6220
346 293 451 352 379

963 294 1022 351 S.
1063 292 1441 350 ATIIANASII
1481 292 1633 350 OPP.
1674 292 1858 349 PARS
1897 292 1938 347 l.
1976 290 2421 346 —IIISTORICA
2461 289 2553 345 ΕΤ
2592 289 3000 346 DOGMATICA.

3489 287 3601 345 380

345 406 677 473 advenisset,
729 407 1040 463 sciscitatus
1081 416 1168 463 est
1207 409 1432 463 ubinam
1485 417 1693 478 Jacerrt
1749 409 1918 462 Laza-

2042 427 2134 462 που
2155 447 2169 472 ,
2197 410 2527 462 ἐπυνθάνετο
2551 407 2660 461 τῶν
2696 411 2976 478 μαθητων,
3003 405 3126 458 τίνα
3152 404 3398 474 λέγουσιν
3429 407 3476 458 οἱ
3505 407 3602 459 ἁν-

343 515 442 554 rus
472 499 515 530 ⁸¹
547 517 561 552 :
597 508 854 566 praeterea
898 500 1182 568 discipulis
1231 501 1337 553 ait:
1369 497 1510 563 Quot
1549 515 1709 568 panes
1757 498 1919 552 liabe-

347 590 416 643 tis
441 589 527 642 5'?
556 588 658 654 Qui
693 589 875 657 igitur,
901 589 1187 658 inquiunt,
1225 589 1341 643 ﬁeri
1372 597 1572 658 potest,
1617 599 1677 643 ut
1719 588 1807 642 ille
1850 589 1920 644 sit

346 679 630 750 sapientia,
659 679 750 748 qui
783 679 836 732 in
868 679 1131 748 sapientia
1160 679 1393 750 proﬁcit,
1425 689 1479 735 et
1509 696 1572 734 ea
1601 680 1772 734 nescit
1799 695 1920 749 qua:

346 774 416 828 ab
449 772 572 827 aliis
601 781 752 840 optat
791 772 1042 826 discere?
1073 773 1131 826 Id
1157 773 1321 827 etiam
1355 772 1516 826 iidem
1548 772 1737 828 dicunt
1769 790 1781 825 :
1813 771 1920 837 Qui

344 872 523 935 potest
551 863 642 918 ille
669 863 950 932 proprium
996 861 1176 918 Patris
1209 861 1446 918 Verbum
1478 878 1630 929 esse,
1666 863 1782 918 sine
1810 877 1920 932 quo

345 969 456 1008 non
493 953 597 1007 fuit
629 953 923 1023 aliquando
952 952 1132 1020 Pater,
1161 963 1215 1008 et
1245 970 1340 1024 per
1364 955 1511 1024 quod
1534 955 1716 1008 omnia
1738 953 1918 1020 edicit,

345 1052 407 1098 ut
431 1053 610 1099 vestra
633 1053 717 1098 est
749 1044 1039 1110 sententia,
1062 1045 1153 1115 qui
1183 1045 1235 1099 in
1270 1060 1433 1100 cruce
1461 1042 1920 1100 clamabat:Deus

345 1149 514 1197 meus,
551 1151 712 1203 quare
750 1133 1078 1205 dereliquisti
1110 1150 1189 1188 me
1214 1134 1295 1187 ⁸³⁸1
1340 1133 1431 1189 Sic
1463 1134 1626 1190 etiam
1668 1143 1920 1203 precatus

345 1232 483 1289 erat,
503 1223 757 1294 Gloriﬁca
779 1242 964 1279 nomen
990 1226 1227 1279 tuum“:
1253 1234 1328 1292 et,
1346 1225 1601 1294 Cleri/ica
1618 1241 1716 1287 me,
1736 1224 1920 1288 Pater,

345 1314 509 1388 557
548 1316 718 1386 gloria
759 1333 917 1387 quant
948 1316 1112 1370 habui
1152 1317 1293 1387 apud
1323 1325 1395 1382 te,
1432 1318 1741 1387 priusquam
1769 1333 1924 1370 mun-

296 1475 310 1489 ‘
349 1407 448 1460 dus
486 1409 633 1478 ﬁeret
661 1409 728 1460 ⁸⁸.
759 1406 1021 1462 Precatus
1045 1408 1174 1463 item
1202 1415 1286 1463 est
1311 1407 1366 1461 in
1392 1407 1722 1462 solitudine:
1760 1405 1924 1462 disci-

351 1499 618 1567 pulosque
651 1507 736 1552 est
763 1498 1016 1553 hortatus
1051 1499 1118 1553 ad
1152 1499 1440 1563 orandum,
1473 1514 1542 1553 ne
1571 1499 1840 1554 intrarent
1867 1498 1922 1552 in

351 1591 726 1644 tentalionem.
770 1589 868 1654 Et,
900 1589 1133 1660 Spiritus
1161 1590 1394 1660 quidem,
1425 1591 1621 1657 aiebat,
1652 1597 1922 1660 promptus

351 1690 451 1745 est,
495 1699 620 1737 caro
663 1692 835 1735 autem
877 1683 1093 1751 inﬁrma
1113 1684 1180 1738 ⁵⁸.
1219 1683 1303 1748 Et,
1335 1682 1410 1736 De
1439 1684 1524 1736 die
1562 1691 1611 1736 et
1653 1682 1784 1734 hora
1825 1681 1922 1734 illa

2027 500 2234 572 θρωποι
2265 500 2426 554 αὑτὸν
2455 495 2621 552 εἶναι·
2652 499 2731 561 είς
2767 497 2824 552 δὲ
2849 497 2945 568 τὴν
2977 495 3247 567 Βηθανίαν
3291 494 3601 565 παραγενό-

2029 609 2188 662 μενος
2235 588 2423 662 ἠρώτα
2478 589 2588 661 (46)
2635 588 2737 642 ποῦ
2783 587 3033 660 Λάζαρος
3075 590 3284 642 κεῖται·
3329 587 3480 655 ἔλεγε
3541 586 3601 638 δὲ

2030 683 2167 752 μετὰ
2199 682 2370 736 ταῦτα
2395 685 2506 745 τοῖς
2535 681 2830 752 μαθηταῖς·
2867 682 3105 746 Πόσους
3135 679 3353 748 ἄρτους
3392 680 3561 749 ἔχετε
3578 691 3603 743 ;

2026 773 2152 837 Πῶς
2179 769 2294 838 οὖν,
2321 775 2514 843 φασὶν,
2546 770 2702 836 οὗτος
2736 772 2896 842 σοφία
2917 813 2932 838 ,
2971 774 3000 825 6
3045 773 3104 824 ἐν
3133 770 3293 841 σοφίᾳ
3319 771 3429 840 (47)
3463 787 3607 842 προ-

2028 865 2264 930 κόπτων,
2297 865 2390 918 κα).
2413 863 2622 932 ἀγνοῶν
2646 863 2682 917 ἃ
2707 864 2835 934 παρ’
2855 862 3056 934 ἐτέρων
3089 862 3376 934 μανθάνειν
3405 861 3558 930 ἠξίου
3581 879 3600 928 ;

2031 955 2188 1008 Ἐστι
2217 955 2382 1008 δὲκαὶ
2397 953 2553 1007 τοῦτο
2581 955 2710 1026 παρ’
2741 953 2918 1006 αὑτῶν
2947 952 3232 1024 λεγόμενον
3282 951 3405 1014 Πῶς
3437 950 3604 1004 δύνα-

2027 1059 2116 1096 ται
2147 1045 2175 1097 ό
2200 1045 2371 1113 Λόγος
2402 1043 2514 1115 (48)
2539 1042 2668 1107 ίδιος
2698 1037 2836 1097 εἶναι
2867 1041 2961 1096 τοῦ
2991 1041 3224 1114 Πατρὸς,
3255 1035 3316 1096 οὗ
3345 1041 3472 1096 ἄνευ
3497 1041 3606 1094 οὑκ

2027 1132 2096 1210 ἦν
2127 1139 2156 1191 6
2190 1139 2380 1209 Πατήρ
2411 1154 2540 1190 ποτε
2563 1177 2580 1203 ,
2627 1137 2696 1190 δι’
2739 1129 2800 1190 οὗ
2845 1135 2914 1190 τὰ
2963 1135 3140 1188 πάντα
3183 1136 3326 1188 ποιεῖ
3353 1135 3459 1205 (49)
3479 1176 3496 1201 ,
3523 1133 3607 1199 ὡς

2031 1228 2190 1300 ὑμεῖς
2221 1231 2466 1300 φρονεῖτε
2487 1268 2501 1292 ,
2541 1230 2570 1282 6
2612 1228 2704 1282 ἐπὶ
2732 1229 2829 1298 μὲν
2853 1226 2946 1281 τοῦ
2982 1227 3214 1300 σταυροῦ
3243 1227 3448 1295 λέγων·
3493 1225 3608 1281 Θεέ

2023 1337 2172 1390 μου,
2203 1319 2308 1373 Θεέ
2329 1337 2470 1388 μου,
2496 1321 2597 1374 ἵνα
2630 1321 2686 1374 τί
2708 1337 2785 1390 με
2813 1319 3236 1390 ἐγκατέλιπες;
3259 1319 3364 1390 πρὸ
3391 1318 3447 1371 δὲ
3476 1317 3608 1372 τοὺ-

2027 1426 2137 1464 των
2167 1410 2474 1482 εὐχόμενος⁹
2507 1410 2778 1476 Δόξασόν
2797 1427 2912 1465 σου
2933 1411 3001 1464 τὸ
3031 1411 3217 1480 ὄνομα
3235 1428 3249 1440 ·
3277 1411 3390 1475 καὶ,
3419 1409 3608 1474 Δόξα-

2031 1501 2150 1556 σόν
2165 1518 2242 1572 με
2263 1501 2346 1556 σὺ
2372 1502 2506 1574 (50),
2541 1502 2751 1571 Πάτερ,
2785 1502 2860 1572 τῇ
2893 1502 3062 1570 δόξῃ,
3094 1497 3135 1575 ᾖ
3160 1499 3327 1572 εἶχον
3348 1502 3459 1570 πρὸ
3491 1500 3606 1556 τοῦ

2029 1589 2137 1646 τὸν
2172 1591 2404 1661 κόσμον
2443 1589 2594 1646 εἶναι
2635 1593 2796 1660 παρὰ
2851 1593 2970 1648 σοί.
3025 1591 3233 1662 Ηὺχετο
3281 1591 3339 1645 δὲ
3383 1593 3444 1644 ἐν
3479 1595 3610 1656 ταῖς

2033 1684 2290 1755 ἐρήμοις,
2333 1685 2428 1738 καὶ
2462 1684 2806 1756 παρήγγελλε
2843 1687 2957 1747 τοῖς
2997 1683 3263 1755 μαθηταῖς
3303 1683 3608 1756 προσεύχε-

353 1787 502 1824 nemo
525 1772 686 1836 novit,
719 1788 877 1841 neque
901 1771 1101 1840 angeli,
1130 1788 1288 1841 neque
1320 1770 1369 1824 F
1373 1770 1498 1825 ilius
1525 1771 1591 1825 ".
1627 1769 1704 1824 Ex
1735 1771 1931 1840 quibus

2042 1775 2162 1830 σθαι
2198 1776 2274 1847 μὴ
2302 1775 2562 1830 εἰσελθεῖν
2594 1779 2675 1840 είς
2708 1776 3038 1847 πειρασμόν·
3074 1777 3198 1842 καὶ,
3247 1777 3315 1830 Τὸ
3359 1776 3612 1845 Πνεῦμα

354 1861 489 1916 locis
513 1861 586 1916 ita
618 1861 852 1931 improbi
881 1871 1331 1932 argumentantur
1359 1882 1372 1917 :
1410 1863 1503 1928 Si,
1537 1871 1597 1916 ut
1626 1878 1723 1916 vos
1766 1871 1922 1930 puta-

351 1955 456 2020 tis,
501 1970 713 2024 semper
754 1953 922 2009 Filius
960 1956 1104 2025 apud
1146 1955 1364 2010 Patrem
1417 1955 1746 2020 exstitisset,
1779 1956 1923 2009 diem

353 2048 505 2101 illum
535 2047 758 2102 minime
789 2048 1096 2118 ignoraret,
1127 2048 1220 2102 sed
1268 2057 1529 2118 tanquam
1563 2047 1800 2101 Verbum
1831 2061 1925 2100 co-
1953 2109 1964 2117 _

354 2149 641 2208 gnosceret
676 2157 691 2193 :
734 2154 834 2194 nec
876 2139 1006 2194 item
1055 2155 1086 2193 a
1113 2137 1276 2194 Patre
1314 2139 1802 2208 derelinqueretur,
1830 2137 1925 2207 qui

355 2245 464 2283 una
492 2245 616 2284 cum
665 2228 783 2298 ipso
830 2231 1138 2295 exsisteret,
1186 2245 1289 2285 nec
1337 2230 1564 2300 gloriam
1606 2227 1925 2298 postularet,

354 2333 518 2388 quam
553 2318 608 2372 in
642 2317 804 2374 Patre
827 2319 1072 2383 haberet,
1107 2335 1208 2376 nec
1236 2321 1472 2390 denique
1495 2335 1718 2389 prorsus
1740 2333 1928 2388 preca-

355 2418 529 2474 retur,
555 2409 755 2478 quippe
780 2409 908 2478 qui,
938 2417 998 2463 ut
1027 2408 1288 2474 Verbum,
1320 2409 1466 2463 nulla
1501 2409 1726 2463 omnino
1759 2423 1817 2462 re
1843 2408 1929 2460 in-

357 2499 586 2569 digeret.
621 2497 815 2554 Verum
849 2501 976 2569 quia
1007 2509 1063 2554 et
1087 2510 1306 2555 creatus
1338 2509 1455 2554 erat
1487 2508 1542 2553 et
1575 2514 1684 2554 una
1711 2513 1741 2552 e
1766 2497 1929 2571 rebus
1959 2491 1974 2502 “

355 2589 550 2654 factis,
584 2590 714 2645 hinc
759 2592 832 2646 ita
878 2591 1223 2661 loquebatur,
1270 2592 1465 2661 hisque
1503 2591 1778 2660 indigebat
1810 2604 1932 2658 quae

358 2695 466 2734 non
502 2679 620 2749 ipse
655 2681 907 2734 habebat.
939 2681 1220 2750 Siquidem
1248 2698 1431 2736 rerum
1460 2690 1768 2736 creatarum
1800 2695 1929 2750 pro-

356 2770 533 2839 prium
563 2778 648 2826 est
677 2770 764 2825 his
789 2770 1033 2841 indigere
1053 2787 1176 2841 quae
1210 2787 1316 2826 non
1348 2771 1566 2827 habent.
1603 2790 1623 2823 ι

425 2947 514 3004 27.
557 2945 681 3004 Haec
715 2947 880 3020 igitur
927 2958 1054 3004 sunt
1090 2936 1212 3020 qua:
1257 2949 1408 3019 impii
1445 2949 1766 3005 insaniendo
1800 2966 1930 3022 pro;

356 3038 557 3094 ferunt.
590 3039 694 3104 Qui
736 3039 978 3109 quidem,
1009 3055 1135 3094 cum
1179 3055 1268 3095 res
1307 3040 1621 3110 hujusmodi
1661 3040 1929 3108 cogitent,

2025 1868 2353 1937 πρόθυμον,
2387 1867 2590 1936 ἔλεγεν,
2625 1869 2664 1936 ὴ
2691 1868 2759 1921 δὲ
2785 1867 2941 1937 σὰρξ
2972 1867 3236 1934 ἀσθενής
3263 1885 3275 1897 ·
3303 1869 3417 1929 καὶ,
3463 1867 3612 1935 Περὶ

2024 1956 2138 2028 τῆς
2183 1957 2407 2028 ἡμέρας
2449 1959 2490 2027 ἢ
2536 1959 2646 2026 τῆς
2695 1958 2849 2027 ὅιρας
2893 1959 3129 2026 ἐκείνης
3167 1958 3364 2026 οὐδεὶς
3403 1955 3620 2022 οἶδεν,

2027 2048 2171 2104 οὐδὲ
2192 2052 2245 2102 ol
2269 2049 2530 2118 ἄγγελοι,
2549 2047 2690 2102 οὐδὲ
2720 2052 2752 2102 ό
2783 2049 2914 2114 Υἱός
2941 2049 3072 2120 (51-).
3099 2045 3233 2100 Εἶτα
3254 2047 3414 2101 πάλιν
3441 2049 3620 2116 φασὶν

2027 2139 2121 2191 ἐπ).
2151 2139 2364 2201 τούτοις
2407 2139 2456 2192 οἱ
2509 2139 2760 2192 δείλαιοι·
2805 2140 2868 2191 Ei
2915 2135 2980 2208 ἦν
3016 2139 3155 2192 κατὰ
3195 2139 3293 2209 τὴν
3332 2138 3609 2209 ὑμετέραν

2027 2231 2264 2285 διάνοιαν
2297 2229 2483 2293 ἀϊδίως
2514 2230 2773 2300 ὑπάρχων
2810 2233 2838 2283 6
2865 2230 2990 2293 Υἱὸς
3018 2230 3152 2300 πρὸς
3185 2229 3275 2284 τὸν
3305 2229 3458 2292 Θεὸν,
3492 2228 3612 2283 οὒτ’

2029 2320 2096 2374 ἂν
2127 2320 2363 2390 ἠγνόησε
2402 2321 2530 2392 περὶ
2557 2319 2656 2389 τῆς
2683 2320 2916 2391 ἡμέρας,
2943 2319 3054 2373 ἀλλ’
3085 2320 3380 2388 ἐγίνωσκεν
3403 2319 3479 2384 ὼς
3501 2319 3614 2372 A6-

2029 2430 2143 2481 γος,
2166 2411 2277 2465 οὔτ’
2305 2413 2371 2465 ἂν
2393 2412 2808 2481 ἐγκατελείπετο
2830 2411 2858 2463 6
2889 2410 3269 2482 συνυπάρχων,
3295 2409 3416 2464 οὑτε
3447 2410 3612 2474 δόξαν

2030 2503 2150 2574 ᾔτει
2182 2503 2386 2567 λαϐεῖν,
2424 2503 2559 2574 ἔχων
2607 2503 2776 2574 αὑτὴν
2819 2505 2876 2556 ἐν
2910 2502 2988 2573 τῷ
3034 2504 3250 2574 Πατρὶ,
3298 2501 3421 2556 οὔτε
3469 2501 3616 2564 ὅλως

2031 2592 2229 2663 ηὔχετο
2251 2611 2263 2623 ο
2281 2594 2493 2657 οὐδενὸς
2517 2593 2626 2665 γὰρ
2647 2594 2817 2662 Λόγος
2839 2592 2914 2646 ῶν
2944 2593 3054 2663 (52)
3080 2593 3257 2646 ἐδέετο
3272 2609 3286 2622 ο
3317 2592 3431 2645 ἀλλ’
3457 2592 3615 2642 ἐπει-

2032 2684 2096 2754 δὴ
2128 2685 2331 2753 κτίσμα
2369 2683 2486 2736 ἐστὶ
2527 2684 2622 2738 καὶ
2659 2679 2738 2747 εἷς
2764 2683 2872 2736 τῶν
2899 2684 3160 2757 γενητῶν,
3198 2683 3286 2737 διὰ
3314 2682 3472 2736 τοῦτο
3500 2699 3615 2734 τοι-

2033 2772 2171 2824 αῦτα
2200 2772 2380 2840 ἔλεγε,
2428 2772 2522 2824 κα)⁹
2548 2772 2724 2824 ἐδέετο
2753 2765 2827 2823 ὧν
2859 2771 2959 2824 οὑκ
2984 2767 3123 2842 εἶχε·
3154 2771 3475 2841 κτισμάτων
3497 2771 3620 2844 γὰρ

2036 2863 2164 2916 ἴδιον
2196 2864 2255 2915 τὸ
2282 2861 2502 2934 χρῄζειν
2532 2863 2625 2915 καὶ
2653 2861 2868 2916 δέεσθαι
2898 2855 2971 2914 ὧν
3005 2863 3104 2915 οὑκ
3138 2861 3371 2932 ἔχουσιν.
3398 2881 3420 2914 ι

2103 2953 2194 3007 27.
2225 2953 2461 3006 Τοιαῦτα
2496 2954 2592 3024 μὲν
2629 2949 2720 3006 οὖν
2753 2955 2801 3006 oi
2829 2953 3046 3017 ἀσεϐεῖς
3079 2952 3360 3020 ἐξάγονται
3387 2952 3613 3006 λαλοῦν-

2034 3061 2155 3109 τες·
2193 3044 2297 3096 ἔδει
2338 3045 2392 3097 δὲ
2425 3045 2596 3098 ταῦτα
2638 3043 3103 3114 διαλογιζομένους
3153 3044 3260 3112 (55)
3308 3044 3480 3096 εἰπεῖν
3516 3044 3615 3095 καὶ

357 3141 582 3201 possent
607 3134 772 3186 etiam
799 3131 1062 3187 audacius
1100 3132 1459 3199 interrogare,
1501 3131 1682 3197 Quare
1710 3135 1931 3188 omnino

2042 3136 2464 3208 τολμηρότερον·
2510 3135 2609 3188 Διὰ
2639 3135 2690 3189 τί
2723 3135 2858 3197 ὅλως
2901 3136 2928 3186 ὁ
2977 3135 3147 3202 Λόγος
3189 3132 3328 3204 σὰρξ
3357 3133 3612 3202 ἐγένετο;

357 3221 596 3278 Verbum
636 3237 767 3278 caro
837 3221 1041 3277 factum
1103 3223 1214 3290 sit;
1264 3231 1490 3292 tumque
1551 3223 1934 3292 subjungel‘e:

359 3314 647 3381 Quomodo
673 3313 819 3369 enim
856 3314 945 3369 ille
981 3314 1073 3384 qui
1106 3313 1248 3369 Deus
1275 3323 1417 3382 erat,
1451 3314 1617 3369 homo
1644 3315 1820 3384 potuit
1844 3315 1940 3369 ﬁe-

358 3406 447 3460 ri?
485 3405 575 3460 Vel
605 3405 883 3476 quomodo
918 3406 1010 3460 ille
1037 3406 1133 3476 qui
1177 3407 1425 3476 corporis
1466 3422 1659 3478 expers
1685 3417 1787 3474 est,
1818 3423 1939 3462 θοι·-

359 3512 462 3567 pus
504 3499 682 3567 potuit
719 3499 978 3568 gestare?
1029 3500 1146 3554 lmo
1192 3501 1326 3570 quin
1353 3497 1572 3556 Iudaeos
1603 3500 1785 3570 potius
1816 3502 1940 3556 imi-

362 3597 542 3645 tentur
589 3599 644 3645 et
675 3606 801 3646 eum
839 3589 1046 3662 Caipha
1078 3592 1338 3661 clament,
1371 3593 1484 3648 Cur
1524 3593 1796 3660 Christus,
1837 3594 1932 3666 qui

2040 3229 2133 3282 καί
2160 3229 2320 3282 πάλιν
2352 3229 2596 3280 ἐπειπεῖν
2616 3243 2630 3257 ο
2661 3225 2786 3290 Πῶς
2819 3225 2928 3297 γὰρ
2957 3224 3186 3294 ἠδύνατο
3228 3224 3360 3287 Θεὸς
3403 3222 3477 3275 ῶν
3518 3241 3614 3292 γε-

2038 3317 2225 3372 νέσθαι
2280 3317 2596 3390 ἄνθρωπος;
2625 3319 2697 3371 Ἦ
2727 3318 2843 3380 πῶς
2869 3316 3098 3388 ἠδύνατο
3123 3316 3151 3367 ὁ
3177 3314 3288 3384 (54)
3320 3313 3618 3382 ἀσώματος

2042 3410 2201 3480 σῶμα
2230 3410 2458 3481 φορέσαι
2479 3427 2494 3476 ;
2519 3410 2551 3480 ἢ
2586 3410 2679 3464 καὶ
2704 3410 3133 3484 Ἰουδαῖκώτερον
3159 3409 3302 3462 κατὰ
3323 3407 3414 3460 τὸν
3440 3408 3618 3460 Καῖάο

2040 3521 2146 3573 φαν
2191 3505 2390 3557 εἰπεῖν·
2427 3503 2526 3556 Διὰ
2562 3505 2614 3556 τί
2645 3504 2816 3569 ὅλως,
2857 3502 3142 3573 ἄνθρωπος
3169 3499 3244 3554 ὣν
3277 3503 3304 3554 6
3337 3498 3576 3570 Χριστὸς
3597 3538 3613 3560 ,

2038 3595 2169 3648 Θεὸν
2205 3596 2395 3650 ἑαυτὸν
2437 3596 2611 3649 ἐποίει
2649 3595 2795 3667 (55);
2841 3594 3014 3648 ταῦτα
3040 3594 3148 3665 γὰρ
3181 3594 3275 3648 καὶ
3305 3592 3373 3646 τὰ
3403 3591 3617 3653 τούτοις

433 3772 478 3805 ⁸⁸
517 3731 676 3848 Joan.
715 3776 926 3848 δικ-18.
1001 3776 1048 3807 ⁸¹
1088 3775 1254 3848 hiare.
1296 3790 1372 3842 Vl,
1413 3773 1504 3832 38.
1581 3775 1630 3809 ³³
1669 3774 1861 3833 Matth.
1900 3793 2077 3848 xxv“,
2111 3777 2182 3833 46
2279 3776 2728 3845 “Joan.xn,28.
2805 3777 2854 3810 "
2873 3775 3192 3841 Joan..x.vu,
3215 3775 3270 3830 5.
3343 3741 3390 3806 ⁸’⁶
3417 3771 3614 3828 Matth.

361 3857 510 3910 xm,
546 3843 636 3900 ιι.
712 3846 755 3878 ⁸¹
793 3845 961 3903 Marc.
998 3862 1117 3914 xm,
1141 3847 1231 3902 5‘2.

435 4001 666 4089 (16)‘Sie
687 4001 822 4089 Reg.
856 4002 883 4056 1
910 4014 964 4060 et
990 4003 1312 4089 Seguer."!lt
1344 4004 1438 4089 alii
1465 4013 1519 4061 et
1531 4005 1699 4089 editi,
1721 4007 1934 4089 ‘épwgé.

365 4070 490 4126 Mox
523 4073 654 4144 Reg.
681 4074 732 4138 1,
763 4070 987 4144 Seguer.
1017 4070 1325 4144 et'Anglic.,
1350 4077 1503 4144 ἔλεγε
1527 4076 1584 4129 δὲ
1607 4070 1746 4144 μετὰ
1766 4070 1939 4130 ταῦτα

365 4141 798 4216 τοῖς-μαθηταῖς.
827 4141 1042 4216 Gobler.
1060 4156 1126 4216 et
1152 4141 1298 4216 Felc.
1333 4147 1384 4208 1,
1417 4141 1570 4214 ἔλεγε
1596 4141 1654 4200 δὲ
1686 4147 1811 4208 τοὺς
1837 4164 1941 4216 μα⁸

367 4210 536 4286 θῃτάς
551 4210 777 4286 _,_Iurt_e,
825 4215 961 4284 πρὸς
993 4215 1120 4286 τους
1149 4215 1418 4286 μαθητάς.
1463 4210 1655 4271 Caneri
1688 4227 1744 4271 et
1770 4210 1936 4281 editi,

367 4279 525 4354 ἔλεγε
538 4282 796 4354 ,δέ-ταῦτα
827 4279 938 4347 τοῖς
971 4279 1258 4354 μαθηταῖς.

2041 4005 2190 4062 Felc.
2228 4007 2280 4078 1,
2321 4006 2477 4078 me
2508 4006 2606 4078 τὴν
2657 4006 2927 4078 ὑμετέραν
2963 4006 3252 4078 διάνοιανι-
3279 4003 3368 4078 ιψί
3394 4001 3511 4078 _alii
3561 4013 3618 4078 et

2047 4078 2213 4148 editio
2241 4068 2530 4148 Commel.,
2563 4068 2861 4148 ἢμετέραν,
2887 4077 3167 4148 mendose.
3209 4068 3349 4148 Ibid.
3393 4071 3526 4148 Reg.
3552 4075 3613 4148 1,

2050 4146 2298 4218 Seguer.,
2351 4142 2620 4218 ὑπάρχων
2659 4149 2701 4218 ό
2730 4142 2858 4209 Ῡὶὸς
2889 4146 3038 4218 1:96;-
3070 4147 3162 4218 τὸν
3197 4144 3356 4218 Θεὸν,
3401 4142 3512 4218 οὑτ’
3548 4143 3617 4195 ἂν

2046 4217 2278 4339 ⁴ίιῖνόησε
2313 4219 2437 4289 περὶ
2467 4214 2566 4288 τῆς
2596 4216 2828 4287 ἡμέρας,
2861 4216 2972 4270 ἀλλ’
2999 4216 3288 4300 ἐγίνωσκεν
3317 4214 3614 4295 ὼςΛόγος,

2046 4304 2075 4339 ο
2111 4287 2156 4339 τ’
2205 4287 2270 4339 ἂν
2314 4287 2729 4339 ἐγκατελείπετο
2780 4289 2808 4339 6
2855 4303 3230 4339 συνυπαογων.
3277 4284 3452 4339 Edttl.
3499 4283 3614 4336 διά-

2046 4304 2075 4339 ο

2143 4287 2156 4307 ἱ

2111 4287 2156 4340 τ’
2204 4283 2270 4340 ἂν
2314 4283 2729 4354 ἐγκατελείπετο
2780 4289 2808 4339 6
2855 4287 3230 4354 συνυπάρχων.
3277 4284 3452 4343 Editi,
3499 4283 3620 4336 διά-

437 4350 1342 4450 '(.f'i.)MR:eg.I1,“Segunerlganglis.J
1367 4355 1586 4450 Go‘blerl.
1622 4354 1849 4450 ethelc.
1887 4357 1931 4422 1,

2049 4374 2200 4450 νειαξ
2232 4350 2668 4450 uiueres
2690 4356 2780 4409 τδν
2809 4357 2961 4450 θεδξν
2982 4350 3196 4450 ,οὲίῖάν
3224 4355 3619 4450 ῂγιάηῖξῖιξξι

368 4425 398 4493 6
428 4423 486 4474 ἐν
518 4421 696 4493 σοφία.
734 4423 791 4476 In
825 4421 944 4478 aliis
972 4433 1025 4477 et
1059 4421 1220 4478 editis
1249 4428 1278 4478 6
1312 4427 1482 4480 deest.
1530 4425 1653 4479 Mox
1688 4421 1937 4493 Seguer.,

368 4491 406 4546 ἃ
437 4491 567 4565 παρ’
597 4491 804 4565 ἐτέρου.
851 4493 1108 4565 Idemque
1137 4504 1190 4565 et
1221 4494 1419 4565 Regius
1446 4496 1690 4565 primus,
1725 4491 1934 4565 μαθεῖν.

442 4560 556 4626 (48)
600 4560 732 4633 Reg.
764 4563 832 4633 1,
874 4560 1099 4633 Seguer.
1133 4560 1350 4620 Gobler.
1375 4575 1428 4620 et
1447 4560 1607 4621 'Felc.
1656 4567 1680 4619 1
1717 4560 1940 4618 δύναται

371 4632 400 4686 ό
431 4633 620 4706 Λόγος.
645 4631 845 4706 Caeteri
869 4645 932 4706 et,
951 4631 1102 4706 editi,
1128 4634 1348 4688 δύναται
1382 4634 1739 4706 ΛόγοςνΜοκῌ
1752 4635 1882 4706 Reg.
1910 4637 1935 4689 1

370 4711 425 4827 (ὃ.
452 4699 702 4787 Seguer.,
735 4699 801 4774 ἦν
826 4705 854 4756 ό
888 4705 1076 4775 Πατήρ
1112 4721 1261 4757 ποτε.
1289 4705 1398 4760 Alii
1432 4699 1486 4761 et
1510 4705 1676 4772 editi,
1711 4700 1778 4777 ἦν
1811 4699 1940 4759 ποτε

421 4789 579 4827 ατηο.

421 4789 579 4842 ατηρ.

443 4842 556 4912 (49)
603 4841 732 4912 Reg.
771 4843 834 4908 1,
869 4841 1092 4912 Seguer.
1127 4843 1345 4900 Gobler.
1383 4853 1436 4899 et
1476 4843 1622 4900 Fele.
1654 4845 1720 4910 1,
1772 4848 1936 4900 ποιεῖ.

372 4911 514 4965 Editi
545 4911 780 4980 aliique,
812 4911 1003 4967 ἐποίει.
1041 4914 1241 4969 Ibidem
1273 4915 1493 4970 Gobler.
1519 4924 1571 4968 et
1598 4915 1742 4971 Felc.
1774 4917 1825 4980 1,
1865 4916 1941 4978 ὼς

373 4983 530 5057 ὑμεῖς
564 4999 722 5057 φατε,
759 4985 788 5036 ὁ
815 4984 906 5057 ἐπὶ
948 4985 1045 5054 μὲν
1073 4985 1176 5057 τοῢί
1198 4983 1431 5057 σταυροῦ
1464 4985 1705 5057 φάσκων.
1743 4985 1810 5039 At
1843 4986 1941 5054 μέν

373 5053 804 5124 ibidemabesta
837 5053 968 5121 Reg.
1007 5057 1026 5106 1
1061 5065 1114 5109 et
1150 5053 1396 5124 Seguer.,
1442 5058 1536 5123 qui
1581 5056 1707 5110 item
1741 5053 1943 5109 habent

372 5121 770 5194 tyxajréktnaq;
801 5124 908 5194 πρὸ
938 5125 995 5194 δὲ
1014 5125 1227 5179 τούτου.

444 5193 558 5261 (:0)
597 5191 667 5244 Σύ
703 5191 856 5248 abest
886 5210 917 5248 a
948 5193 1148 5264 Regius
1196 5195 1222 5248 1
1261 5205 1314 5250 et
1354 5193 1603 5264 Seguer.,
1643 5195 1734 5264 qui
1778 5193 1938 5250 iidem

373 5264 540 5330 paulo
564 5270 703 5336 post
725 5265 944 5336 habent,
986 5263 1184 5336 ηὔχετό
1211 5282 1270 5318 τε
1289 5307 1304 5331 ,
1335 5277 1409 5336 et,
1442 5263 1786 5336 παρήγγελλε
1805 5303 1820 5324 ,
1862 5274 1938 5336 et,

375 5283 540 5330 paulo
568 5283 692 5330 pass
725 5283 944 5327 nauem,
986 5283 1184 5336 ηυχετο
1211 5283 1304 5331 τε,
1335 5283 1409 5326 et,
1442 5283 1517 5316 πα
1557 5283 1820 5336 ηγγεΛΑε,
1863 5283 1938 5324 et.

375 5330 790 5454 πῳσεύέεσθαι.
823 5333 1016 5390 Caeteri
1046 5345 1099 5389 et
1123 5335 1276 5398 editi,
1301 5333 1500 5406 ηὔχετο
1522 5283 1602 5400 iis,
1633 5345 1706 5400 et,
1734 5335 1943 5417 παρήγ-

376 5403 542 5454 γειλε.
620 5417 704 5454 ea.
736 5402 792 5454 2.
824 5403 1098 5454 εὑνεσθαι.
1124 5405 1345 5454 Gobler.
1374 5413 1428 5454 et
1453 5403 1600 5454 Felc.
1626 5405 1679 5454 1.
1710 5421 1943 5454 προσευ-

376 5402 542 5474 γειλε.
571 5402 704 5474 Reg.
736 5402 792 5468 2,
824 5403 1098 5474 εὔχεσθαι.
1124 5402 1345 5460 Gobler.
1374 5402 1428 5459 et
1453 5403 1600 5459 Felc.
1626 5405 1679 5468 1,
1710 5402 1944 5474 προσεύ-

377 5473 558 5545 χεσθε.
590 5473 784 5545 ᾼιίἱ-ει
813 5473 964 5538 editi,
996 5474 1241 5545 εὔχεσθε.

449 5542 562 5615 (51)
586 5539 677 5597 Sic
701 5539 832 5615 Reg.
871 5545 896 5598 1
926 5554 986 5615 et
1017 5539 1239 5615 Seguer.
1257 5543 1458 5615 Cmteri
1471 5559 1596 5600 vero
1612 5552 1665 5615 et
1686 5544 1944 5609 editi,za‘t

375 5610 476 5683 τῆς
497 5610 646 5683 ὥρας
692 5610 867 5678 οὐδεὶς
897 5610 1056 5680 οἶδεν,
1092 5610 1215 5668 οὔτε
1236 5617 1284 5669 οἱ
1312 5614 1551 5683 ἄγγελοι,
1578 5613 1724 5668 οὗτε.
1774 5615 1942 5669 Paulo

383 5691 507 5752 post
546 5683 678 5752 Reg.
736 5683 799 5749 1,
874 5684 1102 5755 Seguer.
1160 5684 1321 5741 Basil.
1368 5686 1577 5755 Anglic.
1629 5685 1845 5743 Goblcr.
1882 5693 1935 5739 et

2043 4427 2144 4498 τῆς
2172 4424 2414 4498 ἡμέρας,
2436 4427 2550 4480 ἀλλ’
2577 4424 2877 4498 ’ἐγίνωσκεν
2911 4429 2940 4479 6
2970 4425 3160 4498 Λόγος,
3185 4424 3395 4498 οὑκ-αν-
3416 4425 3620 4498 ἐγκατ-

2041 4492 2256 4569 ελίπετο
2408 4492 2788 4569 συνυπάρχων.
2824 4496 2956 4567 Reg.
2986 4497 3023 4569 ἓ
3059 4492 3239 4569 habet,
3275 4496 3314 4569 6_
3331 4492 3462 4554 Υἱός
3495 4506 3620 4569 post

2039 4568 2296 4632 διάνοιαν,
2326 4567 2597 4636 idemque
2619 4565 2689 4620 et,
2719 4567 2872 4622 Gobl.
2905 4565 2958 4620 et
2986 4565 3129 4619 Felc.
3169 4566 3192 4618 1
3229 4565 3463 4636 habent,
3498 4565 3619 4630 ἐγί-

2040 4655 2246 4691 νωσκεν
2269 4637 2345 4700 ὼς
2367 4635 2558 4704 Λόγος.
2590 4635 2733 4691 Felc.
2763 4639 2814 4704 5,
2844 4636 3136 4705 ἐγίνωσκεν
3163 4635 3239 4698 ὡς
3263 4635 3453 4705 Λόγος.

2113 4707 2227 4778 (52)
2252 4709 2453 4778 Regius
2473 4709 2702 4774 primus,
2731 4704 2954 4778 Seguer.
2969 4705 3185 4778 Gebler.
3202 4716 3258 4759 et.
3271 4704 3315 4778 1‘:
3313 4705 3482 4778 elc.__1,
3505 4705 3630 4778 γὰρ.

2040 4772 2217 4846 Λόγος
2255 4772 2359 4831 div:
2407 4772 2550 4831 Editi
2589 4788 2642 4831 et
2696 4772 2829 4843 alii:
2852 4776 2960 4846 γὰρ
2989 4775 3063 4838 ὠς
3092 4776 3264 4846 Λόγος
3285 4774 3378 4827 ὢν.
3411 4772 3622 4846 Ibidem

2043 4845 2246 4934 Regius
2307 4847 2517 4917 primus
2572 4859 2627 4902 et
2681 4845 3170 4919 Seguer.,énstaq.
3223 4846 3332 4899 Alii
3377 4853 3432 4897 et
3457 4845 3613 4911 editi,

2041 4921 2390 5072 éTTELSEI’iLR‘eg.
2421 4987 2452 5072 1
2488 4995 2550 5072 et,
2585 4985 2833 5072 Seguer.,
2879 4983 3369 5072 διαλογιζομένους.
3392 4985 3615 5072 ἐξερμτί

2040 5067 2095 5112 et
2125 5054 2277 5122 editi,
2301 5054 2697 5126 λογιζομένους.
2722 5057 2858 5112 Ibid.
2896 5056 3028 5125 Reg.
3062 5059 3108 5119 1,
3145 5054 3367 5124 Seguer.
3390 5054 3613 5111 Gobler.

2042 5139 2095 5182 et
2113 5129 2259 5183 Felc.
2296 5129 2348 5193 1,
2384 5130 2556 5181 εἰπεῖν
2591 5128 2707 5182 καί.
2754 5128 2857 5181 Alii
2903 5135 2958 5181 et
3002 5127 3152 5190 editi,
3193 5128 3368 5180 είπεῖν
3415 5127 3617 5190 αὑτοὺς

2043 5199 2156 5252 καί.

2115 5268 2228 5339 (54)
2242 5268 2334 5324 Sic
2361 5266 2493 5341 Reg.
2529 5267 2575 5332 I,
2613 5275 2668 5321 et
2699 5269 2928 5340 Seguer.
2957 5265 3027 5320 At
3049 5265 3139 5320 alii
3169 5274 3224 5322 et
3238 5265 3368 5322 editi
3397 5267 3426 5318 6
3450 5266 3616 5320 omit-

2042 5349 2182 5394 tunt.

2115 5410 2227 5478 (55)
2257 5408 2349 5465 Sic
2383 5408 2517 5478 Reg.
2548 5408 2599 5472 1,
2642 5408 2867 5478 Seguer.
2904 5405 3123 5478 Gobler.
3149 5416 3208 5478 et
3241 5405 3390 5460 Felc.
3423 5405 3476 5458 1.
3505 5405 3614 5460 Alii

2043 5476 2224 5534 autem
2249 5490 2302 5534 et
2332 5476 2500 5534 editio
2529 5476 2818 5543 Commel.,
2847 5479 3008 5531 ποιεῖ.
3029 5476 3199 5531 Paulo
3233 5485 3357 5543 post
3384 5485 3616 5543 uterque

2045 5548 2518 5620 Regius,Anglic.
2571 5557 2629 5620 et
2674 5547 2818 5606 Felc.
2871 5551 2924 5614 5,
2984 5547 3083 5618 μὲν
3133 5545 3396 5601 Ἰουδαῖοι.
3427 5545 3531 5599 Alii
3559 5553 3625 5601 ει.

2043 5619 2194 5684 editi,
2238 5619 2337 5693 μὲν
2367 5618 2416 5672 οἱ
2463 5618 2722 5673 Ἰουδαῖοι.
