  <div class='ocr_page' id='page_1' title='image "/cluster/home/n/w/nwhite01/storage/ocr_20150623/26/nnc1.0046978577/199.png"; bbox 0 0 3834 6220; ppageno 0'>
   <div class='ocr_carea' id='block_1_1' title="bbox 286 271 396 332">
    <p class='ocr_par' dir='ltr' id='par_1_1' title="bbox 286 271 396 332">
     <span class='ocr_line' id='line_1_1' title="bbox 286 271 396 332; baseline 0.018 -2"><span class='ocrx_word' id='word_1_1' title='bbox 286 271 396 332; x_wconf 75' lang='lat'><strong>383</strong></span> 
     </span>
    </p>
   </div>
   <div class='ocr_carea' id='block_1_2' title="bbox 895 264 2968 325">
    <p class='ocr_par' dir='ltr' id='par_1_2' title="bbox 895 264 2968 325">
     <span class='ocr_line' id='line_1_2' title="bbox 895 264 2968 325; baseline -0.001 0"><span class='ocrx_word' id='word_1_2' title='bbox 895 271 952 325; x_wconf 92' lang='lat' dir='ltr'><strong>S.</strong></span> <span class='ocrx_word' id='word_1_3' title='bbox 995 267 1376 325; x_wconf 80' lang='lat' dir='ltr'><strong>ATHANASII</strong></span> <span class='ocrx_word' id='word_1_4' title='bbox 1412 268 1564 324; x_wconf 87' lang='lat' dir='ltr'><strong>OPP.</strong></span> <span class='ocrx_word' id='word_1_5' title='bbox 1605 267 1788 325; x_wconf 80' lang='lat' dir='ltr'><strong>PARS</strong></span> <span class='ocrx_word' id='word_1_6' title='bbox 1817 268 1857 325; x_wconf 85' lang='grc'>1.</span> <span class='ocrx_word' id='word_1_7' title='bbox 1899 297 1969 310; x_wconf 90' lang='lat'><strong>—-</strong></span> <span class='ocrx_word' id='word_1_8' title='bbox 2005 264 2378 323; x_wconf 73' lang='lat' dir='ltr'><strong>lilSTORlCA</strong></span> <span class='ocrx_word' id='word_1_9' title='bbox 2418 265 2505 320; x_wconf 84' lang='grc' dir='ltr'><strong>ΕΤ</strong></span> <span class='ocrx_word' id='word_1_10' title='bbox 2546 264 2968 322; x_wconf 74' lang='lat' dir='ltr'><strong>DOGMATICA.</strong></span> 
     </span>
    </p>
   </div>
   <div class='ocr_carea' id='block_1_3' title="bbox 3435 271 3548 326">
    <p class='ocr_par' dir='ltr' id='par_1_3' title="bbox 3435 271 3548 326">
     <span class='ocr_line' id='line_1_3' title="bbox 3435 271 3548 326; baseline 0.009 -1"><span class='ocrx_word' id='word_1_11' title='bbox 3435 271 3548 326; x_wconf 67' lang='lat'><strong>381»</strong></span> 
     </span>
    </p>
   </div>
   <div class='ocr_carea' id='block_1_4' title="bbox 289 384 1878 460">
    <p class='ocr_par' dir='ltr' id='par_1_4' title="bbox 289 388 1851 460">
     <span class='ocr_line' id='line_1_4' title="bbox 289 388 1851 460; baseline -0.004 -12"><span class='ocrx_word' id='word_1_12' title='bbox 289 393 366 448; x_wconf 89' lang='lat' dir='ltr'><strong>tio</strong></span> <span class='ocrx_word' id='word_1_13' title='bbox 393 406 503 447; x_wconf 91' lang='lat' dir='ltr'><strong>non</strong></span> <span class='ocrx_word' id='word_1_14' title='bbox 537 388 878 460; x_wconf 86' lang='lat' dir='ltr'><strong>diSpliceant,</strong></span> <span class='ocrx_word' id='word_1_15' title='bbox 914 396 1027 442; x_wconf 92' lang='lat' dir='ltr'><strong>tum</strong></span> <span class='ocrx_word' id='word_1_16' title='bbox 1067 389 1284 442; x_wconf 89' lang='lat' dir='ltr'><strong>illorum</strong></span> <span class='ocrx_word' id='word_1_17' title='bbox 1321 388 1499 458; x_wconf 81' lang='lat' dir='ltr'><strong>gratia</strong></span> <span class='ocrx_word' id='word_1_18' title='bbox 1527 403 1666 459; x_wconf 87' lang='lat' dir='ltr'><strong>quos</strong></span> <span class='ocrx_word' id='word_1_19' title='bbox 1695 388 1851 443; x_wconf 67' lang='lat' dir='ltr'><strong>deeeo</strong></span> 
     </span>
    </p>
   </div>
   <div class='ocr_carea' id='block_1_5' title="bbox 1987 384 3549 460">
    <p class='ocr_par' dir='ltr' id='par_1_5' title="bbox 1987 384 3549 458">
     <span class='ocr_line' id='line_1_5' title="bbox 1987 384 3549 458; baseline 0.002 -19"><span class='ocrx_word' id='word_1_20' title='bbox 1987 386 2064 457; x_wconf 84' lang='grc' dir='ltr'>’ἀρ</span> <span class='ocrx_word' id='word_1_21' title='bbox 2097 387 2193 456; x_wconf 82' lang='grc' dir='ltr'>τῆς</span> <span class='ocrx_word' id='word_1_22' title='bbox 2227 385 2488 455; x_wconf 85' lang='grc' dir='ltr'>αἱρέσεως</span> <span class='ocrx_word' id='word_1_23' title='bbox 2520 384 2699 437; x_wconf 78' lang='grc' dir='ltr'>αὐτῶν</span> <span class='ocrx_word' id='word_1_24' title='bbox 2729 386 2930 438; x_wconf 81' lang='grc' dir='ltr'>οἰκεῖον</span> <span class='ocrx_word' id='word_1_25' title='bbox 2974 385 3035 438; x_wconf 83' lang='grc' dir='ltr'>τὸ</span> <span class='ocrx_word' id='word_1_26' title='bbox 3083 387 3338 458; x_wconf 80' lang='grc' dir='ltr'>φρόνημα</span> <span class='ocrx_word' id='word_1_27' title='bbox 3360 403 3374 418; x_wconf 75' lang='grc'><strong><em>⁸</em></strong></span> <span class='ocrx_word' id='word_1_28' title='bbox 3409 389 3442 458; x_wconf 83' lang='grc' dir='ltr'>ἢ</span> <span class='ocrx_word' id='word_1_29' title='bbox 3493 392 3549 443; x_wconf 84' lang='grc' dir='ltr'>εἰ</span> 
     </span>
    </p>
   </div>
   <div class='ocr_carea' id='block_1_6' title="bbox 287 479 1867 552">
    <p class='ocr_par' dir='ltr' id='par_1_6' title="bbox 287 479 1867 552">
     <span class='ocr_line' id='line_1_6' title="bbox 287 479 1867 552; baseline -0.003 -15"><span class='ocrx_word' id='word_1_30' title='bbox 287 491 506 552; x_wconf 84' lang='lat' dir='ltr'><strong>perunt,</strong></span> <span class='ocrx_word' id='word_1_31' title='bbox 541 479 852 536; x_wconf 75' lang='lat' dir='ltr'><strong>Judzeorum</strong></span> <span class='ocrx_word' id='word_1_32' title='bbox 883 480 1021 536; x_wconf 91' lang='lat' dir='ltr'><strong>ritus</strong></span> <span class='ocrx_word' id='word_1_33' title='bbox 1051 481 1228 550; x_wconf 86' lang='lat' dir='ltr'><strong>palam</strong></span> <span class='ocrx_word' id='word_1_34' title='bbox 1251 481 1501 551; x_wconf 91' lang='lat' dir='ltr'><strong>amplecti</strong></span> <span class='ocrx_word' id='word_1_35' title='bbox 1538 491 1592 536; x_wconf 90' lang='lat' dir='ltr'><strong>et</strong></span> <span class='ocrx_word' id='word_1_36' title='bbox 1632 483 1867 536; x_wconf 87' lang='lat' dir='ltr'><strong>circum-</strong></span> 
     </span>
    </p>
   </div>
   <div class='ocr_carea' id='block_1_7' title="bbox 290 570 1866 642">
    <p class='ocr_par' dir='ltr' id='par_1_7' title="bbox 290 570 1866 642">
     <span class='ocr_line' id='line_1_7' title="bbox 290 570 1866 642; baseline -0.001 -15"><span class='ocrx_word' id='word_1_37' title='bbox 290 571 399 627; x_wconf 89' lang='lat' dir='ltr'><strong>cidi</strong></span> <span class='ocrx_word' id='word_1_38' title='bbox 455 586 564 624; x_wconf 91' lang='lat' dir='ltr'><strong>non</strong></span> <span class='ocrx_word' id='word_1_39' title='bbox 614 570 864 637; x_wconf 51' lang='lat' dir='ltr'><strong>audent,&#39;</strong></span> <span class='ocrx_word' id='word_1_40' title='bbox 893 570 1147 627; x_wconf 90' lang='lat' dir='ltr'><strong>desinant</strong></span> <span class='ocrx_word' id='word_1_41' title='bbox 1186 588 1316 642; x_wconf 88' lang='lat' dir='ltr'><strong>ergo</strong></span> <span class='ocrx_word' id='word_1_42' title='bbox 1367 573 1551 627; x_wconf 87' lang='lat' dir='ltr'><strong>eadem</strong></span> <span class='ocrx_word' id='word_1_43' title='bbox 1591 588 1655 628; x_wconf 89' lang='lat' dir='ltr'><strong>ac</strong></span> <span class='ocrx_word' id='word_1_44' title='bbox 1699 571 1866 626; x_wconf 73' lang='grc' dir='ltr'><strong>,Ιυάαεί</strong></span> 
     </span>
    </p>
   </div>
   <div class='ocr_carea' id='block_1_8' title="bbox 288 660 1866 730">
    <p class='ocr_par' dir='ltr' id='par_1_8' title="bbox 288 660 1866 730">
     <span class='ocr_line' id='line_1_8' title="bbox 288 660 1866 730; baseline -0.001 -14"><span class='ocrx_word' id='word_1_45' title='bbox 288 661 460 730; x_wconf 82' lang='lat' dir='ltr'><strong>loqui.</strong></span> <span class='ocrx_word' id='word_1_46' title='bbox 490 660 758 716; x_wconf 80' lang='lat' dir='ltr'><strong>Convenit</strong></span> <span class='ocrx_word' id='word_1_47' title='bbox 789 661 932 715; x_wconf 91' lang='lat' dir='ltr'><strong>enim</strong></span> <span class='ocrx_word' id='word_1_48' title='bbox 975 676 1071 717; x_wconf 87' lang='lat' dir='ltr'><strong>eos</strong></span> <span class='ocrx_word' id='word_1_49' title='bbox 1117 662 1185 716; x_wconf 82' lang='lat' dir='ltr'><strong>ab</strong></span> <span class='ocrx_word' id='word_1_50' title='bbox 1224 663 1442 716; x_wconf 89' lang='lat' dir='ltr'><strong>illorum</strong></span> <span class='ocrx_word' id='word_1_51' title='bbox 1485 671 1664 716; x_wconf 92' lang='lat' dir='ltr'><strong>mente</strong></span> <span class='ocrx_word' id='word_1_52' title='bbox 1689 661 1866 716; x_wconf 87' lang='lat' dir='ltr'><strong>disce-</strong></span> 
     </span>
    </p>
   </div>
   <div class='ocr_carea' id='block_1_9' title="bbox 286 753 1867 823">
    <p class='ocr_par' dir='ltr' id='par_1_9' title="bbox 286 753 1867 823">
     <span class='ocr_line' id='line_1_9' title="bbox 286 753 1867 823; baseline -0.001 -15"><span class='ocrx_word' id='word_1_53' title='bbox 286 753 456 818; x_wconf 85' lang='lat' dir='ltr'><strong>dere,</strong></span> <span class='ocrx_word' id='word_1_54' title='bbox 507 767 742 822; x_wconf 88' lang='lat' dir='ltr'><strong>quorum</strong></span> <span class='ocrx_word' id='word_1_55' title='bbox 798 769 1000 808; x_wconf 90' lang='lat' dir='ltr'><strong>nomen</strong></span> <span class='ocrx_word' id='word_1_56' title='bbox 1059 753 1357 823; x_wconf 79' lang='lat' dir='ltr'><strong>refugiunt.</strong></span> <span class='ocrx_word' id='word_1_57' title='bbox 1418 753 1706 808; x_wconf 73' lang='lat' dir='ltr'><strong>Enimvero</strong></span> <span class='ocrx_word' id='word_1_58' title='bbox 1765 768 1867 807; x_wconf 88' lang='lat' dir='ltr'><strong>nos</strong></span> 
     </span>
    </p>
   </div>
   <div class='ocr_carea' id='block_1_10' title="bbox 286 843 1867 915">
    <p class='ocr_par' dir='ltr' id='par_1_10' title="bbox 286 843 1867 915">
     <span class='ocr_line' id='line_1_10' title="bbox 286 843 1867 915; baseline -0.001 -17"><span class='ocrx_word' id='word_1_59' title='bbox 286 843 588 899; x_wconf 76' lang='lat' dir='ltr'><strong>Christiani</strong></span> <span class='ocrx_word' id='word_1_60' title='bbox 627 860 842 911; x_wconf 90' lang='lat' dir='ltr'><strong>sumus,</strong></span> <span class='ocrx_word' id='word_1_61' title='bbox 867 861 900 900; x_wconf 95' lang='lat' dir='ltr'><strong>o</strong></span> <span class='ocrx_word' id='word_1_62' title='bbox 927 844 1141 912; x_wconf 86' lang='lat' dir='ltr'><strong>Ariani,</strong></span> <span class='ocrx_word' id='word_1_63' title='bbox 1173 860 1294 907; x_wconf 86' lang='lat' dir='ltr'><strong>nos,</strong></span> <span class='ocrx_word' id='word_1_64' title='bbox 1325 846 1570 915; x_wconf 89' lang='lat' dir='ltr'><strong>inquam,</strong></span> <span class='ocrx_word' id='word_1_65' title='bbox 1598 844 1867 899; x_wconf 86' lang='lat' dir='ltr'><strong>Christia-</strong></span> 
     </span>
    </p>
   </div>
   <div class='ocr_carea' id='block_1_11' title="bbox 288 929 1868 1008">
    <p class='ocr_par' dir='ltr' id='par_1_11' title="bbox 288 929 1868 1008">
     <span class='ocr_line' id='line_1_11' title="bbox 288 929 1868 1008; baseline 0.003 -19"><span class='ocrx_word' id='word_1_66' title='bbox 288 936 344 989; x_wconf 91' lang='lat' dir='ltr'><strong>ni</strong></span> <span class='ocrx_word' id='word_1_67' title='bbox 369 929 584 1002; x_wconf 73' lang='lat' dir='ltr'><strong>sumus&#39;,</strong></span> <span class='ocrx_word' id='word_1_68' title='bbox 612 937 1008 1006; x_wconf 89' lang='lat' dir='ltr'><strong>propriumque</strong></span> <span class='ocrx_word' id='word_1_69' title='bbox 1051 945 1301 991; x_wconf 89' lang='lat' dir='ltr'><strong>nostrum</strong></span> <span class='ocrx_word' id='word_1_70' title='bbox 1343 947 1428 992; x_wconf 91' lang='lat' dir='ltr'><strong>est</strong></span> <span class='ocrx_word' id='word_1_71' title='bbox 1467 937 1756 1008; x_wconf 76' lang='lat' dir='ltr'><strong>Evangelia</strong></span> <span class='ocrx_word' id='word_1_72' title='bbox 1801 939 1868 994; x_wconf 92' lang='lat' dir='ltr'><strong>de</strong></span> 
     </span>
    </p>
   </div>
   <div class='ocr_carea' id='block_1_12' title="bbox 291 1025 1870 1098">
    <p class='ocr_par' dir='ltr' id='par_1_12' title="bbox 291 1025 1870 1098">
     <span class='ocr_line' id='line_1_12' title="bbox 291 1025 1870 1098; baseline 0.003 -20"><span class='ocrx_word' id='word_1_73' title='bbox 291 1025 576 1080; x_wconf 87' lang='lat' dir='ltr'><strong>Salvatore</strong></span> <span class='ocrx_word' id='word_1_74' title='bbox 608 1035 756 1081; x_wconf 89' lang='lat' dir='ltr'><strong>recte</strong></span> <span class='ocrx_word' id='word_1_75' title='bbox 782 1027 1101 1098; x_wconf 76' lang='lat' dir='ltr'><strong>intelligere,</strong></span> <span class='ocrx_word' id='word_1_76' title='bbox 1127 1043 1235 1082; x_wconf 89' lang='lat' dir='ltr'><strong>non</strong></span> <span class='ocrx_word' id='word_1_77' title='bbox 1266 1037 1447 1083; x_wconf 91' lang='lat' dir='ltr'><strong>autem</strong></span> <span class='ocrx_word' id='word_1_78' title='bbox 1477 1043 1598 1082; x_wconf 90' lang='lat' dir='ltr'><strong>eum</strong></span> <span class='ocrx_word' id='word_1_79' title='bbox 1628 1044 1750 1082; x_wconf 91' lang='lat' dir='ltr'><strong>cum</strong></span> <span class='ocrx_word' id='word_1_80' title='bbox 1774 1027 1870 1082; x_wconf 80' lang='lat' dir='ltr'><strong>Ju-</strong></span> 
     </span>
    </p>
   </div>
   <div class='ocr_carea' id='block_1_13' title="bbox 290 1115 1870 1186">
    <p class='ocr_par' dir='ltr' id='par_1_13' title="bbox 290 1115 1870 1186">
     <span class='ocr_line' id='line_1_13' title="bbox 290 1115 1870 1186; baseline 0.003 -18"><span class='ocrx_word' id='word_1_81' title='bbox 290 1115 423 1169; x_wconf 69' lang='lat' dir='ltr'><strong>daiis</strong></span> <span class='ocrx_word' id='word_1_82' title='bbox 450 1115 721 1185; x_wconf 87' lang='lat' dir='ltr'><strong>lapidibus</strong></span> <span class='ocrx_word' id='word_1_83' title='bbox 749 1125 1054 1186; x_wconf 85' lang='lat' dir='ltr'><strong>percutere,</strong></span> <span class='ocrx_word' id='word_1_84' title='bbox 1089 1117 1133 1171; x_wconf 90' lang='lat' dir='ltr'><strong>si</strong></span> <span class='ocrx_word' id='word_1_85' title='bbox 1167 1119 1341 1186; x_wconf 83' lang='lat' dir='ltr'><strong>ipsum</strong></span> <span class='ocrx_word' id='word_1_86' title='bbox 1369 1118 1435 1172; x_wconf 93' lang='lat' dir='ltr'><strong>de</strong></span> <span class='ocrx_word' id='word_1_87' title='bbox 1459 1133 1558 1172; x_wconf 89' lang='lat' dir='ltr'><strong>sua</strong></span> <span class='ocrx_word' id='word_1_88' title='bbox 1587 1118 1870 1172; x_wconf 81' lang='lat' dir='ltr'><strong>divinitate</strong></span> 
     </span>
    </p>
   </div>
   <div class='ocr_carea' id='block_1_14' title="bbox 291 1204 1868 1275">
    <p class='ocr_par' dir='ltr' id='par_1_14' title="bbox 291 1204 1868 1275">
     <span class='ocr_line' id='line_1_14' title="bbox 291 1204 1868 1275; baseline 0.001 -17"><span class='ocrx_word' id='word_1_89' title='bbox 291 1214 347 1258; x_wconf 87' lang='lat' dir='ltr'><strong>et</strong></span> <span class='ocrx_word' id='word_1_90' title='bbox 365 1205 666 1259; x_wconf 66' lang='lat' dir='ltr'><strong>aeternitate</strong></span> <span class='ocrx_word' id='word_1_91' title='bbox 695 1204 1004 1273; x_wconf 86' lang='lat' dir='ltr'><strong>loquentem</strong></span> <span class='ocrx_word' id='word_1_92' title='bbox 1029 1205 1336 1273; x_wconf 90' lang='lat' dir='ltr'><strong>audiamus,</strong></span> <span class='ocrx_word' id='word_1_93' title='bbox 1357 1221 1530 1275; x_wconf 87' lang='lat' dir='ltr'><strong>neque</strong></span> <span class='ocrx_word' id='word_1_94' title='bbox 1551 1206 1868 1260; x_wconf 85' lang='lat' dir='ltr'><strong>scandalum</strong></span> 
     </span>
    </p>
   </div>
   <div class='ocr_carea' id='block_1_15' title="bbox 292 1295 1870 1366">
    <p class='ocr_par' dir='ltr' id='par_1_15' title="bbox 292 1295 1870 1366">
     <span class='ocr_line' id='line_1_15' title="bbox 292 1295 1870 1366; baseline 0.001 -17"><span class='ocrx_word' id='word_1_95' title='bbox 292 1295 575 1349; x_wconf 81' lang='lat' dir='ltr'><strong>vobiscum</strong></span> <span class='ocrx_word' id='word_1_96' title='bbox 604 1295 735 1364; x_wconf 91' lang='lat' dir='ltr'><strong>pati,</strong></span> <span class='ocrx_word' id='word_1_97' title='bbox 779 1295 851 1350; x_wconf 95' lang='lat' dir='ltr'><strong>ob</strong></span> <span class='ocrx_word' id='word_1_98' title='bbox 875 1295 1102 1350; x_wconf 88' lang='lat' dir='ltr'><strong>humilia</strong></span> <span class='ocrx_word' id='word_1_99' title='bbox 1149 1297 1314 1351; x_wconf 87' lang='lat' dir='ltr'><strong>verba</strong></span> <span class='ocrx_word' id='word_1_100' title='bbox 1357 1297 1556 1366; x_wconf 82' lang='lat' dir='ltr'><strong>quibus</strong></span> <span class='ocrx_word' id='word_1_101' title='bbox 1601 1305 1662 1351; x_wconf 88' lang='lat' dir='ltr'><strong>ut</strong></span> <span class='ocrx_word' id='word_1_102' title='bbox 1709 1297 1870 1350; x_wconf 88' lang='lat' dir='ltr'><strong>homo</strong></span> 
     </span>
    </p>
   </div>
   <div class='ocr_carea' id='block_1_16' title="bbox 293 1383 1872 1457">
    <p class='ocr_par' dir='ltr' id='par_1_16' title="bbox 293 1383 1872 1457">
     <span class='ocr_line' id='line_1_16' title="bbox 293 1383 1872 1457; baseline 0.001 -18"><span class='ocrx_word' id='word_1_103' title='bbox 293 1386 485 1439; x_wconf 89' lang='lat' dir='ltr'><strong>utitur.</strong></span> <span class='ocrx_word' id='word_1_104' title='bbox 524 1383 866 1456; x_wconf 85' lang='lat' dir='ltr'><strong>Quapropter</strong></span> <span class='ocrx_word' id='word_1_105' title='bbox 918 1387 965 1441; x_wconf 84' lang='lat' dir='ltr'><strong>si</strong></span> <span class='ocrx_word' id='word_1_106' title='bbox 1011 1402 1109 1442; x_wconf 90' lang='lat' dir='ltr'><strong>vos</strong></span> <span class='ocrx_word' id='word_1_107' title='bbox 1154 1386 1455 1442; x_wconf 81' lang='lat' dir='ltr'><strong>Christiani</strong></span> <span class='ocrx_word' id='word_1_108' title='bbox 1496 1403 1716 1457; x_wconf 88' lang='lat' dir='ltr'><strong>quoque</strong></span> <span class='ocrx_word' id='word_1_109' title='bbox 1752 1403 1872 1441; x_wconf 88' lang='lat' dir='ltr'><strong>esse</strong></span> 
     </span>
    </p>
   </div>
   <div class='ocr_carea' id='block_1_17' title="bbox 294 1477 1871 1546">
    <p class='ocr_par' dir='ltr' id='par_1_17' title="bbox 294 1477 1871 1546">
     <span class='ocr_line' id='line_1_17' title="bbox 294 1477 1871 1546; baseline 0.001 -17"><span class='ocrx_word' id='word_1_110' title='bbox 294 1480 515 1545; x_wconf 90' lang='lat' dir='ltr'><strong>optatis,</strong></span> <span class='ocrx_word' id='word_1_111' title='bbox 547 1477 660 1530; x_wconf 77' lang='lat' dir='ltr'><strong>Arii</strong></span> <span class='ocrx_word' id='word_1_112' title='bbox 708 1477 978 1532; x_wconf 87' lang='lat' dir='ltr'><strong>insaniam</strong></span> <span class='ocrx_word' id='word_1_113' title='bbox 1030 1477 1302 1546; x_wconf 90' lang='lat' dir='ltr'><strong>deponite,</strong></span> <span class='ocrx_word' id='word_1_114' title='bbox 1342 1485 1662 1545; x_wconf 88' lang='lat' dir='ltr'><strong>vestrasque</strong></span> <span class='ocrx_word' id='word_1_115' title='bbox 1711 1491 1871 1531; x_wconf 88' lang='lat' dir='ltr'><strong>aures</strong></span> 
     </span>
    </p>
   </div>
   <div class='ocr_carea' id='block_1_18' title="bbox 297 1566 1867 1637">
    <p class='ocr_par' dir='ltr' id='par_1_18' title="bbox 297 1566 1867 1637">
     <span class='ocr_line' id='line_1_18' title="bbox 297 1566 1867 1637; baseline -0.001 -17"><span class='ocrx_word' id='word_1_116' title='bbox 297 1568 479 1636; x_wconf 90' lang='lat' dir='ltr'><strong>impiis</strong></span> <span class='ocrx_word' id='word_1_117' title='bbox 508 1569 813 1622; x_wconf 89' lang='lat' dir='ltr'><strong>maledictis</strong></span> <span class='ocrx_word' id='word_1_118' title='bbox 845 1569 1186 1634; x_wconf 89' lang='lat' dir='ltr'><strong>sordidatas,</strong></span> <span class='ocrx_word' id='word_1_119' title='bbox 1231 1568 1336 1637; x_wconf 89' lang='lat' dir='ltr'><strong>piis</strong></span> <span class='ocrx_word' id='word_1_120' title='bbox 1370 1567 1574 1621; x_wconf 87' lang='lat' dir='ltr'><strong>abluite</strong></span> <span class='ocrx_word' id='word_1_121' title='bbox 1607 1566 1867 1621; x_wconf 89' lang='lat' dir='ltr'><strong>sermoni-</strong></span> 
     </span>
    </p>
   </div>
   <div class='ocr_carea' id='block_1_19' title="bbox 1969 475 3543 550">
    <p class='ocr_par' dir='ltr' id='par_1_19' title="bbox 1969 475 3543 550">
     <span class='ocr_line' id='line_1_19' title="bbox 1969 475 3543 550; baseline 0.003 -20"><span class='ocrx_word' id='word_1_122' title='bbox 1969 478 2266 530; x_wconf 83' lang='grc' dir='ltr'><strong>δεδοίκασιν</strong></span> <span class='ocrx_word' id='word_1_123' title='bbox 2290 475 2594 539; x_wconf 76' lang='grc' dir='ltr'><strong>’ἰουδαΐζειν</strong></span> <span class='ocrx_word' id='word_1_124' title='bbox 2617 478 2680 529; x_wconf 81' lang='grc' dir='ltr'>ἐκ</span> <span class='ocrx_word' id='word_1_125' title='bbox 2701 476 2955 547; x_wconf 80' lang='grc' dir='ltr'>φανεροῦ,</span> <span class='ocrx_word' id='word_1_126' title='bbox 2981 478 3077 530; x_wconf 77' lang='grc' dir='ltr'><strong>καὶ</strong></span> <span class='ocrx_word' id='word_1_127' title='bbox 3101 480 3543 550; x_wconf 79' lang='grc' dir='ltr'><strong>περιτέμνεσθαι,</strong></span> 
     </span>
    </p>
   </div>
   <div class='ocr_carea' id='block_1_20' title="bbox 1969 568 3551 642">
    <p class='ocr_par' dir='ltr' id='par_1_20' title="bbox 1969 568 3551 642">
     <span class='ocr_line' id='line_1_20' title="bbox 1969 568 3551 642; baseline 0.005 -20"><span class='ocrx_word' id='word_1_128' title='bbox 1969 569 2058 623; x_wconf 81' lang='grc' dir='ltr'>διὰ</span> <span class='ocrx_word' id='word_1_129' title='bbox 2094 569 2192 640; x_wconf 84' lang='grc' dir='ltr'><strong>τὴν</strong></span> <span class='ocrx_word' id='word_1_130' title='bbox 2220 568 2356 639; x_wconf 79' lang='grc' dir='ltr'>πρὸς</span> <span class='ocrx_word' id='word_1_131' title='bbox 2401 569 2776 621; x_wconf 76' lang='grc' dir='ltr'>Κωνστάντιον</span> <span class='ocrx_word' id='word_1_132' title='bbox 2821 569 3115 639; x_wconf 83' lang='grc' dir='ltr'>ἀρέσκειαν</span> <span class='ocrx_word' id='word_1_133' title='bbox 3149 571 3258 642; x_wconf 99' lang='grc'>(67)</span> <span class='ocrx_word' id='word_1_134' title='bbox 3288 576 3382 627; x_wconf 80' lang='grc' dir='ltr'>καὶ</span> <span class='ocrx_word' id='word_1_135' title='bbox 3419 577 3551 639; x_wconf 75' lang='grc' dir='ltr'>τοὺς</span> 
     </span>
    </p>
   </div>
   <div class='ocr_carea' id='block_1_21' title="bbox 1933 657 3548 730">
    <p class='ocr_par' dir='ltr' id='par_1_21' title="bbox 1933 657 3548 730">
     <span class='ocr_line' id='line_1_21' title="bbox 1933 657 3548 730; baseline 0.005 -19"><span class='ocrx_word' id='word_1_136' title='bbox 1933 678 1944 690; x_wconf 66' lang='grc' dir='ltr'><strong>ι</strong></span> <span class='ocrx_word' id='word_1_137' title='bbox 1969 658 2344 728; x_wconf 74' lang='grc' dir='ltr'><strong>ἀπατηθέντας</strong></span> <span class='ocrx_word' id='word_1_138' title='bbox 2377 658 2506 730; x_wconf 85' lang='grc' dir='ltr'>παρ’</span> <span class='ocrx_word' id='word_1_139' title='bbox 2556 657 2771 722; x_wconf 79' lang='grc' dir='ltr'>αὐτῶν,</span> <span class='ocrx_word' id='word_1_140' title='bbox 2815 657 2948 728; x_wconf 87' lang='grc' dir='ltr'>μηδὲ</span> <span class='ocrx_word' id='word_1_141' title='bbox 2994 657 3297 727; x_wconf 81' lang='grc' dir='ltr'>λεγέτωσαν</span> <span class='ocrx_word' id='word_1_142' title='bbox 3323 664 3393 716; x_wconf 81' lang='grc' dir='ltr'><strong>τὰ.</strong></span> <span class='ocrx_word' id='word_1_143' title='bbox 3436 665 3548 719; x_wconf 82' lang='grc' dir='ltr'><strong>τῶν</strong></span> 
     </span>
    </p>
   </div>
   <div class='ocr_carea' id='block_1_22' title="bbox 1983 743 3544 824">
    <p class='ocr_par' dir='ltr' id='par_1_22' title="bbox 1983 743 3544 824">
     <span class='ocr_line' id='line_1_22' title="bbox 1983 743 3544 824; baseline 0.003 -20"><span class='ocrx_word' id='word_1_144' title='bbox 1983 751 2246 804; x_wconf 83' lang='grc' dir='ltr'>Ἰουδαίων</span> <span class='ocrx_word' id='word_1_145' title='bbox 2265 766 2280 781; x_wconf 75' lang='grc' dir='ltr'><strong><em>ο</em></strong></span> <span class='ocrx_word' id='word_1_146' title='bbox 2313 750 2516 803; x_wconf 81' lang='grc' dir='ltr'>δίκαιον</span> <span class='ocrx_word' id='word_1_147' title='bbox 2537 749 2646 821; x_wconf 84' lang='grc' dir='ltr'>γὰρ</span> <span class='ocrx_word' id='word_1_148' title='bbox 2664 743 2740 803; x_wconf 82' lang='grc' dir='ltr'>ὧν</span> <span class='ocrx_word' id='word_1_149' title='bbox 2759 748 2832 803; x_wconf 90' lang='grc' dir='ltr'><strong>τά</strong></span> <span class='ocrx_word' id='word_1_150' title='bbox 2867 750 3103 821; x_wconf 89' lang='grc' dir='ltr'>ὀνόματα</span> <span class='ocrx_word' id='word_1_151' title='bbox 3131 755 3544 824; x_wconf 80' lang='grc' dir='ltr'>παραιτοῦνται,</span> 
     </span>
    </p>
   </div>
   <div class='ocr_carea' id='block_1_23' title="bbox 1969 841 3550 918">
    <p class='ocr_par' dir='ltr' id='par_1_23' title="bbox 1969 841 3550 918">
     <span class='ocr_line' id='line_1_23' title="bbox 1969 841 3550 918; baseline 0.003 -22"><span class='ocrx_word' id='word_1_152' title='bbox 1969 843 2174 897; x_wconf 79' lang='grc' dir='ltr'>τούτων</span> <span class='ocrx_word' id='word_1_153' title='bbox 2219 842 2658 914; x_wconf 84' lang='grc' dir='ltr'>ἀποστρέφεσθαι</span> <span class='ocrx_word' id='word_1_154' title='bbox 2693 841 2877 896; x_wconf 78' lang='grc' dir='ltr'>καὶτὸ</span> <span class='ocrx_word' id='word_1_155' title='bbox 2921 843 3194 916; x_wconf 77' lang='grc' dir='ltr'>φρόνημα.</span> <span class='ocrx_word' id='word_1_156' title='bbox 3234 847 3550 918; x_wconf 77' lang='grc' dir='ltr'>Χριστιανοὶ</span> 
     </span>
    </p>
   </div>
   <div class='ocr_carea' id='block_1_24' title="bbox 1970 928 3547 1009">
    <p class='ocr_par' dir='ltr' id='par_1_24' title="bbox 1970 928 3547 1009">
     <span class='ocr_line' id='line_1_24' title="bbox 1970 928 3547 1009; baseline 0.003 -21"><span class='ocrx_word' id='word_1_157' title='bbox 1970 935 2078 1005; x_wconf 83' lang='grc' dir='ltr'>γάρ</span> <span class='ocrx_word' id='word_1_158' title='bbox 2103 933 2212 1005; x_wconf 84' lang='grc'>(68)</span> <span class='ocrx_word' id='word_1_159' title='bbox 2241 935 2426 1004; x_wconf 78' lang='grc' dir='ltr'>ἐσμεν,</span> <span class='ocrx_word' id='word_1_160' title='bbox 2457 928 2502 987; x_wconf 81' lang='grc' dir='ltr'><strong>ὦ</strong></span> <span class='ocrx_word' id='word_1_161' title='bbox 2530 935 3146 1007; x_wconf 76' lang='grc' dir='ltr'>Ἀρειανοὶ,Χριστιανοί</span> <span class='ocrx_word' id='word_1_162' title='bbox 3168 939 3332 1008; x_wconf 75' lang='grc' dir='ltr'>ἐσμεν</span> <span class='ocrx_word' id='word_1_163' title='bbox 3354 940 3547 1009; x_wconf 79' lang='grc' dir='ltr'>ἡμεῖς·</span> 
     </span>
    </p>
   </div>
   <div class='ocr_carea' id='block_1_25' title="bbox 1968 1024 3547 1102">
    <p class='ocr_par' dir='ltr' id='par_1_25' title="bbox 1968 1024 3547 1102">
     <span class='ocr_line' id='line_1_25' title="bbox 1968 1024 3547 1102; baseline 0.004 -24"><span class='ocrx_word' id='word_1_164' title='bbox 1968 1026 2128 1098; x_wconf 76' lang='grc' dir='ltr'>ἡμῶν</span> <span class='ocrx_word' id='word_1_165' title='bbox 2165 1043 2225 1078; x_wconf 87' lang='grc' dir='ltr'><strong>τε</strong></span> <span class='ocrx_word' id='word_1_166' title='bbox 2278 1026 2407 1078; x_wconf 75' lang='grc' dir='ltr'>ἴδιον</span> <span class='ocrx_word' id='word_1_167' title='bbox 2441 1024 2620 1089; x_wconf 83' lang='grc' dir='ltr'>καλῶς</span> <span class='ocrx_word' id='word_1_168' title='bbox 2648 1025 2716 1079; x_wconf 82' lang='grc' dir='ltr'><strong>τὰ</strong></span> <span class='ocrx_word' id='word_1_169' title='bbox 2757 1027 3065 1096; x_wconf 81' lang='grc' dir='ltr'>Εὑαγγέλια</span> <span class='ocrx_word' id='word_1_170' title='bbox 3109 1031 3249 1081; x_wconf 87' lang='grc' dir='ltr'>νοεῖν</span> <span class='ocrx_word' id='word_1_171' title='bbox 3278 1031 3406 1102; x_wconf 79' lang='grc' dir='ltr'>περὶ</span> <span class='ocrx_word' id='word_1_172' title='bbox 3451 1030 3547 1084; x_wconf 84' lang='grc' dir='ltr'><strong>τοῦ</strong></span> 
     </span>
    </p>
   </div>
   <div class='ocr_carea' id='block_1_26' title="bbox 1971 1117 3549 1188">
    <p class='ocr_par' dir='ltr' id='par_1_26' title="bbox 1971 1117 3549 1188">
     <span class='ocr_line' id='line_1_26' title="bbox 1971 1117 3549 1188; baseline 0.003 -18"><span class='ocrx_word' id='word_1_173' title='bbox 1971 1117 2220 1188; x_wconf 83' lang='grc' dir='ltr'>Σωτῆρος</span> <span class='ocrx_word' id='word_1_174' title='bbox 2245 1157 2259 1182; x_wconf 91' lang='grc'><strong>,</strong></span> <span class='ocrx_word' id='word_1_175' title='bbox 2298 1117 2390 1170; x_wconf 78' lang='grc' dir='ltr'><strong>καὶ</strong></span> <span class='ocrx_word' id='word_1_176' title='bbox 2426 1117 2562 1187; x_wconf 86' lang='grc' dir='ltr'>μήτε</span> <span class='ocrx_word' id='word_1_177' title='bbox 2600 1118 2735 1188; x_wconf 85' lang='grc' dir='ltr'>μετὰ</span> <span class='ocrx_word' id='word_1_178' title='bbox 2785 1117 3054 1172; x_wconf 79' lang='grc' dir='ltr'>Ἰουδαίων</span> <span class='ocrx_word' id='word_1_179' title='bbox 3079 1118 3316 1184; x_wconf 81' lang='grc' dir='ltr'>λιθάζειν</span> <span class='ocrx_word' id='word_1_180' title='bbox 3348 1122 3549 1188; x_wconf 78' lang='grc' dir='ltr'>αὑτὸν,</span> 
     </span>
    </p>
   </div>
   <div class='ocr_carea' id='block_1_27' title="bbox 1971 1205 3547 1281">
    <p class='ocr_par' dir='ltr' id='par_1_27' title="bbox 1971 1205 3547 1281">
     <span class='ocr_line' id='line_1_27' title="bbox 1971 1205 3547 1281; baseline 0.004 -23"><span class='ocrx_word' id='word_1_181' title='bbox 1971 1206 2065 1259; x_wconf 79' lang='grc' dir='ltr'>ἐὰν</span> <span class='ocrx_word' id='word_1_182' title='bbox 2101 1207 2227 1278; x_wconf 80' lang='grc' dir='ltr'>περὶ</span> <span class='ocrx_word' id='word_1_183' title='bbox 2261 1207 2359 1278; x_wconf 83' lang='grc' dir='ltr'><strong>τῆς</strong></span> <span class='ocrx_word' id='word_1_184' title='bbox 2385 1205 2635 1276; x_wconf 81' lang='grc' dir='ltr'>θεότητος</span> <span class='ocrx_word' id='word_1_185' title='bbox 2667 1208 2760 1260; x_wconf 75' lang='grc' dir='ltr'><strong>καὶ</strong></span> <span class='ocrx_word' id='word_1_186' title='bbox 2794 1208 2892 1279; x_wconf 85' lang='grc' dir='ltr'>τῆς</span> <span class='ocrx_word' id='word_1_187' title='bbox 2915 1208 3213 1280; x_wconf 83' lang='grc' dir='ltr'>ἀῖδιότητος</span> <span class='ocrx_word' id='word_1_188' title='bbox 3254 1211 3547 1281; x_wconf 81' lang='grc' dir='ltr'>ἀκούωμεν</span> 
     </span>
    </p>
   </div>
   <div class='ocr_carea' id='block_1_28' title="bbox 1971 1296 3551 1369">
    <p class='ocr_par' dir='ltr' id='par_1_28' title="bbox 1971 1296 3551 1369">
     <span class='ocr_line' id='line_1_28' title="bbox 1971 1296 3551 1369; baseline 0.003 -19"><span class='ocrx_word' id='word_1_189' title='bbox 1971 1297 2168 1359; x_wconf 77' lang='grc' dir='ltr'>αὑτοῦ,</span> <span class='ocrx_word' id='word_1_190' title='bbox 2242 1298 2377 1368; x_wconf 83' lang='grc' dir='ltr'>μήτε</span> <span class='ocrx_word' id='word_1_191' title='bbox 2435 1296 2551 1366; x_wconf 87' lang='grc' dir='ltr'>μεθ’</span> <span class='ocrx_word' id='word_1_192' title='bbox 2605 1297 2757 1367; x_wconf 83' lang='grc' dir='ltr'>ὑμῶν</span> <span class='ocrx_word' id='word_1_193' title='bbox 2803 1299 3282 1364; x_wconf 81' lang='grc' dir='ltr'>σκανδαλίζεσθαι,</span> <span class='ocrx_word' id='word_1_194' title='bbox 3331 1303 3413 1369; x_wconf 78' lang='grc' dir='ltr'><strong>ἐφ’</strong></span> <span class='ocrx_word' id='word_1_195' title='bbox 3465 1297 3551 1366; x_wconf 77' lang='grc' dir='ltr'><strong>οἷς</strong></span> 
     </span>
    </p>
   </div>
   <div class='ocr_carea' id='block_1_29' title="bbox 1971 1387 3544 1460">
    <p class='ocr_par' dir='ltr' id='par_1_29' title="bbox 1971 1387 3544 1460">
     <span class='ocr_line' id='line_1_29' title="bbox 1971 1387 3544 1460; baseline -0.017 3"><span class='ocrx_word' id='word_1_196' title='bbox 1971 1387 2037 1441; x_wconf 71' lang='grc' dir='ltr'>ἂν</span> <span class='ocrx_word' id='word_1_197' title='bbox 2072 1387 2204 1458; x_wconf 75' lang='grc' dir='ltr'><strong>(69)ν</strong></span> <span class='ocrx_word' id='word_1_198' title='bbox 2243 1388 2318 1451; x_wconf 71' lang='grc' dir='ltr'><strong>ὡς</strong></span> <span class='ocrx_word' id='word_1_199' title='bbox 2348 1387 2629 1460; x_wconf 75' lang='grc' dir='ltr'>ἄνθρωπος</span> <span class='ocrx_word' id='word_1_200' title='bbox 2649 1428 2663 1452; x_wconf 72' lang='grc'><strong>9</strong></span> <span class='ocrx_word' id='word_1_201' title='bbox 2705 1388 2844 1459; x_wconf 84' lang='grc' dir='ltr'>ὑπὲρ</span> <span class='ocrx_word' id='word_1_202' title='bbox 2881 1388 3036 1458; x_wconf 81' lang='grc' dir='ltr'>ἡμῶν</span> <span class='ocrx_word' id='word_1_203' title='bbox 3083 1394 3353 1454; x_wconf 84' lang='grc' dir='ltr'>ταπεινοῖς</span> <span class='ocrx_word' id='word_1_204' title='bbox 3385 1390 3544 1459; x_wconf 74' lang='grc' dir='ltr'>φθέγ-</span> 
     </span>
    </p>
   </div>
   <div class='ocr_carea' id='block_1_30' title="bbox 1972 1480 3553 1552">
    <p class='ocr_par' dir='ltr' id='par_1_30' title="bbox 1972 1480 3553 1552">
     <span class='ocr_line' id='line_1_30' title="bbox 1972 1480 3553 1552; baseline 0.002 -19"><span class='ocrx_word' id='word_1_205' title='bbox 1972 1499 2120 1550; x_wconf 88' lang='grc' dir='ltr'>γοιτο</span> <span class='ocrx_word' id='word_1_206' title='bbox 2160 1482 2417 1552; x_wconf 68' lang='grc' dir='ltr'>ῥήμασιν.</span> <span class='ocrx_word' id='word_1_207' title='bbox 2467 1481 2528 1533; x_wconf 87' lang='grc' dir='ltr'><strong>Εἰ</strong></span> <span class='ocrx_word' id='word_1_208' title='bbox 2567 1481 2748 1533; x_wconf 86' lang='grc' dir='ltr'>θέλετε</span> <span class='ocrx_word' id='word_1_209' title='bbox 2786 1480 2916 1548; x_wconf 87' lang='grc' dir='ltr'>γοῦν</span> <span class='ocrx_word' id='word_1_210' title='bbox 2961 1482 3054 1534; x_wconf 77' lang='grc' dir='ltr'>καὶ</span> <span class='ocrx_word' id='word_1_211' title='bbox 3097 1482 3254 1552; x_wconf 84' lang='grc' dir='ltr'>ὑμεῖς</span> <span class='ocrx_word' id='word_1_212' title='bbox 3295 1483 3553 1550; x_wconf 82' lang='grc' dir='ltr'>γενέσθαι</span> 
     </span>
    </p>
   </div>
   <div class='ocr_carea' id='block_1_31' title="bbox 1972 1571 3551 1645">
    <p class='ocr_par' dir='ltr' id='par_1_31' title="bbox 1972 1571 3551 1645">
     <span class='ocr_line' id='line_1_31' title="bbox 1972 1571 3551 1645; baseline 0.001 -19"><span class='ocrx_word' id='word_1_213' title='bbox 1972 1572 2325 1643; x_wconf 75' lang='grc' dir='ltr'>Χριστιανοὶ,</span> <span class='ocrx_word' id='word_1_214' title='bbox 2371 1571 2638 1625; x_wconf 81' lang='grc' dir='ltr'>ἀπόθεσθε</span> <span class='ocrx_word' id='word_1_215' title='bbox 2683 1572 2781 1642; x_wconf 80' lang='grc' dir='ltr'><strong>τὴν</strong></span> <span class='ocrx_word' id='word_1_216' title='bbox 2831 1572 3036 1644; x_wconf 84' lang='grc' dir='ltr'>Ἀρείου</span> <span class='ocrx_word' id='word_1_217' title='bbox 3086 1575 3315 1643; x_wconf 86' lang='grc' dir='ltr'>μανίαν,</span> <span class='ocrx_word' id='word_1_218' title='bbox 3357 1576 3457 1645; x_wconf 80' lang='grc' dir='ltr'>τήν</span> <span class='ocrx_word' id='word_1_219' title='bbox 3489 1592 3551 1628; x_wconf 84' lang='grc' dir='ltr'><strong>τε</strong></span> 
     </span>
    </p>
   </div>
   <div class='ocr_carea' id='block_1_32' title="bbox 296 1654 1878 1737">
    <p class='ocr_par' dir='ltr' id='par_1_32' title="bbox 296 1654 1871 1726">
     <span class='ocr_line' id='line_1_32' title="bbox 296 1654 1871 1726; baseline -0.002 -16"><span class='ocrx_word' id='word_1_220' title='bbox 296 1657 423 1721; x_wconf 71' lang='lat' dir='ltr'><strong>bus,</strong></span> <span class='ocrx_word' id='word_1_221' title='bbox 449 1657 898 1725; x_wconf 79' lang='lat' dir='ltr'><strong>exploratumque</strong></span> <span class='ocrx_word' id='word_1_222' title='bbox 923 1657 991 1710; x_wconf 85' lang='lat' dir='ltr'><strong>sit</strong></span> <span class='ocrx_word' id='word_1_223' title='bbox 1035 1658 1210 1720; x_wconf 81' lang='lat' dir='ltr'><strong>vobis,</strong></span> <span class='ocrx_word' id='word_1_224' title='bbox 1261 1658 1443 1711; x_wconf 82' lang='lat' dir='ltr'><strong>statim</strong></span> <span class='ocrx_word' id='word_1_225' title='bbox 1479 1665 1640 1726; x_wconf 85' lang='lat' dir='ltr'><strong>atque</strong></span> <span class='ocrx_word' id='word_1_226' title='bbox 1681 1654 1871 1709; x_wconf 84' lang='lat' dir='ltr'><strong>Ariani</strong></span> 
     </span>
    </p>
   </div>
   <div class='ocr_carea' id='block_1_33' title="bbox 1987 1654 3553 1737">
    <p class='ocr_par' dir='ltr' id='par_1_33' title="bbox 1987 1663 3553 1737">
     <span class='ocr_line' id='line_1_33' title="bbox 1987 1663 3553 1737; baseline 0.001 -19"><span class='ocrx_word' id='word_1_227' title='bbox 1987 1665 2145 1734; x_wconf 69' lang='lat' dir='ltr'><strong>htth</strong></span> <span class='ocrx_word' id='word_1_228' title='bbox 2198 1663 2351 1734; x_wconf 82' lang='grc' dir='ltr'>ὑμῶν</span> <span class='ocrx_word' id='word_1_229' title='bbox 2389 1665 2487 1734; x_wconf 84' lang='grc' dir='ltr'><strong>τὴν</strong></span> <span class='ocrx_word' id='word_1_230' title='bbox 2538 1663 2881 1737; x_wconf 80' lang='grc' dir='ltr'>ρυπωθεῖσαν</span> <span class='ocrx_word' id='word_1_231' title='bbox 2918 1666 3026 1718; x_wconf 87' lang='grc' dir='ltr'><strong>ἀπὸ</strong></span> <span class='ocrx_word' id='word_1_232' title='bbox 3058 1666 3166 1719; x_wconf 83' lang='grc' dir='ltr'><strong>τῶν</strong></span> <span class='ocrx_word' id='word_1_233' title='bbox 3215 1667 3553 1737; x_wconf 63' lang='grc' dir='ltr'>βλασφήμων</span> 
     </span>
    </p>
   </div>
   <div class='ocr_carea' id='block_1_34' title="bbox 296 1723 1878 1826">
    <p class='ocr_par' dir='ltr' id='par_1_34' title="bbox 296 1723 1872 1816">
     <span class='ocr_line' id='line_1_34' title="bbox 296 1723 1872 1816; baseline -0.002 -15"><span class='ocrx_word' id='word_1_234' title='bbox 296 1762 418 1801; x_wconf 89' lang='lat' dir='ltr'><strong>esse</strong></span> <span class='ocrx_word' id='word_1_235' title='bbox 464 1723 1160 1810; x_wconf 35' lang='lat' dir='ltr'><strong>destiteritis,—Jud:eorum</strong></span> <span class='ocrx_word' id='word_1_236' title='bbox 1209 1762 1426 1816; x_wconf 89' lang='lat' dir='ltr'><strong>quoque</strong></span> <span class='ocrx_word' id='word_1_237' title='bbox 1464 1723 1872 1816; x_wconf 64' lang='lat' dir='ltr'><strong>perversitatem</strong></span> 
     </span>
    </p>
   </div>
   <div class='ocr_carea' id='block_1_35' title="bbox 1987 1723 3549 1826">
    <p class='ocr_par' dir='ltr' id='par_1_35' title="bbox 1987 1723 3549 1826">
     <span class='ocr_line' id='line_1_35' title="bbox 1987 1723 3549 1826; baseline 0.002 -18"><span class='ocrx_word' id='word_1_238' title='bbox 1987 1723 2248 1824; x_wconf 58' lang='grc' dir='ltr'>όημάτων</span> <span class='ocrx_word' id='word_1_239' title='bbox 2278 1723 2612 1824; x_wconf 60' lang='grc' dir='ltr'>ἀπονίίζκασθε</span> <span class='ocrx_word' id='word_1_240' title='bbox 2636 1733 2747 1819; x_wconf 76' lang='grc' dir='ltr'>τοῖς</span> <span class='ocrx_word' id='word_1_241' title='bbox 2770 1759 2867 1826; x_wconf 84' lang='grc' dir='ltr'>τῆς</span> <span class='ocrx_word' id='word_1_242' title='bbox 2896 1757 3173 1821; x_wconf 73' lang='grc' dir='ltr'>εὐσεϐείας</span> <span class='ocrx_word' id='word_1_243' title='bbox 3202 1723 3380 1826; x_wconf 43' lang='grc' dir='ltr'>λόγοις</span> <span class='ocrx_word' id='word_1_244' title='bbox 3413 1723 3549 1825; x_wconf 73' lang='grc'>(70)·</span> 
     </span>
    </p>
   </div>
   <div class='ocr_carea' id='block_1_36' title="bbox 299 1833 1874 1905">
    <p class='ocr_par' dir='ltr' id='par_1_36' title="bbox 299 1833 1874 1905">
     <span class='ocr_line' id='line_1_36' title="bbox 299 1833 1874 1905; baseline 0.004 -18"><span class='ocrx_word' id='word_1_245' title='bbox 299 1833 645 1898; x_wconf 90' lang='lat' dir='ltr'><strong>dimissuros,</strong></span> <span class='ocrx_word' id='word_1_246' title='bbox 689 1833 912 1902; x_wconf 79' lang='lat' dir='ltr'><strong>fereque</strong></span> <span class='ocrx_word' id='word_1_247' title='bbox 943 1844 1002 1888; x_wconf 90' lang='lat' dir='ltr'><strong>ut</strong></span> <span class='ocrx_word' id='word_1_248' title='bbox 1035 1837 1271 1889; x_wconf 88' lang='lat' dir='ltr'><strong>tenebris</strong></span> <span class='ocrx_word' id='word_1_249' title='bbox 1299 1836 1576 1905; x_wconf 86' lang='lat' dir='ltr'><strong>dissipatis</strong></span> <span class='ocrx_word' id='word_1_250' title='bbox 1605 1838 1696 1890; x_wconf 84' lang='lat' dir='ltr'><strong>lux</strong></span> <span class='ocrx_word' id='word_1_251' title='bbox 1728 1839 1874 1893; x_wconf 64' lang='lat' dir='ltr'><strong>veri.</strong></span> 
     </span>
    </p>
   </div>
   <div class='ocr_carea' id='block_1_37' title="bbox 303 1923 1875 1998">
    <p class='ocr_par' dir='ltr' id='par_1_37' title="bbox 303 1923 1875 1998">
     <span class='ocr_line' id='line_1_37' title="bbox 303 1923 1875 1998; baseline 0.004 -21"><span class='ocrx_word' id='word_1_252' title='bbox 303 1923 430 1978; x_wconf 89' lang='lat' dir='ltr'><strong>tatis</strong></span> <span class='ocrx_word' id='word_1_253' title='bbox 458 1923 612 1977; x_wconf 87' lang='lat' dir='ltr'><strong>vobis</strong></span> <span class='ocrx_word' id='word_1_254' title='bbox 635 1924 896 1978; x_wconf 88' lang='lat' dir='ltr'><strong>continuo</strong></span> <span class='ocrx_word' id='word_1_255' title='bbox 925 1924 1204 1995; x_wconf 78' lang='lat' dir='ltr'><strong>aﬂulgeat,</strong></span> <span class='ocrx_word' id='word_1_256' title='bbox 1235 1941 1334 1980; x_wconf 91' lang='lat' dir='ltr'><strong>nec</strong></span> <span class='ocrx_word' id='word_1_257' title='bbox 1363 1943 1462 1981; x_wconf 85' lang='lat' dir='ltr'><strong>nos</strong></span> <span class='ocrx_word' id='word_1_258' title='bbox 1500 1927 1614 1995; x_wconf 90' lang='lat' dir='ltr'><strong>jam</strong></span> <span class='ocrx_word' id='word_1_259' title='bbox 1643 1929 1875 1998; x_wconf 91' lang='lat' dir='ltr'><strong>amplius</strong></span> 
     </span>
    </p>
   </div>
   <div class='ocr_carea' id='block_1_38' title="bbox 300 2013 1872 2087">
    <p class='ocr_par' dir='ltr' id='par_1_38' title="bbox 300 2013 1872 2087">
     <span class='ocr_line' id='line_1_38' title="bbox 300 2013 1872 2087; baseline 0.003 -19"><span class='ocrx_word' id='word_1_260' title='bbox 300 2013 680 2068; x_wconf 88' lang='lat' dir='ltr'><strong>calumniaturi</strong></span> <span class='ocrx_word' id='word_1_261' title='bbox 713 2015 850 2076; x_wconf 82' lang='lat' dir='ltr'><strong>sitis,</strong></span> <span class='ocrx_word' id='word_1_262' title='bbox 879 2017 1036 2083; x_wconf 91' lang='lat' dir='ltr'><strong>quasi</strong></span> <span class='ocrx_word' id='word_1_263' title='bbox 1082 2016 1194 2070; x_wconf 90' lang='lat' dir='ltr'><strong>duo</strong></span> <span class='ocrx_word' id='word_1_264' title='bbox 1225 2026 1427 2071; x_wconf 63' lang='lat' dir='ltr'><strong>aeterna</strong></span> <span class='ocrx_word' id='word_1_265' title='bbox 1459 2033 1825 2087; x_wconf 80' lang='lat' dir='ltr'><strong>agnoscamus</strong></span> <span class='ocrx_word' id='word_1_266' title='bbox 1858 2037 1872 2073; x_wconf 92' lang='lat'>:</span> 
     </span>
    </p>
   </div>
   <div class='ocr_carea' id='block_1_39' title="bbox 297 2107 1878 2180">
    <p class='ocr_par' dir='ltr' id='par_1_39' title="bbox 297 2107 1878 2180">
     <span class='ocr_line' id='line_1_39' title="bbox 297 2107 1878 2180; baseline 0.004 -19"><span class='ocrx_word' id='word_1_267' title='bbox 297 2122 399 2162; x_wconf 86' lang='lat' dir='ltr'><strong>vos</strong></span> <span class='ocrx_word' id='word_1_268' title='bbox 425 2107 624 2177; x_wconf 88' lang='lat' dir='ltr'><strong>quippe</strong></span> <span class='ocrx_word' id='word_1_269' title='bbox 664 2108 768 2176; x_wconf 92' lang='lat' dir='ltr'><strong>ipsi</strong></span> <span class='ocrx_word' id='word_1_270' title='bbox 805 2108 1116 2180; x_wconf 85' lang='lat' dir='ltr'><strong>intelligetis</strong></span> <span class='ocrx_word' id='word_1_271' title='bbox 1142 2109 1434 2164; x_wconf 89' lang='lat' dir='ltr'><strong>Dominum</strong></span> <span class='ocrx_word' id='word_1_272' title='bbox 1463 2127 1652 2166; x_wconf 86' lang='lat' dir='ltr'><strong>verum</strong></span> <span class='ocrx_word' id='word_1_273' title='bbox 1690 2123 1744 2168; x_wconf 91' lang='lat' dir='ltr'><strong>et</strong></span> <span class='ocrx_word' id='word_1_274' title='bbox 1777 2130 1878 2167; x_wconf 87' lang='lat' dir='ltr'><strong>na-</strong></span> 
     </span>
    </p>
   </div>
   <div class='ocr_carea' id='block_1_40' title="bbox 300 2199 1876 2266">
    <p class='ocr_par' dir='ltr' id='par_1_40' title="bbox 300 2199 1876 2266">
     <span class='ocr_line' id='line_1_40' title="bbox 300 2199 1876 2266; baseline 0.004 -12"><span class='ocrx_word' id='word_1_275' title='bbox 300 2200 531 2255; x_wconf 86' lang='lat' dir='ltr'><strong>turalem</strong></span> <span class='ocrx_word' id='word_1_276' title='bbox 558 2200 650 2254; x_wconf 92' lang='lat' dir='ltr'><strong>Dei</strong></span> <span class='ocrx_word' id='word_1_277' title='bbox 675 2199 875 2254; x_wconf 83' lang='lat' dir='ltr'><strong>Filium.</strong></span> <span class='ocrx_word' id='word_1_278' title='bbox 903 2217 1046 2266; x_wconf 85' lang='lat' dir='ltr'><strong>esse,</strong></span> <span class='ocrx_word' id='word_1_279' title='bbox 1073 2217 1174 2256; x_wconf 92' lang='lat' dir='ltr'><strong>nec</strong></span> <span class='ocrx_word' id='word_1_280' title='bbox 1207 2205 1586 2258; x_wconf 90' lang='lat' dir='ltr'><strong>tantummodo</strong></span> <span class='ocrx_word' id='word_1_281' title='bbox 1612 2214 1876 2260; x_wconf 74' lang='lat' dir='ltr'><strong>aeternum</strong></span> 
     </span>
    </p>
   </div>
   <div class='ocr_carea' id='block_1_41' title="bbox 299 2291 1878 2361">
    <p class='ocr_par' dir='ltr' id='par_1_41' title="bbox 299 2291 1878 2361">
     <span class='ocr_line' id='line_1_41' title="bbox 299 2291 1878 2361; baseline 0.002 -15"><span class='ocrx_word' id='word_1_282' title='bbox 299 2306 422 2358; x_wconf 72' lang='lat' dir='ltr'><strong>esse</strong></span> <span class='ocrx_word' id='word_1_283' title='bbox 451 2291 696 2361; x_wconf 80' lang='lat' dir='ltr'><strong>agnosci,</strong></span> <span class='ocrx_word' id='word_1_284' title='bbox 733 2293 825 2345; x_wconf 85' lang='lat' dir='ltr'><strong>sed</strong></span> <span class='ocrx_word' id='word_1_285' title='bbox 859 2293 1022 2345; x_wconf 88' lang='lat' dir='ltr'><strong>etiam</strong></span> <span class='ocrx_word' id='word_1_286' title='bbox 1059 2291 1222 2346; x_wconf 90' lang='lat' dir='ltr'><strong>simul</strong></span> <span class='ocrx_word' id='word_1_287' title='bbox 1269 2307 1394 2348; x_wconf 88' lang='lat' dir='ltr'><strong>cum</strong></span> <span class='ocrx_word' id='word_1_288' title='bbox 1439 2295 1740 2350; x_wconf 62' lang='lat' dir='ltr'><strong>aeternitate</strong></span> <span class='ocrx_word' id='word_1_289' title='bbox 1773 2294 1878 2349; x_wconf 87' lang='lat' dir='ltr'><strong>Pa-</strong></span> 
     </span>
    </p>
   </div>
   <div class='ocr_carea' id='block_1_42' title="bbox 302 2381 1877 2456">
    <p class='ocr_par' dir='ltr' id='par_1_42' title="bbox 302 2381 1877 2456">
     <span class='ocr_line' id='line_1_42' title="bbox 302 2381 1877 2456; baseline 0.004 -22"><span class='ocrx_word' id='word_1_290' title='bbox 302 2381 402 2436; x_wconf 84' lang='lat' dir='ltr'><strong>tris</strong></span> <span class='ocrx_word' id='word_1_291' title='bbox 425 2381 708 2436; x_wconf 79' lang='lat' dir='ltr'><strong>exsistere.</strong></span> <span class='ocrx_word' id='word_1_292' title='bbox 732 2383 852 2435; x_wconf 86' lang='lat' dir='ltr'><strong>Alia</strong></span> <span class='ocrx_word' id='word_1_293' title='bbox 891 2382 1160 2451; x_wconf 88' lang='lat' dir='ltr'><strong>siquidem</strong></span> <span class='ocrx_word' id='word_1_294' title='bbox 1188 2393 1314 2437; x_wconf 90' lang='lat' dir='ltr'><strong>sunt</strong></span> <span class='ocrx_word' id='word_1_295' title='bbox 1352 2399 1476 2452; x_wconf 64' lang='lat' dir='ltr'><strong>quae</strong></span> <span class='ocrx_word' id='word_1_296' title='bbox 1509 2393 1706 2440; x_wconf 73' lang='lat' dir='ltr'><strong>aeterna</strong></span> <span class='ocrx_word' id='word_1_297' title='bbox 1739 2402 1877 2456; x_wconf 87' lang='lat' dir='ltr'><strong>quo-</strong></span> 
     </span>
    </p>
   </div>
   <div class='ocr_carea' id='block_1_43' title="bbox 299 2472 1877 2545">
    <p class='ocr_par' dir='ltr' id='par_1_43' title="bbox 299 2472 1877 2545">
     <span class='ocr_line' id='line_1_43' title="bbox 299 2472 1877 2545; baseline 0.004 -19"><span class='ocrx_word' id='word_1_298' title='bbox 299 2487 406 2542; x_wconf 90' lang='lat' dir='ltr'><strong>que</strong></span> <span class='ocrx_word' id='word_1_299' title='bbox 429 2472 708 2538; x_wconf 92' lang='lat' dir='ltr'><strong>dicuntur,</strong></span> <span class='ocrx_word' id='word_1_300' title='bbox 739 2489 975 2542; x_wconf 91' lang='lat' dir='ltr'><strong>quorum</strong></span> <span class='ocrx_word' id='word_1_301' title='bbox 1009 2486 1189 2530; x_wconf 89' lang='lat' dir='ltr'><strong>tamen</strong></span> <span class='ocrx_word' id='word_1_302' title='bbox 1222 2476 1336 2545; x_wconf 88' lang='lat' dir='ltr'><strong>ipse</strong></span> <span class='ocrx_word' id='word_1_303' title='bbox 1359 2475 1582 2530; x_wconf 78' lang='lat' dir='ltr'><strong>eﬂ‘ector</strong></span> <span class='ocrx_word' id='word_1_304' title='bbox 1611 2487 1726 2531; x_wconf 88' lang='lat' dir='ltr'><strong>est:</strong></span> <span class='ocrx_word' id='word_1_305' title='bbox 1752 2494 1877 2532; x_wconf 87' lang='lat' dir='ltr'><strong>nam</strong></span> 
     </span>
    </p>
   </div>
   <div class='ocr_carea' id='block_1_44' title="bbox 300 2561 1876 2636">
    <p class='ocr_par' dir='ltr' id='par_1_44' title="bbox 300 2561 1876 2636">
     <span class='ocr_line' id='line_1_44' title="bbox 300 2561 1876 2636; baseline 0.003 -21"><span class='ocrx_word' id='word_1_306' title='bbox 300 2561 512 2632; x_wconf 83' lang='lat' dir='ltr'><strong>psalmo</strong></span> <span class='ocrx_word' id='word_1_307' title='bbox 539 2563 799 2617; x_wconf 91' lang='lat' dir='ltr'><strong>vicesimo</strong></span> <span class='ocrx_word' id='word_1_308' title='bbox 821 2565 978 2618; x_wconf 89' lang='lat' dir='ltr'><strong>tertio</strong></span> <span class='ocrx_word' id='word_1_309' title='bbox 996 2565 1260 2634; x_wconf 89' lang='lat' dir='ltr'><strong>scriptum</strong></span> <span class='ocrx_word' id='word_1_310' title='bbox 1284 2574 1388 2629; x_wconf 93' lang='lat' dir='ltr'><strong>est,</strong></span> <span class='ocrx_word' id='word_1_311' title='bbox 1415 2566 1657 2620; x_wconf 81' lang='lat' dir='ltr'><strong>Attollite</strong></span> <span class='ocrx_word' id='word_1_312' title='bbox 1675 2577 1876 2636; x_wconf 85' lang='lat' dir='ltr'><strong>portas,</strong></span> 
     </span>
    </p>
   </div>
   <div class='ocr_carea' id='block_1_45' title="bbox 299 2654 1881 2726">
    <p class='ocr_par' dir='ltr' id='par_1_45' title="bbox 299 2654 1881 2726">
     <span class='ocr_line' id='line_1_45' title="bbox 299 2654 1881 2726; baseline 0.005 -20"><span class='ocrx_word' id='word_1_313' title='bbox 299 2654 580 2722; x_wconf 76' lang='lat' dir='ltr'><strong>principes,</strong></span> <span class='ocrx_word' id='word_1_314' title='bbox 608 2665 824 2721; x_wconf 77' lang='lat' dir='ltr'><strong>vestras,</strong></span> <span class='ocrx_word' id='word_1_315' title='bbox 853 2665 901 2708; x_wconf 82' lang='lat' dir='ltr'><strong>et</strong></span> <span class='ocrx_word' id='word_1_316' title='bbox 928 2657 1226 2724; x_wconf 84' lang='lat' dir='ltr'><strong>elevamini,</strong></span> <span class='ocrx_word' id='word_1_317' title='bbox 1248 2667 1416 2726; x_wconf 72' lang='lat' dir='ltr'><strong>porta:</strong></span> <span class='ocrx_word' id='word_1_318' title='bbox 1441 2669 1650 2713; x_wconf 74' lang='lat' dir='ltr'><strong>ceterin</strong></span> <span class='ocrx_word' id='word_1_319' title='bbox 1683 2661 1747 2711; x_wconf 87' lang='grc'><strong>⁶⁰.</strong></span> <span class='ocrx_word' id='word_1_320' title='bbox 1782 2658 1881 2714; x_wconf 84' lang='lat' dir='ltr'><strong>Ve-</strong></span> 
     </span>
    </p>
   </div>
   <div class='ocr_carea' id='block_1_46' title="bbox 301 2748 1879 2820">
    <p class='ocr_par' dir='ltr' id='par_1_46' title="bbox 301 2748 1879 2820">
     <span class='ocr_line' id='line_1_46' title="bbox 301 2748 1879 2820; baseline 0.004 -21"><span class='ocrx_word' id='word_1_321' title='bbox 301 2760 424 2800; x_wconf 85' lang='lat' dir='ltr'><strong>rum</strong></span> <span class='ocrx_word' id='word_1_322' title='bbox 453 2754 537 2800; x_wconf 83' lang='lat' dir='ltr'><strong>est</strong></span> <span class='ocrx_word' id='word_1_323' title='bbox 565 2754 745 2800; x_wconf 88' lang='lat' dir='ltr'><strong>autem</strong></span> <span class='ocrx_word' id='word_1_324' title='bbox 777 2748 890 2802; x_wconf 65' lang='lat' dir='ltr'><strong>haec</strong></span> <span class='ocrx_word' id='word_1_325' title='bbox 922 2749 990 2802; x_wconf 90' lang='lat' dir='ltr'><strong>ab</strong></span> <span class='ocrx_word' id='word_1_326' title='bbox 1024 2749 1118 2803; x_wconf 92' lang='lat' dir='ltr'><strong>illo</strong></span> <span class='ocrx_word' id='word_1_327' title='bbox 1149 2748 1290 2803; x_wconf 81' lang='lat' dir='ltr'><strong>facta</strong></span> <span class='ocrx_word' id='word_1_328' title='bbox 1321 2765 1444 2804; x_wconf 90' lang='lat' dir='ltr'><strong>esse</strong></span> <span class='ocrx_word' id='word_1_329' title='bbox 1492 2766 1504 2801; x_wconf 89' lang='lat'><strong>:</strong></span> <span class='ocrx_word' id='word_1_330' title='bbox 1551 2760 1879 2820; x_wconf 83' lang='lat' dir='ltr'><strong>quapropter</strong></span> 
     </span>
    </p>
   </div>
   <div class='ocr_carea' id='block_1_47' title="bbox 303 2835 1876 2911">
    <p class='ocr_par' dir='ltr' id='par_1_47' title="bbox 303 2835 1876 2911">
     <span class='ocr_line' id='line_1_47' title="bbox 303 2835 1876 2911; baseline 0.004 -21"><span class='ocrx_word' id='word_1_331' title='bbox 303 2835 353 2890; x_wconf 83' lang='lat' dir='ltr'><strong>si</strong></span> <span class='ocrx_word' id='word_1_332' title='bbox 396 2836 487 2890; x_wconf 88' lang='lat' dir='ltr'><strong>ille</strong></span> <span class='ocrx_word' id='word_1_333' title='bbox 533 2852 718 2892; x_wconf 89' lang='lat' dir='ltr'><strong>rerum</strong></span> <span class='ocrx_word' id='word_1_334' title='bbox 755 2848 1081 2893; x_wconf 63' lang='lat' dir='ltr'><strong>internarum</strong></span> <span class='ocrx_word' id='word_1_335' title='bbox 1115 2839 1295 2909; x_wconf 80' lang='lat' dir='ltr'><strong>opifex</strong></span> <span class='ocrx_word' id='word_1_336' title='bbox 1325 2851 1442 2906; x_wconf 87' lang='lat' dir='ltr'><strong>est,</strong></span> <span class='ocrx_word' id='word_1_337' title='bbox 1473 2843 1596 2911; x_wconf 91' lang='lat' dir='ltr'><strong>quis</strong></span> <span class='ocrx_word' id='word_1_338' title='bbox 1631 2852 1876 2898; x_wconf 82' lang='lat' dir='ltr'><strong>nostrum</strong></span> 
     </span>
    </p>
   </div>
   <div class='ocr_carea' id='block_1_48' title="bbox 299 2925 1879 3002">
    <p class='ocr_par' dir='ltr' id='par_1_48' title="bbox 299 2925 1879 3002">
     <span class='ocr_line' id='line_1_48' title="bbox 299 2925 1879 3002; baseline 0.004 -21"><span class='ocrx_word' id='word_1_339' title='bbox 299 2925 415 2996; x_wconf 86' lang='lat' dir='ltr'><strong>jam</strong></span> <span class='ocrx_word' id='word_1_340' title='bbox 444 2927 498 2981; x_wconf 90' lang='lat' dir='ltr'><strong>in</strong></span> <span class='ocrx_word' id='word_1_341' title='bbox 533 2927 759 2982; x_wconf 92' lang='lat' dir='ltr'><strong>dubium</strong></span> <span class='ocrx_word' id='word_1_342' title='bbox 786 2932 1056 2984; x_wconf 89' lang='lat' dir='ltr'><strong>vocaverit</strong></span> <span class='ocrx_word' id='word_1_343' title='bbox 1082 2931 1258 3000; x_wconf 92' lang='lat' dir='ltr'><strong>ipsum</strong></span> <span class='ocrx_word' id='word_1_344' title='bbox 1287 2947 1408 2987; x_wconf 88' lang='lat' dir='ltr'><strong>esse</strong></span> <span class='ocrx_word' id='word_1_345' title='bbox 1431 2942 1554 2987; x_wconf 89' lang='lat' dir='ltr'><strong>ante</strong></span> <span class='ocrx_word' id='word_1_346' title='bbox 1577 2949 1662 2986; x_wconf 83' lang='lat' dir='ltr'><strong>res</strong></span> <span class='ocrx_word' id='word_1_347' title='bbox 1689 2934 1879 3002; x_wconf 86' lang='lat' dir='ltr'><strong>hujus-</strong></span> 
     </span>
    </p>
   </div>
   <div class='ocr_carea' id='block_1_49' title="bbox 1974 1841 3553 1918">
    <p class='ocr_par' dir='ltr' id='par_1_49' title="bbox 1974 1841 3553 1918">
     <span class='ocr_line' id='line_1_49' title="bbox 1974 1841 3553 1918; baseline 0.001 -20"><span class='ocrx_word' id='word_1_348' title='bbox 1974 1845 2351 1915; x_wconf 82' lang='grc' dir='ltr'>γινώσκοντες,</span> <span class='ocrx_word' id='word_1_349' title='bbox 2381 1845 2456 1906; x_wconf 87' lang='grc' dir='ltr'>ὡς</span> <span class='ocrx_word' id='word_1_350' title='bbox 2484 1845 2792 1916; x_wconf 65' lang='grc' dir='ltr'>παυόμενοι</span> <span class='ocrx_word' id='word_1_351' title='bbox 2809 1845 2901 1898; x_wconf 86' lang='grc' dir='ltr'><strong>τοῦ</strong></span> <span class='ocrx_word' id='word_1_352' title='bbox 2928 1841 3064 1899; x_wconf 80' lang='grc' dir='ltr'>εἶναι</span> <span class='ocrx_word' id='word_1_353' title='bbox 3098 1848 3382 1918; x_wconf 77' lang='grc' dir='ltr'>’Δρειανοὶ,</span> <span class='ocrx_word' id='word_1_354' title='bbox 3414 1846 3553 1900; x_wconf 79' lang='grc' dir='ltr'>παύ-</span> 
     </span>
    </p>
   </div>
   <div class='ocr_carea' id='block_1_50' title="bbox 1977 1936 3556 2010">
    <p class='ocr_par' dir='ltr' id='par_1_50' title="bbox 1977 1936 3556 2010">
     <span class='ocr_line' id='line_1_50' title="bbox 1977 1936 3556 2010; baseline 0.001 -19"><span class='ocrx_word' id='word_1_355' title='bbox 1977 1939 2136 1991; x_wconf 89' lang='grc' dir='ltr'>σεσθε</span> <span class='ocrx_word' id='word_1_356' title='bbox 2173 1937 2395 2008; x_wconf 78' lang='grc' dir='ltr'>καὶτῆς</span> <span class='ocrx_word' id='word_1_357' title='bbox 2425 1939 2531 1991; x_wconf 84' lang='grc' dir='ltr'><strong>τῶν</strong></span> <span class='ocrx_word' id='word_1_358' title='bbox 2569 1937 2666 1991; x_wconf 90' lang='grc' dir='ltr'><strong>νῦν</strong></span> <span class='ocrx_word' id='word_1_359' title='bbox 2705 1936 2968 1992; x_wconf 83' lang='grc' dir='ltr'>Ἰουδαίων</span> <span class='ocrx_word' id='word_1_360' title='bbox 3010 1939 3443 2010; x_wconf 83' lang='grc' dir='ltr'>κακοφροσύνης,</span> <span class='ocrx_word' id='word_1_361' title='bbox 3469 1939 3556 1992; x_wconf 64' lang='lat' dir='ltr'><strong>ei»</strong></span> 
     </span>
    </p>
   </div>
   <div class='ocr_carea' id='block_1_51' title="bbox 1977 2030 3552 2102">
    <p class='ocr_par' dir='ltr' id='par_1_51' title="bbox 1977 2030 3552 2102">
     <span class='ocr_line' id='line_1_51' title="bbox 1977 2030 3552 2102; baseline 0 -18"><span class='ocrx_word' id='word_1_362' title='bbox 1977 2032 2074 2095; x_wconf 75' lang='grc' dir='ltr'><strong>θός</strong></span> <span class='ocrx_word' id='word_1_363' title='bbox 2098 2049 2157 2084; x_wconf 88' lang='grc' dir='ltr'><strong>τε</strong></span> <span class='ocrx_word' id='word_1_364' title='bbox 2187 2031 2263 2094; x_wconf 87' lang='grc' dir='ltr'><strong>ὡς</strong></span> <span class='ocrx_word' id='word_1_365' title='bbox 2292 2031 2400 2084; x_wconf 86' lang='grc' dir='ltr'><strong>ἀπὸ</strong></span> <span class='ocrx_word' id='word_1_366' title='bbox 2433 2031 2657 2095; x_wconf 86' lang='grc' dir='ltr'>σκότους</span> <span class='ocrx_word' id='word_1_367' title='bbox 2695 2033 2728 2102; x_wconf 86' lang='grc' dir='ltr'>ὴ</span> <span class='ocrx_word' id='word_1_368' title='bbox 2771 2030 2996 2098; x_wconf 84' lang='grc' dir='ltr'>ἀλήθεια</span> <span class='ocrx_word' id='word_1_369' title='bbox 3041 2031 3169 2101; x_wconf 84' lang='grc' dir='ltr'>ὑμῖν</span> <span class='ocrx_word' id='word_1_370' title='bbox 3196 2031 3431 2102; x_wconf 72' lang='grc' dir='ltr'>λάμψειο</span> <span class='ocrx_word' id='word_1_371' title='bbox 3453 2032 3552 2085; x_wconf 65' lang='grc' dir='ltr'><strong>καὶ</strong></span> 
     </span>
    </p>
   </div>
   <div class='ocr_carea' id='block_1_52' title="bbox 1975 2120 3550 2192">
    <p class='ocr_par' dir='ltr' id='par_1_52' title="bbox 1975 2120 3550 2192">
     <span class='ocr_line' id='line_1_52' title="bbox 1975 2120 3550 2192; baseline 0.001 -17"><span class='ocrx_word' id='word_1_372' title='bbox 1975 2123 2156 2175; x_wconf 78' lang='grc' dir='ltr'>οὐκέτι</span> <span class='ocrx_word' id='word_1_373' title='bbox 2200 2123 2296 2192; x_wconf 84' lang='grc' dir='ltr'><strong>μὲν</strong></span> <span class='ocrx_word' id='word_1_374' title='bbox 2324 2124 2454 2192; x_wconf 85' lang='grc' dir='ltr'>ἡμῖν</span> <span class='ocrx_word' id='word_1_375' title='bbox 2483 2122 2791 2186; x_wconf 84' lang='grc' dir='ltr'>ὀνειδίσετε,</span> <span class='ocrx_word' id='word_1_376' title='bbox 2840 2120 2916 2182; x_wconf 84' lang='grc' dir='ltr'>ὡς</span> <span class='ocrx_word' id='word_1_377' title='bbox 2958 2121 3051 2173; x_wconf 83' lang='grc' dir='ltr'>δύο</span> <span class='ocrx_word' id='word_1_378' title='bbox 3079 2122 3223 2176; x_wconf 75' lang='grc' dir='ltr'>ἀΐδια</span> <span class='ocrx_word' id='word_1_379' title='bbox 3265 2122 3550 2191; x_wconf 86' lang='grc' dir='ltr'>λέγουσιν,</span> 
     </span>
    </p>
   </div>
   <div class='ocr_carea' id='block_1_53' title="bbox 1977 2212 3556 2285">
    <p class='ocr_par' dir='ltr' id='par_1_53' title="bbox 1977 2212 3556 2285">
     <span class='ocr_line' id='line_1_53' title="bbox 1977 2212 3556 2285; baseline 0.001 -20"><span class='ocrx_word' id='word_1_380' title='bbox 1977 2212 2342 2281; x_wconf 76' lang='grc' dir='ltr'>ἐπιγνώσεσθε</span> <span class='ocrx_word' id='word_1_381' title='bbox 2373 2213 2429 2265; x_wconf 83' lang='grc' dir='ltr'>δὲ</span> <span class='ocrx_word' id='word_1_382' title='bbox 2461 2213 2572 2283; x_wconf 86' lang='grc'>(71)</span> <span class='ocrx_word' id='word_1_383' title='bbox 2603 2214 2695 2265; x_wconf 75' lang='grc' dir='ltr'><strong>καὶ</strong></span> <span class='ocrx_word' id='word_1_384' title='bbox 2727 2215 2916 2283; x_wconf 82' lang='grc' dir='ltr'>ὑμεῖς,</span> <span class='ocrx_word' id='word_1_385' title='bbox 2948 2215 3029 2267; x_wconf 81' lang='grc' dir='ltr'>ὅτι</span> <span class='ocrx_word' id='word_1_386' title='bbox 3064 2230 3123 2266; x_wconf 89' lang='grc' dir='ltr'><strong>τε</strong></span> <span class='ocrx_word' id='word_1_387' title='bbox 3166 2213 3418 2285; x_wconf 79' lang='grc' dir='ltr'>ἀληθινὸς</span> <span class='ocrx_word' id='word_1_388' title='bbox 3457 2213 3556 2268; x_wconf 64' lang='grc' dir='ltr'>καὶ</span> 
     </span>
    </p>
   </div>
   <div class='ocr_carea' id='block_1_54' title="bbox 1978 2302 3557 2376">
    <p class='ocr_par' dir='ltr' id='par_1_54' title="bbox 1978 2302 3557 2376">
     <span class='ocr_line' id='line_1_54' title="bbox 1978 2302 3557 2376; baseline 0.001 -19"><span class='ocrx_word' id='word_1_389' title='bbox 1978 2304 2137 2374; x_wconf 84' lang='grc' dir='ltr'>φύσει</span> <span class='ocrx_word' id='word_1_390' title='bbox 2168 2305 2294 2368; x_wconf 86' lang='grc' dir='ltr'>Υίός</span> <span class='ocrx_word' id='word_1_391' title='bbox 2327 2307 2442 2356; x_wconf 77' lang='grc' dir='ltr'>ἐστι</span> <span class='ocrx_word' id='word_1_392' title='bbox 2470 2303 2562 2356; x_wconf 87' lang='grc' dir='ltr'><strong>τοῦ</strong></span> <span class='ocrx_word' id='word_1_393' title='bbox 2589 2302 2723 2356; x_wconf 85' lang='grc' dir='ltr'>Θεοῦ</span> <span class='ocrx_word' id='word_1_394' title='bbox 2757 2306 2784 2357; x_wconf 89' lang='grc' dir='ltr'><strong>ό</strong></span> <span class='ocrx_word' id='word_1_395' title='bbox 2810 2303 3010 2376; x_wconf 79' lang='grc' dir='ltr'>Κύριος</span> <span class='ocrx_word' id='word_1_396' title='bbox 3039 2344 3053 2368; x_wconf 94' lang='grc'><strong>,</strong></span> <span class='ocrx_word' id='word_1_397' title='bbox 3105 2305 3200 2357; x_wconf 73' lang='grc' dir='ltr'>καὶ</span> <span class='ocrx_word' id='word_1_398' title='bbox 3237 2305 3335 2375; x_wconf 79' lang='grc' dir='ltr'>οὑχ</span> <span class='ocrx_word' id='word_1_399' title='bbox 3363 2305 3557 2368; x_wconf 79' lang='grc' dir='ltr'>ἁπλῶς</span> 
     </span>
    </p>
   </div>
   <div class='ocr_carea' id='block_1_55' title="bbox 1977 2393 3556 2467">
    <p class='ocr_par' dir='ltr' id='par_1_55' title="bbox 1977 2393 3556 2467">
     <span class='ocr_line' id='line_1_55' title="bbox 1977 2393 3556 2467; baseline -0.001 -17"><span class='ocrx_word' id='word_1_400' title='bbox 1977 2397 2164 2460; x_wconf 73' lang='grc' dir='ltr'>ἀΐδιος,</span> <span class='ocrx_word' id='word_1_401' title='bbox 2193 2396 2328 2450; x_wconf 84' lang='grc' dir='ltr'><strong>ἀλλά</strong></span> <span class='ocrx_word' id='word_1_402' title='bbox 2357 2399 2423 2466; x_wconf 81' lang='grc' dir='ltr'>τῇ</span> <span class='ocrx_word' id='word_1_403' title='bbox 2453 2395 2554 2449; x_wconf 81' lang='grc' dir='ltr'><strong>τοῦ</strong></span> <span class='ocrx_word' id='word_1_404' title='bbox 2587 2396 2800 2467; x_wconf 78' lang='grc' dir='ltr'>Πατρός</span> <span class='ocrx_word' id='word_1_405' title='bbox 2827 2395 3086 2466; x_wconf 75' lang='grc' dir='ltr'>ἀῖδιότητι</span> <span class='ocrx_word' id='word_1_406' title='bbox 3118 2395 3228 2465; x_wconf 74' lang='grc'>(72)</span> <span class='ocrx_word' id='word_1_407' title='bbox 3261 2393 3436 2449; x_wconf 82' lang='grc' dir='ltr'>συνὼν</span> <span class='ocrx_word' id='word_1_408' title='bbox 3461 2415 3556 2464; x_wconf 88' lang='grc' dir='ltr'>γι-</span> 
     </span>
    </p>
   </div>
   <div class='ocr_carea' id='block_1_56' title="bbox 1977 2481 3560 2557">
    <p class='ocr_par' dir='ltr' id='par_1_56' title="bbox 1977 2481 3560 2557">
     <span class='ocr_line' id='line_1_56' title="bbox 1977 2481 3560 2557; baseline 0.003 -18"><span class='ocrx_word' id='word_1_409' title='bbox 1977 2487 2262 2540; x_wconf 81' lang='grc' dir='ltr'>νώσκεται.</span> <span class='ocrx_word' id='word_1_410' title='bbox 2312 2488 2467 2540; x_wconf 85' lang='grc' dir='ltr'>Ἔστι</span> <span class='ocrx_word' id='word_1_411' title='bbox 2531 2486 2640 2557; x_wconf 90' lang='grc' dir='ltr'><strong>γάρ</strong></span> <span class='ocrx_word' id='word_1_412' title='bbox 2695 2487 2962 2557; x_wconf 86' lang='grc' dir='ltr'>λεγόμενα</span> <span class='ocrx_word' id='word_1_413' title='bbox 3026 2488 3205 2551; x_wconf 75' lang='grc' dir='ltr'>ἀΐδια,</span> <span class='ocrx_word' id='word_1_414' title='bbox 3258 2481 3334 2542; x_wconf 78' lang='grc' dir='ltr'>ὧν</span> <span class='ocrx_word' id='word_1_415' title='bbox 3391 2490 3560 2553; x_wconf 73' lang='grc' dir='ltr'>αὐτὸς</span> 
     </span>
    </p>
   </div>
   <div class='ocr_carea' id='block_1_57' title="bbox 1977 2577 3565 2652">
    <p class='ocr_par' dir='ltr' id='par_1_57' title="bbox 1977 2577 3565 2652">
     <span class='ocr_line' id='line_1_57' title="bbox 1977 2577 3565 2652; baseline 0.002 -22"><span class='ocrx_word' id='word_1_416' title='bbox 1977 2578 2304 2649; x_wconf 84' lang='grc' dir='ltr'>δημιουργός</span> <span class='ocrx_word' id='word_1_417' title='bbox 2337 2580 2486 2631; x_wconf 81' lang='grc' dir='ltr'>ἐστιν</span> <span class='ocrx_word' id='word_1_418' title='bbox 2505 2595 2518 2609; x_wconf 87' lang='grc'><strong>·</strong></span> <span class='ocrx_word' id='word_1_419' title='bbox 2555 2580 2613 2631; x_wconf 84' lang='grc' dir='ltr'>ὲν</span> <span class='ocrx_word' id='word_1_420' title='bbox 2642 2578 2752 2649; x_wconf 88' lang='grc' dir='ltr'><strong>γάρ</strong></span> <span class='ocrx_word' id='word_1_421' title='bbox 2776 2579 2854 2649; x_wconf 78' lang='grc' dir='ltr'>τῷ</span> <span class='ocrx_word' id='word_1_422' title='bbox 2878 2577 2964 2647; x_wconf 84' lang='grc' dir='ltr'>κγ’</span> <span class='ocrx_word' id='word_1_423' title='bbox 2985 2579 3186 2650; x_wconf 72' lang='grc' dir='ltr'>ψαλμῷ</span> <span class='ocrx_word' id='word_1_424' title='bbox 3220 2580 3565 2652; x_wconf 60' lang='grc' dir='ltr'>γέγραπταιτ</span> 
     </span>
    </p>
   </div>
   <div class='ocr_carea' id='block_1_58' title="bbox 1983 2667 3560 2736">
    <p class='ocr_par' dir='ltr' id='par_1_58' title="bbox 1983 2667 3560 2736">
     <span class='ocr_line' id='line_1_58' title="bbox 1983 2667 3560 2736; baseline -0.001 -14"><span class='ocrx_word' id='word_1_425' title='bbox 1983 2671 2185 2736; x_wconf 83' lang='grc' dir='ltr'>Ἄρατε</span> <span class='ocrx_word' id='word_1_426' title='bbox 2211 2670 2410 2734; x_wconf 74' lang='grc' dir='ltr'>πύλας</span> <span class='ocrx_word' id='word_1_427' title='bbox 2433 2708 2448 2734; x_wconf 92' lang='grc'><strong>,</strong></span> <span class='ocrx_word' id='word_1_428' title='bbox 2473 2671 2526 2721; x_wconf 87' lang='grc' dir='ltr'>οἱ</span> <span class='ocrx_word' id='word_1_429' title='bbox 2556 2667 2841 2736; x_wconf 81' lang='grc' dir='ltr'>ἄρχοντες</span> <span class='ocrx_word' id='word_1_430' title='bbox 2864 2710 2877 2733; x_wconf 90' lang='grc'><strong>,</strong></span> <span class='ocrx_word' id='word_1_431' title='bbox 2909 2668 3094 2736; x_wconf 76' lang='grc' dir='ltr'>ὑμῶν,</span> <span class='ocrx_word' id='word_1_432' title='bbox 3120 2667 3217 2722; x_wconf 80' lang='grc' dir='ltr'>καὶ</span> <span class='ocrx_word' id='word_1_433' title='bbox 3239 2667 3560 2736; x_wconf 78' lang='grc' dir='ltr'>ὲπάρθητε,</span> 
     </span>
    </p>
   </div>
   <div class='ocr_carea' id='block_1_59' title="bbox 1978 2753 3560 2830">
    <p class='ocr_par' dir='ltr' id='par_1_59' title="bbox 1978 2753 3560 2830">
     <span class='ocr_line' id='line_1_59' title="bbox 1978 2753 3560 2830; baseline 0.001 -19"><span class='ocrx_word' id='word_1_434' title='bbox 1978 2761 2163 2813; x_wconf 77' lang='grc' dir='ltr'>πύλαι</span> <span class='ocrx_word' id='word_1_435' title='bbox 2195 2758 2436 2812; x_wconf 80' lang='grc' dir='ltr'>αιώνιοι.</span> <span class='ocrx_word' id='word_1_436' title='bbox 2461 2759 2630 2828; x_wconf 83' lang='grc' dir='ltr'>Δῆλον</span> <span class='ocrx_word' id='word_1_437' title='bbox 2657 2758 2714 2811; x_wconf 87' lang='grc' dir='ltr'><strong>δέ</strong></span> <span class='ocrx_word' id='word_1_438' title='bbox 2745 2761 2892 2812; x_wconf 75' lang='grc' dir='ltr'>ἐστιν</span> <span class='ocrx_word' id='word_1_439' title='bbox 2917 2753 3156 2830; x_wconf 79' lang='grc' dir='ltr'><strong>(75),.ὅτι</strong></span> <span class='ocrx_word' id='word_1_440' title='bbox 3185 2758 3250 2811; x_wconf 91' lang='grc' dir='ltr'>δι’</span> <span class='ocrx_word' id='word_1_441' title='bbox 3273 2758 3438 2812; x_wconf 83' lang='grc' dir='ltr'>αὐτοῦ</span> <span class='ocrx_word' id='word_1_442' title='bbox 3460 2761 3560 2813; x_wconf 78' lang='grc' dir='ltr'><strong>καὶ</strong></span> 
     </span>
    </p>
   </div>
   <div class='ocr_carea' id='block_1_60' title="bbox 1978 2848 3565 2917">
    <p class='ocr_par' dir='ltr' id='par_1_60' title="bbox 1978 2848 3565 2917">
     <span class='ocr_line' id='line_1_60' title="bbox 1978 2848 3565 2917; baseline 0.001 -15"><span class='ocrx_word' id='word_1_443' title='bbox 1978 2849 2150 2903; x_wconf 85' lang='grc' dir='ltr'>ταῦτα</span> <span class='ocrx_word' id='word_1_444' title='bbox 2179 2850 2431 2917; x_wconf 82' lang='grc' dir='ltr'>γέγονεν’</span> <span class='ocrx_word' id='word_1_445' title='bbox 2478 2850 2527 2902; x_wconf 89' lang='grc' dir='ltr'><strong>εί</strong></span> <span class='ocrx_word' id='word_1_446' title='bbox 2571 2849 2627 2902; x_wconf 82' lang='grc' dir='ltr'>δὲ</span> <span class='ocrx_word' id='word_1_447' title='bbox 2675 2848 2911 2902; x_wconf 73' lang='grc' dir='ltr'>καὶτῶν</span> <span class='ocrx_word' id='word_1_448' title='bbox 2956 2848 3185 2902; x_wconf 79' lang='grc' dir='ltr'>αἰωνίων</span> <span class='ocrx_word' id='word_1_449' title='bbox 3231 2849 3396 2912; x_wconf 82' lang='grc' dir='ltr'>αὑτός</span> <span class='ocrx_word' id='word_1_450' title='bbox 3439 2850 3565 2903; x_wconf 76' lang='grc' dir='ltr'>ἐστι.</span> 
     </span>
    </p>
   </div>
   <div class='ocr_carea' id='block_1_61' title="bbox 1978 2939 3565 3011">
    <p class='ocr_par' dir='ltr' id='par_1_61' title="bbox 1978 2939 3565 3011">
     <span class='ocr_line' id='line_1_61' title="bbox 1978 2939 3565 3011; baseline -0.002 -18"><span class='ocrx_word' id='word_1_451' title='bbox 1978 2940 2337 3010; x_wconf 77' lang='grc' dir='ltr'>δημιουργὸς,</span> <span class='ocrx_word' id='word_1_452' title='bbox 2369 2941 2453 3002; x_wconf 89' lang='grc' dir='ltr'><strong>τίς</strong></span> <span class='ocrx_word' id='word_1_453' title='bbox 2482 2939 2636 3010; x_wconf 78' lang='grc' dir='ltr'>ἡμῶν</span> <span class='ocrx_word' id='word_1_454' title='bbox 2679 2939 2759 2993; x_wconf 75' lang='grc' dir='ltr'>ἔτι</span> <span class='ocrx_word' id='word_1_455' title='bbox 2787 2939 2972 2992; x_wconf 85' lang='grc' dir='ltr'>λοιπὸν</span> <span class='ocrx_word' id='word_1_456' title='bbox 2998 2939 3354 3010; x_wconf 75' lang='grc' dir='ltr'>ἀμφιϐάλλειν</span> <span class='ocrx_word' id='word_1_457' title='bbox 3391 2940 3565 3011; x_wconf 85' lang='grc' dir='ltr'>δυνή-</span> 
     </span>
    </p>
   </div>
   <div class='ocr_carea' id='block_1_62' title="bbox 303 3017 1878 3110">
    <p class='ocr_par' dir='ltr' id='par_1_62' title="bbox 303 3017 1878 3077">
     <span class='ocr_line' id='line_1_62' title="bbox 303 3017 1878 3077; baseline 0.004 -6"><span class='ocrx_word' id='word_1_458' title='bbox 303 3017 452 3072; x_wconf 92' lang='lat' dir='ltr'><strong>modi</strong></span> <span class='ocrx_word' id='word_1_459' title='bbox 484 3018 752 3073; x_wconf 64' lang='lat' dir='ltr'><strong>internas?</strong></span> <span class='ocrx_word' id='word_1_460' title='bbox 778 3019 849 3073; x_wconf 81' lang='lat' dir='ltr'><strong>At</strong></span> <span class='ocrx_word' id='word_1_461' title='bbox 873 3035 1004 3074; x_wconf 88' lang='lat' dir='ltr'><strong>vero</strong></span> <span class='ocrx_word' id='word_1_462' title='bbox 1037 3036 1144 3074; x_wconf 90' lang='lat' dir='ltr'><strong>non</strong></span> <span class='ocrx_word' id='word_1_463' title='bbox 1177 3031 1285 3074; x_wconf 84' lang='lat' dir='ltr'><strong>tam</strong></span> <span class='ocrx_word' id='word_1_464' title='bbox 1319 3023 1386 3076; x_wconf 90' lang='lat' dir='ltr'><strong>ob</strong></span> <span class='ocrx_word' id='word_1_465' title='bbox 1414 3023 1765 3076; x_wconf 76' lang='lat' dir='ltr'><strong>:etcrnitatcm</strong></span> <span class='ocrx_word' id='word_1_466' title='bbox 1798 3041 1878 3077; x_wconf 84' lang='lat' dir='ltr'><strong>co-</strong></span> 
     </span>
    </p>
   </div>
   <div class='ocr_carea' id='block_1_63' title="bbox 1987 3017 3565 3110">
    <p class='ocr_par' dir='ltr' id='par_1_63' title="bbox 1987 3030 3565 3103">
     <span class='ocr_line' id='line_1_63' title="bbox 1987 3030 3565 3103; baseline 0.003 -22"><span class='ocrx_word' id='word_1_467' title='bbox 1987 3047 2154 3093; x_wconf 87' lang='grc' dir='ltr'>σεται,</span> <span class='ocrx_word' id='word_1_468' title='bbox 2180 3032 2267 3082; x_wconf 81' lang='grc' dir='ltr'><strong>ὅτι</strong></span> <span class='ocrx_word' id='word_1_469' title='bbox 2287 3032 2381 3083; x_wconf 68' lang='grc' dir='ltr'><strong>καὶ</strong></span> <span class='ocrx_word' id='word_1_470' title='bbox 2408 3031 2612 3084; x_wconf 78' lang='grc' dir='ltr'>τούτων</span> <span class='ocrx_word' id='word_1_471' title='bbox 2633 3031 2741 3084; x_wconf 82' lang='grc' dir='ltr'>τῶν</span> <span class='ocrx_word' id='word_1_472' title='bbox 2765 3031 2950 3084; x_wconf 85' lang='grc' dir='ltr'>ἀῖδίων</span> <span class='ocrx_word' id='word_1_473' title='bbox 2979 3030 3247 3103; x_wconf 87' lang='grc' dir='ltr'>ἀνώτερός</span> <span class='ocrx_word' id='word_1_474' title='bbox 3276 3033 3422 3096; x_wconf 75' lang='grc' dir='ltr'>ὲστις</span> <span class='ocrx_word' id='word_1_475' title='bbox 3445 3033 3565 3085; x_wconf 79' lang='grc' dir='ltr'><strong>Καὶ</strong></span> 
     </span>
    </p>
   </div>
   <div class='ocr_carea' id='block_1_64' title="bbox 303 3107 1879 3179">
    <p class='ocr_par' dir='ltr' id='par_1_64' title="bbox 303 3107 1879 3179">
     <span class='ocr_line' id='line_1_64' title="bbox 303 3107 1879 3179; baseline 0.004 -18"><span class='ocrx_word' id='word_1_476' title='bbox 303 3108 584 3179; x_wconf 82' lang='lat' dir='ltr'><strong>gnoscitur</strong></span> <span class='ocrx_word' id='word_1_477' title='bbox 609 3107 894 3172; x_wconf 87' lang='lat' dir='ltr'><strong>Dominus,</strong></span> <span class='ocrx_word' id='word_1_478' title='bbox 921 3125 1082 3179; x_wconf 89' lang='lat' dir='ltr'><strong>quam</strong></span> <span class='ocrx_word' id='word_1_479' title='bbox 1105 3111 1250 3179; x_wconf 89' lang='lat' dir='ltr'><strong>quod</strong></span> <span class='ocrx_word' id='word_1_480' title='bbox 1277 3111 1370 3165; x_wconf 90' lang='lat' dir='ltr'><strong>Dei</strong></span> <span class='ocrx_word' id='word_1_481' title='bbox 1404 3111 1574 3166; x_wconf 83' lang='lat' dir='ltr'><strong>Filius</strong></span> <span class='ocrx_word' id='word_1_482' title='bbox 1603 3123 1704 3166; x_wconf 86' lang='lat' dir='ltr'><strong>est.</strong></span> <span class='ocrx_word' id='word_1_483' title='bbox 1743 3113 1879 3178; x_wconf 86' lang='lat' dir='ltr'><strong>Quia</strong></span> 
     </span>
    </p>
   </div>
   <div class='ocr_carea' id='block_1_65' title="bbox 303 3198 1878 3272">
    <p class='ocr_par' dir='ltr' id='par_1_65' title="bbox 303 3198 1878 3272">
     <span class='ocr_line' id='line_1_65' title="bbox 303 3198 1878 3272; baseline 0.006 -22"><span class='ocrx_word' id='word_1_484' title='bbox 303 3198 452 3253; x_wconf 89' lang='lat' dir='ltr'><strong>enim</strong></span> <span class='ocrx_word' id='word_1_485' title='bbox 489 3207 574 3257; x_wconf 81' lang='lat' dir='ltr'><strong>est</strong></span> <span class='ocrx_word' id='word_1_486' title='bbox 606 3198 798 3262; x_wconf 89' lang='lat' dir='ltr'><strong>Filius,</strong></span> <span class='ocrx_word' id='word_1_487' title='bbox 841 3200 970 3254; x_wconf 88' lang='lat' dir='ltr'><strong>hinc</strong></span> <span class='ocrx_word' id='word_1_488' title='bbox 1008 3217 1038 3255; x_wconf 88' lang='lat' dir='ltr'><strong>a</strong></span> <span class='ocrx_word' id='word_1_489' title='bbox 1073 3201 1234 3256; x_wconf 87' lang='lat' dir='ltr'><strong>Patre</strong></span> <span class='ocrx_word' id='word_1_490' title='bbox 1278 3204 1598 3272; x_wconf 86' lang='lat' dir='ltr'><strong>separabilis</strong></span> <span class='ocrx_word' id='word_1_491' title='bbox 1643 3222 1746 3258; x_wconf 91' lang='lat' dir='ltr'><strong>non</strong></span> <span class='ocrx_word' id='word_1_492' title='bbox 1775 3216 1878 3270; x_wconf 82' lang='lat' dir='ltr'><strong>est,</strong></span> 
     </span>
    </p>
   </div>
   <div class='ocr_carea' id='block_1_66' title="bbox 303 3287 1876 3362">
    <p class='ocr_par' dir='ltr' id='par_1_66' title="bbox 303 3287 1876 3362">
     <span class='ocr_line' id='line_1_66' title="bbox 303 3287 1876 3362; baseline 0.003 -19"><span class='ocrx_word' id='word_1_493' title='bbox 303 3302 485 3360; x_wconf 86' lang='lat' dir='ltr'><strong>neque</strong></span> <span class='ocrx_word' id='word_1_494' title='bbox 515 3287 620 3344; x_wconf 82' lang='lat' dir='ltr'><strong>fuit</strong></span> <span class='ocrx_word' id='word_1_495' title='bbox 643 3305 882 3359; x_wconf 88' lang='lat' dir='ltr'><strong>unquam</strong></span> <span class='ocrx_word' id='word_1_496' title='bbox 905 3306 1030 3346; x_wconf 92' lang='lat' dir='ltr'><strong>eum</strong></span> <span class='ocrx_word' id='word_1_497' title='bbox 1057 3305 1164 3345; x_wconf 93' lang='lat' dir='ltr'><strong>non</strong></span> <span class='ocrx_word' id='word_1_498' title='bbox 1187 3291 1352 3357; x_wconf 81' lang='lat' dir='ltr'><strong>esset,</strong></span> <span class='ocrx_word' id='word_1_499' title='bbox 1389 3294 1483 3347; x_wconf 89' lang='lat' dir='ltr'><strong>sed</strong></span> <span class='ocrx_word' id='word_1_500' title='bbox 1513 3309 1726 3362; x_wconf 91' lang='lat' dir='ltr'><strong>semper</strong></span> <span class='ocrx_word' id='word_1_501' title='bbox 1754 3295 1876 3360; x_wconf 83' lang='lat' dir='ltr'><strong>fuit,</strong></span> 
     </span>
    </p>
   </div>
   <div class='ocr_carea' id='block_1_67' title="bbox 303 3382 1878 3452">
    <p class='ocr_par' dir='ltr' id='par_1_67' title="bbox 303 3382 1878 3452">
     <span class='ocr_line' id='line_1_67' title="bbox 303 3382 1878 3452; baseline 0.001 -15"><span class='ocrx_word' id='word_1_502' title='bbox 303 3395 541 3452; x_wconf 88' lang='lat' dir='ltr'><strong>cumque</strong></span> <span class='ocrx_word' id='word_1_503' title='bbox 570 3382 640 3436; x_wconf 88' lang='lat' dir='ltr'><strong>sit</strong></span> <span class='ocrx_word' id='word_1_504' title='bbox 674 3382 854 3452; x_wconf 87' lang='lat' dir='ltr'><strong>imago</strong></span> <span class='ocrx_word' id='word_1_505' title='bbox 887 3391 942 3436; x_wconf 89' lang='lat' dir='ltr'><strong>et</strong></span> <span class='ocrx_word' id='word_1_506' title='bbox 988 3382 1243 3452; x_wconf 85' lang='lat' dir='ltr'><strong>splendor</strong></span> <span class='ocrx_word' id='word_1_507' title='bbox 1292 3382 1489 3447; x_wconf 89' lang='lat' dir='ltr'><strong>Patris,</strong></span> <span class='ocrx_word' id='word_1_508' title='bbox 1521 3385 1878 3439; x_wconf 76' lang='lat' dir='ltr'><strong>aeternitatem</strong></span> 
     </span>
    </p>
   </div>
   <div class='ocr_carea' id='block_1_68' title="bbox 305 3471 1882 3544">
    <p class='ocr_par' dir='ltr' id='par_1_68' title="bbox 305 3471 1882 3544">
     <span class='ocr_line' id='line_1_68' title="bbox 305 3471 1882 3544; baseline 0.004 -18"><span class='ocrx_word' id='word_1_509' title='bbox 305 3487 526 3542; x_wconf 87' lang='lat' dir='ltr'><strong>quoque</strong></span> <span class='ocrx_word' id='word_1_510' title='bbox 554 3471 733 3527; x_wconf 84' lang='lat' dir='ltr'><strong>Patris</strong></span> <span class='ocrx_word' id='word_1_511' title='bbox 766 3473 1026 3542; x_wconf 86' lang='lat' dir='ltr'><strong>possidet.</strong></span> <span class='ocrx_word' id='word_1_512' title='bbox 1063 3473 1250 3543; x_wconf 89' lang='lat' dir='ltr'><strong>Itaque</strong></span> <span class='ocrx_word' id='word_1_513' title='bbox 1279 3490 1388 3544; x_wconf 86' lang='lat' dir='ltr'><strong>qua</strong></span> <span class='ocrx_word' id='word_1_514' title='bbox 1415 3475 1632 3544; x_wconf 90' lang='lat' dir='ltr'><strong>quidem</strong></span> <span class='ocrx_word' id='word_1_515' title='bbox 1672 3477 1882 3532; x_wconf 83' lang='lat' dir='ltr'><strong>ratione</strong></span> 
     </span>
    </p>
   </div>
   <div class='ocr_carea' id='block_1_69' title="bbox 306 3563 1882 3638">
    <p class='ocr_par' dir='ltr' id='par_1_69' title="bbox 306 3563 1882 3638">
     <span class='ocr_line' id='line_1_69' title="bbox 306 3563 1882 3638; baseline 0.003 -19"><span class='ocrx_word' id='word_1_516' title='bbox 306 3564 540 3619; x_wconf 85' lang='lat' dir='ltr'><strong>convicti</strong></span> <span class='ocrx_word' id='word_1_517' title='bbox 574 3563 780 3620; x_wconf 85' lang='lat' dir='ltr'><strong>fuerint</strong></span> <span class='ocrx_word' id='word_1_518' title='bbox 804 3567 944 3622; x_wconf 91' lang='lat' dir='ltr'><strong>male</strong></span> <span class='ocrx_word' id='word_1_519' title='bbox 975 3567 1064 3620; x_wconf 91' lang='lat' dir='ltr'><strong>illa</strong></span> <span class='ocrx_word' id='word_1_520' title='bbox 1097 3567 1394 3636; x_wconf 69' lang='lat' dir='ltr'><strong>Scriptura:</strong></span> <span class='ocrx_word' id='word_1_521' title='bbox 1430 3567 1548 3621; x_wconf 89' lang='lat' dir='ltr'><strong>loca</strong></span> <span class='ocrx_word' id='word_1_522' title='bbox 1581 3568 1882 3638; x_wconf 84' lang='lat' dir='ltr'><strong>intelligere</strong></span> 
     </span>
    </p>
   </div>
   <div class='ocr_carea' id='block_1_70' title="bbox 308 3657 1882 3731">
    <p class='ocr_par' dir='ltr' id='par_1_70' title="bbox 308 3657 1882 3731">
     <span class='ocr_line' id='line_1_70' title="bbox 308 3657 1882 3731; baseline 0.003 -21"><span class='ocrx_word' id='word_1_523' title='bbox 308 3670 431 3726; x_wconf 73' lang='lat' dir='ltr'><strong>qua:</strong></span> <span class='ocrx_word' id='word_1_524' title='bbox 461 3657 846 3726; x_wconf 86' lang='lat' dir='ltr'><strong>obtendebant,</strong></span> <span class='ocrx_word' id='word_1_525' title='bbox 877 3675 944 3714; x_wconf 79' lang='lat' dir='ltr'><strong>ex</strong></span> <span class='ocrx_word' id='word_1_526' title='bbox 986 3659 1072 3713; x_wconf 90' lang='lat' dir='ltr'><strong>his</strong></span> <span class='ocrx_word' id='word_1_527' title='bbox 1106 3675 1226 3729; x_wconf 73' lang='lat' dir='ltr'><strong>quae</strong></span> <span class='ocrx_word' id='word_1_528' title='bbox 1265 3676 1429 3729; x_wconf 88' lang='lat' dir='ltr'><strong>supra</strong></span> <span class='ocrx_word' id='word_1_529' title='bbox 1465 3662 1654 3730; x_wconf 86' lang='lat' dir='ltr'><strong>paucis</strong></span> <span class='ocrx_word' id='word_1_530' title='bbox 1694 3663 1882 3731; x_wconf 88' lang='lat' dir='ltr'><strong>dispu-</strong></span> 
     </span>
    </p>
   </div>
   <div class='ocr_carea' id='block_1_71' title="bbox 309 3749 1884 3823">
    <p class='ocr_par' dir='ltr' id='par_1_71' title="bbox 309 3749 1884 3823">
     <span class='ocr_line' id='line_1_71' title="bbox 309 3749 1884 3823; baseline 0.004 -22"><span class='ocrx_word' id='word_1_531' title='bbox 309 3755 420 3802; x_wconf 88' lang='lat' dir='ltr'><strong>tata</strong></span> <span class='ocrx_word' id='word_1_532' title='bbox 449 3758 577 3803; x_wconf 90' lang='lat' dir='ltr'><strong>sunt</strong></span> <span class='ocrx_word' id='word_1_533' title='bbox 607 3749 744 3805; x_wconf 88' lang='lat' dir='ltr'><strong>disci</strong></span> <span class='ocrx_word' id='word_1_534' title='bbox 782 3759 960 3820; x_wconf 89' lang='lat' dir='ltr'><strong>potest</strong></span> <span class='ocrx_word' id='word_1_535' title='bbox 997 3771 1009 3805; x_wconf 89' lang='lat'><strong>:</strong></span> <span class='ocrx_word' id='word_1_536' title='bbox 1045 3753 1192 3822; x_wconf 85' lang='lat' dir='ltr'><strong>quod</strong></span> <span class='ocrx_word' id='word_1_537' title='bbox 1235 3761 1413 3806; x_wconf 89' lang='lat' dir='ltr'><strong>autem</strong></span> <span class='ocrx_word' id='word_1_538' title='bbox 1445 3754 1608 3806; x_wconf 90' lang='lat' dir='ltr'><strong>etiam</strong></span> <span class='ocrx_word' id='word_1_539' title='bbox 1645 3769 1730 3818; x_wconf 90' lang='lat' dir='ltr'><strong>ea,</strong></span> <span class='ocrx_word' id='word_1_540' title='bbox 1763 3771 1884 3823; x_wconf 61' lang='lat' dir='ltr'><strong>qua:</strong></span> 
     </span>
    </p>
   </div>
   <div class='ocr_carea' id='block_1_72' title="bbox 309 3839 1884 3913">
    <p class='ocr_par' dir='ltr' id='par_1_72' title="bbox 309 3839 1884 3913">
     <span class='ocr_line' id='line_1_72' title="bbox 309 3839 1884 3913; baseline 0.004 -20"><span class='ocrx_word' id='word_1_541' title='bbox 309 3855 458 3894; x_wconf 91' lang='lat' dir='ltr'><strong>nunc</strong></span> <span class='ocrx_word' id='word_1_542' title='bbox 503 3849 558 3895; x_wconf 90' lang='lat' dir='ltr'><strong>et</strong></span> <span class='ocrx_word' id='word_1_543' title='bbox 604 3839 913 3912; x_wconf 81' lang='lat' dir='ltr'><strong>Evangeliis</strong></span> <span class='ocrx_word' id='word_1_544' title='bbox 947 3851 1253 3913; x_wconf 83' lang='lat' dir='ltr'><strong>Opponunt,</strong></span> <span class='ocrx_word' id='word_1_545' title='bbox 1289 3842 1465 3897; x_wconf 82' lang='lat' dir='ltr'><strong>futilia</strong></span> <span class='ocrx_word' id='word_1_546' title='bbox 1497 3845 1794 3898; x_wconf 89' lang='lat' dir='ltr'><strong>admodum</strong></span> <span class='ocrx_word' id='word_1_547' title='bbox 1820 3861 1884 3900; x_wconf 90' lang='lat' dir='ltr'><strong>ac</strong></span> 
     </span>
    </p>
   </div>
   <div class='ocr_carea' id='block_1_73' title="bbox 310 3929 1887 4006">
    <p class='ocr_par' dir='ltr' id='par_1_73' title="bbox 310 3929 1887 4006">
     <span class='ocr_line' id='line_1_73' title="bbox 310 3929 1887 4006; baseline 0.006 -24"><span class='ocrx_word' id='word_1_548' title='bbox 310 3929 447 3985; x_wconf 82' lang='lat' dir='ltr'><strong>levia</strong></span> <span class='ocrx_word' id='word_1_549' title='bbox 482 3931 611 3998; x_wconf 90' lang='lat' dir='ltr'><strong>sint,</strong></span> <span class='ocrx_word' id='word_1_550' title='bbox 637 3932 796 3989; x_wconf 83' lang='lat' dir='ltr'><strong>facile</strong></span> <span class='ocrx_word' id='word_1_551' title='bbox 824 3935 1132 4004; x_wconf 89' lang='lat' dir='ltr'><strong>perspicere</strong></span> <span class='ocrx_word' id='word_1_552' title='bbox 1153 3943 1257 4002; x_wconf 90' lang='lat' dir='ltr'><strong>est,</strong></span> <span class='ocrx_word' id='word_1_553' title='bbox 1285 3935 1331 3990; x_wconf 89' lang='lat' dir='ltr'><strong>si</strong></span> <span class='ocrx_word' id='word_1_554' title='bbox 1361 3935 1416 3989; x_wconf 91' lang='lat' dir='ltr'><strong>in</strong></span> <span class='ocrx_word' id='word_1_555' title='bbox 1443 3937 1634 4006; x_wconf 86' lang='lat' dir='ltr'><strong>primis</strong></span> <span class='ocrx_word' id='word_1_556' title='bbox 1659 3937 1782 4006; x_wconf 86' lang='lat' dir='ltr'><strong>quis</strong></span> <span class='ocrx_word' id='word_1_557' title='bbox 1813 3938 1887 3992; x_wconf 90' lang='lat' dir='ltr'><strong>sit</strong></span> 
     </span>
    </p>
   </div>
   <div class='ocr_carea' id='block_1_74' title="bbox 383 4067 894 4134">
    <p class='ocr_par' dir='ltr' id='par_1_74' title="bbox 383 4067 894 4134">
     <span class='ocr_line' id='line_1_74' title="bbox 383 4067 894 4134; baseline 0.004 -13"><span class='ocrx_word' id='word_1_558' title='bbox 383 4067 428 4099; x_wconf 81' lang='lat'><strong>&#39;°</strong></span> <span class='ocrx_word' id='word_1_559' title='bbox 470 4067 614 4123; x_wconf 91' lang='lat' dir='ltr'><strong>Psal.</strong></span> <span class='ocrx_word' id='word_1_560' title='bbox 655 4085 815 4134; x_wconf 77' lang='lat' dir='ltr'><strong>mn,</strong></span> <span class='ocrx_word' id='word_1_561' title='bbox 843 4070 894 4124; x_wconf 90' lang='grc'>7.</span> 
     </span>
    </p>
   </div>
   <div class='ocr_carea' id='block_1_75' title="bbox 385 4200 1879 4270">
    <p class='ocr_par' dir='ltr' id='par_1_75' title="bbox 385 4200 1879 4270">
     <span class='ocr_line' id='line_1_75' title="bbox 385 4200 1879 4270; baseline 0.003 -15"><span class='ocrx_word' id='word_1_562' title='bbox 385 4200 498 4270; x_wconf 88' lang='grc'>(67)</span> <span class='ocrx_word' id='word_1_563' title='bbox 528 4202 839 4258; x_wconf 85' lang='lat' dir='ltr'><strong>Goblerian.</strong></span> <span class='ocrx_word' id='word_1_564' title='bbox 872 4213 924 4259; x_wconf 91' lang='lat' dir='ltr'><strong>et</strong></span> <span class='ocrx_word' id='word_1_565' title='bbox 972 4203 1116 4260; x_wconf 83' lang='lat' dir='ltr'><strong>Felc.</strong></span> <span class='ocrx_word' id='word_1_566' title='bbox 1145 4204 1196 4269; x_wconf 92' lang='lat'><strong>1,</strong></span> <span class='ocrx_word' id='word_1_567' title='bbox 1233 4205 1507 4270; x_wconf 79' lang='grc' dir='ltr'>ἀσέϐειαν,</span> <span class='ocrx_word' id='word_1_568' title='bbox 1559 4206 1719 4262; x_wconf 86' lang='lat' dir='ltr'><strong>male.</strong></span> <span class='ocrx_word' id='word_1_569' title='bbox 1745 4206 1879 4261; x_wconf 81' lang='lat' dir='ltr'><strong>Ibid.</strong></span> 
     </span>
    </p>
   </div>
   <div class='ocr_carea' id='block_1_76' title="bbox 316 4271 1886 4342">
    <p class='ocr_par' dir='ltr' id='par_1_76' title="bbox 316 4271 1886 4342">
     <span class='ocr_line' id='line_1_76' title="bbox 316 4271 1886 4342; baseline 0.002 -17"><span class='ocrx_word' id='word_1_570' title='bbox 316 4271 369 4342; x_wconf 88' lang='lat' dir='ltr'><strong>in</strong></span> <span class='ocrx_word' id='word_1_571' title='bbox 403 4273 648 4342; x_wconf 81' lang='lat' dir='ltr'><strong>margine</strong></span> <span class='ocrx_word' id='word_1_572' title='bbox 675 4273 819 4328; x_wconf 85' lang='lat' dir='ltr'><strong>Felc.</strong></span> <span class='ocrx_word' id='word_1_573' title='bbox 842 4274 896 4339; x_wconf 74' lang='grc'>2,</span> <span class='ocrx_word' id='word_1_574' title='bbox 925 4275 1037 4329; x_wconf 65' lang='lat' dir='ltr'><strong>haec</strong></span> <span class='ocrx_word' id='word_1_575' title='bbox 1061 4276 1291 4329; x_wconf 90' lang='lat' dir='ltr'><strong>habetur</strong></span> <span class='ocrx_word' id='word_1_576' title='bbox 1330 4286 1456 4329; x_wconf 88' lang='lat' dir='ltr'><strong>nota</strong></span> <span class='ocrx_word' id='word_1_577' title='bbox 1490 4295 1502 4329; x_wconf 88' lang='lat'><strong>:</strong></span> <span class='ocrx_word' id='word_1_578' title='bbox 1536 4276 1734 4328; x_wconf 83' lang='grc' dir='ltr'>Σκόπει</span> <span class='ocrx_word' id='word_1_579' title='bbox 1769 4277 1886 4340; x_wconf 84' lang='grc' dir='ltr'>πῶς</span> 
     </span>
    </p>
   </div>
   <div class='ocr_carea' id='block_1_77' title="bbox 313 4341 1884 4417">
    <p class='ocr_par' dir='ltr' id='par_1_77' title="bbox 313 4341 1884 4417">
     <span class='ocr_line' id='line_1_77' title="bbox 313 4341 1884 4417; baseline 0.004 -23"><span class='ocrx_word' id='word_1_580' title='bbox 313 4341 485 4404; x_wconf 81' lang='grc' dir='ltr'>ἀδεῶς</span> <span class='ocrx_word' id='word_1_581' title='bbox 534 4341 627 4394; x_wconf 80' lang='grc' dir='ltr'><strong>τοῦ</strong></span> <span class='ocrx_word' id='word_1_582' title='bbox 677 4345 1054 4417; x_wconf 72' lang='grc' dir='ltr'>Κωνσταντίου</span> <span class='ocrx_word' id='word_1_583' title='bbox 1113 4345 1380 4417; x_wconf 78' lang='grc' dir='ltr'>μέμνηται</span> <span class='ocrx_word' id='word_1_584' title='bbox 1434 4348 1462 4398; x_wconf 91' lang='grc' dir='ltr'><strong>ό</strong></span> <span class='ocrx_word' id='word_1_585' title='bbox 1510 4346 1719 4417; x_wconf 86' lang='grc' dir='ltr'>Πατήρ.</span> <span class='ocrx_word' id='word_1_586' title='bbox 1756 4346 1884 4400; x_wconf 83' lang='lat' dir='ltr'><strong>Vide</strong></span> 
     </span>
    </p>
   </div>
   <div class='ocr_carea' id='block_1_78' title="bbox 313 4414 1492 4482">
    <p class='ocr_par' dir='ltr' id='par_1_78' title="bbox 313 4414 1492 4482">
     <span class='ocr_line' id='line_1_78' title="bbox 313 4414 1492 4482; baseline 0.003 -19"><span class='ocrx_word' id='word_1_587' title='bbox 313 4427 472 4482; x_wconf 71' lang='lat' dir='ltr'><strong>quam</strong></span> <span class='ocrx_word' id='word_1_588' title='bbox 505 4429 682 4482; x_wconf 78' lang='lat' dir='ltr'><strong>secure</strong></span> <span class='ocrx_word' id='word_1_589' title='bbox 710 4414 1011 4468; x_wconf 80' lang='lat' dir='ltr'><strong>Constantii</strong></span> <span class='ocrx_word' id='word_1_590' title='bbox 1040 4414 1276 4468; x_wconf 76' lang='lat' dir='ltr'><strong>meminit</strong></span> <span class='ocrx_word' id='word_1_591' title='bbox 1311 4415 1492 4468; x_wconf 83' lang='lat' dir='ltr'><strong>Pater.</strong></span> 
     </span>
    </p>
   </div>
   <div class='ocr_carea' id='block_1_79' title="bbox 387 4480 1888 4557">
    <p class='ocr_par' dir='ltr' id='par_1_79' title="bbox 387 4480 1888 4557">
     <span class='ocr_line' id='line_1_79' title="bbox 387 4480 1888 4557; baseline 0.003 -23"><span class='ocrx_word' id='word_1_592' title='bbox 387 4480 499 4557; x_wconf 62' lang='grc'>(68)</span> <span class='ocrx_word' id='word_1_593' title='bbox 534 4481 624 4537; x_wconf 91' lang='lat' dir='ltr'><strong>Sic</strong></span> <span class='ocrx_word' id='word_1_594' title='bbox 647 4483 789 4557; x_wconf 80' lang='lat' dir='ltr'><strong>_Reg.</strong></span> <span class='ocrx_word' id='word_1_595' title='bbox 820 4485 855 4537; x_wconf 74' lang='lat'><strong>2</strong></span> <span class='ocrx_word' id='word_1_596' title='bbox 885 4493 939 4539; x_wconf 92' lang='lat' dir='ltr'><strong>et</strong></span> <span class='ocrx_word' id='word_1_597' title='bbox 983 4485 1305 4557; x_wconf 73' lang='lat' dir='ltr'><strong>Seguerian.</strong></span> <span class='ocrx_word' id='word_1_598' title='bbox 1331 4487 1407 4557; x_wconf 24' lang='lat' dir='ltr'><strong>AAt</strong></span> <span class='ocrx_word' id='word_1_599' title='bbox 1435 4486 1525 4539; x_wconf 90' lang='lat' dir='ltr'><strong>alii</strong></span> <span class='ocrx_word' id='word_1_600' title='bbox 1550 4495 1603 4540; x_wconf 91' lang='lat' dir='ltr'><strong>et</strong></span> <span class='ocrx_word' id='word_1_601' title='bbox 1626 4486 1755 4539; x_wconf 85' lang='lat' dir='ltr'><strong>editi</strong></span> <span class='ocrx_word' id='word_1_602' title='bbox 1779 4486 1888 4557; x_wconf 86' lang='grc' dir='ltr'>γάρ</span> 
     </span>
    </p>
   </div>
   <div class='ocr_carea' id='block_1_80' title="bbox 315 4552 1887 4628">
    <p class='ocr_par' dir='ltr' id='par_1_80' title="bbox 315 4552 1887 4628">
     <span class='ocr_line' id='line_1_80' title="bbox 315 4552 1887 4628; baseline 0.001 -22"><span class='ocrx_word' id='word_1_603' title='bbox 315 4552 597 4628; x_wconf 79' lang='lat' dir='ltr'><strong>omittunt.</strong></span> <span class='ocrx_word' id='word_1_604' title='bbox 647 4552 826 4628; x_wconf 64' lang='lat' dir='ltr'><strong>[’aulo</strong></span> <span class='ocrx_word' id='word_1_605' title='bbox 846 4564 968 4624; x_wconf 93' lang='lat' dir='ltr'><strong>post</strong></span> <span class='ocrx_word' id='word_1_606' title='bbox 989 4552 1121 4628; x_wconf 47' lang='lat' dir='ltr'><strong>ile—g.</strong></span> <span class='ocrx_word' id='word_1_607' title='bbox 1162 4555 1573 4628; x_wconf 80' lang='lat' dir='ltr'><strong>1et_Seguer.,</strong></span> <span class='ocrx_word' id='word_1_608' title='bbox 1614 4557 1707 4608; x_wconf 78' lang='grc' dir='ltr'><strong>καὶ</strong></span> <span class='ocrx_word' id='word_1_609' title='bbox 1752 4552 1887 4628; x_wconf 76' lang='grc' dir='ltr'>μήτε</span> 
     </span>
    </p>
   </div>
   <div class='ocr_carea' id='block_1_81' title="bbox 320 4621 1649 4697">
    <p class='ocr_par' dir='ltr' id='par_1_81' title="bbox 320 4621 1649 4697">
     <span class='ocr_line' id='line_1_81' title="bbox 320 4621 1649 4697; baseline 0.002 -22"><span class='ocrx_word' id='word_1_610' title='bbox 320 4621 609 4697; x_wconf 26' lang='grc' dir='ltr'>μετ-ἀλείς.</span> <span class='ocrx_word' id='word_1_611' title='bbox 639 4621 922 4697; x_wconf 50' lang='grc' dir='ltr'>αξιοι-ἰοί</span> <span class='ocrx_word' id='word_1_612' title='bbox 938 4621 1095 4691; x_wconf 70' lang='lat' dir='ltr'><strong>editi,</strong></span> <span class='ocrx_word' id='word_1_613' title='bbox 1114 4625 1210 4678; x_wconf 78' lang='grc' dir='ltr'><strong>καὶ</strong></span> <span class='ocrx_word' id='word_1_614' title='bbox 1247 4625 1320 4697; x_wconf 85' lang='grc' dir='ltr'>μὴ</span> <span class='ocrx_word' id='word_1_615' title='bbox 1353 4621 1508 4697; x_wconf 76' lang='grc' dir='ltr'>μετὰ,</span> <span class='ocrx_word' id='word_1_616' title='bbox 1544 4621 1649 4680; x_wconf 89' lang='lat' dir='ltr'><strong>etc.</strong></span> 
     </span>
    </p>
   </div>
   <div class='ocr_carea' id='block_1_82' title="bbox 389 4692 1888 4774">
    <p class='ocr_par' dir='ltr' id='par_1_82' title="bbox 389 4692 1888 4774">
     <span class='ocr_line' id='line_1_82' title="bbox 389 4692 1888 4774; baseline 0.001 -28"><span class='ocrx_word' id='word_1_617' title='bbox 389 4692 503 4774; x_wconf 71' lang='grc'>(69)</span> <span class='ocrx_word' id='word_1_618' title='bbox 533 4693 624 4774; x_wconf 90' lang='lat' dir='ltr'><strong>Sic</strong></span> <span class='ocrx_word' id='word_1_619' title='bbox 642 4703 868 4764; x_wconf 90' lang='lat' dir='ltr'><strong>uterque</strong></span> <span class='ocrx_word' id='word_1_620' title='bbox 890 4693 1022 4764; x_wconf 80' lang='lat' dir='ltr'><strong>Reg.</strong></span> <span class='ocrx_word' id='word_1_621' title='bbox 1049 4704 1103 4749; x_wconf 92' lang='lat' dir='ltr'><strong>et</strong></span> <span class='ocrx_word' id='word_1_622' title='bbox 1127 4692 1364 4767; x_wconf 54' lang='lat' dir='ltr'><strong>Seguei-J</strong></span> <span class='ocrx_word' id='word_1_623' title='bbox 1380 4695 1450 4749; x_wconf 84' lang='lat' dir='ltr'><strong>At</strong></span> <span class='ocrx_word' id='word_1_624' title='bbox 1469 4697 1562 4750; x_wconf 84' lang='lat' dir='ltr'><strong>alii</strong></span> <span class='ocrx_word' id='word_1_625' title='bbox 1585 4705 1638 4750; x_wconf 89' lang='lat' dir='ltr'><strong>et</strong></span> <span class='ocrx_word' id='word_1_626' title='bbox 1664 4697 1794 4750; x_wconf 86' lang='lat' dir='ltr'><strong>editi</strong></span> <span class='ocrx_word' id='word_1_627' title='bbox 1823 4695 1888 4749; x_wconf 86' lang='grc' dir='ltr'><strong>ἀν</strong></span> 
     </span>
    </p>
   </div>
   <div class='ocr_carea' id='block_1_83' title="bbox 317 4773 596 4817">
    <p class='ocr_par' dir='ltr' id='par_1_83' title="bbox 317 4773 596 4817">
     <span class='ocr_line' id='line_1_83' title="bbox 317 4773 596 4817; baseline 0 -1"><span class='ocrx_word' id='word_1_628' title='bbox 317 4773 596 4817; x_wconf 80' lang='lat' dir='ltr'><strong>omittunt.</strong></span> 
     </span>
    </p>
   </div>
   <div class='ocr_carea' id='block_1_84' title="bbox 319 4829 1888 4976">
    <p class='ocr_par' dir='ltr' id='par_1_84' title="bbox 319 4829 1888 4976">
     <span class='ocr_line' id='line_1_84' title="bbox 391 4829 1888 4905; baseline 0.003 -20"><span class='ocrx_word' id='word_1_629' title='bbox 391 4829 501 4902; x_wconf 80' lang='lat'>(70)</span> <span class='ocrx_word' id='word_1_630' title='bbox 531 4832 622 4888; x_wconf 93' lang='lat' dir='ltr'><strong>Sic</strong></span> <span class='ocrx_word' id='word_1_631' title='bbox 656 4849 818 4899; x_wconf 89' lang='lat' dir='ltr'><strong>mss.,</strong></span> <span class='ocrx_word' id='word_1_632' title='bbox 846 4844 1008 4905; x_wconf 92' lang='lat' dir='ltr'><strong>atque</strong></span> <span class='ocrx_word' id='word_1_633' title='bbox 1038 4837 1112 4890; x_wconf 92' lang='lat' dir='ltr'><strong>ita</strong></span> <span class='ocrx_word' id='word_1_634' title='bbox 1149 4835 1278 4905; x_wconf 84' lang='lat' dir='ltr'><strong>legit</strong></span> <span class='ocrx_word' id='word_1_635' title='bbox 1303 4833 1482 4890; x_wconf 87' lang='lat' dir='ltr'><strong>Nann.</strong></span> <span class='ocrx_word' id='word_1_636' title='bbox 1522 4835 1703 4891; x_wconf 87' lang='lat' dir='ltr'><strong>Editio</strong></span> <span class='ocrx_word' id='word_1_637' title='bbox 1725 4835 1888 4890; x_wconf 91' lang='lat' dir='ltr'><strong>Com-</strong></span> 
     </span>
     <span class='ocr_line' id='line_1_85' title="bbox 319 4903 1888 4976; baseline 0.003 -21"><span class='ocrx_word' id='word_1_638' title='bbox 319 4903 471 4976; x_wconf 73' lang='lat' dir='ltr'><strong>mPi.,</strong></span> <span class='ocrx_word' id='word_1_639' title='bbox 501 4903 775 4976; x_wconf 75' lang='grc' dir='ltr'>ἀσεϐείας,</span> <span class='ocrx_word' id='word_1_640' title='bbox 815 4906 1090 4976; x_wconf 81' lang='lat' dir='ltr'><strong>mendose.</strong></span> <span class='ocrx_word' id='word_1_641' title='bbox 1114 4904 1300 4976; x_wconf 81' lang='lat' dir='ltr'><strong>Paulo</strong></span> <span class='ocrx_word' id='word_1_642' title='bbox 1329 4916 1452 4974; x_wconf 90' lang='lat' dir='ltr'><strong>post</strong></span> <span class='ocrx_word' id='word_1_643' title='bbox 1478 4905 1610 4976; x_wconf 81' lang='lat' dir='ltr'><strong>Reg.</strong></span> <span class='ocrx_word' id='word_1_644' title='bbox 1644 4908 1667 4958; x_wconf 98' lang='lat'><strong>1</strong></span> <span class='ocrx_word' id='word_1_645' title='bbox 1708 4917 1761 4960; x_wconf 78' lang='lat' dir='ltr'><strong>rt</strong></span> <span class='ocrx_word' id='word_1_646' title='bbox 1795 4906 1888 4960; x_wconf 89' lang='lat' dir='ltr'><strong>Se-</strong></span> 
     </span>
    </p>
   </div>
   <div class='ocr_carea' id='block_1_85' title="bbox 320 4947 1889 5044">
    <p class='ocr_par' dir='ltr' id='par_1_85' title="bbox 320 4947 1889 5044">
     <span class='ocr_line' id='line_1_86' title="bbox 320 4947 1889 5044; baseline 0.004 -19"><span class='ocrx_word' id='word_1_647' title='bbox 320 4947 590 5041; x_wconf 75' lang='lat' dir='ltr'><strong>gaerian.,</strong></span> <span class='ocrx_word' id='word_1_648' title='bbox 626 4947 892 5027; x_wconf 44' lang='grc' dir='ltr'>τῶνἸνοῦν</span> <span class='ocrx_word' id='word_1_649' title='bbox 932 4975 1202 5028; x_wconf 88' lang='grc' dir='ltr'>Ἰουδαίων</span> <span class='ocrx_word' id='word_1_650' title='bbox 1232 4947 1664 5044; x_wconf 58' lang='grc' dir='ltr'>κάκὀφροσύεῗης.</span> <span class='ocrx_word' id='word_1_651' title='bbox 1699 4977 1889 5031; x_wconf 67' lang='lat' dir='ltr'><strong>Caneri</strong></span> 
     </span>
    </p>
   </div>
   <div class='ocr_carea' id='block_1_86' title="bbox 320 5043 1710 5115">
    <p class='ocr_par' dir='ltr' id='par_1_86' title="bbox 320 5043 1710 5115">
     <span class='ocr_line' id='line_1_87' title="bbox 320 5043 1710 5115; baseline 0.003 -20"><span class='ocrx_word' id='word_1_652' title='bbox 320 5053 377 5095; x_wconf 86' lang='lat' dir='ltr'><strong>et</strong></span> <span class='ocrx_word' id='word_1_653' title='bbox 401 5043 682 5115; x_wconf 43' lang='lat' dir='ltr'><strong>editilnbv</strong></span> <span class='ocrx_word' id='word_1_654' title='bbox 717 5044 985 5115; x_wconf 87' lang='grc' dir='ltr'>Ἰουδαίων</span> <span class='ocrx_word' id='word_1_655' title='bbox 1018 5044 1125 5097; x_wconf 88' lang='grc' dir='ltr'>τῶν</span> <span class='ocrx_word' id='word_1_656' title='bbox 1153 5044 1248 5097; x_wconf 90' lang='grc' dir='ltr'><strong>νῦν</strong></span> <span class='ocrx_word' id='word_1_657' title='bbox 1278 5043 1710 5115; x_wconf 70' lang='grc' dir='ltr'>κακοφροσύνης.</span> 
     </span>
    </p>
   </div>
   <div class='ocr_carea' id='block_1_87' title="bbox 393 5111 1893 5184">
    <p class='ocr_par' dir='ltr' id='par_1_87' title="bbox 393 5111 1893 5184">
     <span class='ocr_line' id='line_1_88' title="bbox 393 5111 1893 5184; baseline 0.004 -20"><span class='ocrx_word' id='word_1_658' title='bbox 393 5111 506 5181; x_wconf 85' lang='grc'>(71)</span> <span class='ocrx_word' id='word_1_659' title='bbox 534 5111 668 5184; x_wconf 80' lang='lat' dir='ltr'><strong>Reg.</strong></span> <span class='ocrx_word' id='word_1_660' title='bbox 701 5115 725 5169; x_wconf 89' lang='lat'><strong>1</strong></span> <span class='ocrx_word' id='word_1_661' title='bbox 753 5123 806 5168; x_wconf 89' lang='lat' dir='ltr'><strong>et</strong></span> <span class='ocrx_word' id='word_1_662' title='bbox 834 5114 1151 5184; x_wconf 85' lang='lat' dir='ltr'><strong>Seguerian.</strong></span> <span class='ocrx_word' id='word_1_663' title='bbox 1180 5111 1548 5182; x_wconf 78' lang='grc' dir='ltr'>ἐπιγνώσεσθέ</span> <span class='ocrx_word' id='word_1_664' title='bbox 1582 5111 1663 5168; x_wconf 68' lang='grc' dir='ltr'>τεζ</span> <span class='ocrx_word' id='word_1_665' title='bbox 1697 5115 1893 5171; x_wconf 87' lang='lat' dir='ltr'><strong>Goble-</strong></span> 
     </span>
    </p>
   </div>
   <div class='ocr_carea' id='block_1_88' title="bbox 323 5180 1363 5250">
    <p class='ocr_par' dir='ltr' id='par_1_88' title="bbox 323 5180 1363 5250">
     <span class='ocr_line' id='line_1_89' title="bbox 323 5180 1363 5250; baseline 0.006 -17"><span class='ocrx_word' id='word_1_666' title='bbox 323 5180 463 5234; x_wconf 83' lang='lat' dir='ltr'><strong>rian.</strong></span> <span class='ocrx_word' id='word_1_667' title='bbox 491 5180 546 5236; x_wconf 89' lang='lat' dir='ltr'><strong>et</strong></span> <span class='ocrx_word' id='word_1_668' title='bbox 572 5180 716 5239; x_wconf 80' lang='lat' dir='ltr'><strong>Félc.</strong></span> <span class='ocrx_word' id='word_1_669' title='bbox 752 5185 804 5250; x_wconf 91' lang='lat'><strong>1,</strong></span> <span class='ocrx_word' id='word_1_670' title='bbox 831 5180 1258 5250; x_wconf 77' lang='grc' dir='ltr'>ὲπῖγινὼσκεσθέ</span> <span class='ocrx_word' id='word_1_671' title='bbox 1283 5180 1363 5240; x_wconf 75' lang='grc' dir='ltr'>τε.</span> 
     </span>
    </p>
   </div>
   <div class='ocr_carea' id='block_1_89' title="bbox 395 5251 1892 5325">
    <p class='ocr_par' dir='ltr' id='par_1_89' title="bbox 395 5251 1892 5325">
     <span class='ocr_line' id='line_1_90' title="bbox 395 5251 1892 5325; baseline 0.005 -22"><span class='ocrx_word' id='word_1_672' title='bbox 395 5251 508 5322; x_wconf 77' lang='lat'>(7‘2)</span> <span class='ocrx_word' id='word_1_673' title='bbox 549 5253 767 5325; x_wconf 80' lang='lat' dir='ltr'><strong>Cobler.</strong></span> <span class='ocrx_word' id='word_1_674' title='bbox 799 5265 852 5309; x_wconf 91' lang='lat' dir='ltr'><strong>et</strong></span> <span class='ocrx_word' id='word_1_675' title='bbox 885 5253 1032 5325; x_wconf 72' lang='lat' dir='ltr'><strong>Fele.</strong></span> <span class='ocrx_word' id='word_1_676' title='bbox 1070 5257 1121 5314; x_wconf 85' lang='lat'><strong>1,</strong></span> <span class='ocrx_word' id='word_1_677' title='bbox 1155 5255 1395 5325; x_wconf 78' lang='grc' dir='ltr'>ἰδιότητι.</span> <span class='ocrx_word' id='word_1_678' title='bbox 1426 5253 1618 5309; x_wconf 69' lang='lat' dir='ltr'><strong>Caneri</strong></span> <span class='ocrx_word' id='word_1_679' title='bbox 1645 5265 1697 5310; x_wconf 88' lang='lat' dir='ltr'><strong>et</strong></span> <span class='ocrx_word' id='word_1_680' title='bbox 1726 5256 1892 5310; x_wconf 89' lang='lat' dir='ltr'><strong>editio</strong></span> 
     </span>
    </p>
   </div>
   <div class='ocr_carea' id='block_1_90' title="bbox 323 5319 1889 5396">
    <p class='ocr_par' dir='ltr' id='par_1_90' title="bbox 323 5319 1889 5396">
     <span class='ocr_line' id='line_1_91' title="bbox 323 5319 1889 5396; baseline 0.001 -20"><span class='ocrx_word' id='word_1_681' title='bbox 323 5319 613 5396; x_wconf 64' lang='lat' dir='ltr'><strong>Cottumqu</strong></span> <span class='ocrx_word' id='word_1_682' title='bbox 631 5325 915 5396; x_wconf 85' lang='grc' dir='ltr'>ἀϊδιότητι.</span> <span class='ocrx_word' id='word_1_683' title='bbox 940 5323 1110 5379; x_wconf 83' lang='lat' dir='ltr'><strong>Paulo</strong></span> <span class='ocrx_word' id='word_1_684' title='bbox 1128 5334 1251 5393; x_wconf 89' lang='lat' dir='ltr'><strong>post</strong></span> <span class='ocrx_word' id='word_1_685' title='bbox 1268 5319 1400 5396; x_wconf 74' lang='lat' dir='ltr'><strong>Reg.</strong></span> <span class='ocrx_word' id='word_1_686' title='bbox 1431 5326 1452 5378; x_wconf 90' lang='lat'><strong>1</strong></span> <span class='ocrx_word' id='word_1_687' title='bbox 1476 5335 1527 5380; x_wconf 87' lang='lat' dir='ltr'><strong>et</strong></span> <span class='ocrx_word' id='word_1_688' title='bbox 1545 5327 1889 5396; x_wconf 76' lang='lat' dir='ltr'><strong>Seguetjian.,</strong></span> 
     </span>
    </p>
   </div>
   <div class='ocr_carea' id='block_1_91' title="bbox 292 5390 1894 5483">
    <p class='ocr_par' dir='ltr' id='par_1_91' title="bbox 292 5390 1894 5483">
     <span class='ocr_line' id='line_1_92' title="bbox 292 5390 1894 5483; baseline 0.002 -41"><span class='ocrx_word' id='word_1_689' title='bbox 292 5390 482 5483; x_wconf 61' lang='grc' dir='ltr'>αῦτὸς</span> <span class='ocrx_word' id='word_1_690' title='bbox 511 5390 838 5483; x_wconf 56' lang='grc' dir='ltr'>δημιρυργός</span> <span class='ocrx_word' id='word_1_691' title='bbox 871 5397 1062 5483; x_wconf 48' lang='grc' dir='ltr'><strong>ἔξει-τεν·1</strong></span> <span class='ocrx_word' id='word_1_692' title='bbox 1092 5390 1396 5483; x_wconf 50' lang='grc' dir='ltr'>ἐνιγάρπξ)</span> <span class='ocrx_word' id='word_1_693' title='bbox 1430 5402 1516 5482; x_wconf 73' lang='grc' dir='ltr'>κγ’</span> <span class='ocrx_word' id='word_1_694' title='bbox 1561 5390 1759 5483; x_wconf 48' lang='lat' dir='ltr'><strong>uitat).in</strong></span> <span class='ocrx_word' id='word_1_695' title='bbox 1796 5390 1894 5483; x_wconf 47' lang='grc' dir='ltr'>είέᾳ</span> 
     </span>
    </p>
   </div>
   <div class='ocr_carea' id='block_1_92' title="bbox 322 5449 1893 5604">
    <p class='ocr_par' dir='ltr' id='par_1_92' title="bbox 322 5449 1893 5604">
     <span class='ocr_line' id='line_1_93' title="bbox 322 5449 1893 5546; baseline 0.001 -32"><span class='ocrx_word' id='word_1_696' title='bbox 322 5449 594 5544; x_wconf 58' lang='grc' dir='ltr'>γραπταιῗ</span> <span class='ocrx_word' id='word_1_697' title='bbox 625 5449 845 5519; x_wconf 61' lang='grc' dir='ltr'>ϐοὶνΙέιῖ.</span> <span class='ocrx_word' id='word_1_698' title='bbox 883 5473 936 5518; x_wconf 90' lang='lat' dir='ltr'><strong>et</strong></span> <span class='ocrx_word' id='word_1_699' title='bbox 973 5463 1118 5518; x_wconf 86' lang='lat' dir='ltr'><strong>Felc.</strong></span> <span class='ocrx_word' id='word_1_700' title='bbox 1156 5449 1214 5530; x_wconf 55' lang='lat'><strong>1&#39;,</strong></span> <span class='ocrx_word' id='word_1_701' title='bbox 1258 5449 1420 5529; x_wconf 70' lang='grc' dir='ltr'>αὐτός</span> <span class='ocrx_word' id='word_1_702' title='bbox 1449 5449 1524 5530; x_wconf 74' lang='grc' dir='ltr'><strong>ὧς</strong></span> <span class='ocrx_word' id='word_1_703' title='bbox 1565 5449 1893 5546; x_wconf 62' lang='grc' dir='ltr'>δημὶοῦργὸς</span> 
     </span>
     <span class='ocr_line' id='line_1_94' title="bbox 323 5531 1893 5604; baseline 0.004 -22"><span class='ocrx_word' id='word_1_704' title='bbox 323 5531 527 5604; x_wconf 64' lang='grc' dir='ltr'>Κυριός</span> <span class='ocrx_word' id='word_1_705' title='bbox 548 5534 690 5604; x_wconf 68' lang='grc' dir='ltr'><strong>Δἐστι.</strong></span> <span class='ocrx_word' id='word_1_706' title='bbox 719 5535 830 5587; x_wconf 76' lang='grc' dir='ltr'>Καὶ</span> <span class='ocrx_word' id='word_1_707' title='bbox 854 5533 1145 5604; x_wconf 32' lang='grc' dir='ltr'>γὰρ-Δαῦίὸ</span> <span class='ocrx_word' id='word_1_708' title='bbox 1173 5551 1358 5604; x_wconf 80' lang='grc' dir='ltr'>φησιν.</span> <span class='ocrx_word' id='word_1_709' title='bbox 1393 5537 1500 5590; x_wconf 90' lang='lat' dir='ltr'><strong>Alii</strong></span> <span class='ocrx_word' id='word_1_710' title='bbox 1540 5546 1594 5589; x_wconf 88' lang='lat' dir='ltr'><strong>et</strong></span> <span class='ocrx_word' id='word_1_711' title='bbox 1625 5537 1774 5599; x_wconf 83' lang='lat' dir='ltr'><strong>editi,</strong></span> <span class='ocrx_word' id='word_1_712' title='bbox 1799 5537 1893 5588; x_wconf 76' lang='grc' dir='ltr'>αὺ-</span> 
     </span>
    </p>
   </div>
   <div class='ocr_carea' id='block_1_93' title="bbox 322 5600 1894 5678">
    <p class='ocr_par' dir='ltr' id='par_1_93' title="bbox 322 5600 1894 5678">
     <span class='ocr_line' id='line_1_95' title="bbox 322 5600 1894 5678; baseline 0.004 -25"><span class='ocrx_word' id='word_1_713' title='bbox 322 5600 422 5663; x_wconf 70' lang='grc' dir='ltr'><strong>τδς</strong></span> <span class='ocrx_word' id='word_1_714' title='bbox 440 5600 514 5664; x_wconf 86' lang='grc' dir='ltr'>ὡς</span> <span class='ocrx_word' id='word_1_715' title='bbox 542 5600 872 5675; x_wconf 79' lang='grc' dir='ltr'>δημιουργὸς</span> <span class='ocrx_word' id='word_1_716' title='bbox 892 5600 1091 5675; x_wconf 80' lang='grc' dir='ltr'>Κύριός</span> <span class='ocrx_word' id='word_1_717' title='bbox 1117 5600 1278 5658; x_wconf 79' lang='grc' dir='ltr'>ἐστιν’</span> <span class='ocrx_word' id='word_1_718' title='bbox 1303 5607 1358 5658; x_wconf 83' lang='grc' dir='ltr'><strong>ὲν</strong></span> <span class='ocrx_word' id='word_1_719' title='bbox 1388 5605 1496 5678; x_wconf 80' lang='grc' dir='ltr'>γὰρ</span> <span class='ocrx_word' id='word_1_720' title='bbox 1528 5605 1777 5678; x_wconf 77' lang='grc' dir='ltr'>Ψαλμοῖς</span> <span class='ocrx_word' id='word_1_721' title='bbox 1805 5607 1894 5674; x_wconf 84' lang='grc' dir='ltr'>γέ-</span> 
     </span>
    </p>
   </div>
   <div class='ocr_carea' id='block_1_94' title="bbox 323 5687 584 5742">
    <p class='ocr_par' dir='ltr' id='par_1_94' title="bbox 323 5687 584 5742">
     <span class='ocr_line' id='line_1_96' title="bbox 323 5687 584 5742; baseline 0 -18"><span class='ocrx_word' id='word_1_722' title='bbox 323 5687 584 5742; x_wconf 69' lang='grc' dir='ltr'><strong>⁴γραπται.</strong></span> 
     </span>
    </p>
   </div>
   <div class='ocr_carea' id='block_1_95' title="bbox 1983 3122 3561 3194">
    <p class='ocr_par' dir='ltr' id='par_1_95' title="bbox 1983 3122 3561 3194">
     <span class='ocr_line' id='line_1_97' title="bbox 1983 3122 3561 3194; baseline 0.001 -19"><span class='ocrx_word' id='word_1_723' title='bbox 1983 3123 2042 3176; x_wconf 76' lang='grc' dir='ltr'><strong>οὐ</strong></span> <span class='ocrx_word' id='word_1_724' title='bbox 2072 3123 2324 3175; x_wconf 83' lang='grc' dir='ltr'>τοσοῦτον</span> <span class='ocrx_word' id='word_1_725' title='bbox 2365 3125 2428 3175; x_wconf 85' lang='grc' dir='ltr'>ὲκ</span> <span class='ocrx_word' id='word_1_726' title='bbox 2463 3122 2555 3175; x_wconf 87' lang='grc' dir='ltr'><strong>τοῦ</strong></span> <span class='ocrx_word' id='word_1_727' title='bbox 2607 3123 2776 3176; x_wconf 81' lang='grc' dir='ltr'>ἀϊδίου</span> <span class='ocrx_word' id='word_1_728' title='bbox 2809 3122 3130 3193; x_wconf 78' lang='grc' dir='ltr'>γνωρίζεται</span> <span class='ocrx_word' id='word_1_729' title='bbox 3170 3123 3371 3194; x_wconf 82' lang='grc' dir='ltr'>Κύριος</span> <span class='ocrx_word' id='word_1_730' title='bbox 3406 3123 3561 3194; x_wconf 71' lang='grc'>(74),</span> 
     </span>
    </p>
   </div>
   <div class='ocr_carea' id='block_1_96' title="bbox 1981 3213 3579 3290">
    <p class='ocr_par' dir='ltr' id='par_1_96' title="bbox 1981 3213 3579 3290">
     <span class='ocr_line' id='line_1_98' title="bbox 1981 3213 3579 3290; baseline 0.001 -22"><span class='ocrx_word' id='word_1_731' title='bbox 1981 3217 2208 3269; x_wconf 82' lang='grc' dir='ltr'>ὅσονὸτι</span> <span class='ocrx_word' id='word_1_732' title='bbox 2229 3215 2355 3279; x_wconf 86' lang='grc' dir='ltr'>Υἱός</span> <span class='ocrx_word' id='word_1_733' title='bbox 2388 3217 2503 3268; x_wconf 72' lang='grc' dir='ltr'>ἐστι</span> <span class='ocrx_word' id='word_1_734' title='bbox 2533 3213 2626 3268; x_wconf 88' lang='grc' dir='ltr'><strong>τοῦ</strong></span> <span class='ocrx_word' id='word_1_735' title='bbox 2650 3214 2782 3268; x_wconf 86' lang='grc' dir='ltr'>Θεοῦ</span> <span class='ocrx_word' id='word_1_736' title='bbox 2805 3233 2818 3246; x_wconf 94' lang='grc'><strong>·</strong></span> <span class='ocrx_word' id='word_1_737' title='bbox 2847 3216 2975 3278; x_wconf 74' lang='grc' dir='ltr'>Υἱὸς</span> <span class='ocrx_word' id='word_1_738' title='bbox 3004 3217 3114 3290; x_wconf 83' lang='grc' dir='ltr'>γὰρ</span> <span class='ocrx_word' id='word_1_739' title='bbox 3141 3215 3237 3279; x_wconf 82' lang='grc' dir='ltr'>ὢν,</span> <span class='ocrx_word' id='word_1_740' title='bbox 3255 3215 3579 3287; x_wconf 67' lang='grc' dir='ltr'>ἀχώριστός</span> 
     </span>
    </p>
   </div>
   <div class='ocr_carea' id='block_1_97' title="bbox 1982 3301 3562 3378">
    <p class='ocr_par' dir='ltr' id='par_1_97' title="bbox 1982 3301 3562 3378">
     <span class='ocr_line' id='line_1_99' title="bbox 1982 3301 3562 3378; baseline 0.002 -20"><span class='ocrx_word' id='word_1_741' title='bbox 1982 3307 2098 3358; x_wconf 80' lang='grc' dir='ltr'>ἐστι</span> <span class='ocrx_word' id='word_1_742' title='bbox 2131 3308 2224 3358; x_wconf 87' lang='grc' dir='ltr'><strong>τοῦ</strong></span> <span class='ocrx_word' id='word_1_743' title='bbox 2255 3306 2487 3376; x_wconf 82' lang='grc' dir='ltr'>Πατρδς,</span> <span class='ocrx_word' id='word_1_744' title='bbox 2515 3305 2610 3360; x_wconf 72' lang='grc' dir='ltr'>καὶ</span> <span class='ocrx_word' id='word_1_745' title='bbox 2635 3307 2735 3359; x_wconf 79' lang='grc' dir='ltr'><strong>οὐκ</strong></span> <span class='ocrx_word' id='word_1_746' title='bbox 2760 3301 2826 3378; x_wconf 82' lang='grc' dir='ltr'>ἧν</span> <span class='ocrx_word' id='word_1_747' title='bbox 2847 3306 2936 3358; x_wconf 81' lang='grc' dir='ltr'><strong>ὅτε</strong></span> <span class='ocrx_word' id='word_1_748' title='bbox 2963 3307 3063 3360; x_wconf 79' lang='grc' dir='ltr'><strong>οὐκ</strong></span> <span class='ocrx_word' id='word_1_749' title='bbox 3091 3303 3181 3378; x_wconf 82' lang='grc' dir='ltr'>ἦν,</span> <span class='ocrx_word' id='word_1_750' title='bbox 3215 3307 3328 3370; x_wconf 79' lang='grc' dir='ltr'><strong>ἀλλῖ</strong></span> <span class='ocrx_word' id='word_1_751' title='bbox 3351 3309 3438 3360; x_wconf 74' lang='grc' dir='ltr'>ἀεὶ</span> <span class='ocrx_word' id='word_1_752' title='bbox 3463 3303 3562 3378; x_wconf 78' lang='grc' dir='ltr'><strong>ἦν’</strong></span> 
     </span>
    </p>
   </div>
   <div class='ocr_carea' id='block_1_98' title="bbox 1983 3395 3566 3469">
    <p class='ocr_par' dir='ltr' id='par_1_98' title="bbox 1983 3395 3566 3469">
     <span class='ocr_line' id='line_1_100' title="bbox 1983 3395 3566 3469; baseline 0.002 -20"><span class='ocrx_word' id='word_1_753' title='bbox 1983 3396 2076 3449; x_wconf 76' lang='grc' dir='ltr'><strong>καὶ</strong></span> <span class='ocrx_word' id='word_1_754' title='bbox 2107 3395 2268 3448; x_wconf 79' lang='grc' dir='ltr'>εἰκὼν</span> <span class='ocrx_word' id='word_1_755' title='bbox 2294 3397 2388 3449; x_wconf 75' lang='grc' dir='ltr'><strong>καὶ</strong></span> <span class='ocrx_word' id='word_1_756' title='bbox 2427 3395 2768 3468; x_wconf 82' lang='grc' dir='ltr'>ἀπαύγασμα</span> <span class='ocrx_word' id='word_1_757' title='bbox 2806 3396 2880 3450; x_wconf 84' lang='grc' dir='ltr'><strong>ὢν</strong></span> <span class='ocrx_word' id='word_1_758' title='bbox 2905 3396 2997 3450; x_wconf 90' lang='grc' dir='ltr'><strong>τοῦ</strong></span> <span class='ocrx_word' id='word_1_759' title='bbox 3031 3398 3244 3469; x_wconf 85' lang='grc' dir='ltr'>Πατρδς</span> <span class='ocrx_word' id='word_1_760' title='bbox 3268 3439 3283 3462; x_wconf 90' lang='grc'><strong>,</strong></span> <span class='ocrx_word' id='word_1_761' title='bbox 3319 3398 3430 3468; x_wconf 76' lang='grc' dir='ltr'>ἔχει</span> <span class='ocrx_word' id='word_1_762' title='bbox 3463 3401 3566 3454; x_wconf 73' lang='grc' dir='ltr'>καὶ</span> 
     </span>
    </p>
   </div>
   <div class='ocr_carea' id='block_1_99' title="bbox 1981 3485 3589 3561">
    <p class='ocr_par' dir='ltr' id='par_1_99' title="bbox 1981 3485 3589 3561">
     <span class='ocr_line' id='line_1_101' title="bbox 1981 3485 3589 3561; baseline 0.002 -23"><span class='ocrx_word' id='word_1_763' title='bbox 1981 3486 2079 3557; x_wconf 79' lang='grc' dir='ltr'><strong>τὴν</strong></span> <span class='ocrx_word' id='word_1_764' title='bbox 2109 3487 2389 3557; x_wconf 85' lang='grc' dir='ltr'>ἀῖδιότητα</span> <span class='ocrx_word' id='word_1_765' title='bbox 2409 3486 2501 3540; x_wconf 85' lang='grc' dir='ltr'><strong>τοῦ</strong></span> <span class='ocrx_word' id='word_1_766' title='bbox 2529 3488 2741 3557; x_wconf 91' lang='grc' dir='ltr'>Πατρός</span> <span class='ocrx_word' id='word_1_767' title='bbox 2768 3487 2902 3561; x_wconf 82' lang='grc'>(75).</span> <span class='ocrx_word' id='word_1_768' title='bbox 2931 3489 3118 3552; x_wconf 84' lang='grc' dir='ltr'>Ὅπως</span> <span class='ocrx_word' id='word_1_769' title='bbox 3151 3489 3248 3559; x_wconf 84' lang='grc' dir='ltr'><strong>μὲν</strong></span> <span class='ocrx_word' id='word_1_770' title='bbox 3277 3485 3369 3543; x_wconf 79' lang='grc' dir='ltr'><strong>οὖν</strong></span> <span class='ocrx_word' id='word_1_771' title='bbox 3394 3489 3589 3558; x_wconf 56' lang='lat' dir='ltr'><strong>ﬁlii?-</strong></span> 
     </span>
    </p>
   </div>
   <div class='ocr_carea' id='block_1_100' title="bbox 1983 3580 3587 3654">
    <p class='ocr_par' dir='ltr' id='par_1_100' title="bbox 1983 3580 3587 3654">
     <span class='ocr_line' id='line_1_102' title="bbox 1983 3580 3587 3654; baseline 0.002 -22"><span class='ocrx_word' id='word_1_772' title='bbox 1983 3580 2082 3650; x_wconf 88' lang='grc' dir='ltr'><strong>χθη</strong></span> <span class='ocrx_word' id='word_1_773' title='bbox 2093 3597 2187 3634; x_wconf 85' lang='grc' dir='ltr'><strong>σαν</strong></span> <span class='ocrx_word' id='word_1_774' title='bbox 2214 3580 2402 3644; x_wconf 80' lang='grc' dir='ltr'>κακῶς</span> <span class='ocrx_word' id='word_1_775' title='bbox 2427 3581 2671 3645; x_wconf 91' lang='grc' dir='ltr'>νοοῦντες</span> <span class='ocrx_word' id='word_1_776' title='bbox 2698 3581 2743 3636; x_wconf 59' lang='grc' dir='ltr'>ἀν</span> <span class='ocrx_word' id='word_1_777' title='bbox 2765 3581 3191 3653; x_wconf 82' lang='grc' dir='ltr'>προεφασίζοντο</span> <span class='ocrx_word' id='word_1_778' title='bbox 3223 3581 3380 3654; x_wconf 74' lang='grc' dir='ltr'>ρητά,</span> <span class='ocrx_word' id='word_1_779' title='bbox 3405 3581 3587 3635; x_wconf 66' lang='grc' dir='ltr'>δυναο.</span> 
     </span>
    </p>
   </div>
   <div class='ocr_carea' id='block_1_101' title="bbox 1982 3673 3562 3746">
    <p class='ocr_par' dir='ltr' id='par_1_101' title="bbox 1982 3673 3562 3746">
     <span class='ocr_line' id='line_1_103' title="bbox 1982 3673 3562 3746; baseline 0.001 -20"><span class='ocrx_word' id='word_1_780' title='bbox 1982 3675 2072 3727; x_wconf 85' lang='grc' dir='ltr'><strong>τόν</strong></span> <span class='ocrx_word' id='word_1_781' title='bbox 2100 3691 2216 3736; x_wconf 84' lang='grc' dir='ltr'><strong>πως</strong></span> <span class='ocrx_word' id='word_1_782' title='bbox 2237 3674 2300 3726; x_wconf 81' lang='grc' dir='ltr'>ἐκ</span> <span class='ocrx_word' id='word_1_783' title='bbox 2319 3673 2426 3726; x_wconf 83' lang='grc' dir='ltr'><strong>τῶν</strong></span> <span class='ocrx_word' id='word_1_784' title='bbox 2457 3673 2768 3744; x_wconf 80' lang='grc' dir='ltr'>ἔμπροσθεν</span> <span class='ocrx_word' id='word_1_785' title='bbox 2791 3675 2860 3728; x_wconf 85' lang='grc' dir='ltr'>δι’</span> <span class='ocrx_word' id='word_1_786' title='bbox 2888 3675 3082 3743; x_wconf 81' lang='grc' dir='ltr'>ὀλίγων</span> <span class='ocrx_word' id='word_1_787' title='bbox 3116 3673 3417 3746; x_wconf 81' lang='grc' dir='ltr'>εἰρημένων</span> <span class='ocrx_word' id='word_1_788' title='bbox 3450 3691 3562 3727; x_wconf 80' lang='grc' dir='ltr'>κα-</span> 
     </span>
    </p>
   </div>
   <div class='ocr_carea' id='block_1_102' title="bbox 1983 3757 3584 3834">
    <p class='ocr_par' dir='ltr' id='par_1_102' title="bbox 1983 3757 3584 3834">
     <span class='ocr_line' id='line_1_104' title="bbox 1983 3757 3584 3834; baseline -0.001 -19"><span class='ocrx_word' id='word_1_789' title='bbox 1983 3761 2243 3832; x_wconf 83' lang='grc' dir='ltr'>ταμαθεῖν</span> <span class='ocrx_word' id='word_1_790' title='bbox 2262 3777 2277 3792; x_wconf 72' lang='grc'><strong>⁸</strong></span> <span class='ocrx_word' id='word_1_791' title='bbox 2304 3762 2386 3813; x_wconf 84' lang='grc' dir='ltr'><strong>ὅτι</strong></span> <span class='ocrx_word' id='word_1_792' title='bbox 2413 3761 2468 3814; x_wconf 85' lang='grc' dir='ltr'>δὲ</span> <span class='ocrx_word' id='word_1_793' title='bbox 2493 3763 2586 3814; x_wconf 69' lang='grc' dir='ltr'><strong>καὶ</strong></span> <span class='ocrx_word' id='word_1_794' title='bbox 2613 3765 2671 3815; x_wconf 83' lang='grc' dir='ltr'><strong>ὲν</strong></span> <span class='ocrx_word' id='word_1_795' title='bbox 2697 3757 2778 3826; x_wconf 73' lang='grc' dir='ltr'>οἷς</span> <span class='ocrx_word' id='word_1_796' title='bbox 2815 3763 2977 3817; x_wconf 81' lang='grc' dir='ltr'>πάλιν</span> <span class='ocrx_word' id='word_1_797' title='bbox 3004 3763 3424 3834; x_wconf 83' lang='grc' dir='ltr'>προφασίζονται</span> <span class='ocrx_word' id='word_1_798' title='bbox 3458 3763 3584 3816; x_wconf 87' lang='grc' dir='ltr'>νῦν.</span> 
     </span>
    </p>
   </div>
   <div class='ocr_carea' id='block_1_103' title="bbox 1988 3850 3566 3924">
    <p class='ocr_par' dir='ltr' id='par_1_103' title="bbox 1988 3850 3566 3924">
     <span class='ocr_line' id='line_1_105' title="bbox 1988 3850 3566 3924; baseline 0 -20"><span class='ocrx_word' id='word_1_799' title='bbox 1988 3854 2051 3904; x_wconf 82' lang='grc' dir='ltr'><strong>ὲκ</strong></span> <span class='ocrx_word' id='word_1_800' title='bbox 2080 3850 2189 3903; x_wconf 84' lang='grc' dir='ltr'><strong>τῶν</strong></span> <span class='ocrx_word' id='word_1_801' title='bbox 2220 3851 2564 3919; x_wconf 82' lang='grc' dir='ltr'>Εὐαγγελίων</span> <span class='ocrx_word' id='word_1_802' title='bbox 2600 3851 2711 3922; x_wconf 89' lang='grc'>(76)</span> <span class='ocrx_word' id='word_1_803' title='bbox 2737 3891 2751 3915; x_wconf 91' lang='grc'><strong>,</strong></span> <span class='ocrx_word' id='word_1_804' title='bbox 2788 3851 3141 3923; x_wconf 86' lang='grc' dir='ltr'>γνωρίζονται</span> <span class='ocrx_word' id='word_1_805' title='bbox 3174 3850 3376 3924; x_wconf 84' lang='grc' dir='ltr'>σαθρὰν</span> <span class='ocrx_word' id='word_1_806' title='bbox 3405 3851 3566 3921; x_wconf 74' lang='grc' dir='ltr'>ἔχον-</span> 
     </span>
    </p>
   </div>
   <div class='ocr_carea' id='block_1_104' title="bbox 1989 3942 3582 4015">
    <p class='ocr_par' dir='ltr' id='par_1_104' title="bbox 1989 3942 3582 4015">
     <span class='ocr_line' id='line_1_106' title="bbox 1989 3942 3582 4015; baseline 0 -19"><span class='ocrx_word' id='word_1_807' title='bbox 1989 3961 2079 4007; x_wconf 89' lang='grc' dir='ltr'><strong>τες</strong></span> <span class='ocrx_word' id='word_1_808' title='bbox 2107 3943 2206 4013; x_wconf 86' lang='grc' dir='ltr'>τὴν</span> <span class='ocrx_word' id='word_1_809' title='bbox 2249 3942 2508 4006; x_wconf 84' lang='grc' dir='ltr'>διάνοιαν,</span> <span class='ocrx_word' id='word_1_810' title='bbox 2557 3943 2735 4014; x_wconf 77' lang='grc' dir='ltr'>ῥᾴδιόν</span> <span class='ocrx_word' id='word_1_811' title='bbox 2777 3946 2893 3996; x_wconf 77' lang='grc' dir='ltr'>ἐστι</span> <span class='ocrx_word' id='word_1_812' title='bbox 2924 3944 3170 4008; x_wconf 88' lang='grc' dir='ltr'>συνιδεῖν,</span> <span class='ocrx_word' id='word_1_813' title='bbox 3199 3944 3294 3997; x_wconf 86' lang='grc' dir='ltr'><strong>ὲάν</strong></span> <span class='ocrx_word' id='word_1_814' title='bbox 3324 3943 3582 4015; x_wconf 63' lang='grc' dir='ltr'>μάλιστα»</span> 
     </span>
    </p>
   </div>
   <div class='ocr_carea' id='block_1_105' title="bbox 2060 4199 3584 4278">
    <p class='ocr_par' dir='ltr' id='par_1_105' title="bbox 2060 4199 3584 4278">
     <span class='ocr_line' id='line_1_107' title="bbox 2060 4199 3584 4278; baseline -0.002 -18"><span class='ocrx_word' id='word_1_815' title='bbox 2060 4208 2169 4278; x_wconf 76' lang='grc'>(75)</span> <span class='ocrx_word' id='word_1_816' title='bbox 2195 4207 2373 4278; x_wconf 83' lang='lat' dir='ltr'><strong>Reg.1</strong></span> <span class='ocrx_word' id='word_1_817' title='bbox 2416 4216 2469 4278; x_wconf 81' lang='lat' dir='ltr'><strong>et.</strong></span> <span class='ocrx_word' id='word_1_818' title='bbox 2497 4206 2848 4278; x_wconf 62' lang='lat' dir='ltr'><strong>Segueﬁaur,</strong></span> <span class='ocrx_word' id='word_1_819' title='bbox 2883 4205 3047 4278; x_wconf 77' lang='grc' dir='ltr'>Δῆλον</span> <span class='ocrx_word' id='word_1_820' title='bbox 3062 4203 3117 4278; x_wconf 73' lang='grc' dir='ltr'><strong>δέ</strong></span> <span class='ocrx_word' id='word_1_821' title='bbox 3147 4206 3312 4278; x_wconf 66' lang='grc' dir='ltr'>ἐστιν.</span> <span class='ocrx_word' id='word_1_822' title='bbox 3354 4199 3584 4278; x_wconf 86' lang='lat' dir='ltr'><strong>ln_aliis-</strong></span> 
     </span>
    </p>
   </div>
   <div class='ocr_carea' id='block_1_106' title="bbox 1986 4271 3578 4342">
    <p class='ocr_par' dir='ltr' id='par_1_106' title="bbox 1986 4271 3578 4342">
     <span class='ocr_line' id='line_1_108' title="bbox 1986 4271 3578 4342; baseline -0.003 -8"><span class='ocrx_word' id='word_1_823' title='bbox 1986 4289 2039 4334; x_wconf 90' lang='lat' dir='ltr'><strong>et</strong></span> <span class='ocrx_word' id='word_1_824' title='bbox 2061 4271 2220 4333; x_wconf 83' lang='lat' dir='ltr'><strong>editis</strong></span> <span class='ocrx_word' id='word_1_825' title='bbox 2263 4271 2413 4330; x_wconf 78' lang='lat' dir='ltr'><strong>deest</strong></span> <span class='ocrx_word' id='word_1_826' title='bbox 2451 4276 2529 4329; x_wconf 87' lang='grc' dir='ltr'>δέ.</span> <span class='ocrx_word' id='word_1_827' title='bbox 2564 4271 2730 4330; x_wconf 87' lang='lat' dir='ltr'><strong>Paulo</strong></span> <span class='ocrx_word' id='word_1_828' title='bbox 2760 4286 2880 4341; x_wconf 81' lang='lat' dir='ltr'><strong>post</strong></span> <span class='ocrx_word' id='word_1_829' title='bbox 2915 4271 3048 4342; x_wconf 64' lang='lat' dir='ltr'><strong>lieg.</strong></span> <span class='ocrx_word' id='word_1_830' title='bbox 3081 4274 3102 4326; x_wconf 89' lang='lat'><strong>1</strong></span> <span class='ocrx_word' id='word_1_831' title='bbox 3133 4282 3186 4326; x_wconf 92' lang='lat' dir='ltr'><strong>et</strong></span> <span class='ocrx_word' id='word_1_832' title='bbox 3214 4271 3578 4342; x_wconf 88' lang='lat' dir='ltr'><strong>Seguerian.,.</strong></span> 
     </span>
    </p>
   </div>
   <div class='ocr_carea' id='block_1_107' title="bbox 1987 4341 3567 4418">
    <p class='ocr_par' dir='ltr' id='par_1_107' title="bbox 1987 4341 3567 4418">
     <span class='ocr_line' id='line_1_109' title="bbox 1987 4341 3567 4418; baseline -0.006 -16"><span class='ocrx_word' id='word_1_833' title='bbox 1987 4350 2068 4412; x_wconf 88' lang='grc' dir='ltr'><strong>τίς</strong></span> <span class='ocrx_word' id='word_1_834' title='bbox 2095 4347 2248 4418; x_wconf 72' lang='grc' dir='ltr'>ἡμῶν</span> <span class='ocrx_word' id='word_1_835' title='bbox 2269 4346 2346 4418; x_wconf 72' lang='grc' dir='ltr'><strong>ἔτι</strong></span> <span class='ocrx_word' id='word_1_836' title='bbox 2381 4347 2583 4418; x_wconf 80' lang='grc' dir='ltr'>λοιπόν,</span> <span class='ocrx_word' id='word_1_837' title='bbox 2614 4354 2726 4418; x_wconf 70' lang='lat' dir='ltr'><strong>etc.</strong></span> <span class='ocrx_word' id='word_1_838' title='bbox 2752 4341 3065 4418; x_wconf 59' lang='lat' dir='ltr'><strong>_G_0bleriatt,</strong></span> <span class='ocrx_word' id='word_1_839' title='bbox 3105 4341 3348 4418; x_wconf 71' lang='lat' dir='ltr'><strong>el_Felc.</strong></span> <span class='ocrx_word' id='word_1_840' title='bbox 3384 4344 3444 4418; x_wconf 82' lang='lat'><strong>_1,</strong></span> <span class='ocrx_word' id='word_1_841' title='bbox 3473 4343 3567 4418; x_wconf 73' lang='grc' dir='ltr'><strong>τίς</strong></span> 
     </span>
    </p>
   </div>
   <div class='ocr_carea' id='block_1_108' title="bbox 1989 4411 3579 4488">
    <p class='ocr_par' dir='ltr' id='par_1_108' title="bbox 1989 4411 3579 4488">
     <span class='ocr_line' id='line_1_110' title="bbox 1989 4411 3579 4488; baseline -0.004 -17"><span class='ocrx_word' id='word_1_842' title='bbox 1989 4411 2146 4488; x_wconf 66' lang='grc' dir='ltr'>ὑμῶν</span> <span class='ocrx_word' id='word_1_843' title='bbox 2185 4417 2263 4488; x_wconf 78' lang='grc' dir='ltr'><strong>έτι</strong></span> <span class='ocrx_word' id='word_1_844' title='bbox 2301 4417 2660 4488; x_wconf 28' lang='grc' dir='ltr'>λοιπόνμοιο.</span> <span class='ocrx_word' id='word_1_845' title='bbox 2701 4415 2807 4468; x_wconf 82' lang='lat' dir='ltr'><strong>Alii</strong></span> <span class='ocrx_word' id='word_1_846' title='bbox 2840 4424 2893 4469; x_wconf 87' lang='lat' dir='ltr'><strong>et</strong></span> <span class='ocrx_word' id='word_1_847' title='bbox 2941 4415 3105 4467; x_wconf 87' lang='lat' dir='ltr'><strong>editio</strong></span> <span class='ocrx_word' id='word_1_848' title='bbox 3159 4411 3445 4476; x_wconf 89' lang='lat' dir='ltr'><strong>Commel.,</strong></span> <span class='ocrx_word' id='word_1_849' title='bbox 3475 4413 3579 4479; x_wconf 59' lang='lat' dir='ltr'><strong>ei;</strong></span> 
     </span>
    </p>
   </div>
   <div class='ocr_carea' id='block_1_109' title="bbox 1991 4485 2672 4559">
    <p class='ocr_par' dir='ltr' id='par_1_109' title="bbox 1991 4485 2672 4559">
     <span class='ocr_line' id='line_1_111' title="bbox 1991 4485 2672 4559; baseline 0 -19"><span class='ocrx_word' id='word_1_850' title='bbox 1991 4485 2144 4559; x_wconf 80' lang='grc' dir='ltr'>ὑμῶν</span> <span class='ocrx_word' id='word_1_851' title='bbox 2177 4487 2258 4559; x_wconf 64' lang='grc' dir='ltr'>ἔτι</span> <span class='ocrx_word' id='word_1_852' title='bbox 2292 4485 2672 4559; x_wconf 47' lang='grc' dir='ltr'>ἀμςςιίῑάλλεξν.</span> 
     </span>
    </p>
   </div>
   <div class='ocr_carea' id='block_1_110' title="bbox 2039 4549 3567 4627">
    <p class='ocr_par' dir='ltr' id='par_1_110' title="bbox 2039 4549 3567 4627">
     <span class='ocr_line' id='line_1_112' title="bbox 2039 4549 3567 4627; baseline -0.003 -18"><span class='ocrx_word' id='word_1_853' title='bbox 2039 4550 2172 4627; x_wconf 54' lang='grc'>«74)</span> <span class='ocrx_word' id='word_1_854' title='bbox 2207 4555 2297 4610; x_wconf 89' lang='lat' dir='ltr'><strong>Sic</strong></span> <span class='ocrx_word' id='word_1_855' title='bbox 2325 4549 2456 4625; x_wconf 78' lang='lat' dir='ltr'><strong>Reg.</strong></span> <span class='ocrx_word' id='word_1_856' title='bbox 2488 4557 2536 4616; x_wconf 86' lang='grc'><strong>1,</strong></span> <span class='ocrx_word' id='word_1_857' title='bbox 2582 4556 2807 4627; x_wconf 72' lang='lat' dir='ltr'><strong>Seguer.</strong></span> <span class='ocrx_word' id='word_1_858' title='bbox 2848 4551 3078 4627; x_wconf 56' lang='grc' dir='ltr'><strong>Δ(ξοιιίθικ</strong></span> <span class='ocrx_word' id='word_1_859' title='bbox 3134 4561 3188 4627; x_wconf 83' lang='lat' dir='ltr'><strong>e_t</strong></span> <span class='ocrx_word' id='word_1_860' title='bbox 3231 4551 3375 4627; x_wconf 56' lang='lat' dir='ltr'><strong>Eelc.</strong></span> <span class='ocrx_word' id='word_1_861' title='bbox 3408 4549 3460 4602; x_wconf 88' lang='lat'><strong>1.</strong></span> <span class='ocrx_word' id='word_1_862' title='bbox 3491 4552 3567 4605; x_wconf 80' lang='lat' dir='ltr'><strong>At</strong></span> 
     </span>
    </p>
   </div>
   <div class='ocr_carea' id='block_1_111' title="bbox 1989 4621 3566 4691">
    <p class='ocr_par' dir='ltr' id='par_1_111' title="bbox 1989 4621 3566 4691">
     <span class='ocr_line' id='line_1_113' title="bbox 1989 4621 3566 4691; baseline -0.005 -9"><span class='ocrx_word' id='word_1_863' title='bbox 1989 4621 2079 4682; x_wconf 82' lang='lat' dir='ltr'><strong>alii</strong></span> <span class='ocrx_word' id='word_1_864' title='bbox 2107 4637 2159 4681; x_wconf 90' lang='lat' dir='ltr'><strong>et</strong></span> <span class='ocrx_word' id='word_1_865' title='bbox 2183 4627 2333 4691; x_wconf 89' lang='lat' dir='ltr'><strong>editi,</strong></span> <span class='ocrx_word' id='word_1_866' title='bbox 2367 4621 2431 4679; x_wconf 70' lang='grc' dir='ltr'>οὗ</span> <span class='ocrx_word' id='word_1_867' title='bbox 2477 4621 2727 4678; x_wconf 72' lang='grc' dir='ltr'>τοσοῦτον</span> <span class='ocrx_word' id='word_1_868' title='bbox 2771 4621 2953 4684; x_wconf 81' lang='grc' dir='ltr'>ἁπλῶς</span> <span class='ocrx_word' id='word_1_869' title='bbox 2984 4624 3047 4675; x_wconf 80' lang='grc' dir='ltr'>ὲκ</span> <span class='ocrx_word' id='word_1_870' title='bbox 3082 4621 3176 4674; x_wconf 85' lang='grc' dir='ltr'><strong>τοῦ</strong></span> <span class='ocrx_word' id='word_1_871' title='bbox 3221 4621 3389 4674; x_wconf 84' lang='grc' dir='ltr'>ἀϊδίου</span> <span class='ocrx_word' id='word_1_872' title='bbox 3419 4637 3566 4691; x_wconf 78' lang='grc' dir='ltr'>γνω-</span> 
     </span>
    </p>
   </div>
   <div class='ocr_carea' id='block_1_112' title="bbox 1991 4690 3560 4768">
    <p class='ocr_par' dir='ltr' id='par_1_112' title="bbox 1991 4690 3560 4768">
     <span class='ocr_line' id='line_1_114' title="bbox 1991 4690 3560 4768; baseline -0.004 -18"><span class='ocrx_word' id='word_1_873' title='bbox 1991 4699 2198 4768; x_wconf 59' lang='grc' dir='ltr'>ρίζεται</span> <span class='ocrx_word' id='word_1_874' title='bbox 2222 4699 2250 4749; x_wconf 88' lang='grc' dir='ltr'><strong>ό</strong></span> <span class='ocrx_word' id='word_1_875' title='bbox 2276 4690 2498 4768; x_wconf 75' lang='grc' dir='ltr'>Κύριος.</span> <span class='ocrx_word' id='word_1_876' title='bbox 2529 4696 2736 4768; x_wconf 76' lang='lat' dir='ltr'><strong>Anglic.</strong></span> <span class='ocrx_word' id='word_1_877' title='bbox 2777 4692 3011 4768; x_wconf 73' lang='lat' dir='ltr'><strong>iltid.,_éx</strong></span> <span class='ocrx_word' id='word_1_878' title='bbox 3042 4692 3150 4768; x_wconf 61' lang='grc' dir='ltr'><strong>τῶν</strong></span> <span class='ocrx_word' id='word_1_879' title='bbox 3186 4691 3388 4768; x_wconf 74' lang='grc' dir='ltr'>ἀϊδίων.</span> <span class='ocrx_word' id='word_1_880' title='bbox 3423 4690 3560 4768; x_wconf 67' lang='lat' dir='ltr'><strong>ltetn</strong></span> 
     </span>
    </p>
   </div>
   <div class='ocr_carea' id='block_1_113' title="bbox 1992 4761 3560 4836">
    <p class='ocr_par' dir='ltr' id='par_1_113' title="bbox 1992 4761 3560 4836">
     <span class='ocr_line' id='line_1_115' title="bbox 1992 4761 3560 4836; baseline -0.006 -14"><span class='ocrx_word' id='word_1_881' title='bbox 1992 4761 2122 4822; x_wconf 83' lang='lat' dir='ltr'><strong>ibid.</strong></span> <span class='ocrx_word' id='word_1_882' title='bbox 2158 4766 2288 4835; x_wconf 78' lang='lat' dir='ltr'><strong>Reg.</strong></span> <span class='ocrx_word' id='word_1_883' title='bbox 2328 4761 2382 4820; x_wconf 78' lang='lat' dir='ltr'><strong>ei</strong></span> <span class='ocrx_word' id='word_1_884' title='bbox 2409 4761 2656 4836; x_wconf 46' lang='lat' dir='ltr'><strong>Segueri,</strong></span> <span class='ocrx_word' id='word_1_885' title='bbox 2677 4766 2760 4817; x_wconf 81' lang='grc' dir='ltr'><strong>ὅτι</strong></span> <span class='ocrx_word' id='word_1_886' title='bbox 2799 4761 2913 4826; x_wconf 83' lang='grc' dir='ltr'>υἱός</span> <span class='ocrx_word' id='word_1_887' title='bbox 2942 4763 3080 4819; x_wconf 79' lang='grc' dir='ltr'>ἐστι.</span> <span class='ocrx_word' id='word_1_888' title='bbox 3108 4761 3302 4816; x_wconf 68' lang='grc' dir='ltr'><strong>Οεειθιὶ</strong></span> <span class='ocrx_word' id='word_1_889' title='bbox 3325 4769 3381 4816; x_wconf 83' lang='lat' dir='ltr'><strong>et</strong></span> <span class='ocrx_word' id='word_1_890' title='bbox 3401 4761 3560 4827; x_wconf 80' lang='lat' dir='ltr'><strong>editi,</strong></span> 
     </span>
    </p>
   </div>
   <div class='ocr_carea' id='block_1_114' title="bbox 1989 4837 2444 4898">
    <p class='ocr_par' dir='ltr' id='par_1_114' title="bbox 1989 4837 2444 4898">
     <span class='ocr_line' id='line_1_116' title="bbox 1989 4837 2444 4898; baseline -0.007 -7"><span class='ocrx_word' id='word_1_891' title='bbox 1989 4839 2070 4891; x_wconf 83' lang='grc' dir='ltr'><strong>ὅτι</strong></span> <span class='ocrx_word' id='word_1_892' title='bbox 2097 4838 2124 4888; x_wconf 89' lang='grc' dir='ltr'><strong>ό</strong></span> <span class='ocrx_word' id='word_1_893' title='bbox 2157 4837 2284 4898; x_wconf 83' lang='grc' dir='ltr'>Υἱός</span> <span class='ocrx_word' id='word_1_894' title='bbox 2311 4838 2444 4889; x_wconf 74' lang='grc' dir='ltr'>ἐστι.</span> 
     </span>
    </p>
   </div>
   <div class='ocr_carea' id='block_1_115' title="bbox 2061 4900 3562 4977">
    <p class='ocr_par' dir='ltr' id='par_1_115' title="bbox 2061 4900 3562 4977">
     <span class='ocr_line' id='line_1_117' title="bbox 2061 4900 3562 4977; baseline -0.003 -19"><span class='ocrx_word' id='word_1_895' title='bbox 2061 4907 2177 4977; x_wconf 79' lang='grc'>(75)</span> <span class='ocrx_word' id='word_1_896' title='bbox 2214 4906 2336 4960; x_wconf 65' lang='lat' dir='ltr'><strong>llaec</strong></span> <span class='ocrx_word' id='word_1_897' title='bbox 2367 4904 2694 4977; x_wconf 40' lang='grc' dir='ltr'>νενίηιηὲχει</span> <span class='ocrx_word' id='word_1_898' title='bbox 2718 4904 2811 4958; x_wconf 69' lang='grc' dir='ltr'><strong>καὶ</strong></span> <span class='ocrx_word' id='word_1_899' title='bbox 2842 4901 3254 4977; x_wconf 36' lang='grc' dir='ltr'>τῂν--ἀῖδιότητα</span> <span class='ocrx_word' id='word_1_900' title='bbox 3293 4900 3412 4977; x_wconf 40' lang='grc' dir='ltr'>τοῦ·</span> <span class='ocrx_word' id='word_1_901' title='bbox 3443 4903 3562 4977; x_wconf 70' lang='grc' dir='ltr'><strong>Πα-</strong></span> 
     </span>
    </p>
   </div>
   <div class='ocr_carea' id='block_1_116' title="bbox 1989 4951 3562 5048">
    <p class='ocr_par' dir='ltr' id='par_1_116' title="bbox 1989 4951 3562 5048">
     <span class='ocr_line' id='line_1_118' title="bbox 1989 4951 3562 5048; baseline -0.004 -19"><span class='ocrx_word' id='word_1_902' title='bbox 1989 4951 2138 5048; x_wconf 72' lang='grc' dir='ltr'>τρός,</span> <span class='ocrx_word' id='word_1_903' title='bbox 2160 4951 2757 5048; x_wconf 50' lang='lat' dir='ltr'><strong>[al)5ttnt_aGobl_e?iait.</strong></span> <span class='ocrx_word' id='word_1_904' title='bbox 2797 4982 2850 5048; x_wconf 79' lang='lat' dir='ltr'><strong>et</strong></span> <span class='ocrx_word' id='word_1_905' title='bbox 2876 4951 3026 5048; x_wconf 46' lang='lat' dir='ltr'><strong>fele.</strong></span> <span class='ocrx_word' id='word_1_906' title='bbox 3065 4973 3131 5048; x_wconf 45' lang='grc' dir='ltr'><strong>1ζ</strong></span> <span class='ocrx_word' id='word_1_907' title='bbox 3159 4951 3256 5048; x_wconf 69' lang='lat' dir='ltr'><strong>nec</strong></span> <span class='ocrx_word' id='word_1_908' title='bbox 3281 4970 3442 5048; x_wconf 74' lang='lat' dir='ltr'><strong>vertit</strong></span> <span class='ocrx_word' id='word_1_909' title='bbox 3475 4972 3562 5023; x_wconf 85' lang='lat' dir='ltr'><strong>in-</strong></span> 
     </span>
    </p>
   </div>
   <div class='ocr_carea' id='block_1_117' title="bbox 1993 5041 3574 5116">
    <p class='ocr_par' dir='ltr' id='par_1_117' title="bbox 1993 5041 3574 5116">
     <span class='ocr_line' id='line_1_119' title="bbox 1993 5041 3574 5116; baseline -0.004 -16"><span class='ocrx_word' id='word_1_910' title='bbox 1993 5041 2200 5116; x_wconf 81' lang='lat' dir='ltr'><strong>terpres</strong></span> <span class='ocrx_word' id='word_1_911' title='bbox 2227 5048 2278 5098; x_wconf 89' lang='lat' dir='ltr'><strong>in</strong></span> <span class='ocrx_word' id='word_1_912' title='bbox 2309 5046 2546 5099; x_wconf 76' lang='lat' dir='ltr'><strong>editione</strong></span> <span class='ocrx_word' id='word_1_913' title='bbox 2571 5044 2836 5116; x_wconf 66' lang='lat' dir='ltr'><strong>Commel,</strong></span> <span class='ocrx_word' id='word_1_914' title='bbox 2876 5043 3075 5116; x_wconf 81' lang='lat' dir='ltr'><strong>Ibidem</strong></span> <span class='ocrx_word' id='word_1_915' title='bbox 3095 5041 3297 5116; x_wconf 76' lang='lat' dir='ltr'><strong>Regius</strong></span> <span class='ocrx_word' id='word_1_916' title='bbox 3327 5041 3574 5116; x_wconf 67' lang='lat' dir='ltr'><strong>primus,</strong></span> 
     </span>
    </p>
   </div>
   <div class='ocr_carea' id='block_1_118' title="bbox 1996 5111 3562 5185">
    <p class='ocr_par' dir='ltr' id='par_1_118' title="bbox 1996 5111 3562 5185">
     <span class='ocr_line' id='line_1_120' title="bbox 1996 5111 3562 5185; baseline -0.005 -16"><span class='ocrx_word' id='word_1_917' title='bbox 1996 5111 2312 5185; x_wconf 79' lang='lat' dir='ltr'><strong>Seguerian.</strong></span> <span class='ocrx_word' id='word_1_918' title='bbox 2363 5116 2650 5185; x_wconf 85' lang='lat' dir='ltr'><strong>Anglican.</strong></span> <span class='ocrx_word' id='word_1_919' title='bbox 2701 5113 3012 5185; x_wconf 76' lang='lat' dir='ltr'><strong>Goblcrian.</strong></span> <span class='ocrx_word' id='word_1_920' title='bbox 3057 5122 3109 5165; x_wconf 90' lang='lat' dir='ltr'><strong>et</strong></span> <span class='ocrx_word' id='word_1_921' title='bbox 3137 5111 3304 5185; x_wconf 52' lang='lat' dir='ltr'><strong>_Felc;</strong></span> <span class='ocrx_word' id='word_1_922' title='bbox 3332 5111 3562 5185; x_wconf 76' lang='lat' dir='ltr'><strong>1,_8mo;</strong></span> 
     </span>
    </p>
   </div>
   <div class='ocr_carea' id='block_1_119' title="bbox 1995 5177 3560 5256">
    <p class='ocr_par' dir='ltr' id='par_1_119' title="bbox 1995 5177 3560 5256">
     <span class='ocr_line' id='line_1_121' title="bbox 1995 5177 3560 5256; baseline -0.003 -19"><span class='ocrx_word' id='word_1_923' title='bbox 1995 5177 2096 5256; x_wconf 72' lang='grc' dir='ltr'>μὲῦ</span> <span class='ocrx_word' id='word_1_924' title='bbox 2127 5183 2240 5239; x_wconf 82' lang='grc' dir='ltr'>οῦν.</span> <span class='ocrx_word' id='word_1_925' title='bbox 2271 5187 2327 5256; x_wconf 88' lang='lat' dir='ltr'><strong>In</strong></span> <span class='ocrx_word' id='word_1_926' title='bbox 2364 5177 2486 5256; x_wconf 66' lang='lat' dir='ltr'><strong>aliis</strong></span> <span class='ocrx_word' id='word_1_927' title='bbox 2524 5195 2576 5238; x_wconf 90' lang='lat' dir='ltr'><strong>et</strong></span> <span class='ocrx_word' id='word_1_928' title='bbox 2622 5185 2862 5256; x_wconf 75' lang='lat' dir='ltr'><strong>editione</strong></span> <span class='ocrx_word' id='word_1_929' title='bbox 2909 5182 3195 5256; x_wconf 49' lang='lat' dir='ltr'><strong>Comrtlel&quot;</strong></span> <span class='ocrx_word' id='word_1_930' title='bbox 3247 5177 3340 5256; x_wconf 83' lang='grc' dir='ltr'><strong>οῦν</strong></span> <span class='ocrx_word' id='word_1_931' title='bbox 3385 5181 3560 5234; x_wconf 88' lang='lat' dir='ltr'><strong>deest.</strong></span> 
     </span>
    </p>
   </div>
   <div class='ocr_carea' id='block_1_120' title="bbox 1994 5250 3564 5326">
    <p class='ocr_par' dir='ltr' id='par_1_120' title="bbox 1994 5250 3564 5326">
     <span class='ocr_line' id='line_1_122' title="bbox 1994 5250 3564 5326; baseline -0.004 -18"><span class='ocrx_word' id='word_1_932' title='bbox 1994 5250 2113 5326; x_wconf 78' lang='lat' dir='ltr'><strong>Mox</strong></span> <span class='ocrx_word' id='word_1_933' title='bbox 2147 5257 2277 5326; x_wconf 77' lang='lat' dir='ltr'><strong>Reg.</strong></span> <span class='ocrx_word' id='word_1_934' title='bbox 2308 5255 2362 5326; x_wconf 84' lang='lat'><strong>1,</strong></span> <span class='ocrx_word' id='word_1_935' title='bbox 2393 5255 2614 5324; x_wconf 85' lang='lat' dir='ltr'><strong>Seguer.</strong></span> <span class='ocrx_word' id='word_1_936' title='bbox 2642 5252 2955 5326; x_wconf 70' lang='lat' dir='ltr'><strong>Goblerian.</strong></span> <span class='ocrx_word' id='word_1_937' title='bbox 2975 5261 3034 5326; x_wconf 70' lang='lat' dir='ltr'><strong>et</strong></span> <span class='ocrx_word' id='word_1_938' title='bbox 3066 5250 3296 5326; x_wconf 63' lang='lat' dir='ltr'><strong>Felc._1,</strong></span> <span class='ocrx_word' id='word_1_939' title='bbox 3323 5267 3564 5320; x_wconf 76' lang='grc' dir='ltr'>προεφα-</span> 
     </span>
    </p>
   </div>
   <div class='ocr_carea' id='block_1_121' title="bbox 1996 5321 3418 5389">
    <p class='ocr_par' dir='ltr' id='par_1_121' title="bbox 1996 5321 3418 5389">
     <span class='ocr_line' id='line_1_123' title="bbox 1996 5321 3418 5389; baseline -0.005 -10"><span class='ocrx_word' id='word_1_940' title='bbox 1996 5321 2359 5389; x_wconf 56' lang='grc' dir='ltr'>σίζοντοῘΑιῐί</span> <span class='ocrx_word' id='word_1_941' title='bbox 2378 5334 2430 5378; x_wconf 82' lang='lat' dir='ltr'><strong>et</strong></span> <span class='ocrx_word' id='word_1_942' title='bbox 2455 5321 2622 5379; x_wconf 79' lang='lat' dir='ltr'><strong>éditio</strong></span> <span class='ocrx_word' id='word_1_943' title='bbox 2659 5323 2947 5384; x_wconf 80' lang='lat' dir='ltr'><strong>CommeL,</strong></span> <span class='ocrx_word' id='word_1_944' title='bbox 2971 5321 3418 5389; x_wconf 58' lang='lat' dir='ltr'><strong>értpocpacigovto.</strong></span> 
     </span>
    </p>
   </div>
   <div class='ocr_carea' id='block_1_122' title="bbox 2067 5389 3564 5469">
    <p class='ocr_par' dir='ltr' id='par_1_122' title="bbox 2067 5389 3564 5469">
     <span class='ocr_line' id='line_1_124' title="bbox 2067 5389 3564 5469; baseline -0.003 -22"><span class='ocrx_word' id='word_1_945' title='bbox 2067 5398 2176 5469; x_wconf 83' lang='grc'>(76)</span> <span class='ocrx_word' id='word_1_946' title='bbox 2205 5396 2334 5469; x_wconf 59' lang='grc' dir='ltr'>[ξος.</span> <span class='ocrx_word' id='word_1_947' title='bbox 2373 5397 2396 5447; x_wconf 88' lang='grc'><strong>1</strong></span> <span class='ocrx_word' id='word_1_948' title='bbox 2431 5404 2484 5449; x_wconf 85' lang='lat' dir='ltr'><strong>et.</strong></span> <span class='ocrx_word' id='word_1_949' title='bbox 2509 5394 2657 5469; x_wconf 49' lang='grc' dir='ltr'>δοες,</span> <span class='ocrx_word' id='word_1_950' title='bbox 2687 5391 3132 5469; x_wconf 61' lang='grc' dir='ltr'>προφασίζονται,</span> <span class='ocrx_word' id='word_1_951' title='bbox 3165 5394 3238 5469; x_wconf 58' lang='grc' dir='ltr'><strong>ἐκ</strong></span> <span class='ocrx_word' id='word_1_952' title='bbox 3256 5389 3362 5442; x_wconf 79' lang='grc' dir='ltr'><strong>τῶν</strong></span> <span class='ocrx_word' id='word_1_953' title='bbox 3387 5391 3564 5469; x_wconf 72' lang='grc' dir='ltr'>Εὐαγ-</span> 
     </span>
    </p>
   </div>
   <div class='ocr_carea' id='block_1_123' title="bbox 1993 5461 3560 5532">
    <p class='ocr_par' dir='ltr' id='par_1_123' title="bbox 1993 5461 3560 5532">
     <span class='ocr_line' id='line_1_125' title="bbox 1993 5461 3560 5532; baseline -0.004 -15"><span class='ocrx_word' id='word_1_954' title='bbox 1993 5461 2186 5532; x_wconf 78' lang='grc' dir='ltr'>γελίων</span> <span class='ocrx_word' id='word_1_955' title='bbox 2227 5461 2519 5519; x_wconf 80' lang='grc' dir='ltr'>δείκνυται.</span> <span class='ocrx_word' id='word_1_956' title='bbox 2547 5465 2649 5518; x_wconf 86' lang='lat' dir='ltr'><strong>Alii</strong></span> <span class='ocrx_word' id='word_1_957' title='bbox 2695 5461 2749 5516; x_wconf 84' lang='lat' dir='ltr'><strong>ei.</strong></span> <span class='ocrx_word' id='word_1_958' title='bbox 2771 5463 2932 5532; x_wconf 83' lang='lat' dir='ltr'><strong>editi,</strong></span> <span class='ocrx_word' id='word_1_959' title='bbox 2966 5461 3388 5532; x_wconf 75' lang='grc' dir='ltr'>προφασίζονται</span> <span class='ocrx_word' id='word_1_960' title='bbox 3429 5461 3560 5532; x_wconf 76' lang='grc' dir='ltr'>νῦν,</span> 
     </span>
    </p>
   </div>
   <div class='ocr_carea' id='block_1_124' title="bbox 1993 5528 3564 5603">
    <p class='ocr_par' dir='ltr' id='par_1_124' title="bbox 1993 5528 3564 5603">
     <span class='ocr_line' id='line_1_126' title="bbox 1993 5528 3564 5603; baseline -0.003 -15"><span class='ocrx_word' id='word_1_961' title='bbox 1993 5528 2057 5588; x_wconf 76' lang='grc' dir='ltr'>ἐκ</span> <span class='ocrx_word' id='word_1_962' title='bbox 2083 5537 2189 5588; x_wconf 83' lang='grc' dir='ltr'><strong>τῶν</strong></span> <span class='ocrx_word' id='word_1_963' title='bbox 2219 5535 2561 5602; x_wconf 81' lang='grc' dir='ltr'>Εὐαγγελίων</span> <span class='ocrx_word' id='word_1_964' title='bbox 2593 5531 2964 5603; x_wconf 78' lang='grc' dir='ltr'>γνωρίζονται.</span> <span class='ocrx_word' id='word_1_965' title='bbox 2999 5528 3119 5603; x_wconf 73' lang='lat' dir='ltr'><strong>Mox</strong></span> <span class='ocrx_word' id='word_1_966' title='bbox 3153 5529 3282 5599; x_wconf 77' lang='lat' dir='ltr'><strong>Reg.</strong></span> <span class='ocrx_word' id='word_1_967' title='bbox 3309 5531 3331 5583; x_wconf 84' lang='lat'><strong>1</strong></span> <span class='ocrx_word' id='word_1_968' title='bbox 3383 5539 3440 5584; x_wconf 93' lang='lat' dir='ltr'><strong>et</strong></span> <span class='ocrx_word' id='word_1_969' title='bbox 3463 5528 3564 5583; x_wconf 68' lang='lat' dir='ltr'><strong>Se-</strong></span> 
     </span>
    </p>
   </div>
   <div class='ocr_carea' id='block_1_125' title="bbox 1995 5601 3078 5677">
    <p class='ocr_par' dir='ltr' id='par_1_125' title="bbox 1995 5601 3078 5677">
     <span class='ocr_line' id='line_1_127' title="bbox 1995 5601 3078 5677; baseline -0.004 -19"><span class='ocrx_word' id='word_1_970' title='bbox 1995 5607 2239 5677; x_wconf 85' lang='lat' dir='ltr'><strong>gucrian.</strong></span> <span class='ocrx_word' id='word_1_971' title='bbox 2276 5601 2397 5675; x_wconf 86' lang='lat' dir='ltr'><strong>post</strong></span> <span class='ocrx_word' id='word_1_972' title='bbox 2428 5601 2629 5675; x_wconf 72' lang='grc' dir='ltr'>ρᾁιον,</span> <span class='ocrx_word' id='word_1_973' title='bbox 2664 5601 2919 5657; x_wconf 82' lang='lat' dir='ltr'><strong>omittunt</strong></span> <span class='ocrx_word' id='word_1_974' title='bbox 2945 5601 3078 5654; x_wconf 78' lang='grc' dir='ltr'>ἐστί.</span> 
     </span>
    </p>
   </div>
  </div>
