3834 6220
349 271 454 328 587
954 267 1012 322 S.
1053 265 1427 322 ATIlANASll
1466 264 1616 321 OPP.
1663 263 1846 320 PARS
1883 263 1922 317 1.

2074 261 2448 318 ΠΙΒΤΟΒΙΟΛ
2490 263 2576 318 ΕΤ
2617 263 3044 322 DOGMATICA.
3510 267 3629 325 383

354 395 430 447 tio
455 390 618 446 Pater
640 390 719 445 illi
749 389 890 444 dixit
918 407 932 443 :
971 387 1099 442 Fiat
1133 388 1227 441 lux
1251 388 1322 453 ⁸⁷,
1354 395 1429 452 et,
1471 386 1595 440 Fiat
1623 388 1932 456 ﬁrmamen-

2062 386 2150 447 :ai,
2179 385 2498 452 Γενηθήτω
2529 385 2854 455 στερέωμα,
2881 389 2994 450 καὶ,
3031 385 3386 455 Ποιήσωμεν
3408 386 3636 457 ἄνθρω-

356 498 467 537 tum
487 484 554 549 ⁸⁸,
583 490 656 548 et,
679 480 986 535 .Faciamus
1025 481 1292 534 hominem
1317 479 1362 510 "
1389 497 1403 533 :
1435 494 1534 534 cur
1565 479 1694 532 item
1722 492 1847 532 eum
1878 477 1936 529 in

2062 490 2160 530 τον
2182 495 2191 506 ·
2225 478 2318 530 ἐπὶ
2339 477 2396 530 δὲ
2424 478 2704 550 συντελείᾳ
2726 479 2834 531 τῶν
2875 477 3086 533 αἰώνων
3113 477 3434 533 ἀπέστειλεν
3459 480 3636 538 αὐτὸν

356 579 464 630 line
503 574 825 630 saiculorum
866 573 920 626 in
952 571 1218 625 mundum
1248 570 1485 632 miserit,
1522 586 1634 624 non
1677 580 1738 624 ut
1780 584 1942 622 mun—

355 667 486 721 dum
534 666 826 734 judicaret,
870 663 966 718 sed
1006 671 1068 717 ut
1104 661 1345 716 mundus
1378 676 1476 731 per
1526 661 1706 730 ipsum
1756 659 1941 714 salvus

356 759 510 812 ﬁeret
531 758 578 790 "°
603 774 618 812 :
643 756 896 811 similiter
919 769 1020 809 cur
1050 753 1316 824 scriptum
1340 754 1442 808 sit:
1466 752 1600 808 Ecce
1645 752 1802 822 Virgo
1824 768 1943 806 con-

356 847 512 916 cipiet
556 856 606 900 et
655 846 830 916 pariet
878 843 1107 908 Filium,
1151 854 1202 897 et
1259 843 1520 898 vocabunt
1579 860 1768 898 nomen
1825 844 1941 912 ejus

358 937 726 1006 Emmanuel,
794 937 935 1008 quod
1009 944 1088 990 est
1151 937 1599 1006 interpretatum,
1654 935 1944 991 Nobiscum

357 1029 499 1083 Deus
526 1030 617 1081 ⁷⁰’.

428 1121 518 1175 30.
555 1120 661 1187 Qui
689 1120 854 1191 igitur
881 1119 1122 1175 divinam
1164 1119 1507 1190 Scripturam
1533 1119 1747 1189 legerit,
1771 1119 1947 1174 discat

357 1212 580 1281 quidem
617 1213 780 1267 verba
809 1227 876 1266 ex
907 1212 1102 1267 Vetere
1124 1211 1498 1277 Testamento,
1533 1212 1630 1266 sed
1671 1227 1738 1266 ex
1764 1206 1944 1265 Evan-

356 1304 500 1373 gielio
562 1305 806 1359 attendat
858 1303 1150 1360 Dominum
1207 1306 1485 1361 hominem
1543 1304 1746 1360 factum
1801 1319 1943 1359 esse.

357 1397 518 1462 Nam,
561 1395 806 1461 Verbum,
835 1397 1032 1466 inquit,
1065 1415 1188 1453 caro
1224 1399 1426 1468 factum
1449 1407 1562 1460 est,
1597 1407 1647 1452 et
1685 1397 1944 1451 habitavit

358 1489 414 1541 in
439 1489 592 1542 nobis
620 1489 690 1543 '“.
733 1487 931 1554 Homo,
969 1490 1216 1559 inquam,
1252 1487 1430 1544 factus
1455 1499 1557 1553 est,
1604 1503 1714 1543 non
1758 1496 1946 1542 autem

361 1578 416 1632 in
449 1578 727 1632 hominem
753 1580 923 1634 venit.
953 1577 1011 1634 ld
1048 1580 1194 1634 enim
1224 1581 1369 1636 seire
1399 1581 1564 1634 etiam
1593 1594 1816 1636 necesse
1839 1588 1944 1647 est,

360 1685 432 1724 ne
465 1669 607 1724 forte
637 1671 693 1725 in
727 1671 1042 1741 hujusmodi
1081 1673 1412 1728 sententiam
1453 1672 1802 1728 deﬂectentes
1839 1672 1945 1728 im-

2043 569 2122 632 εἰς
2149 567 2240 622 τὸν
2272 570 2496 641 κόσμον,
2537 573 2636 641 οὐχ
2679 573 2766 625 ἵνα
2800 572 2962 644 κρίνῃ
2986 571 3078 624 τὸν
3105 572 3330 642 κόσμον,
3375 572 3492 625 ἀλλ’
3537 573 3633 627 ἵνα

2046 661 2191 732 σωθῇ
2225 662 2334 732 (84)
2359 664 2388 715 6
2417 663 2621 734 κόσμος
2647 663 2712 716 δι’
2744 662 2910 716 αὐτοῦ
2931 680 2945 692 ·
2972 665 3068 716 καὶ
3095 663 3436 734 γέγραπται·
3478 663 3633 718 Ἰδοὺ

2044 755 2084 822 ἠ
2118 756 2422 823 Παρθένος
2455 755 2528 808 ἐν
2571 755 2784 824 γαστρὶ
2825 754 2948 817 ἕξει
2972 796 2987 820 ,
3024 753 3125 807 καὶ
3166 753 3395 819 τέξεται
3443 757 3585 809 Υὶόν
3613 772 3629 785 ’

2045 845 2146 897 καὶ
2192 843 2529 899 καλέσουσι
2562 844 2628 897 τὸ
2671 845 2859 912 ὄνομα
2902 845 3090 916 αὐτοῦ
3145 844 3526 913 Ἐμμανουήλ
3551 886 3565 909 ,
3596 843 3636 898 ὅ

2045 934 2176 989 ἐστι
2199 936 2810 1005 μεθερμηνευόμενον,
2844 937 2986 990 Μεθ’
3010 934 3182 1004 ἡμῶν
3213 938 3248 989 ό
3282 937 3448 1002 Θεός.

2117 1119 2209 1174 50.
2264 1119 2322 1172 Ὀ
2363 1119 2542 1172 τοίνυν
2579 1120 2920 1190 ἐντυγχάνων
2963 1122 3030 1190 τῇ
3080 1117 3201 1190 θείᾳ⁵
3244 1119 3473 1190 Γραφῇ,
3521 1119 3639 1173 ἀπὸ

2052 1209 2150 1279 μὲν
2177 1209 2284 1265 τῶν
2318 1209 2569 1262 Παλαιῶν
2598 1209 2669 1262 τά
2701 1209 2841 1282 ρητά
2868 1208 3329 1280 καταμανθανὲτω
3363 1208 3501 1279 (85),
3525 1208 3641 1262 ἀπὸ

2046 1301 2105 1354 δὲ
2141 1301 2250 1353 τῶν
2294 1299 2640 1368 Εὑαγγελίων
2671 1299 2946 1372 θεωρείτω
2978 1299 3071 1352 τὸν
3101 1299 3302 1371 Κύριον
3337 1299 3639 1371 γενόμενον

2048 1393 2367 1466 ἄνθρωπον·
2413 1393 2477 1446 '0
2511 1393 2702 1462 Λόγος
2762 1393 2894 1463 γὰρ,
2944 1392 3118 1461 φησὶ,
3168 1393 3326 1461 σὰρξ
3367 1391 3636 1462 ἐγένετο,

2049 1486 2148 1539 καὶ
2179 1483 2537 1551 ἐσκήνωσεν
2558 1485 2630 1538 ἐν
2656 1484 2824 1554 ἡμῖν.
2857 1483 3179 1554 ’Ἄνθρωπος
3209 1483 3266 1536 δὲ
3298 1483 3512 1553 γέγονε,
3539 1486 3641 1540 καὶ

2049 1577 2149 1630 οὐκ
2186 1578 2267 1639 εἰς
2307 1575 2593 1648 ἄνθρωπον
2630 1571 2762 1648 ἦλθε
2787 1591 2801 1606 ·
2854 1575 2950 1628 καὶ
2982 1574 3140 1628 τοῦτο
3177 1575 3286 1645 γὰρ
3334 1575 3641 1644 ἀναγκαῖον

2050 1668 2276 1722 ειδέναιο
2311 1669 2523 1741 μήποτε
2561 1670 2676 1733 καὶ,
2711 1670 2793 1733 είς
2823 1667 2982 1722 τοῦτο
3010 1668 3269 1732 πεσόντες
3301 1669 3350 1721 oi
3390 1669 3638 1735 ἀσεϐεῖς,

359 1760 457 1829 pii,
495 1760 712 1831 aliquos
750 1739 1046 1832 decipiant,
1078 1761 1269 1832 illique
1311 1763 1647 1830 existiment,
1673 1763 1941 1834 quemad-

2062 1739 2382 1832 ὶπατήσωσίή
2435 1779 2622 1827 τινας,
2672 1763 2917 1815 κάκεῖνοι
2967 1761 3267 1832 νομίσωσιν
3309 1759 3455 1830 (86),
3511 1762 3639 1824 ὅτι,

361 1853 583 1906 modum
617 1852 747 1907 olim
778 1851 1018 1908 Verbum
1055 1855 1110 1908 in
1138 1870 1584 1926 unumquemque
1627 1864 1946 1911 sanctorum

361 1944 676 2012 descendit,
709 1945 782 2000 ita
823 1947 986 2000 etiam
1025 1947 1080 2001 in
1106 1948 1384 2003 hominem
1431 1950 1648 2004 venisse
1671 1990 1686 2016 ,
1715 1959 1773 2004 ut
1820 1964 1947 2003 eum

362 2044 616 2091 sanctum
659 2035 930 2102 redderet,
965 2045 1022 2092 et
1051 2037 1104 2092 in
1130 2037 1250 2108 ipso
1288 2047 1595 2108 appareret,
1632 2039 1711 2094 uti
1745 2039 1798 2092 in
1825 2039 1948 2092 aliis

361 2127 610 2198 contigit.
644 2126 701 2182 Si
733 2129 878 2183 enim
924 2128 999 2182 ita
1042 2145 1102 2184 se
1129 2145 1220 2184 res
1249 2131 1510 2197 haberet,
1552 2139 1606 2185 et
1634 2131 1690 2185 in
1727 2131 1950 2186 homine

365 2219 743 2275 tantummodo
772 2221 1154 2290 apparuisset:
1181 2221 1318 2276 nihil
1346 2237 1480 2278 sane
1507 2231 1653 2278 esset
1675 2223 1821 2292 quod
1851 2223 1948 2277 ad-

361 2310 711 2366 mirationem
739 2321 922 2381 posset
966 2327 1207 2380 movere,
1246 2330 1348 2370 nec
1389 2315 1482 2384 qui
1513 2329 1637 2369 eum
1667 2314 1832 2386 460
1871 2315 1951 2369 vi-

363 2403 585 2468 debant,
604 2402 980 2473 'obstupel‘acti
1013 2404 1284 2462 dixissent
1304 2422 1317 2456 :
1339 2407 1622 2462 Undenam
1647 2407 1750 2462 iste
1769 2417 1853 2463 est
1867 2409 1950 2462 7'?

363 2501 440 2558 et,
463 2494 646 2548 (λιιι-ιιι
666 2493 830 2547 homo
845 2509 970 2548 cum
998 2494 1097 2561 sis,
1125 2496 1358 2565 teipsum
1393 2494 1528 2551 facis
1547 2496 1716 2550 Deum
1745 2496 1951 2550 "?Au-

364 2584 484 2638 dire
499 2584 766 2653 siquidem
798 2585 877 2637 illi
902 2599 1334 2642 consueverant:
1358 2586 1581 2642 Factum
1611 2598 1694 2643 est
1712 2587 1950 2643 Verbum

365 2676 586 2731 Domini
627 2676 694 2730 ad
729 2677 973 2746 singulos
1011 2679 1328 2749 prophetas.
1375 2677 1532 2734 Nune
1584 2688 1762 2734 autem
1804 2691 1952 2751 post-

367 2781 534 2836 quam
586 2764 683 2818 Dei
725 2763 988 2832 Verbum,
1035 2782 1133 2836 per
1181 2767 1328 2835 quod
1379 2769 1564 2822 omnia
1612 2768 1754 2824 facta
1803 2779 1950 2834 sunt,

365 2862 531 2916 etiam
568 2859 711 2914 ﬁlius
755 2861 996 2915 hominis
1026 2861 1144 2916 ﬁeri
1186 2876 1296 2916 non
1345 2863 1546 2928 renuit,
1576 2878 1742 2934 seque
1772 2863 1951 2934 ipsum

369 2951 700 3015 humiliavit,
726 2953 868 3005 servi
897 2951 1076 3006 forma
1113 2962 1334 3023 accepta
1365 2971 1378 3006 :
1411 2954 1617 3009 idcirco
1641 2971 1775 3010 crux
1801 2956 1954 3010 Chri-

2048 1852 2240 1925 ὧσπερ
2274 1855 2331 1906 ἐν
2367 1856 2480 1918 τοῖς
2515 1853 2826 1925 ἔμπροσθεν
2871 1853 3085 1924 χρόνοις
3125 1854 3206 1916 εἰς
3248 1852 3479 1906 ἕκαστον
3523 1853 3642 1907 τῶν

2049 1944 2221 2014 ἁγίων
2249 1943 2481 2013 ἐγίνετο,
2525 1944 2668 1998 οὕτω
2700 1945 2794 1998 καὶ
2837 1943 2933 1997 νῦν
2971 1945 3050 2006 εἰς
3100 1943 3388 2013 ἄνθρωπον
3431 1943 3641 2015 ἐπεδή-

2053 2053 2225 2108 μησεν
2255 2037 2284 2089 ὁ
2321 2035 2492 2104 Λόγος
2519 2033 2761 2104 ἁγιάζων
2789 2035 2885 2090 καὶ
2911 2035 3124 2098 τοῦτον,
3162 2035 3257 2087 καὶ
3283 2033 3638 2104 φανερούμε-

2049 2147 2139 2193 νος
2159 2128 2350 2200 ὥσπερ
2373 2129 2467 2182 καὶ
2499 2131 2557 2181 ὲν
2587 2131 2700 2191 τοῖς
2739 2127 2939 2190 ἄλλοις.
2989 2127 3052 2179 Ei
3076 2127 3182 2196 γὰρ
3216 2125 3390 2188 οῦτως
3413 2121 3503 2196 ἦν,
3539 2127 3644 2178 καὶ

2053 2225 2213 2294 μόνον
2239 2223 2297 2275 ὲν
2314 2219 2586 2292 ἀνθρώπῳ
2609 2219 2796 2290 φανεὶς
2817 2215 2906 2289 ἦν,
2921 2218 3070 2272 οὐδὲν
3086 2214 3155 2289 ἦν
3181 2217 3480 2288 παράδοξον
3498 2218 3641 2288 (87),

2050 2311 2174 2366 οὔτε
2210 2315 2262 2366 οἱ
2299 2313 2536 2384 ὁρῶντες
2579 2309 2879 2376 ὲξενίζοντο
2905 2309 3190 2378 λέγοντες-ο
3238 2309 3488 2372 Ποταπὸς
3529 2311 3646 2381 ἀρα.

2051 2406 2199 2458 ἐστὶν
2231 2399 2423 2469 οῦτος;
2469 2405 2587 2468 καὶ,
2637 2403 2740 2456 Διά
2777 2403 2832 2456 τί
2866 2404 2964 2467 σὺ,
3009 2402 3296 2473 ἄνθρωπος
3328 2401 3424 2466 ὢν,
3461 2406 3644 2465 ποιεῖς

2054 2497 2278 2551 σεαυτὸν
2307 2495 2482 2562 Θεόν,
2521 2493 2680 2567 Εἶχον
2718 2495 2828 2567 γὰρ
2867 2496 2965 2568 τὴν
3001 2493 3286 2567 συνήθειαν
3320 2488 3641 2555 ἀκούοντες·

2052 2590 2164 2642 Καὶ
2193 2589 2409 2658 ἐγένετο
2433 2590 2604 2657 Λόγος
2626 2588 2831 2660 Κυρίου
2861 2589 3002 2659 πρὸς
3025 2589 3253 2640 ἕκαστον
3277 2587 3383 2640 τῶν
3417 2604 3643 2658 προφη-

2053 2682 2180 2736 τῶν.
2216 2681 2332 2734 Νῦν
2363 2681 2442 2746 δὲ,
2483 2681 2669 2752 ἐπειδὴ
2695 2683 2724 2733 6
2755 2680 2850 2733 τοῦ
2876 2680 3010 2733 Θεοῦ
3039 2680 3231 2747 Λόγος,
3255 2680 3323 2732 δι’
3348 2672 3409 2732 οῦ
3439 2681 3642 2748 γέγονε

2051 2774 2122 2828 τά
2165 2774 2361 2837 πάντα,
2400 2773 2661 2844 ὑπέμεινε
2702 2773 2796 2826 καὶ
2843 2771 2971 2824 Υἱδν
3019 2771 3307 2841 ἀνθρώπου
3355 2771 3640 2840 γενέσθαι,

2053 2867 2149 2919 καὶ
2181 2863 2540 2918 ἐταπείνωσεν
2574 2862 2788 2922 ἑαυτὸν.
2822 2860 3001 2913 λαϐὼν
3030 2861 3215 2913 δούλου
3267 2866 3513 2932 μορφήν·
3547 2864 3644 2918 διὰ

2052 2955 2212 3010 τοῦτο
2249 2957 2525 3018 Ἰουδαίοις
2553 2955 2650 3025 μὲν
2682 2953 2977 3008 σκάνδαλόν
3006 2955 3154 3006 ἐστιν
3187 2956 3215 3006 6
3255 2954 3349 3007 τοῦ
3396 2956 3644 3025 Χριστοῦ

370 3042 441 3096 sti
471 3039 672 3096 Judaeis
701 3049 786 3096 est
813 3042 1156 3110 scandalum,
1189 3043 1346 3100 nobis
1377 3053 1558 3100 autem
1582 3045 1835 3103 Christus
1858 3045 1949 3102 Dei

2062 3045 2308 3118 σταυρὸς,
2341 3047 2474 3117 ἡμῖν
2493 3044 2549 3098 δὲ
2578 3042 2812 3115 Χριστὸς
2839 3042 2974 3095 Θεοῦ
3001 3043 3229 3114 δύναμις
3254 3044 3349 3096 καὶ
3383 3044 3518 3098 Θεοῦ
3543 3062 3641 3099 σο-

368 3133 545 3188 virtus
587 3141 642 3187 et
688 3132 783 3188 Dei
819 3134 1083 3202 sapientia
1114 3144 1199 3191 est
1230 3135 1299 3189 ⁷⁸.
1334 3135 1470 3191 Nam
1507 3136 1752 3204 Verbum,
1792 3147 1850 3194 ut
1879 3139 1949 3195 ait

2062 3141 2192 3210 φίαο
2235 3139 2289 3191 Ὀ
2321 3139 2514 3206 Λόγος
2545 3135 2653 3207 γὰρ
2677 3177 2692 3201 ,
2741 3135 2817 3198 ώς
2855 3131 3009 3188 εἶπεν
3047 3137 3077 3187 6
3142 3135 3434 3206 Ἰωάννης,
3477 3138 3644 3204 σὰρξ

369 3223 647 3288 Joannes,
688 3241 812 3278 caro
863 3225 1068 3294 factum
1117 3237 1196 3281 est
1230 3227 1298 3282 ⁷⁸.
1367 3225 1649 3299 Siquidem
1697 3246 1818 3286 mos
1872 3240 1957 3287 est

373 3313 670 3386 Scriptura:
697 3332 868 3372 sacrae
904 3318 1181 3374 hominem
1221 3335 1440 3375 carnem
1484 3323 1778 3392 appellare.
1817 3322 1956 3379 Hinc

370 3405 512 3474 apud
543 3403 748 3460 Joelem
778 3398 1098 3478 prOphetam
1129 3410 1329 3465 dicitur
1359 3428 1373 3464 :
1411 3411 1700 3481 Eﬂ'undam
1735 3413 1798 3467 de
1829 3413 1955 3484 Spi-

371 3501 484 3553 ritu
512 3515 626 3554 meo
660 3501 716 3553 in
746 3517 952 3554 omnem
995 3517 1204 3554 carnem
1231 3503 1297 3557 ⁷⁶.
1339 3501 1471 3557 Item
1513 3503 1703 3559 Daniel
1732 3506 1956 3577 Astyagi

371 3589 511 3643 dixit
537 3609 550 3644 :
588 3589 699 3660 Ego
721 3590 868 3643 idola
895 3591 1206 3661 mnufacta
1233 3609 1338 3646 non
1366 3593 1500 3657 colo,
1532 3596 1621 3648 sed
1670 3595 1836 3649 Deum
1879 3597 1958 3650 ci-

371 3691 604 3745 oentem,
645 3683 736 3750 qui
772 3681 961 3735 caelum
993 3694 1042 3736 et
1085 3694 1284 3738 terram
1325 3687 1541 3750 creavit,
1573 3698 1621 3740 et
1651 3688 1705 3740 in
1751 3704 1956 3742 omnem

373 3785 590 3824 carnem
629 3769 965 3824 dominatum
1013 3770 1166 3825 habet
1189 3773 1256 3826 "".
1290 3770 1392 3828 Hie
1424 3774 1592 3840 enim,
1633 3784 1692 3829 ut
1730 3786 1784 3830 et
1815 3773 1954 3844 Joel,

371 3859 659 3913 hominum
690 3876 862 3930 genus
889 3861 1072 3916 carnis
1103 3863 1326 3918 nomine
1353 3864 1644 3935 signiﬁcat.

442 3950 532 4004 51.
573 3949 714 4004 Olim
755 3951 922 4021 igitur
967 3951 1034 4006 ad
1073 3952 1319 4024 singulos
1363 3965 1582 4010 sanctos
1634 3955 1837 4012 factum
1873 3966 1957 4012 est

381 4037 640 4096 Verbum.
667 4055 875 4110 eosque
894 4082 910 4108 ,
946 4042 1039 4111 qui
1069 4042 1246 4113 ipsum
1283 4045 1444 4116 digne
1471 4057 1854 4117 susceperunt,
1875 4047 1958 4103 ef-

374 4129 504 4186 fecit
541 4143 761 4186 sanctos
791 4151 805 4186 :
841 4148 941 4188 nec
968 4142 1150 4188 tamen
1190 4151 1317 4190 cum
1349 4137 1427 4192 illi
1457 4153 1833 4207 nascerentur,
1869 4142 1954 4196 di-

375 4231 524 4276 ctum
569 4231 654 4277 est
699 4222 878 4291 ipsum
931 4222 1213 4280 hominem
1249 4224 1454 4282 factum
1487 4245 1630 4296 esse,
1679 4246 1781 4287 nec
1831 4247 1957 4287 cum

373 4319 708 4380 paterentur,
738 4325 961 4379 passum
994 4327 1136 4368 esse.
1169 4313 1305 4369 Cum
1335 4326 1516 4373 autem
1557 4320 1611 4374 in
1645 4320 1753 4378 ﬁne
1784 4337 1958 4379 saecu-

2056 3231 2292 3303 ἐγένετο
2312 3248 2326 3261 ο
2351 3230 2451 3300 τῆς
2481 3228 2702 3300 Γραφῆς
2729 3226 2849 3288 ἔθος
2874 3227 3104 3298 ἐχούσης
3131 3227 3312 3296 λέγειν
3338 3229 3517 3298 σάρκα
3545 3228 3647 3281 τὸν

2054 3325 2360 3396 ἄνθρωπον,
2379 3321 2454 3385 ώς
2481 3321 2570 3375 διὰ
2595 3321 2749 3392 Ἰωὴλ
2777 3319 2871 3373 τοῦ
2901 3321 3180 3390 προφήτου
3206 3320 3388 3391 φησίν·
3421 3319 3646 3388 Ἐκχεῶ

2056 3417 2175 3473 ἀπὸ
2205 3416 2312 3469 τοῦ
2348 3413 2696 3483 Πνεύματός
2723 3431 2842 3482 μου
2872 3412 2970 3464 ἐπὶ
3002 3411 3210 3466 πᾶσαν
3247 3412 3444 3479 σάρκα
3471 3429 3486 3442 ·
3541 3414 3644 3465 καὶ

2057 3511 2132 3574 ὡς
2162 3509 2276 3581 (88)
2324 3505 2523 3577 Δανιὴλ
2567 3507 2756 3577 εἴρηκε
2797 3504 2874 3575 τῷ
2921 3505 3225 3574 Ἀστυάγῃο
3265 3506 3347 3557 Οὐ
3390 3503 3646 3574 σέϐομαι

2055 3603 2276 3657 εἴδωλα
2304 3600 2708 3670 χειροποίητα,
2750 3597 2913 3653 ἀλλὰ
2939 3596 3047 3650 τὸν
3090 3596 3275 3657 ζῶντα
3315 3597 3484 3661 Θεὸν,
3530 3600 3647 3650 τὸν

2055 3695 2350 3747 κτίσαντα
2384 3691 2490 3745 τὸν
2522 3691 2782 3758 οὐρανὸν
2814 3688 2915 3743 καὶ
2946 3688 3060 3756 τὴν
3095 3688 3240 3759 γῆν,
3287 3689 3385 3742 καὶ
3415 3689 3647 3758 ἔχοντα

2057 3781 2261 3849 πάσης
2292 3779 2521 3850 σαρκὸς
2550 3781 2794 3847 κυρείαν
2822 3797 2835 3810 ·
2872 3779 3052 3850 σάρκα
3091 3778 3202 3851 γὰρ
3236 3781 3332 3833 καὶ
3357 3773 3512 3843 οὗτος
3547 3785 3646 3836 καὶ

2069 3875 2223 3946 Ἰωὴλ
2250 3874 2312 3927 τὸ
2335 3873 2442 3925 τῶν
2472 3871 2772 3943 ἀνθρώπων
2795 3871 2950 3940 γένος
2974 3871 3242 3938 λέγουσιν.

2126 3966 2214 4020 51.
2250 3967 2426 4020 Πάλαι
2479 3967 2575 4036 μὲν
2609 3961 2701 4017 οὖν
2746 3963 2884 4035 πρὸς
2921 3963 3150 4014 ἕκαστον
3179 3961 3290 4032 (89)
3321 3961 3430 4015 τῶν
3466 3963 3649 4031 ἁγίων

2058 4052 2288 4122 ὲγίνετο,
2314 4055 2408 4107 καὶ
2434 4051 2627 4124 ἡγίαξε
2658 4051 2755 4122 μὲν
2783 4051 2909 4113 τοὺς
2934 4051 3173 4120 γνησίως
3197 4051 3520 4122 δεχομένους
3545 4054 3649 4107 αὐ-

2057 4145 2168 4198 τόν·
2190 4145 2312 4198 οὔτε
2332 4145 2411 4212 δὲ,
2451 4141 2806 4214 γεννωμένων
2828 4141 3072 4205 ἐκείνων,
3101 4142 3337 4214 εἴρηται,
3359 4145 3439 4198 ὅτι
3475 4146 3649 4210 αὐτὸς

2059 4239 2348 4310 γεγένηται
2397 4237 2701 4308 ἅνθρωπος.
2735 4234 2880 4300 οὔτε,
2919 4235 3237 4305 πασχόντων
3272 4236 3515 4300 ἐκείνων,
3567 4239 3648 4291 εἶ-

2065 4343 2256 4400 ρηται’
2299 4325 2573 4382 Πέπονθεν
2606 4326 2788 4390 αὐτός.
2828 4327 2956 4380 Ὅτε
2995 4326 3051 4379 δὲ
3090 4327 3154 4379 ὲκ
3201 4327 3420 4397 Μαρίας
3444 4327 3649 4398 ἐπεδή-

374 4400 553 4456 lorum
585 4400 653 4455 ad
690 4401 1076 4458 destruendum
1111 4416 1394 4475 peccatum
1434 4425 1499 4465 ex
1546 4411 1714 4469 Maria
1755 4417 1949 4485 prodiit

2064 4436 2235 4491 μησεν
2267 4416 2414 4482 ἅπαξ
2443 4419 2555 4489 (90)
2593 4417 2688 4470 ἐπὶ
2716 4416 2996 4487 συντελείᾳ
3012 4415 3122 4469 τῶν
3156 4416 3367 4471 αἰώνων
3396 4419 3478 4480 εἰς
3507 4417 3646 4471 ἀθὲα

374 4493 471 4564 (ita
492 4493 638 4548 enim
657 4491 801 4548 Patri
822 4494 996 4549 visum
1017 4503 1102 4551 est
1118 4513 1277 4553 suum
1295 4501 1513 4558 mittere
1528 4503 1726 4560 Filium
1745 4507 1949 4564 factum

2062 4528 2215 4582 τησιν
2279 4509 2552 4582 ἁμαρτίας
2605 4507 2785 4579 (οὕτω
2851 4507 2962 4578 γὰρ
3015 4507 3317 4578 εὐδοκήσας
3369 4510 3398 4562 6
3447 4509 3648 4580 Πατὴρ

444 4651 488 4682 ⁸⁷
529 4650 662 4706 Gen.
707 4669 750 4719 I,
790 4654 842 4708 5.
956 4655 1001 4687 ⁸⁸
1042 4656 1170 4711 ibid.
1210 4656 1263 4712 6.
1395 4659 1440 4691 “
1481 4660 1610 4716 ibid.
1652 4664 1742 4718 26.

593 4910 810 4990 gobler.
840 4911 1062 4990 etfelc.
1096 4911 1148 4977 1,
1176 4911 1255 4990 εἰς
1283 4910 1374 4990 τὸν
1406 4913 1629 4990 κόσμον,
1658 4916 1745 4990 ἵνα
1776 4917 1946 4990 σωθῇ.

595 4979 793 5070 ⁸
820 4974 1154 5070 et‘SegnerJ,
1459 4974 1944 5055 καταμανθανέτῶ.

370 5047 566 5136 Caneri
593 5061 646 5136 ςὶι
667 5047 820 5136 eiliti,
847 5047 1159 5136 uulgique-ta.
1193 5047 1531 5136 μανθανέτω.

443 5119 554 5192 (89')
597 5117 730 5192 ξος.
770 5125 796 5192 1
833 5133 888 5176 et
917 5117 1532 5192 Seg'uerqjopicouaw.

441 5189 555 5259 (87)
597 5189 728 5259 Reg.
768 5191 830 5259 1,

885 5189 1110 5261 Seguer.
1153 5189 1371 5244 Gobler.
1409 5200 1464 5246 et
1497 5192 1644 5248 Felc.
1693 5195 1745 5248 1.
1787 5197 1858 5250 At
1888 5196 1943 5251 in

371 5258 494 5313 aliis
525 5270 579 5313 et
605 5258 765 5315 editis

841 5279 870 5314 ν
901 5263 1070 5316 deest.

451 5261 494 5313 is
525 5270 579 5313 et
605 5258 765 5315 editis
803 5258 870 5333 ἦν
901 5258 1070 5316 deest.

447 5328 561 5400 (88)
599 5330 685 5406 ’ίξς
715 5332 867 5387 abest
894 5346 924 5406 a
943 5331 1172 5406 _Gobler.
1205 5341 1258 5406 et
1284 5333 1432 5406 Felc.
1465 5334 1522 5406 i.
1551 5333 1684 5390 ibid.
1716 5344 1945 5406 uterque

373 5396 506 5478 ξος.
540 5396 595 5452 et
629 5400 879 5478 Segu_e1_*.,
911 5403 1336 5478 ’Aatudm._1\_lii
1363 5413 1427 5478 et_
1442 5405 1594 5471 editi,
1633 5396 1942 5478 Ἀστυάγει.

372 5466 544 5544 130m
569 5485 676 5544 non
704 5466 773 5526 ad
800 5466 1225 5544 Astyagem,'q"ui
1256 5475 1369 5544 jam
1397 5466 1728 5544 decesserat,
1754 5466 1856 5530 seil'
1875 5477 1946 5531 ad

372 5537 574 5608 Cyrum
609 5539 728 5609 ejus
764 5537 1288 5598 successorem-lue}:
1332 5560 1361 5598 a
1402 5543 1620 5600 Daniele
1648 5537 1791 5601 dieta
1825 5561 1948 5602 esse

372 5617 640 5681 memorat
667 5611 966 5681 Scriptura.
1005 5611 1136 5668 Item
1173 5615 1304 5668 ibid.
1338 5614 1483 5669 Felc.
1515 5615 1551 5668 2
1589 5626 1641 5670 et
1668 5619 1798 5672 editi
1827 5658 1841 5681 ,
1882 5617 1943 5670 οὐ

374 5677 623 5749 σέὸομεν.
659 5680 726 5736 At
762 5677 943 5737 εἱειετὶ
976 5698 1108 5739 mss.
1148 5693 1203 5740 et
1248 5685 1564 5754 Scriptura,
1595 5687 1654 5739 οὐ
1692 5677 1940 5758 σέϐομαι.

373 4666 750 4752 ηἵηὶἷθηιὶν
790 4666 842 4752 ἰ
933 4666 1001 4752 τῖ’
1021 4666 1170 4752 .1‘1‘9'
1208 4666 1263 4752 '3'
1305 4729 1371 4752 η.
1395 4666 1440 4691 ’⁸
1481 4666 1610 4752 Ἦίιῑο
1636 4666 1742 4752 36-
1816 4667 1949 4752 "ni

2062 4685 2125 4752 1_._
2167 4684 2256 4752 ιιι,
2299 4666 2388 4721 17.

454 4719 614 4777 Joan.
649 4739 764 4787 nx.
802 4726 857 4779 9.
933 4725 980 4756 ⁷³
1010 4725 1166 4782 Joan.
1208 4744 1264 4795 ι,
1305 4729 1392 4784 35.
1489 4733 1537 4764 "
1574 4731 1595 4784 Ι
1633 4734 1761 4789 Cor.
1805 4753 1845 4804 ι,
1885 4719 1977 4792 81.

2526 4665 2597 4696 ⁷⁰⁶
2639 4663 2832 4718 Matth.
2875 4678 2914 4727 1,
2957 4663 3047 4716 25.

2078 4739 2126 4771 ⁷⁸
2159 4737 2318 4794 Joan.
2361 4753 2402 4803 ι,
2448 4737 2530 4790 14.

3177 4665 3219 4694 ⁷⁷
3261 4661 3419 4717 Ιοτιη.
3465 4680 3505 4727 ι,
3553 4667 3641 4724 14,

2636 4735 2682 4772 τε
2717 4733 2829 4789 Jocl
2870 4749 2933 4800 ιι,
2971 4733 3063 4786 9.8.
3125 4735 3170 4766 ⁷⁷
3212 4731 3348 4788 Dan.
3390 4749 3504 4802 Xiv,
3548 4738 3606 4792 4.

2129 4920 2242 4992 (89)
2262 4919 2470 4996 ‘ljeg‘ius
2503 4923 2794 4996 primus‘et
2820 4921 3068 4996 Segner.,
3096 4922 3194 4996 μὲν
3225 4918 3319 4976 οὖν
3348 4924 3488 4996 πρὸς
3512 4925 3650 4980 ἕκα-

2060 4988 2675 5062 στονίίξοῦιεικξῐτειο.
2709 4993 2760 5054 1,
2795 4988 3021 5062 μὲνόὖν
3053 4988 3132 5062 εἷς
3163 4988 3414 5048 ἕκαστον.
3449 4996 3562 5049 Alii
3592 5008 3649 5051 et

2057 5063 2224 5114 editio
2255 5061 2546 5134 Commel.,
2579 5065 2676 5134 μὲν
2715 5061 3068 5134 είςίὲκαστον.
3107 5061 3278 5134 ΡειυΙο
3319 5074 3441 5133 post
3479 5080 3644 5126 mss.,

2055 5132 2409 5203 γεννωμένων
2435 5132 2680 5186 ἐκείνων.
2729 5133 2908 5185 Editio
2935 5143 3113 5203 autem
3151 5132 3440 5197 Comniel.,
3469 5152 3647 5203 γενω-

2060 5201 2507 5273 μᾷνωνὲκεὶνων.
2543 5203 2679 5257 Ibid.
2724 5211 2952 5269 uterque
2995 5201 3164 5273 Reg._
3181 5212 3233 5255 et
3262 5201 3513 5273 Seguer.,
3551 5222 3648 5272 γε-

2055 5271 2332 5394 γέννηται.
2385 5273 2490 5327 Alii
2549 5288 2706 5338 mss.,
2757 5273 3070 5343 γεγένηται.
3124 5271 3304 5329 Editio
3338 5271 3645 5338 Commel.,

2055 5357 2086 5394 γ
2118 5358 2298 5394 νηται.

2118 5358 2298 5396 νηται.

2050 5357 2504 5485 γεῖᾇόῗὲοείι.υει
2529 5412 2768 5485 Anglic”
2791 5414 2894 5466 ὅτι.
2918 5413 3053 5485 Ibid.
3084 5412 3216 5485 Reg.
3252 5415 3274 5467 1
3307 5423 3360 5468 et
3389 5414 3645 5485 Seguer.,

2050 5481 2587 5566 £we6jpngeianag.
2626 5481 2734 5536 Alii
2770 5492 2823 5566 et
2856 5484 3023 5566 editi,
3060 5483 3402 5566 ὲπεδῄμησεν
3430 5481 3648 5566 ἄνθρω-

2051 5568 2152 5614 πος
2181 5549 2346 5616 ἅπαξ.
2374 5549 2622 5606 Nannius
2647 5567 2753 5605 non
2784 5553 2914 5621 legit
2941 5569 3162 5623 quoque
3186 5549 3493 5623 ἄνθρωπος.
3519 5549 3647 5607 Mox

2055 5619 2187 5674 Reiz.
2222 5621 2246 5672 1
2277 5632 2328 5674 et
2362 5623 2610 5674 Semen.
2643 5623 2899 5674 ἀθέτησιν
2933 5624 3230 5674 άιιαοτίας.
3273 5625 3376 5674 Alii
3402 5636 3456 5674 et
3485 5624 3645 5674 editi.

2055 5623 2187 5688 Reg.
2222 5623 2246 5672 1
2277 5632 2328 5674 et
2362 5623 2610 5689 Seguer.,
2643 5623 2899 5693 ἀθέτησιν
2933 5624 3230 5694 ἁμαρτίας.
3273 5625 3376 5679 Alii
3402 5636 3456 5678 et
3485 5624 3645 5688 editi,

2053 5691 2313 5762 ἀθέτησιν
2345 5691 2443 5762 τῆς
2475 5692 2769 5764 ἁμαρτίας.
