3834 6220
233 295 348 351 539

1339 295 1599 352 ORATIO
1641 295 1712 350 111
1747 293 2034 352 CONTRA
2073 295 2401 356 ARIANOS.

3395 291 3504 350 390

231 408 454 482 ἔπεμψε
479 409 574 464 τὸν
604 407 799 461 ἑαυτοῦ
825 407 954 461 Υἱδν
982 406 1270 479 γενόμενον
1294 407 1406 480 (91)
1439 409 1502 462 ἐκ
1534 408 1812 476 γυναικὸς,

1934 424 1982 462 εχ
2000 409 2246 478 muliere,
2262 410 2465 466 factum
2483 412 2586 469 sub
2603 411 2722 481 lege
2736 409 2827 482 ⁷⁸),
2849 415 2982 464 tunc
2997 409 3203 463 dictum
3221 417 3304 464 est
3324 408 3504 479 ipsum

232 503 529 573 γενόμενον
555 501 662 556 ὑπὸ
684 500 890 571 νόμον),
919 500 1041 552 τότε
1073 501 1307 570 εἴρηται,
1341 501 1422 553 ὅτι
1452 501 1630 573 σάρκα
1654 517 1822 572 προσ-

230 592 418 648 λαϐὼν
448 593 744 664 γεγένηται
776 591 1084 664 ἄνθρωπος,
1125 593 1218 645 καὶ
1249 593 1308 645 ὲν
1348 591 1521 664 ταύτῃ
1557 592 1820 646 πέπονθεν

235 688 381 758 ὑπὲρ
405 687 584 757 ἡμῶν,
617 685 694 750 ὡς
725 680 878 738 εἶπεν
923 687 951 738 ὁ
996 684 1203 757 Πέτρος
1224 700 1238 714 ⁸
1263 686 1522 752 Χριστοῦ
1557 681 1671 740 οὖν
1707 700 1820 738 πα-

234 780 453 844 θόντος
479 776 633 845 ὑπὲρ
680 775 851 845 ἡμῶν
897 775 1006 847 (92)
1053 776 1268 845 σαρκί·
1313 776 1400 830 ἵνα
1442 777 1627 847 δειχθῇ
1664 817 1678 841 ,
1729 777 1822 829 καὶ

233 869 445 932 πάντες
476 867 879 939 πιστεύσωμεν,
905 870 1008 933 ὄτι,
1036 869 1124 922 ἀεὶ
1145 866 1220 921 ὢν
1250 867 1403 931 Θεὸς,
1431 868 1528 921 καὶ
1551 867 1818 936 ἁγιάζων,

236 961 381 1032 πρὸς
413 959 508 1024 οὓς
541 959 774 1028 ἐγένετο,
810 959 1122 1030 διακοσμῶν
1173 976 1233 1012 τε
1282 959 1421 1013 κατά
1467 960 1528 1012 τὸ
1575 959 1820 1029 βούλημα

237 1051 335 1105 τοῦ
386 1051 600 1122 Πατρδς
632 1051 701 1105 τὰ
737 1050 950 1115 πάντα,
995 1050 1222 1123 ὕστερον
1268 1052 1360 1104 καὶ
1410 1052 1521 1121 (9'5)
1564 1051 1630 1103 δι’
1675 1052 1821 1122 ἡμᾶς

235 1145 471 1211 γέγονεν
526 1143 848 1214 ἄνθρωπος,
904 1143 1000 1196 καὶ
1049 1141 1379 1211 σωματικῶς
1409 1182 1424 1204 ,
1473 1139 1548 1204 ῶς
1601 1157 1765 1210 φησιν
1793 1141 1821 1192 6

249 1233 599 1298 Ἀπόστολος,
635 1232 1014 1303 κατῴκησενή
1053 1230 1243 1300 θεότης
1274 1231 1332 1284 ὲν
1372 1233 1440 1302 τῇ
1479 1229 1677 1300 σαρκί·
1709 1229 1821 1281 ἴσον

235 1325 319 1395 τῷ
371 1325 571 1393 φάναι,
613 1323 746 1387 θεὸς
780 1303 856 1376 ῶν
881 1365 896 1389 ,
933 1322 1065 1376 ῐδιον
1099 1321 1227 1393 ἔσχε
1275 1320 1438 1392 σῶμα
1465 1363 1480 1386 ,
1525 1320 1618 1374 καὶ
1648 1319 1822 1390 τούτῳ

237 1415 526 1486 χρώμενος
540 1415 776 1487 ὀργάνῳ,
795 1415 1016 1483 γέγονεν
1032 1412 1128 1468 ἄνθ
1137 1429 1316 1484 ρωπος
1329 1413 1395 1466 δι’
1407 1414 1439 1483 ὴ
1451 1413 1556 1482 μᾶς
1570 1411 1678 1482 (94)
1688 1450 1700 1462 .
1715 1412 1823 1464 Καὶ

235 1507 329 1560 διὰ
351 1506 512 1560 τοῦτο
541 1507 612 1560 τά
648 1507 748 1578 μὲν
772 1507 879 1560 ίδια
901 1505 1108 1578 ταύτης
1144 1502 1314 1578 αὑτοῦ
1356 1504 1591 1573 λέγεται,
1636 1501 1822 1574 ἐπειδὴ

238 1598 301 1649 ἰν
329 1597 469 1667 αὐτῇ
496 1592 585 1667 ἦν,
619 1577 709 1650 οἷά
730 1597 846 1649 ἐστι
863 1595 926 1648 τὸ
951 1577 1160 1666 πεινῇν,
1187 1593 1250 1648 τὸ
1273 1592 1456 1664 διψῇν,
1482 1592 1543 1645 τδ
1560 1593 1820 1663 πάσχειν,

236 1685 302 1738 τδ
331 1687 557 1756 κοπιᾷν,
603 1685 698 1738 καὶ
740 1683 810 1737 τὰ
848 1685 1029 1756 ὃμοια,
1064 1677 1139 1737 ὧν
1169 1684 1316 1736 ἐστιν
1348 1683 1382 1752 ἡ
1419 1679 1557 1753 σὰρξ
1578 1681 1819 1752 δεκτική’

236 1777 309 1829 τὰ
334 1777 394 1830 δὲ
430 1749 600 1830 αύτοῦ
638 1775 732 1829 τοῦ
760 1749 935 1845 Λόγου
968 1749 1076 1830 ἴδια
1108 1775 1265 1847 ἔργα,
1309 1749 1401 1828 οἷά
1432 1749 1569 1840 ἐστι,
1597 1773 1660 1827 τὸ
1687 1749 1822 1844 ἐγεί-
1857 1749 1898 1802 Β

240 1887 362 1939 ρειν
385 1869 632 1938 νεκροὺς,
653 1868 746 1920 καὶ
767 1867 997 1938 τυφλοὺς
1022 1871 1192 1922 ποιεῖν
1226 1867 1570 1932 ἀναϐλέπειν,
1601 1867 1694 1920 ita).
1721 1865 1820 1938 τὴν

237 1959 646 2032 αἱμοῤῥοοῦσαν
675 1961 854 2013 ἰᾶσθαι
876 1961 1036 2013 αὑτὸν
1061 1958 1194 2031 (95),
1216 1959 1306 2013 διά
1342 1957 1437 2012 τοῦ
1467 1958 1596 2012 ἰδίου
1635 1958 1820 2029 σώμα-

237 2068 331 2114 τος
367 2051 531 2115 αὐτὸς
567 2053 738 2105 ἐποίει
759 2069 770 2082 ·
805 2053 901 2105 καὶ
941 2051 970 2104 6
1006 2053 1104 2122 μὲν
1142 2051 1312 2120 Λόγος
1344 2052 1446 2115 τὰς
1482 2052 1581 2124 τῆς
1620 2051 1820 2122 σαρκὸς

239 2139 544 2206 ἑεάσταζεν
589 2142 890 2208 ἀσθενείας,
941 2142 1015 2206 ὼς
1052 2142 1186 2206 ἰδίας
1219 2157 1232 2170 ·
1292 2141 1457 2196 αὐτοῦ
1504 2143 1614 2214 γὰρ
1662 2138 1730 2214 ἦν
1787 2143 1819 2214 ἡ

241 2230 387 2303 σάρξ
407 2231 524 2301 (96)
551 2247 567 2263 ⁶
601 2233 696 2286 καὶ
727 2233 760 2303 ἡ
793 2231 931 2300 σάρξ
955 2232 1012 2284 δὲ
1041 2231 1306 2303 ὑπούργει
1341 2234 1453 2296 τοῖς
1495 2233 1593 2303 τῆς
1636 2232 1822 2302 θεότη-

237 2341 333 2388 τος
367 2324 573 2394 ἔργοις,
607 2325 687 2377 ὅτι
731 2325 787 2376 ἐν
821 2324 958 2396 αὐτῇ
992 2324 1210 2393 ἐγένετο
1253 2325 1398 2395 (97)·
1434 2325 1568 2378 Θεοῦ
1611 2325 1720 2397 γὰρ
1753 2321 1821 2396 ἦν

242 2416 428 2487 σῶμα.
461 2413 534 2470 Εὖ
575 2417 632 2469 δὲ
669 2417 697 2468 6
740 2418 1023 2488 προφήτης
1073 2417 1316 2490 εἴρηκεν,
1362 2416 1696 2484 ἐϐάσταξεο
1729 2421 1824 2475 καὶ

237 2507 344 2564 οὐκ
372 2510 587 2582 εἴρηκε,
617 2510 728 2574 Τὰς
760 2510 1042 2574 ἀσθενείας
1062 2511 1220 2582 ἡμῶν
1247 2511 1404 2574 αὐτὸς
1434 2512 1819 2583 ἐθεράπευσεν,

239 2603 333 2656 ba.
363 2601 464 2672 μὴ,
506 2601 580 2663 ὼς
611 2600 766 2663 ἐκτὸς
811 2598 887 2653 ὢν
928 2599 1022 2652 τοῦ
1068 2599 1339 2670 σώματος,
1385 2601 1479 2652 καὶ
1520 2601 1683 2670 μόνον
1726 2603 1822 2655 αύο

239 2695 304 2746 τὸ
349 2693 462 2764 (98)
504 2692 827 2762 ἰασάμενος,
863 2692 940 2754 ὡς
985 2692 1074 2744 ἀεὶ
1117 2691 1454 2761 πεποίηκεν,
1490 2692 1822 2758 ὑπευθύνους

241 2785 410 2838 πάλιν
437 2784 532 2838 τοῦ
565 2784 797 2837 θανάτου
839 2784 965 2846 τοὺς
1003 2783 1322 2854 ἀνθρώπους
1357 2783 1675 2856 καταλείψῃ.
1711 2784 1823 2849 Τάς

239 2879 299 2929 δὲ
331 2876 616 2939 ἀσθενείας
643 2879 675 2946 ἡ
687 2875 802 2946 μῶν
833 2873 1088 2945 βαστάζει
1129 2873 1269 2945 (99),
1303 2874 1398 2927 καὶ
1428 2875 1526 2939 τὰς
1548 2876 1822 2946 ἁμαρτίας

239 2967 404 3037 ἡμῶν
451 2967 614 3030 αὐτὸς
659 2967 833 3038 φέρει,
875 2967 963 3019 ἵνα
999 2966 1182 3036 δειχθῇ
1214 2967 1294 3018 ὅτι
1333 2983 1392 3018 τε
1436 2967 1722 3038 ἄνθρωπος
1752 2967 1820 3020 δι’

239 3059 394 3127 ἡμᾶς
423 3059 634 3126 γέγονε,
669 3059 764 3111 καὶ
803 3057 960 3127 σῶμα
991 3058 1053 3111 τὸ
1087 3059 1144 3110 ἐν
1177 3055 1325 3127 αύτῷ
1359 3057 1522 3130 φέρον
1553 3059 1721 3122 αὐτὰς
1745 3057 1820 3129 (1)

240 3149 410 3202 αὑτοῦ
463 3149 593 3202 ῐδιόν
628 3151 776 3202 ἐστι·
831 3150 926 3203 καὶ
965 3149 1126 3212 αὐτὸς
1177 3149 1274 3221 μὲν
1321 3149 1472 3202 οὐδὲν
1518 3149 1822 3204 ἐϐλάπτετο

239 3245 534 3315 ἀναφέρων
571 3245 670 3307 τὰς
704 3245 976 3316 ἁμαρτίας
1021 3245 1178 3317 ἡμῶν
1202 3248 1295 3301 ἐπὶ
1322 3247 1384 3300 τὸ
1429 3246 1583 3314 ξύλον
1609 3248 1688 3318 τῷ
1721 3248 1824 3302 σώ-

246 3355 379 3407 ματι
411 3336 595 3398 αὐτοῦ,
637 3337 712 3401 ὡς
741 3333 890 3390 εἶπεν
924 3340 952 3392 6
977 3339 1213 3410 Πέτροςο
1245 3341 1406 3411 ἡμεῖς
1435 3339 1491 3393 δὲ
1537 3341 1584 3392 οἱ
1617 3339 1826 3412 ἄνθρω-

242 3443 362 3490 ποι,
392 3425 502 3478 ἀπὸ
537 3425 634 3496 μὲν
665 3425 771 3479 τῶν
816 3427 961 3480 ἰδίων
996 3428 1184 3480 παθῶν
1213 3429 1604 3501 ἐλυτρούμεθα,
1637 3430 1736 3501 τῆς
1765 3431 1823 3486 δὲ

238 3518 340 3572 τοῦ
369 3518 542 3586 Λόγου
569 3501 914 3589 δικαιοσύνης
935 3519 1322 3591 ὲπληρούμεθα
1351 3520 1453 3592 (2).

321 3610 413 3664 52.
451 3609 613 3662 Ὅθεν
656 3610 753 3680 τῆς
801 3611 1002 3680 σαρκὸς
1035 3611 1371 3681 πασχούσης,
1423 3611 1524 3665 οὐκ
1551 3607 1618 3684 ἦν
1668 3613 1824 3674 ἐκτὸς

244 3700 505 3772 ταύτηςό
528 3701 700 3768 Λόγος
721 3717 734 3731 ·
770 3699 859 3753 διὰ
885 3699 1042 3754 τοῦτο
1063 3699 1172 3773 γὰρ
1202 3701 1367 3754 αὑτοῦ
1402 3701 1618 3771 λέγεται
1649 3702 1827 3755 καὶτὸ

246 3794 457 3857 πάθος·
493 3793 590 3847 καὶ
624 3792 820 3855 θεϊκῶς
853 3793 910 3845 δὲ
945 3793 1224 3856 ποιοῦντος
1263 3793 1428 3847 αὐτοῦ
1467 3793 1536 3847 τὰ
1561 3794 1697 3866 ἔργα
1728 3791 1829 3866 τοῢι

241 3887 487 3959 Ιῐατρὸς,
518 3888 618 3939 οὐκ
642 3883 711 3958 ἦν
731 3886 928 3951 ἔξωθεν
961 3886 1125 3940 αὐτοῦ
1151 3888 1184 3957 ἡ
1217 3886 1390 3959 σάρξ·
1420 3887 1534 3941 ἀλλ’
1575 3889 1633 3942 ὲν
1677 3886 1827 3958 αὐτῷ

240 3978 323 4048 τῷ
349 3977 562 4048 σώματι
604 3977 774 4031 ταῦτα
798 3977 958 4032 πάλιν
996 3979 1025 4030 6
1059 3978 1259 4050 Κύριος
1296 3979 1506 4032 ἐποίει*
1539 3978 1630 4032 διὰ
1667 3979 1827 4032 τοῦτο

324 4133 366 4164 ’³
404 4131 580 4187 Galat.
626 4149 714 4199 ιν,
755 4133 812 4189 4.
887 4133 932 4165 ⁷³
970 4133 990 4187 1
1029 4131 1175 4188 Petr.
1219 4149 1293 4199 tv,
1334 4133 1388 4186 1.
1465 4134 1510 4166 ⁸ο
1548 4133 1762 4188 Coloss.
1802 4148 1863 4200 ιι,
1905 4132 1957 4189 9.

243 4221 308 4264 ιι,
344 4201 419 4255 24

329 4370 449 4460 (91)¹
478 4367 678 4452 Regius
724 4365 957 4460 primus,
999 4364 1228 4434 Seguer.
1264 4363 1479 4437 Anglic.
1513 4364 1732 4420 Gobler.
1774 4376 1826 4421 et
1860 4405 1902 4460 Β

238 4436 393 4503 ιτείὀ.
418 4436 451 4494 ’1
466 4480 479 4503 .
515 4436 861 4508 γεννώμενον.

319 4512 433 4580 (92)
477 4503 608 4578 Reg.
644 4503 704 4580 1,
731 4509 954 4580 Seguer.
989 4505 1208 4580 Goblcr.
1240 4513 1292 4558 et
1326 4503 1471 4559 Felc.
1507 4504 1529 4558 1
1567 4504 1828 4580 omittunt

239 4587 390 4655 ὑπὲρ
417 4574 596 4652 ήμῶν.
642 4579 792 4655 lbid._
815 4575 946 4644 Reg.
981 4577 1005 4629 1
1041 4586 1094 4655 et
1129 4575 1352 4643 Seguer.
1376 4614 1410 4655 ,_
1436 4574 1822 4655 πιστεύσομεν.

242 4644 370 4710 Mai
410 4644 637 4718 uterque
664 4647 864 4718 Regius
883 4644 1297 4718 _cum‘_Seguer.,
1319 4645 1454 4718 πρὸς
1477 4644 1572 4707 οὓς
1594 4644 1824 4718 ἐγίνετο,

241 4714 562 4790 διακοσμῶν
587 4737 653 4797 τε.
679 4714 820 4772 κατὰ
846 4716 922 4797 τὸ.
942 4715 1204 4797 βούλημα.
1251 4714 1387 4797 Reg—.-
1417 4716 1661 4797 2,3«1161
1705 4714 1829 4797 βού-

239 4798 398 4866 λημα
427 4783 531 4852 ,ὐι
564 4791 656 4842 alii
699 4799 753 4842 et
796 4783 966 4852 editi,
1011 4783 1121 4856 qui
1142 4787 1268 4839 item
1303 4786 1506 4840 habent
1552 4784 1689 4856 πρὸς
1735 4783 1829 4849 οὓς

243 4868 485 4920 ἐγένετο.

277 4886 591 5003 γῖξῖξῖύΚαί
635 4928 788 5003 deest
814 4926 871 5003 in
901 4925 1119 4980 Gobler.
1145 4933 1209 5003 _et
1249 4924 1392 5003 Felc.
1432 4925 1482 5003 1ἶ
1536 4923 1636 5003 Hie
1675 4925 1828 5003 locus

242 4995 437 5060 etstat'
461 5001 517 5053 in
547 4999 781 5053 concilio
813 4995 1161 5050 Lateranensi
1193 4997 1296 5050 sub
1327 4995 1562 5050 Martino
1613 4995 1649 5058 Ι,
1695 5005 1732 5048 ι..
1761 4995 1828 5049 Vl

245 5073 582 5132 Concilion,
629 5084 684 5137 p.
731 5066 871 5128 501,
925 5067 1236 5134 diciturque
1277 5080 1398 5120 esse
1445 5067 1510 5117 ὲκ
1553 5064 1648 5118 τοῦ
1687 5066 1831 5119 κατά

257 5137 750 5217 Ἀρειανῶν-λὸγου
780 5143 849 5205 γ’,
877 5151 941 5217 ea:
972 5137 1208 5217 oratione
1252 5145 1408 5217 tertia
1445 5145 1630 5188 contra
1666 5137 1828 5217 Aria-

245 5205 344 5269 ηοὲ
377 5230 396 5267 ;
427 5226 529 5282 pro
560 5205 785 5282 ὕστερον
818 5208 913 5282 καί
935 5246 949 5268 ,
987 5207 1058 5260 ibi
1093 5209 1344 5282 habetur,
1369 5205 1754 5282 ὓστερον-γάρ.

325 5275 443 5349 (94)
482 5279 615 5349 Reg.
658 5275 706 5331 1’
728 5287 784 5333 et
813 5278 1042 5347 Seguer.
1071 5287 1125 5332 et
1148 5275 1404 5331 Lateran.
1435 5275 1643 5332 concil.
1667 5275 1831 5331 omit-

245 5366 368 5412 Iunt
403 5353 468 5405 δι’
499 5353 667 5413 ἡμᾶς.

323 5353 452 5497 (956;
723 5420 769 5497 1
801 5426 855 5473 et
895 5416 1120 5497 $eguer.
1145 5456 1162 5482 ,
1201 5415 1400 5497 laetior.
1436 5417 1550 5497 Alii
1589 5427 1642 5497 et
1671 5418 1845 5497 editi,

247 5486 531 5550 ἰάσασθαι.
564 5486 685 5543 Mox
729 5487 862 5556 Reg.
894 5489 945 5550 1,
998 5487 1222 5556 Seguer.
1257 5486 1476 5542 Gobler.
1506 5495 1559 5541 et
1590 5487 1734 5543 Felc.
1776 5489 1827 5554 1,

245 5566 412 5627 αὐτὸς
449 5561 643 5616 ἐποίει.
675 5560 886 5614 Coneil.
918 5558 1170 5612 Lateran.
1202 5558 1402 5612 omittit
1427 5558 1608 5622 αὑτός,
1637 5559 1830 5612 habet—

247 5654 354 5705 que
399 5637 527 5705 item
563 5630 735 5705 ἐποίει
763 5669 777 5692 ,
809 5628 1160 5705 ubiut-sinit
1206 5628 1381 5705 locus.
1416 5628 1520 5682 Alii
1569 5637 1622 5684 et
1659 5629 1787 5685 editi
1811 5667 1825 5694 ,

246 5697 412 5762 πῡιεῖ.
445 5701 618 5757 Paulo
642 5711 761 5771 post
794 5700 1028 5771 Anglic,
1061 5697 1377 5764 ἑϐἀσταξεν.

1921 515 2085 556 carne
2132 513 2411 574 assumpta
2447 505 2726 559 hominem
2772 502 2975 556 factum
3005 516 3128 556 esse
3152 539 3169 567 ,
3211 510 3373 571 atque
3405 517 3506 571 pro

1921 590 2080 645 nobis
2112 593 2166 644 in
2189 608 2251 646 ea
2269 609 2390 648 esse
2413 609 2656 663 passum,
2675 591 3066 646 utaitPetrus:
3092 590 3304 645 Christo
3340 592 3508 662 igitur

1920 695 2016 748 pro
2042 682 2189 733 nobis
2215 697 2371 750 passo
2395 683 2453 736 in
2480 684 2722 748 carne",
2751 689 2811 736 ut
2839 682 3047 736 scilicet
3073 681 3296 750 planum
3329 682 3506 746 lieret,

1921 786 2222 841 omnesque
2281 774 2628 828 crederemus
2684 789 2810 828 eum
2866 774 3090 842 ipsum,
3145 772 3240 842 qui
3291 787 3508 843 semper

1922 860 2068 918 Deus
2097 862 2220 931 fuit,
2254 873 2308 919 et
2346 880 2462 932 eos,
2490 864 2559 919 ad
2599 881 2738 934 quos
2764 865 3015 931 accessit,
3054 874 3277 920 sanctos
3305 864 3502 930 eﬂ‘ecit,

1921 957 2217 1025 omniaque
2266 955 2422 1026 juxta
2475 955 2658 1012 Patris
2705 957 3040 1011 voluntatem
3112 955 3502 1020 administrat,

1921 1055 2141 1116 propter
2173 1063 2272 1103 nos
2308 1048 2589 1102 hominem
2650 1057 2836 1118 postea
2868 1047 3072 1102 factum
3105 1047 3276 1101 fuisse
3320 1055 3504 1117 atque,

1921 1148 1982 1191 ut
2002 1139 2245 1208 loquitur
2277 1139 2610 1208 Apostolus,
2652 1139 2992 1194 divinitatem
3040 1138 3396 1208 corporaliter
3448 1137 3504 1191 in

1923 1245 2087 1285 carne
2136 1231 2415 1286 habitasse
2438 1233 2506 1298 ⁸ο,
2577 1231 2722 1302 quod
2757 1232 2900 1285 idem
2946 1239 3031 1285 est
3069 1245 3133 1286 ac
3184 1231 3228 1286 si
3278 1231 3503 1295 diceret,

1921 1319 2059 1373 Cum
2093 1319 2236 1375 Deus
2265 1330 2439 1386 esset,
2471 1321 2754 1391 proprium
2789 1319 2982 1374 habuit
3024 1333 3258 1389 corpus,
3294 1335 3404 1389 quo
3447 1327 3508 1373 ut

1923 1413 2288 1468 instrumento
2328 1424 2522 1478 utens,
2561 1413 2725 1468 homo
2770 1421 2990 1483 prapter
3034 1427 3138 1466 nos
3180 1411 3356 1466 iactus
3397 1419 3502 1465 est.

1922 1500 2082 1568 Hinc,
2106 1519 2228 1574 quae
2243 1504 2427 1559 carnis
2449 1514 2576 1560 sunt
2593 1503 2834 1574 propria,
2853 1504 2929 1558 illi
2961 1503 3352 1566 attribuuntur,
3376 1501 3506 1571 quia

1924 1607 2119 1663 nempe
2159 1593 2214 1648 in
2261 1609 2325 1649 ea
2367 1595 2666 1650 exsistebat
2699 1611 2714 1648 :
2749 1595 2829 1650 sic
2871 1611 3002 1665 ergo
3043 1595 3243 1650 dicitur
3273 1593 3505 1656 esurire,

1927 1681 2098 1750 sitire,
2127 1683 2261 1753 pati,
2280 1683 2551 1748 laborare,
2571 1693 2626 1739 et
2649 1684 2849 1739 similia
2879 1700 3000 1754 quae
3029 1685 3096 1739 ad
3129 1699 3348 1739 carnem
3383 1699 3508 1753 per—

1928 1775 2120 1830 tinent.
2162 1775 2232 1830 At
2257 1790 2380 1846 quae
2406 1777 2629 1846 propria
2661 1774 2824 1831 Verbi
2859 1784 3018 1830 erant
3047 1791 3234 1846 opera,
3270 1785 3326 1829 ut
3356 1790 3505 1828 mor-

1929 1878 2050 1924 tuos
2097 1869 2163 1923 ad
2205 1869 2374 1923 vitam
2429 1883 2724 1936 revocare,
2766 1868 2925 1923 caecis
2971 1868 3148 1922 visum
3197 1867 3502 1930 restituere,

1927 1961 2407 2016 haemorrhoissam
2462 1975 2680 2027 sanare,
2735 1974 2830 2029 per
2884 1958 3163 2028 proprium
3215 1957 3507 2027 praestabat

1926 2067 2145 2122 corpus.
2179 2051 2414 2107 Proinde
2450 2050 2681 2107 Verbum
2712 2051 2963 2121 proprias
2991 2051 3174 2105 carnis
3213 2050 3505 2104 inﬁrmita-

1926 2157 2008 2200 tes
2031 2145 2300 2214 portabat,
2334 2145 2463 2214 quia
2504 2159 2632 2198 caro
2676 2159 2774 2199 sua
2815 2152 2933 2198 erat
2963 2160 2976 2196 :
3013 2150 3068 2196 et
3101 2140 3340 2196 vicissim
3375 2155 3505 2195 caro

1925 2237 2224 2292 divinitatis
2265 2234 2521 2306 operibus
2567 2234 2832 2290 faciendis
2878 2233 3228 2298 inserviebat,
3275 2233 3402 2301 quia
3445 2232 3502 2286 in

1927 2328 2016 2381 illa
2053 2334 2190 2393 erat,
2226 2326 2427 2397 quippe
2453 2340 2576 2396 quae
2602 2323 2698 2380 Dei
2728 2339 2928 2394 corpus
2957 2333 3124 2379 esset.
3155 2322 3293 2392 Apte
3319 2331 3500 2376 autem

1927 2417 2185 2487 propheta
2218 2432 2352 2472 voce
2377 2457 2391 2481 ,
2420 2417 2652 2486 portavit
2677 2417 2744 2481 δι,
2775 2431 2909 2470 usus
2930 2423 3013 2468 est
3038 2453 3054 2479 ,
3083 2428 3186 2468 nec
3213 2411 3368 2478 dixit,
3415 2413 3505 2465 ln-

1927 2510 2209 2566 ﬁrmitates
2234 2519 2452 2565 nostras
2485 2508 2732 2575 sanavit,
2764 2524 2832 2562 ne
2859 2516 3012 2562 extra
3037 2521 3236 2575 corpus
3268 2520 3412 2568 esse,
3445 2503 3506 2556 il-

1926 2602 2127 2672 ludque
2156 2602 2420 2656 duntaxat
2448 2615 2661 2663 sanare,
2693 2599 2769 2654 uti
2795 2613 3008 2668 semper
3035 2597 3181 2664 fecit,
3207 2597 3502 2660 videretur,

1927 2705 2090 2762 atque
2120 2693 2315 2747 iterum
2346 2693 2591 2747 homines
2639 2691 2802 2744 morti
2849 2689 3118 2744 obnoxios
3152 2688 3501 2756 relinqueret.

1928 2781 2127 2837 Verum
2177 2791 2397 2837 nostras
2425 2781 2773 2840 infirmitates
2803 2789 3101 2849 nostraque
3136 2789 3354 2847 peccata
3390 2777 3506 2844 ipse

1927 2885 2128 2945 portat,
2157 2885 2216 2930 ut
2241 2875 2497 2929 omnibus
2523 2872 2748 2928 evidens
2777 2873 2869 2936 sit,
2909 2881 2964 2926 et
2988 2871 3262 2925 hominem
3289 2879 3508 2939 propter

1927 2981 2030 3021 nos
2053 2982 2176 3021 eum
2207 2981 2332 3021 esse
2352 2964 2580 3030 factum,
2611 2972 2664 3018 et
2684 2978 2904 3033 corpus,
2933 2963 3081 3033 quod
3107 2963 3161 3018 in
3198 2962 3290 3015 illo
3320 2970 3508 3014 nostra

1926 3065 2142 3127 peccata
2170 3059 2439 3125 portabat,
2470 3057 2750 3125 proprium
2781 3054 2952 3124 ipsius
2978 3070 3119 3110 esse.
3145 3053 3292 3107 Nihil
3325 3062 3506 3106 autem

1923 3151 1972 3206 ei
2002 3150 2188 3205 nocuit
2220 3158 2440 3219 peccata
2479 3157 2666 3204 nostra
2709 3163 2810 3204 suo
2845 3163 3072 3218 corpore
3100 3149 3154 3202 in
3184 3147 3387 3216 lignum
3422 3154 3507 3198 tu—

1923 3241 2075 3308 lisse,
2124 3251 2183 3295 ut
2229 3241 2306 3295 ait
2335 3239 2544 3294 'Petrus
2566 3240 2614 3273 ⁸³
2641 3259 2654 3296 :
2683 3247 2740 3294 at
2768 3253 2871 3294 nos
2899 3238 3147 3294 homines
3178 3236 3337 3308 461
3376 3251 3508 3306 pro«

1923 3334 2058 3404 priis
2101 3333 2480 3389 affectionibus
2512 3332 2725 3387 liberati
2761 3346 2975 3398 sumus,
3015 3339 3068 3386 et
3095 3327 3258 3384 Verbi
3291 3325 3507 3398 justitia

1924 3424 2132 3494 repleti.

1995 3606 2084 3661 5?.
2117 3605 2252 3661 Hinc
2277 3622 2400 3662 cum
2436 3621 2564 3661 caro
2595 3613 2888 3676 pateretur,
2919 3612 3071 3659 extra
3104 3619 3224 3658 eam
3255 3619 3361 3658 non
3389 3613 3508 3660 erat

1928 3698 2188 3766 Verbum,
2216 3715 2338 3770 quae
2367 3715 2534 3754 causa
2563 3709 2645 3754 est
2680 3714 2777 3752 cur
2820 3697 2941 3767 ejus
2983 3713 3104 3753 esse
3135 3699 3319 3767 passio
3351 3697 3500 3754 dica-

1927 3799 2036 3845 tur.
2087 3790 2224 3846 Cum
2265 3791 2390 3844 item
2433 3791 2549 3859 ipse
2597 3787 2777 3843 Patris
2817 3803 2981 3857 opera
3025 3790 3207 3844 divine
3248 3790 3504 3855 eﬂiceret,

1927 3893 2079 3938 extra
2108 3885 2284 3953 ipsum
2320 3899 2428 3937 non
2455 3893 2572 3937 erat
2599 3898 2748 3946 caro,
2780 3883 2872 3937 sed
2899 3882 2950 3936 in
2986 3882 3104 3952 ipso
3135 3897 3366 3952 corpore
3394 3883 3508 3938 haec

1927 3973 2192 4031 eﬂiciebat
2222 3972 2504 4030 Dominus.
2534 3974 2743 4030 Idcirco
2785 3975 2929 4029 enim
2966 3973 3144 4029 factus
3188 3973 3352 4029 homo
3398 3976 3510 4030 aie-

2075 4130 2119 4162 ⁸¹
2162 4131 2269 4185 lsa.
2312 4147 2446 4199 Ltu,
2487 4131 2559 4199 4;
2599 4131 2791 4187 Matth.
2836 4146 2959 4198 vm,
3002 4131 3089 4184 17.
3208 4131 3254 4162 ⁸⁸
3297 4132 3316 4186 1
3356 4131 3505 4188 Petr.

2002 4367 2114 4443 (99)
2154 4368 2374 4443 (jobler.
2407 4381 2460 4426 et
2481 4369 2628 4426 Felc.
2672 4371 2724 4435 1,
2756 4371 2789 4443 ἠ
2823 4370 2995 4443 σάρξ·
3034 4371 3066 4442 ἡ
3097 4369 3153 4443 δὲ
3191 4369 3359 4443 σάρξ,
3399 4381 3504 4443 etc.

2002 4439 2115 4508 (97)
2156 4439 2356 4511 Regius
2405 4443 2616 4511 primus
2663 4451 2715 4496 et
2769 4439 3017 4511 Seguer.,
3057 4439 3287 4509 ἐγίνετο.
3341 4442 3506 4497 lidem

1929 4524 2061 4582 mort
2087 4510 2312 4582 et‘Reg.
2357 4510 2429 4576 ‘2,
2477 4513 2686 4582 Anglic.
2723 4510 2938 4566 Gobler.
2981 4512 3128 4566 Felr.
3160 4512 3184 4565 1
3217 4520 3270 4565 et
3300 4511 3350 4578 5,
3380 4513 3507 4566 ἐδάη

1932 4579 2110 4700 σταὲε.
2148 4578 2426 4650 Scriptura
2450 4623 2466 4646 ,
2497 4578 2817 4636 ἐϐάστασεν.
2863 4582 3054 4637 Caeteri
3087 4591 3142 4637 et
3184 4582 3344 4644 editi,
3376 4582 3504 4637 ἐϐά-

1932 4664 2032 4700 στα
2071 4666 2116 4700 ε.

1932 4664 2116 4702 σταιε.

1938 4762 1952 4773 .
2001 4719 2120 4792 (98)
2158 4717 2359 4792 Regius
2394 4721 2442 4785 1,
2495 4721 2718 4790 Seguer.
2775 4730 2835 4792 et
2857 4723 3067 4792 Anglic.
3118 4721 3322 4792 addunt
3353 4722 3504 4786 αὑτό,

1929 4789 2162 4860 quodin
2198 4791 2318 4860 aliis
2344 4800 2398 4844 et
2419 4789 2588 4844 editis
2609 4792 2782 4845 deest.
2816 4789 2984 4845 Paulo
3016 4801 3132 4860 post
3174 4791 3365 4853 Basil.,
3395 4795 3503 4845 πά-

1929 4857 2012 4983 λὲιν
2035 4857 2112 4928 τῷ
2137 4858 2371 4931 θανάτῳ.
2399 4859 2504 4914 Alii
2531 4871 2584 4915 et
2609 4863 2774 4916 editio
2804 4857 3258 4928 Οοιιιιιὶὲιηπάλιν
3287 4861 3382 4913 τοῦ
3413 4861 3508 4914 θα-

1929 4945 1957 4980 ν
1998 4945 2109 4983 του.

1929 4945 2109 4983 νατου.

2004 4998 2125 5072 (99)
2157 4997 2359 5069 Regius
2406 5001 2430 5053 1
2486 5010 2540 5055 el
2579 4999 2826 5069 Seguer.,
2870 5001 3032 5065 αὐτὸς
3068 5001 3346 5072 βαστάζει.
3384 5001 3506 5056 Mox

1931 5067 2072 5143 Fele.
2093 5067 2138 5143 :2
2165 5083 2219 5124 et
2244 5067 2400 5132 dediti.
2428 5072 2508 5125 ὅτι
2535 5072 2627 5125 καὶ
2656 5067 2958 5143 ἄνθρωπος.
3001 5067 3194 5127 Caneri
3237 5089 3397 5137 mss.,
3424 5073 3506 5126 ὅτι

1930 5157 1989 5193 τε
2017 5139 2114 5193 άνθ
2122 5157 2323 5204 ρωπος.

1977 5210 2080 5334 ν(1⁵)
2121 5210 2266 5266 Fele.
2313 5212 2348 5265 2
2377 5221 2432 5270 et
2455 5213 2621 5268 editio
2650 5212 2941 5280 Commel.,
2969 5211 3150 5276 αὐτός.
3196 5211 3302 5266 Alii
3347 5227 3505 5276 mss.,

1977 5299 2032 5333 υτ
2075 5299 2119 5334 ξ.

1930 5298 2119 5344 αυτας.

2003 5353 2079 5424 (2)
2127 5349 2265 5424 μειοῖ
2303 5353 2501 5416 verba,
2548 5352 2647 5423 τῆς
2693 5353 2748 5407 δὲ
2793 5351 2888 5406 τοῦ
2940 5349 3507 5424 Λόγου-δικαιοσύνης

1931 5421 2350 5493 ἐπληρούμεθα,
2383 5424 2580 5477 absunt
2607 5421 2653 5476 'a
2690 5424 2995 5478 Goblerian.
3031 5433 3084 5476 et
3112 5421 3258 5477 Felc.
3309 5424 3329 5475 1
3357 5463 3370 5486 ,
3408 5421 3507 5493 nec

1930 5491 2091 5544 vertit
2121 5491 2368 5545 Nannius
2407 5493 2458 5544 in
2492 5493 2729 5547 editione
2755 5493 3024 5547 Cmnmel.
3051 5493 3118 5545 At
3153 5493 3424 5546 habentur
3450 5491 3505 5544 in

1933 5561 2378 5686 textiliorggiflegio,
2415 5563 2734 5634 Seguerian.
2763 5562 2925 5620 Basil.
2957 5563 3170 5634 Anglic.
3195 5561 3345 5619 Felc.
3372 5560 3506 5630 2,2’,

2037 5649 2050 5684 ι
2215 5649 2278 5686 IS.

1931 5640 1984 5684 et
2015 5633 2068 5686 in
2099 5633 2278 5688 editis.
