3834 6220
349 273 458 331 395

921 269 980 324 S.
1019 263 1406 324 ATHANASII
1443 261 1592 318 OPP.
1634 257 1814 315 PARS
1851 257 1892 312 Ι.
1929 287 1997 297 -
2035 248 2408 308 HISTORICA
2446 243 2536 302 ΕΤ
2577 243 3000 302 DOGMATICA.

3493 236 3602 294 596

349 387 496 451 tatis,
519 401 550 443 e
576 394 720 442 terra
740 385 1062 448 excitamur,
1089 385 1265 438 soluta
1293 383 1497 453 peccati
1520 377 1918 439 maledictione,

2048 371 2131 425 ιπὸ
2159 371 2262 440 γῆς
2287 408 2303 434 ,
2345 365 2600 434 λυθείσης
2637 363 2736 434 τῆς
2781 361 2849 414 δι’
2892 358 3167 430 ἁμαρτίαν
3198 354 3310 429 (22)
3353 354 3601 428 κατάρας

349 479 472 547 ejus
501 480 719 544 merito,
753 478 846 548 qui
879 477 933 531 in
966 476 1147 540 nobis,
1176 473 1349 530 nostri
1379 472 1572 543 gratia,
1615 469 1920 524 maledictio

2048 463 2108 516 id
2138 458 2232 514 τδν
2260 461 2317 512 ὲν
2351 459 2483 527 ἡμῖν
2517 455 2657 526 ὑπὲρ
2689 451 2847 524 ἡμῶν
2878 451 3168 520 γενόμενον
3195 448 3472 518 κατάραψ
3507 449 3608 502 καὶ

351 538 528 623 factus
577 538 716 633 est,
768 538 932 635 idque
977 538 1271 620 admodum
1327 538 1728 616 convenienter.
1783 555 1920 610 Nam

2056 553 2251 614 ίκότως
2278 566 2364 618 γε.
2400 547 2613 617 Ὥσπερ
2645 544 2756 616 γὰρ
2780 546 2847 596 ὲκ
2873 544 2976 615 γῆς
3002 542 3156 604 ὄντες
3195 539 3397 603 πάντες
3438 542 3496 593 ὲν
3527 538 3606 609 τῷ

350 659 806 730 quemadmodum
833 673 933 712 nos
967 670 1178 721 omnes,
1207 664 1267 708 ut
1299 653 1393 722 qui
1427 667 1496 706 ex
1523 660 1667 706 terra
1694 664 1885 705 sumus
1905 690 1921 714 ,

350 747 404 802 in
444 746 615 802 Adam
647 747 915 801 morimur
952 763 968 800 :
1017 745 1089 799 ita
1116 758 1183 798 ex
1211 756 1351 812 aqua
1383 749 1438 795 et
1478 739 1673 810 spiritu
1703 752 1924 793 sursum

350 837 649 906 regenerati
675 877 690 903 ,
727 851 920 890 omnes
957 835 1012 888 in
1044 833 1263 888 Christo
1295 830 1402 883 vita
1447 829 1739 895 donamur,
1767 826 1924 897 quasi

350 942 478 981 caro
517 944 627 982 non
665 928 778 998 jam
807 927 1086 982 terrestris
1107 967 1122 989 ,
1159 925 1252 979 sed
1282 921 1519 976 Verbum
1562 930 1616 976 et
1648 921 1763 990 ipsa
1794 918 1928 974 effe-

351 1027 437 1071 cta
461 1027 604 1073 esset
633 1019 704 1073 ob
745 1018 925 1088 ipsum
960 1016 1054 1071 Dei
1097 1014 1354 1080 Verbum,
1386 1013 1530 1084 quod
1559 1011 1733 1066 nostri
1761 1024 1928 1067 causa

351 1125 481 1165 caro
520 1109 725 1162 factum
753 1117 856 1162 est.

423 1202 512 1255 54.
557 1199 629 1254 Ut
681 1208 865 1254 autem
908 1198 1221 1254 accuratius
1255 1196 1513 1267 cognosci
1553 1194 1728 1266 possit
1771 1204 1932 1250 natu.

353 1308 471 1346 ram
503 1289 667 1346 Verbi
706 1290 818 1361 pati
857 1291 993 1343 nihil
1024 1305 1205 1359 posse,
1251 1289 1541 1356 carnisque
1588 1286 1931 1340 inﬁrmitates

355 1393 574 1453 propter
596 1398 812 1437 carnem
844 1383 945 1452 ipsi
969 1381 1211 1445 attribui,
1239 1381 1378 1434 haud
1406 1380 1564 1434 absre
1589 1377 1692 1432 erit
1713 1378 1928 1432 beatum

355 1473 576 1529 Petrum
610 1473 841 1528 audire:
875 1473 1073 1544 dignus
1104 1472 1370 1541 siquidem
1419 1471 1573 1524 testis
1610 1476 1694 1524 est
1733 1469 1821 1523 cui
1865 1466 1931 1522 de

359 1566 643 1621 Salvatore
667 1565 865 1619 dicenti
896 1563 1031 1619 ﬁdes
1073 1563 1359 1618 habeatur.
1411 1561 1503 1616 Sic
1542 1577 1671 1631 ergo
1715 1561 1768 1614 in
1801 1558 1928 1629 Epi-

359 1658 495 1712 stola
525 1656 748 1711 scribit:
778 1655 985 1709 Christo
1014 1655 1177 1724 igitur
1208 1670 1300 1723 pro
1328 1653 1475 1706 nobis
1508 1669 1664 1706 carne
1694 1669 1846 1721 passo
1861 1651 1927 1706 ⁸9.

357 1747 590 1802 Proinde
613 1761 738 1801 cum
760 1746 970 1800 esurire
992 1745 1190 1799 dicitur
1211 1753 1264 1797 et
1287 1744 1460 1807 sitire,
1486 1743 1755 1807 laborare,
1784 1743 1935 1812 igno—
1964 1731 2006 1784 Β

358 1854 502 1905 rare,
529 1837 787 1903 dormire,
814 1834 964 1900 ﬂere,
1004 1834 1305 1904 postulare,
1338 1833 1546 1903 fugere,
1597 1838 1772 1899 nasci,
1807 1833 1937 1886 cali-

358 1945 476 1984 cem
496 1927 794 1998 deprecari,
816 1942 881 1982 ac
894 1926 1127 1996 denique
1148 1941 1488 1995 quaecunque
1514 1925 1696 1980 carnis
1720 1924 1937 1994 pr0pria

360 2030 508 2084 sunt,
530 2021 596 2075 de
611 2018 838 2090 singulis
859 2025 1004 2073 recte
1017 2017 1122 2072 dici
1144 2017 1347 2087 possit:
1373 2016 1595 2071 Christo
1618 2016 1803 2086 igitur,
1824 2030 1942 2071 car-

364 2126 546 2182 nepro
565 2110 743 2175 nobis,
768 2109 1044 2165 esuriente
1064 2116 1118 2163 et
1141 2108 1378 2172 sitiente,
1404 2123 1569 2178 seque
1592 2108 1844 2176 ignorare
1866 2108 1941 2162 di-

365 2215 543 2260 cente.
572 2201 818 2272 c0laphis
846 2215 1008 2263 caeso,
1028 2208 1081 2254 et
1120 2199 1404 2254 laborante
1425 2216 1524 2268 pro
1553 2199 1709 2254 nobis
1732 2213 1895 2253 carne
1923 2216 1935 2251 :

361 2295 598 2349 exaltato
621 2295 770 2359 item,
794 2304 1070 2358 nascente,
1089 2300 1391 2356 crescente,
1420 2307 1618 2356 carne;
1646 2291 1868 2344 timente
1889 2301 1941 2344 et

362 2388 578 2451 latente,
596 2401 780 2452 carne;
799 2400 862 2439 ac
876 2384 1087 2438 dicente
1098 2383 1365 2448 similiter,
1386 2381 1445 2436 Si
1459 2383 1575 2450 fieri
1588 2381 1940 2454 potest,463

365 2488 595 2533 transeat
617 2495 650 2532 a
676 2493 757 2530 me
772 2475 912 2530 calix
928 2477 1025 2528 iste
1039 2473 1108 2540 ’°,
1127 2475 1420 2544 vapulante
1442 2483 1496 2528 et
1521 2475 1822 2544 accipiente
1845 2489 1940 2542 pro

366 2571 522 2625 nobis
545 2584 710 2624 carne
741 2587 754 2621 :
783 2568 837 2621 in
864 2566 1074 2622 caeteris
1121 2565 1341 2620 demum
1375 2565 1648 2619 similibus
1686 2565 1789 2618 rite
1816 2563 1941 2617 addi

365 2672 546 2732 queat,
576 2678 671 2731 pro
698 2661 847 2714 nobis
868 2658 1285 2713 carne.'ldcirco
1320 2659 1465 2712 enim
1495 2667 1548 2712 et
1577 2659 1691 2726 ipse
1711 2657 1942 2727 Aposto-

366 2753 454 2807 lus
472 2753 622 2814 dicit,
659 2749 870 2806 Christo
916 2751 1084 2819 igitur
1125 2766 1304 2818 passo,
1343 2763 1453 2802 non
1501 2749 1815 2809 divinitate,
1847 2748 1942 2803 sed

358 2859 462 2912 pro
493 2841 639 2894 nobis
670 2857 846 2904 carne,
863 2850 924 2894 ut
951 2840 1054 2893 illa:
1077 2838 1390 2893 a'ﬂ‘ectiones
1408 2852 1514 2892 non
1533 2839 1765 2908 propriae
1781 2837 1942 2894 Verbi

371 2944 599 3000 naturae,
645 2934 738 2988 sed
781 2933 965 2987 carnis
1010 2941 1203 2986 natura
1247 2930 1483 3000 propria:
1532 2946 1653 2985 esse
1683 2947 1944 3002 agnosce-

368 3035 577 3080 rentur.
625 3025 837 3080 Nemini
876 3025 1045 3095 igitur
1087 3026 1202 3078 bzec
1248 3024 1484 3076 humana
1529 3023 1638 3077 sint
1669 3023 1941 3089 seandalo,

371 3117 466 3172 sed
495 3130 686 3171 omnes
713 3115 894 3184 potius
927 3126 1291 3184 agnoscamus
1324 3107 1562 3165 Verbum
1593 3113 1808 3180 quidem
1843 3127 1944 3182 pro

363 3216 579 3268 natura:
609 3222 722 3263 suae
752 3206 1065 3261 conditione
1094 3204 1230 3258 nihil
1259 3203 1372 3274 pali
1397 3219 1582 3272 posse,
1612 3204 1702 3258 sed
1728 3215 1945 3274 propter

369 3313 591 3354 carnem
630 3312 794 3368 quam
841 3295 1017 3350 induit
1065 3296 1168 3350 ista
1207 3293 1286 3349 illi
1317 3295 1562 3358 attribui,
1596 3296 1725 3365 quia
1753 3311 1946 3365 nempe

371 3391 488 3444 haec
519 3389 703 3444 carnis
727 3387 945 3458 propria
985 3395 1114 3441 sunt
1146 3388 1433 3457 ipsumque
1463 3385 1944 3456 corpus‘Salvato-

371 3479 449 3532 ris
489 3486 572 3533 est
613 3477 918 3548 proprium.
953 3473 1220 3540 Quocirca
1270 3475 1360 3529 ille
1404 3475 1642 3544 quidem,
1673 3475 1836 3528 nullis
1876 3489 1944 3528 ex

373 3577 568 3623 natura
587 3583 687 3622 sua
710 3567 981 3621 obnoxius
999 3565 1400 3631 atl'ectionibus,
1433 3565 1592 3619 sicuti
1621 3573 1702 3620 est
1731 3581 1944 3635 perma-

373 3669 482 3725 net,
517 3674 617 3713 nec
647 3659 715 3713 ab
752 3659 838 3714 bis
876 3658 1107 3722 laeditur,
1141 3658 1233 3712 sed
1265 3672 1358 3712 eas
1382 3659 1564 3726 potius
1595 3657 1736 3711 dele‘t
1767 3667 1819 3711 et
1849 3674 1944 3712 ex-

373 3752 627 3806 terminat
670 3769 683 3805 :
743 3751 990 3804 homines
1042 3757 1240 3812 autem,
1287 3747 1421 3817 ipsis
1472 3747 1848 3802 affectionibus
1889 3751 1942 3802 in

373 3845 546 3910 illum,
575 3843 668 3913 qui
698 3857 884 3896 earum
913 3855 1107 3911 expers
1135 3850 1238 3903 est,
1266 3840 1430 3895 veluti
1462 3841 1740 3895 translatis
1771 3851 1824 3894 et
1850 3843 1946 3894 de-

374 3937 517 4002 letis,
552 3936 620 3990 iis
646 3943 701 3988 et
740 3934 842 4002 ipsi
887 3933 1042 3987 liberi
1090 3934 1292 4001 pariter
1334 3932 1390 3984 in
1431 3941 1751 4001 perpetuum
1785 3934 1942 3998 ﬁunt,

349 4026 832 4098 quemadmodum
872 4025 958 4077 bis
985 4023 1164 4078 verbis
1196 4021 1435 4076 Joannes
1465 4023 1622 4075 docet
1649 4041 1661 4074 :
1701 4020 1768 4074 Et
1799 4024 1944 4078 scitis

374 4119 513 4189 quod
549 4116 639 4171 ille
665 4115 936 4185 apparuit,
959 4123 1017 4167 ut
1047 4121 1262 4183 peccata
1294 4120 1474 4166 nostra
1496 4113 1720 4176 tolleret,
1750 4124 1800 4167 et
1827 4132 1947 4184 pec-

445 4249 706 4321 “.1Petr.
747 4267 818 4316 iv,
858 4251 908 4304 1.
983 4248 1030 4282 ⁹⁰
1068 4247 1259 4302 Matth.
1292 4263 1444 4312 xxvr,
1474 4247 1564 4301 '59.

2036 645 2206 715 Ἀδὰμ
2235 641 2652 710 ἀποθνήσκομεν
2675 677 2690 702 ,
2734 636 2906 699 οὕτως
2951 633 3157 689 ἀνωθεν
3189 632 3249 696 ἐξ
3281 631 3470 694 ὓδατος
3511 631 3606 684 καὶ

2025 737 2335 806 πνεύματος
2369 730 2862 802 άναγεννηθέντες,
2917 731 2974 780 ὲν
3019 726 3097 796 τῷ
3138 723 3360 796 Χριστῷ
3405 723 3606 786 πάντες

2027 825 2458 896 ζωοποιούμεθα,
2482 823 2666 876 οὐκέτι
2698 822 2772 884 ὡς
2805 821 3020 890 γηΐνης,
3047 816 3182 870 ἀλλὰ
3216 815 3399 868 λοιπὸν
3434 815 3608 882 λογω-

2028 919 2212 989 θείσης
2246 919 2345 988 τῆς
2393 917 2593 985 σαρκὸς
2622 913 2710 966 διὰ
2741 913 2832 966 τὸν
2863 911 2956 965 τοῦ
2991 908 3126 963 Θεοῦ
3165 909 3335 977 Λόγον
3371 906 3504 978 (25),
3546 905 3608 968 ὃς

2029 1011 2094 1064 δι’
2118 1011 2265 1082 ἡμᾶς
2288 1009 2505 1078 ἐγένετο
2536 1006 2691 1079 σάρξ.

2099 1210 2189 1267 54.
2233 1209 2352 1262 Ἵνα
2379 1207 2436 1260 δὲ
2459 1207 2553 1261 καὶ
2578 1205 2637 1259 τὺ
2671 1202 2878 1266 ἀπαθὲς
2903 1201 3001 1271 τῆς
3029 1196 3125 1253 τοῦ
3157 1197 3331 1266 Λόγου
3364 1195 3602 1265 φύσεως,

2032 1303 2248 1367 καὶτὰς
2286 1300 2374 1354 διὰ
2414 1301 2513 1370 τὴν
2556 1299 2733 1369 σάρκα
2771 1293 3065 1364 λεγομένας
3109 1288 3389 1350 ἀσθενείας
3436 1285 3603 1341 αὐτοῦ

2031 1393 2320 1464 γινώσκειν
2353 1406 2434 1452 τις
2465 1385 2850 1458 ἀκριϐέστερον
2879 1382 2979 1452 ἔχῃ
3008 1377 3142 1449 (24),
3177 1375 3340 1464 καλὸν
3373 1373 3606 1464 ἀκοῦσαι

2030 1461 2124 1539 τοῦ
2152 1482 2425 1556 μακαρίου
2467 1480 2696 1549 Πέτρουο
2723 1475 3032 1542 ἀξιόπιστος
3069 1470 3177 1542 γὰρ
3223 1461 3378 1531 οὗτος
3407 1462 3607 1535 γένοιτ’
3705 1483 3712 1494 “

2031 1575 2098 1629 ἂν
2135 1573 2343 1645 μάρτυς
2371 1569 2497 1640 περ)¹
2528 1567 2620 1621 τοῦ
2651 1565 2899 1636 Σωτῆρος
2920 1579 2935 1592 °
2975 1560 3177 1631 γράφει
3212 1558 3392 1611 τοίνυν
3438 1559 3496 1610 ὲν
3537 1557 3607 1626 τῇ

2045 1663 2331 1734 Ἐπιστολῇ
2360 1661 2552 1730 λέγων·
2579 1657 2830 1729 Χριστοῦ
2853 1654 2963 1726 (25)
2989 1650 3102 1707 οὖν
3128 1652 3423 1716 παθόντος
3452 1649 3612 1716 ὑπὲρ

2037 1755 2205 1827 ἡμῶν
2241 1756 2440 1823 σαρκί.
2493 1751 2700 1807 Οὐκοῦν
2729 1749 2820 1802 καὶ
2856 1749 2982 1800 ὅταν
3016 1745 3240 1817 λέγηται
3269 1744 3481 1811 πεινᾷν,
3512 1741 3610 1796 καὶ

2037 1847 2197 1919 διψᾷν
2221 1889 2235 1907 ,
2267 1847 2363 1899 καὶ
2414 1845 2648 1914 κάμνειν
2673 1884 2688 1908 ,
2723 1840 2816 1892 κα).
2869 1839 2942 1908 μὴ
2995 1836 3192 1889 εἰδέναι
3219 1874 3234 1899 ,
3278 1834 3373 1886 κα)⁵
3415 1832 3614 1886 καθεύ-

2037 1940 2148 1993 δειν
2180 1937 2315 2010 (26),
2347 1935 2442 1990 καὶ
2472 1933 2700 1996 κλαίειν,
2743 1931 2836 1984 καὶ
2882 1930 3073 1990 αἰτεῖν,
3108 1929 3201 1980 καὶ
3234 1925 3479 1995 φεύγειν,
3516 1923 3615 1976 καὶ

2039 2029 2350 2099 γεννᾶσθαι,
2372 2028 2466 2080 καὶ
2495 2021 2877 2096 παραιτεῖσθαι
2909 2019 2969 2073 τὸ
3000 2019 3279 2089 ποτήριον,
3302 2017 3395 2069 καὶ
3423 2015 3614 2078 ἁπλῶς

2041 2121 2215 2175 πάντα
2253 2121 2322 2174 τὰ
2366 2117 2465 2190 τῆς
2505 2117 2705 2188 σαρκὸς
2730 2153 2746 2178 ,
2788 2114 3008 2185 λεχθείη
3058 2112 3124 2165 ἂν
3172 2108 3479 2172 ἀκολούθως
3526 2108 3614 2174 ἐφ’

2042 2216 2300 2268 ἑκάστουο
2339 2209 2574 2282 Χριστοῦ
2608 2205 2700 2262 οὖν
2736 2205 3025 2268 πεινῶντος
3064 2207 3158 2258 καὶ
3185 2203 3444 2273 διψῶντος
3472 2201 3618 2272 ὑπὲρ

2039 2308 2196 2380 ἡμῶν
2232 2305 2432 2376 σαρκί·
2478 2303 2572 2356 κα).
2610 2303 2684 2374 μὴ
2716 2301 2912 2356 εἰδέναι
2939 2301 3190 2368 λέγοντος
3229 2298 3341 2370 (27)
3381 2298 3475 2350 καὶ
3511 2299 3616 2368 ῥα-

2043 2397 2338 2466 πιζομένου
2365 2436 2378 2458 ,
2415 2394 2510 2447 καὶ
2551 2395 2847 2463 κάμνοντος
2893 2391 3033 2462 ὑπὲρ
3077 2390 3231 2460 ἡμῶν
3279 2389 3473 2459 σαρκί·
3523 2385 3620 2440 καὶ

2042 2489 2345 2560 ὑψουμένου
2395 2487 2576 2552 πάλιν,
2631 2487 2723 2539 κα).
2751 2484 3123 2554 γεννωμένου,
3171 2481 3264 2536 κα).
3296 2480 3620 2543 αὐξάνοντος

2045 2580 2206 2652 σαρκί
2236 2597 2249 2609 °
2296 2579 2390 2632 καὶ
2436 2577 2806 2647 φοϐουμένου,
2850 2573 2943 2626 καὶ
2983 2572 3358 2643 κρυπτομένου
3413 2569 3614 2640 σαρκίο

2041 2674 2135 2726 καὶ
2158 2671 2425 2739 λέγοντος,
2445 2671 2514 2722 Εἰ
2539 2666 2817 2726 δυνατὸν,
2848 2663 3186 2732 παρελθέτω
3207 2662 3306 2715 ἀπ’
3330 2660 3476 2729 ἐμοῦ
3500 2659 3620 2727 (28)

2041 2761 2107 2814 τὸ
2151 2757 2431 2825 ποτήριον
2471 2756 2682 2821 τοῦτο,
2727 2755 2824 2807 κα)⁸
2871 2752 3228 2822 τυπτομένου,
3269 2751 3362 2802 καὶ
3406 2748 3624 2819 λαμεά-

2043 2868 2223 2913 νοντος
2284 2849 2424 2918 ὑπὲρ
2453 2847 2606 2918 ἡμῶν
2636 2845 2829 2916 σαρκί·
2865 2844 2956 2896 καὶ
2984 2843 3119 2905 ὅλως
3144 2841 3321 2895 πάντα
3344 2841 3411 2894 τὰ
3431 2840 3620 2894 τοιαῦ-

2043 2959 2113 2995 τα
2143 2941 2252 3012 (29)
2301 2940 2451 3007 ὑπὲρ
2505 2937 2675 3007 ἡμῶν
2709 2939 2910 3006 σαρκί.
2971 2937 3081 2988 Καὶ
3110 2936 3218 3006 γὰρ
3256 2935 3350 2988 καὶ
3391 2933 3554 2996 αὐτὸς
3587 2934 3624 2988 ὁ

2059 3031 2376 3094 Ἀπόστολος
2407 3031 2494 3084 διὰ
2527 3029 2669 3082 τοῦτ’
2705 3031 2911 3098 εἴρηκε,
2952 3027 3207 3095 Χριστοῦ
3246 3021 3358 3081 οὖν
3398 3027 3623 3080 παθόν-

2044 3140 2144 3188 τος
2183 3125 2256 3176 οὑ
2289 3122 2542 3188 θεότητι,
2572 3121 2710 3174 ἀλλ’
2745 3118 2896 3186 ὑπὲρ
2941 3116 3112 3186 ἡμῶν
3158 3117 3361 3184 σαρκὶ,
3405 3117 3495 3170 ἵνα
3544 3115 3625 3188 μὴ

2046 3211 2213 3266 αὐτοῦ
2243 3211 2337 3265 τοῦ
2373 3213 2548 3279 Λόγου
2585 3210 2691 3262 ἴδια
2733 3210 2875 3263 κατὰ
2921 3208 3102 3278 φύσιν,
3151 3207 3266 3260 ἀλλ’
3314 3207 3485 3277 αὐτῆς
3518 3206 3628 3277 τῆς

2047 3301 2246 3372 σαρκὸς
2280 3301 2387 3354 ἴδια
2438 3299 2597 3368 φύσει
2634 3297 2700 3352 τὰ
2747 3297 2893 3370 πάθη
2947 3296 3275 3368 ἐπιγνωσθῇ.
3313 3295 3405 3367 Μὴ
3436 3295 3629 3349 τοίνυν

2044 3393 2110 3447 ὲκ
2138 3391 2245 3444 τῶν
2277 3390 2632 3462 ἀνθρωπίνων
2680 3405 2765 3451 τις
2802 3385 3268 3452 σκανδαλιξέσθω,
3298 3386 3434 3440 ἀλλά
3474 3386 3628 3455 μᾶλ-

2043 3483 2134 3535 λον
2161 3481 2493 3549 γινωσκέτω,
2537 3480 2613 3542 ὡς
2647 3480 2746 3550 τὴν
2787 3478 2946 3546 φύσιν
2973 3477 3135 3540 αὐτὸς
3185 3477 3214 3528 ὁ
3259 3478 3430 3545 Λόγος
3474 3477 3628 3531 ἀπα-

2050 3572 2148 3642 θής
2179 3573 2315 3634 ἐστι,
2353 3572 2446 3623 καὶ
2475 3571 2625 3640 ὅμως
2649 3571 2758 3640 (50)
2780 3568 2849 3621 δι’
2881 3569 2946 3640 ἢν
2979 3567 3264 3621 ἐνεδύσατο
3299 3568 3497 3636 σάρκα,
3534 3568 3629 3622 λέ-

2048 3678 2202 3730 γεται
2265 3661 2388 3732 περὶ
2421 3661 2586 3713 αὐτοῦ
2629 3659 2838 3726 ταῦτα,
2891 3659 3077 3730 ἐπειδὴ
3121 3659 3222 3730 τῆς
3266 3659 3362 3729 μὲν
3410 3659 3627 3729 σαρκὸς

2050 3754 2156 3808 ἴδια
2187 3753 2380 3819 ταῦτα,
2407 3753 2500 3807 τοῦ
2527 3753 2584 3807 δὲ
2618 3754 2866 3824 Σωτῆρος
2895 3751 3022 3805 ἴδιον
3049 3753 3181 3806 αὐτὸ
3206 3752 3267 3806 τὸ
3294 3751 3470 3822 σῶμα.
3506 3753 3628 3805 Καὶ

2049 3846 2214 3910 αὐτὸς
2249 3847 2347 3918 μὲν
2377 3846 2594 3916 ἀπαθὴς
2637 3845 2734 3916 τὴν
2768 3845 2948 3912 φύσιν,
2993 3845 3070 3908 ὡς
3101 3843 3216 3897 ἔστι
3262 3843 3395 3912 (51),
3425 3842 3627 3914 διαμέο

2045 3955 2146 4003 νει,
2187 3938 2262 4008 μὴ
2305 3937 2676 4008 βλαπτόμενος
2709 3936 2815 3990 ἀπὺ
2867 3936 3091 3998 τούτων,
3126 3934 3262 3989 ἀλλά
3298 3934 3497 4005 μᾶλλον
3532 3935 3622 4002 ἑξ-

2047 4028 2324 4097 αφανίςων
2348 4029 2442 4080 καὶ
2471 4028 2751 4100 ἀπολλύων
2768 4028 2924 4081 αὐτά·
2943 4028 2992 4080 οἱ
3015 4027 3070 4080 δὲ
3091 4027 3386 4098 ἄνθρωποι,
3411 4026 3486 4090 ὡς
3504 4027 3624 4099 (52)

2048 4123 2128 4184 εἰς
2159 4121 2249 4176 τὸν
2290 4121 2478 4190 ἀπαθῆ
2529 4121 2876 4192 μεταϐάντων
2908 4119 3087 4174 αὐτῶν
3134 4118 3241 4172 τῶν
3293 4118 3480 4172 παθῶν
3523 4121 3628 4174 καὶ

448 4360 572 4441 (22).
592 4359 682 4414 Sic
717 4359 917 4441 Regius
942 4357 1537 4441 primus,‘S_egueI:ian.
1572 4366 1627 4413 et
1661 4359 1938 4441 concilium

2053 4362 2264 4441 τοριαὶ
2282 4379 2647 4441 ,τυπτομεν-ου.

377 4429 734 4510 EplieSinu_m.
764 4429 867 4485 Alii
891 4429 1020 4510 vero
1044 4445 1166 4484 cum
1185 4430 1374 4510 editis,
1401 4429 1466 4510 ξι)
1492 4429 1786 4510 ἁμαρτίας.
1821 4431 1946 4510 Mox

363 4499 499 4624 ἒόει
542 4501 831 4571 γενόμενον
872 4501 1116 4570 κατάραν
1167 4499 1365 4554 desinit
1416 4499 1572 4554 locus
1614 4499 1670 4553 iu
1714 4501 1947 4555 concilio

425 4571 650 4624 obesiuo
677 4580 734 4624 et
754 4568 1205 4624 Chalcedonensi.

425 4571 650 4640 phesiuo
675 4568 734 4625 et
754 4568 1205 4640 Chalcedonensi.

450 4641 560 4710 (25)
589 4639 721 4710 Reg.
749 4643 803 4706 2,
831 4649 886 4693 et
911 4639 1116 4710 13οεὶιῖ
1127 4639 1218 4692 διὰ
1245 4639 1335 4692 τὸν
1368 4637 1500 4692 Θεὸν
1517 4639 1723 4710 ἑΛόγον.

450 4647 540 4710 (25
591 4647 721 4710 Heg.
749 4647 803 4706 2,
831 4649 886 4693 et
913 4647 1100 4702 liasil.,
1127 4647 1218 4692 διὰ
1245 4647 1335 4692 τὸν
1368 4647 1500 4692 Θεὸν
1532 4647 1723 4708 Λόγον.

448 4647 560 4780 (24)
598 4709 799 4781 Regius
825 4710 1053 4781 primus,
1087 4707 1472 4781 Seguerianus,
1502 4708 1864 4781 Coblerianus
1893 4719 1948 4766 et

360 4777 770 4856 '.Felclgman.'_i,
800 4777 1044 4856 {rvebng
1068 4777 1752 4856 τις’ἀκρι6έστὶρον-ἑχειν.

449 4850 561 4919 (25)
591 4850 890 4921 ϐοωθπεθι
917 4848 1063 4905 Felc.
1090 4850 1142 4916 1,
1171 4850 1298 4918 περὶ
1325 4848 1417 4900 τοῦ
1450 4848 1698 4919 Σωτῆρος
1720 4852 1946 4921 γράφων

367 4919 982 4990 οὕτωςοΧριστούκειο.
1036 4987 1051 4990 _
1218 4987 1228 4990 _
1306 4986 1333 4990 _
1378 4986 1429 4990 __
1498 4987 1509 4990 _
1718 4919 1770 4990 ς
1848 4919 1890 4930 γ’

448 4989 562 5060 (26)
587 4986 696 5042 κει
719 4988 997 5060 καθεύδειν
1021 4987 1177 5042 deest
1217 4987 1270 5040 in
1295 4986 1606 5060 Qoblerian.
1634 4997 1686 5042 et
1716 4988 1861 5044 Felc.
1892 4991 1944 5052 1,

380 5055 651 5181 iidemque
682 5060 815 5114 ibid.
847 5067 902 5114 et
943 5057 1078 5128 Reg.
1116 5060 1181 5125 1,
1214 5072 1278 5110 ac
1309 5055 1535 5126 Seguer.
1560 5059 1818 5113 omittunt
1855 5060 1946 5113 καὶ

380 5147 413 5181 α
437 5145 565 5181 τειν.

373 5147 413 5182 να
420 5145 493 5181 ιτε
500 5145 565 5183 ιν.

467 5200 565 5269 27)
600 5198 726 5254 Haec
766 5197 1088 5269 νει-1η,μὴ
1131 5194 1642 5269 εἰδέναι-λέγοντος.
1677 5206 1744 5269 εἰ
1781 5213 1944 5269 mox.

377 5265 704 5341 @ﬁpjpﬂw
733 5270 915 5341 σαρκί,
947 5265 1145 5341 absunt
1178 5282 1209 5320 a
1250 5266 1558 5341 Goblerian.
1593 5275 1647 5320 et
1677 5265 1857 5341 Felck.
1892 5271 1942 5322 1.

314 5390 317 5391 ν
374 5337 503 5392 Mori
535 5337 736 5409 Regius
761 5337 992 5409 primus,
1015 5338 1239 5409 Seguer.
1267 5345 1326 5409 et
1341 5337 1656 5409 Anglican.,
1685 5339 1945 5404 αὐξάνον-

376 5425 469 5469 τος
501 5407 682 5481 σαρκί.
712 5407 783 5462 At
811 5410 973 5491 σαρκί
1005 5407 1160 5490 deest
1193 5408 1246 5461 in
1281 5407 1405 5462 aliis
1440 5416 1493 5460 et
1521 5407 1699 5463 editis.
1723 5409 1942 5463 Gobler.

378 5489 433 5531 et
462 5478 604 5534 Felc.
635 5481 688 5543 1,
715 5488 973 5549 omittunt
1001 5489 1135 5533 item
1187 5477 1374 5549 σαρκί,
1394 5486 1523 5549 post
1543 5479 1940 5549 κρυπτομένου.

451 5549 564 5620 (28)
612 5548 734 5620 ,Ἀπ’
761 5548 895 5620 ἐμοῦ
910 5549 1075 5620 deest
1099 5549 1155 5601 in
1181 5547 1319 5620 fieg.
1354 5547 1379 5600 1
1413 5547 1717 5620 etASeguer.
1751 5547 1946 5603 Iidem-

377 5616 485 5689 que
516 5616 713 5676 ibidem
742 5616 804 5673 et
825 5617 1039 5673 Gobler.
1076 5633 1138 5672 ac
1181 5616 1416 5672 Felckm.
1456 5616 1795 5688 lumittunt,
1823 5619 1942 5672 τοῦ-

2125 4432 2237 4502 (29)
2280 4428 2502 4502 Seguer.
2531 4428 3008 4502 Gobler.sFelckm.
3037 4431 3064 4483 1
3087 4439 3140 4485 et
3165 4430 3199 4484 2
3227 4431 3490 4502 omittunt
3525 4434 3628 4488 καὶ

2048 4500 2184 4564 ὅλως
2210 4500 2387 4555 πάντα
2414 4501 2482 4554 τὰ
2502 4500 2748 4554 τοιαξτα.
2779 4500 2849 4552 At
2882 4501 2934 4553 in
2969 4508 3201 4569 utroque
3237 4500 3429 4570 Regio,
3462 4501 3628 4558 Basi-

2048 4571 2205 4625 liens.
2235 4572 2536 4642 Anglic.et
2567 4570 2806 4642 Felckm.
2842 4570 2895 4642 5,
2924 4578 3120 4642 praeter
3149 4571 3238 4624 illa
3268 4573 3433 4626 verba
3456 4574 3630 4628 addi-

2035 4653 2138 4723 tur
2190 4639 2516 4723 ὑπὲρςήμῶν.
2537 4640 2720 4723 σαρκί,
2754 4640 2899 4723 quod
2932 4639 2984 4720 in
3017 4639 3140 4693 aliis
3169 4642 3625 4723 et.edit~is_de_est.

2047 4710 2187 4784 Mox,
2209 4708 2408 4784 Regius
2437 4708 2646 4784 primus
2674 4721 2736 4784 et
2754 4708 3141 4784 Seguerianus,
3173 4709 3437 4784 6:dz_to§_z‘
3463 4711 3628 4784 εἴρη-

2049 4799 2141 4835 κε·
2175 4777 2407 4849 Χριστοῦ
2437 4777 2554 4834 οὖν
2601 4777 2865 4843 παθόντος
2897 4779 2958 4830 οὐ
2994 4779 3228 4849 θεότητι.
3259 4777 3630 4838 Gobleriainis

2048 4860 2101 4905 et
2138 4848 2488 4922 Felckmanni
2534 4851 2762 4922 primus,
2788 4849 2888 4922 §t31
2935 4848 3310 4922 τοῦτο-εἴρηκε
3334 4867 3347 4880 ε
3382 4851 3628 4922 Χριστοῦ

2049 4921 2312 4985 παθόντος
2360 4922 2419 4973 οὐ
2469 4919 2701 4990 θεότητι.
2735 4920 2840 4990 Alii
2893 4919 3502 4990 etieditioACommel”
3535 4921 3629 4976 διὰ

2047 4991 2204 5044 τοῦτο
2231 4993 2332 5045 οὐκ
2362 4992 2547 5061 εἴρηκε
2567 5008 2578 5020 ·
2611 4987 2846 5061 Χριστοῦ
2877 4989 3141 5061 παθόντος
3173 4987 3406 5061 θεότητι.

2120 5062 2229 5133 (50)
2269 5057 2500 5133 Reg—2,
2551 5069 2606 5133 ct
2653 5057 3130 5133 editio_,C01nn1el.
3166 5060 3261 5110 καὶ
3307 5057 3464 5123 ὅλως.
3493 5057 3626 5114 Mox

2045 5128 2219 5185 Basili
2245 5128 2367 5201 post
2389 5131 2526 5201 περι
2543 5129 2706 5183 αὑτοῦ
2731 5129 2934 5201 omittit
2960 5128 3150 5201 τεῦτα,

2048 5197 2404 5322 ἔσὲῗυῖίῖεε.
2425 5197 2478 5264 1,
2506 5200 2728 5271 Seguer.
2754 5197 2973 5253 Goblcr.
3002 5197 3229 5252 Fclck.l
3259 5199 3519 5254 omittunt
3546 5197 3625 5262 ὡς

2080 5287 2182 5323 στι.

2119 5340 2228 5421 (52)
2253 5340 2390 5421 Sic“
2412 5341 2614 5421 fiegius
2658 5339 2872 5421 primus
2923 5336 3417 5421 et_Seguerianus.
3439 5338 3533 5421 ‘A‘t
3569 5338 3626 5390 in

2048 5407 2169 5465 aliis
2211 5407 2267 5464 et
2309 5412 2470 5466 editis
2497 5407 2672 5464 'deest
2694 5409 2788 5472 ὡς.
2824 5408 2942 5462 Mox
2976 5408 3330 5477 Anglicanus,
3367 5407 3461 5460 καὶ
3482 5410 3626 5461 ἀπο-

2047 5482 2374 5552 λειμμένων,
2400 5481 2683 5552 mendose.
2702 5481 2782 5552 fAt
2811 5478 3013 5552 Regius
3063 5479 3294 5552 primus,
3327 5477 3626 5552 segueria-

2048 5548 2150 5606 nus
2175 5548 2227 5607 et
2256 5553 2418 5606 editio
2449 5548 2910 5614 Commeliuiana,
2935 5549 3026 5604 καὶ
3063 5548 3513 5620 ἀπηλειμμένων.
