  <div class='ocr_page' id='page_1' title='image "/cluster/home/n/w/nwhite01/storage/ocr_20150623/26/nnc1.0046978577/206.png"; bbox 0 0 3834 6220; ppageno 0'>
   <div class='ocr_carea' id='block_1_1' title="bbox 213 305 316 365">
    <p class='ocr_par' dir='ltr' id='par_1_1' title="bbox 213 305 316 365">
     <span class='ocr_line' id='line_1_1' title="bbox 213 305 316 365; baseline 0.01 -2"><span class='ocrx_word' id='word_1_1' title='bbox 213 305 316 365; x_wconf 68' lang='lat'><strong>397</strong></span> 
     </span>
    </p>
   </div>
   <div class='ocr_carea' id='block_1_2' title="bbox 1319 306 2354 373">
    <p class='ocr_par' dir='ltr' id='par_1_2' title="bbox 1319 306 2354 373">
     <span class='ocr_line' id='line_1_2' title="bbox 1319 306 2354 373; baseline 0.003 -5"><span class='ocrx_word' id='word_1_2' title='bbox 1319 306 1577 372; x_wconf 77' lang='lat' dir='ltr'><strong>ORATIO</strong></span> <span class='ocrx_word' id='word_1_3' title='bbox 1609 308 1680 371; x_wconf 82' lang='grc'><strong>111</strong></span> <span class='ocrx_word' id='word_1_4' title='bbox 1709 308 1991 372; x_wconf 74' lang='lat' dir='ltr'><strong>CONTRA</strong></span> <span class='ocrx_word' id='word_1_5' title='bbox 2030 310 2354 373; x_wconf 81' lang='lat' dir='ltr'><strong>ARIANOS.</strong></span> 
     </span>
    </p>
   </div>
   <div class='ocr_carea' id='block_1_3' title="bbox 3371 327 3476 382">
    <p class='ocr_par' dir='ltr' id='par_1_3' title="bbox 3371 327 3476 382">
     <span class='ocr_line' id='line_1_3' title="bbox 3371 327 3476 382; baseline 0.019 -2"><span class='ocrx_word' id='word_1_6' title='bbox 3371 327 3476 382; x_wconf 68' lang='lat'><strong>398</strong></span> 
     </span>
    </p>
   </div>
   <div class='ocr_carea' id='block_1_4' title="bbox 209 433 1768 514">
    <p class='ocr_par' dir='ltr' id='par_1_4' title="bbox 209 433 1768 508">
     <span class='ocr_line' id='line_1_4' title="bbox 209 433 1768 508; baseline 0.003 -23"><span class='ocrx_word' id='word_1_7' title='bbox 209 433 662 505; x_wconf 78' lang='grc' dir='ltr'>ἁπηλειμμένων,</span> <span class='ocrx_word' id='word_1_8' title='bbox 696 435 923 497; x_wconf 83' lang='grc' dir='ltr'><strong>ἀπαθεῖς</strong></span> <span class='ocrx_word' id='word_1_9' title='bbox 947 435 1040 488; x_wconf 79' lang='grc' dir='ltr'>καὶ</span> <span class='ocrx_word' id='word_1_10' title='bbox 1067 434 1341 508; x_wconf 79' lang='grc' dir='ltr'>ἐλεύθεροι</span> <span class='ocrx_word' id='word_1_11' title='bbox 1372 437 1574 492; x_wconf 91' lang='grc' dir='ltr'>τούτων</span> <span class='ocrx_word' id='word_1_12' title='bbox 1604 438 1768 492; x_wconf 54' lang='grc' dir='ltr'>λοιπδγ</span> 
     </span>
    </p>
   </div>
   <div class='ocr_carea' id='block_1_5' title="bbox 1882 433 3474 514">
    <p class='ocr_par' dir='ltr' id='par_1_5' title="bbox 1887 441 3474 514">
     <span class='ocr_line' id='line_1_5' title="bbox 1887 441 3474 514; baseline 0.008 -22"><span class='ocrx_word' id='word_1_13' title='bbox 1887 441 2136 493; x_wconf 81' lang='lat' dir='ltr'><strong>catumin</strong></span> <span class='ocrx_word' id='word_1_14' title='bbox 2162 456 2221 493; x_wconf 88' lang='lat' dir='ltr'><strong>eo</strong></span> <span class='ocrx_word' id='word_1_15' title='bbox 2252 456 2353 493; x_wconf 86' lang='lat' dir='ltr'><strong>non</strong></span> <span class='ocrx_word' id='word_1_16' title='bbox 2382 450 2458 495; x_wconf 80' lang='lat' dir='ltr'><strong>est</strong></span> <span class='ocrx_word' id='word_1_17' title='bbox 2478 442 2545 494; x_wconf 75' lang='grc' dir='ltr'>ἰ.</span> <span class='ocrx_word' id='word_1_18' title='bbox 2572 441 2704 509; x_wconf 63' lang='lat' dir='ltr'><strong>Qum</strong></span> <span class='ocrx_word' id='word_1_19' title='bbox 2731 459 2855 499; x_wconf 86' lang='lat' dir='ltr'><strong>cum</strong></span> <span class='ocrx_word' id='word_1_20' title='bbox 2884 446 2957 500; x_wconf 88' lang='lat' dir='ltr'><strong>ita</strong></span> <span class='ocrx_word' id='word_1_21' title='bbox 2985 446 3302 514; x_wconf 84' lang='lat' dir='ltr'><strong>sint,nullus</strong></span> <span class='ocrx_word' id='word_1_22' title='bbox 3325 461 3474 505; x_wconf 82' lang='lat' dir='ltr'><strong>certe</strong></span> 
     </span>
    </p>
   </div>
   <div class='ocr_carea' id='block_1_6' title="bbox 210 514 1787 598">
    <p class='ocr_par' dir='ltr' id='par_1_6' title="bbox 210 514 1787 598">
     <span class='ocr_line' id='line_1_6' title="bbox 210 514 1787 598; baseline 0.005 -22"><span class='ocrx_word' id='word_1_23' title='bbox 210 525 306 577; x_wconf 85' lang='grc' dir='ltr'><strong>καὶ</strong></span> <span class='ocrx_word' id='word_1_24' title='bbox 338 525 492 579; x_wconf 77' lang='grc' dir='ltr'>αὐτοὶ</span> <span class='ocrx_word' id='word_1_25' title='bbox 520 528 602 590; x_wconf 82' lang='grc' dir='ltr'>εἰς</span> <span class='ocrx_word' id='word_1_26' title='bbox 621 523 747 590; x_wconf 75' lang='grc' dir='ltr'>τοὺς</span> <span class='ocrx_word' id='word_1_27' title='bbox 767 525 968 589; x_wconf 76' lang='grc' dir='ltr'>αἰῶνας</span> <span class='ocrx_word' id='word_1_28' title='bbox 997 526 1294 594; x_wconf 87' lang='grc' dir='ltr'>γίγνονται,</span> <span class='ocrx_word' id='word_1_29' title='bbox 1326 527 1510 592; x_wconf 84' lang='grc' dir='ltr'>καθὼς</span> <span class='ocrx_word' id='word_1_30' title='bbox 1552 514 1787 598; x_wconf 71' lang='grc' dir='ltr'>ἐδίδαξεν</span> 
     </span>
    </p>
   </div>
   <div class='ocr_carea' id='block_1_7' title="bbox 209 614 1787 688">
    <p class='ocr_par' dir='ltr' id='par_1_7' title="bbox 209 614 1787 688">
     <span class='ocr_line' id='line_1_7' title="bbox 209 614 1787 688; baseline 0.005 -22"><span class='ocrx_word' id='word_1_31' title='bbox 209 617 241 667; x_wconf 89' lang='lat'><strong>6</strong></span> <span class='ocrx_word' id='word_1_32' title='bbox 281 614 536 686; x_wconf 83' lang='grc' dir='ltr'><strong>Ἰωάννης</strong></span> <span class='ocrx_word' id='word_1_33' title='bbox 574 616 749 685; x_wconf 81' lang='grc' dir='ltr'>λέγων</span> <span class='ocrx_word' id='word_1_34' title='bbox 775 634 790 648; x_wconf 90' lang='grc'>·</span> <span class='ocrx_word' id='word_1_35' title='bbox 831 615 943 671; x_wconf 79' lang='grc' dir='ltr'><strong>Καὶ</strong></span> <span class='ocrx_word' id='word_1_36' title='bbox 973 616 1173 671; x_wconf 80' lang='grc' dir='ltr'>οἷδατε</span> <span class='ocrx_word' id='word_1_37' title='bbox 1190 658 1205 681; x_wconf 91' lang='grc'><strong>,</strong></span> <span class='ocrx_word' id='word_1_38' title='bbox 1247 616 1336 671; x_wconf 85' lang='grc' dir='ltr'><strong>ὅτι</strong></span> <span class='ocrx_word' id='word_1_39' title='bbox 1378 618 1610 685; x_wconf 81' lang='grc' dir='ltr'>ἐκεῖνος</span> <span class='ocrx_word' id='word_1_40' title='bbox 1643 620 1787 688; x_wconf 70' lang='grc' dir='ltr'><strong>ἐφα-</strong></span> 
     </span>
    </p>
   </div>
   <div class='ocr_carea' id='block_1_8' title="bbox 208 705 1784 777">
    <p class='ocr_par' dir='ltr' id='par_1_8' title="bbox 208 705 1784 777">
     <span class='ocr_line' id='line_1_8' title="bbox 208 705 1784 777; baseline 0.005 -21"><span class='ocrx_word' id='word_1_41' title='bbox 208 705 461 773; x_wconf 77' lang='grc' dir='ltr'>νερώθη,</span> <span class='ocrx_word' id='word_1_42' title='bbox 501 707 604 761; x_wconf 76' lang='grc' dir='ltr'><strong>ἵνα</strong></span> <span class='ocrx_word' id='word_1_43' title='bbox 643 706 752 773; x_wconf 81' lang='grc' dir='ltr'>τὰς</span> <span class='ocrx_word' id='word_1_44' title='bbox 798 707 1087 776; x_wconf 77' lang='grc' dir='ltr'>ἁμαρτίας</span> <span class='ocrx_word' id='word_1_45' title='bbox 1117 707 1228 777; x_wconf 77' lang='grc'>(55)</span> <span class='ocrx_word' id='word_1_46' title='bbox 1280 705 1450 776; x_wconf 74' lang='grc' dir='ltr'><strong>ἡμῶν</strong></span> <span class='ocrx_word' id='word_1_47' title='bbox 1486 706 1599 777; x_wconf 76' lang='grc' dir='ltr'><strong>ἄρῃ</strong></span> <span class='ocrx_word' id='word_1_48' title='bbox 1622 724 1637 738; x_wconf 73' lang='grc' dir='ltr'><strong><em>ο</em></strong></span> <span class='ocrx_word' id='word_1_49' title='bbox 1684 709 1784 764; x_wconf 78' lang='grc' dir='ltr'><strong>καὶ</strong></span> 
     </span>
    </p>
   </div>
   <div class='ocr_carea' id='block_1_9' title="bbox 207 796 1782 865">
    <p class='ocr_par' dir='ltr' id='par_1_9' title="bbox 207 796 1782 865">
     <span class='ocr_line' id='line_1_9' title="bbox 207 796 1782 865; baseline 0.002 -16"><span class='ocrx_word' id='word_1_50' title='bbox 207 796 469 865; x_wconf 78' lang='grc' dir='ltr'>ἁμαρτία</span> <span class='ocrx_word' id='word_1_51' title='bbox 493 798 564 851; x_wconf 73' lang='grc' dir='ltr'><strong>ἐν</strong></span> <span class='ocrx_word' id='word_1_52' title='bbox 583 797 743 863; x_wconf 82' lang='grc' dir='ltr'>αὐτῷ</span> <span class='ocrx_word' id='word_1_53' title='bbox 762 799 877 852; x_wconf 80' lang='grc' dir='ltr'><strong>οὐκ</strong></span> <span class='ocrx_word' id='word_1_54' title='bbox 908 797 1060 852; x_wconf 79' lang='grc' dir='ltr'>ἐστι.</span> <span class='ocrx_word' id='word_1_55' title='bbox 1094 797 1296 851; x_wconf 84' lang='grc' dir='ltr'><strong>Τούτου</strong></span> <span class='ocrx_word' id='word_1_56' title='bbox 1331 797 1389 851; x_wconf 82' lang='grc' dir='ltr'>δὲ</span> <span class='ocrx_word' id='word_1_57' title='bbox 1415 796 1586 862; x_wconf 77' lang='grc' dir='ltr'>οὕτως</span> <span class='ocrx_word' id='word_1_58' title='bbox 1611 799 1782 865; x_wconf 79' lang='grc' dir='ltr'>ὅντος,</span> 
     </span>
    </p>
   </div>
   <div class='ocr_carea' id='block_1_10' title="bbox 205 888 1786 963">
    <p class='ocr_par' dir='ltr' id='par_1_10' title="bbox 205 888 1786 963">
     <span class='ocr_line' id='line_1_10' title="bbox 205 888 1786 963; baseline 0.003 -22"><span class='ocrx_word' id='word_1_59' title='bbox 205 888 307 942; x_wconf 76' lang='grc' dir='ltr'><strong>οὐκ</strong></span> <span class='ocrx_word' id='word_1_60' title='bbox 339 889 630 958; x_wconf 80' lang='grc' dir='ltr'><strong>ἐγκαλέσει</strong></span> <span class='ocrx_word' id='word_1_61' title='bbox 652 907 735 954; x_wconf 88' lang='grc' dir='ltr'>τις</span> <span class='ocrx_word' id='word_1_62' title='bbox 765 890 1059 963; x_wconf 44' lang='grc' dir='ltr'>αλὶρετικδς,</span> <span class='ocrx_word' id='word_1_63' title='bbox 1077 889 1178 944; x_wconf 85' lang='grc' dir='ltr'><strong>Διὰ</strong></span> <span class='ocrx_word' id='word_1_64' title='bbox 1203 890 1256 943; x_wconf 82' lang='grc' dir='ltr'><strong>τί</strong></span> <span class='ocrx_word' id='word_1_65' title='bbox 1279 890 1615 962; x_wconf 81' lang='grc' dir='ltr'>άνίσταταιή</span> <span class='ocrx_word' id='word_1_66' title='bbox 1650 889 1786 962; x_wconf 82' lang='grc' dir='ltr'>σὰρξ</span> 
     </span>
    </p>
   </div>
   <div class='ocr_carea' id='block_1_11' title="bbox 207 976 1782 1054">
    <p class='ocr_par' dir='ltr' id='par_1_11' title="bbox 207 976 1782 1054">
     <span class='ocr_line' id='line_1_11' title="bbox 207 976 1782 1054; baseline 0 -19"><span class='ocrx_word' id='word_1_67' title='bbox 207 976 371 1048; x_wconf 80' lang='grc' dir='ltr'>φύσει</span> <span class='ocrx_word' id='word_1_68' title='bbox 392 980 564 1053; x_wconf 84' lang='grc' dir='ltr'>Θνητὴ</span> <span class='ocrx_word' id='word_1_69' title='bbox 597 982 937 1053; x_wconf 83' lang='grc' dir='ltr'>τυγχάνουσα</span> <span class='ocrx_word' id='word_1_70' title='bbox 970 982 1117 1054; x_wconf 74' lang='grc'>(54);</span> <span class='ocrx_word' id='word_1_71' title='bbox 1151 983 1215 1035; x_wconf 87' lang='grc' dir='ltr'><strong>Εἰ</strong></span> <span class='ocrx_word' id='word_1_72' title='bbox 1257 981 1315 1035; x_wconf 82' lang='grc' dir='ltr'>δὲ</span> <span class='ocrx_word' id='word_1_73' title='bbox 1358 982 1453 1037; x_wconf 73' lang='grc' dir='ltr'><strong>καὶ</strong></span> <span class='ocrx_word' id='word_1_74' title='bbox 1476 981 1782 1046; x_wconf 70' lang='grc' dir='ltr'>ἀνίσταται,</span> 
     </span>
    </p>
   </div>
   <div class='ocr_carea' id='block_1_12' title="bbox 203 1070 1785 1146">
    <p class='ocr_par' dir='ltr' id='par_1_12' title="bbox 203 1070 1785 1146">
     <span class='ocr_line' id='line_1_12' title="bbox 203 1070 1785 1146; baseline 0.001 -20"><span class='ocrx_word' id='word_1_75' title='bbox 203 1072 293 1127; x_wconf 75' lang='grc' dir='ltr'>διὰ</span> <span class='ocrx_word' id='word_1_76' title='bbox 326 1072 381 1126; x_wconf 74' lang='grc' dir='ltr'><strong>τί</strong></span> <span class='ocrx_word' id='word_1_77' title='bbox 438 1074 514 1145; x_wconf 85' lang='grc' dir='ltr'><strong>μὴ</strong></span> <span class='ocrx_word' id='word_1_78' title='bbox 565 1070 728 1129; x_wconf 83' lang='grc' dir='ltr'>πάλιν</span> <span class='ocrx_word' id='word_1_79' title='bbox 777 1077 938 1146; x_wconf 83' lang='grc' dir='ltr'>πεινᾷ</span> <span class='ocrx_word' id='word_1_80' title='bbox 973 1075 1077 1128; x_wconf 69' lang='grc' dir='ltr'><strong>’καὶ</strong></span> <span class='ocrx_word' id='word_1_81' title='bbox 1107 1074 1255 1144; x_wconf 79' lang='grc' dir='ltr'>διψᾷ,</span> <span class='ocrx_word' id='word_1_82' title='bbox 1294 1070 1391 1127; x_wconf 74' lang='grc' dir='ltr'><strong>καὶ</strong></span> <span class='ocrx_word' id='word_1_83' title='bbox 1435 1073 1655 1145; x_wconf 82' lang='grc' dir='ltr'><strong>πάσχει,</strong></span> <span class='ocrx_word' id='word_1_84' title='bbox 1692 1076 1785 1129; x_wconf 71' lang='grc' dir='ltr'><strong>κα)⁸</strong></span> 
     </span>
    </p>
   </div>
   <div class='ocr_carea' id='block_1_13' title="bbox 204 1164 1784 1239">
    <p class='ocr_par' dir='ltr' id='par_1_13' title="bbox 204 1164 1784 1239">
     <span class='ocr_line' id='line_1_13' title="bbox 204 1164 1784 1239; baseline 0.001 -21"><span class='ocrx_word' id='word_1_85' title='bbox 204 1164 362 1235; x_wconf 82' lang='grc' dir='ltr'>μένει</span> <span class='ocrx_word' id='word_1_86' title='bbox 395 1165 605 1237; x_wconf 70' lang='grc' dir='ltr'>θνητῆς</span> <span class='ocrx_word' id='word_1_87' title='bbox 653 1166 747 1221; x_wconf 83' lang='grc' dir='ltr'>Ἐκ</span> <span class='ocrx_word' id='word_1_88' title='bbox 771 1169 881 1239; x_wconf 86' lang='grc' dir='ltr'><strong>γὰρ</strong></span> <span class='ocrx_word' id='word_1_89' title='bbox 913 1168 1012 1238; x_wconf 83' lang='grc' dir='ltr'>τῆς</span> <span class='ocrx_word' id='word_1_90' title='bbox 1038 1167 1144 1237; x_wconf 82' lang='grc' dir='ltr'>γῆς</span> <span class='ocrx_word' id='word_1_91' title='bbox 1170 1167 1385 1236; x_wconf 84' lang='grc' dir='ltr'>γέγονε,</span> <span class='ocrx_word' id='word_1_92' title='bbox 1424 1169 1521 1221; x_wconf 81' lang='grc' dir='ltr'><strong>καὶ</strong></span> <span class='ocrx_word' id='word_1_93' title='bbox 1544 1167 1603 1221; x_wconf 82' lang='grc' dir='ltr'>τὸ</span> <span class='ocrx_word' id='word_1_94' title='bbox 1643 1168 1784 1222; x_wconf 82' lang='grc' dir='ltr'>κατὰ</span> 
     </span>
    </p>
   </div>
   <div class='ocr_carea' id='block_1_14' title="bbox 202 1253 1782 1328">
    <p class='ocr_par' dir='ltr' id='par_1_14' title="bbox 202 1253 1782 1328">
     <span class='ocr_line' id='line_1_14' title="bbox 202 1253 1782 1328; baseline 0 -20"><span class='ocrx_word' id='word_1_95' title='bbox 202 1254 374 1324; x_wconf 79' lang='grc' dir='ltr'>φύσιν</span> <span class='ocrx_word' id='word_1_96' title='bbox 406 1255 525 1320; x_wconf 84' lang='grc' dir='ltr'>πῶς</span> <span class='ocrx_word' id='word_1_97' title='bbox 550 1255 618 1311; x_wconf 81' lang='grc' dir='ltr'>ἂν</span> <span class='ocrx_word' id='word_1_98' title='bbox 657 1253 753 1311; x_wconf 68' lang='grc' dir='ltr'><strong>ἄπ’</strong></span> <span class='ocrx_word' id='word_1_99' title='bbox 783 1258 952 1328; x_wconf 82' lang='grc' dir='ltr'>αὐτῆς</span> <span class='ocrx_word' id='word_1_100' title='bbox 979 1258 1276 1321; x_wconf 84' lang='grc' dir='ltr'>παύσοιτο;</span> <span class='ocrx_word' id='word_1_101' title='bbox 1310 1258 1624 1328; x_wconf 81' lang='grc' dir='ltr'>Δυναμένης</span> <span class='ocrx_word' id='word_1_102' title='bbox 1661 1258 1782 1310; x_wconf 88' lang='grc' dir='ltr'>τότε</span> 
     </span>
    </p>
   </div>
   <div class='ocr_carea' id='block_1_15' title="bbox 196 1345 1783 1419">
    <p class='ocr_par' dir='ltr' id='par_1_15' title="bbox 196 1345 1783 1419">
     <span class='ocr_line' id='line_1_15' title="bbox 196 1345 1783 1419; baseline 0 -20"><span class='ocrx_word' id='word_1_103' title='bbox 196 1345 306 1416; x_wconf 79' lang='grc' dir='ltr'>τῆς</span> <span class='ocrx_word' id='word_1_104' title='bbox 347 1345 553 1418; x_wconf 55' lang='grc' dir='ltr'>σαρκὸς</span> <span class='ocrx_word' id='word_1_105' title='bbox 577 1346 971 1418; x_wconf 74' lang='grc' dir='ltr'>ἀποκρίνεσθαι</span> <span class='ocrx_word' id='word_1_106' title='bbox 1005 1346 1119 1419; x_wconf 80' lang='grc'>(55)</span> <span class='ocrx_word' id='word_1_107' title='bbox 1149 1347 1284 1418; x_wconf 81' lang='grc' dir='ltr'>πρὸς</span> <span class='ocrx_word' id='word_1_108' title='bbox 1324 1346 1416 1401; x_wconf 75' lang='grc' dir='ltr'>τὸν</span> <span class='ocrx_word' id='word_1_109' title='bbox 1443 1347 1593 1401; x_wconf 60' lang='grc' dir='ltr'>ὀὕτω</span> <span class='ocrx_word' id='word_1_110' title='bbox 1637 1346 1783 1415; x_wconf 71' lang='grc' dir='ltr'>φιλό-</span> 
     </span>
    </p>
   </div>
   <div class='ocr_carea' id='block_1_16' title="bbox 201 1428 1779 1511">
    <p class='ocr_par' dir='ltr' id='par_1_16' title="bbox 201 1428 1779 1511">
     <span class='ocr_line' id='line_1_16' title="bbox 201 1428 1779 1511; baseline 0 -19"><span class='ocrx_word' id='word_1_111' title='bbox 201 1452 388 1492; x_wconf 77' lang='grc' dir='ltr'>νεικον</span> <span class='ocrx_word' id='word_1_112' title='bbox 412 1428 691 1511; x_wconf 78' lang='grc' dir='ltr'>αἱρετικόν</span> <span class='ocrx_word' id='word_1_113' title='bbox 706 1456 721 1469; x_wconf 77' lang='grc' dir='ltr'><strong>ο</strong></span> <span class='ocrx_word' id='word_1_114' title='bbox 748 1438 880 1511; x_wconf 73' lang='grc' dir='ltr'><strong>Εἰμὶ</strong></span> <span class='ocrx_word' id='word_1_115' title='bbox 906 1440 1003 1511; x_wconf 83' lang='grc' dir='ltr'><strong>μὲν</strong></span> <span class='ocrx_word' id='word_1_116' title='bbox 1027 1440 1093 1492; x_wconf 71' lang='grc' dir='ltr'>ὲκ</span> <span class='ocrx_word' id='word_1_117' title='bbox 1116 1441 1219 1510; x_wconf 82' lang='grc' dir='ltr'><strong>γῆς</strong></span> <span class='ocrx_word' id='word_1_118' title='bbox 1244 1439 1385 1494; x_wconf 85' lang='grc' dir='ltr'>κατὰ</span> <span class='ocrx_word' id='word_1_119' title='bbox 1406 1438 1571 1510; x_wconf 80' lang='grc' dir='ltr'>φύσιν</span> <span class='ocrx_word' id='word_1_120' title='bbox 1593 1438 1779 1510; x_wconf 82' lang='grc' dir='ltr'>θνητὴ,</span> 
     </span>
    </p>
   </div>
   <div class='ocr_carea' id='block_1_17' title="bbox 194 1518 1781 1603">
    <p class='ocr_par' dir='ltr' id='par_1_17' title="bbox 194 1518 1781 1603">
     <span class='ocr_line' id='line_1_17' title="bbox 194 1518 1781 1603; baseline -0.001 -18"><span class='ocrx_word' id='word_1_121' title='bbox 194 1530 322 1585; x_wconf 75' lang='grc' dir='ltr'>ἀλλ’</span> <span class='ocrx_word' id='word_1_122' title='bbox 375 1531 602 1603; x_wconf 78' lang='grc' dir='ltr'>ὕστερον</span> <span class='ocrx_word' id='word_1_123' title='bbox 628 1518 751 1585; x_wconf 38' lang='grc' dir='ltr'>ττοῦ</span> <span class='ocrx_word' id='word_1_124' title='bbox 802 1532 977 1598; x_wconf 86' lang='grc' dir='ltr'>Λόγου</span> <span class='ocrx_word' id='word_1_125' title='bbox 1011 1532 1213 1600; x_wconf 79' lang='grc' dir='ltr'>γέγονα</span> <span class='ocrx_word' id='word_1_126' title='bbox 1264 1531 1421 1603; x_wconf 82' lang='grc' dir='ltr'>σὰρξ,</span> <span class='ocrx_word' id='word_1_127' title='bbox 1476 1531 1571 1585; x_wconf 72' lang='grc' dir='ltr'><strong>κα)⁷</strong></span> <span class='ocrx_word' id='word_1_128' title='bbox 1619 1531 1781 1595; x_wconf 77' lang='grc' dir='ltr'>αὐτὸς</span> 
     </span>
    </p>
   </div>
   <div class='ocr_carea' id='block_1_18' title="bbox 200 1621 1781 1696">
    <p class='ocr_par' dir='ltr' id='par_1_18' title="bbox 200 1621 1781 1696">
     <span class='ocr_line' id='line_1_18' title="bbox 200 1621 1781 1696; baseline 0 -22"><span class='ocrx_word' id='word_1_129' title='bbox 200 1622 475 1687; x_wconf 75' lang='grc' dir='ltr'>ἐϐάσταξέ</span> <span class='ocrx_word' id='word_1_130' title='bbox 509 1621 620 1695; x_wconf 74' lang='lat'>(56)</span> <span class='ocrx_word' id='word_1_131' title='bbox 654 1640 757 1694; x_wconf 87' lang='grc' dir='ltr'><strong>μου</strong></span> <span class='ocrx_word' id='word_1_132' title='bbox 785 1622 855 1677; x_wconf 83' lang='grc' dir='ltr'>τὰ</span> <span class='ocrx_word' id='word_1_133' title='bbox 882 1623 1051 1696; x_wconf 85' lang='grc' dir='ltr'>πάθη,</span> <span class='ocrx_word' id='word_1_134' title='bbox 1080 1623 1257 1677; x_wconf 86' lang='grc' dir='ltr'>καίτοι</span> <span class='ocrx_word' id='word_1_135' title='bbox 1282 1622 1500 1693; x_wconf 78' lang='grc' dir='ltr'>ἀπαθὴς</span> <span class='ocrx_word' id='word_1_136' title='bbox 1524 1622 1599 1675; x_wconf 81' lang='grc' dir='ltr'>ὢν</span> <span class='ocrx_word' id='word_1_137' title='bbox 1620 1639 1634 1654; x_wconf 72' lang='grc' dir='ltr'><strong>ο</strong></span> <span class='ocrx_word' id='word_1_138' title='bbox 1670 1621 1781 1690; x_wconf 78' lang='grc' dir='ltr'><strong>ἐγὼ</strong></span> 
     </span>
    </p>
   </div>
   <div class='ocr_carea' id='block_1_19' title="bbox 198 1713 1780 1786">
    <p class='ocr_par' dir='ltr' id='par_1_19' title="bbox 198 1713 1780 1786">
     <span class='ocr_line' id='line_1_19' title="bbox 198 1713 1780 1786; baseline 0 -18"><span class='ocrx_word' id='word_1_139' title='bbox 198 1714 259 1768; x_wconf 79' lang='grc' dir='ltr'>δὲ</span> <span class='ocrx_word' id='word_1_140' title='bbox 278 1715 484 1783; x_wconf 81' lang='grc' dir='ltr'>γέγονα</span> <span class='ocrx_word' id='word_1_141' title='bbox 504 1714 711 1768; x_wconf 89' lang='grc' dir='ltr'>τούτων</span> <span class='ocrx_word' id='word_1_142' title='bbox 740 1714 999 1786; x_wconf 82' lang='grc' dir='ltr'>ὲλευθέρα</span> <span class='ocrx_word' id='word_1_143' title='bbox 1023 1755 1038 1779; x_wconf 90' lang='grc'><strong>,</strong></span> <span class='ocrx_word' id='word_1_144' title='bbox 1067 1715 1169 1768; x_wconf 84' lang='grc' dir='ltr'><strong>οὐκ</strong></span> <span class='ocrx_word' id='word_1_145' title='bbox 1200 1714 1467 1786; x_wconf 82' lang='grc' dir='ltr'><strong>ἀφιεμένη</strong></span> <span class='ocrx_word' id='word_1_146' title='bbox 1511 1713 1780 1768; x_wconf 83' lang='grc' dir='ltr'>δουλεύειν</span> 
     </span>
    </p>
   </div>
   <div class='ocr_carea' id='block_1_20' title="bbox 1894 531 3469 606">
    <p class='ocr_par' dir='ltr' id='par_1_20' title="bbox 1894 531 3469 606">
     <span class='ocr_line' id='line_1_20' title="bbox 1894 531 3469 606; baseline 0.01 -21"><span class='ocrx_word' id='word_1_147' title='bbox 1894 531 2050 588; x_wconf 88' lang='lat' dir='ltr'><strong>locus</strong></span> <span class='ocrx_word' id='word_1_148' title='bbox 2092 532 2347 588; x_wconf 82' lang='lat' dir='ltr'><strong>haeretico</strong></span> <span class='ocrx_word' id='word_1_149' title='bbox 2387 534 2714 606; x_wconf 92' lang='lat' dir='ltr'><strong>relinquitur</strong></span> <span class='ocrx_word' id='word_1_150' title='bbox 2742 537 2849 594; x_wconf 91' lang='lat' dir='ltr'><strong>hoc</strong></span> <span class='ocrx_word' id='word_1_151' title='bbox 2894 540 3057 595; x_wconf 90' lang='lat' dir='ltr'><strong>modo</strong></span> <span class='ocrx_word' id='word_1_152' title='bbox 3086 541 3469 600; x_wconf 86' lang='lat' dir='ltr'><strong>obtrectandi:</strong></span> 
     </span>
    </p>
   </div>
   <div class='ocr_carea' id='block_1_21' title="bbox 1894 621 3471 702">
    <p class='ocr_par' dir='ltr' id='par_1_21' title="bbox 1894 621 3471 702">
     <span class='ocr_line' id='line_1_21' title="bbox 1894 621 3471 702; baseline 0.008 -26"><span class='ocrx_word' id='word_1_153' title='bbox 1894 621 2074 689; x_wconf 82' lang='lat' dir='ltr'><strong>Quare</strong></span> <span class='ocrx_word' id='word_1_154' title='bbox 2092 639 2220 679; x_wconf 89' lang='lat' dir='ltr'><strong>caro</strong></span> <span class='ocrx_word' id='word_1_155' title='bbox 2235 639 2358 694; x_wconf 60' lang='lat' dir='ltr'><strong>qua;</strong></span> <span class='ocrx_word' id='word_1_156' title='bbox 2382 636 2575 681; x_wconf 88' lang='lat' dir='ltr'><strong>natura</strong></span> <span class='ocrx_word' id='word_1_157' title='bbox 2597 631 2845 686; x_wconf 79' lang='lat' dir='ltr'><strong>mortalis</strong></span> <span class='ocrx_word' id='word_1_158' title='bbox 2860 640 2944 686; x_wconf 92' lang='lat' dir='ltr'><strong>est</strong></span> <span class='ocrx_word' id='word_1_159' title='bbox 2967 632 3283 689; x_wconf 85' lang='lat' dir='ltr'><strong>reviviscit?</strong></span> <span class='ocrx_word' id='word_1_160' title='bbox 3313 633 3471 702; x_wconf 84' lang='lat' dir='ltr'><strong>Quod</strong></span> 
     </span>
    </p>
   </div>
   <div class='ocr_carea' id='block_1_22' title="bbox 1893 714 3472 795">
    <p class='ocr_par' dir='ltr' id='par_1_22' title="bbox 1893 714 3472 795">
     <span class='ocr_line' id='line_1_22' title="bbox 1893 714 3472 795; baseline 0.008 -27"><span class='ocrx_word' id='word_1_161' title='bbox 1893 717 1940 769; x_wconf 92' lang='lat' dir='ltr'><strong>si</strong></span> <span class='ocrx_word' id='word_1_162' title='bbox 1972 714 2266 781; x_wconf 81' lang='lat' dir='ltr'><strong>reviviscit,</strong></span> <span class='ocrx_word' id='word_1_163' title='bbox 2298 730 2399 770; x_wconf 90' lang='lat' dir='ltr'><strong>cur</strong></span> <span class='ocrx_word' id='word_1_164' title='bbox 2430 731 2538 772; x_wconf 92' lang='lat' dir='ltr'><strong>non</strong></span> <span class='ocrx_word' id='word_1_165' title='bbox 2572 719 2774 774; x_wconf 85' lang='lat' dir='ltr'><strong>iterum</strong></span> <span class='ocrx_word' id='word_1_166' title='bbox 2803 723 2979 777; x_wconf 84' lang='lat' dir='ltr'><strong>esurit</strong></span> <span class='ocrx_word' id='word_1_167' title='bbox 3011 733 3065 778; x_wconf 91' lang='lat' dir='ltr'><strong>ct</strong></span> <span class='ocrx_word' id='word_1_168' title='bbox 3091 724 3225 790; x_wconf 86' lang='lat' dir='ltr'><strong>sitit,</strong></span> <span class='ocrx_word' id='word_1_169' title='bbox 3253 736 3305 780; x_wconf 92' lang='lat' dir='ltr'><strong>et</strong></span> <span class='ocrx_word' id='word_1_170' title='bbox 3326 727 3472 795; x_wconf 87' lang='lat' dir='ltr'><strong>pati-</strong></span> 
     </span>
    </p>
   </div>
   <div class='ocr_carea' id='block_1_23' title="bbox 1892 803 3474 882">
    <p class='ocr_par' dir='ltr' id='par_1_23' title="bbox 1892 803 3474 882">
     <span class='ocr_line' id='line_1_23' title="bbox 1892 803 3474 882; baseline 0.006 -22"><span class='ocrx_word' id='word_1_171' title='bbox 1892 815 2001 867; x_wconf 92' lang='lat' dir='ltr'><strong>tur,</strong></span> <span class='ocrx_word' id='word_1_172' title='bbox 2031 803 2386 876; x_wconf 85' lang='lat' dir='ltr'><strong>mortalisque</strong></span> <span class='ocrx_word' id='word_1_173' title='bbox 2409 816 2593 863; x_wconf 90' lang='lat' dir='ltr'><strong>manet</strong></span> <span class='ocrx_word' id='word_1_174' title='bbox 2612 825 2735 863; x_wconf 91' lang='lat' dir='ltr'><strong>cum</strong></span> <span class='ocrx_word' id='word_1_175' title='bbox 2757 826 2823 865; x_wconf 81' lang='lat' dir='ltr'><strong>ex</strong></span> <span class='ocrx_word' id='word_1_176' title='bbox 2851 822 2993 866; x_wconf 90' lang='lat' dir='ltr'><strong>terra</strong></span> <span class='ocrx_word' id='word_1_177' title='bbox 3018 813 3089 868; x_wconf 88' lang='lat' dir='ltr'><strong>sit</strong></span> <span class='ocrx_word' id='word_1_178' title='bbox 3121 813 3297 869; x_wconf 80' lang='lat' dir='ltr'><strong>facta?</strong></span> <span class='ocrx_word' id='word_1_179' title='bbox 3323 815 3474 882; x_wconf 88' lang='lat' dir='ltr'><strong>Quo-</strong></span> 
     </span>
    </p>
   </div>
   <div class='ocr_carea' id='block_1_24' title="bbox 1892 897 3470 969">
    <p class='ocr_par' dir='ltr' id='par_1_24' title="bbox 1892 897 3470 969">
     <span class='ocr_line' id='line_1_24' title="bbox 1892 897 3470 969; baseline 0.006 -20"><span class='ocrx_word' id='word_1_180' title='bbox 1892 897 2056 951; x_wconf 89' lang='lat' dir='ltr'><strong>modo</strong></span> <span class='ocrx_word' id='word_1_181' title='bbox 2089 912 2220 953; x_wconf 89' lang='lat' dir='ltr'><strong>vero</strong></span> <span class='ocrx_word' id='word_1_182' title='bbox 2266 901 2416 969; x_wconf 88' lang='lat' dir='ltr'><strong>quod</strong></span> <span class='ocrx_word' id='word_1_183' title='bbox 2470 900 2546 954; x_wconf 92' lang='lat' dir='ltr'><strong>illi</strong></span> <span class='ocrx_word' id='word_1_184' title='bbox 2595 902 2842 957; x_wconf 84' lang='lat' dir='ltr'><strong>naturale</strong></span> <span class='ocrx_word' id='word_1_185' title='bbox 2872 913 2956 958; x_wconf 88' lang='lat' dir='ltr'><strong>est</strong></span> <span class='ocrx_word' id='word_1_186' title='bbox 2986 904 3059 959; x_wconf 86' lang='lat' dir='ltr'><strong>ab</strong></span> <span class='ocrx_word' id='word_1_187' title='bbox 3082 920 3150 960; x_wconf 88' lang='lat' dir='ltr'><strong>ea</strong></span> <span class='ocrx_word' id='word_1_188' title='bbox 3178 907 3470 962; x_wconf 82' lang='lat' dir='ltr'><strong>discessit?</strong></span> 
     </span>
    </p>
   </div>
   <div class='ocr_carea' id='block_1_25' title="bbox 1891 978 3471 1064">
    <p class='ocr_par' dir='ltr' id='par_1_25' title="bbox 1891 978 3471 1064">
     <span class='ocr_line' id='line_1_25' title="bbox 1891 978 3471 1064; baseline 0.008 -25"><span class='ocrx_word' id='word_1_189' title='bbox 1891 984 2046 1043; x_wconf 86' lang='lat' dir='ltr'><strong>Tunc</strong></span> <span class='ocrx_word' id='word_1_190' title='bbox 2072 990 2218 1044; x_wconf 89' lang='lat' dir='ltr'><strong>enim</strong></span> <span class='ocrx_word' id='word_1_191' title='bbox 2248 1005 2378 1045; x_wconf 86' lang='lat' dir='ltr'><strong>caro</strong></span> <span class='ocrx_word' id='word_1_192' title='bbox 2411 991 2480 1046; x_wconf 87' lang='lat' dir='ltr'><strong>ad</strong></span> <span class='ocrx_word' id='word_1_193' title='bbox 2510 992 2822 1061; x_wconf 87' lang='lat' dir='ltr'><strong>hujusmodi</strong></span> <span class='ocrx_word' id='word_1_194' title='bbox 2854 978 3471 1064; x_wconf 22' lang='lat' dir='ltr'><strong>nugacemihaereticum</strong></span> 
     </span>
    </p>
   </div>
   <div class='ocr_carea' id='block_1_26' title="bbox 1890 1082 3472 1155">
    <p class='ocr_par' dir='ltr' id='par_1_26' title="bbox 1890 1082 3472 1155">
     <span class='ocr_line' id='line_1_26' title="bbox 1890 1082 3472 1155; baseline 0.006 -20"><span class='ocrx_word' id='word_1_195' title='bbox 1890 1091 2077 1155; x_wconf 79' lang='lat' dir='ltr'><strong>posset</strong></span> <span class='ocrx_word' id='word_1_196' title='bbox 2109 1083 2441 1151; x_wconf 87' lang='lat' dir='ltr'><strong>respondere</strong></span> <span class='ocrx_word' id='word_1_197' title='bbox 2469 1102 2482 1137; x_wconf 91' lang='lat'><strong>:</strong></span> <span class='ocrx_word' id='word_1_198' title='bbox 2507 1082 2626 1153; x_wconf 84' lang='lat' dir='ltr'><strong>Ego</strong></span> <span class='ocrx_word' id='word_1_199' title='bbox 2662 1085 2883 1154; x_wconf 86' lang='lat' dir='ltr'><strong>quidem</strong></span> <span class='ocrx_word' id='word_1_200' title='bbox 2929 1100 2996 1140; x_wconf 81' lang='lat' dir='ltr'><strong>ex</strong></span> <span class='ocrx_word' id='word_1_201' title='bbox 3046 1096 3189 1142; x_wconf 89' lang='lat' dir='ltr'><strong>terra</strong></span> <span class='ocrx_word' id='word_1_202' title='bbox 3223 1104 3342 1143; x_wconf 76' lang='lat' dir='ltr'><strong>sum</strong></span> <span class='ocrx_word' id='word_1_203' title='bbox 3383 1105 3472 1144; x_wconf 85' lang='lat' dir='ltr'><strong>se-</strong></span> 
     </span>
    </p>
   </div>
   <div class='ocr_carea' id='block_1_27' title="bbox 1890 1172 3471 1244">
    <p class='ocr_par' dir='ltr' id='par_1_27' title="bbox 1890 1172 3471 1244">
     <span class='ocr_line' id='line_1_27' title="bbox 1890 1172 3471 1244; baseline 0.006 -19"><span class='ocrx_word' id='word_1_204' title='bbox 1890 1172 2131 1227; x_wconf 88' lang='lat' dir='ltr'><strong>cundum</strong></span> <span class='ocrx_word' id='word_1_205' title='bbox 2170 1183 2424 1228; x_wconf 80' lang='lat' dir='ltr'><strong>naturam</strong></span> <span class='ocrx_word' id='word_1_206' title='bbox 2469 1175 2737 1237; x_wconf 84' lang='lat' dir='ltr'><strong>mortalis,</strong></span> <span class='ocrx_word' id='word_1_207' title='bbox 2766 1175 2861 1229; x_wconf 90' lang='lat' dir='ltr'><strong>sed</strong></span> <span class='ocrx_word' id='word_1_208' title='bbox 2906 1184 3094 1244; x_wconf 86' lang='lat' dir='ltr'><strong>postea</strong></span> <span class='ocrx_word' id='word_1_209' title='bbox 3138 1175 3301 1233; x_wconf 80' lang='lat' dir='ltr'><strong>Verbi</strong></span> <span class='ocrx_word' id='word_1_210' title='bbox 3342 1195 3471 1234; x_wconf 91' lang='lat' dir='ltr'><strong>caro</strong></span> 
     </span>
    </p>
   </div>
   <div class='ocr_carea' id='block_1_28' title="bbox 1889 1259 3468 1331">
    <p class='ocr_par' dir='ltr' id='par_1_28' title="bbox 1889 1259 3468 1331">
     <span class='ocr_line' id='line_1_28' title="bbox 1889 1259 3468 1331; baseline 0.004 -17"><span class='ocrx_word' id='word_1_211' title='bbox 1889 1259 2032 1316; x_wconf 77' lang='lat' dir='ltr'><strong>facta</strong></span> <span class='ocrx_word' id='word_1_212' title='bbox 2050 1275 2196 1325; x_wconf 89' lang='lat' dir='ltr'><strong>sum,</strong></span> <span class='ocrx_word' id='word_1_213' title='bbox 2219 1262 2365 1331; x_wconf 90' lang='lat' dir='ltr'><strong>quod</strong></span> <span class='ocrx_word' id='word_1_214' title='bbox 2387 1276 2536 1317; x_wconf 88' lang='lat' dir='ltr'><strong>meas</strong></span> <span class='ocrx_word' id='word_1_215' title='bbox 2561 1261 2895 1326; x_wconf 81' lang='lat' dir='ltr'><strong>aﬂ‘ectiones,</strong></span> <span class='ocrx_word' id='word_1_216' title='bbox 2921 1267 3136 1321; x_wconf 85' lang='lat' dir='ltr'><strong>tametsi</strong></span> <span class='ocrx_word' id='word_1_217' title='bbox 3157 1281 3347 1321; x_wconf 85' lang='lat' dir='ltr'><strong>earum</strong></span> <span class='ocrx_word' id='word_1_218' title='bbox 3368 1284 3468 1323; x_wconf 84' lang='lat' dir='ltr'><strong>ex-</strong></span> 
     </span>
    </p>
   </div>
   <div class='ocr_carea' id='block_1_29' title="bbox 1888 1353 3470 1423">
    <p class='ocr_par' dir='ltr' id='par_1_29' title="bbox 1888 1353 3470 1423">
     <span class='ocr_line' id='line_1_29' title="bbox 1888 1353 3470 1423; baseline 0.005 -18"><span class='ocrx_word' id='word_1_219' title='bbox 1888 1367 2034 1421; x_wconf 85' lang='lat' dir='ltr'><strong>pers,</strong></span> <span class='ocrx_word' id='word_1_220' title='bbox 2068 1353 2327 1422; x_wconf 85' lang='lat' dir='ltr'><strong>portavit,</strong></span> <span class='ocrx_word' id='word_1_221' title='bbox 2362 1353 2557 1423; x_wconf 80' lang='lat' dir='ltr'><strong>bisque</strong></span> <span class='ocrx_word' id='word_1_222' title='bbox 2598 1355 2713 1423; x_wconf 88' lang='lat' dir='ltr'><strong>ipsa</strong></span> <span class='ocrx_word' id='word_1_223' title='bbox 2750 1354 2923 1409; x_wconf 85' lang='lat' dir='ltr'><strong>libera</strong></span> <span class='ocrx_word' id='word_1_224' title='bbox 2965 1355 3157 1412; x_wconf 67' lang='lat' dir='ltr'><strong>effecta</strong></span> <span class='ocrx_word' id='word_1_225' title='bbox 3192 1373 3339 1423; x_wconf 91' lang='lat' dir='ltr'><strong>sum,</strong></span> <span class='ocrx_word' id='word_1_226' title='bbox 3369 1373 3470 1413; x_wconf 92' lang='lat' dir='ltr'><strong>nec</strong></span> 
     </span>
    </p>
   </div>
   <div class='ocr_carea' id='block_1_30' title="bbox 1882 1443 3470 1518">
    <p class='ocr_par' dir='ltr' id='par_1_30' title="bbox 1882 1443 3470 1518">
     <span class='ocr_line' id='line_1_30' title="bbox 1882 1443 3470 1518; baseline 0.005 -23"><span class='ocrx_word' id='word_1_227' title='bbox 1882 1443 1996 1511; x_wconf 86' lang='lat' dir='ltr'><strong>jam</strong></span> <span class='ocrx_word' id='word_1_228' title='bbox 2039 1443 2304 1513; x_wconf 81' lang='lat' dir='ltr'><strong>deinceps</strong></span> <span class='ocrx_word' id='word_1_229' title='bbox 2341 1445 2446 1500; x_wconf 88' lang='lat' dir='ltr'><strong>illis</strong></span> <span class='ocrx_word' id='word_1_230' title='bbox 2494 1446 2676 1500; x_wconf 81' lang='lat' dir='ltr'><strong>servio</strong></span> <span class='ocrx_word' id='word_1_231' title='bbox 2717 1446 2787 1500; x_wconf 93' lang='lat' dir='ltr'><strong>ob</strong></span> <span class='ocrx_word' id='word_1_232' title='bbox 2827 1445 3119 1501; x_wconf 88' lang='lat' dir='ltr'><strong>Dominum</strong></span> <span class='ocrx_word' id='word_1_233' title='bbox 3147 1447 3243 1518; x_wconf 88' lang='lat' dir='ltr'><strong>qui</strong></span> <span class='ocrx_word' id='word_1_234' title='bbox 3280 1463 3367 1503; x_wconf 91' lang='lat' dir='ltr'><strong>me</strong></span> <span class='ocrx_word' id='word_1_235' title='bbox 3400 1449 3470 1503; x_wconf 87' lang='lat' dir='ltr'><strong>ab</strong></span> 
     </span>
    </p>
   </div>
   <div class='ocr_carea' id='block_1_31' title="bbox 1888 1535 3469 1608">
    <p class='ocr_par' dir='ltr' id='par_1_31' title="bbox 1888 1535 3469 1608">
     <span class='ocr_line' id='line_1_31' title="bbox 1888 1535 3469 1608; baseline 0.002 -19"><span class='ocrx_word' id='word_1_236' title='bbox 1888 1535 2078 1591; x_wconf 85' lang='lat' dir='ltr'><strong>iisdem</strong></span> <span class='ocrx_word' id='word_1_237' title='bbox 2100 1536 2378 1591; x_wconf 82' lang='lat' dir='ltr'><strong>liberavit.</strong></span> <span class='ocrx_word' id='word_1_238' title='bbox 2401 1535 2538 1592; x_wconf 82' lang='lat' dir='ltr'><strong>Nam</strong></span> <span class='ocrx_word' id='word_1_239' title='bbox 2565 1535 2613 1591; x_wconf 87' lang='lat' dir='ltr'><strong>si</strong></span> <span class='ocrx_word' id='word_1_240' title='bbox 2637 1552 2726 1592; x_wconf 90' lang='lat' dir='ltr'><strong>me</strong></span> <span class='ocrx_word' id='word_1_241' title='bbox 2754 1538 3108 1606; x_wconf 85' lang='lat' dir='ltr'><strong>reprehendis</strong></span> <span class='ocrx_word' id='word_1_242' title='bbox 3132 1538 3280 1608; x_wconf 90' lang='lat' dir='ltr'><strong>quod</strong></span> <span class='ocrx_word' id='word_1_243' title='bbox 3308 1554 3339 1593; x_wconf 89' lang='lat' dir='ltr'><strong>a</strong></span> <span class='ocrx_word' id='word_1_244' title='bbox 3370 1554 3469 1592; x_wconf 85' lang='lat' dir='ltr'><strong>na—</strong></span> 
     </span>
    </p>
   </div>
   <div class='ocr_carea' id='block_1_32' title="bbox 1886 1628 3466 1699">
    <p class='ocr_par' dir='ltr' id='par_1_32' title="bbox 1886 1628 3466 1699">
     <span class='ocr_line' id='line_1_32' title="bbox 1886 1628 3466 1699; baseline 0.001 -18"><span class='ocrx_word' id='word_1_245' title='bbox 1886 1628 2050 1683; x_wconf 87' lang='lat' dir='ltr'><strong>turali</strong></span> <span class='ocrx_word' id='word_1_246' title='bbox 2087 1631 2439 1699; x_wconf 78' lang='lat' dir='ltr'><strong>corruptione</strong></span> <span class='ocrx_word' id='word_1_247' title='bbox 2483 1629 2683 1685; x_wconf 80' lang='lat' dir='ltr'><strong>fuerim</strong></span> <span class='ocrx_word' id='word_1_248' title='bbox 2734 1629 2964 1685; x_wconf 88' lang='lat' dir='ltr'><strong>liberata</strong></span> <span class='ocrx_word' id='word_1_249' title='bbox 2987 1648 3006 1683; x_wconf 81' lang='lat'><strong><em>:</em></strong></span> <span class='ocrx_word' id='word_1_250' title='bbox 3037 1629 3158 1684; x_wconf 85' lang='lat' dir='ltr'><strong>vide</strong></span> <span class='ocrx_word' id='word_1_251' title='bbox 3196 1645 3265 1683; x_wconf 89' lang='lat' dir='ltr'><strong>ne</strong></span> <span class='ocrx_word' id='word_1_252' title='bbox 3301 1629 3466 1684; x_wconf 86' lang='lat' dir='ltr'><strong>etiam</strong></span> 
     </span>
    </p>
   </div>
   <div class='ocr_carea' id='block_1_33' title="bbox 1886 1719 3470 1789">
    <p class='ocr_par' dir='ltr' id='par_1_33' title="bbox 1886 1719 3470 1789">
     <span class='ocr_line' id='line_1_33' title="bbox 1886 1719 3470 1789; baseline 0.003 -17"><span class='ocrx_word' id='word_1_253' title='bbox 1886 1719 2272 1788; x_wconf 84' lang='lat' dir='ltr'><strong>reprehendas,</strong></span> <span class='ocrx_word' id='word_1_254' title='bbox 2293 1721 2438 1789; x_wconf 81' lang='lat' dir='ltr'><strong>quod</strong></span> <span class='ocrx_word' id='word_1_255' title='bbox 2459 1719 2554 1776; x_wconf 89' lang='lat' dir='ltr'><strong>Dei</strong></span> <span class='ocrx_word' id='word_1_256' title='bbox 2584 1719 2823 1776; x_wconf 82' lang='lat' dir='ltr'><strong>Verbum</strong></span> <span class='ocrx_word' id='word_1_257' title='bbox 2844 1736 3022 1776; x_wconf 86' lang='lat' dir='ltr'><strong>meam</strong></span> <span class='ocrx_word' id='word_1_258' title='bbox 3054 1721 3328 1776; x_wconf 82' lang='lat' dir='ltr'><strong>servitutis</strong></span> <span class='ocrx_word' id='word_1_259' title='bbox 3353 1721 3470 1776; x_wconf 77' lang='lat' dir='ltr'><strong>lor-</strong></span> 
     </span>
    </p>
   </div>
   <div class='ocr_carea' id='block_1_34' title="bbox 194 1800 1768 1905">
    <p class='ocr_par' dir='ltr' id='par_1_34' title="bbox 194 1800 1768 1874">
     <span class='ocr_line' id='line_1_34' title="bbox 194 1800 1768 1874; baseline -0.003 -17"><span class='ocrx_word' id='word_1_260' title='bbox 194 1804 283 1857; x_wconf 75' lang='grc' dir='ltr'><strong>ἐτι</strong></span> <span class='ocrx_word' id='word_1_261' title='bbox 312 1805 527 1870; x_wconf 75' lang='grc' dir='ltr'><strong>τούτοις</strong></span> <span class='ocrx_word' id='word_1_262' title='bbox 563 1806 652 1860; x_wconf 88' lang='grc' dir='ltr'>διὰ</span> <span class='ocrx_word' id='word_1_263' title='bbox 701 1805 792 1857; x_wconf 80' lang='grc' dir='ltr'>τὸν</span> <span class='ocrx_word' id='word_1_264' title='bbox 831 1801 1275 1874; x_wconf 77' lang='grc' dir='ltr'>ἐλευθερώσαντά</span> <span class='ocrx_word' id='word_1_265' title='bbox 1317 1819 1385 1873; x_wconf 76' lang='grc' dir='ltr'>με</span> <span class='ocrx_word' id='word_1_266' title='bbox 1428 1800 1633 1873; x_wconf 83' lang='grc' dir='ltr'>Κύριον</span> <span class='ocrx_word' id='word_1_267' title='bbox 1676 1800 1768 1854; x_wconf 82' lang='grc' dir='ltr'><strong>άπί</strong></span> 
     </span>
    </p>
   </div>
   <div class='ocr_carea' id='block_1_35' title="bbox 1882 1800 3463 1905">
    <p class='ocr_par' dir='ltr' id='par_1_35' title="bbox 1885 1811 3463 1884">
     <span class='ocr_line' id='line_1_35' title="bbox 1885 1811 3463 1884; baseline 0.004 -21"><span class='ocrx_word' id='word_1_268' title='bbox 1885 1825 2028 1864; x_wconf 89' lang='lat' dir='ltr'><strong>mam</strong></span> <span class='ocrx_word' id='word_1_269' title='bbox 2057 1812 2347 1881; x_wconf 87' lang='lat' dir='ltr'><strong>acceperit.</strong></span> <span class='ocrx_word' id='word_1_270' title='bbox 2389 1811 2461 1868; x_wconf 90' lang='lat' dir='ltr'><strong>Ut</strong></span> <span class='ocrx_word' id='word_1_271' title='bbox 2491 1813 2635 1867; x_wconf 90' lang='lat' dir='ltr'><strong>enim</strong></span> <span class='ocrx_word' id='word_1_272' title='bbox 2670 1812 2955 1877; x_wconf 84' lang='lat' dir='ltr'><strong>Dominus,</strong></span> <span class='ocrx_word' id='word_1_273' title='bbox 2986 1813 3176 1868; x_wconf 90' lang='lat' dir='ltr'><strong>induto</strong></span> <span class='ocrx_word' id='word_1_274' title='bbox 3211 1829 3463 1884; x_wconf 81' lang='lat' dir='ltr'><strong>corpore,</strong></span> 
     </span>
    </p>
   </div>
   <div class='ocr_carea' id='block_1_36' title="bbox 195 1892 1780 1971">
    <p class='ocr_par' dir='ltr' id='par_1_36' title="bbox 195 1892 1780 1971">
     <span class='ocr_line' id='line_1_36' title="bbox 195 1892 1780 1971; baseline -0.004 -20"><span class='ocrx_word' id='word_1_275' title='bbox 195 1897 430 1951; x_wconf 79' lang='grc' dir='ltr'>τούτων.</span> <span class='ocrx_word' id='word_1_276' title='bbox 458 1898 524 1951; x_wconf 77' lang='grc' dir='ltr'><strong>Εἰ</strong></span> <span class='ocrx_word' id='word_1_277' title='bbox 549 1898 656 1971; x_wconf 81' lang='grc' dir='ltr'>γὰρ</span> <span class='ocrx_word' id='word_1_278' title='bbox 685 1896 958 1966; x_wconf 71' lang='grc' dir='ltr'>ἐγκαλεῖς,</span> <span class='ocrx_word' id='word_1_279' title='bbox 995 1896 1075 1948; x_wconf 83' lang='grc' dir='ltr'><strong>ὅτι</strong></span> <span class='ocrx_word' id='word_1_280' title='bbox 1112 1895 1209 1965; x_wconf 82' lang='grc' dir='ltr'>τῆς</span> <span class='ocrx_word' id='word_1_281' title='bbox 1234 1893 1374 1948; x_wconf 83' lang='grc' dir='ltr'>κατὰ</span> <span class='ocrx_word' id='word_1_282' title='bbox 1407 1892 1567 1962; x_wconf 80' lang='grc' dir='ltr'>φύσιν</span> <span class='ocrx_word' id='word_1_283' title='bbox 1606 1893 1780 1964; x_wconf 88' lang='grc' dir='ltr'>ἀπηλ-</span> 
     </span>
    </p>
   </div>
   <div class='ocr_carea' id='block_1_37' title="bbox 196 1979 1778 2060">
    <p class='ocr_par' dir='ltr' id='par_1_37' title="bbox 196 1979 1778 2060">
     <span class='ocr_line' id='line_1_37' title="bbox 196 1979 1778 2060; baseline -0.003 -20"><span class='ocrx_word' id='word_1_284' title='bbox 196 1986 377 2060; x_wconf 83' lang='grc' dir='ltr'>λάγην</span> <span class='ocrx_word' id='word_1_285' title='bbox 401 1987 629 2060; x_wconf 79' lang='grc' dir='ltr'>φθορᾶς,</span> <span class='ocrx_word' id='word_1_286' title='bbox 650 1988 753 2059; x_wconf 78' lang='grc' dir='ltr'>ὅρα</span> <span class='ocrx_word' id='word_1_287' title='bbox 782 1987 891 2058; x_wconf 77' lang='grc'>(57)</span> <span class='ocrx_word' id='word_1_288' title='bbox 923 1986 996 2057; x_wconf 85' lang='grc' dir='ltr'><strong>μὴ</strong></span> <span class='ocrx_word' id='word_1_289' title='bbox 1026 1984 1346 2055; x_wconf 80' lang='grc' dir='ltr'>ὲγκαλέσῃς,</span> <span class='ocrx_word' id='word_1_290' title='bbox 1378 1985 1461 2037; x_wconf 83' lang='grc' dir='ltr'><strong>ὅτι</strong></span> <span class='ocrx_word' id='word_1_291' title='bbox 1486 1982 1622 2037; x_wconf 85' lang='grc' dir='ltr'>ὀτοῦ</span> <span class='ocrx_word' id='word_1_292' title='bbox 1643 1979 1778 2037; x_wconf 76' lang='grc' dir='ltr'>Θεοῦ</span> 
     </span>
    </p>
   </div>
   <div class='ocr_carea' id='block_1_38' title="bbox 195 2076 1781 2153">
    <p class='ocr_par' dir='ltr' id='par_1_38' title="bbox 195 2076 1781 2153">
     <span class='ocr_line' id='line_1_38' title="bbox 195 2076 1781 2153; baseline -0.003 -20"><span class='ocrx_word' id='word_1_293' title='bbox 195 2076 376 2148; x_wconf 80' lang='grc' dir='ltr'>Λόγος</span> <span class='ocrx_word' id='word_1_294' title='bbox 397 2077 499 2153; x_wconf 79' lang='grc' dir='ltr'>τὴν</span> <span class='ocrx_word' id='word_1_295' title='bbox 528 2079 668 2150; x_wconf 76' lang='grc' dir='ltr'><strong>ἐμὴν</strong></span> <span class='ocrx_word' id='word_1_296' title='bbox 688 2080 787 2150; x_wconf 81' lang='grc' dir='ltr'>τῆς</span> <span class='ocrx_word' id='word_1_297' title='bbox 813 2079 1053 2142; x_wconf 80' lang='grc' dir='ltr'>δουλείας</span> <span class='ocrx_word' id='word_1_298' title='bbox 1086 2077 1245 2131; x_wconf 80' lang='grc' dir='ltr'>ἔλαϐε</span> <span class='ocrx_word' id='word_1_299' title='bbox 1274 2077 1489 2148; x_wconf 80' lang='grc' dir='ltr'>μορφήν</span> <span class='ocrx_word' id='word_1_300' title='bbox 1524 2076 1654 2147; x_wconf 76' lang='grc'>(58).</span> <span class='ocrx_word' id='word_1_301' title='bbox 1695 2077 1781 2140; x_wconf 85' lang='grc' dir='ltr'>Ὡς</span> 
     </span>
    </p>
   </div>
   <div class='ocr_carea' id='block_1_39' title="bbox 1886 1902 3463 1975">
    <p class='ocr_par' dir='ltr' id='par_1_39' title="bbox 1886 1902 3463 1975">
     <span class='ocr_line' id='line_1_39' title="bbox 1886 1902 3463 1975; baseline 0.003 -19"><span class='ocrx_word' id='word_1_302' title='bbox 1886 1902 2052 1958; x_wconf 91' lang='lat' dir='ltr'><strong>homo</strong></span> <span class='ocrx_word' id='word_1_303' title='bbox 2076 1914 2160 1959; x_wconf 91' lang='lat' dir='ltr'><strong>est</strong></span> <span class='ocrx_word' id='word_1_304' title='bbox 2192 1903 2399 1970; x_wconf 82' lang='lat' dir='ltr'><strong>factus;</strong></span> <span class='ocrx_word' id='word_1_305' title='bbox 2430 1905 2505 1960; x_wconf 88' lang='lat' dir='ltr'><strong>ita</strong></span> <span class='ocrx_word' id='word_1_306' title='bbox 2530 1920 2639 1975; x_wconf 71' lang='lat' dir='ltr'><strong>nos</strong></span> <span class='ocrx_word' id='word_1_307' title='bbox 2668 1905 2920 1960; x_wconf 85' lang='lat' dir='ltr'><strong>homines</strong></span> <span class='ocrx_word' id='word_1_308' title='bbox 2934 1920 3035 1975; x_wconf 86' lang='lat' dir='ltr'><strong>per</strong></span> <span class='ocrx_word' id='word_1_309' title='bbox 3050 1904 3212 1960; x_wconf 84' lang='lat' dir='ltr'><strong>Verbi</strong></span> <span class='ocrx_word' id='word_1_310' title='bbox 3239 1921 3463 1961; x_wconf 90' lang='lat' dir='ltr'><strong>carnem</strong></span> 
     </span>
    </p>
   </div>
   <div class='ocr_carea' id='block_1_40' title="bbox 1887 1993 3463 2067">
    <p class='ocr_par' dir='ltr' id='par_1_40' title="bbox 1887 1993 3463 2067">
     <span class='ocr_line' id='line_1_40' title="bbox 1887 1993 3463 2067; baseline 0.004 -22"><span class='ocrx_word' id='word_1_311' title='bbox 1887 1993 2175 2063; x_wconf 88' lang='lat' dir='ltr'><strong>assumpti,</strong></span> <span class='ocrx_word' id='word_1_312' title='bbox 2215 1995 2385 2050; x_wconf 85' lang='lat' dir='ltr'><strong>divini</strong></span> <span class='ocrx_word' id='word_1_313' title='bbox 2429 1996 2498 2051; x_wconf 88' lang='lat' dir='ltr'><strong>ab</strong></span> <span class='ocrx_word' id='word_1_314' title='bbox 2545 2010 2609 2051; x_wconf 77' lang='lat' dir='ltr'><strong>eo</strong></span> <span class='ocrx_word' id='word_1_315' title='bbox 2649 1995 2936 2060; x_wconf 77' lang='lat' dir='ltr'><strong>elﬁcimur,</strong></span> <span class='ocrx_word' id='word_1_316' title='bbox 2984 2005 3308 2067; x_wconf 81' lang='lat' dir='ltr'><strong>aeternaeque</strong></span> <span class='ocrx_word' id='word_1_317' title='bbox 3337 1998 3463 2052; x_wconf 77' lang='lat' dir='ltr'><strong>vitae</strong></span> 
     </span>
    </p>
   </div>
   <div class='ocr_carea' id='block_1_41' title="bbox 1866 2081 2783 2156">
    <p class='ocr_par' dir='ltr' id='par_1_41' title="bbox 1866 2081 2783 2156">
     <span class='ocr_line' id='line_1_41' title="bbox 1866 2081 2783 2156; baseline 0.007 -21"><span class='ocrx_word' id='word_1_318' title='bbox 1866 2081 2127 2140; x_wconf 60' lang='lat' dir='ltr'><strong>’haeredes</strong></span> <span class='ocrx_word' id='word_1_319' title='bbox 2172 2086 2228 2139; x_wconf 85' lang='lat' dir='ltr'><strong>in</strong></span> <span class='ocrx_word' id='word_1_320' title='bbox 2258 2096 2539 2156; x_wconf 88' lang='lat' dir='ltr'><strong>posterum</strong></span> <span class='ocrx_word' id='word_1_321' title='bbox 2570 2102 2783 2143; x_wconf 86' lang='lat' dir='ltr'><strong>sumus.</strong></span> 
     </span>
    </p>
   </div>
   <div class='ocr_carea' id='block_1_42' title="bbox 194 2169 3462 2250">
    <p class='ocr_par' dir='ltr' id='par_1_42' title="bbox 194 2169 3462 2250">
     <span class='ocr_line' id='line_1_42' title="bbox 194 2169 3462 2250; baseline 0.003 -26"><span class='ocrx_word' id='word_1_322' title='bbox 194 2172 358 2245; x_wconf 78' lang='grc' dir='ltr'><strong>γὰρὸ</strong></span> <span class='ocrx_word' id='word_1_323' title='bbox 386 2169 983 2243; x_wconf 70' lang='grc' dir='ltr'>Κύριος,’ὲνδυσάμενος</span> <span class='ocrx_word' id='word_1_324' title='bbox 1013 2169 1075 2222; x_wconf 81' lang='grc' dir='ltr'>τὸ</span> <span class='ocrx_word' id='word_1_325' title='bbox 1101 2169 1279 2239; x_wconf 84' lang='grc' dir='ltr'>σῶμα,</span> <span class='ocrx_word' id='word_1_326' title='bbox 1309 2169 1530 2238; x_wconf 80' lang='grc' dir='ltr'>γέγονεν</span> <span class='ocrx_word' id='word_1_327' title='bbox 1562 2170 1865 2240; x_wconf 80' lang='grc' dir='ltr'>ἄνθρωπος,</span> <span class='ocrx_word' id='word_1_328' title='bbox 1895 2172 2067 2239; x_wconf 77' lang='grc' dir='ltr'>οὕτως</span> <span class='ocrx_word' id='word_1_329' title='bbox 2097 2178 2257 2247; x_wconf 81' lang='grc' dir='ltr'>ἡμεῖς</span> <span class='ocrx_word' id='word_1_330' title='bbox 2290 2179 2340 2231; x_wconf 72' lang='grc' dir='ltr'>οἱ</span> <span class='ocrx_word' id='word_1_331' title='bbox 2387 2178 2663 2250; x_wconf 80' lang='grc' dir='ltr'>ἄνθρωποι</span> <span class='ocrx_word' id='word_1_332' title='bbox 2699 2179 2849 2248; x_wconf 86' lang='grc' dir='ltr'>παρὰ</span> <span class='ocrx_word' id='word_1_333' title='bbox 2881 2178 2973 2232; x_wconf 88' lang='grc' dir='ltr'><strong>τοῦ</strong></span> <span class='ocrx_word' id='word_1_334' title='bbox 3021 2180 3194 2248; x_wconf 83' lang='grc' dir='ltr'>Λόγου</span> <span class='ocrx_word' id='word_1_335' title='bbox 3244 2197 3304 2233; x_wconf 72' lang='grc' dir='ltr'><strong>τε</strong></span> <span class='ocrx_word' id='word_1_336' title='bbox 3346 2179 3462 2235; x_wconf 84' lang='grc' dir='ltr'>θεο-</span> 
     </span>
    </p>
   </div>
   <div class='ocr_carea' id='block_1_43' title="bbox 192 2263 3141 2345">
    <p class='ocr_par' dir='ltr' id='par_1_43' title="bbox 192 2263 3141 2345">
     <span class='ocr_line' id='line_1_43' title="bbox 192 2263 3141 2345; baseline 0.002 -25"><span class='ocrx_word' id='word_1_337' title='bbox 192 2265 505 2337; x_wconf 73' lang='grc' dir='ltr'>ποιούμεθα</span> <span class='ocrx_word' id='word_1_338' title='bbox 549 2264 656 2337; x_wconf 77' lang='grc'>(59)</span> <span class='ocrx_word' id='word_1_339' title='bbox 699 2264 1136 2337; x_wconf 81' lang='grc' dir='ltr'>προσληφθέντες</span> <span class='ocrx_word' id='word_1_340' title='bbox 1187 2263 1275 2318; x_wconf 82' lang='grc' dir='ltr'><strong>διὰ</strong></span> <span class='ocrx_word' id='word_1_341' title='bbox 1318 2264 1418 2335; x_wconf 82' lang='grc' dir='ltr'>τῆς</span> <span class='ocrx_word' id='word_1_342' title='bbox 1462 2264 1663 2335; x_wconf 84' lang='grc' dir='ltr'>σαρκὸς</span> <span class='ocrx_word' id='word_1_343' title='bbox 1699 2263 1884 2331; x_wconf 76' lang='grc' dir='ltr'>αὐτοῦ,</span> <span class='ocrx_word' id='word_1_344' title='bbox 1921 2269 2014 2322; x_wconf 83' lang='grc' dir='ltr'><strong>καὶ</strong></span> <span class='ocrx_word' id='word_1_345' title='bbox 2045 2269 2231 2324; x_wconf 87' lang='grc' dir='ltr'>λοιπὸν</span> <span class='ocrx_word' id='word_1_346' title='bbox 2259 2271 2403 2343; x_wconf 77' lang='grc' dir='ltr'>ζωὴν</span> <span class='ocrx_word' id='word_1_347' title='bbox 2426 2270 2641 2325; x_wconf 73' lang='grc' dir='ltr'>αἰώνιον</span> <span class='ocrx_word' id='word_1_348' title='bbox 2675 2271 3141 2345; x_wconf 78' lang='grc' dir='ltr'>κληρονομοῦμεν.</span> 
     </span>
    </p>
   </div>
   <div class='ocr_carea' id='block_1_44' title="bbox 267 2354 1778 2427">
    <p class='ocr_par' dir='ltr' id='par_1_44' title="bbox 267 2354 1778 2427">
     <span class='ocr_line' id='line_1_44' title="bbox 267 2354 1778 2427; baseline -0.003 -14"><span class='ocrx_word' id='word_1_349' title='bbox 267 2358 361 2413; x_wconf 74' lang='lat'><strong>55.</strong></span> <span class='ocrx_word' id='word_1_350' title='bbox 394 2355 507 2427; x_wconf 71' lang='grc'>(40)</span> <span class='ocrx_word' id='word_1_351' title='bbox 532 2356 720 2410; x_wconf 85' lang='grc' dir='ltr'>Ταῦτα</span> <span class='ocrx_word' id='word_1_352' title='bbox 766 2357 1083 2424; x_wconf 80' lang='grc' dir='ltr'>ἀναγκαίως</span> <span class='ocrx_word' id='word_1_353' title='bbox 1145 2354 1618 2427; x_wconf 82' lang='grc' dir='ltr'>προεξητάσαμεν,</span> <span class='ocrx_word' id='word_1_354' title='bbox 1669 2356 1778 2420; x_wconf 78' lang='grc' dir='ltr'>ἵνα,</span> 
     </span>
    </p>
   </div>
   <div class='ocr_carea' id='block_1_45' title="bbox 1947 2360 3459 2433">
    <p class='ocr_par' dir='ltr' id='par_1_45' title="bbox 1947 2360 3459 2433">
     <span class='ocr_line' id='line_1_45' title="bbox 1947 2360 3459 2433; baseline 0.004 -19"><span class='ocrx_word' id='word_1_355' title='bbox 1947 2360 2037 2415; x_wconf 74' lang='grc'><strong>55.</strong></span> <span class='ocrx_word' id='word_1_356' title='bbox 2063 2360 2186 2417; x_wconf 81' lang='lat' dir='ltr'><strong>Haec</strong></span> <span class='ocrx_word' id='word_1_357' title='bbox 2207 2364 2442 2432; x_wconf 89' lang='lat' dir='ltr'><strong>primum</strong></span> <span class='ocrx_word' id='word_1_358' title='bbox 2460 2364 2761 2433; x_wconf 80' lang='lat' dir='ltr'><strong>expendere</strong></span> <span class='ocrx_word' id='word_1_359' title='bbox 2784 2378 3011 2419; x_wconf 90' lang='lat' dir='ltr'><strong>necesse</strong></span> <span class='ocrx_word' id='word_1_360' title='bbox 3045 2363 3169 2431; x_wconf 81' lang='lat' dir='ltr'><strong>fuit,</strong></span> <span class='ocrx_word' id='word_1_361' title='bbox 3185 2373 3246 2419; x_wconf 86' lang='lat' dir='ltr'><strong>ut</strong></span> <span class='ocrx_word' id='word_1_362' title='bbox 3269 2364 3316 2420; x_wconf 90' lang='lat' dir='ltr'><strong>si</strong></span> <span class='ocrx_word' id='word_1_363' title='bbox 3351 2364 3459 2420; x_wconf 85' lang='lat' dir='ltr'><strong>Do-</strong></span> 
     </span>
    </p>
   </div>
   <div class='ocr_carea' id='block_1_46' title="bbox 190 2445 1768 2526">
    <p class='ocr_par' dir='ltr' id='par_1_46' title="bbox 190 2445 1768 2519">
     <span class='ocr_line' id='line_1_46' title="bbox 190 2445 1768 2519; baseline -0.003 -15"><span class='ocrx_word' id='word_1_364' title='bbox 190 2450 295 2504; x_wconf 71' lang='grc' dir='ltr'>ὲὰν</span> <span class='ocrx_word' id='word_1_365' title='bbox 354 2449 555 2519; x_wconf 81' lang='grc' dir='ltr'>ῐδωμεν</span> <span class='ocrx_word' id='word_1_366' title='bbox 613 2448 773 2501; x_wconf 83' lang='grc' dir='ltr'>αὐτὸν</span> <span class='ocrx_word' id='word_1_367' title='bbox 813 2448 878 2500; x_wconf 88' lang='grc' dir='ltr'><strong>δι’</strong></span> <span class='ocrx_word' id='word_1_368' title='bbox 909 2448 1139 2518; x_wconf 84' lang='grc' dir='ltr'>ὀργάνου</span> <span class='ocrx_word' id='word_1_369' title='bbox 1197 2448 1290 2501; x_wconf 87' lang='grc' dir='ltr'><strong>τοῦ</strong></span> <span class='ocrx_word' id='word_1_370' title='bbox 1348 2446 1476 2501; x_wconf 80' lang='grc' dir='ltr'>ἰδίου</span> <span class='ocrx_word' id='word_1_371' title='bbox 1532 2445 1768 2517; x_wconf 82' lang='grc' dir='ltr'>σώματος</span> 
     </span>
    </p>
   </div>
   <div class='ocr_carea' id='block_1_47' title="bbox 1882 2445 3457 2526">
    <p class='ocr_par' dir='ltr' id='par_1_47' title="bbox 1882 2450 3457 2526">
     <span class='ocr_line' id='line_1_47' title="bbox 1882 2450 3457 2526; baseline 0.004 -22"><span class='ocrx_word' id='word_1_372' title='bbox 1882 2450 2087 2505; x_wconf 86' lang='lat' dir='ltr'><strong>minum</strong></span> <span class='ocrx_word' id='word_1_373' title='bbox 2108 2451 2428 2517; x_wconf 86' lang='lat' dir='ltr'><strong>viderimus,</strong></span> <span class='ocrx_word' id='word_1_374' title='bbox 2463 2454 2549 2508; x_wconf 88' lang='lat' dir='ltr'><strong>sui</strong></span> <span class='ocrx_word' id='word_1_375' title='bbox 2579 2453 2824 2522; x_wconf 87' lang='lat' dir='ltr'><strong>corporis</strong></span> <span class='ocrx_word' id='word_1_376' title='bbox 2850 2454 3233 2520; x_wconf 88' lang='lat' dir='ltr'><strong>instrumento,</strong></span> <span class='ocrx_word' id='word_1_377' title='bbox 3252 2456 3457 2526; x_wconf 89' lang='lat' dir='ltr'><strong>aliquid</strong></span> 
     </span>
    </p>
   </div>
   <div class='ocr_carea' id='block_1_48' title="bbox 192 2535 1768 2614">
    <p class='ocr_par' dir='ltr' id='par_1_48' title="bbox 192 2535 1768 2609">
     <span class='ocr_line' id='line_1_48' title="bbox 192 2535 1768 2609; baseline -0.003 -17"><span class='ocrx_word' id='word_1_378' title='bbox 192 2535 400 2602; x_wconf 82' lang='grc' dir='ltr'>θεῖκῶς</span> <span class='ocrx_word' id='word_1_379' title='bbox 420 2539 725 2609; x_wconf 86' lang='grc' dir='ltr'>πράττοντά</span> <span class='ocrx_word' id='word_1_380' title='bbox 771 2555 825 2590; x_wconf 82' lang='grc' dir='ltr'><strong>τι</strong></span> <span class='ocrx_word' id='word_1_381' title='bbox 885 2538 919 2609; x_wconf 81' lang='grc' dir='ltr'>ἢ</span> <span class='ocrx_word' id='word_1_382' title='bbox 969 2537 1213 2606; x_wconf 81' lang='grc' dir='ltr'>λέγοντα,</span> <span class='ocrx_word' id='word_1_383' title='bbox 1263 2535 1641 2607; x_wconf 85' lang='grc' dir='ltr'>γινώσκωμεν,</span> <span class='ocrx_word' id='word_1_384' title='bbox 1698 2538 1768 2589; x_wconf 60' lang='grc' dir='ltr'><strong>ὅτι</strong></span> 
     </span>
    </p>
   </div>
   <div class='ocr_carea' id='block_1_49' title="bbox 1882 2535 3453 2614">
    <p class='ocr_par' dir='ltr' id='par_1_49' title="bbox 1882 2540 3453 2614">
     <span class='ocr_line' id='line_1_49' title="bbox 1882 2540 3453 2614; baseline 0.004 -20"><span class='ocrx_word' id='word_1_385' title='bbox 1882 2540 2057 2597; x_wconf 85' lang='lat' dir='ltr'><strong>divine</strong></span> <span class='ocrx_word' id='word_1_386' title='bbox 2080 2552 2325 2614; x_wconf 84' lang='lat' dir='ltr'><strong>agentem</strong></span> <span class='ocrx_word' id='word_1_387' title='bbox 2344 2545 2739 2608; x_wconf 90' lang='lat' dir='ltr'><strong>autdicentem,</strong></span> <span class='ocrx_word' id='word_1_388' title='bbox 2753 2545 3165 2600; x_wconf 86' lang='lat' dir='ltr'><strong>meminerimus</strong></span> <span class='ocrx_word' id='word_1_389' title='bbox 3181 2562 3306 2600; x_wconf 91' lang='lat' dir='ltr'><strong>eum</strong></span> <span class='ocrx_word' id='word_1_390' title='bbox 3328 2563 3453 2601; x_wconf 89' lang='lat' dir='ltr'><strong>cum</strong></span> 
     </span>
    </p>
   </div>
   <div class='ocr_carea' id='block_1_50' title="bbox 189 2625 1768 2698">
    <p class='ocr_par' dir='ltr' id='par_1_50' title="bbox 189 2625 1768 2698">
     <span class='ocr_line' id='line_1_50' title="bbox 189 2625 1768 2698; baseline -0.002 -17"><span class='ocrx_word' id='word_1_391' title='bbox 189 2627 332 2691; x_wconf 79' lang='grc' dir='ltr'>Θεὸς</span> <span class='ocrx_word' id='word_1_392' title='bbox 350 2625 449 2691; x_wconf 82' lang='grc' dir='ltr'>ὢν,</span> <span class='ocrx_word' id='word_1_393' title='bbox 483 2625 653 2680; x_wconf 86' lang='grc' dir='ltr'>ταῦτα</span> <span class='ocrx_word' id='word_1_394' title='bbox 680 2626 991 2698; x_wconf 71' lang='grc' dir='ltr'>ἐργάζεται*</span> <span class='ocrx_word' id='word_1_395' title='bbox 1022 2627 1116 2680; x_wconf 75' lang='grc' dir='ltr'><strong>καὶ</strong></span> <span class='ocrx_word' id='word_1_396' title='bbox 1141 2626 1321 2691; x_wconf 87' lang='grc' dir='ltr'>πάλιν,</span> <span class='ocrx_word' id='word_1_397' title='bbox 1346 2625 1441 2679; x_wconf 74' lang='grc' dir='ltr'><strong>ἐὰν</strong></span> <span class='ocrx_word' id='word_1_398' title='bbox 1473 2626 1669 2697; x_wconf 75' lang='grc' dir='ltr'>ἴδωμεν</span> <span class='ocrx_word' id='word_1_399' title='bbox 1691 2626 1768 2680; x_wconf 83' lang='grc' dir='ltr'><strong>αὐ-</strong></span> 
     </span>
    </p>
   </div>
   <div class='ocr_carea' id='block_1_51' title="bbox 1882 2625 3460 2698">
    <p class='ocr_par' dir='ltr' id='par_1_51' title="bbox 1882 2627 3460 2698">
     <span class='ocr_line' id='line_1_51' title="bbox 1882 2627 3460 2698; baseline 0.004 -16"><span class='ocrx_word' id='word_1_400' title='bbox 1882 2627 2019 2687; x_wconf 91' lang='lat' dir='ltr'><strong>Deus</strong></span> <span class='ocrx_word' id='word_1_401' title='bbox 2039 2632 2130 2698; x_wconf 88' lang='lat' dir='ltr'><strong>sit,</strong></span> <span class='ocrx_word' id='word_1_402' title='bbox 2153 2632 2258 2688; x_wconf 87' lang='lat' dir='ltr'><strong>ista</strong></span> <span class='ocrx_word' id='word_1_403' title='bbox 2275 2633 2505 2689; x_wconf 70' lang='lat' dir='ltr'><strong>edicere.</strong></span> <span class='ocrx_word' id='word_1_404' title='bbox 2537 2633 2591 2687; x_wconf 91' lang='lat' dir='ltr'><strong>Si</strong></span> <span class='ocrx_word' id='word_1_405' title='bbox 2610 2649 2737 2689; x_wconf 86' lang='lat' dir='ltr'><strong>vero</strong></span> <span class='ocrx_word' id='word_1_406' title='bbox 2764 2648 2955 2689; x_wconf 88' lang='lat' dir='ltr'><strong>rursus</strong></span> <span class='ocrx_word' id='word_1_407' title='bbox 2985 2635 3238 2689; x_wconf 89' lang='lat' dir='ltr'><strong>eumdem</strong></span> <span class='ocrx_word' id='word_1_408' title='bbox 3265 2636 3460 2691; x_wconf 91' lang='lat' dir='ltr'><strong>videri-</strong></span> 
     </span>
    </p>
   </div>
   <div class='ocr_carea' id='block_1_52' title="bbox 188 2707 1768 2798">
    <p class='ocr_par' dir='ltr' id='par_1_52' title="bbox 188 2707 1768 2792">
     <span class='ocr_line' id='line_1_52' title="bbox 188 2707 1768 2792; baseline -0.002 -19"><span class='ocrx_word' id='word_1_409' title='bbox 188 2716 290 2773; x_wconf 64' lang='grc' dir='ltr'>τὸν</span> <span class='ocrx_word' id='word_1_410' title='bbox 323 2707 696 2792; x_wconf 54' lang='grc' dir='ltr'>ἀνθρωπίνως</span> <span class='ocrx_word' id='word_1_411' title='bbox 723 2718 1002 2783; x_wconf 79' lang='grc' dir='ltr'>λαλοῦντα,</span> <span class='ocrx_word' id='word_1_412' title='bbox 1030 2719 1063 2789; x_wconf 84' lang='grc' dir='ltr'>ἢ</span> <span class='ocrx_word' id='word_1_413' title='bbox 1110 2711 1410 2789; x_wconf 82' lang='grc' dir='ltr'>πάσχοντα,</span> <span class='ocrx_word' id='word_1_414' title='bbox 1454 2717 1528 2789; x_wconf 84' lang='grc' dir='ltr'><strong>μὴ</strong></span> <span class='ocrx_word' id='word_1_415' title='bbox 1578 2718 1768 2786; x_wconf 85' lang='grc' dir='ltr'>ἀγνοῶ-</span> 
     </span>
    </p>
   </div>
   <div class='ocr_carea' id='block_1_53' title="bbox 1882 2707 3451 2798">
    <p class='ocr_par' dir='ltr' id='par_1_53' title="bbox 1884 2725 3451 2798">
     <span class='ocr_line' id='line_1_53' title="bbox 1884 2725 3451 2798; baseline 0.003 -21"><span class='ocrx_word' id='word_1_416' title='bbox 1884 2738 2008 2778; x_wconf 90' lang='lat' dir='ltr'><strong>mus</strong></span> <span class='ocrx_word' id='word_1_417' title='bbox 2020 2725 2261 2781; x_wconf 82' lang='lat' dir='ltr'><strong>humano</strong></span> <span class='ocrx_word' id='word_1_418' title='bbox 2282 2741 2434 2782; x_wconf 89' lang='lat' dir='ltr'><strong>more</strong></span> <span class='ocrx_word' id='word_1_419' title='bbox 2446 2726 2597 2798; x_wconf 91' lang='lat' dir='ltr'><strong>loqui</strong></span> <span class='ocrx_word' id='word_1_420' title='bbox 2614 2737 2667 2782; x_wconf 90' lang='lat' dir='ltr'><strong>et</strong></span> <span class='ocrx_word' id='word_1_421' title='bbox 2682 2728 2816 2797; x_wconf 88' lang='lat' dir='ltr'><strong>pati,</strong></span> <span class='ocrx_word' id='word_1_422' title='bbox 2828 2742 2934 2781; x_wconf 92' lang='lat' dir='ltr'><strong>non</strong></span> <span class='ocrx_word' id='word_1_423' title='bbox 2951 2727 3264 2796; x_wconf 80' lang='lat' dir='ltr'><strong>ignoremus</strong></span> <span class='ocrx_word' id='word_1_424' title='bbox 3278 2727 3451 2788; x_wconf 90' lang='lat' dir='ltr'><strong>illum,</strong></span> 
     </span>
    </p>
   </div>
   <div class='ocr_carea' id='block_1_54' title="bbox 183 2811 1768 2888">
    <p class='ocr_par' dir='ltr' id='par_1_54' title="bbox 183 2811 1768 2885">
     <span class='ocr_line' id='line_1_54' title="bbox 183 2811 1768 2885; baseline -0.002 -18"><span class='ocrx_word' id='word_1_425' title='bbox 183 2831 327 2885; x_wconf 70' lang='grc' dir='ltr'>μεν,</span> <span class='ocrx_word' id='word_1_426' title='bbox 354 2815 438 2867; x_wconf 81' lang='grc' dir='ltr'><strong>ὅτι</strong></span> <span class='ocrx_word' id='word_1_427' title='bbox 474 2812 651 2885; x_wconf 86' lang='grc' dir='ltr'>σάρκα</span> <span class='ocrx_word' id='word_1_428' title='bbox 677 2813 858 2884; x_wconf 80' lang='grc' dir='ltr'>φορῶν</span> <span class='ocrx_word' id='word_1_429' title='bbox 901 2814 1121 2882; x_wconf 80' lang='grc' dir='ltr'>γέγονεν</span> <span class='ocrx_word' id='word_1_430' title='bbox 1170 2812 1473 2883; x_wconf 78' lang='grc' dir='ltr'>ἄνθρωπος,</span> <span class='ocrx_word' id='word_1_431' title='bbox 1523 2813 1616 2865; x_wconf 76' lang='grc' dir='ltr'><strong>καὶ</strong></span> <span class='ocrx_word' id='word_1_432' title='bbox 1640 2811 1768 2865; x_wconf 71' lang='grc' dir='ltr'>οὖτα</span> 
     </span>
    </p>
   </div>
   <div class='ocr_carea' id='block_1_55' title="bbox 1882 2811 3457 2888">
    <p class='ocr_par' dir='ltr' id='par_1_55' title="bbox 1882 2818 3457 2888">
     <span class='ocr_line' id='line_1_55' title="bbox 1882 2818 3457 2888; baseline 0.003 -18"><span class='ocrx_word' id='word_1_433' title='bbox 1882 2831 2048 2872; x_wconf 87' lang='lat' dir='ltr'><strong>carne</strong></span> <span class='ocrx_word' id='word_1_434' title='bbox 2070 2818 2281 2885; x_wconf 88' lang='lat' dir='ltr'><strong>induta,</strong></span> <span class='ocrx_word' id='word_1_435' title='bbox 2304 2818 2507 2874; x_wconf 83' lang='lat' dir='ltr'><strong>factum</strong></span> <span class='ocrx_word' id='word_1_436' title='bbox 2543 2834 2663 2875; x_wconf 89' lang='lat' dir='ltr'><strong>csse</strong></span> <span class='ocrx_word' id='word_1_437' title='bbox 2703 2819 3003 2883; x_wconf 87' lang='lat' dir='ltr'><strong>hominem,</strong></span> <span class='ocrx_word' id='word_1_438' title='bbox 3045 2819 3232 2888; x_wconf 89' lang='lat' dir='ltr'><strong>sicque</strong></span> <span class='ocrx_word' id='word_1_439' title='bbox 3267 2819 3356 2873; x_wconf 90' lang='lat' dir='ltr'><strong>illa</strong></span> <span class='ocrx_word' id='word_1_440' title='bbox 3401 2829 3457 2875; x_wconf 91' lang='lat' dir='ltr'><strong>et</strong></span> 
     </span>
    </p>
   </div>
   <div class='ocr_carea' id='block_1_56' title="bbox 188 2903 1768 2981">
    <p class='ocr_par' dir='ltr' id='par_1_56' title="bbox 188 2903 1768 2975">
     <span class='ocr_line' id='line_1_56' title="bbox 188 2903 1768 2975; baseline -0.003 -16"><span class='ocrx_word' id='word_1_441' title='bbox 188 2904 375 2959; x_wconf 78' lang='grc' dir='ltr'>ταῦτα</span> <span class='ocrx_word' id='word_1_442' title='bbox 412 2907 557 2958; x_wconf 86' lang='grc' dir='ltr'>ποιεῖ</span> <span class='ocrx_word' id='word_1_443' title='bbox 589 2905 685 2958; x_wconf 76' lang='grc' dir='ltr'><strong>καὶ</strong></span> <span class='ocrx_word' id='word_1_444' title='bbox 712 2904 879 2958; x_wconf 86' lang='grc' dir='ltr'>λαλεῖ.</span> <span class='ocrx_word' id='word_1_445' title='bbox 925 2905 1184 2958; x_wconf 84' lang='grc' dir='ltr'>Ἑκάστου</span> <span class='ocrx_word' id='word_1_446' title='bbox 1211 2903 1321 2975; x_wconf 85' lang='grc' dir='ltr'><strong>γὰρ</strong></span> <span class='ocrx_word' id='word_1_447' title='bbox 1370 2903 1432 2957; x_wconf 75' lang='grc' dir='ltr'>τὸ</span> <span class='ocrx_word' id='word_1_448' title='bbox 1464 2903 1593 2956; x_wconf 77' lang='grc' dir='ltr'>ἴδιον</span> <span class='ocrx_word' id='word_1_449' title='bbox 1619 2904 1768 2972; x_wconf 82' lang='grc' dir='ltr'>γινώ-</span> 
     </span>
    </p>
   </div>
   <div class='ocr_carea' id='block_1_57' title="bbox 1882 2903 3456 2981">
    <p class='ocr_par' dir='ltr' id='par_1_57' title="bbox 1882 2909 3456 2981">
     <span class='ocr_line' id='line_1_57' title="bbox 1882 2909 3456 2981; baseline 0.004 -20"><span class='ocrx_word' id='word_1_450' title='bbox 1882 2922 2042 2976; x_wconf 87' lang='lat' dir='ltr'><strong>agere</strong></span> <span class='ocrx_word' id='word_1_451' title='bbox 2064 2909 2298 2979; x_wconf 90' lang='lat' dir='ltr'><strong>etloqui.</strong></span> <span class='ocrx_word' id='word_1_452' title='bbox 2322 2910 2378 2963; x_wconf 87' lang='lat' dir='ltr'><strong>Si</strong></span> <span class='ocrx_word' id='word_1_453' title='bbox 2402 2910 2547 2964; x_wconf 90' lang='lat' dir='ltr'><strong>enim</strong></span> <span class='ocrx_word' id='word_1_454' title='bbox 2578 2910 2725 2979; x_wconf 86' lang='lat' dir='ltr'><strong>quod</strong></span> <span class='ocrx_word' id='word_1_455' title='bbox 2762 2912 3047 2980; x_wconf 88' lang='lat' dir='ltr'><strong>utriusque</strong></span> <span class='ocrx_word' id='word_1_456' title='bbox 3071 2912 3348 2981; x_wconf 87' lang='lat' dir='ltr'><strong>proprium</strong></span> <span class='ocrx_word' id='word_1_457' title='bbox 3371 2921 3456 2968; x_wconf 90' lang='lat' dir='ltr'><strong>est</strong></span> 
     </span>
    </p>
   </div>
   <div class='ocr_carea' id='block_1_58' title="bbox 149 2992 1768 3071">
    <p class='ocr_par' dir='ltr' id='par_1_58' title="bbox 149 2992 1768 3067">
     <span class='ocr_line' id='line_1_58' title="bbox 149 2992 1768 3067; baseline -0.002 -18"><span class='ocrx_word' id='word_1_458' title='bbox 149 3000 167 3014; x_wconf 87' lang='lat'><strong><em>&#39;</em></strong></span> <span class='ocrx_word' id='word_1_459' title='bbox 188 3012 441 3059; x_wconf 80' lang='grc' dir='ltr'>σκοντες,</span> <span class='ocrx_word' id='word_1_460' title='bbox 465 2996 559 3048; x_wconf 77' lang='grc' dir='ltr'><strong>καὶ</strong></span> <span class='ocrx_word' id='word_1_461' title='bbox 584 2996 865 3067; x_wconf 82' lang='grc' dir='ltr'>ἀμφότερα</span> <span class='ocrx_word' id='word_1_462' title='bbox 890 2993 950 3059; x_wconf 76' lang='grc' dir='ltr'>ἐξ</span> <span class='ocrx_word' id='word_1_463' title='bbox 972 2995 1088 3059; x_wconf 79' lang='grc' dir='ltr'>ἐνὸς</span> <span class='ocrx_word' id='word_1_464' title='bbox 1114 2995 1463 3065; x_wconf 80' lang='grc' dir='ltr'>πραττόμενα</span> <span class='ocrx_word' id='word_1_465' title='bbox 1490 2992 1768 3063; x_wconf 81' lang='grc' dir='ltr'>βλέποντες</span> 
     </span>
    </p>
   </div>
   <div class='ocr_carea' id='block_1_59' title="bbox 1882 2992 3454 3071">
    <p class='ocr_par' dir='ltr' id='par_1_59' title="bbox 1882 2999 3454 3071">
     <span class='ocr_line' id='line_1_59' title="bbox 1882 2999 3454 3071; baseline 0.004 -19"><span class='ocrx_word' id='word_1_466' title='bbox 1882 3000 2359 3069; x_wconf 87' lang='lat' dir='ltr'><strong>perceperimus,et</strong></span> <span class='ocrx_word' id='word_1_467' title='bbox 2370 3010 2600 3068; x_wconf 88' lang='lat' dir='ltr'><strong>utraque</strong></span> <span class='ocrx_word' id='word_1_468' title='bbox 2612 3000 2683 3056; x_wconf 85' lang='lat' dir='ltr'><strong>ab</strong></span> <span class='ocrx_word' id='word_1_469' title='bbox 2701 3013 2812 3053; x_wconf 91' lang='lat' dir='ltr'><strong>uno</strong></span> <span class='ocrx_word' id='word_1_470' title='bbox 2825 2999 2912 3071; x_wconf 83' lang='lat' dir='ltr'><strong>agi</strong></span> <span class='ocrx_word' id='word_1_471' title='bbox 2932 3000 3454 3059; x_wconf 89' lang='lat' dir='ltr'><strong>consideraverimus</strong></span> 
     </span>
    </p>
   </div>
   <div class='ocr_carea' id='block_1_60' title="bbox 178 3084 1768 3163">
    <p class='ocr_par' dir='ltr' id='par_1_60' title="bbox 178 3084 1768 3158">
     <span class='ocr_line' id='line_1_60' title="bbox 178 3084 1768 3158; baseline -0.001 -19"><span class='ocrx_word' id='word_1_472' title='bbox 178 3087 292 3139; x_wconf 76' lang='grc' dir='ltr'><strong>’καὶ</strong></span> <span class='ocrx_word' id='word_1_473' title='bbox 316 3086 585 3151; x_wconf 77' lang='grc' dir='ltr'>νοοῦντες,</span> <span class='ocrx_word' id='word_1_474' title='bbox 609 3086 783 3156; x_wconf 83' lang='grc' dir='ltr'>ὀρθῶς</span> <span class='ocrx_word' id='word_1_475' title='bbox 813 3085 1157 3157; x_wconf 78' lang='grc' dir='ltr'>πιστεύομεν,</span> <span class='ocrx_word' id='word_1_476' title='bbox 1189 3087 1283 3139; x_wconf 73' lang='grc' dir='ltr'>καὶ</span> <span class='ocrx_word' id='word_1_477' title='bbox 1303 3086 1403 3139; x_wconf 80' lang='grc' dir='ltr'>οὐκ</span> <span class='ocrx_word' id='word_1_478' title='bbox 1428 3086 1494 3140; x_wconf 77' lang='grc' dir='ltr'>ἄν</span> <span class='ocrx_word' id='word_1_479' title='bbox 1518 3102 1647 3140; x_wconf 85' lang='grc' dir='ltr'>ποτε</span> <span class='ocrx_word' id='word_1_480' title='bbox 1666 3084 1768 3158; x_wconf 73' lang='grc'><strong>(41]</strong></span> 
     </span>
    </p>
   </div>
   <div class='ocr_carea' id='block_1_61' title="bbox 1882 3084 3455 3163">
    <p class='ocr_par' dir='ltr' id='par_1_61' title="bbox 1882 3089 3455 3163">
     <span class='ocr_line' id='line_1_61' title="bbox 1882 3089 3455 3163; baseline 0.004 -19"><span class='ocrx_word' id='word_1_481' title='bbox 1882 3100 1936 3145; x_wconf 89' lang='lat' dir='ltr'><strong>et</strong></span> <span class='ocrx_word' id='word_1_482' title='bbox 1952 3089 2399 3153; x_wconf 78' lang='lat' dir='ltr'><strong>intellexerimus,</strong></span> <span class='ocrx_word' id='word_1_483' title='bbox 2417 3101 2564 3145; x_wconf 87' lang='lat' dir='ltr'><strong>recta</strong></span> <span class='ocrx_word' id='word_1_484' title='bbox 2576 3091 2822 3160; x_wconf 82' lang='lat' dir='ltr'><strong>profecto</strong></span> <span class='ocrx_word' id='word_1_485' title='bbox 2837 3092 2941 3147; x_wconf 86' lang='lat' dir='ltr'><strong>erit</strong></span> <span class='ocrx_word' id='word_1_486' title='bbox 2960 3092 3092 3148; x_wconf 82' lang='lat' dir='ltr'><strong>ﬁdes</strong></span> <span class='ocrx_word' id='word_1_487' title='bbox 3120 3101 3328 3163; x_wconf 87' lang='lat' dir='ltr'><strong>nostra,</strong></span> <span class='ocrx_word' id='word_1_488' title='bbox 3354 3110 3455 3151; x_wconf 86' lang='lat' dir='ltr'><strong>nec</strong></span> 
     </span>
    </p>
   </div>
   <div class='ocr_carea' id='block_1_62' title="bbox 186 3174 1768 3256">
    <p class='ocr_par' dir='ltr' id='par_1_62' title="bbox 186 3174 1768 3248">
     <span class='ocr_line' id='line_1_62' title="bbox 186 3174 1768 3248; baseline -0.001 -18"><span class='ocrx_word' id='word_1_489' title='bbox 186 3175 677 3248; x_wconf 79' lang='grc' dir='ltr'>πλανηθησόμεθα.</span> <span class='ocrx_word' id='word_1_490' title='bbox 722 3176 848 3231; x_wconf 86' lang='grc' dir='ltr'><strong>Ἐὰν</strong></span> <span class='ocrx_word' id='word_1_491' title='bbox 885 3177 944 3230; x_wconf 84' lang='grc' dir='ltr'><strong>δέ</strong></span> <span class='ocrx_word' id='word_1_492' title='bbox 992 3194 1096 3240; x_wconf 84' lang='grc' dir='ltr'>τις,</span> <span class='ocrx_word' id='word_1_493' title='bbox 1145 3174 1343 3239; x_wconf 83' lang='grc' dir='ltr'>θεῖκῶς</span> <span class='ocrx_word' id='word_1_494' title='bbox 1393 3175 1463 3229; x_wconf 84' lang='grc' dir='ltr'><strong>τὰ</strong></span> <span class='ocrx_word' id='word_1_495' title='bbox 1495 3177 1648 3247; x_wconf 86' lang='grc' dir='ltr'>παρὰ</span> <span class='ocrx_word' id='word_1_496' title='bbox 1683 3176 1768 3229; x_wconf 76' lang='grc' dir='ltr'><strong>τοῦ</strong></span> 
     </span>
    </p>
   </div>
   <div class='ocr_carea' id='block_1_63' title="bbox 1882 3174 3454 3256">
    <p class='ocr_par' dir='ltr' id='par_1_63' title="bbox 1882 3178 3454 3256">
     <span class='ocr_line' id='line_1_63' title="bbox 1882 3178 3454 3256; baseline 0.005 -23"><span class='ocrx_word' id='word_1_497' title='bbox 1882 3195 2120 3249; x_wconf 89' lang='lat' dir='ltr'><strong>unquam</strong></span> <span class='ocrx_word' id='word_1_498' title='bbox 2139 3178 2381 3235; x_wconf 84' lang='lat' dir='ltr'><strong>futurum</strong></span> <span class='ocrx_word' id='word_1_499' title='bbox 2405 3192 2489 3237; x_wconf 92' lang='lat' dir='ltr'><strong>est</strong></span> <span class='ocrx_word' id='word_1_500' title='bbox 2511 3191 2570 3237; x_wconf 91' lang='lat' dir='ltr'><strong>ut</strong></span> <span class='ocrx_word' id='word_1_501' title='bbox 2598 3197 2864 3237; x_wconf 88' lang='lat' dir='ltr'><strong>erremus.</strong></span> <span class='ocrx_word' id='word_1_502' title='bbox 2886 3182 2954 3235; x_wconf 87' lang='lat' dir='ltr'><strong>At</strong></span> <span class='ocrx_word' id='word_1_503' title='bbox 2972 3184 3016 3235; x_wconf 81' lang='lat' dir='ltr'><strong>si</strong></span> <span class='ocrx_word' id='word_1_504' title='bbox 3048 3182 3194 3253; x_wconf 90' lang='lat' dir='ltr'><strong>quis,</strong></span> <span class='ocrx_word' id='word_1_505' title='bbox 3227 3183 3315 3240; x_wconf 91' lang='lat' dir='ltr'><strong>his</strong></span> <span class='ocrx_word' id='word_1_506' title='bbox 3331 3201 3454 3256; x_wconf 73' lang='lat' dir='ltr'><strong>qua:</strong></span> 
     </span>
    </p>
   </div>
   <div class='ocr_carea' id='block_1_64' title="bbox 185 3266 1775 3339">
    <p class='ocr_par' dir='ltr' id='par_1_64' title="bbox 185 3266 1775 3339">
     <span class='ocr_line' id='line_1_64' title="bbox 185 3266 1775 3339; baseline -0.001 -17"><span class='ocrx_word' id='word_1_507' title='bbox 185 3268 372 3336; x_wconf 82' lang='grc' dir='ltr'>Λόγου</span> <span class='ocrx_word' id='word_1_508' title='bbox 404 3268 665 3339; x_wconf 84' lang='grc' dir='ltr'>γινόμενα</span> <span class='ocrx_word' id='word_1_509' title='bbox 693 3268 925 3338; x_wconf 82' lang='grc' dir='ltr'>βλέπων,</span> <span class='ocrx_word' id='word_1_510' title='bbox 958 3269 1261 3339; x_wconf 81' lang='grc' dir='ltr'>ἀρνήσηται</span> <span class='ocrx_word' id='word_1_511' title='bbox 1293 3266 1356 3320; x_wconf 83' lang='grc' dir='ltr'>τὸ</span> <span class='ocrx_word' id='word_1_512' title='bbox 1400 3267 1637 3338; x_wconf 84' lang='grc' dir='ltr'>σῶμα,ἢ</span> <span class='ocrx_word' id='word_1_513' title='bbox 1681 3268 1775 3320; x_wconf 75' lang='grc' dir='ltr'>καὶ</span> 
     </span>
    </p>
   </div>
   <div class='ocr_carea' id='block_1_65' title="bbox 179 3357 1772 3431">
    <p class='ocr_par' dir='ltr' id='par_1_65' title="bbox 179 3357 1772 3431">
     <span class='ocr_line' id='line_1_65' title="bbox 179 3357 1772 3431; baseline -0.002 -17"><span class='ocrx_word' id='word_1_514' title='bbox 179 3360 260 3414; x_wconf 76' lang='grc' dir='ltr'>τὰ</span> <span class='ocrx_word' id='word_1_515' title='bbox 294 3359 393 3413; x_wconf 82' lang='grc' dir='ltr'><strong>τοῦ</strong></span> <span class='ocrx_word' id='word_1_516' title='bbox 433 3358 684 3430; x_wconf 85' lang='grc' dir='ltr'>σώματος</span> <span class='ocrx_word' id='word_1_517' title='bbox 748 3361 855 3414; x_wconf 72' lang='grc' dir='ltr'>ἴδια</span> <span class='ocrx_word' id='word_1_518' title='bbox 900 3360 1133 3431; x_wconf 76' lang='grc' dir='ltr'>βλέπων,</span> <span class='ocrx_word' id='word_1_519' title='bbox 1187 3359 1495 3430; x_wconf 80' lang='grc' dir='ltr'>άρνήσηται</span> <span class='ocrx_word' id='word_1_520' title='bbox 1541 3358 1639 3429; x_wconf 82' lang='grc' dir='ltr'>τὴν</span> <span class='ocrx_word' id='word_1_521' title='bbox 1677 3357 1772 3411; x_wconf 87' lang='grc' dir='ltr'><strong>τοῦ</strong></span> 
     </span>
    </p>
   </div>
   <div class='ocr_carea' id='block_1_66' title="bbox 176 3451 1777 3528">
    <p class='ocr_par' dir='ltr' id='par_1_66' title="bbox 176 3451 1777 3528">
     <span class='ocr_line' id='line_1_66' title="bbox 176 3451 1777 3528; baseline -0.003 -17"><span class='ocrx_word' id='word_1_522' title='bbox 176 3456 369 3525; x_wconf 80' lang='grc' dir='ltr'>Λόγου</span> <span class='ocrx_word' id='word_1_523' title='bbox 399 3455 514 3527; x_wconf 65' lang='grc'>(42)</span> <span class='ocrx_word' id='word_1_524' title='bbox 543 3455 804 3528; x_wconf 76' lang='grc' dir='ltr'>ἔνσαρκον</span> <span class='ocrx_word' id='word_1_525' title='bbox 831 3453 1151 3527; x_wconf 84' lang='grc' dir='ltr'>παρουσίαν,</span> <span class='ocrx_word' id='word_1_526' title='bbox 1180 3454 1215 3524; x_wconf 82' lang='grc' dir='ltr'>ἢ</span> <span class='ocrx_word' id='word_1_527' title='bbox 1254 3455 1320 3507; x_wconf 83' lang='grc' dir='ltr'><strong>ὲκ</strong></span> <span class='ocrx_word' id='word_1_528' title='bbox 1359 3452 1470 3506; x_wconf 81' lang='grc' dir='ltr'><strong>τῶν</strong></span> <span class='ocrx_word' id='word_1_529' title='bbox 1503 3451 1777 3523; x_wconf 82' lang='grc' dir='ltr'>ἀνθρωπί-</span> 
     </span>
    </p>
   </div>
   <div class='ocr_carea' id='block_1_67' title="bbox 184 3545 1771 3620">
    <p class='ocr_par' dir='ltr' id='par_1_67' title="bbox 184 3545 1771 3620">
     <span class='ocr_line' id='line_1_67' title="bbox 184 3545 1771 3620; baseline -0.003 -18"><span class='ocrx_word' id='word_1_530' title='bbox 184 3564 299 3602; x_wconf 84' lang='grc' dir='ltr'><strong>νων</strong></span> <span class='ocrx_word' id='word_1_531' title='bbox 326 3548 563 3601; x_wconf 82' lang='grc' dir='ltr'>ταπεινὰ</span> <span class='ocrx_word' id='word_1_532' title='bbox 584 3549 711 3620; x_wconf 78' lang='grc' dir='ltr'>περὶ</span> <span class='ocrx_word' id='word_1_533' title='bbox 737 3546 832 3600; x_wconf 86' lang='grc' dir='ltr'><strong>τοῦ</strong></span> <span class='ocrx_word' id='word_1_534' title='bbox 848 3548 1020 3615; x_wconf 88' lang='grc' dir='ltr'>Λόγου</span> <span class='ocrx_word' id='word_1_535' title='bbox 1042 3548 1287 3620; x_wconf 75' lang='grc' dir='ltr'>φρονήσῃ</span> <span class='ocrx_word' id='word_1_536' title='bbox 1311 3545 1446 3616; x_wconf 74' lang='grc'>(45),</span> <span class='ocrx_word' id='word_1_537' title='bbox 1460 3547 1489 3600; x_wconf 95' lang='lat'><strong>6</strong></span> <span class='ocrx_word' id='word_1_538' title='bbox 1513 3545 1771 3610; x_wconf 86' lang='grc' dir='ltr'>τοιοῦτος,</span> 
     </span>
    </p>
   </div>
   <div class='ocr_carea' id='block_1_68' title="bbox 175 3634 1771 3710">
    <p class='ocr_par' dir='ltr' id='par_1_68' title="bbox 175 3634 1771 3710">
     <span class='ocr_line' id='line_1_68' title="bbox 175 3634 1771 3710; baseline -0.001 -18"><span class='ocrx_word' id='word_1_539' title='bbox 175 3639 267 3703; x_wconf 71' lang='grc' dir='ltr'>ὥς</span> <span class='ocrx_word' id='word_1_540' title='bbox 298 3640 404 3710; x_wconf 79' lang='grc' dir='ltr'><strong>μὲν</strong></span> <span class='ocrx_word' id='word_1_541' title='bbox 444 3640 728 3703; x_wconf 80' lang='grc' dir='ltr'>Ἰουδαῖκδς</span> <span class='ocrx_word' id='word_1_542' title='bbox 756 3639 995 3710; x_wconf 81' lang='grc' dir='ltr'>κάπηλος</span> <span class='ocrx_word' id='word_1_543' title='bbox 1043 3640 1251 3710; x_wconf 79' lang='grc' dir='ltr'>μίσγων</span> <span class='ocrx_word' id='word_1_544' title='bbox 1303 3640 1396 3693; x_wconf 81' lang='grc' dir='ltr'>τὸν</span> <span class='ocrx_word' id='word_1_545' title='bbox 1424 3634 1565 3691; x_wconf 76' lang='grc' dir='ltr'>οἶνον</span> <span class='ocrx_word' id='word_1_546' title='bbox 1596 3638 1771 3703; x_wconf 75' lang='grc' dir='ltr'>ὕδατι,</span> 
     </span>
    </p>
   </div>
   <div class='ocr_carea' id='block_1_69' title="bbox 180 3726 1770 3799">
    <p class='ocr_par' dir='ltr' id='par_1_69' title="bbox 180 3726 1770 3799">
     <span class='ocr_line' id='line_1_69' title="bbox 180 3726 1770 3799; baseline -0.001 -17"><span class='ocrx_word' id='word_1_547' title='bbox 180 3728 491 3782; x_wconf 84' lang='grc' dir='ltr'>σκάνδαλον</span> <span class='ocrx_word' id='word_1_548' title='bbox 539 3729 750 3799; x_wconf 79' lang='grc' dir='ltr'>νομίσει</span> <span class='ocrx_word' id='word_1_549' title='bbox 803 3727 915 3798; x_wconf 68' lang='grc' dir='ltr'>(Η)</span> <span class='ocrx_word' id='word_1_550' title='bbox 949 3729 1038 3781; x_wconf 73' lang='grc' dir='ltr'>τὸν</span> <span class='ocrx_word' id='word_1_551' title='bbox 1073 3726 1323 3799; x_wconf 77' lang='grc' dir='ltr'>σταυρὸν,</span> <span class='ocrx_word' id='word_1_552' title='bbox 1354 3728 1435 3791; x_wconf 78' lang='grc' dir='ltr'><strong>ὡς</strong></span> <span class='ocrx_word' id='word_1_553' title='bbox 1465 3727 1522 3781; x_wconf 81' lang='grc' dir='ltr'>δὲ</span> <span class='ocrx_word' id='word_1_554' title='bbox 1553 3728 1770 3799; x_wconf 81' lang='grc' dir='ltr'>Ἕλλην,</span> 
     </span>
    </p>
   </div>
   <div class='ocr_carea' id='block_1_70' title="bbox 260 3882 1195 3951">
    <p class='ocr_par' dir='ltr' id='par_1_70' title="bbox 260 3882 1195 3951">
     <span class='ocr_line' id='line_1_70' title="bbox 260 3882 1195 3951; baseline -0.001 -14"><span class='ocrx_word' id='word_1_555' title='bbox 260 3886 305 3917; x_wconf 80' lang='grc' dir='ltr'><strong>ἰ</strong></span> <span class='ocrx_word' id='word_1_556' title='bbox 347 3883 369 3937; x_wconf 90' lang='lat' dir='ltr'><strong>l</strong></span> <span class='ocrx_word' id='word_1_557' title='bbox 401 3883 562 3940; x_wconf 79' lang='lat' dir='ltr'><strong>Joan.</strong></span> <span class='ocrx_word' id='word_1_558' title='bbox 585 3899 667 3951; x_wconf 84' lang='grc' dir='ltr'><strong>ιιι,</strong></span> <span class='ocrx_word' id='word_1_559' title='bbox 695 3883 749 3938; x_wconf 83' lang='grc'>5.</span> <span class='ocrx_word' id='word_1_560' title='bbox 824 3884 868 3914; x_wconf 82' lang='grc'><strong>⁹²</strong></span> <span class='ocrx_word' id='word_1_561' title='bbox 908 3882 1010 3940; x_wconf 89' lang='lat' dir='ltr'><strong>lsa.</strong></span> <span class='ocrx_word' id='word_1_562' title='bbox 1045 3899 1082 3949; x_wconf 87' lang='grc' dir='ltr'>ι,</span> <span class='ocrx_word' id='word_1_563' title='bbox 1106 3883 1195 3937; x_wconf 72' lang='lat'><strong>‘22.</strong></span> 
     </span>
    </p>
   </div>
   <div class='ocr_carea' id='block_1_71' title="bbox 234 4042 1760 4119">
    <p class='ocr_par' dir='ltr' id='par_1_71' title="bbox 234 4042 1760 4119">
     <span class='ocr_line' id='line_1_71' title="bbox 234 4042 1760 4119; baseline -0.009 -17"><span class='ocrx_word' id='word_1_564' title='bbox 234 4043 376 4119; x_wconf 43' lang='lat'><strong>133)</strong></span> <span class='ocrx_word' id='word_1_565' title='bbox 413 4044 560 4119; x_wconf 78' lang='lat' dir='ltr'><strong>Felc.</strong></span> <span class='ocrx_word' id='word_1_566' title='bbox 595 4045 632 4099; x_wconf 79' lang='lat'><strong>2</strong></span> <span class='ocrx_word' id='word_1_567' title='bbox 686 4051 742 4102; x_wconf 90' lang='lat' dir='ltr'><strong>et</strong></span> <span class='ocrx_word' id='word_1_568' title='bbox 774 4043 940 4100; x_wconf 84' lang='lat' dir='ltr'><strong>editio</strong></span> <span class='ocrx_word' id='word_1_569' title='bbox 968 4042 1420 4110; x_wconf 89' lang='lat' dir='ltr'><strong>Commeliniana,</strong></span> <span class='ocrx_word' id='word_1_570' title='bbox 1449 4044 1550 4115; x_wconf 81' lang='grc' dir='ltr'>τῆς</span> <span class='ocrx_word' id='word_1_571' title='bbox 1581 4046 1760 4119; x_wconf 84' lang='grc' dir='ltr'>ἁμαρ-</span> 
     </span>
    </p>
   </div>
   <div class='ocr_carea' id='block_1_72' title="bbox 181 4115 1243 4187">
    <p class='ocr_par' dir='ltr' id='par_1_72' title="bbox 181 4115 1243 4187">
     <span class='ocr_line' id='line_1_72' title="bbox 181 4115 1243 4187; baseline 0.01 -18"><span class='ocrx_word' id='word_1_572' title='bbox 181 4115 653 4187; x_wconf 27' lang='lat' dir='ltr'><strong>stagimendose.</strong></span> <span class='ocrx_word' id='word_1_573' title='bbox 902 4184 916 4187; x_wconf 94' lang='lat'><strong><em>_</em></strong></span> <span class='ocrx_word' id='word_1_574' title='bbox 1033 4181 1067 4187; x_wconf 85' lang='lat'><strong><em>_</em></strong></span> <span class='ocrx_word' id='word_1_575' title='bbox 1152 4183 1162 4187; x_wconf 92' lang='lat'><strong>_</strong></span> <span class='ocrx_word' id='word_1_576' title='bbox 1234 4180 1243 4187; x_wconf 29' lang='grc' dir='ltr'><strong>κ</strong></span> 
     </span>
    </p>
   </div>
   <div class='ocr_carea' id='block_1_73' title="bbox 258 4181 1753 4257">
    <p class='ocr_par' dir='ltr' id='par_1_73' title="bbox 258 4181 1753 4257">
     <span class='ocr_line' id='line_1_73' title="bbox 258 4181 1753 4257; baseline 0.001 -16"><span class='ocrx_word' id='word_1_577' title='bbox 258 4184 378 4257; x_wconf 70' lang='grc'>(54)</span> <span class='ocrx_word' id='word_1_578' title='bbox 420 4183 512 4239; x_wconf 90' lang='lat' dir='ltr'><strong>Sic</strong></span> <span class='ocrx_word' id='word_1_579' title='bbox 553 4184 984 4257; x_wconf 6' lang='lat' dir='ltr'><strong>primusgcodex</strong></span> <span class='ocrx_word' id='word_1_580' title='bbox 1033 4181 1243 4254; x_wconf 77' lang='lat' dir='ltr'><strong>Regius</strong></span> <span class='ocrx_word' id='word_1_581' title='bbox 1279 4192 1334 4238; x_wconf 90' lang='lat' dir='ltr'><strong>et</strong></span> <span class='ocrx_word' id='word_1_582' title='bbox 1367 4181 1753 4255; x_wconf 86' lang='lat' dir='ltr'><strong>Seguerianus.</strong></span> 
     </span>
    </p>
   </div>
   <div class='ocr_carea' id='block_1_74' title="bbox 181 4254 1119 4325">
    <p class='ocr_par' dir='ltr' id='par_1_74' title="bbox 181 4254 1119 4325">
     <span class='ocr_line' id='line_1_74' title="bbox 181 4254 1119 4325; baseline -0.006 -13"><span class='ocrx_word' id='word_1_583' title='bbox 181 4254 290 4312; x_wconf 70' lang='lat' dir='ltr'><strong>Alii</strong></span> <span class='ocrx_word' id='word_1_584' title='bbox 321 4254 504 4325; x_wconf 72' lang='lat' dir='ltr'><strong>autem</strong></span> <span class='ocrx_word' id='word_1_585' title='bbox 533 4265 586 4308; x_wconf 89' lang='lat' dir='ltr'><strong>et</strong></span> <span class='ocrx_word' id='word_1_586' title='bbox 607 4255 757 4318; x_wconf 85' lang='lat' dir='ltr'><strong>editi,</strong></span> <span class='ocrx_word' id='word_1_587' title='bbox 779 4254 1119 4325; x_wconf 81' lang='grc' dir='ltr'>ὑπάρχουσα.</span> 
     </span>
    </p>
   </div>
   <div class='ocr_carea' id='block_1_75' title="bbox 254 4321 1757 4407">
    <p class='ocr_par' dir='ltr' id='par_1_75' title="bbox 254 4321 1757 4407">
     <span class='ocr_line' id='line_1_75' title="bbox 254 4321 1757 4407; baseline 0 -27"><span class='ocrx_word' id='word_1_588' title='bbox 254 4326 374 4407; x_wconf 76' lang='grc'>(35)</span> <span class='ocrx_word' id='word_1_589' title='bbox 415 4323 507 4407; x_wconf 84' lang='lat' dir='ltr'><strong>Sic</strong></span> <span class='ocrx_word' id='word_1_590' title='bbox 527 4324 741 4407; x_wconf 65' lang='lat' dir='ltr'><strong>primus</strong></span> <span class='ocrx_word' id='word_1_591' title='bbox 775 4321 1175 4407; x_wconf 57' lang='lat' dir='ltr'><strong>codei&#39;iiegius</strong></span> <span class='ocrx_word' id='word_1_592' title='bbox 1200 4332 1254 4379; x_wconf 88' lang='lat' dir='ltr'><strong>et</strong></span> <span class='ocrx_word' id='word_1_593' title='bbox 1288 4321 1673 4395; x_wconf 87' lang='lat' dir='ltr'><strong>Seguerianus.</strong></span> <span class='ocrx_word' id='word_1_594' title='bbox 1686 4325 1757 4380; x_wconf 87' lang='lat' dir='ltr'><strong>At</strong></span> 
     </span>
    </p>
   </div>
   <div class='ocr_carea' id='block_1_76' title="bbox 179 4393 1075 4464">
    <p class='ocr_par' dir='ltr' id='par_1_76' title="bbox 179 4393 1075 4464">
     <span class='ocr_line' id='line_1_76' title="bbox 179 4393 1075 4464; baseline -0.004 -13"><span class='ocrx_word' id='word_1_595' title='bbox 179 4393 366 4464; x_wconf 63' lang='lat' dir='ltr'><strong>ceteri</strong></span> <span class='ocrx_word' id='word_1_596' title='bbox 398 4403 450 4464; x_wconf 72' lang='lat' dir='ltr'><strong>et</strong></span> <span class='ocrx_word' id='word_1_597' title='bbox 476 4395 626 4456; x_wconf 83' lang='lat' dir='ltr'><strong>editi,</strong></span> <span class='ocrx_word' id='word_1_598' title='bbox 660 4393 1075 4464; x_wconf 48' lang='grc' dir='ltr'>ἀποκρίνασθαι.</span> 
     </span>
    </p>
   </div>
   <div class='ocr_carea' id='block_1_77' title="bbox 1877 3264 3453 3346">
    <p class='ocr_par' dir='ltr' id='par_1_77' title="bbox 1877 3264 3453 3346">
     <span class='ocr_line' id='line_1_77' title="bbox 1877 3264 3453 3346; baseline 0.004 -21"><span class='ocrx_word' id='word_1_599' title='bbox 1877 3285 1909 3325; x_wconf 89' lang='lat' dir='ltr'><strong>a</strong></span> <span class='ocrx_word' id='word_1_600' title='bbox 1932 3268 2110 3326; x_wconf 86' lang='lat' dir='ltr'><strong>Verbo</strong></span> <span class='ocrx_word' id='word_1_601' title='bbox 2132 3272 2314 3327; x_wconf 88' lang='lat' dir='ltr'><strong>divine</strong></span> <span class='ocrx_word' id='word_1_602' title='bbox 2337 3273 2474 3327; x_wconf 88' lang='lat' dir='ltr'><strong>liunt</strong></span> <span class='ocrx_word' id='word_1_603' title='bbox 2498 3274 2827 3343; x_wconf 77' lang='lat' dir='ltr'><strong>conspectis,</strong></span> <span class='ocrx_word' id='word_1_604' title='bbox 2851 3264 2970 3342; x_wconf 85' lang='lat' dir='ltr'><strong>ejus</strong></span> <span class='ocrx_word' id='word_1_605' title='bbox 2992 3288 3193 3343; x_wconf 89' lang='lat' dir='ltr'><strong>corpus</strong></span> <span class='ocrx_word' id='word_1_606' title='bbox 3218 3290 3453 3346; x_wconf 87' lang='lat' dir='ltr'><strong>negave-</strong></span> 
     </span>
    </p>
   </div>
   <div class='ocr_carea' id='block_1_78' title="bbox 1883 3361 3448 3434">
    <p class='ocr_par' dir='ltr' id='par_1_78' title="bbox 1883 3361 3448 3434">
     <span class='ocr_line' id='line_1_78' title="bbox 1883 3361 3448 3434; baseline 0.004 -19"><span class='ocrx_word' id='word_1_607' title='bbox 1883 3361 1961 3416; x_wconf 90' lang='lat' dir='ltr'><strong>rit</strong></span> <span class='ocrx_word' id='word_1_608' title='bbox 1990 3380 2005 3416; x_wconf 89' lang='lat'><strong>:</strong></span> <span class='ocrx_word' id='word_1_609' title='bbox 2044 3362 2129 3418; x_wconf 86' lang='lat' dir='ltr'><strong>vel</strong></span> <span class='ocrx_word' id='word_1_610' title='bbox 2160 3364 2208 3418; x_wconf 95' lang='lat' dir='ltr'><strong>si</strong></span> <span class='ocrx_word' id='word_1_611' title='bbox 2238 3377 2303 3418; x_wconf 85' lang='lat' dir='ltr'><strong>ea</strong></span> <span class='ocrx_word' id='word_1_612' title='bbox 2344 3378 2466 3433; x_wconf 72' lang='lat' dir='ltr'><strong>quae</strong></span> <span class='ocrx_word' id='word_1_613' title='bbox 2489 3366 2735 3434; x_wconf 87' lang='lat' dir='ltr'><strong>corporis</strong></span> <span class='ocrx_word' id='word_1_614' title='bbox 2780 3364 2996 3434; x_wconf 90' lang='lat' dir='ltr'><strong>propria</strong></span> <span class='ocrx_word' id='word_1_615' title='bbox 3035 3375 3164 3420; x_wconf 89' lang='lat' dir='ltr'><strong>sunt</strong></span> <span class='ocrx_word' id='word_1_616' title='bbox 3195 3365 3448 3433; x_wconf 86' lang='lat' dir='ltr'><strong>intuitus,</strong></span> 
     </span>
    </p>
   </div>
   <div class='ocr_carea' id='block_1_79' title="bbox 1877 3452 3448 3526">
    <p class='ocr_par' dir='ltr' id='par_1_79' title="bbox 1877 3452 3448 3526">
     <span class='ocr_line' id='line_1_79' title="bbox 1877 3452 3448 3526; baseline 0.004 -19"><span class='ocrx_word' id='word_1_617' title='bbox 1877 3452 2043 3526; x_wconf 67' lang='lat' dir='ltr'><strong>m</strong></span> <span class='ocrx_word' id='word_1_618' title='bbox 2068 3468 2392 3524; x_wconf 89' lang='lat' dir='ltr'><strong>corporeum</strong></span> <span class='ocrx_word' id='word_1_619' title='bbox 2422 3453 2582 3510; x_wconf 84' lang='lat' dir='ltr'><strong>Verbi</strong></span> <span class='ocrx_word' id='word_1_620' title='bbox 2606 3455 2906 3511; x_wconf 89' lang='lat' dir='ltr'><strong>adventum</strong></span> <span class='ocrx_word' id='word_1_621' title='bbox 2937 3472 3105 3512; x_wconf 88' lang='lat' dir='ltr'><strong>ausus</strong></span> <span class='ocrx_word' id='word_1_622' title='bbox 3130 3456 3296 3513; x_wconf 78' lang='lat' dir='ltr'><strong>fuerit</strong></span> <span class='ocrx_word' id='word_1_623' title='bbox 3324 3459 3448 3515; x_wconf 80' lang='lat' dir='ltr'><strong>inli-</strong></span> 
     </span>
    </p>
   </div>
   <div class='ocr_carea' id='block_1_80' title="bbox 1876 3544 3450 3615">
    <p class='ocr_par' dir='ltr' id='par_1_80' title="bbox 1876 3544 3450 3615">
     <span class='ocr_line' id='line_1_80' title="bbox 1876 3544 3450 3615; baseline 0.003 -16"><span class='ocrx_word' id='word_1_624' title='bbox 1876 3544 2035 3610; x_wconf 90' lang='lat' dir='ltr'><strong>ciari,</strong></span> <span class='ocrx_word' id='word_1_625' title='bbox 2060 3554 2156 3599; x_wconf 90' lang='lat' dir='ltr'><strong>aut</strong></span> <span class='ocrx_word' id='word_1_626' title='bbox 2181 3560 2247 3599; x_wconf 80' lang='lat' dir='ltr'><strong>ex</strong></span> <span class='ocrx_word' id='word_1_627' title='bbox 2277 3545 2534 3601; x_wconf 83' lang='lat' dir='ltr'><strong>humanis</strong></span> <span class='ocrx_word' id='word_1_628' title='bbox 2575 3546 2744 3615; x_wconf 79' lang='lat' dir='ltr'><strong>gestis</strong></span> <span class='ocrx_word' id='word_1_629' title='bbox 2772 3546 2982 3615; x_wconf 85' lang='lat' dir='ltr'><strong>abjecte</strong></span> <span class='ocrx_word' id='word_1_630' title='bbox 3022 3546 3090 3602; x_wconf 91' lang='lat' dir='ltr'><strong>de</strong></span> <span class='ocrx_word' id='word_1_631' title='bbox 3118 3544 3296 3603; x_wconf 83' lang='lat' dir='ltr'><strong>Verbo</strong></span> <span class='ocrx_word' id='word_1_632' title='bbox 3324 3563 3450 3603; x_wconf 83' lang='lat' dir='ltr'><strong>sen-</strong></span> 
     </span>
    </p>
   </div>
   <div class='ocr_carea' id='block_1_81' title="bbox 1876 3637 3445 3716">
    <p class='ocr_par' dir='ltr' id='par_1_81' title="bbox 1876 3637 3445 3716">
     <span class='ocr_line' id='line_1_81' title="bbox 1876 3637 3445 3716; baseline 0.002 -23"><span class='ocrx_word' id='word_1_633' title='bbox 1876 3637 2029 3716; x_wconf 78' lang='lat' dir='ltr'><strong>serit,</strong></span> <span class='ocrx_word' id='word_1_634' title='bbox 2052 3637 2143 3692; x_wconf 90' lang='lat' dir='ltr'><strong>isti</strong></span> <span class='ocrx_word' id='word_1_635' title='bbox 2177 3653 2285 3692; x_wconf 93' lang='lat' dir='ltr'><strong>non</strong></span> <span class='ocrx_word' id='word_1_636' title='bbox 2310 3653 2469 3694; x_wconf 77' lang='lat' dir='ltr'><strong>secus</strong></span> <span class='ocrx_word' id='word_1_637' title='bbox 2489 3653 2555 3694; x_wconf 91' lang='lat' dir='ltr'><strong>ac</strong></span> <span class='ocrx_word' id='word_1_638' title='bbox 2578 3637 2806 3693; x_wconf 85' lang='lat' dir='ltr'><strong>Judaico</strong></span> <span class='ocrx_word' id='word_1_639' title='bbox 2828 3640 3083 3709; x_wconf 88' lang='lat' dir='ltr'><strong>cauponi,</strong></span> <span class='ocrx_word' id='word_1_640' title='bbox 3110 3640 3295 3695; x_wconf 86' lang='lat' dir='ltr'><strong>vinum</strong></span> <span class='ocrx_word' id='word_1_641' title='bbox 3320 3658 3445 3696; x_wconf 90' lang='lat' dir='ltr'><strong>cum</strong></span> 
     </span>
    </p>
   </div>
   <div class='ocr_carea' id='block_1_82' title="bbox 1881 3730 3448 3804">
    <p class='ocr_par' dir='ltr' id='par_1_82' title="bbox 1881 3730 3448 3804">
     <span class='ocr_line' id='line_1_82' title="bbox 1881 3730 3448 3804; baseline 0.005 -22"><span class='ocrx_word' id='word_1_642' title='bbox 1881 3744 2023 3799; x_wconf 86' lang='lat' dir='ltr'><strong>aqua</strong></span> <span class='ocrx_word' id='word_1_643' title='bbox 2056 3730 2304 3785; x_wconf 89' lang='lat' dir='ltr'><strong>miscenti</strong></span> <span class='ocrx_word' id='word_1_644' title='bbox 2321 3732 2389 3796; x_wconf 66' lang='grc' dir='ltr'><strong>θ’,</strong></span> <span class='ocrx_word' id='word_1_645' title='bbox 2413 3745 2546 3785; x_wconf 78' lang='lat' dir='ltr'><strong>crux</strong></span> <span class='ocrx_word' id='word_1_646' title='bbox 2564 3730 2877 3785; x_wconf 89' lang='lat' dir='ltr'><strong>scandalum</strong></span> <span class='ocrx_word' id='word_1_647' title='bbox 2903 3731 3023 3796; x_wconf 89' lang='lat' dir='ltr'><strong>erit,</strong></span> <span class='ocrx_word' id='word_1_648' title='bbox 3044 3731 3294 3802; x_wconf 89' lang='lat' dir='ltr'><strong>idemque</strong></span> <span class='ocrx_word' id='word_1_649' title='bbox 3317 3749 3448 3804; x_wconf 84' lang='lat' dir='ltr'><strong>gen-</strong></span> 
     </span>
    </p>
   </div>
   <div class='ocr_carea' id='block_1_83' title="bbox 1864 4037 3444 4113">
    <p class='ocr_par' dir='ltr' id='par_1_83' title="bbox 1864 4037 3444 4113">
     <span class='ocr_line' id='line_1_83' title="bbox 1864 4037 3444 4113; baseline -0.001 -11"><span class='ocrx_word' id='word_1_650' title='bbox 1864 4037 2017 4102; x_wconf 82' lang='lat' dir='ltr'><strong>tismi</strong></span> <span class='ocrx_word' id='word_1_651' title='bbox 2053 4063 2130 4112; x_wconf 61' lang='grc' dir='ltr'>τι,</span> <span class='ocrx_word' id='word_1_652' title='bbox 2163 4046 2217 4099; x_wconf 90' lang='lat' dir='ltr'><strong>in</strong></span> <span class='ocrx_word' id='word_1_653' title='bbox 2246 4044 2479 4099; x_wconf 86' lang='lat' dir='ltr'><strong>concilio</strong></span> <span class='ocrx_word' id='word_1_654' title='bbox 2504 4042 2797 4111; x_wconf 82' lang='lat' dir='ltr'><strong>Ephesino,</strong></span> <span class='ocrx_word' id='word_1_655' title='bbox 2820 4060 2876 4113; x_wconf 89' lang='lat' dir='ltr'><strong>p.</strong></span> <span class='ocrx_word' id='word_1_656' title='bbox 2907 4043 3033 4109; x_wconf 84' lang='lat'><strong>879,</strong></span> <span class='ocrx_word' id='word_1_657' title='bbox 3063 4044 3444 4113; x_wconf 75' lang='lat' dir='ltr'><strong>habeaturque</strong></span> 
     </span>
    </p>
   </div>
   <div class='ocr_carea' id='block_1_84' title="bbox 1862 4112 3438 4184">
    <p class='ocr_par' dir='ltr' id='par_1_84' title="bbox 1862 4112 3438 4184">
     <span class='ocr_line' id='line_1_84' title="bbox 1862 4112 3438 4184; baseline -0.001 -12"><span class='ocrx_word' id='word_1_658' title='bbox 1862 4119 2059 4173; x_wconf 81' lang='lat' dir='ltr'><strong>Latine</strong></span> <span class='ocrx_word' id='word_1_659' title='bbox 2089 4118 2144 4171; x_wconf 91' lang='lat' dir='ltr'><strong>in</strong></span> <span class='ocrx_word' id='word_1_660' title='bbox 2175 4115 2410 4171; x_wconf 79' lang='lat' dir='ltr'><strong>concilio</strong></span> <span class='ocrx_word' id='word_1_661' title='bbox 2424 4114 2529 4168; x_wconf 83' lang='lat' dir='ltr'><strong>Lat</strong></span> <span class='ocrx_word' id='word_1_662' title='bbox 2564 4112 2898 4184; x_wconf 79' lang='lat' dir='ltr'><strong>ranensi&#39;sub</strong></span> <span class='ocrx_word' id='word_1_663' title='bbox 2916 4112 3209 4176; x_wconf 80' lang='lat' dir='ltr'><strong>Martinol,</strong></span> <span class='ocrx_word' id='word_1_664' title='bbox 3234 4132 3286 4184; x_wconf 85' lang='lat' dir='ltr'><strong>p.</strong></span> <span class='ocrx_word' id='word_1_665' title='bbox 3311 4112 3438 4174; x_wconf 73' lang='lat'><strong>50!.</strong></span> 
     </span>
    </p>
   </div>
   <div class='ocr_carea' id='block_1_85' title="bbox 1866 4182 3441 4256">
    <p class='ocr_par' dir='ltr' id='par_1_85' title="bbox 1866 4182 3441 4256">
     <span class='ocr_line' id='line_1_85' title="bbox 1866 4182 3441 4256; baseline -0.002 -14"><span class='ocrx_word' id='word_1_666' title='bbox 1866 4188 2069 4242; x_wconf 85' lang='lat' dir='ltr'><strong>Ibidem</strong></span> <span class='ocrx_word' id='word_1_667' title='bbox 2124 4196 2367 4256; x_wconf 89' lang='lat' dir='ltr'><strong>uterque</strong></span> <span class='ocrx_word' id='word_1_668' title='bbox 2393 4184 2596 4256; x_wconf 75' lang='lat' dir='ltr'><strong>Regius</strong></span> <span class='ocrx_word' id='word_1_669' title='bbox 2627 4193 2679 4237; x_wconf 86' lang='lat' dir='ltr'><strong>et</strong></span> <span class='ocrx_word' id='word_1_670' title='bbox 2713 4182 3441 4256; x_wconf 66' lang='lat' dir='ltr'><strong>Seguerianus,_npoe§nrd-</strong></span> 
     </span>
    </p>
   </div>
   <div class='ocr_carea' id='block_1_86' title="bbox 1866 4254 3439 4329">
    <p class='ocr_par' dir='ltr' id='par_1_86' title="bbox 1866 4254 3439 4329">
     <span class='ocr_line' id='line_1_86' title="bbox 1866 4254 3439 4329; baseline -0.001 -18"><span class='ocrx_word' id='word_1_671' title='bbox 1866 4275 2060 4329; x_wconf 82' lang='grc' dir='ltr'>σαμεν,</span> <span class='ocrx_word' id='word_1_672' title='bbox 2088 4266 2147 4311; x_wconf 91' lang='lat' dir='ltr'><strong>ut</strong></span> <span class='ocrx_word' id='word_1_673' title='bbox 2179 4264 2233 4310; x_wconf 91' lang='lat' dir='ltr'><strong>et</strong></span> <span class='ocrx_word' id='word_1_674' title='bbox 2270 4254 2708 4329; x_wconf 80' lang='lat' dir='ltr'><strong>legit_in_terpre_s_</strong></span> <span class='ocrx_word' id='word_1_675' title='bbox 2750 4254 2890 4321; x_wconf 85' lang='lat' dir='ltr'><strong>apud</strong></span> <span class='ocrx_word' id='word_1_676' title='bbox 2933 4254 3224 4308; x_wconf 85' lang='lat' dir='ltr'><strong>concilium</strong></span> <span class='ocrx_word' id='word_1_677' title='bbox 3252 4254 3439 4329; x_wconf 17' lang='lat' dir='ltr'><strong>iLate-</strong></span> 
     </span>
    </p>
   </div>
   <div class='ocr_carea' id='block_1_87' title="bbox 1864 4322 3444 4391">
    <p class='ocr_par' dir='ltr' id='par_1_87' title="bbox 1864 4322 3444 4391">
     <span class='ocr_line' id='line_1_87' title="bbox 1864 4322 3444 4391; baseline -0.003 -9"><span class='ocrx_word' id='word_1_678' title='bbox 1864 4322 2111 4391; x_wconf 82' lang='lat' dir='ltr'><strong>ranens.;</strong></span> <span class='ocrx_word' id='word_1_679' title='bbox 2143 4341 2269 4379; x_wconf 91' lang='lat' dir='ltr'><strong>nam</strong></span> <span class='ocrx_word' id='word_1_680' title='bbox 2301 4322 2381 4378; x_wconf 86' lang='lat' dir='ltr'><strong>sic</strong></span> <span class='ocrx_word' id='word_1_681' title='bbox 2411 4324 2575 4379; x_wconf 86' lang='lat' dir='ltr'><strong>habet</strong></span> <span class='ocrx_word' id='word_1_682' title='bbox 2608 4340 2621 4376; x_wconf 92' lang='lat'>:</span> <span class='ocrx_word' id='word_1_683' title='bbox 2662 4322 2788 4375; x_wconf 68' lang='lat' dir='ltr'><strong>Ha&#39;c</strong></span> <span class='ocrx_word' id='word_1_684' title='bbox 2824 4333 2980 4377; x_wconf 81' lang='lat' dir='ltr'><strong>antea</strong></span> <span class='ocrx_word' id='word_1_685' title='bbox 3002 4328 3294 4377; x_wconf 83' lang='lat' dir='ltr'><strong>necessario</strong></span> <span class='ocrx_word' id='word_1_686' title='bbox 3312 4341 3444 4380; x_wconf 73' lang='lat' dir='ltr'><strong>exa-</strong></span> 
     </span>
    </p>
   </div>
   <div class='ocr_carea' id='block_1_88' title="bbox 1864 4392 3443 4467">
    <p class='ocr_par' dir='ltr' id='par_1_88' title="bbox 1864 4392 3443 4467">
     <span class='ocr_line' id='line_1_88' title="bbox 1864 4392 3443 4467; baseline -0.008 -17"><span class='ocrx_word' id='word_1_687' title='bbox 1864 4395 2326 4467; x_wconf 75' lang='lat' dir='ltr'><strong>minavimus.Alii</strong></span> <span class='ocrx_word' id='word_1_688' title='bbox 2348 4403 2533 4467; x_wconf 75' lang='lat' dir='ltr'><strong>autem</strong></span> <span class='ocrx_word' id='word_1_689' title='bbox 2562 4405 2615 4446; x_wconf 87' lang='lat' dir='ltr'><strong>et</strong></span> <span class='ocrx_word' id='word_1_690' title='bbox 2629 4394 2799 4467; x_wconf 76' lang='lat' dir='ltr'><strong>editio</strong></span> <span class='ocrx_word' id='word_1_691' title='bbox 2811 4392 3272 4467; x_wconf 81' lang='lat' dir='ltr'><strong>_Com_meliniana_.</strong></span> <span class='ocrx_word' id='word_1_692' title='bbox 3306 4413 3443 4467; x_wconf 84' lang='grc' dir='ltr'>προ.</span> 
     </span>
    </p>
   </div>
   <div class='ocr_carea' id='block_1_89' title="bbox 253 4445 1768 4538">
    <p class='ocr_par' dir='ltr' id='par_1_89' title="bbox 253 4445 1756 4538">
     <span class='ocr_line' id='line_1_89' title="bbox 253 4445 1756 4538; baseline 0.001 -21"><span class='ocrx_word' id='word_1_693' title='bbox 403 4445 757 4538; x_wconf 14' lang='lat' dir='ltr'><strong>*Sié&#39;ip‘iigigg</strong></span> <span class='ocrx_word' id='word_1_694' title='bbox 772 4445 959 4538; x_wconf 40' lang='lat' dir='ltr'><strong>abde;</strong></span> <span class='ocrx_word' id='word_1_695' title='bbox 976 4445 1176 4538; x_wconf 77' lang='lat' dir='ltr'><strong>Regius</strong></span> <span class='ocrx_word' id='word_1_696' title='bbox 1187 4505 1202 4527; x_wconf 93' lang='lat'><strong>,</strong></span> <span class='ocrx_word' id='word_1_697' title='bbox 1216 4462 1614 4538; x_wconf 66' lang='lat' dir='ltr'><strong>&#39;Seguetjanus,</strong></span> <span class='ocrx_word' id='word_1_698' title='bbox 1644 4464 1756 4538; x_wconf 61' lang='grc' dir='ltr'>βο-</span> 
     </span>
    </p>
   </div>
   <div class='ocr_carea' id='block_1_90' title="bbox 1882 4445 3436 4538">
    <p class='ocr_par' dir='ltr' id='par_1_90' title="bbox 1882 4445 3436 4538">
     <span class='ocr_line' id='line_1_90' title="bbox 1882 4445 3436 4538; baseline 0.001 -21"><span class='ocrx_word' id='word_1_699' title='bbox 1882 4445 2625 4538; x_wconf 56' lang='grc' dir='ltr'><strong>ἶζῆἶῆὲᾶεὶένξίῇὲὶἦἰὺίιιςτὴ</strong></span> <span class='ocrx_word' id='word_1_700' title='bbox 2658 4445 3113 4538; x_wconf 11' lang='grc' dir='ltr'><strong>(ὶῄῑνὶμυεξῶςδΰ</strong></span> <span class='ocrx_word' id='word_1_701' title='bbox 3129 4445 3436 4538; x_wconf 56' lang='grc' dir='ltr'>ξργᾶνὸύῼ.</span> 
     </span>
    </p>
   </div>
   <div class='ocr_carea' id='block_1_91' title="bbox 179 4532 1758 4601">
    <p class='ocr_par' dir='ltr' id='par_1_91' title="bbox 179 4532 1758 4601">
     <span class='ocr_line' id='line_1_91' title="bbox 179 4532 1758 4601; baseline 0.001 -12"><span class='ocrx_word' id='word_1_702' title='bbox 179 4532 465 4590; x_wconf 72' lang='lat' dir='ltr'><strong>blerianus</strong></span> <span class='ocrx_word' id='word_1_703' title='bbox 513 4543 567 4587; x_wconf 93' lang='lat' dir='ltr'><strong>et</strong></span> <span class='ocrx_word' id='word_1_704' title='bbox 614 4532 963 4601; x_wconf 58' lang='lat' dir='ltr'><strong>Felckrnanni</strong></span> <span class='ocrx_word' id='word_1_705' title='bbox 1032 4535 1259 4601; x_wconf 88' lang='lat' dir='ltr'><strong>primus.</strong></span> <span class='ocrx_word' id='word_1_706' title='bbox 1306 4532 1376 4588; x_wconf 66' lang='lat' dir='ltr'><strong>At</strong></span> <span class='ocrx_word' id='word_1_707' title='bbox 1417 4534 1599 4591; x_wconf 85' lang='lat' dir='ltr'><strong>Felck.</strong></span> <span class='ocrx_word' id='word_1_708' title='bbox 1640 4535 1674 4589; x_wconf 84' lang='lat'><strong>5</strong></span> <span class='ocrx_word' id='word_1_709' title='bbox 1703 4545 1758 4590; x_wconf 88' lang='lat' dir='ltr'><strong>et</strong></span> 
     </span>
    </p>
   </div>
   <div class='ocr_carea' id='block_1_92' title="bbox 180 4597 1754 4675">
    <p class='ocr_par' dir='ltr' id='par_1_92' title="bbox 180 4597 1754 4675">
     <span class='ocr_line' id='line_1_92' title="bbox 180 4597 1754 4675; baseline 0.001 -17"><span class='ocrx_word' id='word_1_710' title='bbox 180 4602 714 4675; x_wconf 75' lang='lat' dir='ltr'><strong>R_egius_secun_dus,</strong></span> <span class='ocrx_word' id='word_1_711' title='bbox 747 4597 903 4666; x_wconf 79' lang='grc' dir='ltr'>οὗτος</span> <span class='ocrx_word' id='word_1_712' title='bbox 949 4597 1236 4669; x_wconf 80' lang='grc' dir='ltr'>ὲὸἇσταξε.</span> <span class='ocrx_word' id='word_1_713' title='bbox 1266 4602 1459 4658; x_wconf 70' lang='lat' dir='ltr'><strong>Caeteri</strong></span> <span class='ocrx_word' id='word_1_714' title='bbox 1503 4615 1557 4660; x_wconf 89' lang='lat' dir='ltr'><strong>et</strong></span> <span class='ocrx_word' id='word_1_715' title='bbox 1601 4605 1754 4673; x_wconf 89' lang='lat' dir='ltr'><strong>editi,</strong></span> 
     </span>
    </p>
   </div>
   <div class='ocr_carea' id='block_1_93' title="bbox 178 4669 653 4737">
    <p class='ocr_par' dir='ltr' id='par_1_93' title="bbox 178 4669 653 4737">
     <span class='ocr_line' id='line_1_93' title="bbox 178 4669 653 4737; baseline 0.002 -12"><span class='ocrx_word' id='word_1_716' title='bbox 178 4669 336 4737; x_wconf 68' lang='grc' dir='ltr'>οὗτος</span> <span class='ocrx_word' id='word_1_717' title='bbox 364 4671 653 4736; x_wconf 76' lang='grc' dir='ltr'>ὲϐάσταζε.</span> 
     </span>
    </p>
   </div>
   <div class='ocr_carea' id='block_1_94' title="bbox 250 4740 1758 4816">
    <p class='ocr_par' dir='ltr' id='par_1_94' title="bbox 250 4740 1758 4816">
     <span class='ocr_line' id='line_1_94' title="bbox 250 4740 1758 4816; baseline 0.003 -19"><span class='ocrx_word' id='word_1_718' title='bbox 250 4741 371 4816; x_wconf 78' lang='grc'>(57)</span> <span class='ocrx_word' id='word_1_719' title='bbox 406 4740 651 4816; x_wconf 72' lang='lat' dir='ltr'><strong>Felckm.</strong></span> <span class='ocrx_word' id='word_1_720' title='bbox 676 4742 712 4796; x_wconf 76' lang='lat'><strong>2</strong></span> <span class='ocrx_word' id='word_1_721' title='bbox 739 4753 794 4798; x_wconf 91' lang='lat' dir='ltr'><strong>et</strong></span> <span class='ocrx_word' id='word_1_722' title='bbox 814 4741 1456 4816; x_wconf 70' lang='lat' dir='ltr'><strong>editio_(_‘.ommeliniana,</strong></span> <span class='ocrx_word' id='word_1_723' title='bbox 1482 4742 1622 4816; x_wconf 83' lang='grc' dir='ltr'>ὤρα.</span> <span class='ocrx_word' id='word_1_724' title='bbox 1640 4745 1758 4801; x_wconf 73' lang='lat' dir='ltr'><strong>Cae-</strong></span> 
     </span>
    </p>
   </div>
   <div class='ocr_carea' id='block_1_95' title="bbox 177 4810 1759 4884">
    <p class='ocr_par' dir='ltr' id='par_1_95' title="bbox 177 4810 1759 4884">
     <span class='ocr_line' id='line_1_95' title="bbox 177 4810 1759 4884; baseline 0.003 -18"><span class='ocrx_word' id='word_1_725' title='bbox 177 4810 282 4884; x_wconf 59' lang='lat' dir='ltr'><strong>teri</strong></span> <span class='ocrx_word' id='word_1_726' title='bbox 313 4810 478 4873; x_wconf 83' lang='lat' dir='ltr'><strong>mss.,</strong></span> <span class='ocrx_word' id='word_1_727' title='bbox 506 4811 629 4884; x_wconf 74' lang='grc' dir='ltr'>ὅρα,</span> <span class='ocrx_word' id='word_1_728' title='bbox 660 4821 720 4866; x_wconf 84' lang='grc' dir='ltr'><strong>ιη</strong></span> <span class='ocrx_word' id='word_1_729' title='bbox 746 4822 799 4884; x_wconf 87' lang='lat' dir='ltr'><strong>et</strong></span> <span class='ocrx_word' id='word_1_730' title='bbox 832 4810 1258 4884; x_wconf 23' lang='lat' dir='ltr'><strong>legitﬁNannius‘.</strong></span> <span class='ocrx_word' id='word_1_731' title='bbox 1292 4811 1494 4884; x_wconf 60' lang='lat' dir='ltr'><strong>[bidem</strong></span> <span class='ocrx_word' id='word_1_732' title='bbox 1529 4810 1759 4884; x_wconf 82' lang='lat' dir='ltr'><strong>uterque</strong></span> 
     </span>
    </p>
   </div>
   <div class='ocr_carea' id='block_1_96' title="bbox 179 4874 1758 4953">
    <p class='ocr_par' dir='ltr' id='par_1_96' title="bbox 179 4874 1758 4953">
     <span class='ocr_line' id='line_1_96' title="bbox 179 4874 1758 4953; baseline 0.001 -15"><span class='ocrx_word' id='word_1_733' title='bbox 179 4882 389 4953; x_wconf 77' lang='lat' dir='ltr'><strong>Regius</strong></span> <span class='ocrx_word' id='word_1_734' title='bbox 434 4890 489 4953; x_wconf 77' lang='lat' dir='ltr'><strong>et</strong></span> <span class='ocrx_word' id='word_1_735' title='bbox 538 4874 928 4953; x_wconf 66' lang='lat' dir='ltr'><strong>Seguerianus,</strong></span> <span class='ocrx_word' id='word_1_736' title='bbox 957 4883 1039 4934; x_wconf 83' lang='grc' dir='ltr'><strong>ὅτι</strong></span> <span class='ocrx_word' id='word_1_737' title='bbox 1086 4884 1115 4936; x_wconf 91' lang='lat'><strong>6</strong></span> <span class='ocrx_word' id='word_1_738' title='bbox 1155 4881 1249 4935; x_wconf 87' lang='grc' dir='ltr'><strong>τοῦ</strong></span> <span class='ocrx_word' id='word_1_739' title='bbox 1281 4874 1435 4935; x_wconf 79' lang='grc' dir='ltr'>Θεοῦ.</span> <span class='ocrx_word' id='word_1_740' title='bbox 1466 4882 1524 4938; x_wconf 85' lang='lat' dir='ltr'><strong>In</strong></span> <span class='ocrx_word' id='word_1_741' title='bbox 1560 4874 1683 4940; x_wconf 69' lang='lat' dir='ltr'><strong>aliis</strong></span> <span class='ocrx_word' id='word_1_742' title='bbox 1703 4894 1758 4940; x_wconf 87' lang='lat' dir='ltr'><strong>et</strong></span> 
     </span>
    </p>
   </div>
   <div class='ocr_carea' id='block_1_97' title="bbox 177 4949 596 5008">
    <p class='ocr_par' dir='ltr' id='par_1_97' title="bbox 177 4949 596 5008">
     <span class='ocr_line' id='line_1_97' title="bbox 177 4949 596 5008; baseline -0.002 0"><span class='ocrx_word' id='word_1_743' title='bbox 177 4949 342 5008; x_wconf 62' lang='lat' dir='ltr'><strong>editis</strong></span> <span class='ocrx_word' id='word_1_744' title='bbox 366 4953 397 5004; x_wconf 91' lang='lat'><strong>6</strong></span> <span class='ocrx_word' id='word_1_745' title='bbox 423 4949 596 5007; x_wconf 82' lang='lat' dir='ltr'><strong>deest.</strong></span> 
     </span>
    </p>
   </div>
   <div class='ocr_carea' id='block_1_98' title="bbox 250 5018 1750 5092">
    <p class='ocr_par' dir='ltr' id='par_1_98' title="bbox 250 5018 1750 5092">
     <span class='ocr_line' id='line_1_98' title="bbox 250 5018 1750 5092; baseline 0.001 -16"><span class='ocrx_word' id='word_1_746' title='bbox 250 5021 365 5092; x_wconf 79' lang='lat'>(58)</span> <span class='ocrx_word' id='word_1_747' title='bbox 405 5018 505 5092; x_wconf 75' lang='lat' dir='ltr'><strong>ﬂjic</strong></span> <span class='ocrx_word' id='word_1_748' title='bbox 542 5021 696 5077; x_wconf 85' lang='lat' dir='ltr'><strong>locus</strong></span> <span class='ocrx_word' id='word_1_749' title='bbox 718 5022 938 5092; x_wconf 10' lang='lat' dir='ltr'><strong>V’citatur</strong></span> <span class='ocrx_word' id='word_1_750' title='bbox 964 5021 1255 5092; x_wconf 86' lang='lat' dir='ltr'><strong>insynodo</strong></span> <span class='ocrx_word' id='word_1_751' title='bbox 1282 5039 1357 5087; x_wconf 89' lang='lat' dir='ltr'><strong>vI,</strong></span> <span class='ocrx_word' id='word_1_752' title='bbox 1392 5024 1750 5088; x_wconf 73' lang='lat' dir='ltr'><strong>mcumenica,</strong></span> 
     </span>
    </p>
   </div>
   <div class='ocr_carea' id='block_1_99' title="bbox 176 5090 1752 5163">
    <p class='ocr_par' dir='ltr' id='par_1_99' title="bbox 176 5090 1752 5163">
     <span class='ocr_line' id='line_1_99' title="bbox 176 5090 1752 5163; baseline 0.001 -16"><span class='ocrx_word' id='word_1_753' title='bbox 176 5090 401 5163; x_wconf 73' lang='lat' dir='ltr'><strong>actione</strong></span> <span class='ocrx_word' id='word_1_754' title='bbox 432 5090 522 5154; x_wconf 78' lang='grc'><strong>15,</strong></span> <span class='ocrx_word' id='word_1_755' title='bbox 559 5092 615 5145; x_wconf 92' lang='lat' dir='ltr'><strong>in</strong></span> <span class='ocrx_word' id='word_1_756' title='bbox 643 5091 872 5163; x_wconf 81' lang='lat' dir='ltr'><strong>epistola</strong></span> <span class='ocrx_word' id='word_1_757' title='bbox 885 5090 1181 5163; x_wconf 79' lang='lat' dir='ltr'><strong>Agathonis</strong></span> <span class='ocrx_word' id='word_1_758' title='bbox 1211 5109 1384 5163; x_wconf 84' lang='lat' dir='ltr'><strong>papae,</strong></span> <span class='ocrx_word' id='word_1_759' title='bbox 1420 5108 1475 5161; x_wconf 91' lang='lat' dir='ltr'><strong>p.</strong></span> <span class='ocrx_word' id='word_1_760' title='bbox 1504 5093 1628 5156; x_wconf 81' lang='grc'><strong>655,</strong></span> <span class='ocrx_word' id='word_1_761' title='bbox 1658 5094 1752 5149; x_wconf 86' lang='lat' dir='ltr'><strong>ubi</strong></span> 
     </span>
    </p>
   </div>
   <div class='ocr_carea' id='block_1_100' title="bbox 177 5160 1748 5217">
    <p class='ocr_par' dir='ltr' id='par_1_100' title="bbox 177 5160 1748 5217">
     <span class='ocr_line' id='line_1_100' title="bbox 177 5160 1748 5217; baseline 0.001 -2"><span class='ocrx_word' id='word_1_762' title='bbox 177 5162 233 5215; x_wconf 85' lang='lat' dir='ltr'><strong>in</strong></span> <span class='ocrx_word' id='word_1_763' title='bbox 264 5160 462 5215; x_wconf 87' lang='lat' dir='ltr'><strong>Latino</strong></span> <span class='ocrx_word' id='word_1_764' title='bbox 493 5169 640 5215; x_wconf 83' lang='lat' dir='ltr'><strong>textu</strong></span> <span class='ocrx_word' id='word_1_765' title='bbox 670 5162 743 5216; x_wconf 90' lang='lat' dir='ltr'><strong>ita</strong></span> <span class='ocrx_word' id='word_1_766' title='bbox 780 5163 1008 5216; x_wconf 87' lang='lat' dir='ltr'><strong>habetur</strong></span> <span class='ocrx_word' id='word_1_767' title='bbox 1038 5180 1051 5215; x_wconf 92' lang='lat'>:</span> <span class='ocrx_word' id='word_1_768' title='bbox 1093 5160 1323 5216; x_wconf 64' lang='lat' dir='ltr'><strong>Sanctus</strong></span> <span class='ocrx_word' id='word_1_769' title='bbox 1358 5160 1475 5216; x_wconf 70' lang='lat' dir='ltr'><strong>vero</strong></span> <span class='ocrx_word' id='word_1_770' title='bbox 1510 5164 1748 5217; x_wconf 69' lang='lat' dir='ltr'><strong>Athana-</strong></span> 
     </span>
    </p>
   </div>
   <div class='ocr_carea' id='block_1_101' title="bbox 175 5230 1746 5301">
    <p class='ocr_par' dir='ltr' id='par_1_101' title="bbox 175 5230 1746 5301">
     <span class='ocr_line' id='line_1_101' title="bbox 175 5230 1746 5301; baseline 0.001 -17"><span class='ocrx_word' id='word_1_771' title='bbox 175 5232 288 5284; x_wconf 70' lang='lat' dir='ltr'><strong>sius</strong></span> <span class='ocrx_word' id='word_1_772' title='bbox 320 5231 537 5298; x_wconf 67' lang='lat' dir='ltr'><strong>adaque</strong></span> <span class='ocrx_word' id='word_1_773' title='bbox 570 5230 769 5301; x_wconf 65' lang='lat' dir='ltr'><strong>Christi</strong></span> <span class='ocrx_word' id='word_1_774' title='bbox 814 5232 1080 5301; x_wconf 72' lang='lat' dir='ltr'><strong>confessor</strong></span> <span class='ocrx_word' id='word_1_775' title='bbox 1104 5231 1159 5284; x_wconf 81' lang='lat' dir='ltr'><strong>in</strong></span> <span class='ocrx_word' id='word_1_776' title='bbox 1189 5232 1322 5285; x_wconf 80' lang='lat' dir='ltr'><strong>libro</strong></span> <span class='ocrx_word' id='word_1_777' title='bbox 1358 5234 1511 5286; x_wconf 82' lang='lat' dir='ltr'><strong>tertio</strong></span> <span class='ocrx_word' id='word_1_778' title='bbox 1552 5235 1746 5287; x_wconf 80' lang='lat' dir='ltr'><strong>adver-</strong></span> 
     </span>
    </p>
   </div>
   <div class='ocr_carea' id='block_1_102' title="bbox 176 5299 1749 5370">
    <p class='ocr_par' dir='ltr' id='par_1_102' title="bbox 176 5299 1749 5370">
     <span class='ocr_line' id='line_1_102' title="bbox 176 5299 1749 5370; baseline 0.001 -15"><span class='ocrx_word' id='word_1_779' title='bbox 176 5316 273 5356; x_wconf 90' lang='lat' dir='ltr'><strong>sus</strong></span> <span class='ocrx_word' id='word_1_780' title='bbox 294 5301 551 5370; x_wconf 85' lang='lat' dir='ltr'><strong>Arianos,</strong></span> <span class='ocrx_word' id='word_1_781' title='bbox 580 5308 685 5354; x_wconf 90' lang='lat' dir='ltr'><strong>etc.</strong></span> <span class='ocrx_word' id='word_1_782' title='bbox 719 5299 777 5370; x_wconf 87' lang='lat' dir='ltr'><strong>In</strong></span> <span class='ocrx_word' id='word_1_783' title='bbox 808 5299 997 5356; x_wconf 64' lang='lat' dir='ltr'><strong>Graeco</strong></span> <span class='ocrx_word' id='word_1_784' title='bbox 1020 5312 1224 5361; x_wconf 86' lang='lat' dir='ltr'><strong>autem.</strong></span> <span class='ocrx_word' id='word_1_785' title='bbox 1258 5304 1286 5354; x_wconf 87' lang='lat'><strong>6</strong></span> <span class='ocrx_word' id='word_1_786' title='bbox 1316 5301 1469 5370; x_wconf 73' lang='grc' dir='ltr'>ἅγιος</span> <span class='ocrx_word' id='word_1_787' title='bbox 1497 5302 1553 5356; x_wconf 85' lang='grc' dir='ltr'>δὲ</span> <span class='ocrx_word' id='word_1_788' title='bbox 1586 5303 1749 5356; x_wconf 74' lang='grc' dir='ltr'><strong>Ἀθαιι</strong></span> 
     </span>
    </p>
   </div>
   <div class='ocr_carea' id='block_1_103' title="bbox 175 5368 1750 5452">
    <p class='ocr_par' dir='ltr' id='par_1_103' title="bbox 175 5368 1750 5452">
     <span class='ocr_line' id='line_1_103' title="bbox 175 5368 1750 5452; baseline 0.001 -28"><span class='ocrx_word' id='word_1_789' title='bbox 175 5370 359 5452; x_wconf 62' lang='grc' dir='ltr'>νάσξος</span> <span class='ocrx_word' id='word_1_790' title='bbox 380 5368 586 5452; x_wconf 71' lang='grc' dir='ltr'>ὁμοίως</span> <span class='ocrx_word' id='word_1_791' title='bbox 604 5369 983 5452; x_wconf 42' lang='grc' dir='ltr'>ὁιδμολογητὴς</span> <span class='ocrx_word' id='word_1_792' title='bbox 1001 5371 1097 5452; x_wconf 79' lang='grc' dir='ltr'><strong>τοῦ</strong></span> <span class='ocrx_word' id='word_1_793' title='bbox 1118 5368 1437 5442; x_wconf 82' lang='grc' dir='ltr'>Χριστοῦὲν</span> <span class='ocrx_word' id='word_1_794' title='bbox 1458 5372 1535 5442; x_wconf 82' lang='grc' dir='ltr'>τῷ</span> <span class='ocrx_word' id='word_1_795' title='bbox 1560 5373 1750 5443; x_wconf 82' lang='grc' dir='ltr'>τετάρ-</span> 
     </span>
    </p>
   </div>
   <div class='ocr_carea' id='block_1_104' title="bbox 280 5438 1083 5511">
    <p class='ocr_par' dir='ltr' id='par_1_104' title="bbox 280 5438 1083 5511">
     <span class='ocr_line' id='line_1_104' title="bbox 280 5438 1083 5511; baseline 0.006 -21"><span class='ocrx_word' id='word_1_796' title='bbox 280 5438 600 5511; x_wconf 47' lang='grc' dir='ltr'><strong>Δκατά</strong></span> <span class='ocrx_word' id='word_1_797' title='bbox 633 5438 951 5511; x_wconf 64' lang='grc' dir='ltr'>’Ᾱρειανῶνζ</span> <span class='ocrx_word' id='word_1_798' title='bbox 980 5450 1083 5495; x_wconf 87' lang='lat' dir='ltr'><strong>etc.</strong></span> 
     </span>
    </p>
   </div>
   <div class='ocr_carea' id='block_1_105' title="bbox 244 5507 1753 5580">
    <p class='ocr_par' dir='ltr' id='par_1_105' title="bbox 244 5507 1753 5580">
     <span class='ocr_line' id='line_1_105' title="bbox 244 5507 1753 5580; baseline 0.002 -17"><span class='ocrx_word' id='word_1_799' title='bbox 244 5509 362 5580; x_wconf 76' lang='lat'>(39)</span> <span class='ocrx_word' id='word_1_800' title='bbox 405 5507 747 5580; x_wconf 70' lang='lat' dir='ltr'><strong>Sieﬂegius</strong></span> <span class='ocrx_word' id='word_1_801' title='bbox 797 5511 1008 5580; x_wconf 89' lang='lat' dir='ltr'><strong>primus</strong></span> <span class='ocrx_word' id='word_1_802' title='bbox 1035 5522 1089 5565; x_wconf 90' lang='lat' dir='ltr'><strong>et</strong></span> <span class='ocrx_word' id='word_1_803' title='bbox 1121 5508 1510 5579; x_wconf 83' lang='lat' dir='ltr'><strong>Seguerianus.</strong></span> <span class='ocrx_word' id='word_1_804' title='bbox 1550 5510 1618 5565; x_wconf 85' lang='lat' dir='ltr'><strong>At</strong></span> <span class='ocrx_word' id='word_1_805' title='bbox 1646 5509 1753 5566; x_wconf 75' lang='lat' dir='ltr'><strong>Ile-</strong></span> 
     </span>
    </p>
   </div>
   <div class='ocr_carea' id='block_1_106' title="bbox 176 5578 1754 5702">
    <p class='ocr_par' dir='ltr' id='par_1_106' title="bbox 176 5578 1754 5702">
     <span class='ocr_line' id='line_1_106' title="bbox 176 5578 1754 5653; baseline 0.004 -22"><span class='ocrx_word' id='word_1_806' title='bbox 176 5578 297 5649; x_wconf 82' lang='lat' dir='ltr'><strong>gius</strong></span> <span class='ocrx_word' id='word_1_807' title='bbox 324 5578 899 5641; x_wconf 32' lang='lat' dir='ltr'><strong>secundus,’svnodus</strong></span> <span class='ocrx_word' id='word_1_808' title='bbox 940 5596 1019 5645; x_wconf 77' lang='lat' dir='ltr'><strong>vr,</strong></span> <span class='ocrx_word' id='word_1_809' title='bbox 1057 5578 1505 5653; x_wconf 78' lang='grc' dir='ltr'>τεθεοποιήμεθα.</span> <span class='ocrx_word' id='word_1_810' title='bbox 1552 5583 1656 5635; x_wconf 81' lang='lat' dir='ltr'><strong>Alii</strong></span> <span class='ocrx_word' id='word_1_811' title='bbox 1699 5591 1754 5637; x_wconf 87' lang='lat' dir='ltr'><strong>et</strong></span> 
     </span>
     <span class='ocr_line' id='line_1_107' title="bbox 176 5637 1380 5702; baseline -0.002 0"><span class='ocrx_word' id='word_1_812' title='bbox 176 5649 326 5702; x_wconf 83' lang='lat' dir='ltr'><strong>editi.</strong></span> <span class='ocrx_word' id='word_1_813' title='bbox 348 5637 765 5702; x_wconf 69' lang='grc' dir='ltr'>σεοποιούαεσα.</span> <span class='ocrx_word' id='word_1_814' title='bbox 1377 5676 1380 5680; x_wconf 56' lang='grc' dir='ltr'><strong>λ</strong></span> 
     </span>
    </p>
   </div>
   <div class='ocr_carea' id='block_1_107' title="bbox 176 5664 1380 5709">
    <p class='ocr_par' dir='ltr' id='par_1_107' title="bbox 176 5664 1380 5709">
     <span class='ocr_line' id='line_1_108' title="bbox 176 5664 1380 5709; baseline -0.002 -6"><span class='ocrx_word' id='word_1_815' title='bbox 176 5664 326 5709; x_wconf 76' lang='lat' dir='ltr'><strong>eam,</strong></span> <span class='ocrx_word' id='word_1_816' title='bbox 348 5664 765 5709; x_wconf 76' lang='grc' dir='ltr'>υεοποιουμευα.</span> <span class='ocrx_word' id='word_1_817' title='bbox 1377 5676 1380 5680; x_wconf 58' lang='grc' dir='ltr'><strong>λ</strong></span> 
     </span>
    </p>
   </div>
   <div class='ocr_carea' id='block_1_108' title="bbox 250 5665 1751 5789">
    <p class='ocr_par' dir='ltr' id='par_1_108' title="bbox 250 5665 1751 5789">
     <span class='ocr_line' id='line_1_109' title="bbox 250 5665 1380 5718; baseline 0.002 -18"><span class='ocrx_word' id='word_1_818' title='bbox 250 5665 326 5709; x_wconf 85' lang='grc' dir='ltr'>ιιι,</span> <span class='ocrx_word' id='word_1_819' title='bbox 348 5665 765 5718; x_wconf 75' lang='grc' dir='ltr'>υεοποιουμευα.</span> <span class='ocrx_word' id='word_1_820' title='bbox 1377 5676 1380 5680; x_wconf 73' lang='lat'>‘</span> 
     </span>
     <span class='ocr_line' id='line_1_110' title="bbox 250 5716 1751 5789; baseline 0.004 -18"><span class='ocrx_word' id='word_1_821' title='bbox 250 5718 365 5789; x_wconf 64' lang='grc'>(40)</span> <span class='ocrx_word' id='word_1_822' title='bbox 408 5716 536 5774; x_wconf 58' lang='lat' dir='ltr'><strong>Haec</strong></span> <span class='ocrx_word' id='word_1_823' title='bbox 559 5719 691 5774; x_wconf 90' lang='lat' dir='ltr'><strong>citat</strong></span> <span class='ocrx_word' id='word_1_824' title='bbox 718 5718 954 5789; x_wconf 84' lang='lat' dir='ltr'><strong>Cyrillus</strong></span> <span class='ocrx_word' id='word_1_825' title='bbox 989 5720 1043 5775; x_wconf 91' lang='lat' dir='ltr'><strong>in</strong></span> <span class='ocrx_word' id='word_1_826' title='bbox 1074 5718 1404 5778; x_wconf 83' lang='lat' dir='ltr'><strong>Defensionc</strong></span> <span class='ocrx_word' id='word_1_827' title='bbox 1430 5722 1751 5779; x_wconf 83' lang='lat' dir='ltr'><strong>anathema-</strong></span> 
     </span>
    </p>
   </div>
   <div class='ocr_carea' id='block_1_109' title="bbox 1819 4530 3441 4609">
    <p class='ocr_par' dir='ltr' id='par_1_109' title="bbox 1819 4530 3441 4609">
     <span class='ocr_line' id='line_1_111' title="bbox 1819 4530 3441 4609; baseline 0.006 -29"><span class='ocrx_word' id='word_1_828' title='bbox 1819 4574 1828 4580; x_wconf 90' lang='lat'><strong>.</strong></span> <span class='ocrx_word' id='word_1_829' title='bbox 1857 4530 2165 4609; x_wconf 66' lang='grc' dir='ltr'>πράττοντα</span> <span class='ocrx_word' id='word_1_830' title='bbox 2192 4535 2226 4605; x_wconf 78' lang='grc' dir='ltr'>ἢ</span> <span class='ocrx_word' id='word_1_831' title='bbox 2261 4535 2508 4609; x_wconf 78' lang='grc' dir='ltr'>λέγοντα.</span> <span class='ocrx_word' id='word_1_832' title='bbox 2543 4530 2747 4586; x_wconf 72' lang='grc' dir='ltr'><strong>ϐοηρῐι.</strong></span> <span class='ocrx_word' id='word_1_833' title='bbox 2783 4532 3036 4586; x_wconf 88' lang='lat' dir='ltr'><strong>Lateran.</strong></span> <span class='ocrx_word' id='word_1_834' title='bbox 3068 4530 3194 4603; x_wconf 78' lang='lat' dir='ltr'><strong>legit</strong></span> <span class='ocrx_word' id='word_1_835' title='bbox 3214 4530 3441 4604; x_wconf 78' lang='lat' dir='ltr'><strong>quoque</strong></span> 
     </span>
    </p>
   </div>
   <div class='ocr_carea' id='block_1_110' title="bbox 1854 4606 3438 4673">
    <p class='ocr_par' dir='ltr' id='par_1_110' title="bbox 1854 4606 3438 4673">
     <span class='ocr_line' id='line_1_112' title="bbox 1854 4606 3438 4673; baseline -0.001 -15"><span class='ocrx_word' id='word_1_836' title='bbox 1854 4606 1929 4669; x_wconf 83' lang='grc' dir='ltr'>ὡς</span> <span class='ocrx_word' id='word_1_837' title='bbox 1960 4625 1973 4660; x_wconf 93' lang='lat'>:</span> <span class='ocrx_word' id='word_1_838' title='bbox 2006 4606 2167 4659; x_wconf 88' lang='lat' dir='ltr'><strong>habet</strong></span> <span class='ocrx_word' id='word_1_839' title='bbox 2203 4606 2371 4668; x_wconf 87' lang='lat' dir='ltr'><strong>enim,</strong></span> <span class='ocrx_word' id='word_1_840' title='bbox 2407 4617 2526 4673; x_wconf 52' lang='lat' dir='ltr'><strong>eum</strong></span> <span class='ocrx_word' id='word_1_841' title='bbox 2575 4612 2827 4669; x_wconf 84' lang='lat' dir='ltr'><strong>tanquam</strong></span> <span class='ocrx_word' id='word_1_842' title='bbox 2865 4619 2956 4673; x_wconf 65' lang='lat' dir='ltr'><strong>per</strong></span> <span class='ocrx_word' id='word_1_843' title='bbox 3003 4619 3261 4673; x_wconf 81' lang='lat' dir='ltr'><strong>organum</strong></span> <span class='ocrx_word' id='word_1_844' title='bbox 3310 4621 3438 4671; x_wconf 86' lang='lat' dir='ltr'><strong>pro-</strong></span> 
     </span>
    </p>
   </div>
   <div class='ocr_carea' id='block_1_111' title="bbox 1855 4671 3439 4746">
    <p class='ocr_par' dir='ltr' id='par_1_111' title="bbox 1855 4671 3439 4746">
     <span class='ocr_line' id='line_1_113' title="bbox 1855 4671 3439 4746; baseline -0.001 -17"><span class='ocrx_word' id='word_1_845' title='bbox 1855 4677 2031 4746; x_wconf 80' lang='lat' dir='ltr'><strong>prium</strong></span> <span class='ocrx_word' id='word_1_846' title='bbox 2056 4691 2268 4746; x_wconf 58' lang='lat' dir='ltr'><strong>corpus,</strong></span> <span class='ocrx_word' id='word_1_847' title='bbox 2300 4684 2404 4746; x_wconf 79' lang='lat' dir='ltr'><strong>etc.</strong></span> <span class='ocrx_word' id='word_1_848' title='bbox 2436 4671 2560 4724; x_wconf 78' lang='lat' dir='ltr'><strong>Mox</strong></span> <span class='ocrx_word' id='word_1_849' title='bbox 2592 4682 2714 4740; x_wconf 89' lang='lat' dir='ltr'><strong>post</strong></span> <span class='ocrx_word' id='word_1_850' title='bbox 2756 4671 3077 4743; x_wconf 71' lang='grc' dir='ltr'>ἐργάζεται,</span> <span class='ocrx_word' id='word_1_851' title='bbox 3105 4673 3308 4728; x_wconf 89' lang='lat' dir='ltr'><strong>desinit</strong></span> <span class='ocrx_word' id='word_1_852' title='bbox 3348 4674 3439 4728; x_wconf 86' lang='lat' dir='ltr'><strong>hic</strong></span> 
     </span>
    </p>
   </div>
   <div class='ocr_carea' id='block_1_112' title="bbox 1857 4743 2504 4814">
    <p class='ocr_par' dir='ltr' id='par_1_112' title="bbox 1857 4743 2504 4814">
     <span class='ocr_line' id='line_1_114' title="bbox 1857 4743 2504 4814; baseline -0.012 -13"><span class='ocrx_word' id='word_1_853' title='bbox 1857 4743 2014 4801; x_wconf 89' lang='lat' dir='ltr'><strong>locus</strong></span> <span class='ocrx_word' id='word_1_854' title='bbox 2048 4743 2188 4807; x_wconf 90' lang='lat' dir='ltr'><strong>apud</strong></span> <span class='ocrx_word' id='word_1_855' title='bbox 2204 4743 2504 4814; x_wconf 13' lang='lat' dir='ltr'><strong>gCyriIlunl.</strong></span> 
     </span>
    </p>
   </div>
   <div class='ocr_carea' id='block_1_113' title="bbox 1929 4809 3432 4884">
    <p class='ocr_par' dir='ltr' id='par_1_113' title="bbox 1929 4809 3432 4884">
     <span class='ocr_line' id='line_1_115' title="bbox 1929 4809 3432 4884; baseline -0.002 -15"><span class='ocrx_word' id='word_1_856' title='bbox 1929 4814 2041 4884; x_wconf 71' lang='grc'>(41)</span> <span class='ocrx_word' id='word_1_857' title='bbox 2083 4814 2173 4869; x_wconf 91' lang='lat' dir='ltr'><strong>Sic</strong></span> <span class='ocrx_word' id='word_1_858' title='bbox 2202 4809 2339 4883; x_wconf 78' lang='lat' dir='ltr'><strong>Reg.</strong></span> <span class='ocrx_word' id='word_1_859' title='bbox 2372 4813 2424 4884; x_wconf 77' lang='lat' dir='ltr'><strong>l,</strong></span> <span class='ocrx_word' id='word_1_860' title='bbox 2455 4810 2684 4884; x_wconf 61' lang='lat' dir='ltr'><strong>Sgguer.</strong></span> <span class='ocrx_word' id='word_1_861' title='bbox 2714 4809 2944 4884; x_wconf 82' lang='lat' dir='ltr'><strong>_Gobler.</strong></span> <span class='ocrx_word' id='word_1_862' title='bbox 2995 4820 3051 4866; x_wconf 91' lang='lat' dir='ltr'><strong>et</strong></span> <span class='ocrx_word' id='word_1_863' title='bbox 3100 4811 3340 4884; x_wconf 82' lang='lat' dir='ltr'><strong>Felckm.</strong></span> <span class='ocrx_word' id='word_1_864' title='bbox 3380 4813 3432 4884; x_wconf 80' lang='grc'><strong>1.</strong></span> 
     </span>
    </p>
   </div>
   <div class='ocr_carea' id='block_1_114' title="bbox 1854 4878 3435 4953">
    <p class='ocr_par' dir='ltr' id='par_1_114' title="bbox 1854 4878 3435 4953">
     <span class='ocr_line' id='line_1_116' title="bbox 1854 4878 3435 4953; baseline -0.004 -14"><span class='ocrx_word' id='word_1_865' title='bbox 1854 4878 2043 4949; x_wconf 50' lang='lat' dir='ltr'><strong>At&#39;ali&#39;i</strong></span> <span class='ocrx_word' id='word_1_866' title='bbox 2076 4893 2132 4940; x_wconf 90' lang='lat' dir='ltr'><strong>et</strong></span> <span class='ocrx_word' id='word_1_867' title='bbox 2157 4878 2321 4953; x_wconf 47' lang='lat' dir='ltr'><strong>editi:</strong></span> <span class='ocrx_word' id='word_1_868' title='bbox 2339 4882 2434 4953; x_wconf 76' lang='grc' dir='ltr'><strong>καὶ</strong></span> <span class='ocrx_word' id='word_1_869' title='bbox 2457 4878 2680 4953; x_wconf 73' lang='grc' dir='ltr'>οὔποτε.</span> <span class='ocrx_word' id='word_1_870' title='bbox 2713 4879 2918 4953; x_wconf 80' lang='lat' dir='ltr'><strong>ibidem</strong></span> <span class='ocrx_word' id='word_1_871' title='bbox 2950 4890 3073 4949; x_wconf 82' lang='lat' dir='ltr'><strong>post</strong></span> <span class='ocrx_word' id='word_1_872' title='bbox 3100 4881 3435 4953; x_wconf 73' lang='grc' dir='ltr'>πλανηθησό-</span> 
     </span>
    </p>
   </div>
   <div class='ocr_carea' id='block_1_115' title="bbox 1900 4949 3433 5020">
    <p class='ocr_par' dir='ltr' id='par_1_115' title="bbox 1900 4949 3433 5020">
     <span class='ocr_line' id='line_1_117' title="bbox 1900 4949 3433 5020; baseline -0.002 -13"><span class='ocrx_word' id='word_1_873' title='bbox 1900 4954 2017 5018; x_wconf 86' lang='grc' dir='ltr'>εθα,</span> <span class='ocrx_word' id='word_1_874' title='bbox 2046 4954 2247 5010; x_wconf 90' lang='lat' dir='ltr'><strong>desinit</strong></span> <span class='ocrx_word' id='word_1_875' title='bbox 2277 4952 2364 5005; x_wconf 87' lang='lat' dir='ltr'><strong>hic</strong></span> <span class='ocrx_word' id='word_1_876' title='bbox 2396 4952 2546 5005; x_wconf 89' lang='lat' dir='ltr'><strong>locus</strong></span> <span class='ocrx_word' id='word_1_877' title='bbox 2580 4949 2636 5002; x_wconf 88' lang='lat' dir='ltr'><strong>in</strong></span> <span class='ocrx_word' id='word_1_878' title='bbox 2671 4949 2877 5020; x_wconf 82' lang='lat' dir='ltr'><strong>synodo</strong></span> <span class='ocrx_word' id='word_1_879' title='bbox 2909 4966 2985 5020; x_wconf 60' lang='lat' dir='ltr'><strong>vi,</strong></span> <span class='ocrx_word' id='word_1_880' title='bbox 3014 4959 3069 5004; x_wconf 91' lang='lat' dir='ltr'><strong>et</strong></span> <span class='ocrx_word' id='word_1_881' title='bbox 3107 4952 3161 5004; x_wconf 92' lang='lat' dir='ltr'><strong>in</strong></span> <span class='ocrx_word' id='word_1_882' title='bbox 3198 4949 3433 5006; x_wconf 82' lang='lat' dir='ltr'><strong>concilio</strong></span> 
     </span>
    </p>
   </div>
   <div class='ocr_carea' id='block_1_116' title="bbox 1854 4972 3434 5091">
    <p class='ocr_par' dir='ltr' id='par_1_116' title="bbox 1854 4972 3434 5091">
     <span class='ocr_line' id='line_1_118' title="bbox 1900 4972 3433 5020; baseline -0.002 -13"><span class='ocrx_word' id='word_1_883' title='bbox 1900 4972 2017 5018; x_wconf 83' lang='grc' dir='ltr'>ευα,</span> <span class='ocrx_word' id='word_1_884' title='bbox 2046 4972 2247 5010; x_wconf 73' lang='grc' dir='ltr'><strong>αθθιηιι</strong></span> <span class='ocrx_word' id='word_1_885' title='bbox 2277 4972 2364 5005; x_wconf 76' lang='lat' dir='ltr'><strong>DIC</strong></span> <span class='ocrx_word' id='word_1_886' title='bbox 2396 4972 2546 5005; x_wconf 67' lang='lat'><strong>10005</strong></span> <span class='ocrx_word' id='word_1_887' title='bbox 2580 4972 2636 5002; x_wconf 85' lang='grc' dir='ltr'>ιιι</span> <span class='ocrx_word' id='word_1_888' title='bbox 2671 4972 2877 5020; x_wconf 77' lang='lat' dir='ltr'><strong>synouu</strong></span> <span class='ocrx_word' id='word_1_889' title='bbox 2909 4972 2985 5012; x_wconf 81' lang='lat' dir='ltr'><strong>Vl,</strong></span> <span class='ocrx_word' id='word_1_890' title='bbox 3014 4972 3069 5004; x_wconf 79' lang='lat' dir='ltr'><strong>et</strong></span> <span class='ocrx_word' id='word_1_891' title='bbox 3107 4972 3161 5004; x_wconf 84' lang='lat' dir='ltr'><strong>Ill</strong></span> <span class='ocrx_word' id='word_1_892' title='bbox 3198 4972 3433 5006; x_wconf 81' lang='lat' dir='ltr'><strong>COﬂCIllO</strong></span> 
     </span>
     <span class='ocr_line' id='line_1_119' title="bbox 1854 4972 3434 5091; baseline -0.003 -14"><span class='ocrx_word' id='word_1_893' title='bbox 1854 4972 2231 5080; x_wconf 52' lang='lat' dir='ltr'><strong>iiateranensi.</strong></span> <span class='ocrx_word' id='word_1_894' title='bbox 2252 5022 2369 5076; x_wconf 77' lang='lat' dir='ltr'><strong>Mox</strong></span> <span class='ocrx_word' id='word_1_895' title='bbox 2398 5020 2600 5091; x_wconf 81' lang='lat' dir='ltr'><strong>Regius</strong></span> <span class='ocrx_word' id='word_1_896' title='bbox 2627 5023 2837 5091; x_wconf 87' lang='lat' dir='ltr'><strong>primus</strong></span> <span class='ocrx_word' id='word_1_897' title='bbox 2863 5029 2917 5073; x_wconf 91' lang='lat' dir='ltr'><strong>et</strong></span> <span class='ocrx_word' id='word_1_898' title='bbox 2943 5018 3330 5091; x_wconf 83' lang='lat' dir='ltr'><strong>Seguerianus.</strong></span> <span class='ocrx_word' id='word_1_899' title='bbox 3355 5038 3434 5089; x_wconf 89' lang='grc' dir='ltr'>γι-</span> 
     </span>
    </p>
   </div>
   <div class='ocr_carea' id='block_1_117' title="bbox 1852 5090 3358 5164">
    <p class='ocr_par' dir='ltr' id='par_1_117' title="bbox 1852 5090 3358 5164">
     <span class='ocr_line' id='line_1_120' title="bbox 1852 5090 3358 5164; baseline -0.001 -18"><span class='ocrx_word' id='word_1_900' title='bbox 1852 5094 2051 5164; x_wconf 86' lang='grc' dir='ltr'>νόμενα</span> <span class='ocrx_word' id='word_1_901' title='bbox 2084 5093 2313 5164; x_wconf 80' lang='grc' dir='ltr'>βλέπων.</span> <span class='ocrx_word' id='word_1_902' title='bbox 2338 5090 2528 5147; x_wconf 69' lang='lat' dir='ltr'><strong>Czetei&#39;i</strong></span> <span class='ocrx_word' id='word_1_903' title='bbox 2563 5096 2616 5143; x_wconf 86' lang='lat' dir='ltr'><strong>et</strong></span> <span class='ocrx_word' id='word_1_904' title='bbox 2644 5090 2795 5164; x_wconf 72' lang='lat' dir='ltr'><strong>editi,</strong></span> <span class='ocrx_word' id='word_1_905' title='bbox 2825 5091 3091 5164; x_wconf 78' lang='grc' dir='ltr'>γενόμενα</span> <span class='ocrx_word' id='word_1_906' title='bbox 3125 5090 3358 5164; x_wconf 79' lang='grc' dir='ltr'>βλέπων.</span> 
     </span>
    </p>
   </div>
   <div class='ocr_carea' id='block_1_118' title="bbox 1927 5159 3431 5234">
    <p class='ocr_par' dir='ltr' id='par_1_118' title="bbox 1927 5159 3431 5234">
     <span class='ocr_line' id='line_1_121' title="bbox 1927 5159 3431 5234; baseline -0.001 -17"><span class='ocrx_word' id='word_1_907' title='bbox 1927 5165 2039 5234; x_wconf 69' lang='lat'>(4‘2)</span> <span class='ocrx_word' id='word_1_908' title='bbox 2079 5159 2279 5231; x_wconf 65' lang='lat' dir='ltr'><strong>Regius</strong></span> <span class='ocrx_word' id='word_1_909' title='bbox 2330 5164 2541 5234; x_wconf 82' lang='lat' dir='ltr'><strong>primus</strong></span> <span class='ocrx_word' id='word_1_910' title='bbox 2587 5172 2640 5215; x_wconf 93' lang='lat' dir='ltr'><strong>et</strong></span> <span class='ocrx_word' id='word_1_911' title='bbox 2688 5159 3082 5234; x_wconf 66' lang='lat' dir='ltr'><strong>Seguerianus.</strong></span> <span class='ocrx_word' id='word_1_912' title='bbox 3117 5160 3287 5234; x_wconf 40' lang='lat' dir='ltr'><strong>&#39;5}:qu</strong></span> <span class='ocrx_word' id='word_1_913' title='bbox 3336 5161 3431 5215; x_wconf 86' lang='grc' dir='ltr'><strong>τοῦ</strong></span> 
     </span>
    </p>
   </div>
   <div class='ocr_carea' id='block_1_119' title="bbox 1850 5228 3425 5302">
    <p class='ocr_par' dir='ltr' id='par_1_119' title="bbox 1850 5228 3425 5302">
     <span class='ocr_line' id='line_1_122' title="bbox 1850 5228 3425 5302; baseline -0.001 -15"><span class='ocrx_word' id='word_1_914' title='bbox 1850 5228 2046 5302; x_wconf 76' lang='grc' dir='ltr'>Λόγου.</span> <span class='ocrx_word' id='word_1_915' title='bbox 2068 5234 2125 5288; x_wconf 87' lang='lat' dir='ltr'><strong>ln</strong></span> <span class='ocrx_word' id='word_1_916' title='bbox 2154 5228 2275 5287; x_wconf 82' lang='lat' dir='ltr'><strong>aliis</strong></span> <span class='ocrx_word' id='word_1_917' title='bbox 2301 5228 2356 5285; x_wconf 79' lang='lat' dir='ltr'><strong>et</strong></span> <span class='ocrx_word' id='word_1_918' title='bbox 2380 5233 2539 5288; x_wconf 90' lang='lat' dir='ltr'><strong>editis</strong></span> <span class='ocrx_word' id='word_1_919' title='bbox 2575 5231 2810 5302; x_wconf 43' lang='grc' dir='ltr'><strong>ἀθεεὶ-ἣ.</strong></span> <span class='ocrx_word' id='word_1_920' title='bbox 2842 5229 2964 5302; x_wconf 70' lang='lat' dir='ltr'><strong>Mt):</strong></span> <span class='ocrx_word' id='word_1_921' title='bbox 2984 5228 3117 5302; x_wconf 80' lang='lat' dir='ltr'><strong>Reg.</strong></span> <span class='ocrx_word' id='word_1_922' title='bbox 3138 5228 3169 5283; x_wconf 66' lang='grc'>’1</span> <span class='ocrx_word' id='word_1_923' title='bbox 3200 5228 3425 5302; x_wconf 74' lang='lat' dir='ltr'><strong>Seguer.</strong></span> 
     </span>
    </p>
   </div>
   <div class='ocr_carea' id='block_1_120' title="bbox 1852 5298 3433 5371">
    <p class='ocr_par' dir='ltr' id='par_1_120' title="bbox 1852 5298 3433 5371">
     <span class='ocr_line' id='line_1_123' title="bbox 1852 5298 3433 5371; baseline -0.001 -15"><span class='ocrx_word' id='word_1_924' title='bbox 1852 5298 2066 5357; x_wconf 76' lang='lat' dir='ltr'><strong>Gobler.</strong></span> <span class='ocrx_word' id='word_1_925' title='bbox 2097 5312 2151 5357; x_wconf 89' lang='lat' dir='ltr'><strong>et</strong></span> <span class='ocrx_word' id='word_1_926' title='bbox 2181 5302 2419 5356; x_wconf 77' lang='lat' dir='ltr'><strong>Felckm.</strong></span> <span class='ocrx_word' id='word_1_927' title='bbox 2455 5304 2506 5361; x_wconf 85' lang='grc'><strong>1,</strong></span> <span class='ocrx_word' id='word_1_928' title='bbox 2541 5302 2574 5371; x_wconf 85' lang='grc' dir='ltr'>ἢ</span> <span class='ocrx_word' id='word_1_929' title='bbox 2609 5302 2673 5352; x_wconf 77' lang='grc' dir='ltr'><strong>ὲκ</strong></span> <span class='ocrx_word' id='word_1_930' title='bbox 2695 5298 2801 5353; x_wconf 83' lang='grc' dir='ltr'>τῶν</span> <span class='ocrx_word' id='word_1_931' title='bbox 2824 5298 3207 5369; x_wconf 80' lang='grc' dir='ltr'>ἀνθρωπίνων.</span> <span class='ocrx_word' id='word_1_932' title='bbox 3236 5298 3340 5356; x_wconf 86' lang='lat' dir='ltr'><strong>Alii</strong></span> <span class='ocrx_word' id='word_1_933' title='bbox 3375 5312 3433 5357; x_wconf 85' lang='lat' dir='ltr'><strong>et</strong></span> 
     </span>
    </p>
   </div>
   <div class='ocr_carea' id='block_1_121' title="bbox 1853 5372 2589 5445">
    <p class='ocr_par' dir='ltr' id='par_1_121' title="bbox 1853 5372 2589 5445">
     <span class='ocr_line' id='line_1_124' title="bbox 1853 5372 2589 5445; baseline 0.001 -19"><span class='ocrx_word' id='word_1_934' title='bbox 1853 5374 2004 5445; x_wconf 83' lang='lat' dir='ltr'><strong>editi.</strong></span> <span class='ocrx_word' id='word_1_935' title='bbox 2037 5374 2198 5445; x_wconf 53' lang='lat' dir='ltr'><strong>ﬁgat</strong></span> <span class='ocrx_word' id='word_1_936' title='bbox 2222 5374 2286 5425; x_wconf 84' lang='grc' dir='ltr'><strong>ὲκ</strong></span> <span class='ocrx_word' id='word_1_937' title='bbox 2322 5372 2451 5445; x_wconf 71' lang='grc' dir='ltr'>τῷν,</span> <span class='ocrx_word' id='word_1_938' title='bbox 2484 5383 2589 5427; x_wconf 90' lang='lat' dir='ltr'><strong>etc.</strong></span> 
     </span>
    </p>
   </div>
   <div class='ocr_carea' id='block_1_122' title="bbox 1928 5439 3426 5514">
    <p class='ocr_par' dir='ltr' id='par_1_122' title="bbox 1928 5439 3426 5514">
     <span class='ocr_line' id='line_1_125' title="bbox 1928 5439 3426 5514; baseline 0.001 -19"><span class='ocrx_word' id='word_1_939' title='bbox 1928 5444 2037 5514; x_wconf 71' lang='grc'>(45)</span> <span class='ocrx_word' id='word_1_940' title='bbox 2059 5439 2279 5514; x_wconf 75' lang='lat' dir='ltr'><strong>&#39;Regius</strong></span> <span class='ocrx_word' id='word_1_941' title='bbox 2309 5442 2525 5514; x_wconf 74' lang='lat' dir='ltr'><strong>primus</strong></span> <span class='ocrx_word' id='word_1_942' title='bbox 2570 5441 2741 5514; x_wconf 81' lang='lat' dir='ltr'><strong>codex</strong></span> <span class='ocrx_word' id='word_1_943' title='bbox 2780 5448 2834 5495; x_wconf 88' lang='lat' dir='ltr'><strong>et</strong></span> <span class='ocrx_word' id='word_1_944' title='bbox 2869 5439 3266 5511; x_wconf 85' lang='lat' dir='ltr'><strong>Seguerianus,</strong></span> <span class='ocrx_word' id='word_1_945' title='bbox 3296 5457 3426 5514; x_wconf 85' lang='grc' dir='ltr'>φρο·</span> 
     </span>
    </p>
   </div>
   <div class='ocr_carea' id='block_1_123' title="bbox 1855 5511 2704 5584">
    <p class='ocr_par' dir='ltr' id='par_1_123' title="bbox 1855 5511 2704 5584">
     <span class='ocr_line' id='line_1_126' title="bbox 1855 5511 2704 5584; baseline -0.005 -18"><span class='ocrx_word' id='word_1_946' title='bbox 1855 5511 2029 5584; x_wconf 15' lang='grc' dir='ltr'>νήσειί.</span> <span class='ocrx_word' id='word_1_947' title='bbox 2055 5511 2238 5584; x_wconf 61' lang='grc' dir='ltr'>Αιίἰει</span> <span class='ocrx_word' id='word_1_948' title='bbox 2259 5511 2409 5575; x_wconf 87' lang='lat' dir='ltr'><strong>editi,</strong></span> <span class='ocrx_word' id='word_1_949' title='bbox 2439 5512 2704 5584; x_wconf 77' lang='grc' dir='ltr'>φρονήσῃ.</span> 
     </span>
    </p>
   </div>
   <div class='ocr_carea' id='block_1_124' title="bbox 1930 5569 3432 5655">
    <p class='ocr_par' dir='ltr' id='par_1_124' title="bbox 1930 5569 3432 5655">
     <span class='ocr_line' id='line_1_127' title="bbox 1930 5569 3432 5655; baseline -0.001 -19"><span class='ocrx_word' id='word_1_950' title='bbox 1930 5583 2044 5655; x_wconf 70' lang='grc'>(44)</span> <span class='ocrx_word' id='word_1_951' title='bbox 2085 5582 2285 5655; x_wconf 77' lang='lat' dir='ltr'><strong>Regius</strong></span> <span class='ocrx_word' id='word_1_952' title='bbox 2331 5569 3034 5655; x_wconf 68' lang='lat' dir='ltr'><strong>primits_ei_Segtterianus,</strong></span> <span class='ocrx_word' id='word_1_953' title='bbox 3066 5581 3286 5655; x_wconf 77' lang='grc' dir='ltr'>νομίσῃ.</span> <span class='ocrx_word' id='word_1_954' title='bbox 3317 5580 3432 5655; x_wconf 65' lang='lat' dir='ltr'><strong>Qte-</strong></span> 
     </span>
    </p>
   </div>
   <div class='ocr_carea' id='block_1_125' title="bbox 1856 5649 3421 5721">
    <p class='ocr_par' dir='ltr' id='par_1_125' title="bbox 1856 5649 3421 5721">
     <span class='ocr_line' id='line_1_128' title="bbox 1856 5649 3421 5721; baseline -0.003 -14"><span class='ocrx_word' id='word_1_955' title='bbox 1856 5649 1957 5707; x_wconf 88' lang='lat' dir='ltr'><strong>teri</strong></span> <span class='ocrx_word' id='word_1_956' title='bbox 2000 5649 2053 5707; x_wconf 82' lang='lat' dir='ltr'><strong>et</strong></span> <span class='ocrx_word' id='word_1_957' title='bbox 2086 5649 2233 5714; x_wconf 79' lang='lat' dir='ltr'><strong>editi,</strong></span> <span class='ocrx_word' id='word_1_958' title='bbox 2264 5652 2496 5719; x_wconf 86' lang='grc' dir='ltr'>νομίσει.</span> <span class='ocrx_word' id='word_1_959' title='bbox 2523 5649 2740 5706; x_wconf 70' lang='lat' dir='ltr'><strong>lbidenf</strong></span> <span class='ocrx_word' id='word_1_960' title='bbox 2757 5651 2961 5721; x_wconf 77' lang='lat' dir='ltr'><strong>Regius</strong></span> <span class='ocrx_word' id='word_1_961' title='bbox 3003 5649 3214 5720; x_wconf 82' lang='lat' dir='ltr'><strong>primus</strong></span> <span class='ocrx_word' id='word_1_962' title='bbox 3237 5649 3302 5721; x_wconf 70' lang='lat' dir='ltr'><strong>&#39;et</strong></span> <span class='ocrx_word' id='word_1_963' title='bbox 3327 5650 3421 5721; x_wconf 81' lang='lat' dir='ltr'><strong>Se-</strong></span> 
     </span>
    </p>
   </div>
   <div class='ocr_carea' id='block_1_126' title="bbox 1859 5719 3428 5794">
    <p class='ocr_par' dir='ltr' id='par_1_126' title="bbox 1859 5719 3428 5794">
     <span class='ocr_line' id='line_1_129' title="bbox 1859 5719 3428 5794; baseline -0.001 -18"><span class='ocrx_word' id='word_1_964' title='bbox 1859 5723 2171 5793; x_wconf 78' lang='lat' dir='ltr'><strong>guerianus,</strong></span> <span class='ocrx_word' id='word_1_965' title='bbox 2202 5721 2276 5783; x_wconf 85' lang='grc' dir='ltr'>ὡς</span> <span class='ocrx_word' id='word_1_966' title='bbox 2305 5721 2359 5773; x_wconf 82' lang='grc' dir='ltr'>δὲ</span> <span class='ocrx_word' id='word_1_967' title='bbox 2384 5721 2582 5792; x_wconf 82' lang='grc' dir='ltr'>Ἕλλην</span> <span class='ocrx_word' id='word_1_968' title='bbox 2621 5719 2865 5794; x_wconf 61' lang='grc' dir='ltr'>μωρίανζ</span> <span class='ocrx_word' id='word_1_969' title='bbox 2886 5721 2989 5774; x_wconf 82' lang='lat' dir='ltr'><strong>Alii</strong></span> <span class='ocrx_word' id='word_1_970' title='bbox 3012 5719 3077 5776; x_wconf 84' lang='lat' dir='ltr'><strong>et</strong></span> <span class='ocrx_word' id='word_1_971' title='bbox 3101 5721 3252 5787; x_wconf 77' lang='lat' dir='ltr'><strong>editi,</strong></span> <span class='ocrx_word' id='word_1_972' title='bbox 3276 5719 3347 5783; x_wconf 85' lang='grc' dir='ltr'>ὡς</span> <span class='ocrx_word' id='word_1_973' title='bbox 3373 5720 3428 5774; x_wconf 65' lang='grc' dir='ltr'>δὲ</span> 
     </span>
    </p>
   </div>
  </div>
