3834 6220
410 295 518 354 390

979 293 1038 349 S.
1079 290 1454 348 ATHANASII
1493 290 1646 348 ΘΡΡ.
1691 289 1876 348 PARS
1916 293 1956 347 Ι.
1998 320 2070 335 —~
2110 290 2485 351 HISTORICA
2528 295 2615 351 ET
2655 296 3079 356 DOGMATICA.

3570 304 3679 361 400

411 411 493 468 ιΗί
511 408 731 476 similis,
747 407 1181 479 praedicationem
1204 408 1492 465 stultitiam
1511 422 1633 465 esse
1646 407 1893 463 censebit
1914 408 1962 440 ”

2095 407 2305 480 μωρίαν
2330 410 2593 482 ἡγήσεται
2618 410 2678 463 τὸ
2700 412 2983 485 κήρυγμα,
3013 408 3102 470 οἷα
3124 414 3188 489 δὴ
3220 414 3313 469 καὶ
3338 417 3387 470 οἱ
3417 416 3679 492 θεομάχοι

410 502 559 572 quod
584 503 696 575 jam
721 500 817 557 Dei
840 500 1092 557 hostibus
1111 499 1331 557 Arianis
1354 500 1575 567 accidit,
1607 500 1704 570 qui
1726 499 1989 554 nimirum

410 598 482 654 ob
530 597 799 652 humanos
851 592 1148 651 Salvatoris
1192 601 1370 661 actus,
1410 601 1659 672 creatum
1694 608 1821 649 eum
1866 607 1991 649 esse

410 688 660 744 arbitrati
695 695 842 742 sunt.
881 686 1083 754 Quidni
1122 686 1287 758 igitur
1315 686 1484 742 etiam
1519 685 1591 741 ob
1621 683 1807 740 divina
1842 684 1989 740 illius

409 797 594 853 Opera,
628 783 749 850 ejus
791 779 1036 850 corporis
1078 780 1517 850 procreationem
1555 779 1875 849 negaverint
1904 792 1990 833 se-

406 886 574 942 seque
603 872 858 941 deinceps
894 870 1210 927 Maniehaeis
1241 870 1627 941 adjunxerint?
1659 866 1860 925 Verum
1899 868 1987 923 vel

405 964 596 1021 saltem
619 979 742 1021 sero
775 964 852 1019 illi
878 964 1097 1036 quidem
1114 963 1330 1019 discant
1352 961 1589 1018 Verbum
1619 976 1842 1037 carnem
1863 975 1988 1017 esse

404 1056 607 1114 factum
640 1076 654 1113 :
692 1072 793 1113 nos
821 1066 1002 1113 autem
1038 1057 1161 1112 ﬁdei
1194 1072 1420 1127 scopum
1460 1057 1783 1123 retinentes,
1814 1069 1988 1127 agno-

403 1164 624 1206 scamus
652 1163 867 1213 eorum,
891 1164 1012 1218 quae
1030 1150 1171 1203 male
1187 1148 1262 1202 illi
1279 1148 1608 1218 intelligunt,
1636 1156 1842 1204 rectam
1865 1161 1986 1203 esse

401 1241 876 1313 signiﬁcationem.
893 1240 1028 1295 Nam
1054 1240 1171 1296 haec
1199 1240 1363 1305 dicta,
1387 1239 1553 1294 Pater
1579 1239 1762 1310 diligit
1779 1238 1984 1294 Filium

399 1345 451 1390 et
476 1336 655 1389 omnia
680 1335 826 1389 dedit
854 1336 907 1389 in
936 1350 1095 1387 manu
1125 1333 1238 1404 ejus
1263 1334 1312 1367 ”
1334 1350 1349 1398 ;
1374 1341 1449 1396 et,
1486 1332 1681 1388 Omnia
1715 1332 1847 1386 mihi
1870 1342 1983 1386 tra-

399 1427 514 1480 dita
543 1434 664 1480 sunt
680 1444 713 1480 a
732 1426 894 1481 Patre
917 1426 1086 1480 meo"
1107 1443 1121 1491 ;
1147 1435 1220 1491 et,
1243 1422 1364 1478 Non
1383 1441 1598 1494 possum
1619 1440 1712 1494 ego
1730 1441 1764 1477 a
1784 1425 1979 1492 meipso

399 1518 573 1588 facere
612 1519 915 1590 quidquam,
940 1518 1031 1572 sed
1071 1519 1208 1571 sicut
1240 1516 1422 1583 audio,
1452 1517 1637 1585 judico
1663 1518 1732 1582 ⁸⁸,
1764 1517 1981 1588 aliaque

398 1612 453 1668 id
486 1628 659 1684 genus
676 1627 1018 1683 nequaquam
1046 1612 1426 1666 demonstrant
1456 1608 1656 1663 Filium
1681 1610 1979 1680 aliquando

394 1704 503 1761 ista
525 1719 634 1760 non
662 1705 918 1761 habuisse
947 1704 1081 1776 (49).
1117 1705 1222 1771 Qui
1256 1703 1402 1758 enim
1443 1702 1558 1758 ﬁeri
1597 1702 1790 1772 possit,
1828 1711 1978 1758 utea

2109 500 2376 572 ’Apetavol.
2398 502 2714 558 πεπόνθασι.
2769 505 2850 559 Τὰ
2887 506 2998 580 γὰρ
3034 506 3350 582 ἀνθρώπινα
3385 509 3681 582 βλέποντες

2094 592 2189 646 τοῦ
2223 594 2495 667 Σωτῆρος.
2528 597 2785 669 ἐνόμισαν
2811 599 2976 657 αὐτὸν
3022 596 3161 656 εἶναι
3199 604 3427 675 κτίσμα.
3461 607 3680 661 Οὐκοῦν

2094 684 2202 739 ἔδει
2229 686 2324 740 καὶ
2352 686 2419 740 τὰ
2456 686 2614 743 θεῖκὰ
2642 688 2941 760 βλέποντας
2987 693 3187 759 αὐτοὺς
3237 694 3375 767 ἔργα
3422 697 3518 751 τοῦ
3571 699 3679 752 Λόι

2093 792 2192 844 γου
2232 777 2368 849 (45),
2393 778 2730 851 ἀρνήσασθαι
2762 781 2859 835 τοῦ
2910 782 3160 854 σώματος
3190 785 3354 840 αὐτοῦ
3383 787 3482 860 τὴν
3514 786 3677 856 γένε-

2097 884 2210 934 σιν,
2271 870 2365 923 καὶ
2411 870 2596 925 λοιπὸν
2652 873 2746 928 καὶ
2785 876 3111 947 Μανιχαίοις
3160 878 3389 943 ἑαυτοὺς
3437 896 3680 949 συγκατ-

2092 959 2365 1033 αριθμεῖν.
2398 963 2534 1017 Ἀλλ’
2557 965 2755 1020 ἐκεῖνοι
2786 968 2885 1039 μὲν
2918 968 3023 1023 κᾶν
3042 969 3143 1040 ὀψέ
3169 988 3299 1024 ποτε
3323 970 3435 1043 (16)
3465 968 3678 1043 μανθα-

2092 1051 2355 1121 νέτωσαν,
2398 1055 2481 1110 ὅτι
2525 1057 2747 1127 όΛόγος
2798 1060 2936 1132 σὰρξ
2987 1062 3223 1131 ἐγένετο·
3252 1066 3413 1136 ἡμεῖς
3447 1064 3526 1131 δὲ,
3581 1065 3678 1121 τὸν

2092 1146 2293 1201 σκοπὸν
2314 1148 2414 1219 τῆς
2452 1149 2683 1214 πίστεως
2726 1150 2957 1223 ἔχοντες.
3002 1153 3453 1227 ὲπιγινώσκωμεν
3491 1155 3606 1229 (47)
3637 1157 3682 1215 ἃ

2087 1237 2420 1296 διανοοῦνται
2450 1233 2596 1296 οὗτοι
2626 1243 2835 1310 κακῶς,
2863 1244 3030 1319 ὀρθὴν
3055 1246 3246 1317 ἔχοντα
3273 1248 3371 1319 τὴν
3407 1249 3676 1309 διάνοιαν.

2090 1328 2163 1382 Τὸ
2190 1330 2319 1402 γὰρ,
2353 1331 2406 1384 '0
2432 1333 2636 1403 Πατὴρ
2673 1334 2877 1406 ἀγαπᾷ
2912 1336 3020 1392 τὸν
3076 1337 3235 1405 Υἱόν,
3289 1339 3410 1406 καὶ,
3472 1339 3680 1405 πάντα

2086 1420 2344 1479 δέδωκεν
2374 1425 2444 1479 ἐν
2468 1426 2543 1496 τῇ
2569 1427 2721 1498 χειρὶ
2779 1429 2987 1483 αὐτοῦ’
3028 1430 3124 1485 καὶ
3174 1431 3255 1499 τὸ,
3308 1431 3515 1486 Πάντα
3566 1453 3677 1504 μοι

2087 1515 2386 1587 παρεδόθη
2412 1518 2531 1573 ὑπὸ
2555 1520 2661 1575 τοῦ
2685 1523 2917 1591 Πατρός
2955 1540 3097 1593 μου’
3135 1524 3231 1578 καὶ
3256 1524 3339 1589 τὸ,
3370 1528 3453 1580 Οὐ
3484 1526 3673 1581 δύνα-

2080 1625 2189 1677 μαι
2208 1609 2325 1679 ἐγὼ
2355 1611 2549 1666 ποιεῖν
2569 1612 2671 1669 ἀπ’
2690 1613 2952 1683 ἐμαυτοῦ
2983 1615 3164 1670 οὐδέν
3182 1616 3317 1689 (48)⁶
3342 1617 3502 1672 ἀλλὰ
3524 1623 3672 1675 καθ-

2084 1698 2166 1765 ὼς
2209 1702 2426 1768 ἀκούω,
2461 1705 2665 1773 κρίνω·
2702 1707 2797 1761 καὶ
2858 1709 2958 1762 ὅσα
2987 1709 3217 1763 τοιαῦτά
3255 1711 3369 1763 ἐστι
3409 1711 3571 1784 ῥητὰ,
3606 1713 3674 1767 οὐ

393 1811 517 1867 quae
543 1794 705 1852 Pater
734 1797 917 1859 habet,
943 1797 1033 1851 ille
1070 1811 1179 1850 non
1211 1810 1427 1865 semper
1455 1794 1731 1861 habuerit,
1762 1795 1856 1865 qui
1884 1810 1962 1851 so-

2095 1792 2140 1847 ιδ
2172 1794 2247 1865 μὴ
2281 1795 2572 1867 ἐσχηκέναι
2600 1799 2733 1852 ποτὲ
2765 1799 2857 1855 τὸν
2882 1801 3010 1854 Υἱὸν
3042 1801 3217 1857 ταῦτα
3241 1802 3503 1857 δείκνυσι.
3540 1803 3672 1868 Πῶς

390 1887 483 1943 lus
509 1894 706 1942 natura
736 1885 973 1943 Verbum
1014 1896 1070 1942 et
1116 1886 1398 1957 Sapientia
1438 1884 1620 1941 Patris
1650 1895 1739 1942 est
1768 1903 1782 1940 :
1816 1886 1977 1957 cujus

393 1982 524 2038 item
555 1982 670 2038 haec
701 1989 834 2037 sunt
855 1982 1054 2037 verba:
1089 1981 1285 2036 Omnia
1312 1996 1432 2052 quis
1462 1980 1616 2036 habet
1648 1979 1836 2042 Pater.
1859 1997 1977 2035 mea

384 2074 594 2142 sunt",
619 2083 694 2141 et,
718 2090 842 2144 quae
884 2089 1006 2129 mea
1046 2083 1197 2139 sunt,
1230 2072 1409 2131 Patris
1433 2076 1597 2130 etiam
1632 2080 1763 2129 sunt
1792 2072 1883 2127 ’3?
1916 2071 1975 2128 Si

382 2164 537 2220 enim
564 2180 688 2236 quae
727 2164 906 2221 Patris
946 2175 1093 2229 sunt,
1138 2174 1266 2221 sunt
1304 2180 1523 2236 quoque
1566 2164 1714 2231 Filii,
1752 2165 1975 2235 haecque

391 2270 606 2326 semper
630 2255 792 2312 Pater
824 2257 1008 2325 habet,
1046 2258 1397 2328 perspicuum
1427 2272 1562 2313 sane
1610 2265 1715 2323 est,
1758 2272 1823 2312 ea
1852 2271 1974 2327 quae

389 2346 563 2405 Filius
590 2349 771 2415 habet,
805 2364 931 2405 cum
961 2349 1150 2405 eadem
1183 2350 1291 2405 sint
1323 2348 1525 2415 Patris,
1549 2363 1765 2419 semper
1796 2348 1854 2402 in
1877 2347 1972 2402 illo

380 2453 528 2494 esse.
560 2437 682 2494 Non
709 2439 878 2512 igitur
906 2440 1011 2495 ista
1040 2439 1531 2503 commemorabat,
1561 2439 1725 2509 quasi
1758 2453 1824 2493 ea
1864 2437 1969 2491 ali-

386 2527 609 2598 quando
640 2542 750 2583 non
776 2528 1026 2583 habuerit
1056 2546 1071 2583 :
1097 2529 1192 2582 sed
1222 2528 1367 2597 quod
1392 2527 1583 2593 Filius,
1616 2528 1710 2599 qui
1745 2542 1811 2583 ea
1846 2542 1970 2598 quae

384 2619 568 2684 habet,
606 2635 819 2690 semper
845 2616 1026 2681 habet.
1061 2620 1177 2689 ipsa
1209 2635 1241 2674 a
1270 2619 1431 2675 Patre
1455 2620 1635 2675 habet.

454 2712 543 2768 '56.
571 2710 651 2768 Ne
675 2713 800 2784 quis
827 2713 973 2768 enim
997 2712 1194 2767 Filium
1228 2713 1415 2767 omnia
1440 2727 1564 2782 quae
1591 2712 1756 2767 habet
1782 2711 1964 2779 Pater,

381 2805 587 2860 habere
620 2803 950 2875 intelligens,
977 2819 1044 2859 ex
1070 2818 1285 2858 summa
1316 2803 1407 2857 illa
1443 2802 1821 2867 similitudine,
1845 2816 1967 2871 quae

380 2898 592 2969 absque
619 2898 732 2953 ulla
763 2906 847 2953 est
878 2896 1214 2963 differentia,
1250 2905 1306 2952 et
1328 2912 1396 2952 ex
1426 2896 1729 2961 identitate,
1768 2904 1828 2950 ut
1859 2895 1965 2951 hoc

378 2991 548 3046 verbo
591 3002 735 3056 utar,
777 3003 967 3044 eorum
1007 3004 1131 3059 quae
1166 2989 1346 3054 habet,
1386 3003 1454 3043 eo
1504 2986 1796 3057 impietatis
1836 3002 1961 3041 cum

376 3080 620 3137 Sabellio
657 3095 853 3135 errans
879 3080 1178 3147 deveniret,
1207 3090 1264 3134 ut
1286 3080 1463 3150 ipsum
1488 3094 1611 3135 esse
1636 3078 1850 3134 Patrem
1873 3094 1961 3133 ar—

376 3171 715 3229 bitraretur:
748 3171 955 3227 idcirco
1002 3172 1089 3226 his
1114 3180 1198 3227 est
1240 3187 1373 3227 usus
1408 3172 1660 3238 vocibus,
1701 3170 1846 3225 Data
1876 3181 1954 3226 est

375 3264 509 3319 mihi
529 3265 600 3333 θ’,
626 3265 802 3335 accepi
825 3264 865 3332 ¹,
896 3265 1099 3320 tradita
1121 3273 1243 3319 sunt
1268 3264 1396 3317 mihi
1421 3265 1463 3328 ',
1491 3271 1548 3318 ut
1578 3262 1630 3318 id
1656 3263 1835 3319 solum
1865 3278 1953 3318 os-

374 3356 643 3424 tenderet,
690 3370 750 3413 se
782 3355 1037 3412 videlicet
1074 3355 1291 3411 Patrem
1323 3372 1432 3411 non
1461 3370 1606 3420 esse,
1640 3354 1736 3410 sed
1778 3352 1957 3409 Patris

370 3443 619 3502 Verbum
651 3459 1027 3518 aeternumque
1052 3461 1177 3503 esse
1200 3445 1423 3513 Filium,
1444 3446 1539 3516 qui
1556 3445 1627 3501 ob
1645 3459 1801 3500 suam
1832 3443 1955 3515 qui-

364 3539 496 3595 dem
530 3555 654 3597 cum
690 3538 852 3597 Patre
880 3539 1293 3596 similitudinem
1319 3553 1534 3608 semper
1557 3538 1718 3593 habet
1744 3551 1869 3608 quae
1889 3534 1959 3591 ab

368 3649 440 3691 eo
472 3634 667 3702 habet;
698 3636 825 3705 quia
853 3649 985 3689 vero
1015 3633 1190 3688 Filius
1214 3633 1356 3687 idem
1383 3632 1500 3702 ipse
1529 3639 1632 3699 est,
1660 3630 1865 3685 idcirco
1888 3645 1957 3684 ex

370 3724 535 3783 Patre
575 3726 742 3780 habet
784 3739 907 3796 quae
954 3739 1170 3794 semper
1223 3723 1405 3777 habet.
1449 3721 1605 3788 Quod
1650 3721 1797 3776 enim
1839 3720 1957 3775 haec

370 3818 559 3885 verba,
591 3818 724 3871 data
761 3825 861 3884 est,
898 3817 1101 3870 tradita
1143 3826 1287 3880 sunt,
1316 3814 1532 3883 aliaque
1568 3812 1790 3878 similia,
1830 3810 1951 3865 Filii

361 3910 711 3966 divinitatem
752 3923 863 3963 non
890 3909 1160 3973 minuant,
1199 3908 1293 3961 sed
1328 3909 1510 3976 potius
1550 3920 1675 3961 eum
1704 3919 1831 3959 vere
1863 3903 1954 3957 Fi-

367 4003 504 4057 lium
526 4018 650 4059 esse
681 4010 1005 4072 argumento
1033 4000 1168 4066 sint,
1206 4014 1271 4053 ex
1305 3998 1511 4054 iisdem.
1535 3998 1643 4054 illis
1669 3997 1952 4053 vocabulis

357 4092 496 4148 licet
512 4091 745 4148 discere.
764 4090 899 4146 Nam
921 4092 970 4146 si
987 4091 1172 4146 omnia
1198 4090 1279 4147 illi
1301 4090 1498 4146 tradita
1520 4097 1671 4152 sunt,
1706 4088 1946 4158 primum

2077 1883 2187 1956 γὰρ
2208 1884 2245 1940 ἃ
2268 1885 2381 1957 ἔχει
2404 1889 2433 1940 6
2464 1888 2678 1960 Πατὴρ,
2717 1891 2817 1943 οὐκ
2849 1887 2993 1962 εἶχεν
3049 1892 3234 1957 ἀϊδίως
3282 1895 3311 1946 6
3353 1894 3514 1966 μόνος
3542 1896 3671 1949 κατ’

2076 1974 2265 2029 οὐσίαν
2292 1975 2387 2029 τοῦ
2420 1977 2635 2051 Πατρός
2654 1979 2829 2049 Λόγος
2858 1982 2953 2034 καὶ
2974 1982 3164 2052 Σοφία,
3202 1985 3231 2036 6
3278 1982 3391 2055 (50)
3440 1984 3536 2036 καὶ
3580 1983 3670 2037 λέ-

2075 2082 2188 2134 γων
2208 2080 2222 2094 ·
2250 2066 2456 2121 Πάντα
2475 2067 2594 2123 ὅσα
2620 2068 2747 2138 ἔχει
2775 2074 2808 2124 ό
2833 2070 3055 2140 Πατὴρ,
3090 2072 3203 2143 ἐμά
3238 2073 3397 2127 ἐστι·
3429 2072 3546 2136 καὶ,
3594 2072 3669 2127 τὰ

2074 2156 2183 2227 ἐμὰ
2209 2158 2303 2210 τοῦ
2340 2159 2555 2234 Πατρός
2601 2160 2779 2226 ὲστινς
2820 2162 2882 2214 Εἰ
2909 2164 3017 2234 γὰρ
3061 2163 3132 2217 τὰ
3186 2162 3281 2216 τοῦ
3330 2164 3543 2236 Πατρός
3566 2163 3666 2217 τοῦ

2075 2250 2206 2304 Υἱοῦ
2237 2252 2513 2319 ὲστιν,ἀε).
2559 2252 2619 2306 δὲ
2663 2253 2834 2308 ταῦτα
2875 2254 2989 2325 ἔχει
3031 2257 3059 2308 ὁ
3108 2256 3320 2327 Πατὴρ,
3349 2256 3509 2327 δῆλον
3545 2256 3663 2327 (51)

2071 2343 2153 2397 ὅτι
2186 2342 2222 2397 ἃ
2255 2343 2368 2413 ἔχει
2401 2345 2430 2396 6
2455 2344 2604 2410 Υἱὸς,
2646 2345 2820 2400 ταῦτα
2851 2347 2980 2402 ὄντα
3009 2346 3102 2400 τοῦ
3134 2347 3369 2421 Πατρός,
3391 2348 3478 2403 ἀεί
3508 2348 3665 2401 ἐστιν

2068 2435 2129 2487 ἐν
2152 2433 2320 2505 αὐτῷ.
2356 2435 2431 2488 Οὐ
2477 2434 2564 2488 διὰ
2601 2435 2662 2488 τὸ
2697 2436 2772 2508 μὴ
2822 2438 3112 2509 ἐσχηκέναι
3162 2437 3257 2492 οὖν
3304 2456 3433 2492 ποτε
3483 2438 3666 2493 ταῦτα

2069 2525 2273 2595 ἔλεγεν·
2306 2527 2420 2581 ἀλλ’
2443 2528 2472 2582 ὃ
2504 2528 2644 2599 ἔχων
2671 2529 2854 2594 ἀῐδίως
2891 2533 2919 2583 6
2942 2530 3073 2595 Υἱὸς
3111 2529 3147 2584 ἃ
3188 2530 3301 2602 ἔχει
3333 2531 3470 2603 (52),
3504 2531 3664 2602 παρὰ

2067 2614 2162 2668 τοῦ
2191 2615 2405 2687 Πατρὸς
2438 2616 2572 2687 ἔχει.

2136 2708 2228 2763 56.
2294 2710 2409 2763 Ἵνα
2458 2710 2568 2781 γὰρ
2614 2710 2688 2782 μή
2731 2728 2835 2779 τις,
2889 2711 3099 2783 βλέπων
3145 2713 3238 2767 τὸν
3290 2713 3418 2766 Υἱδν
3466 2712 3666 2784 ἔχοντα

2066 2799 2245 2854 πάντα
2308 2801 2408 2854 ὅσα
2460 2800 2571 2873 ἔχει
2621 2802 2651 2854 6
2702 2803 2910 2875 Πατὴρ,
2952 2807 3017 2858 ἐκ
3073 2804 3171 2875 τῆς
3232 2805 3663 2877 ἀπαραλλάκτου

2064 2890 2381 2963 ὁμοιότητος
2425 2893 2521 2947 καὶ
2566 2894 2893 2967 ταυτότητος
2924 2896 3037 2966 (55)
3074 2889 3149 2949 ὧν
3182 2895 3317 2967 ἔχει.
3361 2887 3664 2967 πλανηθεὶς

2065 2983 2206 3038 κατὰ
2233 2984 2523 3040 Σαϐἐλλιον
2569 2986 2839 3060 ἀσεϐήσῃ,
2888 2989 3116 3061 νομίσας
3163 2988 3325 3043 αὐτὸν
3385 2984 3524 3043 εἶναι
3563 2990 3662 3045 τὸν

2065 3075 2306 3148 Πατέρα·
2345 3075 2436 3129 διὰ
2452 3075 2610 3130 τοῦτο
2650 3076 2735 3143 τὸ,
2773 3077 3111 3165 ἐδόθηίμοι,
3165 3080 3261 3134 καὶ
3286 3080 3367 3146 τὸ,
3407 3080 3657 3148 ἔλαϐον,

1986 3136 2029 3194 C
2064 3167 2159 3220 καὶ
2189 3136 2271 3233 r6,
2307 3167 2609 3238 παρεδόθη
2644 3136 2755 3241 (5.1)
2774 3187 2901 3239 μοι,
2932 3136 3152 3243 εἴρηκεν
3188 3172 3330 3244 ὑπὲρ
3353 3136 3459 3226 ’τοῦ
3492 3136 3661 3246 μόνον

2061 3257 2232 3325 δεῖξαι
2256 3261 2337 3314 ὅτι
2359 3260 2461 3314 οὐκ
2484 3259 2630 3315 ἔστιν
2654 3262 2816 3327 αὐτὸς
2843 3265 2872 3317 6
2903 3254 3114 3336 Πατὴρ,
3145 3264 3281 3319 ἀλλὰ
3320 3265 3415 3319 τοῦ
3438 3267 3658 3338 Πατρός

2062 3351 2092 3403 6
2120 3351 2312 3421 Λόγος,
2336 3352 2429 3408 καὶ
2473 3355 2503 3407 6
2523 3354 2695 3418 ἀῖδιος
2706 3354 2834 3418 Υἱός
2857 3358 2995 3421 ἐστι,
3028 3356 3117 3411 διὰ
3145 3358 3243 3428 μὲν
3269 3357 3369 3429 τὴν
3398 3358 3661 3429 ὁμοιότη-

2062 3459 2133 3497 τα
2158 3443 2251 3498 τοῦ
2288 3446 2503 3518 Πατρός
2528 3445 2668 3517 ἔχων
2699 3446 2887 3512 ἀῖδίως
2932 3448 3075 3521 ἅπερ
3115 3448 3225 3520 ἔχει
3278 3450 3408 3522 παρ’
3454 3450 3665 3503 αὐτοῦ*

2063 3535 2152 3590 διὰ
2181 3537 2238 3590 δὲ
2264 3538 2325 3590 τὸ
2349 3534 2488 3592 εἶναι
2520 3539 2682 3593 αὐτὸν
2714 3539 2840 3593 Υἱὸν
2875 3540 3009 3611 (55),
3044 3543 3108 3594 ὲκ
3155 3541 3250 3594 τοῦ
3291 3542 3501 3613 Πατρός
3535 3542 3658 3612 ἔχει

2064 3625 2209 3697 ἆπερ
2236 3629 2421 3693 ἁῖδίως
2453 3629 2581 3700 ἔχει.
2606 3630 2729 3683 Ὅτι
2755 3630 2865 3704 γὰρ
2893 3631 2974 3697 τὸ,
3014 3631 3216 3701 ἐδόθη,
3259 3632 3356 3685 καὶ
3392 3631 3474 3697 τὸ,
3495 3648 3655 3700 acap-

2060 3719 2261 3790 εδόθη,
2296 3724 2390 3775 καὶ
2428 3722 2495 3776 τὰ
2532 3723 2695 3793 ὅμοια
2722 3723 2951 3789 τούτοις,
2995 3725 3095 3778 οὐκ
3139 3722 3355 3777 ὲλαττοῖ
3384 3724 3483 3797 τὴν
3524 3724 3652 3777 0&6-

2060 3831 2196 3884 τητα
2228 3814 2322 3867 τοῦ
2352 3813 2506 3877 Υἱοῦ,
2526 3813 2663 3869 ἀλλὰ
2686 3816 2780 3870 καὶ
2808 3817 3005 3888 μᾶλλον
3032 3818 3302 3872 δείκνυσιν
3329 3816 3491 3871 αὐτὸν
3520 3819 3657 3890 ἀλη-

2062 3904 2169 3968 θῶς
2197 3906 2346 3970 Υἱὸν,
2381 3905 2557 3969 ἔξεστι
2585 3908 2682 3960 κα).
2723 3909 2817 3961 ἀπ’
2843 3908 3022 3962 αὐτῶν
3053 3909 3161 3964 τῶν
3189 3909 3368 3981 ῥητῶν
3395 3908 3509 3981 (56)
3546 3928 3654 3965 κα-

2059 3990 2345 4066 ταμαθεῖν.
2379 3996 2440 4049 Εἰ
2469 3997 2579 4069 γὰρ
2607 3998 2786 4053 πάντα
2807 4000 2955 4071 αὐτῷ
2980 4001 3274 4073 παρεδόθη·
3300 4001 3519 4071 πρῶτον
3546 4004 3654 4073 μὲν

2058 4088 2217 4152 ἄλλος
2238 4087 2355 4140 ἐστὶ
2385 4087 2494 4142 τῶν
2526 4090 2766 4157 πάντων,
2796 4087 2872 4147 ὧν
2910 4092 3234 4165 παρέλαᾶενι
3269 4093 3481 4161 ἔπειτα,
3500 4096 3651 4149 πᾶν-

436 4252 484 4285 ⁸³
520 4252 701 4325 lep.
732 4267 771 4325 ι,
804 4249 950 4306 2‘5."
970 4249 1018 4283 “
1055 4248 1214 4325 ἔφη.
1238 4264 1333 4325 llr,
1363 4248 1456 4306 35.
1513 4245 1902 4325 "Ablatthxgu,

2099 4244 2347 4325 "ulnae.
2374 4262 2430 4313 v,
2462 4246 2552 4303 50.
2629 4246 2677 4281 "
2713 4246 2872 4306 Joan.
2910 4266 3023 4320 xvi,
3058 4251 3146 4309 i5.
3221 4253 3270 4287 ⁸⁸
3306 4253 3469 4310 Joan.
3501 4272 3646 4325 xm,

359 4322 454 4380 '10.
532 4324 577 4355 ’⁸
615 4316 807 4377 Matth.
840 4336 1038 4390 xxvur,
1068 4320 1155 4376 18.
1234 4321 1253 4352 ¹
1290 4319 1452 4375 Joan.
1484 4318 1656 4386 ι,18.
1734 4321 1755 4351 ³
1793 4316 1962 4372 Matth

2095 4360 2099 4379 μ
2134 4317 2228 4372 27.

354 4463 568 4539 ’Ἕλλην
596 4464 677 4539 div
710 4463 944 4539 μωρίαν.
975 4461 1103 4519 Mox
1128 4461 1334 4539 Regius
1382 4462 1594 4535 primus
1638 4471 1696 4520 et
1747 4462 1949 4532 Segne-

2095 4455 2241 4539 ”(50)
2283 4456 2377 4539 Sic
2403 4457 3103 4539 Reg.__i_Se_guer._Gobler.
3140 4473 3195 4518 et
3223 4462 3465 4520 Felckm.
3496 4466 3550 4521 1.
3580 4465 3645 4523 In

353 4534 576 4602 'rianu's,
594 4534 998 4609 Ἀρειομζανίται
1023 4534 1345 4589 πεπόνθασι.

435 4630 549 4704 (45)
592 4629 684 4704 Sic
718 4630 921 4704 Regius
945 4631 1163 4704 primus
1181 4641 1237 4704 et
1262 4630 1654 4704 seguerianus.
1676 4630 1747 4685 At
1775 4630 1866 4704 alii
1893 4638 1950 4685 et

349 4700 493 4760 'edi‘ti
520 4700 781 4757 amittunt
806 4700 901 4756 ῖιοῢ
924 4700 1118 4771 Λόγου.
1150 4703 1276 4758 Mox
1299 4700 1499 4772 Regius
1528 4703 1739 4772 primus
1769 4710 1823 4756 et
1850 4702 1951 4772 se-

362 4773 679 4845 guerianus,
696 4772 1012 4845 uallatam
1037 4774 1131 4826 κα).
1152 4771 1493 4845 Μανιχαῐοις.
1516 4771 1710 4827 Cameri
1743 4781 1799 4826 et
1830 4771 1948 4827 edi-

360 4842 425 4911 ti,
453 4844 548 4898 καὶ
565 4842 753 4898 λοιπὸν
774 4843 1115 4914 Μανιχαίοις.

432 4938 548 5062 (46)
588 4937 792 5019 Regius
832 4932 1047 5020 primus
1089 4949 1144 4993 et
1191 4935 1578 5008 Seguerianus,
1606 4937 1805 4989 ἐκεῖνοι
1838 4934 1945 4989 κᾶν

494 5026 645 5062 ποτε.
674 5009 779 5062 ΑΙιι
802 5018 859 5062 et
884 5010 1036 5062 editi.
1060 5010 1256 5061 ἐκεῖνοι
1290 5008 1387 5062 μὲν
1416 5010 1511 5060 καὶ
1536 5007 1634 5062 ὀψέ
1664 5023 1818 5059 ποτε.

360 5007 459 5080 ὀψέ
494 5007 645 5063 ποτε.
674 5009 779 5063 Alii
802 5018 859 5063 et
884 5009 1036 5074 editi,
1060 5010 1256 5061 ἐκεῖνοι
1274 5007 1387 5079 ίμὲν
1416 5010 1511 5060 καὶ
1536 5007 1634 5077 ὀψέ
1664 5023 1818 5059 ποτε.

434 5116 549 5187 (47)
589 5114 816 5195 Seguer.
851 5114 1019 5195 Rasil.
1048 5113 1278 5195 .Gobler.
1320 5112 1656 5195 et'Felckm.
1688 5113 1741 5195 1,
1770 5114 1948 5195 ἐπιγι-

362 5181 897 5268 νιῇσζόειενῖϐωιενξ
918 5195 975 5268 et
996 5184 1149 5268 editi,
1167 5182 1652 5268 .érft‘wabcxwpsv.
1684 5181 1811 5238 Mox
1840 5185 1947 5238 Ba—

363 5257 451 5311 sil.
480 5253 695 5312 Gdbler.
730 5266 784 5312 et
809 5255 1050 5311 Felckm.
1077 5256 1131 5323 1,
1157 5254 1324 5327 ὀρθὴν
1353 5253 1587 5324 ἔχοντες.

437 5346 548 5419 (48)
590 5345 681 5403 Sic
712 5346 914 5419 Regius
945 5347 1178 5419 primus,
1215 5345 1674 5419 Seguerianuset
1720 5342 1945 5419 Graecus

365 5414 666 5487 Scriptura:
697 5414 899 5472 texfus.
930 5414 1036 5472 Alii
1057 5431 1189 5471 vero
1216 5426 1271 5471 et
1299 5415 1454 5487 editi,
1490 5416 1552 5469 οὐ
1584 5415 1820 5485 δύναμαι
1845 5415 1943 5467 ἀπ’

365 5485 604 5559 ξμαὺτοῦ
635 5490 805 5543 ποιεῖν
833 5488 1006 5559 οόδέν.
1041 5487 1211 5543 Paulo
1228 5494 1371 5559 post,
1406 5485 1608 5556 Regius
1646 5487 1865 5559 primus
1887 5494 1944 5540 et

362 5556 758 5681 geguerianus,
790 5557 965 5613 ταῦτα
992 5559 1252 5613 δείκνυσι.
1284 5556 1477 5614 Caneri
1501 5566 1556 5613 et
1590 5557 1738 5623 editi,
1768 5556 1941 5611 ταῦτα

395 5645 686 5681 εικνυουσι.

395 5645 686 5684 εικνυουσι.

435 5727 551 5802 (49)
590 5728 726 5788 Vide
752 5744 938 5802 supra,
964 5744 1018 5802 p.
1053 5728 1140 5786 82.

2054 4528 2180 4583 aliis
2207 4528 2390 4583 autem
2417 4539 2473 4583 et
2493 4528 2657 4585 'editis
2685 4528 2839 4586 deest
2864 4533 2911 4586 ό.

2122 4599 2236 4669 (51)
2278 4599 2372 4671 5ο
2399 4599 2565 4671 Basil.
2597 4600 2731 4671 Reg.
2755 4601 2810 4665 2,
2832 4600 3052 4657 Gubler.
3087 4602 3325 4660 Felckm.
3351 4603 3376 4657 1
3403 4613 3461 4660 et
3489 4606 3545 4662 5.
3569 4607 3647 4664 At

2050 4670 2226 4745 alii__et_
2253 4669 2422 4745 editio
2454 4669 2909 4745 (lommeliniana,
2940 4673 3207 4745 δηλονότι.

2120 4740 2233 4813 (52)
2274 4739 2636 4813 Gobleriauus
2678 4755 2731 4797 et
2772 4739 3122 4798 Feli-kmauni
3170 4745 3377 4806 primus
3408 4747 3647 4803 mendo-

2049 4810 2140 4887 se,
2162 4812 2244 4864 ὅτι
2274 4810 2623 4887 ξχων-άῖδίίιος
2668 4814 2697 4865 6
2740 4813 2871 4887 βεὸς
2908 4815 3071 4887 ἦτουν
3101 4818 3129 4868 ό
3158 4815 3285 4879 Υἱὸς
3332 4814 3369 4869 ἃ.
3416 4816 3550 4887 ἔχει,
3578 4829 3647 4873 ut

2048 4880 2193 4936 forte
2227 4882 2390 4954 etiam
2426 4880 2847 4954 legit_Naunius,
2879 4880 3037 4953 cujus
3066 4887 3178 4942 haec
3206 4895 3289 4940 est
3313 4880 3516 4954 versio,
3537 4880 3642 4942 sed

2093 4968 2172 5006 ua:
2200 4952 2432 5021 possidet
2460 4961 2519 5004 ut
2550 4952 2708 5018 Deus,
2743 4969 2804 5006 ea
2840 4952 3076 5021 postulat
3113 4968 3165 5008 ut
3196 4956 3396 5011 Filius.
3431 4952 3640 5015 Ibidem

2055 5021 2189 5094 Reg.
2213 5024 2232 5075 1
2268 5021 2747 5094 Seguer.,Gobler.
2766 5032 2816 5077 et
2841 5021 3078 5082 Felckui.
3101 5026 3274 5089 1,’Ἰνα
3297 5027 3408 5099 γὰρ
3429 5030 3505 5101 μή
3528 5046 3637 5092 τις.

2054 5091 2250 5148 Caneri
2276 5104 2327 5148 et
2352 5092 2629 5148 editi."lva
2662 5089 2757 5147 οὖν
2786 5095 2858 5148 μή
2888 5112 2993 5148 τις.

2127 5112 2250 5148 Βιεη
2276 5112 2327 5148 ει
2352 5112 2504 5155 Ball],
2539 5112 2629 5145 ινα
2662 5112 2757 5147 ουν
2888 5112 2993 5158 τις.

2127 5162 2239 5237 (55)
2281 5164 2484 5232 Regius
2514 5164 2724 5233 primus
2752 5176 2805 5219 et
2843 5166 3218 5237 Seguerianus
3244 5168 3511 5223 omittunt
3541 5173 3639 5224 καὶ

2053 5233 2397 5303 ταυτότητος.

2126 5304 2239 5379 (54)
2282 5305 2373 5360 διο
2400 5303 2630 5379 __primu_s
2678 5303 3107 5379 (ξοδεχ-[ἰθείας
3144 5317 3199 5363 et
3236 5305 3635 5379 Seguerianus.

2053 5373 2125 5427 At
2149 5375 2239 5446 alii
2266 5384 2322 5429 et
2350 5374 2502 5446 editi,
2534 5376 2628 5428 καὶ
2661 5374 2957 5446 παρεδόθη.

2125 5444 2256 5534 (55).
2283 5443 2618 5534 Sic-Regius
2664 5443 2891 5534 p‘ri'ui‘us’
2907 5443 2959 5500 et
2980 5445 3387 5534 .chugrianus.
3424 5446 3637 5534 .Cateri

2051 5529 2182 5589 vero
2209 5525 2265 5570 et
2290 5516 2441 5589 editi,
2474 5516 2612 5572 εἶναι
2645 5517 2942 5589 36v_1'i6v_.
2978 5516 3103 5589 Mox
3138 5516 3342 5589 Regius
3378 5527 3639 5589 uterque.

2054 5584 2281 5660 Seguer.
2308 5585 2527 5660 Gobler.
2560 5597 2613 5642 ct
2644 5585 2884 5660 Felckin.
2908 5587 2960 5648 1.
2984 5587 3125 5660 ἅπερ
3150 5584 3336 5652 dicitur;
3363 5588 3504 5660 ἔχει.
3531 5584 3639 5653 λιιι

2053 5664 2110 5711 et
2134 5657 2312 5733 gdﬂitig
2342 5658 2800 5733 Curiirilgliuiiula,
2827 5659 2971 5733 ἅπερ
2999 5658 3144 5725 ἰδίως
3176 5659 3310 5733 ἔχει.

2124 5725 2238 5800 (56)
2275 5727 2615 5797 Rneiliensis,
2645 5726 2752 5783 τῶν
2772 5725 3053 5801 pqae-em.
