3834 6220
135 344 145 353 -
224 320 322 376 ιοι

1339 320 1598 382 ORATIO
1636 322 1703 380 III
1742 322 2023 380 CONTRA
2064 324 2388 383 ARIANOS.

3381 332 3488 389 402

220 444 328 492 των
351 436 429 492 ὣν
465 436 822 511 κληρονόμος,
859 439 1018 511 μόνος
1046 442 1075 495 6
1102 441 1229 507 Υἱός
1255 444 1368 498 ἐστι
1402 445 1497 498 καὶ
1532 445 1643 518 (57)
1678 444 1791 508 ἴδιος

1916 444 2163 516 sequitur
2188 462 2314 503 eum
2341 446 2507 503 alium
2551 462 2673 506 esse
2710 448 2778 505 ab
2817 448 3075 508 omnibus
3111 467 3234 523 quae
3253 455 3482 524 accepit.

220 532 339 584 κατ’
371 530 565 584 οὐσίαν
586 530 680 584 τοῦ
705 531 937 602 Πατρός.
973 533 1036 586 Εἰ
1066 533 1177 606 γὰρ
1204 529 1286 599 εἷς
1327 532 1396 606 ἦν
1426 536 1535 591 τῶν
1565 538 1804 602 πάντων,

218 624 278 676 οὐ
310 625 532 677 πάντων
552 619 620 694 ἦν
650 624 812 689 αὐτὸς
839 624 1196 699 κληρονόμος·
1246 628 1383 683 ἀλλά
1435 632 1530 683 καὶ
1575 631 1806 695 ἕκαστος

218 713 547 785 ἐλάμϐανεν,
583 715 659 779 ὡς
680 714 839 788 ἤθελε
890 718 983 771 καὶ
1028 718 1197 773 ἐδίδου
1248 723 1276 774 6
1332 722 1542 793 Πατήρ.
1585 722 1695 776 Νῦν
1725 723 1801 786 δὲ,

216 808 397 861 πάντα
431 807 721 879 λαμϐάνων
753 810 935 874 αὐτὸς,
972 811 1128 875 ἄλλος
1178 814 1293 866 ἐστὶ
1317 814 1425 866 τῶν
1448 817 1665 869 πάντων
1711 817 1805 869 καὶ

219 900 382 971 μόνος
419 876 549 964 ἴδιος
569 876 663 954 τοῦ
692 902 923 975 Πατρός.
957 903 1080 958 Ὅτι
1104 905 1161 959 δὲ
1184 906 1344 960 πάλιν
1362 907 1444 973 τὸ,
1466 907 1664 977 ἐδόθη,
1687 911 1801 977 καὶ,

218 992 520 1061 παρεδόθη
568 991 701 1061 (58),
728 993 790 1046 οὐ
823 994 886 1047 τό
913 1012 1039 1048 ποτε
1070 995 1145 1069 μὴ
1177 996 1322 1068 ἔχειν
1350 998 1511 1051 αὑτὸν
1540 998 1800 1067 δείκνυσι,

214 1084 443 1139 δυνατὸν
462 1085 527 1137 ἐκ
558 1083 651 1138 τοῦ
673 1085 859 1156 ὁμοίου
895 1086 1059 1158 ῥητοῦ
1092 1089 1186 1142 καὶ
1240 1089 1369 1161 περὶ
1423 1089 1639 1145 πάντων
1675 1108 1800 1145 συν-

217 1175 346 1229 ιδεῖν
383 1175 447 1228 τὸ
472 1175 731 1230 τοιοῦτον.
766 1178 904 1248 Φησὶ
931 1178 1039 1250 γὰρ
1082 1178 1244 1245 αὐτὸς
1283 1182 1312 1234 6
1338 1180 1546 1253 Σωτήρ·
1576 1182 1802 1252 Ὥσπερ

212 1269 247 1320 ό
276 1265 486 1335 Πατὴρ
535 1264 687 1335 ζωὴν
705 1268 830 1337 ἔχει
854 1269 925 1322 ἐν
952 1270 1163 1337 ἑαυτῷ,
1194 1271 1384 1339 οὕτως
1431 1274 1532 1327 καὶ
1586 1273 1666 1341 τῷ
1690 1276 1801 1344 Υἱῷ

210 1356 438 1412 δέδωκε
465 1356 618 1427 ζωὴν
642 1362 808 1428 ἔχειν
830 1361 902 1415 ἐν
920 1362 1111 1429 ἐαυτῷ
1138 1363 1269 1435 (59).
1317 1366 1412 1420 Ἐκ
1441 1367 1538 1438 μὲν
1568 1367 1677 1441 γὰρ
1704 1369 1797 1423 τοῦ

210 1448 418 1518 λέγειν,
443 1450 682 1516 δέδωκε,
719 1454 973 1524 σημαίνει
1028 1456 1218 1511 ἑαυτὸν
1255 1457 1329 1530 μὴ
1368 1453 1506 1514 εἶναι
1545 1460 1636 1514 τὸν
1686 1461 1799 1515 Πα-

208 1541 368 1613 τέρα·
402 1542 463 1595 ὲν
490 1542 548 1596 δὲ
583 1542 663 1614 τῷ
686 1544 887 1613 λέγειν,
920 1545 1128 1613 οὕτως,
1150 1547 1393 1603 δείκνυσι
1424 1550 1522 1623 τὴν
1547 1552 1682 1624 πρὸς
1705 1553 1797 1607 τὸν

208 1634 440 1707 Πατέρα
492 1635 587 1689 τοῦ
619 1636 749 1690 Υίοῦ
803 1639 1036 1711 φυσικὴν
1077 1642 1367 1713 ὁμοιότητα
1412 1645 1506 1698 καὶ
1538 1645 1789 1718 ἰδιότητα.

208 1728 273 1781 ΕΞ
300 1729 404 1799 μὲν
430 1724 523 1782 οὖν
552 1726 620 1802 ἦν
650 1747 779 1784 ποτε
836 1731 925 1786 ὅτε
958 1734 1059 1787 οὐκ
1092 1730 1237 1806 εἶχεν
1291 1737 1319 1789 6
1351 1736 1560 1810 Πατὴρ,
1612 1739 1790 1811 δῆλον,

207 1821 290 1874 ὅτι
320 1821 418 1875 καὶ
439 1822 469 1873 6
494 1821 622 1886 Υἱὸς
649 1818 716 1894 ἦν
743 1824 833 1877 ὅτε
859 1824 960 1878 οὐκ
986 1820 1150 1896 εἶχεν.
1195 1827 1281 1891 Ὠς
1329 1828 1440 1898 (60)
1474 1829 1582 1902 γὰρ
1622 1833 1650 1885 6
1676 1835 1790 1886 Πα-

205 1913 333 1986 τὴρ,
369 1913 546 1977 οὕτως
574 1915 669 1968 καὶ
691 1918 721 1968 6
748 1916 878 1980 Υἱὸς
904 1917 1033 1988 ἔχει.
1070 1919 1133 1971 Εἰ
1177 1919 1232 1972 δὲ
1278 1921 1469 1986 ἀσεϐὲς
1504 1923 1603 1993 μὲν
1635 1924 1792 1978 τοῦτο

204 2001 411 2071 λέγειν,
451 2005 672 2071 εὐσεϐὲς
699 2006 756 2060 δὲ
788 2007 987 2077 μᾶλλόν
1003 2010 1147 2063 ἐστιν
1175 2014 1369 2073 εἰπεῖν,
1405 2012 1485 2066 ὅτι
1513 2013 1598 2068 ἀεὶ
1621 2013 1731 2085 ἔχει
1763 2018 1791 2069 6

205 2092 424 2163 Πατήρ·
481 2093 598 2157 πῶς
642 2095 743 2148 οὐκ
784 2094 985 2151 ἄτοπον
1035 2098 1130 2151 τοῦ
1166 2100 1296 2153 Υἱοῦ
1357 2101 1627 2171 λέγοντος,
1684 2107 1788 2170 ὅτι,

202 2180 283 2245 ὡς
304 2184 336 2235 6
358 2185 551 2256 Πατὴρ
571 2185 704 2256 ἔχει,
735 2185 907 2251 οὕτως
929 2189 1021 2243 καὶ
1050 2193 1077 2243 6
1107 2191 1233 2256 Υἱὸς
1273 2193 1406 2264 ἔχει,
1453 2195 1674 2260 τούτους
1706 2196 1791 2250 λέ-

201 2292 325 2343 γειν
354 2276 428 2348 μὴ
461 2276 633 2343 οὕτως
657 2278 821 2351 ἔχειν,
858 2281 972 2335 ἀλλ’
1000 2283 1171 2349 ἄλλως
1228 2284 1406 2356 ἔχειν;
1454 2288 1668 2342 Μᾶλλον
1700 2285 1792 2344 οὖν

199 2367 233 2419 6
254 2366 431 2435 Λόγος
455 2369 647 2431 πιστός
671 2371 806 2435 ἐστι,
839 2373 933 2425 καὶ
958 2374 1155 2441 πάντα,
1209 2375 1245 2429 ἀ
1277 2376 1429 2444 λέγει
1486 2378 1788 2451 εἰληφέναι,

198 2457 294 2511 ἀεὶ
330 2458 488 2530 ἔχων,
513 2462 653 2515 αὐτά
680 2462 795 2535 ἔχει
861 2465 973 2536 (61)
1012 2467 1163 2538 παρά
1204 2468 1299 2521 τοῦ
1354 2472 1587 2542 Πατρός·
1639 2474 1731 2527 καὶ
1763 2477 1792 2527 6

203 2550 311 2620 μὲν
336 2551 529 2623 Πατὴρ
561 2554 620 2606 οὐ
651 2556 799 2627 παρά
841 2574 1005 2622 τινος,
1033 2560 1062 2612 6
1108 2558 1164 2613 δὲ
1191 2560 1320 2625 Υἱὸς
1348 2561 1499 2633 παρὰ
1534 2562 1627 2617 τοῦ
1673 2565 1790 2619 Πα-

196 2643 334 2715 τρδς
357 2643 491 2716 ἔχει.
535 2647 623 2711 Ὠς
673 2649 782 2722 γὰρ
810 2651 904 2704 κα).
952 2652 1044 2705 ἐπὶ
1105 2652 1197 2706 τοῦ
1256 2654 1706 2726 ἀπαυγάσματος,
1742 2660 1790 2712 εἱ

196 2735 338 2789 αὐτὸ
360 2736 423 2789 τὸ
448 2738 789 2811 ἀπαύγασμα
843 2740 1012 2811 λέγοι·
1047 2745 1234 2800 Πάντα
1278 2747 1442 2801 τόπον
1467 2748 1665 2803 δέδωκέ
1701 2767 1789 2820 μοι

196 2827 267 2881 τὸ
300 2827 419 2897 φῶς
456 2830 732 2897 φωτίζειν·
761 2834 854 2886 καὶ
872 2835 973 2887 οὐκ
1006 2836 1100 2888 ἀπ’
1136 2837 1372 2907 ἐμαυτοῦ
1403 2839 1641 2909 φωτίζω,
1673 2842 1788 2895 ἀλλ’

194 2916 282 2981 ὡς
314 2918 377 2971 τὸ
403 2918 517 2987 φῶς
554 2918 820 3007 βούλεται·
848 2922 1006 2978 τοῦτο
1041 2924 1098 2978 δὲ
1127 2925 1284 2996 λέγον
1312 2927 1446 2999 (62),
1477 2929 1537 2982 οὐ
1572 2931 1632 2983 τό
1660 2949 1789 2985 ποτε

200 3010 285 3082 μὴ
315 3010 462 3081 ἔχειν
489 3014 647 3066 ἑαυτὸ
676 3014 945 3069 δείκνυσιν
966 3058 981 3083 ,
1030 3017 1145 3071 ἀλλ’
1173 3020 1259 3073 ὅτι
1303 3020 1397 3075 τοῦ
1452 3024 1628 3092 φωτὸς
1663 3024 1790 3079 ἴδιόν

195 3102 346 3171 εἰμι,
378 3103 473 3155 καὶ
501 3104 569 3157 τὰ
621 3105 831 3159 ἐκείνου
867 3107 1045 3163 πάντα
1104 3111 1213 3181 ὲμά
1260 3113 1428 3166 ἐστιν.
1478 3114 1662 3179 Οὕτως
1693 3117 1789 3169 καὶ

196 3189 373 3244 πλέον
400 3190 508 3262 (65)
538 3195 628 3245 ἐπὶ
662 3193 756 3248 τοῦ
779 3195 910 3249 Υἰοῦ
946 3201 1086 3250 νοεῖν
1114 3172 1312 3265 ἔξεστι.
1342 3201 1453 3254 Καὶ
1475 3201 1584 3275 γὰρ
1613 3172 1790 3260 στάντα
1818 3172 1860 3227 C

195 3281 455 3348 δεδωκὼς
485 3287 513 3338 6
543 3287 734 3358 Πατὴρ
762 3286 838 3358 τῷ
868 3288 1003 3361 Υἱῷ,
1049 3291 1227 3345 πάντα
1264 3292 1425 3347 πάλιν
1452 3296 1480 3347 6
1514 3296 1704 3368 Πατὴρ
1732 3298 1789 3351 ἐν

194 3375 285 3446 τῷ
324 3376 440 3447 Υἱῷ
466 3377 600 3448 ἔχει·
629 3379 725 3432 καὶ
748 3380 841 3434 τοῦ
876 3381 1007 3435 Υἱοῦ
1053 3382 1110 3437 δὲ
1140 3384 1374 3455 ἔχοντος,
1430 3387 1592 3441 πάλιν
1618 3390 1646 3442 6
1679 3392 1791 3443 Πα-

194 3466 310 3537 τὴρ
359 3466 499 3519 αὐτά
527 3467 639 3537 ἔχει
672 3468 805 3541 (64).
852 3471 916 3525 Ἥ
953 3472 1063 3544 γὰρ
1124 3473 1219 3526 τοῦ
1259 3474 1391 3528 Υίοῦ
1446 3474 1636 3548 θεότης
1692 3478 1787 3532 τοῦ

196 3559 420 3630 ἰίατρδς
444 3558 637 3631 θεότης
666 3561 800 3614 ἐστι·
852 3565 943 3617 καὶ
992 3564 1165 3629 οὕτως
1200 3568 1229 3619 6
1258 3567 1449 3639 Πατὴρ
1478 3571 1535 3621 έν
1567 3569 1643 3640 τῷ
1677 3570 1789 3641 Υίῷ

195 3650 314 3705 τῶν
346 3652 568 3705 πάντων
588 3653 687 3723 τὴν
723 3655 972 3727 πρόνοιαν
1006 3661 1258 3712 ποιεῖται.

1915 534 2138 603 Deinde,
2173 553 2298 593 cum
2346 538 2592 593 omnium
2638 540 2711 595 sit
2752 541 2956 609 haeres,
2992 550 3140 599 certe
3177 545 3329 600 solus
3369 545 3487 614 ipse

1911 642 2150 697 quoque,
2183 627 2353 685 Filius
2382 636 2437 684 et
2465 629 2715 699 proprius
2740 639 2823 686 est
2847 629 3025 687 Patris
3053 632 3349 687 secundum
3379 648 3482 688 na.

1911 731 2110 775 turam.
2157 721 2213 777 Si
2258 723 2400 776 enim
2439 738 2471 778 e
2508 738 2736 778 numero
2763 724 3008 780 omnium
3033 733 3197 790 esset,
3230 740 3337 779 non
3364 740 3485 780 om-

1913 812 2064 866 nium
2100 812 2345 882 profecto
2376 822 2523 868 esset
2551 814 2725 869 haeres
2754 834 2767 869 :
2805 815 2900 870 sed
2939 815 3167 885 quilibet
3195 815 3359 871 etiam
3388 831 3483 873 ac—

1909 904 2164 972 cepisset,
2196 905 2273 959 uti
2300 905 2560 960 voluisset
2584 920 2648 960 ac
2668 904 2906 962 dedisset
2932 905 3111 963 Pater.
3136 905 3479 978 Quapropter

1907 1010 2034 1050 cum
2066 997 2249 1051 omnia
2281 997 2396 1066 ipse
2426 996 2679 1066 accipiat,
2718 997 2858 1052 alius
2888 998 3077 1068 utique
3107 1008 3191 1055 est
3210 1000 3278 1055 ab
3299 1000 3477 1055 omni-

1907 1086 2045 1153 bus,
2092 1087 2352 1158 solusque
2398 1095 2482 1144 est
2523 1088 2775 1158 proprius
2806 1088 3005 1145 Patris.
3040 1088 3195 1157 Quod
3233 1107 3362 1147 vero
3390 1092 3476 1147 his

1905 1178 2087 1233 verbis
2100 1178 2229 1232 data
2255 1188 2352 1246 est,
2365 1188 2438 1247 et,
2460 1180 2660 1235 tradita
2689 1188 2832 1245 sunt,
2861 1195 2968 1235 non
2999 1181 3333 1252 signiﬁcetur
3349 1198 3478 1238 eum

1907 1269 1994 1325 his
2022 1269 2318 1338 aliquando
2337 1270 2600 1338 caruisse,
2625 1286 2691 1327 ex
2713 1271 2876 1327 simili
2894 1272 3015 1327 loco
3032 1270 3343 1344 perspicere.
3367 1289 3478 1331 cae-

1905 1372 2128 1434 teraque
2160 1364 2286 1418 inde
2314 1363 2441 1418 licet
2470 1363 2792 1433 intelligere.
2829 1362 2991 1437 535
3016 1365 3109 1420 Ait
3131 1381 3325 1436 nempe
3355 1365 3478 1422 Sal-

1903 1467 2057 1512 vator
2079 1458 2229 1528 ipse:
2260 1457 2410 1513 Sicut
2437 1456 2599 1513 Pater
2619 1459 2771 1513 liabet
2798 1460 2959 1514 vitam
2982 1461 3037 1514 in
3061 1463 3337 1531 semetipso
3357 1501 3372 1527 ,
3399 1462 3477 1516 sic

1901 1549 2048 1604 dedit
2081 1560 2131 1603 et
2152 1547 2298 1605 Filio
2326 1550 2489 1604 vitam
2516 1551 2703 1606 habere
2733 1553 2787 1605 in
2823 1551 3099 1621 semetipso
3117 1552 3156 1605 ³.
3180 1549 3316 1606 Nam
3349 1568 3476 1607 cum

1901 1641 2051 1704 dicit,
2078 1641 2244 1707 dedit,
2277 1656 2335 1697 se
2367 1657 2475 1697 non
2508 1657 2630 1697 esse
2654 1640 2868 1697 Patrem
2894 1643 3135 1698 declarat
3166 1663 3181 1700 :
3210 1645 3476 1715 particula

1901 1740 2104 1797 autem,
2142 1734 2249 1799 sic,
2277 1733 2466 1793 utitur,
2493 1742 2553 1788 ut
2580 1735 2880 1789 naturalem
2910 1733 3034 1789 Filii
3063 1751 3186 1790 cum
3214 1735 3377 1792 Patre
3398 1738 3475 1792 si-

1822 1813 1867 1869 B
1894 1823 2256 1883 militudinem
2289 1833 2343 1879 et
2364 1825 2744 1895 proprietatem
2770 1825 3057 1895 signiﬁcet.
3098 1826 3156 1881 Si
3186 1826 3350 1897 igitur
3373 1826 3476 1883 fuit

1898 1915 2189 1985 aliquando
2218 1932 2343 1971 cum
2378 1915 2537 1972 Pater
2581 1931 2688 1970 non
2738 1917 2961 1971 haberet
2999 1932 3061 1973 ea
3112 1933 3234 1987 quae
3264 1918 3468 1974 habet:

1900 2008 2104 2063 nullum
2138 2008 2360 2062 dubiqu
2390 2018 2473 2063 est
2508 2008 2639 2078 quin
2679 2008 2841 2062 etiam
2871 2007 3031 2063 fuerit
3062 2009 3355 2080 aliquando
3384 2009 3474 2064 Fi-

1899 2099 2023 2166 lius,
2053 2115 2176 2154 cum
2205 2099 2293 2153 illa
2328 2113 2436 2153 non
2467 2096 2707 2154 haberet.
2740 2098 2876 2154 Nam
2914 2110 2973 2154 ut
3004 2098 3164 2153 Pater
3194 2099 3378 2165 habet,
3399 2098 3472 2153 ita

1898 2201 1952 2245 et
1975 2191 2163 2246 Filius.
2189 2189 2389 2245 Verum
2419 2192 2463 2246 si
2495 2192 2547 2246 id
2575 2192 2804 2261 impium
2830 2193 2978 2247 dictu
3002 2199 3105 2255 est,
3140 2205 3171 2245 e
3195 2190 3471 2246 contrario

1898 2290 2078 2335 autem
2110 2282 2256 2351 pium
2281 2291 2363 2337 est
2386 2281 2673 2348 allirmare,
2701 2297 2918 2351 semper
2943 2281 3160 2337 Patrem
3187 2283 3466 2348 habuisse,

1898 2387 1966 2425 an
2006 2387 2114 2426 non
2157 2372 2548 2442 perabsurdum
2583 2382 2687 2435 est,
2717 2373 2855 2428 Filio
2894 2384 3239 2447 asseverante
3278 2387 3472 2442 quem-

1897 2463 2189 2519 admodum
2234 2462 2394 2518 Paler
2435 2464 2597 2518 habet
2637 2464 2710 2518 ita
2744 2474 2798 2519 et
2844 2463 3040 2529 Filium
3085 2464 3305 2528 habere,
3346 2463 3470 2518 illos

1897 2555 2253 2611 nihilominus
2278 2555 2604 2611 contendere
2640 2571 2750 2610 non
2796 2557 2868 2610 ita
2908 2554 3003 2611 Sed
3040 2555 3200 2610 aliter
3227 2554 3468 2609 habere?

1898 2647 2094 2719 Utique
2132 2646 2371 2703 Verbum
2410 2647 2582 2718 magis
2612 2646 2718 2701 (ide
2748 2632 2977 2718 dignum}
3000 2655 3102 2711 est,
3131 2645 3471 2715 proindequ

1897 2742 2080 2796 omnia
2111 2757 2232 2811 quae
2263 2756 2321 2797 se
2350 2756 2380 2796 a
2400 2740 2560 2796 Patre
2577 2740 2856 2811 accepisse
2877 2748 3131 2804 testatur,
3161 2754 3224 2793 ea
3253 2751 3471 2807 semper

1898 2834 2123 2898 habens,
2153 2850 2182 2887 a
2217 2832 2376 2887 Patre
2414 2834 2592 2887 habet.
2636 2831 2808 2887 Porro
2850 2832 3008 2887 Pater
3057 2831 3145 2885 illa
3190 2847 3219 2885 a
3254 2831 3470 2887 nemine

1897 2929 2080 2990 habet,
2113 2929 2205 2983 sed
2236 2927 2407 2982 Filius
2436 2928 2596 2981 habet
2634 2944 2664 2980 a
2690 2925 2867 2980 Patre.
2906 2923 3040 2979 Nam
3074 2932 3135 2978 ut
3166 2923 3469 2994 splendoris
3551 2976 3560 2993 ,

1895 3021 2144 3090 exemplo
2177 3028 2321 3086 utar,
2353 3020 2398 3074 si
2425 3021 2539 3088 ipse
2571 3018 2827 3088 splendor
2857 3018 2930 3072 ita
2947 3018 3262 3087 loqueretur
3292 3035 3306 3072 :
3339 3015 3462 3072 Om-

1897 3127 2019 3168 nem
2046 3113 2227 3167 locum
2261 3110 2391 3165 mihi
2426 3111 2515 3165 lux
2545 3111 2611 3165 ad
2641 3110 3058 3164 illuminandum
3089 3108 3257 3172 dedit,
3290 3125 3468 3179 neque

1894 3220 1958 3260 ex
1993 3204 2202 3274 meipso
2227 3203 2496 3266 illumino,
2525 3201 2618 3257 sed
2656 3212 2716 3256 ut
2746 3202 2849 3256 luci
2881 3202 3098 3271 placet:
3140 3216 3273 3256 sane
3317 3200 3468 3255 hisce

1893 3297 2074 3351 verbis
2119 3310 2224 3350 non
2271 3295 2536 3348 indicaret
2584 3306 2643 3346 se
2688 3292 2983 3361 aliquando
3020 3305 3129 3345 non
3187 3289 3466 3361 habuisse,

1895 3389 1989 3443 sed
2023 3389 2203 3457 potius
2240 3402 2303 3441 ea
2347 3393 2490 3440 esset
2515 3384 2785 3440 sententia
2817 3402 2832 3439 ι
2860 3382 2973 3454 Ego
3012 3384 3151 3439 lucis
3176 3399 3298 3439 sum
3333 3398 3466 3454 pro-

1896 3479 2065 3550 prius,
2097 3479 2326 3549 ejusque
2375 3476 2557 3532 omnia
2601 3491 2720 3530 mea
2758 3484 2904 3529 sunt.
2944 3473 3088 3530 Idem
3137 3476 3389 3532 similiter
3409 3486 3466 3534 et

1895 3573 2067 3627 multo
2098 3572 2272 3639 magis
2296 3570 2363 3624 de
2387 3570 2522 3624 Filio
2550 3568 2956 3639 intelligendum
2980 3577 3081 3623 est.
3106 3567 3299 3623 Omnia
3319 3568 3464 3623 enim

1828 3718 1832 3722 _
1897 3662 2058 3718 Pater
2105 3662 2244 3717 Filio
2287 3662 2452 3725 dedit,
2498 3670 2553 3715 et
2601 3676 2792 3716 rursus
2837 3661 2977 3715 idem
3011 3660 3171 3716 Pater
3201 3661 3465 3716 omniain

197 3743 346 3802 Filio
378 3747 560 3803 habet.
592 3746 730 3804 Filio
759 3751 887 3804 item
918 3752 1171 3816 habente,
1220 3755 1408 3811 eadem
1434 3771 1654 3827 quoque
1692 3755 1855 3813 Pater
1891 3758 2072 3812 habet.
2104 3755 2383 3827 Siquidem
2427 3756 2548 3810 Filii
2577 3755 2854 3820 divinitas,
2881 3755 3059 3813 Patris
3072 3766 3159 3812 est
3181 3757 3466 3821 divinitas,

200 3847 375 3908 atque
397 3839 472 3894 ita
497 3838 659 3896 Pater
682 3841 736 3896 in
772 3842 910 3898 Filio
949 3859 1035 3898 res
1066 3860 1257 3901 omnes
1287 3846 1623 3918 providentia
1645 3850 1781 3919 gerit
1816 3858 1869 3904 et
1898 3848 2261 3904 administrat.

276 3935 369 3989 37.
409 3934 531 3989 Τῶν
562 3936 662 4007 μὲν
693 3933 786 3991 οὖν
813 3937 1070 3994 τοιούτων
1097 3941 1276 4012 ῥητῶν
1308 3935 1547 4007 τοιοῦτος
1575 3946 1604 3998 6
1636 3943 1778 4008 νοῦς·

200 4026 338 4096 περ).
370 4025 429 4079 δὲ
451 4024 561 4079 τῶν
584 4027 937 4098 ἀνθρωπίνως
950 4027 1258 4101 λεγομένων
1281 4030 1409 4102 περὶ
1421 4030 1513 4086 τοῦ
1541 4024 1783 4103 (65)“Σω-

200 4120 395 4190 τῆρος,
439 4120 535 4172 καὶ
573 4118 745 4173 ταῦτα
796 4120 957 4174 πάλιν
997 4121 1192 4192 εὐσεὸἦ
1236 4121 1336 4193 τὴν
1377 4121 1615 4176 διάνοιαν
1644 4121 1778 4193 ἔχει.

200 4208 307 4266 Διά
333 4208 497 4263 τοῦτο
514 4209 622 4282 γὰρ
643 4211 737 4265 καὶ
771 4210 880 4283 (66)
910 4210 1357 4283 προεξητάσαμεν
1404 4211 1474 4266 τὰ
1522 4213 1744 4267 τοιαῦτα
1763 4253 1778 4277 ,

204 4302 317 4363 ἵνα,
344 4299 443 4354 ὲάν
472 4301 792 4372 ἀκούσωμεν
823 4302 1206 4374 ἐπερωτῶντος
1235 4301 1420 4366 αὑτοῦ,
1474 4302 1578 4357 ποῦ
1600 4303 1780 4369 Λάζα-

207 4409 301 4466 ρος
322 4395 521 4458 κεῖται,
548 4395 643 4448 καὶ
669 4395 794 4448 ὅταν
827 4397 906 4460 είς
937 4395 1007 4451 τὰ
1051 4395 1190 4467 μέρη
1233 4395 1581 4475 Καισαρείας
1612 4394 1780 4451 ἐλθὼν

278 4527 301 4560 ³
335 4524 497 4583 Joan.
522 4544 578 4596 v,
599 4527 691 4583 26.
766 4530 791 4561 ι
827 4528 985 4586 Joan.
1024 4545 1101 4596 ιι,
1133 4529 1222 4584 54.

279 4687 398 4755 (57)
438 4687 532 4744 Sic
578 4688 710 4753 Reg.
743 4689 795 4752 1,
833 4687 1059 4751 Seguer.
1103 4687 1321 4741 Gobler.
1364 4695 1417 4739 et
1464 4686 1699 4742 Felckm.
1730 4688 1780 4742 1.
1836 4686 1843 4689 ’

205 4759 279 4813 At
317 4758 414 4812 alii
446 4769 504 4815 et
534 4758 684 4826 editi,
719 4758 1051 4833 κληρονόμος
1086 4758 1249 4819 αὐτὸς
1280 4759 1309 4814 6
1344 4757 1492 4823 Υἱὸς,
1520 4757 1635 4810 ἐστι
1668 4759 1780 4824 καί,

204 4838 314 4883 etc.

434 4897 753 4972 Rasiliensis
783 4899 985 4972 omittit
1011 4899 1106 4972 xui.
1138 4897 1430 4972 παρεᾷόρη.

280 4969 400 5043 (59)
438 4968 565 5043 Haec
599 4971 783 5043 verba,
812 4970 1111 5043 οὓτως-καὶ
1141 4967 1230 5043 τῷ
1260 4968 1375 5043 Υἱῴ
1398 4967 1618 5043 δέδωκεΔ

280 4986 400 5039 (ου)
438 4986 565 5023 Haec
599 4986 783 5036 verba,
812 4986 985 5033 ουτως
1016 4986 1111 5023 και
1141 4987 1219 5042 τῳ
1269 4986 1375 5093 ιιὲ
1413 4986 1608 5022 οεοωκε
1640 4986 1781 5043 ςωην

205 5038 439 5111 ἔχεινὲν
465 5038 663 5111 ἑαυτῷ,
690 5041 963 5111 desunt__in
997 5039 1128 5111 Reg.
1158 5041 1193 5111 I_
1232 5050 1287 5095 et
1350 5054 1557 5111 eguer.
1582 5038 1781 5111 Ibidem

205 5058 232 5092 ε
271 5058 354 5092 ειν
381 5058 439 5092 εν
465 5058 663 5109 εαυτῳ,
690 5058 884 5095 aesunt
910 5058 963 5094 III
997 5058 1128 5111 [ωε.
1158 5058 1184 5093 ι
1232 5058 1287 5095 et
1336 5058 1557 5107 aeguer.
1582 5058 1781 5095 iuiaem

204 5058 547 5192 iﬁsiliensis,
572 5111 641 5192 ἐκ
668 5109 902 5192 μὲν·τοῦ
942 5108 1139 5179 λέγειν.
1170 5109 1543 5192 Item_ibidem
1583 5108 1785 5192 Regius

204 5180 424 5253 primus
469 5189 524 5233 et
566 5178 959 5253 Seg’uerianus,
1011 5178 1264 5253 σημαίνει
1316 5178 1526 5235 ἑαυτόν.
1575 5178 1685 5234 Alii
1731 5189 1785 5234 et

205 5250 366 5321 editi,
405 5250 659 5321 σημαίνει
691 5250 876 5308 αὐτόν.
1058 5250 1096 5321 ξ
1224 5319 1231 5321 ξ
1390 5320 1396 5321 γ
1452 5319 1463 5321 _
1527 5291 1538 5301 .

230 5266 365 5312 iniu,
405 5266 659 5373 Ἥμαινει
691 5266 876 5308 αοτον.
1527 5291 1538 5301 .

230 5353 244 5400 ε
282 5318 399 5401 (60)
485 5322 1014 5402 asiliensis,:aeirep.
1044 5319 1233 5402 Caeteri
1257 5328 1312 5375 et
1334 5319 1501 5402 editio
1528 5318 1783 5402 Comme-

205 5388 439 5461 Iiniana,
480 5391 575 5461 ὡς.
611 5390 734 5445 Mox
783 5388 986 5461 Regius
1036 5392 1244 5461 primus
1295 5401 1363 5461 et,
1394 5389 1780 5461 Seguerjanus,

207 5460 410 5523 ἀσεϐὲς
451 5460 611 5514 τοῦτο
656 5458 1107 5529 λέγειν,”οηιὶξδο
1156 5460 1274 5530 μέν.
1330 5459 1531 5530 Ibidem
1582 5458 1784 5530 Regius

207 5531 673 5602 primus,6wsﬁég
712 5528 769 5586 δὲ
819 5530 1021 5602 μᾶλλόν
1066 5528 1213 5583 ἐστιν
1241 5531 1433 5596 εἰπεῖν,
1466 5528 1547 5583 ὅτι
1596 5529 1670 5601 μὴ
1699 5529 1785 5583 ἀεὶ

208 5602 345 5675 ἔχει,
373 5601 476 5675 sed
496 5603 571 5675 μή
607 5603 767 5675 habet
790 5601 1242 5675 secundamanu.

285 5671 407 5743 (6|),
437 5669 575 5743 Regi
604 5673 658 5736 1,
696 5670 922 5743 δθςιιεμτ.
955 5669 1173 5743 Gobler.
1201 5679 1254 5727 et
1291 5669 1528 5729 Fclckm.
1562 5672 1615 5741 1,
1644 5669 1782 5726 αὐτὰ

212 5741 347 5811 ἔχει.
385 5741 494 5798 Alii
524 5739 579 5800 ἐι
604 5739 959 5810 εόὶιὶ,’ταῦτά
994 5740 1124 5812 ἔχει.
1294 5754 1299 5759 ’

1963 3944 2051 3999 '57.
2102 3944 2229 4002 Haec
2265 3945 2430 4017 igitur
2461 3954 2546 4001 est
2590 3945 2808 4000 illorum
2833 3944 3120 4000 verborum
3173 3943 3460 3999 sententia.

1888 4036 2019 4104 Quae
2057 4039 2257 4107 pariter
2298 4038 2363 4092 de
2389 4036 2670 4091 Salvatore
2716 4036 2955 4090 humano
2990 4048 3142 4089 more
3184 4032 3461 4098 dicuntur,

1886 4146 2075 4185 eorum
2106 4145 2323 4201 quoque
2355 4129 2441 4198 pia
2472 4139 2555 4183 est
2585 4128 2931 4197 signiﬁcatio.
2966 4125 3173 4181 Idcirco
3201 4125 3345 4180 enim
3371 4126 3462 4183 illa

1886 4224 2036 4292 prius
2069 4224 2382 4279 examinare
2403 4222 2577 4277 visum
2612 4228 2714 4285 est,
2737 4228 2813 4286 ut,
2847 4219 2892 4276 si
2923 4219 3209 4275 Dominum
3231 4222 3463 4275 interro-

1885 4325 2100 4386 gantem
2151 4315 2507 4378 audierimus,
2542 4314 2629 4368 ubi
2670 4312 2912 4368 Lazarus
2935 4313 3190 4383 jaceat":
3218 4323 3271 4368 et
3311 4329 3454 4378 cum,

1886 4408 1980 4463 ubi
2010 4408 2062 4462 in
2098 4417 2278 4478 partes
2294 4406 2554 4461 Caesarea:
2581 4405 2728 4461 venit
2752 4411 3151 4476 percunctatur,
3189 4407 3352 4473 Quem
3379 4421 3459 4460 me

1959 4685 2069 4755 (δε)
2108 4684 2309 4753 Regius
2341 4685 2569 4754 primus,
2591 4687 2768 4755 λέγον.
2793 4686 2986 4742 Cmtcri
3008 4695 3063 4742 et
3082 4686 3233 4745 editi,
3263 4686 3455 4753 λέγων.

1888 4758 2090 4827 Ibidem
2122 4755 2345 4827 Seguer.
2383 4755 2517 4827 Reg.
2556 4758 2607 4821 1,
2640 4758 2812 4823 prima
2837 4772 3024 4827 manu,
3056 4756 3130 4827 μὴ
3164 4756 3306 4826 ἔχειν
3337 4757 3461 4827 eau-

1886 4829 1947 4881 τὸ
1973 4824 2229 4880 δείκνυσι.
2266 4825 2466 4894 Regius
2495 4828 2788 4887 secundus,
2826 4828 2897 4896 μὴ
2927 4824 3069 4896 ἔχειν
3096 4824 3321 4889 ἑαυτοὺς
3352 4824 3459 4880 δεί-

1888 4914 2067 4951 κνυσι.
2098 4896 2201 4949 Alii
2230 4906 2283 4949 et
2308 4896 2472 4967 editi,
2494 4897 2581 4967 μὴ
2609 4896 2771 4967 ἔχειν-
2785 4895 2963 4967 super;
2981 4895 3240 4967 Beixvpat.

1959 4967 2069 5036 (65)
2113 4968 2223 5036 Καὶ,
2267 4964 2426 5020 πλέον
2472 4964 2709 5021 όεεοιῖη
2741 4964 3049 5036 Basilie‘nsi.
3095 4965 3216 5036 Mox
3254 4964 3457 5034 Regius

1888 5035 2096 5109 primus
2125 5044 2178 5091 et
2206 5035 2593 5106 Seguerianus,
2626 5036 2802 5090 πάντα
2830 5035 3079 5089 δέδωκεν.
3109 5035 3214 5088 Alii
3250 5043 3305 5090 et
3337 5036 3455 5089 edi—

1888 5110 1951 5163 ti.
1970 5106 2145 5162 πάντα
2169 5105 2436 5163 δεδωκώς.

1887 5120 1951 5170 tt,
1970 5120 2145 5162 παντα
2169 5120 2436 5168 οεοωκως.

1959 5177 2070 5249 (64)
2112 5178 2203 5232 Sic
2235 5176 2421 5249 RegLI
2459 5184 2511 5232 et
2541 5174 2765 5249 Seguer.
2788 5174 3005 5249 gobler.
3042 5180 3096 5249 e_t
3122 5173 3361 5249 Felekm.
3407 5179 3453 5227 1.

1887 5244 2691 5303 Δι’ίηεᾶὶιίοηοὉοηιηιριδθι
2715 5248 2767 5301 in
2795 5245 3028 5301 Felckm.
3055 5244 3089 5296 2
3118 5245 3316 5298 desunt
3343 5245 3456 5298 hanc

1887 5319 2070 5441 ἕαδε,
2102 5319 2195 5373 καὶ
2226 5317 2319 5370 τοῦ
2351 5317 2482 5370 Υἱοῦ
2509 5317 2565 5370 δὲ
2598 5315 2830 5388 ἔχοντος,
2857 5317 3017 5370 πάλιν
3048 5317 3075 5367 6
3102 5313 3289 5386 Πατὴρ
3319 5313 3459 5369 αὐτά

1917 5405 2021 5441 γει.

1953 5405 2021 5443 ει.

1917 5407 2071 5529 χῗίίὸ)
2112 5458 2346 5513 Felckm.
2384 5458 2438 5529 εξ,
2471 5456 2622 5529 παρὰ
2655 5456 2770 5523 τοῦ,
2802 5467 2906 5529 etc.
2947 5456 3145 5510 Ibidem
3181 5454 3274 5509 καί
3303 5453 3459 5509 abest

1889 5545 1920 5584 a
1946 5526 2281 5604 (ξριριθιίίιιιιοΔ
2305 5535 2358 5582 et
2383 5526 2938 5604 Felcl‘rin_an._prirno.
2985 5596 3022 5604 __
3060 5598 3072 5604 _
3111 5597 3123 5604 _
3407 5592 3418 5604 ο

1961 5599 2072 5669 (66)
2114 5600 2220 5651 Καί
2252 5600 2400 5652 deest
2431 5599 2483 5651 in
2511 5596 2836 5652 Gobleriano
2878 5608 2932 5652 et
2985 5596 3296 5651 Felekman.
3338 5596 3454 5669 p_ri-

1890 5661 2000 5724 ιηό.
2035 5661 2231 5723 Ibidem
2264 5669 2466 5737 Regius
2498 5669 2704 5738 primus
2726 5678 2779 5723 et
2802 5669 3189 5737 Seguerianus,
3222 5661 3458 5738 προεξη-

1890 5740 2151 5810 τάσαμεν.
2185 5735 2376 5795 Czetcri
2409 5748 2461 5793 et
2488 5735 2636 5811 (diti,
2668 5735 3137 5812 προεςητησαμεν.
