3834 6220
288 258 398 314 4115

1396 265 1657 322 ORATIO
1697 266 1766 322 ΠΙ
1806 261 2089 326 CONTRA
2121 271 2444 328 ARIANOS.

3434 279 3539 334 406

290 383 492 454 σάρκα.
526 382 638 438 Καὶ
664 382 770 456 γὰρ
793 385 979 458 ὥσπερ
1026 388 1083 441 ἐν
1125 388 1264 459 αὐτῇ
1314 390 1675 456 ἐπυνθάνετο,
1721 392 1844 447 οὖτα

1965 396 2201 451 divinam
2229 396 2482 451 reddidit.
2515 393 2649 449 Nam
2671 395 3130 466 quemadmodum
3157 397 3210 451 in
3234 396 3348 469 ipsa
3374 398 3540 455 inter-

288 478 385 530 καὶ⁹
413 479 473 529 ἐν
502 478 638 548 αὐτῇ
686 477 773 530 τὸν
819 480 1007 550 νεκρὸν
1039 481 1248 552 ἤγειρε·
1290 483 1384 535 καί¹
1439 485 1604 537 πᾶσιν
1649 485 1868 553 ἔδειξεν,

286 569 372 622 ὅτι
400 569 429 620 6
453 571 680 639 νεκροὺς
705 569 814 638 (77)
860 569 1138 635 ζωοποιῶν
1177 574 1272 626 καί⁸
1307 573 1406 644 τὴν
1450 574 1628 646 ψυχὴν
1673 576 1872 630 ἀνακα-

284 655 573 728 λούμενος,
609 657 788 728 πολλῷ
843 659 1039 729 μᾶλλον
1069 662 1136 714 τὰ
1165 662 1383 734 κρυπτὰ
1432 664 1646 718 πάντων
1692 669 1870 736 ἐπιγι-

286 750 510 814 νώσκει,
545 752 638 804 καὶ
658 751 920 819 ἐγίνωσκε
949 751 1050 804 ποῦ
1082 757 1258 806 κεῖται
1285 755 1551 826 Λάζαρος·
1583 756 1695 810 ἀλλ’
1717 758 1870 811 ἐπυν-

285 840 501 894 θάνετοο
539 841 709 895 ἐποίει
741 841 849 913 γὰρ
891 841 1000 914 (78)
1035 843 1129 896 καὶ
1170 843 1328 898 τοῦτο
1377 847 1406 898 6
1456 847 1718 916 πανάγιος
1773 849 1866 902 τοῦ

285 933 423 987 Θεοῦ
454 934 644 1002 Λόγος,
672 936 700 986 6
758 933 933 988 πάντα
981 935 1046 988 δι’
1077 936 1224 1005 ἡμᾶς
1266 936 1583 1008 ὑπομείνας,
1638 939 1726 992 ἵνα
1774 941 1868 994 καὶ

285 1024 432 1078 οὕτω
471 1025 572 1094 τὴν
632 1024 854 1092 ἄγνοιαν
902 1024 1060 1095 ἡμῶν
1114 1024 1404 1095 βαστάξας,
1454 1029 1742 1099 χαρίσηται
1778 1049 1866 1100 γι-

285 1113 520 1167 νώσκειν
546 1114 636 1166 τὸν
662 1114 820 1183 μόνον
845 1113 1036 1167 ἐαυτοῦ
1068 1114 1314 1186 ἀληθινὸν
1340 1117 1577 1186 Πατέρα,
1605 1119 1696 1170 καὶ
1741 1121 1866 1172 ἐαυ-

284 1208 379 1260 τὸν
403 1207 495 1260 τὸν
527 1207 760 1278 δι’ήμᾶς
791 1207 900 1277 (79)
954 1208 1045 1260 ἐπὶ
1079 1207 1321 1280 σωτηρίᾳ
1366 1209 1582 1262 πάντων
1629 1212 1867 1265 άποσταυ

281 1300 467 1366 λέντα,
493 1293 563 1370 ἧς
595 1299 791 1370 μείζων
817 1301 915 1352 οὐκ
943 1299 1007 1353 ἂν
1030 1299 1239 1368 γένοιτο
1271 1300 1447 1371 χάρις.
1483 1301 1647 1355 Ὅταν
1686 1304 1862 1357 τοίνυν

284 1392 382 1445 καὶ
411 1392 540 1462 περὶ
577 1385 652 1444 ὧν
687 1391 1110 1461 προφασίζονται
1164 1390 1342 1462 ῥητῶν
1392 1392 1524 1464 λέγῃ
1584 1397 1612 1448 ὁ
1649 1395 1858 1466 Σωτὴρ,

296 1483 506 1552 Ἐδόθη
526 1501 628 1552 μοι
658 1483 928 1550 ἐξουσία,
955 1485 1068 1548 καὶ,
1102 1483 1375 1548 Δόξαονόν
1403 1500 1519 1539 σου
1555 1485 1664 1540 τὸν
1703 1486 1858 1552 Υίόν,

279 1575 418 1646 λέγῃ
445 1592 508 1628 τε
531 1576 560 1628 6
599 1576 827 1644 Πέτρος,
883 1575 1084 1641 Ἐδόθη
1116 1575 1276 1641 αὐτῷ
1324 1576 1594 1640 ἐξουσία,
1624 1581 1689 1650 τῇ
1723 1579 1858 1651 αὐτῇ

277 1665 495 1736 διανοίᾳ
527 1665 698 1719 ταῦτα
725 1665 900 1719 πάντα
923 1663 1263 1737 γινώσκομεν
1296 1667 1431 1739 (80),
1471 1669 1551 1721 ὅτι
1582 1669 1857 1741 ἀνθρωπί-

277 1773 390 1820 νως
409 1756 500 1810 διὰ
521 1756 581 1808 τὸ
601 1757 759 1826 σῶμα
775 1757 945 1810 ταῦτα
999 1757 1176 1812 πάντα
1200 1758 1369 1826 λέγει.
1389 1737 1395 1739 ν
1414 1758 1489 1812 Οὐ
1541 1761 1651 1832 γὰρ
1673 1737 1860 1832 χρείαν
1890 1737 1933 1790 Β

278 1847 445 1916 ἔχων,
497 1848 648 1918 ὅμως
694 1849 856 1912 αὐτὸς
896 1849 971 1913 ὡς
1030 1849 1266 1920 εἰληφὼς
1313 1849 1528 1918 λέγεται
1572 1851 1680 1922 (81)
1718 1855 1859 1926 ἆπερ

277 1938 588 2010 ἐλάμϐανεν
619 1940 991 2008 ἀνθρωπίνως·
1023 1942 1108 1997 ἴνα
1139 1941 1321 2006 πάλιν,
1389 1944 1463 2006 ὡς
1518 1944 1610 1997 τοῦ
1653 1947 1857 2016 Κυρίου

274 2030 560 2096 λαϐόντος,
579 2032 672 2086 καὶ
699 2033 775 2096 ὼς
803 2034 880 2095 είς
897 2033 1057 2087 αὐτόν
1075 2035 1492 2106 ἀναπαυομένης
1520 2038 1619 2108 τῆς
1639 2038 1853 2104 δόσεως,

277 2123 478 2193 βεϐαία
517 2125 551 2194 ἠ
583 2124 740 2195 χάρις
763 2125 1013 2196 διαμείνῃ
1053 2126 1188 2196 (82).
1238 2127 1556 2198 Ἀνθρωπος
1592 2130 1690 2201 μὲν
1747 2130 1855 2202 γὰρ

277 2215 443 2285 μόνος
478 2214 769 2285 λαμϐάνων
796 2215 1019 2270 δυνατὸν
1073 2216 1184 2287 ἔχει
1232 2220 1325 2272 καὶ
1371 2219 1431 2273 τὸ
1469 2220 1850 2292 ἀφαιρεθῆναι·

274 2304 374 2357 καὶ
397 2303 557 2358 τοῦτο
593 2304 688 2356 ἐπὶ
723 2305 818 2358 τοῦ
881 2305 1054 2376 Ἀδάμ
1110 2307 1322 2379 ἐδείχθη
1343 2326 1358 2341 ο
1402 2309 1583 2364 λαϐὼν
1612 2310 1720 2383 γὰρ
1747 2313 1854 2365 άπ-

271 2396 501 2453 ὡλεσεν.
554 2397 670 2451 Ἵνα
716 2397 772 2450 δέ
799 2398 1161 2469 ἀναφαίρετος
1191 2402 1224 2470 ὴ
1253 2401 1413 2472 χάρις
1457 2402 1711 2474 γένηται,
1758 2406 1852 2458 καὶ

273 2488 473 2558 βεϐαία
513 2489 758 2561 φυλαχθῇ
813 2494 925 2554 τοῖς
983 2491 1305 2562 ἀνθρώποις,
1361 2494 1447 2548 διά
1497 2496 1654 2550 τοῦτο
1693 2499 1852 2562 αὐτὸς

275 2583 616 2637 ίδιοποιείται
646 2583 744 2656 τὴν
763 2583 927 2651 δόσιν,
964 2586 1056 2640 καὶ
1102 2587 1249 2656 λέγει
1277 2587 1524 2652 ἐξουσίαν
1551 2590 1847 2662 εἰληφέναι,

270 2675 348 2739 ὡς
369 2675 674 2747 ἄνθρωπος,
703 2679 770 2749 ἢν
794 2679 880 2731 ἀεὶ
910 2678 1021 2749 ἔχει
1045 2680 1120 2744 ὡς
1142 2679 1293 2744 Θεόςο
1322 2681 1416 2735 καὶ
1449 2681 1620 2752 λέγει,
1668 2684 1850 2749 Δόξα-

270 2769 393 2820 σόν
436 2784 534 2836 με,
589 2771 617 2822 6
649 2768 840 2832 ἄλλους
881 2768 1136 2836 δοξάζων,
1198 2772 1284 2824 ἵνα
1332 2771 1501 2846 δείξῃ,
1535 2775 1616 2827 ὅτι
1671 2775 1846 2848 σάρκα

268 2857 581 2929 χρῄζουσαν
606 2858 717 2930 ἔχει
737 2860 939 2914 τούτων
968 2861 1100 2931 (8'5).
1129 2862 1220 2915 Διὸ
1244 2863 1501 2934 κάκείνης
1553 2864 1842 2938 λαϐούσης,

270 2949 462 3021 ἐπειδὴ
515 2951 550 3020 ἡ
625 2949 862 3004 λαϐοῦσα
916 2952 974 3005 ἐν
1041 2953 1190 3023 αὐτῷ
1247 2954 1392 3020 ἐστι,
1450 2957 1545 3009 καὶ
1607 2959 1845 3031 προσλα-

1969 489 2236 558 rogabat:
2270 489 2343 542 ita
2387 487 2444 541 in
2485 486 2674 542 eadem
2715 495 2989 542 mortuum
3035 489 3316 556 excitavit,
3362 492 3540 546 omni-

1969 578 2180 649 busque
2222 588 2404 649 aperte
2437 578 2700 633 indicavit
2743 594 2868 634 eum
2901 579 2992 649 qui
3026 582 3261 638 mortuis
3284 584 3452 636 vitam
3483 589 3540 638 et

1970 669 2204 725 animam
2229 670 2486 734 restituit,
2532 670 2708 724 multo
2745 670 2918 740 magis
2957 685 3044 726 res
3080 687 3270 728 omnes
3296 674 3538 729 occultas

1968 761 2170 830 optime
2205 777 2384 816 nosse.
2436 760 2653 815 Sciebat
2684 760 2851 830 igitur
2895 761 2986 815 ubi
3028 760 3234 831 iaceret
3271 763 3534 832 Lazarus,

1967 849 2060 904 sed
2095 857 2279 904 tamen
2310 849 2618 905 sciscitatus
2648 858 2750 904 est.
2781 848 2838 905 Id
2867 861 3047 906 autem
3088 852 3215 908 fecit
3252 855 3537 910 sanctissi-

1966 955 2115 994 mum
2151 940 2244 994 Dei
2276 939 2534 1007 Verbum,
2562 940 2709 1010 quod
2738 942 2931 995 omnia
2961 941 3135 996 nostri
3161 958 3327 998 causa
3363 945 3534 998 susti-

1965 1031 2106 1095 nuit,
2141 1047 2264 1086 cum
2303 1041 2362 1085 ut
2393 1031 2496 1086 hoc
2527 1029 2692 1086 modo
2721 1040 2966 1085 nostram
3003 1033 3366 1102 ignorantiam
3406 1048 3534 1103 por-

1964 1129 2108 1183 tans,
2139 1121 2297 1174 nobis
2341 1121 2512 1175 solius
2549 1119 2664 1174 veri
2704 1121 2789 1174 sui
2828 1119 3006 1175 Patris
3039 1123 3402 1191 cognitionem
3429 1123 3534 1176 im-

1963 1211 2206 1281 pertiret,
2233 1223 2345 1266 tum
2373 1221 2432 1264 ut
2454 1227 2552 1266 nos
2575 1211 2795 1266 doceret
2827 1212 3062 1280 seipsum
3088 1221 3308 1282 propter
3334 1229 3436 1269 nos
3461 1213 3529 1269 ad

1962 1306 2205 1358 omnium
2256 1305 2483 1359 salutem
2539 1304 2768 1359 missum
2813 1318 2965 1372 esse,
3021 1320 3128 1374 qua
3172 1305 3341 1376 gratia
3385 1307 3533 1362 nulla

1963 1408 2107 1451 certe
2137 1396 2311 1466 major
2337 1397 2509 1466 possit
2539 1411 2679 1450 esse.
2713 1396 2810 1450 Illa
2847 1397 3008 1466 igitur
3039 1395 3336 1450 Salvatoris
3369 1399 3532 1454 verba

1961 1503 2080 1555 quae
2102 1486 2287 1540 Ariani
2319 1485 2608 1556 objiciunt,
2648 1485 2786 1538 Data
2830 1497 2907 1539 est
2955 1487 3342 1555 mihipolestas
3382 1489 3448 1552 ¹⁰,
3477 1497 3535 1543 et

1961 1575 2217 1645 Gloriﬁca
2250 1573 2453 1629 Filium
2495 1585 2644 1628 tuum
2679 1577 2744 1640 ¹¹,
2773 1584 2835 1630 ut
2871 1584 2923 1630 et
2966 1576 3112 1631 hunc
3154 1574 3300 1630 Petri
3329 1576 3530 1642 locum,

1959 1666 2101 1720 Data
2139 1677 2216 1721 est
2257 1667 2341 1720 illi
2375 1675 2628 1735 potestas,
2661 1666 2846 1720 eadem
2876 1681 3098 1735 prorsus
3126 1667 3337 1721 ratione
3363 1668 3534 1736 expli-

1961 1773 2169 1813 camus.
2215 1757 2455 1812 Dicimus
2496 1772 2692 1826 nempe
2733 1757 2835 1811 ista
2882 1758 3061 1810 omnia
3089 1767 3306 1827 propter
3332 1773 3532 1828 corpus

1959 1865 2084 1904 eum
2113 1850 2353 1904 humano
2376 1863 2527 1903 more
2549 1848 2718 1918 loqui.
2744 1846 2880 1901 Nam
2911 1848 3039 1902 licet
3062 1848 3207 1902 nulla
3235 1863 3294 1904 re
3325 1849 3532 1920 indige-

1960 1951 2060 2005 ret,
2096 1939 2370 2008 accepisse
2394 1949 2576 1994 tamen
2617 1937 2818 1992 dicitur
2857 1953 2980 2008 quae
3011 1946 3072 1992 ut
3103 1939 3269 1992 homo
3296 1938 3528 2008 accepit,

1958 2041 2016 2085 ut
2049 2031 2307 2086 nimirum
2329 2039 2588 2101 tanquam
2622 2029 2853 2084 Domino
2881 2031 3200 2100 accipiente,
3225 2043 3279 2086 et
3302 2030 3447 2085 dono
3472 2031 3527 2085 in

1958 2122 2076 2191 ipso
2114 2121 2447 2186 considente,
2486 2122 2699 2178 stabilis
2740 2121 2912 2192 gratia
2948 2130 3312 2191 permaneret.
3351 2120 3529 2176 Purus

1955 2213 2100 2266 enim
2142 2212 2430 2268 homo-his
2465 2228 2588 2282 qua:
2629 2212 2828 2281 accipit
2871 2212 3094 2281 spoliari
3118 2220 3311 2282 potest,
3349 2221 3412 2266 ut
3460 2230 3528 2266 ex

1953 2300 2161 2355 Adamo
2200 2300 2407 2355 clarum
2445 2310 2547 2364 est,
2586 2300 2679 2370 qui
2702 2299 2910 2355 scilicet
2943 2316 3063 2370 quae
3090 2311 3372 2370 acceperat
3405 2317 3530 2372 per-

1952 2391 2105 2446 didit.
2137 2392 2404 2458 Quocirca
2436 2401 2494 2446 ut
2519 2392 2689 2462 gratia
2719 2391 2922 2446 auferri
2956 2406 3064 2445 non
3087 2400 3272 2461 posset
3295 2408 3528 2463 eamque

1953 2491 2270 2537 constanter
2290 2481 2540 2536 homines
2564 2488 2971 2545 conservarent,
2997 2482 3276 2550 proprium
3309 2483 3399 2536 ille
3419 2484 3525 2538 sibi

1951 2575 2065 2629 vult
2105 2589 2228 2629 esse
2267 2573 2523 2628 collatum
2568 2573 2623 2626 in
2691 2586 2793 2627 nos
2849 2572 3205 2636 beneﬁcium;
3241 2587 3429 2642 seque,
3468 2583 3530 2628 ut

1951 2666 2224 2721 hominem
2259 2672 2576 2735 potestatem
2611 2662 2886 2732 accepisse
2911 2669 3162 2728 testatur,
3192 2677 3355 2731 quam
3386 2678 3529 2718 sem-

1947 2773 2044 2827 per
2070 2757 2307 2812 habetut
2332 2755 2496 2819 Deus,
2523 2762 2579 2810 et
2609 2755 2703 2820 ait,
2730 2753 2984 2823 Gloriﬁca
3007 2771 3104 2818 me,
3128 2757 3224 2825 qui
3255 2756 3389 2811 alios
3413 2757 3528 2826 glo-

1947 2849 2143 2915 rilicat,
2177 2857 2236 2902 ut
2262 2848 2520 2901 nimirum
2565 2860 2790 2901 carnem
2834 2847 2920 2901 his
2965 2846 3128 2900 rebus
3160 2854 3408 2916 egentem
3463 2863 3523 2902 se

1946 2940 2146 2994 habere
2171 2938 2523 3010 significaret.
2570 2935 2724 2992 Unde
2757 2938 2845 2990 illa
2895 2937 3224 3006 accipiente,
3273 2938 3524 3007 quando-

271 3040 383 3092 ϐὼν
430 3041 599 3113 αὐτὴν
627 3041 910 3114 ἄνθρωπος
964 3042 1214 3112 γέγονεν,
1262 3044 1337 3110 ὼς
1391 3048 1552 3112 αὐτὸς
1608 3028 1842 3120 εἰληφὼς

1955 3031 2159 3102 quidem
2184 3031 2299 3100 ipsa
2327 3029 2598 3099 accipiens
2619 3029 2674 3082 in
2702 3043 2768 3082 eo
2788 3037 3017 3098 est,.qua
3041 3041 3320 3098 assumpta
3349 3028 3525 3085 factus

265 3128 510 3201 λέγεται.

335 3309 427 3363 '59.
457 3309 522 3362 Εί
553 3310 649 3380 μὲν
671 3306 786 3375 οὖν,
834 3312 910 3376 ὡς
936 3313 1198 3379 πολλάκις
1242 3313 1476 3387 εἴρηται,
1520 3317 1582 3370 οὐ
1625 3319 1845 3387 γέγονεν

263 3399 556 3470 ἄνθρωπος
578 3401 608 3453 6
633 3402 822 3470 Λόγος,
845 3403 984 3457 ἔστω
1005 3404 1099 3459 τοῦ
1127 3406 1297 3474 Λόγου
1321 3407 1439 3460 καθ’
1469 3408 1612 3478 ὑμᾶς
1644 3408 1754 3478 (84)
1785 3410 1844 3461 τὸ

266 3490 478 3555 λαδεένν
505 3492 600 3543 καὶ
621 3491 684 3544 τὸ
706 3492 926 3563 χρῄζειν
985 3493 1162 3566 δόξης,
1205 3497 1298 3548 καὶ
1351 3497 1411 3550 τὸ
1460 3499 1671 3568 ἀγνοεῖν
1707 3499 1839 3570 (εδ)-

263 3584 314 3635 εί
355 3582 412 3635 δὲ
444 3583 668 3652 γέγονεν
715 3583 1018 3656 ἄνθρωπος·
1047 3586 1236 3654 γέγονε
1291 3589 1420 3660 γάρ’
1475 3590 1759 3660 ανθρώπου
1785 3591 1840 3643 δέ

262 3675 384 3725 ἐστι
404 3674 470 3726 τὸ
491 3673 696 3740 λαϐεῖν,
725 3676 818 3728 καὶ
848 3675 909 3728 τὸ
931 3677 1180 3748 χρῄζειν,
1199 3678 1294 3730 καὶ
1324 3678 1384 3730 τὸ
1412 3679 1644 3748 ἁγνοείψ
1676 3679 1764 3733 διὰ
1789 3681 1840 3732 τί

261 3763 355 3815 τὸν
378 3762 590 3817 διδόντα
618 3763 693 3826 ὡς
719 3763 1062 3835 λαμϐάνοντα
1095 3765 1406 3838 νομίζομεν,
1463 3769 1557 3822 καὶ
1603 3770 1692 3822 τὸν
1743 3769 1838 3824 ἄλ-

259 3851 379 3914 λοις
415 3850 750 3924 χορηγοῦντα
781 3853 968 3924 χρείαν
1013 3855 1156 3926 ἐχειν
1207 3857 1552 3929 ὑπονοοῦμεν,
1607 3861 1699 3912 καὶ
1748 3860 1838 3912 τὸν

262 3941 369 4012 μὲν
394 3942 568 4010 Λόγον
596 3944 909 4016 διαιροῦμεν
935 3947 1041 3999 ἀπὸ
1065 3948 1166 4002 τοῦ.
1190 3949 1426 4020 Πατρὸς,
1454 3950 1528 4013 ὡς
1548 3951 1709 4022 ἀτελῆ
1744 3954 1837 4005 καὶ

259 4032 455 4102 χρείαν
506 4031 717 4102 ἔχοντα,
775 4033 874 4104 τὴν
937 4035 994 4088 δὲ
1051 4035 1440 4108 ἀνθριιητάτητα
1479 4040 1577 4108 τῆς
1618 4040 1836 4110 χάριτος

259 4121 580 4192 ἐρημοῦμεν
607 4140 622 4188 ;
663 4122 724 4176 Ei
779 4123 888 4194 γὰρ
940 4123 1101 4187 αὐτὸς
1132 4125 1161 4176 6
1215 4125 1405 4193 Λόγος,
1501 4128 1673 4196 Λόγος
1696 4131 1832 4194 ἐστὶ,

259 4215 327 4266 δι’
357 4216 550 4268 ἑαυτόν
598 4219 712 4269 ἐστι
758 4217 940 4271 λαϐὼν
989 4219 1082 4272 καὶ
1119 4217 1410 4282 δοξασθεὶς,
1458 4222 1551 4273 καὶ
1597 4225 1644 4274 εί
1691 4225 1833 4277 ἐκεῖ-

257 4323 352 4368 νος
387 4305 496 4376 (86)
525 4305 662 4358 κατὰ
686 4306 783 4377 τὴν
811 4307 1047 4377 θεότητά..
1065 4307 1210 4364 ἐστιν
1233 4309 1261 4360 6
1282 4308 1562 4374 ἁγιασθεὶς
1593 4313 1686 4364 καὶ
1706 4313 1834 4366 ἀνα-

1949 3132 2033 3179 est-
2062 3123 2248 3188 homo,
2271 3121 2476 3176 idcirco
2500 3121 2657 3191 quasi
2687 3120 2803 3189 ipse
2833 3128 2976 3174 esset
2998 3120 3090 3189 qui
3115 3120 3406 3189 acciperet,
3440 3121 3524 3174 di-

1947 3215 2088 3268 citur
2110 3213 2375 3282 accipere.

2022 3305 2110 3359 39.
2136 3302 2192 3357 Si
2219 3304 2403 3373 igitur,
2426 3309 2485 3355 ut
2514 3301 2712 3370 saepius
2736 3301 2939 3354 dictum
2965 3308 3067 3363 est,
3102 3297 3336 3354 Verbum
3357 3300 3522 3356 homo

1945 3412 2055 3450 non
2081 3394 2282 3449 factum
2309 3404 2427 3448 est:
2449 3402 2566 3448 esto
2599 3392 2898 3447 secundum
2929 3406 3026 3445 vos
3055 3391 3333 3463 proprium
3355 3391 3519 3446 Verbi

1944 3487 2210 3555 accipere,
2242 3484 2411 3555 gloria
2457 3499 2636 3554 egere,
2659 3492 2712 3536 et
2750 3484 3023 3553 ignorare.
3067 3481 3172 3536 Sed
3202 3483 3249 3536 si
3277 3480 3516 3537 Verbum

1942 3578 2101 3650 467
2132 3577 2335 3632 factum
2363 3584 2447 3629 est
2471 3575 2654 3639 homo,
2680 3575 2760 3628 uti
2782 3590 2969 3628 revera
2994 3583 3097 3641 est,
3129 3575 3518 3644 propriumque

1941 3678 2012 3732 sit
2039 3677 2275 3731 hominis
2296 3674 2559 3742 accipere,
2590 3688 2748 3744 egere
2778 3682 2829 3726 et
2865 3673 3132 3741 ignorare,
3167 3685 3265 3724 cur
3295 3669 3512 3722 dantem

1939 3767 2098 3839 quasi
2128 3765 2488 3836 accipientem
2523 3764 2864 3835 cogitamus?
2902 3778 3000 3817 cur
3043 3762 3229 3826 illum,
3260 3760 3355 3830 qui
3389 3759 3511 3812 aliis

1939 3860 2250 3916 necessaria
2283 3857 2866 3929 suppeditat,indigere
2890 3853 3264 3923 suspicamur?
3291 3866 3389 3904 cur
3417 3850 3514 3902 de-

1938 3951 2103 4020 nique
2137 3948 2374 4004 Verbum
2417 3964 2448 4004 a
2484 3947 2644 4001 Patre
2675 3956 2734 4000 ut
2758 3942 3132 4014 imperfectum
3161 3951 3214 3996 et
3245 3953 3408 4010 egens
3428 3938 3512 3992 di-

1936 4042 2207 4105 vidimus,
2233 4041 2644 4108 humanumque
2681 4051 2852 4107 genus
2893 4035 3063 4106 gratia
3105 4034 3315 4103 privare
3343 4030 3510 4086 aude-

1937 4132 2096 4187 mus?
2125 4130 2411 4187 Enimvero
2438 4130 2483 4184 si
2508 4129 2686 4198 ipsum
2714 4125 2952 4180 Verbum
2979 4133 3249 4194 quatenus
3270 4121 3508 4177 Verbum

1936 4234 2040 4286 est,
2065 4237 2161 4292 per
2189 4236 2248 4275 se
2279 4221 2460 4290 ipsum
2495 4218 2795 4287 accepisset
2819 4225 2874 4271 et
2896 4214 3258 4285 glorificatum
3281 4213 3505 4268 fuisset:

1935 4313 2126 4370 siitcm
2145 4312 2441 4366 secundum
2461 4310 2821 4373 divinitatem,
2841 4307 3180 4361 sanctitatem
3219 4313 3362 4382 esset
3391 4304 3511 4358 ade-

259 4396 396 4459 στὰς
425 4397 555 4450 ποία
572 4400 684 4459 τοῖς
708 4396 1016 4469 ἀνθρώποις
1049 4398 1196 4450 ἐστὶν
1223 4397 1411 4463 ἐλπίς;
1448 4398 1676 4454 Μὲνουσι
1701 4403 1827 4476 γὰρ,

1955 4413 2108 4471 itum,
2141 4419 2204 4458 ac
2252 4403 2570 4468 revixisset;
2615 4416 2736 4470 quae
2770 4414 2920 4469 spes,
2947 4412 3130 4468 quaeso
3151 4436 3163 4460 ,
3197 4395 3508 4449 hominibus

335 4509 380 4540 ¹⁰
419 4507 612 4563 Matth.
643 4525 835 4577 xxvm,
872 4511 963 4567 18.
1038 4512 1078 4542 ¹¹
1120 4510 1277 4566 Joan.
1309 4528 1440 4580 xvn,
1475 4512 1527 4565 1.

331 4652 446 4724 (77)
486 4653 876 4724 Seguerianus,
908 4656 936 4707 6
969 4654 1180 4724 νεκρός,
1212 4655 1491 4709 mendose.
1523 4653 1830 4724 Moxiidem

253 4735 311 4781 et
346 4723 579 4794 Seguer.’
609 4723 826 4794 Gobler.
859 4734 912 4779 et
938 4723 1177 4780 Felckm.
1208 4726 1260 4790 1,
1301 4725 1518 4778 πάντων
1551 4723 1826 4793 γινώσκει.

254 4795 368 4848 Alii
399 4805 454 4848 et
479 4794 631 4859 editi,
664 4793 880 4847 πάντων
914 4795 1288 4863 ἐπιγινώσκει.

327 4863 444 4935 (78)
483 4863 724 4936 Uterque
752 4863 954 4936 Regius
983 4875 1038 4920 et
1075 4863 1463 4936 Seguerianus,
1497 4863 1668 4918 ἐποίει
1697 4863 1826 4934 γάρ.

253 4934 361 4988 Alii
394 4934 448 4989 et
475 4935 628 5000 editi,
661 4934 833 4987 ἐποίει
860 4934 937 4987 δέ.

328 5004 444 5073 (79)
486 5006 597 5076 Sic,
627 5004 830 5076 Regius
877 5005 1085 5074 primus
1116 5015 1168 5060 et
1203 5005 1591 5076 Seguerianus.
1634 5002 1826 5076 Crateri

252 5089 385 5150 vel?
427 5084 494 5150 e_t_
515 5074 676 5150 editi,
703 5073 955 5150 ᾀληθινὺν
984 5077 1148 5150 αὐτοῦ
1179 5073 1416 5150 Πατέρα,
1450 5076 1543 5150 καὶ
1571 5075 1732 5150 αὐτὸν
1754 5073 1825 5150 δι’

251 5146 422 5215 ἡμᾶς.
446 5143 566 5199 Mox
593 5143 1230 5215 editioCommeliniana,
1257 5143 1472 5200 πάντων
1497 5144 1828 5215 ἀποσταλέν-

251 5214 394 5287 των,
431 5217 710 5287 mendose.
761 5214 982 5287 Ibidem,
1016 5216 1145 5287 Reg.
1182 5219 1231 5283 1,
1262 5216 1488 5287 Seguer.
1520 5214 1740 5287 Gobler.
1771 5224 1826 5266 et

250 5284 512 5357 Felckm;
531 5285 580 5350 1,
606 5281 673 5355 ἦς
708 5283 926 5357 μείζων.
957 5286 1062 5339 Alii
1096 5281 1148 5341 ἐι
1175 5281 1428 5357 θᾶἱιὶξῆς
1455 5302 1535 5348 τις
1553 5284 1786 5357 Δμείζων-

323 5354 438 5424 (80)
480 5353 683 5426 Regius
712 5353 927 5426 primus
954 5367 1008 5410 et
1031 5353 1419 5426 Seguerianus,
1441 5353 1821 5425 γινώσκωμεν.

249 5424 419 5498 iidern
451 5424 596 5490 mox,
614 5425 783 5498 διὰτὸ
812 5425 970 5498 σῶμα
994 5424 1168 5480 πάντα
1199 5427 1364 5480 λαλεῖ.
1392 5424 1752 5481 Gobleriamis
1774 5433 1826 5477 et

249 5495 601 5549 Felckmanni
649 5496 854 5562 primus
886 5495 1081 5550 habent
1115 5499 1240 5551 item
1269 5498 1432 5551 λαλεῖ.

323 5564 439 5635 (81)
481 5565 573 5619 Sic
627 5576 854 5634 uterque
903 5565 1034 5635 Reg.
1063 5565 1226 5621 Basil.
1274 5568 1483 5635 Anglic.
1519 5564 1736 5635 Gobler.
1763 5572 1818 5616 ct

251 5634 494 5689 Fulckm.
529 5635 578 5689 1.
625 5635 694 5690 At
735 5636 900 5691 editio
931 5634 1382 5705 COmmeliniana,
1414 5636 1658 5706 λέγηται.
1693 5634 1814 5687 Mox

1933 4652 2292 4708 Goblerianus
2341 4658 2395 4703 et
2444 4648 2792 4718 Felckmanni
2848 4650 3076 4716 primus,
3126 4649 3396 4712 λαϐόντος,
3425 4649 3500 4713 ὡς

1935 4727 2016 4777 είς
2046 4722 2226 4774 αὐτόν.

1989 4741 2288 4914 ῗδέΐτῖἕοε.
2326 4788 2377 4851 1,
2410 4787 2651 4866 Seguer.
2690 4789 2900 4866 Gobler.
2937 4796 2990 4839 et
3032 4786 3268 4840 Felckm.
3304 4787 3358 4850 1,
3385 4787 3500 4841 δια-

1989 4877 2110 4914 εντι.
2155 4862 2354 4914 Ibidem
2390 4859 2548 4911 iidem
2579 4867 2635 4912 et
2661 4856 3047 4914 Sequertanus.
3081 4856 3365 4914 ἄνθρωπος
3400 4859 3498 4914 μὲν

1935 4856 2110 4933 μείνῃ.
2129 4930 2138 4933 _
2155 4856 2548 4933 Ibidemjidetn
2579 4867 2635 4912 et
2661 4856 3047 4933 Sgguerianus,
3067 4856 3381 4933 ,άνθρωποςμ
3399 4859 3498 4928 μὲν

1931 4919 2252 5014 multum;
2288 4929 2380 5014 ubi
2415 4926 2507 5014 allii
2544 4938 2608 5014 Et
2643 4919 3492 5014 edifioncommeliniaiia,.9690}

2003 4994 2114 5069 ('83)
2160 5000 2251 5054 Sic
2292 4998 2508 5069 Reg._t_,
2544 4997 2768 5065 Seguer.
2813 4995 3030 5051 Gobler.
3076 5005 3129 5050 et
3171 4994 3407 5062 Felckm.
3441 5002 3492 5051 1.

1929 5067 2122 5126 Atalii
2155 5081 2208 5124 et
2241 5069 2390 5129 editi,
2424 5067 2512 5121 διὰ
2543 5069 2718 5122 τοῦτο.

2001 5141 2115 5210 (84)
2155 5138 2640 5210 Basiljensis,~xa6'
2677 5137 2857 5210 ἡμᾶς,
2879 5134 3158 5210 mendose.

2002 5203 2112 5280 (85)
2152 5211 2242 5265 Sic
2285 5208 2429 5280 Reg.
2465 5213 2517 5280 1,
2555 5203 3039 5280 ξθίζυὲπηϐοὺιοτ.
3082 5214 3137 5280 et
3165 5203 3418 5280 Eelukm.
3441 5208 3488 5258 1.

1929 5275 2032 5336 Alii
2075 5275 2206 5335 vero
2251 5290 2305 5333 et
2351 5275 2516 5332 editio
2559 5275 3007 5336 Coinmeliniana.
3032 5275 3126 5327 καὶ
3153 5275 3213 5327 τὸ
3245 5277 3460 5344 ἀγνοεῖν

1927 5353 2016 5406 διὰ
2043 5353 2095 5404 τί
2120 5353 2211 5404 τὸν
2238 5349 2466 5410 διδόντα,
2490 5359 2618 5411 etc.,
2653 5347 2873 5402 omissis
2901 5345 3258 5401 intermediis.

2002 5422 2114 5492 (86)
2157 5421 2261 5492 Sic
2293 5419 2492 5492 Regius
2533 5419 2738 5492 primus
2773 5427 2826 5492 et
2871 5414 3256 5492 Seguerianus.
3297 5414 3400 5468 Alii
3436 5426 3488 5492 et

1923 5485 2074 5550 editi.
2096 5485 2215 5543 ’ἐστι
2254 5487 2564 5557 λαμϐάνων,
2597 5488 2689 5540 καὶ
2716 5487 2988 5552 δοξασθεὶς
3035 5485 3258 5557 ἐκεῖνος,
3286 5495 3390 5538 etc.
3419 5485 3488 5539 At

1924 5562 2281 5614 Goblcrianus
2301 5555 2352 5611 et
2372 5557 2719 5610 Felckmanni
2757 5559 2962 5624 primus
2992 5555 3268 5625 omittunt,
3285 5557 3482 5617 ἐκεῖνο,

1925 5630 2065 5685 κατὰ
2094 5631 2191 5701 τὴν
2219 5627 2449 5696 θεότητά
2473 5628 2617 5682 ἐστιν
2643 5629 2670 5680 6
2692 5624 2990 5695 ἁγιασθείς.
