3834 6220
403 304 500 357 till

971 307 1029 362 S.
1065 307 1443 365 ATllANASll
1475 311 1628 370 OPP.
1669 312 1853 370 PARS
1899 314 1941 371 l.
1980 346 2051 357 —
2091 317 2465 378 HISTORICA
2504 323 2594 378 ET
2634 325 3064 386 DOGMATICA-

3545 336 3656 392 ll“!

403 428 599 484 statur,
626 420 797 488 gratia
830 432 1007 476 tamen
1021 432 1073 478 et
1089 426 1262 480 virtus
1282 424 1446 482 Verbi
1473 438 1573 484 est.
1594 429 1778 500 Itaque
1800 431 1969 488 Patris

2076 435 2152 507 τῷ
2184 438 2359 511 Λόγῳ,
2390 441 2558 514 ἀλλ’ή
2584 443 2744 515 χάρις
2784 447 2880 502 καὶ
2926 451 2959 520 ἡ
2997 449 3223 520 δύναμίς
3267 451 3385 504 ἐστι
3433 452 3658 508 τοῢΛό-

405 525 570 576 opera
600 525 694 579 per
715 525 933 566 carnem
962 512 1246 582 elliciebat,
1273 515 1369 569 sed
1411 517 1769 576 nihilominus
1793 522 1974 578 carnis

404 598 716 656 allectiones
758 601 810 654 in
840 601 933 655 illo
961 604 1379 674 exhibebantur,
1409 617 1468 662 ut
1505 625 1628 664 cum
1669 613 1974 669 sciscitatus

403 699 507 748 est.
535 699 588 744 et
621 688 884 745 Lazarum
910 693 976 746 ad
1004 693 1170 748 vitam
1195 699 1471 753 revocavit
1495 717 1509 754 :
1542 716 1666 755 cum
1698 701 1827 756 item
1858 719 1975 758 ma-

406 787 539 832 trem
571 781 718 835 hisee
749 783 929 838 verbis
960 785 1278 856 increpavit,
1314 787 1567 844 Nondum
1596 795 1728 847 venit
1758 795 1972 863 hora",

401 880 456 923 et
495 884 673 927 tamen
717 877 974 930 continuo
1015 894 1210 948 aquam
1245 880 1299 934 in
1341 881 1526 936 vinum
1559 887 1848 940 convertit.
1885 885 1973 942 Si-

402 963 619 1031 quidem
671 982 830 1023 verus
859 968 1004 1024 Deus
1045 971 1098 1024 in
1145 987 1329 1035 carne,
1367 985 1420 1027 et
1451 990 1576 1029 vera
1615 991 1744 1031 caro
1766 988 1882 1032 erat
1917 979 1974 1033 in

402 1055 601 1113 Verbo.
630 1061 839 1115 Idcirco
861 1078 927 1116 ex
957 1064 1215 1132 operibus
1259 1064 1478 1133 quidem
1522 1081 1581 1120 se
1615 1066 1810 1121 Filium
1855 1067 1970 1134 Dei,

401 1165 671 1221 suumque
693 1155 1009 1210 ostendebat
1032 1155 1244 1211 Patrem
1276 1177 1292 1212 :
1315 1159 1411 1213 sed
1436 1174 1500 1212 ex
1527 1160 1707 1215 carnis
1732 1161 1972 1216 allectio-

403 1241 564 1297 nibus
609 1259 667 1297 se
708 1261 893 1298 verum
943 1261 1142 1315 corpus
1176 1247 1395 1316 habere,
1424 1249 1664 1318 illudque
1692 1251 1969 1319 praprium

401 1335 486 1388 sui
513 1351 634 1390 esse
661 1338 939 1405 probabat.

472 1427 560 1480 42.
586 1427 718 1494 Qum
750 1446 873 1485 cum
902 1432 973 1486 ita
997 1431 1125 1495 sint,
1151 1431 1284 1500 jam,
1314 1432 1358 1487 si
1392 1432 1588 1502 placet,
1614 1433 1759 1488 hunc
1788 1435 1970 1488 locum

400 1522 790 1590 expendamus,
817 1524 895 1578 De
923 1526 1008 1578 die
1043 1537 1220 1579 autem
1254 1526 1349 1579 illa
1383 1529 1460 1578 vel
1493 1526 1625 1578 liora
1665 1543 1815 1579 nemo
1849 1528 1969 1588 scit,

401 1627 560 1682 neque
595 1615 768 1682 angeli
795 1631 956 1683 neque
995 1614 1172 1668 Filius
1197 1617 1264 1669 ".
1297 1615 1374 1668 Illi
1410 1616 1556 1670 enim
1594 1616 1740 1670 hisce
1763 1616 1816 1669 in
1848 1631 1971 1669 ver-

400 1701 506 1767 bis,
537 1718 847 1772 quanquam
883 1705 968 1759 hic
994 1705 1166 1775 ignari
1202 1706 1494 1759 admodum
1525 1714 1578 1759 et
1609 1707 1757 1772 caici,
1781 1712 1973 1761 certis-

400 1795 598 1851 simum
646 1811 757 1850 suae
805 1798 1023 1853 haeresis
1071 1807 1453 1868 argumentum
1499 1799 1795 1853 consistere
1836 1799 1978 1853 arbi-

398 1896 634 1940 trantur.
683 1887 792 1957 Ego
841 1903 971 1942 vero
1009 1905 1132 1943 cum
1180 1891 1464 1944 haereticos
1512 1891 1626 1943 haec
1655 1889 1966 1955 obtendere,

397 1976 702 2048 iisdemque
746 1993 865 2034 sese
911 1981 1181 2035 instruere
1203 1983 1504 2052 conspicio,
1550 1982 1793 2054 gigantes
1836 1983 1968 2036 mihi

395 2068 579 2124 videre
605 2069 789 2125 videor
813 2071 904 2140 qui
934 2071 1100 2143 469
1122 2089 1341 2128 rursum
1377 2073 1577 2128 bellum
1607 2073 1718 2128 Deo
1769 2073 1969 2129 inferre

395 2161 648 2216 audeant.
688 2161 892 2234 Nempe
922 2165 1044 2219 coeli
1085 2174 1138 2218 et
1182 2174 1339 2220 terrae
1371 2164 1655 2227 Dominus,
1680 2182 1774 2236 per
1803 2181 1968 2236 quem

393 2253 573 2307 omnia
606 2253 743 2309 facta
776 2266 923 2322 sunt,
949 2257 1146 2312 abillis
1179 2259 1246 2313 de
1277 2259 1365 2313 die
1392 2267 1445 2312 et
1471 2259 1602 2312 hora
1637 2259 1726 2312 illa
1755 2259 1970 2328 judica-

393 2353 485 2400 tur
513 2365 525 2400 :
554 2355 609 2401 et
642 2345 876 2402 Verbum
906 2350 994 2403 cui
1025 2351 1208 2403 omnia
1244 2359 1371 2403 nota
1394 2360 1544 2415 sunt,
1576 2350 1643 2404 ab
1678 2351 1783 2404 illis
1805 2366 1969 2405 accu-

393 2447 547 2492 satur
585 2447 838 2508 tanquam
888 2441 978 2510 qui
1025 2441 1166 2496 diem
1204 2442 1354 2495 illum
1382 2442 1635 2512 ignoret:
1669 2441 1842 2498 Filius
1873 2442 1967 2498 de-

393 2528 559 2597 nique
573 2530 665 2598 qui
687 2529 898 2597 Batrem
916 2531 1090 2600 ipsum
1110 2535 1408 2601 cognoscit,
1428 2534 1532 2586 diei
1552 2535 1738 2587 horam
1759 2535 1968 2589 nescire

394 2619 631 2684 dicitur;
657 2622 854 2689 quibus
884 2623 1012 2691 quid
1045 2624 1263 2679 stultius
1285 2624 1410 2688 dici,
1444 2625 1525 2677 vel
1551 2639 1672 2694 quze
1695 2639 1794 2694 par
1818 2625 1967 2680 insa-

394 2712 484 2765 nia
535 2714 709 2780 possit
753 2716 919 2767 esse?
967 2714 1069 2768 Per
1107 2715 1341 2769 Verbum
1397 2717 1579 2770 omnia
1627 2716 1767 2771 facta
1817 2725 1965 2782 sunt,

395 2814 657 2874 tempora,
685 2816 1051 2875 tempestates,
1080 2823 1207 2873 nox,
1235 2809 1371 2872 dies,
1401 2824 1486 2862 res
1508 2825 1696 2863 omnes
1721 2817 1919 2886 creata:
1950 2828 1963 2864 :

394 2906 449 2950 et
480 2907 655 2950 tamen
695 2899 895 2967 opifex,
927 2915 1065 2968 opus
1096 2901 1296 2954 dicitur
1327 2901 1618 2970 ignorare?
1652 2899 1812 2956 Certe
1834 2901 1963 2977 ipsa

393 2986 642 3041 lectionis
665 2989 833 3042 series
869 2990 1060 3044 horam
1094 3001 1147 3044 et
1178 2992 1318 3046 diem
1357 2993 1503 3046 illam
1532 3010 1560 3046 a
1594 2993 1731 3047 Filio
1761 2993 1854 3047 Dei
1875 3011 1967 3049 co-

394 3080 580 3144 gnosci
599 3080 776 3146 docet,
796 3092 997 3150 quantu
1009 3084 1144 3137 nivis
1158 3084 1389 3140 Arianos
1411 3086 1713 3155 praecipites
1729 3096 1851 3156 agat
1867 3102 1964 3141 sua

394 3171 636 3224 inscitia.
677 3171 957 3241 Siquidem
993 3175 1080 3228 ille
1107 3176 1200 3244 qui
1227 3176 1382 3242 dixit,
1415 3194 1573 3248 neque
1606 3177 1802 3244 Filius,
1829 3179 1967 3232 idem
1996 3157 2039 3214 θ

396 3263 515 3333 ipse
547 3264 831 3333 discipulis
861 3283 981 3335 quae
1009 3267 1152 3321 diem
1199 3268 1348 3321 illum
1399 3268 1719 3323 antecedere
1744 3269 1973 3324 debeant

393 3360 667 3410 errarravit
683 3357 950 3426 ejusmodi
973 3361 1152 3415 verbis
1174 3361 1215 3391 ’⁷
1243 3379 1256 3414 :
1287 3361 1407 3415 Haec
1423 3369 1474 3415 et
1493 3363 1607 3416 hac
1626 3361 1807 3417 futura
1824 3372 1970 3426 sunt,

393 3452 590 3507 deinde
639 3464 893 3523 sequetur
944 3456 1084 3510 ﬁnis.
1123 3457 1288 3526 Atqui
1344 3458 1434 3511 ille
1477 3459 1572 3526 qui
1606 3473 1669 3512 ea
1704 3474 1826 3528 qua:
1867 3459 1971 3512 diei

393 3545 472 3599 iiii
509 3557 847 3604 praecurrunt
874 3549 1043 3614 novit,
1077 3549 1217 3602 diem
1246 3550 1680 3619 quoqueipsum,
1712 3550 1806 3620 qui
1835 3565 1974 3618 pra:—

394 3637 544 3692 dicta
593 3649 676 3694 est
716 3649 1023 3704 seculurus,
1065 3642 1185 3696 sine
1239 3642 1405 3695 dubio
1453 3643 1730 3712 cognitum
1784 3640 1966 3694 habet.

394 3728 640 3800 Namque
663 3732 707 3786 si
740 3733 927 3787 horam
964 3733 1110 3787 illam
1150 3748 1258 3786 non
1298 3743 1504 3798 nosset,
1535 3748 1710 3802 neque
1747 3747 1810 3786 ea
1848 3746 1969 3799 qua:

395 3822 568 3892 "ipsam
599 3826 924 3880 antecedunt
959 3836 1142 3895 posset
1166 3825 1492 3895 signiﬁcare,
1523 3833 1713 3895 utpote
1743 3825 1968 3894 ignarus

395 3917 742 3986 quandonam
776 3916 956 3972 futura
987 3919 1074 3972 illa
1099 3918 1233 3972 hora
1263 3927 1429 3973 esset.
1467 3918 1758 3971 Enimvero
1779 3931 1968 3986 quem-

397 4009 686 4064 admodum
717 4010 762 4064 si
788 4012 908 4078 quis
940 4011 1161 4064 domum
1203 4010 1288 4064 vel
1315 4011 1503 4064 urbem
1540 4009 1778 4079 aliquam
1813 4008 1967 4078 igno-

396 4101 643 4156 rantibus
675 4101 915 4156 indicare
959 4103 1169 4167 volens,
1204 4117 1266 4156 ea
1299 4118 1419 4171 quae
1465 4110 1593 4155 ante
1629 4102 1852 4156 domum
1879 4100 1963 4154 vel

469 4215 516 4246 ¹⁸
553 4213 708 4270 Joan.
741 4231 802 4278 ιι.
836 4216 890 4270 4.
967 4217 1013 4246 ’⁸
1049 4215 1215 4271 Marc.
1253 4233 1372 4283 xm,
1404 4216 1494 4270 52.
1569 4217 1612 4248 ’⁷
1653 4215 1844 4270 Matth.
1878 4231 2027 4270 xxrv.

470 4329 546 4396 (7)
587 4329 678 4384 Sic
709 4329 907 4400 Regius
939 4333 1148 4400 primus
1193 4340 1246 4384 et
1274 4331 1661 4400 Seguerianus,
1689 4340 1748 4384 ut
1778 4341 1832 4400 et
1863 4331 1963 4384 ha-

396 4401 555 4486 betur
585 4401 636 4454 in
670 4397 1038 4486 thunGr‘aago
1067 4397 1379 4486 Scriptnraf.
1404 4401 1507 4454 Alii
1532 4409 1588 4486 et
1604 4397 1962 4486 edim-ﬁliis»
1991 4407 2042 4460 1;)
2075 4397 2276 4486 Regius
2325 4401 2534 4486 prim'us
2581 4411 2635 4486 et
2666 4398 3052 4486 segucrianus,

398 4470 517 4522 Mox
550 4481 774 4540 uterque
807 4470 940 4537 Reg.
972 4469 1435 4540 Seguer.’Gobler.
1466 4480 1518 4525 et
1551 4469 1728 4526 Felck.
1756 4469 1962 4540 1,0111-

397 4540 659 4624 (θὴςισάρξ
687 4539 766 4624 ἦν.
781 4543 838 4594 ἐν
867 4541 942 4612 τῷ
972 4539 1151 4612 Λόγῳ.
1180 4540 1369 4598 Cancri
1397 4551 1451 4596 et
1478 4541 1628 4605 editi,
1667 4541 1874 4613 ἀληθὴς
1896 4539 1964 4614 ἦν

396 4612 428 4681 ἡ
462 4611 595 4682 σὰρξ
625 4614 680 4664 ὲν
701 4611 799 4683 τῷ.
920 4611 923 4612 ν
1105 4611 1110 4612 ⁷

469 4681 544 4753 (8)
586 4681 788 4753 Regius
823 4682 1052 4750 primus,
1083 4681 1210 4753 Υἱδν
1239 4681 1332 4734 τοῦ
1370 4680 1526 4753 Θεοῐξ.

470 4752 546 4821 (il)
590 4750 686 4805 Sic
714 4756 919 4821 primus
960 4753 1126 4806 codex
1157 4751 1357 4817 Regius
1390 4761 1444 4805 et
1478 4751 1864 4821 Seguerianus.
1906 4761 1968 4806 ut

396 4818 901 4901 {at-Nanniuilegit.
926 4821 1028 4901 Alii
1051 4823 1310 4901 editiquﬁe,
1342 4823 1476 4901 Περ).
1506 4818 1855 4901 δὲήτῆς-ὥρας
1875 4823 1967 4901 ού-

393 4891 524 4963 δείς.
551 4890 672 4963 Mox
700 4889 901 4963 Regius
929 4892 1138 4961 primus
1163 4889 1217 4963 et
1247 4889 1649 4963 Segue'rianus,
1671 4889 1839 4944 Τοῦτο
1868 4892 1967 4963 μὲν

393 4962 503 5050 γὰρ
533 4961 1063 5050 μεγάλωςμάλιστα.
1097 4962 1203 5016 Alii
1236 4972 1291 5016 et
1321 4961 1471 5028 editi,
1511 4962 1682 5015 Τοῦτο
1713 4963 1821 5034 γὰρ
1858 4961 1965 5033 μά·-

393 5031 551 5085 λιστα
589 5031 858 5102 μεγάλως.
1793 5031 1803 5034 ’
1862 5031 1871 5033 “

466 5102 583 5174 (10)
627 5103 832 5174 Regius
849 5102 1070 5174 primus
1112 5111 1167 5157 et
1212 5101 1760 5174 Seguerianus,’Eytb
1788 5103 1846 5174 δὲ
1873 5103 1967 5174 καὶ

397 5172 571 5226 τοῦτο
598 5172 1100 5244 προῲασιζομένους
1126 5175 1251 5236 τοὺς
1276 5173 1600 5240 αἱρετικούς,
1632 5173 1851 5228 omissis
1885 5173 1968 5225 in-

399 5243 694 5296 termediis.
728 5244 1060 5296 Anglicanus
1101 5240 1461 5296 antem.’EY(b
1491 5243 1547 5296 δὲ
1585 5243 1679 5296 καὶ
1711 5245 1767 5294 ὲν
1793 5242 1966 5296 τούτω

399 5253 694 5298 termedits.
728 5253 1060 5311 Anglicanus
1101 5253 1302 5306 autem,
1323 5253 1461 5311 Ἐγώ
1491 5253 1547 5296 δε
1585 5253 1679 5296 καὶ
1711 5253 1767 5294 εν
1793 5253 1965 5313 τούτῳ

400 5313 1252 5395 παρασκευαζομένους-..θυιἱδέδιε
1299 5313 1431 5395 item
1465 5313 1832 5395 intermediis;
1847 5315 1965 5395 (3a;-

399 5382 498 5436 teri
547 5392 600 5437 et
641 5382 947 5452 editi,’Eyc‘u
991 5383 1047 5437 δὲ
1091 5385 1183 5437 καὶ
1234 5385 1290 5437 έν
1343 5383 1518 5453 τούτῳ
1559 5382 1964 5454 προφισλςρμέ-

410 5461 721 5593 Ιοὶξῖἶῖιὲίο
751 5534 979 5591 uterque
1006 5523 1208 5593 Regius
1235 5531 1289 5578 et
1320 5522 1705 5593 Seguerianus.
1736 5522 1841 5576 Alii
1875 5539 1967 5578 ve»

401 5609 466 5648 ro
491 5602 544 5646 et
567 5593 718 5658 editi,
746 5594 839 5646 καὶ
875 5596 903 5646 0
930 5595 1124 5650 πάντα.

471 5663 582 5730 (12)
616 5662 715 5735 Sic
761 5672 989 5733 uterque
1041 5664 1240 5735 Regius
1287 5673 1339 5719 et
1387 5663 1768 5734 Seguerianus.
1803 5666 1871 5718 At
1912 5666 1963 5718 in

403 5731 736 5804 Segueriauo
761 5743 881 5804 post
902 5731 1071 5801 εἴποι,
1101 5731 1316 5792 additur
1348 5731 1568 5803 τούτων,
1611 5736 1756 5807 quod
1781 5737 1833 5791 in
1863 5735 1967 5791 Re-

2078 544 2197 597 γου.
2216 531 2298 585 Τὰ
2318 533 2448 600 γοῦν
2467 534 2602 606 ἔργα
2633 538 2727 591 τοῦ
2754 541 2965 612 Πατρὸς
2991 541 3077 595 διὰ
3099 543 3200 613 τῆς
3229 545 3428 616 σαρκὸς
3455 546 3651 602 ἐποίει·

2079 623 2173 677 καὶ
2195 624 2344 678 οὐδὲν
2379 621 2541 700 ἦττον
2572 629 2734 682 πάλιν
2764 631 2833 684 τά
2855 633 3002 704 πάθη
3024 634 3122 704 τῆς
3156 636 3356 706 σαρκὸς
3381 637 3657 694 ἐδείκνυτο

2078 711 2136 766 ὲν
2165 715 2328 786 αὐτᾷ),-
2364 711 2472 770 οἷον
2504 719 2830 775 ἐπυνθάνετο
2859 725 2953 776 καὶ
3010 725 3194 796 ἤγειρε
3226 726 3494 798 Λάζαρον,
3548 729 3656 782 έπ-

2079 801 2309 872 έπληττε
2324 809 2388 877 τῇ
2413 809 2600 878 μητρὶ,
2623 807 2812 878 λέγων·
2837 812 3010 864 Οὔπω
3036 812 3167 879 ἣκει
3201 814 3273 884 (7)
3306 815 3343 881 ἡ
3372 815 3493 883 ὥρα
3504 835 3650 884 μου,

2078 895 2173 946 καὶ
2201 895 2361 961 εὐθὺς
2386 899 2448 951 τὸ
2482 898 2622 972 ὕδωρ
2645 897 2784 955 οἶνον
2831 904 3021 957 ἐποίει.
3066 906 3338 977 Ἀληθινὸς
3378 908 3487 978 γὰρ
3517 908 3653 973 Θεδς

2076 986 2144 1060 ἦν
2177 992 2234 1042 ὲν
2265 993 2333 1061 τῇ
2361 994 2544 1063 σαρκὶ,
2605 994 2697 1047 καὶ
2736 994 2938 1065 ἀληθὴς
2990 997 3124 1068 σὰρξ
3170 995 3238 1070 ἦν
3265 1000 3321 1052 έν
3363 1001 3438 1070 τῷ
3467 1002 3649 1072 Λόγῳ.

2078 1082 2175 1135 Διὰ
2199 1082 2355 1135 τοῦτο
2387 1085 2450 1136 ἐκ
2482 1084 2580 1154 μὲν
2603 1084 2710 1137 τῶν
2732 1084 2906 1156 ἔργων
2959 1088 3249 1158 ἐγνώριζεν
3283 1093 3472 1145 ἑαυτὸν
3520 1094 3654 1147 Υίόν

2076 1190 2136 1225 τε
2156 1173 2249 1226 τοῦ
2278 1173 2411 1226 Θεοῦ
2438 1175 2537 1245 (8),
2566 1177 2659 1231 καὶ
2685 1177 2775 1230 τὸν
2830 1179 3020 1232 ἑαυτοῦ
3052 1181 3290 1253 Πατέρα·
3339 1185 3403 1236 ἐκ
3427 1184 3484 1236 δὲ
3537 1184 3652 1237 τῶν

2076 1264 2176 1334 τῆς
2199 1266 2396 1335 σαρκὸς
2418 1266 2602 1320 παθῶν
2626 1268 2912 1334 ἐδείκνυεν,
2930 1271 3011 1324 ὅτι
3035 1271 3228 1342 ἀληθὲς
3256 1274 3437 1344 ἐφόρει
3464 1275 3650 1347 σῶμα,

2078 1355 2170 1408 καὶ
2197 1355 2323 1408 ἴδιον
2347 1353 2413 1427 ἦν
2444 1358 2606 1410 αὐτοῦ
2631 1358 2809 1412 τοῦτο.

2146 1448 2236 1501 42)..
2275 1449 2488 1501 Τούτων
2552 1449 2721 1513 οὕτως
2784 1451 2974 1517 ὄντων,
3036 1453 3172 1520 τρέφε
3231 1454 3324 1506 καὶ
3368 1454 3452 1516 τὸ,
3508 1455 3652 1524 Περὶ

2076 1540 2144 1592 δὲ
2177 1539 2281 1608 τῆς
2307 1541 2528 1609 ἡμέρας
2583 1543 2678 1595 καὶ
2730 1542 2841 1610 τῆς
2871 1543 3026 1613 ὥρας
3074 1546 3277 1612 οὐδεὶς
3460 1545 3647 1613 οἶδεν,

2077 1632 2218 1685 οὐδὲ
2245 1635 2298 1685 οἱ
2322 1632 2579 1702 ἄγγελοι,
2609 1634 2751 1688 οὐδὲ
2779 1639 2811 1689 ὁ
2841 1636 3456 1710 Υἱὸς,διερευνήσωμεν.
3478 1639 3655 1693 Τοῦτο

2080 1720 2180 1790 μὲν
2203 1720 2312 1790 γὰρ
2342 1720 2590 1790 μεγάλως
2621 1722 2853 1793 μάλιστα
2877 1725 3260 1796 ἀγνοήσαντες,
3278 1727 3373 1780 καὶ
3395 1729 3453 1780 ὲν
3473 1727 3652 1799 τούτῳ

2010 1805 2051 1860 Β
2081 1807 2530 1872 σκοτοδινιῶντες,
2588 1811 2827 1882 μεγάλην
2878 1811 3185 1882 νομίζουσιν
3224 1812 3364 1882 ἔχειν
3395 1815 3452 1865 έν
3472 1811 3653 1883 τούτῳ

2075 1901 2346 1971 πρόφασιν
2372 1899 2472 1970 τῆς
2510 1900 2773 1969 αἱρέσεως
2806 1899 3006 1953 αὐτῶν.
3064 1899 3204 1967 Ἐγὼ
3248 1899 3305 1951 δὲ
3362 1901 3453 1952 καὶ
3490 1899 3654 1952 τοῦτο

2075 1989 2577 2063 προφασιζομένους
2630 1991 2825 2053 αὐτοὺς
2889 1990 3024 2060 (10),
3069 1992 3160 2043 καὶ
3208 1993 3265 2043 ὲν
3320 1991 3492 2061 τούτῳ
3544 2009 3654 2045 πα-

2078 2081 2576 2155 ρασκευαζομένους
2599 2083 2722 2144 τοὺς
2744 2082 3070 2152 αἱρετικοὺς,
3117 2081 3192 2144 ὡς
3218 2081 3342 2144 τοὺς
3363 2083 3649 2150 γίγαντας,

2075 2174 2233 2228 πάλιν
2283 2174 2682 2244 θεομαχοῦντας
2733 2173 2926 2238 αὐτοὺς
2965 2173 3096 2244 ὁρῶ.
3133 2173 3191 2226 ⁸0
3251 2171 3360 2245 γάρ
3416 2173 3649 2244 ούρανοῦ

2074 2267 2169 2320 καὶ
2195 2266 2299 2336 γῆς
2326 2265 2549 2338 Κύριος,
2584 2267 2650 2319 δι’
2683 2257 2744 2318 οὗ
2790 2265 2858 2318 τὰ
2909 2266 3085 2319 πάντα
3133 2265 3346 2334 γέγονε,
3403 2265 3652 2336 κρίνεται

2075 2361 2202 2430 παρ’
2234 2361 2416 2424 αὐτοῖς
2473 2361 2603 2431 περὶ
2657 2361 2872 2431 ἡμέρας
2918 2361 3011 2412 καὶ
3047 2359 3214 2431 ὥρας·
3240 2361 3381 2414 καὶό
3408 2360 3477 2413 τὰ
3514 2361 3653 2412 πάν-

2073 2469 2140 2506 τοι
2163 2453 2271 2522 (li)
2302 2452 2584 2522 γινώσκων
2625 2452 2794 2520 Λόγος
2839 2455 3222 2522 κατηγορεῖται
3271 2455 3398 2524 παρ’
3443 2453 3648 2516 αὐτῶν,

2073 2547 2147 2609 ὡς
2169 2545 2376 2614 ἀγνοῶν
2423 2545 2551 2616 περὶ
2599 2543 2829 2614 ἡμέρας
2868 2543 2961 2596 καὶ
3008 2544 3036 2594 0
3075 2542 3357 2612 γινώσκων
3400 2544 3527 2606 Tib;
3555 2545 3651 2596 τὸν

2073 2637 2289 2707 Πατέρα
2316 2634 2529 2703 λέγεται
2562 2635 2772 2702 ἀγνοεῖν
2815 2633 3023 2704 ἡμέρας
3067 2633 3233 2704 ὤραν
3282 2627 3356 2686 ὧν
3385 2635 3434 2686 τί
3467 2634 3532 2686 ἂν
3565 2635 3649 2698 τίς

2073 2727 2465 2798 ἁφρονέστερον
2496 2725 2639 2778 εἴποι
2668 2725 2799 2795 (l2),
2840 2725 2872 2796 ἢ
2913 2725 3068 2778 ποίαν
3108 2726 3189 2788 τίς
3231 2727 3439 2789 τούτοις
3465 2726 3651 2790 ἐξισώ-

2075 2836 2156 2871 σοι
2185 2818 2414 2888 μανίαν;
2446 2817 2545 2870 Διά
2595 2817 2688 2869 τοῦ
2735 2818 2905 2884 Λόγου
2951 2817 3140 2885 γέγονε
3195 2816 3262 2869 τὰ
3321 2819 3517 2884 πάντα,
3553 2817 3651 2871 καὶ

2072 2911 2272 2982 χρόνοι,
2308 2911 2400 2963 καὶ
2434 2910 2633 2980 καιροὶ,
2663 2910 2756 2962 καὶ
2805 2908 2920 2974 νὺξ,
2975 2910 3069 2962 καὶ
3105 2911 3306 2981 ἡμέρα,
3359 2912 3452 2965 καὶ
3496 2913 3649 2964 πᾶσα

2073 3005 2105 3074 ἡ
2135 3002 2330 3066 κτίσις,
2355 3002 2448 3055 καὶ
2473 3002 2685 3070 ἀγνοεῖν
2711 3004 2739 3054 0
2764 3001 3090 3072 δημιουργὸς
3123 3002 3182 3054 τὸ
3233 3001 3360 3075 ῖτοίη
3369 3021 3442 3072 μα
3492 3003 3652 3070 λέγε-

2072 3112 2194 3161 ται;
2221 3096 2316 3148 καὶ
2352 3094 2512 3156 αὐτὸς
2544 3093 2640 3164 μὲν
2661 3088 2752 3146 οὖν
2785 3095 2812 3146 ὁ
2857 3095 3046 3164 εἱρμὸς
3089 3093 3183 3146 τοῦ
3219 3093 3650 3165 ἀναγνώσματος

2072 3189 2340 3242 δείκνυσιν
2366 3186 2559 3240 εἰδέναι
2586 3186 2674 3238 τὸν
2702 3186 2830 3238 Υἱδν
2875 3186 2968 3238 τοῦ
3017 3186 3151 3240 Θεοῦ
3201 3186 3298 3258 τὴν
3343 3188 3514 3259 ὥραν,
3551 3187 3650 3241 καὶ

2069 3281 2168 3352 τὴν
2201 3279 2433 3351 ἡμέραν,
2495 3277 2597 3332 κᾶν
2627 3279 2676 3330 0i
2720 3278 2989 3349 Ἀρειανοὶ
3039 3282 3104 3350 τῇ
3170 3281 3364 3351 ἀγνοίᾳ
3410 3283 3650 3334 καταπίν-

2071 3389 2294 3424 πτωσιν.
2319 3368 2569 3441 Εἱρηκὼς
2593 3368 2720 3440 γὰρ,
2749 3369 2892 3422 οὐδὲ
2936 3373 2967 3424 ό
3009 3372 3163 3436 Υἱὸς,
3217 3370 3482 3440 διηγεῖται
3534 3374 3651 3435 τοῖς

2074 3463 2338 3533 μαθηταῖς
2374 3461 2442 3514 τά
2475 3461 2580 3532 πρὸ
2623 3460 2722 3530 τῆς
2778 3461 3011 3532 ἡμέρας,
3058 3461 3253 3530 λέγων⁹
3295 3461 3431 3515 Τάδε
3490 3460 3650 3515 ἔσται

2070 3555 2164 3606 καὶ
2185 3553 2330 3616 τάδε,
2363 3549 2478 3606 εἶτα
2510 3553 2571 3605 τὸ
2623 3552 2794 3615 τέλος.
2835 3553 2894 3605 ὐ
2946 3552 3002 3605 δὲ
3046 3552 3113 3605 τὰ
3143 3552 3250 3624 πρὸ
3291 3555 3391 3623 τῆς
3431 3551 3650 3622 ἡμέρας

2069 3641 2241 3710 λέγων
2279 3638 2384 3693 οἶδε
2420 3642 2634 3704 πάντως
2682 3641 2775 3693 καὶ
2812 3641 2908 3713 τὴν
2962 3641 3196 3712 ἡμέραν,
3239 3642 3362 3712 ἥτις
3389 3640 3527 3712 μετὰ
3579 3641 3650 3694 τὰ

2070 3732 2441 3802 προειρημένα
2467 3734 2784 3802 φανήσεται.
2817 3733 2878 3785 Ei
2905 3733 2961 3786 δὲ
2988 3733 3060 3804 μὴ
3092 3733 3207 3803 ᾔδει
3237 3734 3335 3803 τὴν
3355 3733 3524 3802 ὥραν,
3545 3735 3649 3786 οὐκ

2068 3823 2134 3876 ἂν
2164 3822 2232 3876 τὰ
2284 3824 2397 3891 (15)
2440 3823 2546 3893 πρὸ
2595 3823 2768 3893 αὐτῆς
2815 3825 3115 3894 ἐσήμανεν,
3165 3825 3264 3876 οὐκ
3320 3823 3476 3887 εἰδὼς
3513 3824 3648 3876 πότε

2069 3915 2224 3969 ἔσται
2247 3919 2280 3986 ἡ
2307 3915 2448 3987 ὥρα.
2470 3915 2580 3968 Καὶ
2620 3913 2806 3987 ὥσπερ
2850 3915 2915 3970 ἄν
2945 3932 3029 3978 τις
3055 3915 3234 3969 οἰκίαν
3265 3916 3304 3986 ἤ
3330 3914 3481 3968 πόλιν
3533 3919 3650 3980 τοῖς

2072 4007 2322 4074 ἀγνοοῦσι
2353 4009 2593 4078 σημᾶναι
2645 4007 2835 4072 θέλων,
2883 4007 2950 4060 τὰ
2979 4008 3077 4079 μὲν
3111 4007 3223 4080 πρὸ
3253 4011 3353 4080 τῆς
3382 4009 3560 4073 οἰκίας
3613 4010 3649 4080 ἢ

2073 4099 2170 4168 τῆς
2200 4098 2401 4162 πόλεως
2428 4099 2538 4171 (14)
2569 4099 2770 4164 διεξίοι·
2799 4099 3016 4156 ἐπειδὰν
3071 4101 3129 4155 δὲ
3174 4101 3353 4156 πάντα
3397 4101 3651 4172 σημάνας

2073 4331 2162 4416 gio
2193 4331 2403 4413 primo.
2431 4329 2698 4416 deletum"
2712 4338 2815 4394 est,
2839 4338 2892 4410 et
2925 4329 2978 4383 in
3011 4328 3180 4416 altero
3222 4329 3393 4416 deest.
3440 4331 3652 4416 ibidem

2075 4399 2276 4471 Regius
2325 4401 2534 4471 primus
2581 4411 2635 4455 et
2666 4399 3052 4470 Segucrianus,
3084 4399 3303 4522 1min
3324 4403 3408 4465 τίς
3437 4403 3650 4469 τούτοις

2071 4471 2319 4558 ἐξισώςοι
2350 4471 2563 4554 μανίαν.
2599 4471 3104 4558 ᾼιιὲιὶριιηυελὸτι)
3129 4489 3158 4521 ν
3188 4487 3270 4558 τις
3288 4473 3650 4558 νὀιςιορονέστεε

2075 4560 2165 4613 ρον
2210 4538 2361 4594 εἴποι
2405 4541 2641 4606 τούτων;
2674 4538 2839 4593 Ποίαν
2891 4540 2973 4602 τίς
3016 4538 3225 4604 τούτοις
3255 4538 3504 4606 ἐξισώσει
3622 4577 3649 4587 -

2075 4614 2212 4665 νίαν.
2254 4611 2616 4665 Goblerianus
2651 4622 2705 4664 et
2739 4608 3088 4664 Felckmanni
3129 4611 3356 4665 primus.
3383 4605 3458 4665 ὧν
3494 4563 3649 4665 «ciuis

2072 4605 2212 4666 νίαν.
2254 4611 2616 4665 Goblerianus
2651 4622 2705 4664 et
2739 4608 3088 4664 Felckmanni
3129 4605 3356 4679 primus,
3383 4605 3458 4665 ὧν
3494 4605 3552 4666 τί
3582 4615 3649 4668 ἂν

2071 4682 2154 4744 τίς
2186 4681 2396 4744 τούτοις
2415 4679 2664 4747 ἐξισώσει
2695 4679 2908 4751 μανίαν.
2940 4680 3045 4732 Alii
3071 4687 3124 4733 et
3143 4680 3294 4746 editi,
3324 4679 3369 4734 ὣ
3388 4682 3440 4734 τί
3466 4683 3534 4736 ἄν
3563 4702 3652 4749 τις

2073 4753 2467 4824 ἀφρονέστερον
2492 4751 2634 4804 εἴποι
2661 4750 2894 4816 τούτων;
2918 4751 3084 4808 Ποίαν
3113 4751 3197 4814 τίς
3223 4751 3433 4816 τούτοις
3454 4752 3650 4818 ἐξισώ-

2076 4822 2552 4978 σῗξίιῶνίξῖοῗίἶςὲ.
2591 4891 2894 4978 1,.Ξθευειδ.
2928 4891 3145 4978 (ἓόὴιεὶτ.
3166 4889 3481 4978 et'Felcka.
3582 4893 3652 4949 At

2073 4959 2163 5017 alii
2193 4959 2246 5019 et
2276 4962 2428 5034 editi.
2458 4962 2574 5032 ᾔδει
2607 4963 2710 5034 τὴν
2732 4959 2900 5033 ὥραν,
2930 4963 3029 5015 οὐκ
3078 4959 3144 5014 ἂν
3173 4962 3274 5034 -τά,
3301 4971 3406 5015 etc.
3439 4961 3648 5018 Ibidem

2076 5034 2274 5102 Regius
2326 5033 2535 5104 primus
2582 5043 2637 5087 et
2663 5032 3068 5104 'Seguerianus,
3095 5032 3411 5102 ἐσήμαινεν.
3449 5034 3648 5088 Ceteri

2072 5113 2126 5159 et
2147 5102 2621 5184 ερξιί,“ὲσημανεν.

2145 5174 2256 5242 (li)
2299 5171 2500 5241 Regius
2523 5174 2731 5241 primus
2746 5182 2807 5243 ‘et
2827 5171 3213 5243 Seguerianus,
3238 5171 3282 5243 ﬂ
3294 5172 3392 5242 τῆς
3413 5173 3644 5238 πόλεως,

2073 5241 2348 5311 iidemque
2370 5243 2566 5297 ibidem
2597 5254 2650 5298 et
2675 5241 3033 5297 GObleI-ianus
3057 5258 3119 5296 ac
3144 5241 3492 5296 Felckmanni
3538 5245 3650 5312 pri-

2077 5313 2462 5385 illius,§ts&ﬁot.
2495 5313 2599 5385 ᾼΙίί
2647 5325 2701 5367 et
2743 5314 2892 5385 editi,
2922 5313 3014 5365 καὶ
3061 5312 3409 5385 τῇςᾲττόλεως
3436 5313 3646 5385 διεξίοι.

2074 5384 2198 5452 Mox
2231 5381 2450 5451 Regii,
2498 5382 2724 5452 Seguer.
2757 5383 2972 5438 Gobler.
3007 5392 3062 5436 et
3103 5381 3344 5436 Felckm.
3383 5383 3433 5444 1,
3473 5382 3646 5451 λέγοι,

2073 5451 2171 5524 εἶτ’
2199 5454 2359 5516 εὐθὺς
2385 5456 2416 5524 ἡ
2449 5451 2600 5516 πόλις
2623 5454 2654 5524 ἢ
2689 5455 2853 5508 οἰκία.
2882 5453 3082 5521 Regius
3107 5455 3334 5524 primus,
3360 5453 3393 5522 ἢ
3417 5455 3448 5521 ἡ
3474 5455 3646 5506 οἰκία.

2076 5523 2207 5594 Reg.
2244 5526 2298 5585 2,
2326 5523 2491 5578 BaSil.
2521 5523 2732 5591 Anglic.
2766 5536 2820 5579 et
2847 5524 3081 5579 Felckm.
3122 5524 3175 5587 ὅ,
3208 5523 3368 5584 εὐθὺς
3411 5525 3443 5593 ὴ
3493 5524 3646 5586 πόλις

2076 5597 2168 5647 καὶ
2194 5596 2226 5666 ή
2255 5595 2427 5666 οἰκία.
2450 5594 3153 5666 AteditioCommeliniana
3181 5595 3260 5666 sic
3287 5594 3431 5648 hunc
3459 5594 3644 5666 locum

2075 5663 2255 5736 habet,
2289 5663 2505 5717 ἐπειδὰν
2526 5664 2583 5736 δὲ
2619 5666 2794 5728 πάντα
2825 5666 3091 5736 σημάνας,
3114 5664 3209 5726 καὶ
3241 5663 3386 5726 ὅπως
3423 5666 3593 5732 ἐγγὺς
3614 5665 3648 5734 ἡ

2076 5735 2226 5798 πόλις
2253 5737 2346 5788 καὶ
2374 5737 2406 5806 ἠ
2436 5735 2599 5788 οἰκία.
2625 5799 2628 5802 ,

2963 5869 3046 5881 σιμ..
