3834 6220
226 295 332 353 417

1326 292 1587 350 ORATIO
1629 292 1695 348 Ill
1732 290 2013 350 CONTRA
2054 291 2375 349 ARIANOS.

3369 290 3476 350 M8

236 396 355 460 1⁸ἱοῦ
380 404 634 479 ὥρισται,
673 406 769 460 καὶ
793 401 930 459 οἶδεν
962 405 1123 470 αὐτὸς
1172 405 1234 460 τὸ
1258 408 1326 461 δι’
1359 409 1524 482 αύτοῦ
1562 408 1789 479 ὁρισθέν.

1901 407 2016 463 dies
2043 407 2131 462 illa
2162 418 2216 463 ct
2242 410 2374 464 hora
2402 424 2432 463 a
2455 407 2738 476 Patrejam
2765 407 2837 463 sit
2853 404 3094 470 deﬁnita,
3126 408 3471 477 perspicuum

226 499 389 553 Οὐδὲν
423 499 534 569 γάρ
566 500 735 559 ἐστιν,
762 497 791 551 ὃ
821 498 896 569 μὴ
920 497 1009 553 διὰ
1054 497 1183 552 Υἱοῦ
1214 499 1402 567 γέγονέ
1440 518 1501 553 τε
1553 501 1645 553 καὶ
1672 501 1804 571 ὥρι-

229 606 369 645 σται·
399 589 597 643 οὐκοῦν
618 590 780 654 αὐτὸς
806 590 1133 663 δημιουργὸς
1167 589 1243 644 ὢν
1276 591 1369 644 τοῦ
1416 592 1633 655 παντὸς,
1666 587 1803 644 οἶδεν

225 683 408 734 ὁποῖον
441 682 538 735 καὶ
558 681 776 746 ὁπόσον,
810 680 905 734 καὶ
932 681 1035 745 ἕως
1063 681 1206 745 τίνος
1230 680 1362 734 αὐτὸ
1416 681 1666 749 γενέσθαι
1712 682 1803 752 βε-

224 771 486 843 ϐούληται
540 772 569 824 6
600 774 813 843 Πατήρι
844 773 902 824 ὲν
935 772 992 825 δὲ
1017 771 1097 843 τῷ
1128 772 1279 843 πόσῳ
1325 773 1420 826 καὶ
1471 772 1631 844 μέχρι
1657 772 1803 835 τίνος

221 864 369 916 ἐστὶν
389 865 424 934 ή
454 862 659 917 τούτων
689 863 896 935 ἀλλαγή
930 864 1064 934 (55).
1114 862 1286 917 Πάλιν
1334 880 1394 916 τε
1444 866 1491 916 εἰ
1520 864 1693 918 πάντα
1735 863 1803 917 τὰ

217 952 314 1005 τοῦ
337 953 554 1025 Πατρὸς
572 953 667 1007 τοῦ
697 953 827 1007 Υἱοῦ
862 956 997 1007 ἐστι·
1031 952 1190 1007 τοῦτο
1239 953 1347 1025 γὰρ
1377 954 1536 1018 αὐτὸς
1588 953 1798 1028 εἴρηκε·

219 1042 312 1095 τοῦ
341 1044 399 1096 δὲ
454 1044 669 1115 Πατρός
720 1047 835 1096 ἐστι
884 1044 944 1098 τὸ
990 1045 1189 1098 εἰδέναι
1248 1046 1345 1114 τὴν
1377 1045 1612 1116 ἡμέραν,
1643 1044 1801 1115 δῆλον

217 1135 301 1188 ὅτι
330 1135 446 1205 (54)
471 1137 565 1190 καὶ
587 1139 615 1189 6
634 1137 763 1201 Υἱὸς
787 1133 944 1199 οἶδεν,
977 1137 1107 1189 ἴδιον
1127 1136 1265 1207 ἔχων
1288 1137 1380 1189 xui.
1428 1136 1587 1189 τοῦτο
1619 1138 1683 1190 ὲκ
1707 1137 1799 1190 τοῦ

217 1228 454 1299 Πατρός.
477 1228 585 1282 Καὶ
609 1229 790 1287 πάλιν.
821 1232 868 1283 εἰ
889 1232 918 1283 6
944 1230 1073 1292 Υἱὸς
1098 1232 1156 1284 ὲν
1186 1214 1265 1299 τῷ
1291 1229 1486 1301 Πατρὶ,
1513 1229 1607 1281 καὶ
1638 1230 1665 1281 6
1689 1232 1801 1283 Πα-

213 1318 324 1389 τὴρ
368 1320 426 1372 ἐν
455 1318 533 1389 τῷ
552 1318 686 1389 Υἱῷ,
715 1316 822 1372 οἶδε
849 1320 905 1372 δὲ
925 1322 952 1373 6
977 1320 1167 1391 Πατὴρ
1211 1319 1308 1390 τὴν
1342 1319 1552 1389 ἡμέραν
1586 1320 1679 1372 καὶ
1701 1318 1799 1390 τὴν

215 1407 389 1479 ὥραν·
413 1411 665 1481 φανερὸν,
696 1410 778 1462 ὅτι
805 1410 898 1463 καὶ
947 1412 975 1463 6
1019 1400 1151 1472 Υἱὸς
1202 1411 1259 1462 ὲν
1288 1408 1366 1478 τῷ
1399 1410 1573 1481 Πατρ).
1598 1408 1674 1462 ὢν
1706 1410 1798 1468 καὶ

215 1497 376 1560 εἰδὼς
397 1499 467 1551 τὰ
492 1500 549 1550 ἐν
569 1497 646 1569 τῷ
670 1499 864 1568 Πατρὶ,
896 1493 1001 1551 οἶδε
1026 1497 1120 1551 καὶ
1150 1495 1310 1560 αὐτὸς
1336 1494 1432 1567 τὴν
1461 1495 1671 1567 ἡμέραν
1702 1496 1797 1547 καὶ

212 1588 317 1659 τὴν
343 1587 509 1660 ὤραν.
545 1590 608 1642 Εἰ
628 1589 685 1641 δὲ
718 1592 813 1642 καὶ
836 1588 998 1641 εἰκών
1032 1591 1179 1641 ἐστιν
1212 1586 1436 1658 ἀληθινὴ
1463 1586 1554 1639 τοῦ
1584 1586 1798 1658 Πατρὸς

212 1681 244 1732 6
272 1679 422 1743 Υἱὸς,
448 1677 556 1733 οἶδε
609 1680 666 1732 δὲ
702 1682 731 1733 6
767 1680 961 1751 Πατὴρ
1016 1679 1113 1750 τὴν
1149 1679 1363 1751 ἡμέραν
1416 1677 1528 1747 (55)
1560 1678 1654 1731 καὶ
1697 1676 1796 1748 τὴν

213 1767 389 1838 ὥραν,
418 1768 596 1837 δῆλον,
645 1769 726 1822 ὃτι
763 1769 859 1822 καὶ
909 1769 1003 1822 τοῦ
1062 1768 1259 1822 εἰδέναι
1310 1767 1419 1838 (56)
1475 1767 1648 1822 ταῦτα
1696 1767 1791 1839 τὴν
1824 1757 1865 1811 Β

210 1857 507 1928 ὁμοιότητα
538 1858 632 1912 τοῦ
659 1858 869 1929 Πατρὸς
894 1860 923 1911 6
947 1843 1074 1921 Υἱὸς
1100 1858 1356 1928 ἔχει.Κα“ι
1375 1858 1435 1910 ού
1460 1856 1791 1928 θαυμαστὸν,

210 1950 263 2002 εἰ
294 1949 366 2003 δι’
395 1945 457 2004 οὗ
487 1950 553 2003 τὰ
576 1950 752 2004 πάντα
806 1951 1017 2019 γέγονε,
1064 1950 1160 2004 καὶ
1193 1952 1249 2003 ὲν
1297 1944 1343 2017 ᾧ
1397 1949 1695 2021 συνέστηκε
1726 1950 1794 2003 τὰ

210 2038 332 2103 ὅλα,
395 2036 536 2095 οἶδεν
592 2040 752 2104 αὐτὸς
811 2041 881 2094 τὰ
929 2040 1214 2113 γενόμενα,
1272 2041 1366 2095 καὶ
1417 2041 1545 2094 πότε
1590 2039 1793 2094 τούτων

211 2130 448 2184 ὲᾶιάστου
474 2132 567 2185 καὶ
596 2133 747 2202 κοινῇ
773 2132 833 2185 τὸ
864 2132 1035 2194 τέλος*
1082 2133 1193 2185 ἀλλ’
1225 2134 1307 2186 ὅτι
1338 2133 1429 2186 καὶ
1450 2130 1588 2203 αὕτη
1620 2131 1732 2203 (57)
1759 2134 1792 2203 ἡ

211 2224 537 2295 προπέτεια,
567 2225 851 2295 πρέπουσα
898 2227 962 2295 τῇ
995 2225 1162 2295 μανίᾳ
1198 2224 1305 2277 τῶν
1377 2222 1793 2295 Ἀρειομανιτῶν

207 2310 463 2378 οὗσα,εξς
478 2314 745 2384 τοσαύτην
770 2313 918 2384 ἡμᾶς
941 2313 1235 2381 ἀπολογίαν
1263 2312 1570 2383 ἠνάγκασεν
1596 2311 1789 2365 ἐλθεῖν.

206 2405 677 2477 Συναριθμοῦντες
706 2406 816 2477 γὰρ
842 2407 954 2469 τοῖς
985 2407 1232 2477 γενητοῖς
1262 2403 1353 2457 τὸν
1385 2403 1512 2457 Υἱὸν
1536 2404 1630 2456 τοῦ
1657 2402 1792 2456 Θεοῦ

204 2495 302 2551 τὸν
333 2496 504 2549 ἀΐδιον
531 2496 727 2565 Λόγον,
755 2497 875 2549 κατ’
901 2495 1080 2564 ὀλίγον
1138 2496 1231 2563 καὶ
1267 2493 1426 2548 αὐτὸν
1452 2494 1543 2547 τὸν
1575 2494 1794 2565 Πατέρα

206 2588 472 2642 ἐλάττονα
495 2588 592 2658 τῆς
622 2587 854 2650 κτίσεως
894 2586 1157 2658 μελετῶσι
1198 2586 1375 2654 λέγειν
1410 2586 1544 2655 (58).
1587 2586 1649 2638 Ei
1680 2585 1790 2657 γὰρ

200 2677 235 2730 6
262 2676 357 2729 τὸν
390 2676 613 2748 Πατέρα
634 2675 917 2745 γινώσκων
973 2677 1073 2729 οὐκ
1120 2671 1224 2729 οἶδε
1282 2676 1380 2745 τὴν
1414 2674 1627 2746 ἡμέραν
1671 2675 1793 2729 οὐδὲ

201 2768 305 2839 τὴν
327 2767 503 2840 ὥραν,
537 2767 806 2839 φοϐοῦμαι
836 2768 911 2839 μὴ
940 2767 1140 2838 μείζων
1172 2767 1342 2833 ἔσται,
1374 2767 1449 2831 ὡς
1503 2766 1569 2820 ἂν
1596 2768 1791 2819 ἐκεῖνοι

204 2861 473 2933 μανέντες
496 2859 778 2932 εἴποιεν,ή
823 2860 950 2931 περὶ
980 2860 1079 2930 τῆς
1134 2860 1382 2923 κτίσεως,
1423 2858 1622 2929 μᾶλλον
1654 2858 1710 2911 δὲ
1758 2860 1790 2929 ή

200 2955 339 3025 περὶ
362 2952 462 3006 τοῦ
492 2953 766 3017 ἐλάττονος
799 2953 998 3023 μέρους
1025 2954 1124 3022 τῆς
1158 2951 1387 3013 κτίσεως
1413 2950 1635 3020 γνῶσις,
1690 2950 1792 3020 τῆς

203 3046 339 3117 περὶ
362 3045 461 3098 τοῦ
487 3043 700 3116 Πατρὸς
720 3044 991 3113 γνώσεως.

1905 509 1989 554 est
2026 515 2145 554 eam
2181 515 2275 570 per
2315 500 2512 554 Filium
2560 500 2727 554 fuisse
2752 500 3052 567 definitam,
3080 516 3316 570 eumque
3345 517 3473 572 pro-

1905 590 2027 645 inde
2053 591 2197 661 quod
2224 593 2337 660 ipse
2361 591 2629 646 definierit
2662 606 3011 660 cognoscere.
3044 591 3190 648 Nihil
3215 596 3359 649 enim
3390 605 3474 650 est

1903 681 2046 750 quod
2082 696 2191 735 non
2232 696 2329 751 per
2369 680 2567 736 Filium
2606 680 2812 737 factum
2856 682 2929 738 sit
2966 692 3017 738 et
3049 685 3356 740 deﬁnitum.
3384 685 3486 751 Ille

1903 771 2068 842 igitur
2092 788 2216 827 eum
2259 772 2331 826 sit
2374 788 2553 827 rerum
2594 774 2841 827 omnium
2892 773 3134 839 effector,
3168 779 3317 832 novit
3351 796 3472 847 pro-

1902 860 2044 916 fecto
2076 862 2265 931 quales
2297 870 2350 915 et
2380 871 2575 931 quatas
2608 877 2879 931 quamque
2908 864 3195 919 diuturnas
3231 881 3353 920 esse
3380 882 3475 918 vo-

1902 951 2064 1006 luerit
2088 951 2247 1024 471
2269 951 2449 1006 Pater.
2481 952 2644 1022 Atqui
2685 953 2900 1007 illarum
2936 964 2989 1009 et
3018 971 3245 1010 numero
3269 967 3321 1011 et
3346 958 3471 1012 diu-

1903 1042 2160 1097 turnitate
2175 1043 2650 1111 comprehenditur
2669 1043 2848 1098 futura
2874 1045 3115 1115 ipsarum
3146 1050 3375 1103 mutatio
3396 1050 3463 1101 ³¹.

1899 1130 2167 1187 Praeterea
2202 1149 2539 1203 quascunque
2574 1133 2751 1188 Patris
2792 1146 2938 1197 sunt,
2976 1147 3103 1192 sunt
3124 1140 3287 1193 etiam
3325 1140 3467 1207 Filii,

1901 1233 1960 1276 ut
1994 1232 2223 1278 testatus
2250 1224 2363 1292 ipse
2395 1236 2498 1289 est,
2527 1225 2860 1294 proiudeqne
2904 1227 2950 1281 si
2993 1226 3172 1283 Patris
3209 1240 3291 1284 est
3325 1230 3468 1285 diem

1899 1313 2049 1367 illum
2068 1315 2342 1385 cognitum
2381 1315 2598 1381 habere,
2631 1317 2853 1370 duhium
2906 1334 3013 1372 non
3059 1328 3141 1373 est
3172 1321 3301 1390 quin
3333 1321 3470 1376 Filio

1898 1420 2114 1475 quoque
2159 1417 2477 1476 perspectus
2521 1407 2611 1471 sit,
2649 1407 2812 1478 idque
2857 1410 3019 1464 etiam
3056 1426 3119 1464 ex
3157 1409 3315 1465 Patre
3346 1428 3470 1482 pro-

1897 1497 2074 1565 prium
2106 1498 2193 1551 ille
2227 1498 2443 1553 habeat.
2496 1499 2753 1569 Insuper,
2785 1499 2956 1555 Filius
3002 1513 3085 1556 est
3124 1504 3176 1556 in
3208 1502 3384 1569 Patre,
3416 1516 3472 1561 et

1896 1582 2059 1640 Pater
2082 1586 2135 1639 in
2169 1585 2307 1642 Filio
2337 1606 2351 1643 :
2382 1589 2524 1643 unde
2558 1590 2604 1643 si
2632 1589 2792 1643 Pater
2824 1591 2967 1645 diem
3012 1603 3065 1646 et
3092 1593 3278 1647 horam
3322 1596 3467 1649 illum

1898 1678 2196 1746 cognoscit,
2237 1678 2444 1732 clarum
2489 1689 2572 1735 est
2609 1678 2830 1746 Filium,
2869 1683 2961 1751 qui
3000 1685 3051 1735 in
3093 1683 3253 1738 Patre
3281 1696 3383 1747 est,
3415 1694 3472 1742 et

1893 1784 2014 1839 quae
2044 1767 2220 1824 Patris
2249 1780 2378 1825 sunt
2413 1774 2583 1839 novit,
2620 1773 2760 1828 hanc
2790 1774 2913 1827 item
2952 1783 3003 1829 et
3027 1777 3165 1830 diem
3201 1786 3254 1831 et
3280 1779 3468 1835 horam

1893 1874 2002 1912 non
2035 1860 2303 1929 ignorare.
2339 1861 2573 1929 Rursus,
2608 1867 2654 1919 si
2685 1864 2855 1921 Filius
2883 1882 3009 1920 vera
3046 1879 3128 1922 est
3157 1870 3336 1941 imago
3360 1871 3467 1926 Pa-

1894 1953 2010 2016 tris,
2040 1952 2153 2021 ipse
2185 1964 2365 2009 autem
2408 1957 2571 2011 Pater
2598 1957 2741 2012 diem
2777 1966 2831 2011 et
2877 1959 3064 2013 horam
3094 1963 3239 2015 illam
3269 1966 3419 2018 novit
3446 1982 3463 2019 :

1892 2043 2057 2113 plane.
2083 2045 2254 2115 liquet
2290 2046 2486 2102 Filium
2534 2050 2635 2105 hac
2670 2067 2889 2121 quoque
2936 2052 2987 2105 in
3027 2069 3085 2107 re
3134 2053 3310 2110 Patris
3342 2073 3468 2112 esse

1894 2132 2148 2189 similem.
2174 2133 2282 2190 Nec
2302 2154 2426 2191 vere
2454 2140 2654 2192 mirum
2685 2149 2769 2194 est
2798 2142 2948 2195 illum
2976 2158 3068 2210 per
3090 2160 3250 2211 quem
3281 2148 3466 2201 omnia

1895 2223 2037 2279 facta
2070 2236 2196 2281 sunt
2229 2229 2297 2289 ³²,
2340 2238 2391 2283 et
2428 2231 2479 2283 in
2520 2248 2630 2300 quo
2663 2234 2845 2288 omnia
2879 2245 3128 2290 constant
3167 2237 3232 2302 ³³,
3270 2253 3358 2291 res
3388 2240 3468 2293 la-

1894 2325 2315 2389 ctasearumque
2330 2336 2452 2375 cum
2477 2323 2777 2393 proprium,
2795 2334 2907 2381 tum
2932 2342 3275 2382 communem
3301 2331 3463 2383 linem

1894 2421 2255 2475 cognoscere;
2287 2411 2381 2465 sed
2411 2414 2608 2466 mirum
2647 2416 2828 2484 potius
2872 2426 2956 2472 est
3009 2434 3096 2472 me
3146 2419 3463 2489 hujusmodi

1894 2495 2110 2552 illorum
2138 2501 2487 2568 procacitate,
2505 2520 2625 2572 quae
2654 2506 2870 2574 quidem
2892 2507 3217 2563 Arianorum
3238 2510 3465 2566 insania:

1894 2590 2181 2645 admodum
2211 2603 2294 2647 est
2324 2605 2713 2661 consentanea,
2745 2610 2996 2653 coactum
3031 2601 3172 2655 hanc
3220 2604 3465 2660 veritatis

1892 2677 2263 2736 defensionem
2324 2687 2647 2755 suscepisse.
2704 2688 2839 2743 Cum
2896 2692 3039 2746 enim
3096 2692 3188 2749 Dei
3239 2697 3460 2765 Filium,

1891 2779 2149 2826 aeternum
2182 2772 2443 2841 Verbum,
2476 2778 2618 2834 inter
2651 2795 2738 2834 res
2780 2792 2991 2838 creatas
3019 2800 3327 2856 numerant,
3365 2808 3461 2860 pa-

1894 2878 2014 2916 rum
2064 2874 2211 2919 certe
2257 2866 2412 2921 abest
2442 2868 2574 2935 quin
2626 2869 2803 2939 ipsum
2854 2875 3016 2927 etiam
3056 2874 3268 2931 Patrem
3301 2882 3463 2936 rebus

1892 2953 2093 3008 creatis
2127 2954 2440 3012 inferiorem
2465 2958 2648 3014 dicere
2680 2961 3025 3019 meditentur.
3055 2964 3189 3021 Nam
3216 2970 3261 3023 si
3291 2970 3335 3025 is
3366 2974 3458 3041 qui

1895 3042 2115 3101 Patrem
2145 3048 2320 3115 novit,
2355 3049 2496 3105 diem
2537 3060 2591 3106 et
2617 3051 2809 3107 horam
2846 3055 2991 3109 illam
3022 3074 3129 3112 non
3172 3064 3337 3125 novit,
3372 3081 3463 3119 ve-

202 3157 335 3199 reor
362 3156 435 3197 ne
471 3140 649 3213 (quod
678 3142 857 3197 insani
908 3142 987 3196 illi
1021 3141 1320 3214 dixerint),
1351 3155 1537 3196 rerum
1565 3150 1899 3213 creatarum,
1953 3146 2065 3200 imo
2119 3145 2358 3203 minima:
2410 3163 2594 3204 rerum
2644 3161 2949 3219 crcatarutn
2983 3157 3152 3225 partis
3202 3162 3462 3231 cognitio,

204 3236 385 3306 major
413 3239 487 3292 sit
516 3240 633 3307 ipsa
658 3236 837 3294 Patris
871 3238 1199 3309 cognitione.

271 3331 366 3387 45.
402 3332 543 3386 Ἀλλ’
573 3335 767 3387 ἐκεῖνοι
795 3334 911 3405 μὲν,
946 3334 1119 3398 οὕτως
1159 3335 1240 3396 εἰς
1284 3332 1345 3385 τὸ
1374 3330 1595 3405 Πνεῦμα
1620 3334 1783 3405 βλασ-

1953 3336 2043 3390 45.
2066 3334 2266 3389 Verum
2291 3334 2364 3387 illi
2390 3335 2605 3404 quidem
2640 3335 2730 3406 qui
2761 3336 2894 3390 adeo
2923 3338 3086 3408 impia
3118 3341 3171 3394 in
3196 3341 3459 3408 Spiritum

201 3425 539 3496 φημοῦντες,
607 3427 1060 3498 προσδοκάτωσαν
1128 3424 1242 3496 (59)
1330 3424 1404 3495 μὴ
1483 3424 1779 3497 λαμϐάνειν

200 3518 338 3570 ποτὲ
364 3518 469 3588 τῆς
496 3516 752 3581 ἀσεϐείας
782 3518 985 3588 ταύτης
1042 3517 1256 3586 ἄφεσιν,
1284 3514 1360 3577 ὡς
1398 3515 1427 3566 6
1476 3514 1679 3587 Κύριος
1711 3514 1787 3568 εῖ-

205 3625 395 3680 ρηκεν·
432 3609 482 3661 οἱ
506 3607 564 3662 δὲ
593 3608 924 3680 φιλόχριστοι
947 3608 1039 3662 καὶ
1060 3607 1405 3678 χριστοφόροι
1424 3605 1785 3677 γινώσκομεν,

197 3699 278 3763 ὡς
309 3700 415 3754 οὐκ
437 3698 648 3767 ἀγνοῶν
677 3701 706 3752 6
735 3698 927 3767 Λόγος,
968 3690 1003 3771 ᾗ
1034 3696 1206 3765 Λόγος
1237 3697 1404 3761 ἐστὶν,
1436 3695 1620 3764 ἔλεγεν
1648 3696 1784 3767 (40),

203 3794 331 3846 οὐκ
354 3786 512 3845 οἶδα·
546 3785 652 3844 οἶδε
682 3789 808 3860 γάρ’
841 3788 977 3843 ἀλλὰ
997 3789 1059 3842 τὸ
1090 3785 1425 3858 ἀνθρώπινον
1454 3786 1787 3851 δεικνὺς,ὃτι

199 3881 313 3936 τῶν
343 3879 649 3951 ἀνθρώπων
699 3879 828 3934 ἴδιόν
866 3882 983 3934 ἔστι
1030 3879 1091 3933 τὸ
1139 3879 1374 3948 ἀγνοεῖν,
1408 3876 1503 3930 καὶ
1536 3877 1632 3937 ,ὃτι
1659 3877 1789 3949 σάρ-

200 3990 276 4028 κα
326 3972 445 4043 (41)
496 3970 796 4040 ἀγνοοῦσαν
850 3970 1154 4034 ἐνεδύσατο,
1203 3963 1317 4042 ὲνῇ
1374 3966 1470 4032 ὢν,
1510 3967 1787 4039 σαρκικῶς

200 4066 413 4135 ἔλεγεν·
446 4066 569 4118 Οὐκ
599 4060 753 4119 οῖδα.
785 4064 918 4117 Τότε
946 4062 1077 4133 γοῦν
1093 4060 1352 4134 εἰρηκὼς,
1378 4061 1459 4114 ὅτι
1490 4059 1644 4114 Οὐδὲ
1670 4059 1782 4131 (42)

199 4160 237 4214 ό
267 4158 411 4222 Υἱὸς
449 4153 572 4211 οἵδε
594 4196 610 4220 ,
665 4156 760 4211 καὶ
797 4155 908 4210 τῶν
960 4154 1101 4210 κατὰ
1157 4152 1282 4207 Νῶε
1332 4150 1634 4224 ἀνθρώπων
1682 4152 1782 4223 τὴν

198 4250 431 4321 ἄγνοιαν
456 4247 737 4320 παραθεὶς,
767 4247 927 4312 εὐθὺς
967 4249 1234 4319 ἐπήγαγεο
1271 4243 1621 4314 Γρηγορεῖτε
1646 4238 1781 4309 οὖν,

198 4340 294 4397 ὅτι
322 4342 441 4396 οὐκ
478 4340 676 4395 οἴδατε
699 4340 841 4395 οὐδὲ
870 4338 1058 4410 ὑμεῖς,
1106 4337 1251 4406 ποίᾳ
1284 4334 1404 4405 ὥρᾳ
1432 4335 1542 4408 (45)
1591 4338 1625 4390 ό
1662 4336 1780 4390 Κύ-

1890 3426 2189 3494 proferunt,
2205 3436 2364 3481 tanta:
2378 3427 2665 3496 impietatis
2682 3428 2890 3482 veniam
2906 3442 3218 3499 exspectent
3232 3435 3456 3506 nullam,

1891 3516 1967 3570 uti
1996 3518 2320 3585 prmmonuit
2350 3516 2611 3572 Dominus
2636 3517 2716 3570 ’δε
2747 3533 2845 3573 ηοε
2865 3529 3043 3574 autem
3069 3524 3457 3592 quiChristum

1892 3617 1945 3660 et
1964 3622 2211 3661 amamus
2230 3616 2283 3660 et
2304 3607 2356 3659 in
2378 3607 2535 3661 nobis
2555 3606 2816 3676 gerimus,
2836 3623 3197 3679 agnoscamus
3218 3612 3455 3670 Verbum

1893 3714 2002 3754 non
2026 3700 2181 3769 quasi
2214 3700 2487 3769 ignorans,
2515 3709 2783 3769 quatenus
2827 3710 2909 3755 est
2943 3700 3201 3767 Verbum,
3230 3707 3457 3773 dixisse,

1896 3789 2111 3853 Nescio,
2146 3800 2370 3843 noverat
2395 3790 2631 3859 quippe;
2664 3792 2757 3844 sed
2792 3792 2843 3844 id
2876 3792 3020 3861 quod
3054 3794 3346 3850 humanum
3372 3809 3458 3852 est

1891 3881 2190 3947 exhibens;
2218 3880 2345 3947 quia
2399 3880 2605 3935 scilicet
2650 3889 2705 3934 et
2744 3880 3025 3936 hominum
3075 3887 3348 3954 proprium
3372 3902 3455 3943 est

1891 3973 2163 4043 ignorare,
2207 3981 2260 4027 et
2298 3971 2412 4041 ipse
2461 3972 2795 4043 ignorantem
2839 3973 3088 4030 induerat
3119 3993 3361 4043 carnem,
3397 3981 3452 4036 in

1890 4080 1997 4135 qua
2043 4080 2166 4119 eum
2216 4072 2380 4128 esset,
2415 4063 2711 4119 secundum
2774 4080 2893 4118 cam
2951 4066 3197 4131 dicebat,
3236 4068 3450 4128 Nescio.

1887 4146 2073 4226 Itaque
2120 4164 2404 4224 postquam
2451 4155 2681 4217 dixerat,
2721 4155 2900 4225 Neque
2942 4156 3117 4213 Filius
3157 4164 3318 4227 novit,
3351 4164 3452 4218 ad-

1886 4249 2224 4317 duxeratque
2266 4249 2319 4301 in
2374 4248 2678 4317 exemplum
2733 4248 3093 4317 ignorantiam
3144 4253 3451 4321 hominum,

1889 4340 1984 4410 qui
2017 4338 2129 4395 Noe
2156 4348 2313 4395 aetate
2337 4339 2620 4411 degebant,
2649 4340 2909 4395 continuo
2935 4341 3142 4397 addidit
3168 4362 3181 4397 :
3219 4345 3454 4417 Vigilat:

272 4456 321 4488 ³⁸
361 4453 526 4512 Joan.
560 4471 674 4521 xvn,
707 4455 795 4510 15.
872 4455 915 4488 ³²
951 4453 1111 4510 Joan.
1146 4470 1186 4520 ι,
1218 4453 1273 4508 5.
1348 4452 1396 4485 ³⁸
1437 4451 1652 4510 Coloss.
1685 4470 1724 4522 ι,
1763 4453 1788 4507 l

1932 4454 1980 4486 ”
2017 4454 2207 4508 Matth.
2249 4471 2349 4518 xu,
2380 4453 2468 4509 52.

276 4548 396 4620 (55)
439 4546 764 4620 SicARegius
791 4547 1002 4620 primus
1034 4555 1088 4602 et
1119 4544 1643 4620 Seguerianus.‘A_lii
1673 4562 1777 4620 au-

1901 4547 2160 4620 tecuudus
2189 4555 2241 4600 et
2266 4546 2395 4601 editi
2421 4545 2731 4620 habenti-zz;
2756 4543 3027 4620 τοσαύτην
3059 4548 3206 4620 ἡμᾶς
3249 4548 3450 4602 ἀπολο-

152 4640 161 4648 ο
200 4615 316 4675 texit
350 4615 405 4671 et
430 4618 582 4684 editi,
614 4615 900 4671 πόσονόιαὶ
939 4618 1044 4681 ἕως
1085 4615 1231 4680 τινος
1272 4615 1445 4680 οὕτως
1468 4616 1599 4669 αὐτὸ
1626 4617 1780 4684 γενέ-

203 4688 335 4743 σθαι
365 4687 620 4759 βούληται
635 4690 675 4759 Αό
706 4689 898 4759 Πατήρ
916 4705 928 4717 ·
961 4691 1021 4740 ὲν
1051 4686 1108 4740 δὲ
1137 4685 1216 4757 τῷ
1243 4686 1395 4757 πόσῳ
1418 4684 1537 4739 ἐστὶ
1564 4686 1658 4740 καὶ
1685 4686 1779 4757 μέ-

203 4705 335 4743 συαι
365 4705 494 4758 ΡουΑ
531 4705 620 4741 ται
646 4705 675 4741 ο
707 4705 790 4741 ua.
866 4705 928 4759 ρ’
961 4705 1016 4740 εν

199 4705 532 4830 χριμτίνοςξ
553 4757 760 4811 τούτων
785 4705 1016 4830 ἶὲλαγήτ

276 4828 397 4899 (54)
439 4824 532 4899 Sic
566 4837 792 4899 uterque
814 4824 953 4899 Reg.
981 4824 1230 4899 fSeguer.
1262 4825 1429 4882 Basil.
1461 4834 1513 4881 et
1535 4824 1773 4881 Felckm.

202 4899 261 4955 5.
288 4898 381 4969 At
401 4898 496 4969 alii
525 4904 581 4953 et
614 4897 767 4962 editi,
806 4897 1070 4969 ρηλονότι.

278 4967 395 5039 (55)
439 4967 786 5039 Sicuterque
810 4964 1012 5039 Regius
1039 4976 1094 5023 et
1132 4966 1518 5038 Seguerianus.
1541 4964 1649 5020 Alii
1679 4980 1777 5020 au-

203 5037 317 5093 tem
345 5049 401 5108 et
425 5037 701 5108 editi,_xa‘t
726 5037 825 5108 τῂν
853 5037 960 5108 ήμέ

300 5106 395 5177 56)
437 5105 529 5161 Sic
552 5106 705 5178 _Reg_.
758 5104 792 5159 Ι
833 5104 906 5178 εἴ
928 5104 984 5178 2,
1038 5108 1260 5178 Seguer.
1296 5105 1464 5178 Basil.
1488 5104 1774 5178 Anglican.

203 5174 434 5232 Gobler.
465 5184 521 5232 et
551 5174 789 5231 Felckm.
827 5177 879 5233 l.
908 5177 1013 5231 Alii
1053 5174 1234 5232 autem
1262 5185 1318 5232 et
1339 5175 1491 5235 editi,
1519 5174 1613 5229 κα).
1640 5174 1780 5228 εἰδέ-

202 5264 319 5301 ναι.
341 5246 488 5311 Mox,
484 5262 618 5368 1pro
633 5245 700 5299 δι’
726 5238 811 5315 οὗ,
839 5247 1200 5303 Goblerianus
1218 5258 1271 5302 et
1294 5244 1644 5301 Felckmanni
1662 5245 1774 5315 pri-

205 5333 355 5369 mus.
387 5316 454 5369 δι⁹
536 5315 636 5369 ἰοῦ.

205 5333 355 5379 mus,
387 5316 454 5369 δι’
484 5315 636 5370 Υἰοῦ.

278 5386 398 5458 (57)
433 5385 525 5458 Sic
571 5401 763 5458 omnes
810 5400 944 5458 mss.
977 5394 1189 5458 praeter;
1218 5382 1459 5458 Felckm.
1489 5384 1547 5450 2,
1571 5384 1689 5458 qui,
1719 5393 1781 5439 ut

204 5453 447 5511 et'editi
498 5456 677 5517 habet,
709 5453 1107 5525 αὑτήειὺίὶιθηι
1155 5453 1358 5523 Regius
1403 5453 1678 5511 secundus
1726 5462 1781 5509 et

202 5526 361 5591 editi,
384 5528 426 5596 νή
458 5526 756 5595 προπέτεια
782 5524 1171 5596 πρέπουσα-τῇ
1193 5525 1383 5596 μανία.
1414 5524 1520 5579 Alii
1554 5541 1710 5590 mss.,
1742 5526 1776 5595 ἡ

206 5542 361 5591 eain,
389 5542 426 5596 η
458 5542 756 5595 προπέτεια
782 5542 1067 5595 πρεπουσα
1106 5542 1171 5594 τῃ
1188 5542 1388 5647 Ξανιῇ
1414 5542 1520 5606 Ain
1554 5542 1710 5606 mss,
1742 5542 1776 5595 η

206 5595 517 5668 προπέτεια
540 5596 924 5668 ἀπρεπεστάτη
941 5593 1146 5668 μανία.
1170 5666 1188 5668 _
1244 5609 1312 5668 οε
1355 5665 1365 5668 _
1389 5610 1543 5668 egtus
1569 5609 1779 5668 primus

206 5661 266 5721 et
290 5661 684 5737 Seguerianus,
704 5667 784 5730 εἰς
804 5661 1057 5735 τοιαύτην
1076 5666 1224 5735 ἡμᾶς
1246 5661 1779 5734 attonitam—Regius

966 5054 1084 5109 ραν.

1883 4616 2026 4684 γίαν.
2061 4617 2162 4669 Alii
2197 4631 2353 4680 mss.,
2384 4617 2466 4677 εις
2488 4613 2757 4682 τοσαύτην
2786 4615 2931 4683 ἡμᾶς
2966 4613 3182 4682 μανίαν.

1955 4686 2066 4767 (5.8)
2105 4685 2581 4771 Βεξίιίθηείξοοτῆς
2602 4684 2829 4771 “sese;
2860 4684 3282 4771 Ὗὲῐίθσὶλέῖεινο
3324 4687 3446 4771 M95

1883 4752 2087 4827 Regius
2121 4754 2331 4827 primus
2364 4763 2419 4827 et
2447 4752 2831 4821 Seguerianus,
2865 4752 2987 4805 οὐδὲ
3016 4756 3113 4825 τὴν
3141 4752 3309 4827 ὥραν.
3337 4760 3446 4813 Alii

1881 4835 1935 4881 et
1957 4822 2236 4896 editi,:xatt
2258 4823 2359 4894 τὴν
2383 4822 2553 4896 ὥραν.

1952 4896 2066 4968 (59)
2105 4890 2465 4949 Goblerianus
2511 4903 2564 4948 et
2617 4890 2968 4946 Felcl-tmanni
3012 4893 3241 4961 primus,
3273 4911 3443 4968 προσ-

1878 4964 2246 5019 δοκάσθωσαν.

1950 5035 2062 5106 (40)
2104 5034 2194 5106 Sic
2220 5031 2420 5102 Regius
2445 5033 2655 5106 primus
2683 5038 2737 5106 et
2767 5027 3151 5106 Seguerianus.
3178 5035 3248 5092 At
3277 5034 3365 5091 alii
3391 5045 3446 5091 et

1879 5095 2055 5228 ἓξὲιίί
2076 5095 2553 5175 γινώσκοῖιενξώς
2586 5101 2687 5155 οὐκ
2715 5095 2944 5168 ἀγνοῶν,
3055 5102 3227 5173 Λόγος
3270 5108 3441 5170 ἐστὶν,

1968 5192 2081 5228 γεν.

2006 5192 2081 5229 εν.

2104 5243 2307 5316 Regius
2337 5244 2546 5317 primus
2568 5248 2623 5317 et
2650 5237 3035 5317 Seguerianus,
3070 5242 3167 5296 καὶ
3195 5246 3279 5299 ὅτι
3311 5246 3443 5317 σάρ-

1882 5310 1974 5370 καζ
2005 5310 2213 5370 Caneri
2227 5324 2280 5370 et
2310 5310 2441 5368 editi
2471 5312 2729 5367 omittunt
2757 5310 2859 5361 ὅτι.

1950 5384 2080 5468 (42)
2103 5384 2304 5468 Regius
2322 5385 2546 5468 primus
2575 5390 2629 5436 et
2662 5378 3050 5450 Seguerianus,
3084 5385 3165 5439 ὅτι
3207 5385 3346 5440 οὐδέ.
3381 5385 3439 5440 In

1878 5453 2001 5509 aliis
2033 5453 2088 5509 et
2112 5453 2271 5509 edi—tis
2304 5453 2455 5507 deest
2488 5454 2592 5507 ὄτι.

1951 5524 2064 5609 (45)
2082 5524 2306 5609 ,βςείιιε
2332 5525 2542 5609 primus
2561 5531 2631 5609 Aet
2649 5518 3042 5609 Seguer'ianus,
3072 5526 3201 5596 ποίᾳ
3216 5524 3341 5609 duis:
3351 5542 3437 5606 ρᾳ.

1840 5593 2055 5661 .lidem’
2081 5593 2278 5648 ibidem
2322 5594 2581 5647 omittunt
2618 5593 2900 5661 sequentia
2934 5597 3117 5658 verba,
3147 5593 3437 5649 διαὶπάλιν

1876 5660 1910 5739 ᾖ
1940 5665 1999 5718 ού
2029 5664 2231 5721 δοκεῖτε
2259 5662 2377 5734 ὥρᾳ
2404 5665 2433 5716 ὁ
2464 5663 2591 5727 Υἱὸς
2619 5660 2713 5716 τοῦ
2744 5664 3027 5738 ἀνθρώπου
3054 5664 3291 5737 ἔρχεται.
