3834 6220
196 294 309 350 ιειι

1309 283 1576 342 nmmo
1602 269 1678 338 ἰιι
1710 277 1997 337 CONTRA
2031 278 2357 337 AR-IANOS.

3356 279 3462 334 4‘22

201 409 418 479 Ὠσπερ
449 405 580 479 γὰρ,
613 405 896 477 ἄνθρωπος
933 400 1244 472 γενόμενος,
1297 397 1435 470 μετά
1484 393 1783 468 ἀνθρώπων

1894 391 1958 446 ita
1985 393 2190 462 pariter
2219 407 2344 446 cum
2375 390 2713 456 hominibus,
2744 400 2803 446 ut
2832 391 3018 454 homo,
3050 405 3160 445 non
3191 391 3372 448 novit:
3409 401 3467 446 at

201 499 368 568 πεινᾷ
397 498 492 550 καὶ
541 495 671 567 διψᾷ
699 494 795 548 καὶ
843 494 1078 563 πάσχει,
1126 489 1269 545 οὕτω
1324 489 1462 560 μετὰ
1525 488 1620 559 μὲν
1681 484 1789 538 τῶν

199 586 511 658 ἀνθρώπων
545 586 681 657 (55),
714 585 790 648 ὡς
817 583 1123 655 ἄνθρωπος,
1174 583 1275 636 οὐκ
1303 578 1431 634 οἶδε·
1470 578 1665 641 θεῖκῶς
1707 577 1786 640 δὲ,

201 681 263 734 ὲν
287 679 368 750 τῷ
399 677 702 752 Πατρὶ-ὣν
749 678 922 746 Λόγος
961 679 1056 730 καὶ
1094 675 1282 744 Σοφία,
1325 670 1456 738 οἶδε,
1499 673 1594 726 καὶ
1638 670 1788 724 οὐδέν

203 772 377 833 ἐστιν,
406 772 436 824 δ
460 773 662 839 ἀγνοεῖ.
693 768 878 832 Οὕτως
906 769 1000 822 καὶ
1029 767 1156 840 περὶ
1206 765 1457 837 Λαζάρου
1489 765 1649 818 πάλιν
1695 765 1788 818 ἀν-

204 862 497 932 θρωπίνως
530 861 879 923 πυνθάνεται,
898 862 926 913 6
953 857 1064 930 (56)
1098 857 1345 912 ἀπελθὼν
1373 858 1581 926 ἐγεῖραι
1603 856 1784 919 αὐτὸν,

205 956 302 1008 καὶ
335 953 492 1018 εἰδὼς
522 953 685 1007 πόθεν
717 952 1119 1021 ἀνακαλέσηται
1167 952 1264 1022 τὴν
1305 951 1555 1020 Λαζάρου
1586 948 1782 1020 ψυχήν

208 1047 396 1119 μεῖζον
418 1046 475 1099 δὲ
499 1046 560 1099 τὸ
586 1046 805 1108 εἰδέναι,
840 1042 944 1098 ποῦ
999 1041 1066 1116 ἦν
1095 1045 1128 1116 ἡ
1159 1044 1305 1116 ψυχὴ
1355 1043 1488 1113 (57),
1534 1040 1627 1094 τοῦ
1654 1041 1788 1094 εἰδέ-

203 1156 321 1203 ναι,
357 1137 462 1192 ποῦ
519 1137 698 1190 ἔκειτο
739 1138 802 1190 τὸ
861 1137 1038 1207 σῶμα·
1083 1135 1224 1190 ἀλλά
1281 1135 1630 1207 ἀνθρωπίνως
1686 1137 1785 1187 ἐπ-

197 1231 398 1302 ηρώτα
449 1230 585 1302 (58),
630 1232 716 1285 ἵνα
785 1229 980 1293 θεῖκῶς
1033 1230 1306 1301 ἀνεγείρῃ.
1357 1227 1512 1280 Οὕτω
1559 1226 1786 1281 καὶτῶν

209 1323 471 1395 μαθητῶν
499 1322 824 1377 πυνθάνεται
849 1321 1017 1374 ἐλθὼν
1055 1324 1135 1384 είς
1166 1319 1236 1374 τὰ
1259 1320 1397 1391 μέρη
1425 1318 1781 1389 Καισαρείας,

206 1417 416 1488 καίπερ
441 1415 595 1480 είδὼς
635 1416 729 1468 καὶ
782 1415 910 1486 πρὶν
955 1413 1352 1486 ἀποκρίνασθαι
1399 1414 1489 1465 τὸν
1554 1412 1779 1483 Πέτρον.

201 1510 273 1562 Ἐἰ
300 1507 409 1580 γὰρ
432 1509 462 1560 6
490 1508 680 1578 Πατὴρ
703 1506 1018 1576 ἀπεκάλυψε
1048 1505 1126 1576 τῷ
1164 1505 1272 1574 (59)
1308 1504 1498 1575 Πέτρῳ
1533 1503 1660 1574 περὶ
1708 1496 1782 1556 ὧν

193 1601 237 1652 -6
259 1598 464 1669 Κύριος
487 1596 833 1663 ἐπυνθάνετο,
864 1596 1021 1668 δῆλόν
1069 1598 1235 1658 ἐστιν,
1284 1595 1365 1648 ὅτι
1401 1594 1486 1647 διὰ
1533 1593 1626 1646 τοῦ
1651 1593 1780 1646 Υἱοῦ

205 1687 432 1757 γέγονεν
459 1689 492 1757 ή
542 1686 899 1755 ἀποκάλυψις⁸
939 1686 1148 1751 Οὐδεὶς
1179 1685 1286 1755 γὰρ
1313 1681 1436 1739 οἶδε
1467 1684 1573 1738 τὸν
1614 1683 1771 1747 Υίὸν,

1896 499 2019 538 cum
2049 483 2119 539 sit
2152 484 2205 538 in
2245 482 2406 538 Patre
2441 481 2678 538 Verbum
2724 493 2778 538 et
2825 483 3123 554 Sapientia,
3164 485 3465 538 secundum

1888 575 2226 630 divinitatem
2277 575 2461 640 novit,
2495 577 2742 646 nihilque
2783 593 3007 646 prorsus
3049 587 3131 632 est
3170 577 3315 646 quod
3369 591 3467 629 nec

1888 669 2046 722 sciat.
2076 665 2167 721 Sic
2204 667 2271 721 de
2295 666 2522 733 Lazaro,
2549 677 2610 721 ut
2655 668 2816 724 homo
2859 669 3194 739 interrogat,
3228 683 3351 722 cum
3382 675 3466 721 ta-

1886 776 2010 815 men
2037 762 2172 832 ipse,
2207 771 2268 817 ut
2303 777 2426 816 eum
2462 777 2492 815 a
2520 762 2752 817 mortuis
2796 763 3079 826 excitaret,
3114 762 3466 833 progredere-
3509 801 3511 803 ι

1889 861 1993 916 tur,
2035 855 2306 925 sciretque
2352 855 2621 908 undenam
2668 855 2906 908 animam
2963 856 3083 922 ejus
3139 863 3462 908 revocaret:

1887 947 2036 1018 atqui
2063 945 2239 1017 majus
2267 946 2470 1016 aliquid
2492 955 2577 1001 est
2600 961 2928 1017 cognoscere
2950 948 3168 1001 ubinam
3194 947 3263 1002 sit
3283 947 3465 1001 anima

1886 1054 2048 1108 quam
2097 1038 2188 1090 ubi
2244 1052 2440 1105 corpus
2466 1037 2661 1106 jaceat.
2710 1035 2946 1104 Verum,
2976 1047 3245 1107 quatenus
3276 1036 3461 1100 homo,

1885 1129 2361 1201 percunctabatur,
2380 1138 2440 1183 ut
2466 1129 2626 1182 vitam
2647 1127 2855 1183 Lazaro
2885 1137 3140 1199 tanquam
3168 1129 3310 1184 Deus
3337 1127 3466 1182 red-

1885 1223 2053 1276 deret.
2110 1221 2199 1276 Sic
2249 1221 2400 1284 item,
2436 1237 2558 1276 cum
2611 1223 2664 1276 in
2699 1230 2883 1292 partes
2911 1221 3173 1276 Cmsareaa
3195 1221 3459 1284 venisset,

1887 1313 2236 1383 interrogavit
2272 1312 2596 1381 discipulos,
2634 1313 2850 1368 tametsi
2883 1313 2936 1366 id
2976 1313 3043 1368 de
3077 1327 3188 1383 quo
3225 1313 3462 1366 interro-

1885 1407 2066 1477 gabat,
2091 1415 2216 1461 ante
2248 1405 2386 1460 Petri
2420 1421 2740 1474 responsum
2773 1405 2954 1460 sciret.
2990 1404 3202 1459 Etenim
3227 1405 3272 1459 si
3303 1402 3463 1458 Pater

1889 1497 2045 1552 Petro
2069 1512 2130 1551 ea
2165 1513 2285 1566 quae
2315 1493 2773 1565 quaerebatFilius
2801 1494 3075 1566 patefecit,
3104 1510 3212 1549 non
3235 1494 3460 1548 dubium

1885 1601 1968 1647 est
1995 1592 2127 1662 quin
2161 1607 2256 1661 per
2299 1590 2495 1645 Filium
2527 1589 2728 1645 fuerint
2767 1589 3053 1660 patefacta.
3093 1587 3262 1642 Nemo
3290 1589 3460 1652 enim,

1892 1685 2099 1754 inquit,
2130 1686 2270 1738 nouit
2318 1684 2363 1737 F
2369 1684 2519 1737 ilium
2553 1684 2658 1738 nisi
2685 1682 2869 1745 Pater,
2905 1692 2953 1735 et
2984 1681 3199 1736 Patrem
3223 1682 3326 1734 nisi
3370 1678 3464 1734 Fi-

207 1779 400 1850 φησιν,
430 1781 480 1831 εί
509 1777 592 1846 μὴ
619 1781 651 1832 ό
694 1777 916 1844 Πατὴρ,
952 1778 1049 1830 καὶ
1105 1777 1213 1829 τὸν
1250 1774 1500 1846 Πατέρα,
1530 1778 1583 1830 εὶ
1627 1774 1714 1845 μὴ
1754 1778 1785 1828 ό

1894 1775 2014 1840 lius,
2045 1785 2095 1830 et
2143 1777 2228 1830 cui
2276 1774 2325 1828 F
2329 1777 2454 1830 ilius
2496 1775 2717 1829 voluerit
2765 1775 2991 1827 revelare
3030 1773 3096 1826 "'.
3130 1772 3380 1834 Proinde,
3414 1773 3462 1828 si

213 1869 374 1934 Υἱὸς,
414 1868 512 1921 καί
543 1860 593 1932 ᾧ
633 1867 745 1921 ἐὰν
769 1865 910 1935 θέλῃ
945 1870 977 1920 ὀ
1040 1865 1172 1930 Υἱὸς
1224 1865 1610 1934 ἀποκαλύψαι
1651 1864 1783 1935 (60).

203 1959 276 2014 Εἰ
295 1960 352 2012 δὲ
380 1960 446 2012 δι’
478 1958 605 2012 Υἱοῦ
629 1959 663 2029 ἦ
692 1976 749 2011 τε
779 1957 873 2010 τοῦ
904 1958 1118 2028 Πατρὺς
1166 1958 1260 2012 καὶ
1288 1956 1382 2011 τοῦ
1421 1956 1550 2010 Υἱοῦ
1589 1956 1786 2026 γνῶσις

209 2050 675 2113 ἀποκαλύπτεται,
707 2050 805 2102 οὐκ
837 2048 1138 2118 ἀμφίϐολον
1179 2048 1254 2112 ὡς
1281 2049 1441 2112 αὐτὸς
1460 2048 1489 2099 6
1523 2048 1788 2101 πυνθανό-

213 2156 377 2210 μενος
398 2139 623 2210 Κύριος,
656 2139 918 2210 πρότερον
941 2137 1295 2208 ἀποκαλύψας
1319 2138 1395 2208 τῷ
1411 2139 1604 2210 Πέτρῳ
1637 2138 1788 2208 παρὰ

209 2230 304 2284 τοῦ
338 2230 451 2301 (61)
484 2231 718 2302 Πατρὸς,
755 2229 978 2301 ὕστερον
1035 2229 1390 2302 ἀνθρωπίνως
1437 2232 1784 2285 δπυνθάνετοσ

211 2321 298 2373 ἵνα
322 2323 416 2373 καὶ
445 2320 601 2373 τοῦτο
616 2319 786 2390 δείξῃ,
811 2320 892 2372 ὅτι
924 2319 1202 2392 σαρκικῶς
1224 2319 1644 2390 πυνθανόμενος,
1671 2321 1787 2392 ᾔδει

207 2411 410 2475 θεῖκῶς
442 2412 478 2465 ἃ.
509 2411 698 2482 ἔμελλε
720 2412 898 2480 λέγειν
940 2414 968 2465 ὁ
1026 2413 1250 2486 Πέτρος·
1289 2409 1429 2466 οἶδεν
1455 2415 1562 2485 ἄρα
1585 2417 1613 2466 6
1639 2415 1785 2476 Υἱὸς,

209 2504 495 2574 γινώσκων
520 2506 588 2559 τά
624 2505 819 2570 πάντα,
876 2505 967 2559 καὶ
1007 2505 1289 2574 γινώσκων
1321 2508 1412 2560 τὸν
1446 2504 1635 2560 ἑαυτοῦ
1675 2507 1798 2561 Πα-’

209 2597 346 2667 τέρα
368 2596 504 2667 (62),
535 2592 605 2668 ἦς
636 2597 888 2667 γνώσεως
915 2597 1038 2652 οὔτε
1075 2599 1259 2670 μεῖζον
1309 2597 1434 2651 οὔτε
1461 2599 1788 2671 τελειότερον

196 2687 279 2741 »ἄν
311 2704 365 2739 τι
397 2687 627 2756 γένοιτο.

280 2778 372 2832 47.
421 2779 602 2832 Ἱκανά
639 2781 735 2850 μὲν
766 2775 859 2834 οὖν
916 2779 1088 2834 ταῦτα
1133 2780 1270 2852 πρὸς
1311 2780 1529 2851 ἔλεγχον
1571 2781 1785 2835 αὐτῶν·

208 2867 512 2939 ἐϐουλόμην
555 2869 612 2921 δὲ
662 2871 934 2940 ἐρωτῆσαι
982 2870 1138 2941 (62⁶),
1171 2873 1256 2924 ἵνα
1280 2872 1374 2924 καὶ
1405 2871 1575 2936 οὕτως
1606 2873 1790 2946 ἐχθροὶ

214 2959 416 3029 μᾶλλον
445 2959 546 3029 τῆς
567 2959 822 3030 ἀληθείας
868 2961 1220 3016 δεικνύωνται
1269 2963 1364 3017 καὶ
1412 2965 1783 3036 χριστομάχοι.

1887 1867 2064 1923 Patris
2089 1880 2142 1922 ct
2170 1867 2291 1922 Filii
2335 1867 2573 1938 cognitio
2599 1881 2694 1937 per
2748 1865 2944 1920 Filium
2991 1866 3241 1927 habetur,
3279 1867 3462 1922 nullus

1887 1959 2167 2016 dubitandi
2195 1960 2349 2014 locus
2371 1968 2476 2026 est,
2511 1959 2644 2027 quin
2671 1958 2786 2028 ipse
2813 1957 3079 2012 Dominus
3102 1958 3194 2026 qui
3229 1957 3465 2012 interro-

1888 2052 2068 2123 gabat,
2091 2051 2143 2106 id
2173 2051 2325 2121 prius
2346 2050 2504 2106 Petro
2525 2066 2590 2104 ex
2613 2049 2772 2104 Patre
2793 2048 3132 2114 revelaverit,
3160 2047 3463 2118 deindeque

1889 2152 1949 2196 ut
1991 2143 2155 2196 homo
2208 2140 2642 2211 interrogaverit,
2680 2153 2789 2209 quo
2822 2138 3218 2193 demonstraret
3261 2154 3346 2200 ea,
3394 2139 3463 2192 de

1887 2233 2088 2304 quibus
2142 2233 2443 2289 secundum
2497 2247 2715 2288 carnem
2779 2230 3176 2293 sciscitabatur,
3237 2239 3291 2284 et
3341 2247 3463 2300 qua:

1887 2324 2080 2380 Petrus
2112 2334 2230 2380 erat
2269 2324 2538 2390 dicturus,
2570 2339 2629 2378 se
2658 2322 2957 2378 secundum
2999 2321 3334 2377 divinitatem
3365 2338 3460 2376 co-

1888 2416 2037 2485 gnita
2094 2415 2316 2470 habere.
2352 2414 2653 2470 Fatendum
2701 2429 2830 2484 ergo
2882 2421 2966 2467 est
3012 2413 3105 2467 illa
3141 2415 3464 2484 cognovisse

1887 2507 2108 2572 Filium,
2139 2509 2235 2578 qui
2282 2523 2477 2578 nempe
2515 2505 2698 2562 omnia
2745 2516 2800 2561 et
2847 2521 3003 2561 suum
3039 2505 3256 2561 Patrem
3287 2511 3458 2573 novit,

1887 2613 1995 2667 qua
2022 2597 2200 2653 Patris
2228 2598 2536 2668 cognitione
2582 2595 2720 2651 nihil
2762 2611 2895 2652 sane
2931 2596 3114 2667 majus
3156 2605 3250 2651 aut
3283 2596 3463 2667 perfe-

1888 2689 2030 2742 ctius
2055 2704 2177 2744 esse
2207 2697 2403 2758 potest.

1965 2781 2054 2837 47.
2079 2780 2147 2834 Et
2179 2780 2294 2835 haec
2321 2781 2540 2851 quidem
2563 2779 2836 2835 suﬂiciunt
2863 2781 2928 2835 ad
2961 2781 3082 2836 illos
3116 2780 3271 2850 plene
3303 2779 3466 2834 refel—

1887 2872 2094 2927 lendos.
2145 2868 2360 2927 Liberet
2411 2881 2586 2926 tamen
2635 2873 2752 2928 haec
2787 2872 2994 2928 abillis
3021 2873 3317 2942 requirere,
3353 2889 3464 2942 quo
3569 2926 3575 2933 _

1887 2965 2195 3021 evidentius
2245 2966 2318 3020 sit
2367 2981 2462 3020 eos
2509 2973 2563 3020 et
2593 2965 2838 3021 veritatis
2880 2974 2934 3020 et
2977 2964 3178 3022 Christi
3223 2965 3464 3020 nefarios

223 3050 284 3102 30
326 3050 644 3116 Ἀπόστολος
672 3055 727 3105 ἐν
755 3056 818 3125 τῇ
865 3053 1091 3126 δευτέρᾳ
1116 3056 1251 3128 πρὸς
1289 3057 1608 3129 Κορινθίους
1644 3060 1785 3114 Ἐπι-

1894 3059 2078 3112 hostes
2101 3072 2260 3112 esse:
2299 3056 2506 3112 scilicet
2536 3057 2829 3125 Apostolus
2873 3058 3108 3112 secunda
3161 3058 3227 3112 ad
3271 3059 3466 3111 Coriu-

209 3140 376 3211 στολῇ
427 3142 653 3213 γράφων
702 3144 894 3214 φησίν·
946 3142 1090 3198 Οἶδα
1156 3147 1469 3216 ἄνθρωπον
1533 3150 1603 3203 ὲν
1659 3153 1790 3218 Χρι-

211 3233 341 3299 στῷ
365 3232 478 3302 (65)
499 3237 610 3304 πρὸ
635 3235 784 3290 ἐτῶν
819 3237 1278 3308 δεκατεσσάρων
1300 3241 1421 3294 εἶτε
1452 3241 1522 3295 ἐν
1539 3241 1788 3312 σώματι,

211 3328 328 3382 οὐκ
376 3326 530 3391 οἶδα,
586 3329 706 3382 sits
747 3329 920 3395 ἐκτὸς
963 3331 1068 3385 τοῦ
1111 3330 1416 3400 σώματος,
1469 3335 1581 3387 οὐκ
1631 3331 1785 3388 οῖδα·

196 3421 248 3470 μό
283 3418 429 3482 Θεὸς
457 3417 599 3472 οἶδε.
623 3419 688 3471 Τί
721 3420 900 3473 τοίνυν
928 3421 1098 3490 φατέ;
1136 3417 1275 3475 οἶδεν
1316 3425 1344 3475 6
1415 3424 1732 3490 Ἀπόστολος
1757 3425 1787 3480 ὃ

207 3508 485 3562 πέπονθεν
512 3511 570 3562 ἐν
600 3513 666 3582 τῇ
691 3511 943 3584 ὀπτασίᾳ,
967 3513 1071 3567 κᾶν
1126 3514 1280 3586 λέγῃ,
1315 3516 1413 3568 οὐκ
1445 3512 1582 3582 οἴδα,
1621 3517 1654 3589 ἤ
1688 3520 1788 3572 οὐκ

196 3594 391 3665 κοῖδενς
424 3591 489 3653 Ei
516 3601 612 3672 μὲν
638 3597 728 3656 οὖν
760 3603 875 3656 οὐκ“
908 3599 1037 3669 οἶδε,
1090 3608 1360 3673 σκοπεῖτε,
1393 3605 1488 3678 μὴ,
1531 3606 1788 3678 μαθόντες

214 3690 460 3754 πίπτειν,
481 3691 682 3761 πέσητε
712 3693 806 3746 καὶ
830 3695 910 3759 είς
935 3696 1032 3767 τὴν
1053 3697 1160 3750 τῶν
1191 3697 1416 3768 Φρυγῶν
1465 3698 1574 3770 (64)
1610 3718 1788 3772 παρα-

199 3781 411 3851 νομίαν
437 3781 546 3836 τῶν
583 3783 846 3853 λεγόντων
871 3786 944 3857 μή
965 3787 1161 3842 εἰδέναι
1182 3789 1308 3853 τοὺς
1329 3793 1630 3863 προφήτας,
1653 3794 1786 3865 μηδὲ

212 3875 344 3936 τοὺς
365 3873 558 3938 ἄλλους
583 3877 707 3940 τοὺς
729 3877 1153 3950 διακονήσαντας
1199 3883 1290 3936 τὸν
1321 3884 1512 3952 Λόγον,
1564 3885 1700 3955 μήτε
1749 3884 1786 3938 ἃ

215 3963 452 4029 ποιοῦσι,
487 3967 624 4036 μήτε
657 3970 784 4040 περὶ
811 3970 973 4025 τίνων
1025 3971 1474 4041 ἀπαγγέλλουσιν*
1513 3975 1644 4027 εἰδὲ
1676 3969 1782 4028 οἶδε

207 4056 414 4126 λέγων,
443 4061 554 4113 οὐκ
587 4055 738 4115 οἴδα·
763 4057 878 4132 εἶχε
924 4063 1032 4134 γὰρ
1091 4066 1148 4117 ὲν
1181 4065 1357 4135 ἐαυτῷ
1424 4066 1515 4119 τὸν
1559 4065 1792 4138 Χριστὸν

289 4275 335 4307 ⁵³
372 4274 506 4332 Luc.
543 4293 599 4338 ι.
634 4278 725 4333 22.
801 4280 848 4312 “
885 4279 930 4334 ll
961 4280 1088 4337 Cor.
1115 4298 1215 4347 ιιι,
1241 4283 1296 4336 2.

1893 3148 2037 3204 thios
2067 3146 2302 3217 Epistola
2344 3147 2418 3200 ita
2450 3147 2638 3201 scribit
2665 3164 2679 3200 :
2715 3144 2837 3200 Scio
2876 3147 3132 3200 hominem
3164 3149 3219 3200 in
3250 3147 3464 3201 Christo

1892 3251 2012 3295 ante
2039 3257 2204 3294 annos
2227 3239 2627 3310 quatuordecim
2653 3238 2758 3292 sive
2790 3238 2846 3290 in
2875 3253 3109 3306 corpore,
3147 3239 3320 3290 nescio
3355 3239 3464 3291 sive

1891 3345 2046 3388 extra
2074 3347 2284 3400 corpus,
2317 3331 2512 3393 nescio,
2547 3329 2687 3382 Deus
2713 3329 2811 3381 scit
2836 3327 2882 3358 “
2930 3328 3069 3394 Quid
3104 3344 3232 3398 ergo
3263 3328 3350 3383 hic
3377 3329 3462 3382 di-

1891 3424 2052 3482 citis?
2085 3422 2246 3478 Novit
2276 3420 2570 3491 Apostolus
2591 3419 2722 3490 quid
2752 3419 2857 3474 sibi
2897 3420 2951 3472 in
2983 3419 3189 3474 visione
3216 3420 3460 3490 contige-

1888 3516 1979 3578 rit,
2006 3514 2132 3569 licet
2153 3513 2317 3578 dicat,
2341 3510 2548 3577 nescio,
2581 3509 2664 3563 vel
2691 3524 2800 3563 non
2822 3508 3009 3563 novit?
3035 3509 3090 3563 Si
3107 3523 3215 3564 non
3244 3509 3462 3565 novisse

1887 3605 2048 3678 473
2095 3601 2432 3673 respondetis
2455 3639 2470 3666 ,
2501 3599 2680 3655 videte
2706 3614 2772 3654 ne
2804 3599 3086 3653 erroribus
3132 3601 3369 3664 assueti,
3401 3601 3456 3654 in

1889 3697 2162 3768 Phrygum
2189 3709 2406 3766 quoque
2431 3693 2762 3763 impietatem
2788 3692 3040 3747 incidatis
3062 3691 3195 3761 (65),
3224 3707 3457 3762 quorum

1892 3804 2082 3858 nempe
2111 3788 2378 3843 sententia
2404 3794 2488 3843 est
2516 3785 2810 3856 prophetas
2838 3793 2892 3838 et
2930 3783 3068 3838 alios
3096 3781 3255 3838 Verbi
3285 3785 3460 3840 admi-

1891 3882 2092 3936 nistros
2121 3881 2373 3951 ignorare
2421 3889 2536 3933 tum
2569 3894 2634 3934 ea
2679 3893 2801 3948 qua:
2848 3886 3034 3948 agunt,
3066 3885 3180 3932 tum
3212 3893 3332 3947 quae
3359 3894 3458 3933 an-

1890 3974 2159 4028 nuutiant.
2191 3971 2345 4040 Quod
2374 3971 2420 4027 si
2452 3981 2641 4028 nosset
2686 3987 2811 4026 cum
2841 3970 2996 4034 dixit,
3032 3972 3228 4038 nescio,
3258 3971 3459 4042 quippe

1888 4067 1980 4135 qui
2031 4066 2309 4123 Christum
2344 4067 2397 4120 in
2437 4066 2618 4136 seipso
2663 4065 2768 4120 sibi
2816 4065 3001 4120 omnia
3044 4063 3462 4134 patefacientem

287 4471 1394 4564 (εδὶβεξὲξιξρῖὶεεε,ειβεειιενξξηυβν
1417 4479 1526 4564 τῶν
1561 4481 1772 4564 ἐνορώ-

1894 4484 2005 4564 Γίδς
2019 4483 2360 4564 ἀπο-καλύψῃ.
2382 4482 2552 4564 Editi,
2565 4478 2608 4553 ᾧ
2624 4485 2718 4564 ἐάν
2735 4485 2865 4564 θέλῃ
2893 4489 2921 4541 6
2946 4487 3074 4564 1:16;
3089 4489 3455 4564 ἀποκαλύψαι.

210 4544 357 4622 πων.
396 4544 452 4597 In
481 4544 602 4622 aliis
626 4553 680 4597 et
699 4546 860 4622 editis
880 4546 1030 4622 deest
1055 4544 1184 4622 των.
1215 4544 1387 4622 Paulo
1409 4561 1552 4622 post,
1571 4544 1774 4622 Regius

214 4617 428 4704 primus
455 4622 546 4704 Aet...
567 4612 1183 4704 SegtteJrianusﬁs'ixtEt‘;
1213 4619 1290 4704 δὲ,
1321 4623 1382 4704 εν
1404 4612 1482 4704 ἐς)
1502 4612 1684 4704 ’Πατρξῗ
1707 4621 1782 4704 ᾣν

444 4683 551 4738 Alii
601 4693 657 4738 et
691 4685 848 4754 editi,
893 4685 1089 4751 θεῑκῶς
1115 4687 1193 4750 δὲ,
1220 4688 1295 4743 ὢν
1317 4691 1374 4744 ὲν
1403 4683 1479 4763 τῷ
1501 4683 1676 4764 Πατρὶ
1707 4693 1783 4757 ὡς

289 4825 402 4894 (56)
441 4822 573 4895 Beg.
602 4823 659 4895 1,
688 4824 912 4895 Seguer.
948 4825 1165 4882 Gobler.
1193 4838 1246 4883 et
1269 4828 1508 4885 Felckm.
1542 4833 1565 4884 1
1617 4833 1782 4888 omit-

214 4892 340 4970 tum
365 4896 415 4947 6.
445 4892 830 4970 MogRegiu's‘
855 4897 1071 4970 primus
1085 4909 1139 4970 et
1165 4897 1548 4970 Seguerianus,
1574 4903 1782 4958 ἀνακα-

212 4965 468 5088 Mog-cat:
489 4963 594 5016 Alii
623 4963 1294 5050 ειεάἰιὶξάνακαλέσετοζι.

287 5039 303 5088 (
350 5034 402 5088 7)
429 5031 775 5088 l'elckmaum
799 5038 1070 5088 secundus
1102 5051 1154 5088 et
1179 5042 1290 5088 edll

350 5034 402 5104 7)
429 5031 775 5104 Felckmauni
799 5031 1070 5092 secundus
1102 5051 1154 5093 et
1179 5039 1346 5092 editio
1368 5037 1660 5103 Commel.,
1678 5041 1779 5095 ποῦ

211 5106 261 5184 ὴ.
281 5102 448 5184 ψυχή.
483 5102 602 5184 Mox
637 5105 840 5184 [tegius
861 5107 1078 5184 primus
1102 5117 1158 5163 et
1184 5109 1572 5184 seguerianus,
1604 5102 1782 5166 ἔκειτο

209 5173 276 5227 τὸ
517 5173 703 5248 At_a|ii
728 5173 782 5248 et
809 5177 958 5248 editi,
987 5176 1162 5248 ἔκειτο
1191 5173 1414 5248 σῶ”μα.-
1441 5241 1446 5244 _

287 5241 403 5324 (58)
443 5241 698 5324 Sicﬂeg.
731 5247 782 5306 l,
805 5245 1032 5324 Seguer.
1057 5241 1353 5324 Gobler.'et
1375 5241 1613 5324 Felckm.
1645 5251 1782 5324 l._At

211 5313 306 5367 alii
340 5322 400 5387 et
422 5313 574 5379 editi,
594 5313 1114 5387 genspwtciﬂbidem
1141 5316 1346 5387 Regius
1376 5319 1582 5385 primus
1608 5329 1662 5374 et
1693 5321 1784 5374 Se-

207 5383 510 5451 guerianus
535 5422 550 5446 ,
593 5384 677 5436 ἴνα
714 5383 845 5437 καὶ⁷
875 5385 1086 5450 θεῖκῶς.
1137 5383 1259 5442 Moi
1315 5383 1673 5446 Goblerianus
1725 5400 1782 5446 et

210 5453 567 5539 li‘clls‘ltma‘nni
603 5455 1016 5539 ρτίῐηιιεᾎπαρά
1046 5456 1462 5539 τῶντμαθητῷν.

443 5521 535 5604 Sic
575 5521 804 5604 uterque
827 5521 1035 5598 Regius
1069 5538 1124 5582 et
1164 5521 1548 5598 Seguerianus.
1584 5531 1652 5587 At
1685 5532 1776 5586 alii

207 5603 262 5648 et
285 5593 520 5663 editijq)
548 5594 825 5650 omittunt.

283 5663 396 5735 (60)
415 5660 547 5734 Reg.
577 5664 628 5732 1,
661 5665 885 5735 Seguer.
916 5663 1133 5724 Gobler.
1155 5679 1206 5724 et
1227 5667 1466 5725 Felckm.
1509 5671 1556 5736 l,
1589 5663 1632 5738 ᾧ
1659 5669 1723 5724 ἂν
1747 5673 1804 5742 ὁ,

1953 4544 2064 4630 (61)
2107 4544 2429 4630 Sicpriijtus
2454 4544 2928 4630 codex_Regius'et
2959 4544 3362 4630 Seguerianusf
3382 4544 3460 4618 ᾏὶ

1884 4623 2065 4696 aliiet
2092 4625 2265 4696 editi,
2277 4623 2347 4676 τὰ
2381 4627 2528 4696 παρά
2558 4625 2672 4678 τοῦ.

1957 4693 2068 4774 (62)
2110 4692 2206 4774 Sic
2221 4693 2362 4774 Beg:
2396 4692 2704 4774 L'Seguer.
2726 4693 3019 4774 Goblerzet
3045 4697 3282 4774 F_cl_c_lt_m.
3313 4701 3364 4754 l.
3389 4703 3456 4774 At

1885 4759 1978 4818 alii
2023 4759 2103 4840 ει-
2122 4764 2290 4840 editio
2316 4759 2750 4840 conmmel'iniana
2778 4759 2914 4820 οἶδεν
2943 4767 3052 4840 ἄρα
3078 4771 3107 4822 6
3138 4768 3265 4834 Υἱὸς
3294 4771 3457 4840 γινώ-

1886 4849 2029 4904 σκων
2057 4834 2163 4904 τὸνᾷ
2172 4832 2364 4904 ἑαυτοῦ
2392 4833 2630 4904 Πατέρα.

1957 4903 2090 4977 (62')
2133 4902 2224 4956 Sic
2254 4903 2486 4977 primus
2519 4902 2924 4977 codexﬁegius
2965 4915 3028 4977 et_
3065 4905 3450 4977 Seguerianus.

1885 4972 2028 5047 Editi
2061 4982 2240 5047 autem
2267 4982 2320 5027 et
2340 4972 2584 5047 Felckm.
2612 4974 2669 5039 2,
2697 4974 2752 5047 δὲ
2780 4975 2845 5031 αὖ
2872 4972 3162 5047 ἐρωτῆσαιῖ
3182 4977 3287 5030 Alii
3317 4996 3450 5034 mss.

1883 5043 1939 5096 δὲ
1969 5043 2163 5116 αὐτοὺς
2191 5041 2488 5116 ἐρωτῆσαι.
2516 5042 2639 5098 Mox
2669 5045 2878 5116 primus
2906 5041 3081 5100 codex
3112 5046 3332 5116 Regius,
3359 5050 3456 5105 Se-

1883 5127 2036 5176 guer.
2087 5113 2298 5180 Anglic.
2355 5112 2572 5168 Gobler.
2623 5112 2682 5168 et
2727 5114 2963 5171 Felckm.
3006 5112 3450 5180 1,δεικ⁷νύωνται.

1883 5180 2230 5255 Felekmaimi
2283 5184 2576 5255 secundus,
2627 5186 3032 5240 δεικνύσωνται.
3097 5187 3335 5244 Felckm.
3397 5192 3449 5255 5,

1882 5251 2268 5328 δειχθ-ήτωσαν.
2301 5253 2484 5328 Aliiet
2512 5256 2662 5318 editi,
2693 5255 3084 5328 δειχθήσονται.

1885 5393 1931 5444 Χ
1957 5321 2096 5403 (65)-
2111 5321 2312 5393 Regius
2341 5323 2551 5392 primus
2590 5335 2644 5379 et
2688 5321 3052 5396 Seguerianus
3082 5326 3360 5392 omittunt,
3394 5329 3454 5381 ὲν

1939 5409 2126 5444 οιστω.

1975 5409 2126 5445 ιστω.

1939 5409 2238 5535 ῆέσῦῳίῖεε.
2270 5464 2309 5535 lg
2326 5471 2381 5516 et
2401 5462 2658 5535 Seguer.,
2693 5464 2955 5535 μαθόντες
2983 5465 3200 5519 πίπτειν
3237 5467 3451 5521 πεσείτε

1883 5532 1975 5584 καὶ
2001 5533 2080 5608 είς
2113 5532 2212 5602 τὴν
2242 5531 2350 5608 τῶν
2378 5534 2624 5608 Φρυγῷν.
2662 5531 2850 5608 σωιειηὶ
2872 5547 2931 5608 et
2955 5539 3086 5608 editi
3105 5578 3121 5602 ,
3159 5536 3454 5608 μανθάνον-

1879 5601 2235 5676 τεςπίπ-τειν,
2266 5601 2468 5676 πέσητε
2499 5606 2592 5656 καὶ⁵
2625 5607 2704 5667 εἰς
2731 5605 2828 5675 τὴν
2855 5606 3100 5676 Φρυγῶν.

1952 5673 2060 5743 (65)
2093 5670 2221 5726 Vide
2265 5670 2478 5742 Iipiplu,
2520 5676 2710 5731 ltmres.
2752 5670 2839 5730 48.
