3834 6220
167 337 285 394 ηδ

1283 323 1544 382 ORATIO
1584 322 1650 378 Ill
1686 320 1968 377 CONTRA
2003 317 2324 376 ARIANOS.

3317 322 3424 378 126

165 455 303 525 ἡμῖν
338 452 400 506 τὸ
438 451 704 524 χρήσιμον
732 447 999 520 ἐφύλαξεν
1035 450 1064 503 ὁ
1087 448 1302 523 Σωτήρ·
1327 448 1375 500 εἰ
1407 446 1522 517 γὰρ
1553 445 1623 498 τὰ
1643 443 1735 515 μὲν

1847 447 2017 495 strum
2051 441 2283 495 attendit
2315 440 2684 495 commodum.
2730 437 2866 496 Nam
2915 456 3038 512 quae
3075 450 3203 498 ante
3261 444 3424 500 linem

165 547 281 616 πρὸ
297 543 392 597 τοῦ
419 544 605 606 τέλους
661 541 987 597 ἀπαντῶντα
1041 539 1364 612 δεδήλωκεν,
1415 539 1502 592 ἵνα
1536 535 1632 607 μὴ,
1672 535 1748 597 ὡς

170 627 330 686 εἶπεν
374 632 556 697 αὐτὸς,
587 630 939 702 ξενισθῶμεν,
983 629 1120 701 μηδὲ
1163 627 1480 700 θροηθῶμεν
1517 626 1744 694 (77·78),

167 724 473 795 γινομένων
495 721 693 789 αὐτῶν,
716 720 854 776 ἀλλὰ
886 723 979 776 κει)⁷
1005 723 1069 774 ἐκ
1086 720 1292 775 τούτων
1321 719 1384 772 τὸ
1414 718 1552 790 μετὰ
1575 717 1747 770 ταῦτα

163 817 322 880 τέλος
353 814 760 888 προσδοκῶμεν·
813 814 943 886 περ)¹
1001 815 1059 867 δὲ
1104 816 1204 885 τῆς
1248 813 1460 884 ἡμέρας
1512 811 1607 864 καὶ
1645 809 1748 878 τῆς

164 908 318 979 ὥρας
342 909 443 960 οὐκ
470 907 702 978 ἠθέλησε
735 906 932 970 θεῖκῶς
963 907 1158 971 εἰπεῖν,
1184 905 1266 958 ὅτι
1288 899 1418 956 Οἶδα
1444 901 1578 972 (79)·
1610 899 1746 954 ἀλλὰ

164 998 447 1070 σαρκικῶς
475 998 562 1052 διὰ
581 997 680 1069 τὴν
703 997 880 1068 σάρκα
915 996 1015 1068 τὴν
1043 992 1363 1064 ἀγνοοῦσαν,
1392 991 1536 1046 καθὰ
1561 991 1746 1062 προετ-

162 1107 290 1152 πον,
323 1084 498 1154 εἴπεν,
519 1091 600 1142 ὅτι
631 1089 744 1142 Οὐκ
771 1084 908 1141 οἶδα·
939 1089 1027 1143 ἴνα
1093 1087 1288 1158 μηκέτι
1325 1085 1746 1156 ὲπερωτήσωσιν

161 1181 350 1246 αὐτὸν,
385 1181 477 1234 καὶ
503 1181 689 1234 λοιπὸν
741 1181 774 1251 ἢ
810 1180 885 1251 μὴ
937 1178 1174 1252 εἰρηκὼς
1224 1178 1337 1250 (80)
1371 1177 1586 1250 λυπήσῃ
1623 1177 1743 1231 τότε

159 1272 290 1334 τοὺς
316 1269 638 1342 μαθητὰς,ἢ
673 1268 930 1341 εἰρηκὼς,
956 1269 1105 1340 παρὰ
1134 1269 1197 1322 τὸ
1244 1268 1521 1339 συμφέρον
1562 1267 1743 1330 αὐτοῖς

158 1365 258 1417 καὶ
288 1365 455 1418 πᾶσιν
478 1364 612 1434 ἡμῖν
651 1362 875 1433 ποιήσῃ.
912 1362 979 1414 Ὃ
1004 1360 1114 1432 γὰρ
1156 1360 1222 1414 ἂν
1252 1361 1379 1431 ποιῇ
1426 1359 1558 1430 (81),
1586 1358 1744 1412 τοῦτο

162 1455 386 1516 πάντως
410 1453 551 1523 ὑπὲρ
577 1451 736 1524 ἡμῶν
765 1453 932 1516 ἐστιν,
977 1450 1162 1522 ἐπειδὴ
1201 1451 1295 1503 καὶ
1324 1450 1390 1502 δι’
1415 1450 1561 1520 ἡμᾶς
1585 1451 1614 1500 ὁ
1638 1448 1742 1502 Λό-

157 1558 257 1613 γος
280 1543 420 1614 σὰρξ
445 1543 678 1611 ἐγένετο.
709 1541 786 1595 Δι’
810 1543 842 1612 ἡ
853 1543 958 1613 μᾶς
981 1541 1160 1594 τοίνυν
1193 1535 1316 1593 εἷπε
1349 1539 1444 1593 καὶ
1481 1539 1560 1604 τὸ,
1590 1537 1742 1593 Οὐδὲ

157 1639 194 1690 ὁ
231 1634 368 1700 Υἱὸς
408 1631 556 1689 οἵδε·
591 1635 685 1688 καὶ
725 1632 849 1686 οὔτε
881 1631 1148 1700 ἐψεύσατο
1169 1631 1280 1702 (82)
1311 1631 1469 1685 τοῦτο
1505 1629 1742 1702 εἰρηκώς

160 1723 544 1797 (ἀνθρωπίνως
562 1723 669 1796 γὰρ
693 1721 867 1786 εἶπεν,
885 1723 960 1786 ὼς
979 1721 1076 1776 ἀνθ
1086 1738 1285 1792 ρωπος,
1303 1722 1416 1774 Οὐκ
1431 1717 1590 1788 οἶδα),
1617 1719 1739 1772 οὔτε

1853 539 2146 586 occurrent
2188 532 2467 596 indicavit,
2510 547 2597 596 ne,
2624 542 2684 586 ut
2712 533 2851 588 dixit
2880 532 3016 603 ipse,
3051 544 3272 604 stupore
3302 551 3426 606 per-

1851 621 1990 678 culsi
2025 622 2112 677 his
2165 622 2539 678 accidentibus
2590 624 2960 690 turbarentur,
2987 627 3079 680 sed
3126 628 3308 696 potius
3353 643 3425 683 ex

1853 713 1941 769 his
1958 722 2270 768 secuturum
2291 714 2452 768 linem
2475 716 2935 784 praestolarentur.
2970 715 3152 772 Noluit
3172 733 3339 789 porro
3355 721 3425 776 de

1852 803 1943 858 illa
1973 805 2060 860 die
2083 813 2137 860 et
2165 806 2296 860 hora
2322 807 2622 860 secundum
2643 808 2981 864 divinitatem
3001 809 3204 879 dicere,
3230 810 3370 867 Novi
3404 831 3420 867 :

1851 896 1968 962 sed,
1991 903 2050 950 ut
2069 896 2183 966 jam
2214 897 2464 967 exposui.
2490 898 2791 954 secundum
2813 915 3058 968 carnem,
3077 918 3200 974 quae
3229 919 3436 976 nempe.

1851 985 1908 1040 id
1962 984 2268 1054 ignorabat,
2317 986 2414 1053 ait,
2461 984 2579 1042 Non
2609 988 2765 1055 novi;
2796 1005 2865 1045 ne
2888 1005 3082 1048 rursus
3105 1008 3228 1048 eum
3255 994 3425 1052 disci-

1849 1076 1962 1146 puli
1988 1077 2418 1145 interrOgarent,
2458 1092 2658 1148 eosque
2681 1079 2790 1147 ille,
2830 1081 2876 1136 si
2915 1083 3188 1152 reticeret,
3233 1086 3426 1144 dolore

1847 1165 2013 1238 474
2035 1167 2292 1232 afﬁceret,
2325 1169 2410 1222 vel
2440 1170 2484 1224 si
2513 1170 2739 1233 diceret,
2773 1181 2969 1242 praeter
2997 1175 3216 1231 illorum
3243 1187 3300 1234 et
3321 1195 3427 1234 no-

1849 1267 2021 1310 strum
2052 1257 2401 1312 commodum
2450 1269 2654 1329 ageret.
2699 1261 2977 1333 Quidquid
3005 1266 3153 1321 enim
3186 1266 3338 1336 facit,
3368 1269 3425 1325 id

1848 1356 2021 1403 totum
2065 1351 2238 1404 nostri
2290 1351 2465 1420 gratia
2515 1361 2622 1416 est,
2672 1354 3113 1425 quandoquidem
3155 1369 3210 1411 et
3239 1359 3420 1428 ipsum

1849 1437 2086 1494 Verbum
2132 1449 2352 1510 propter
2394 1456 2494 1496 nos
2538 1458 2672 1517 caro
2708 1444 2910 1500 factum
2937 1455 3040 1503 est.
3072 1446 3298 1518 Propter
3321 1465 3424 1507 nos

1848 1531 2010 1603 igitur
2037 1531 2174 1586 dixit
2193 1551 2208 1587 :
2230 1531 2410 1604 Neque
2440 1532 2489 1585 F
2492 1534 2616 1588 ilius
2649 1536 2811 1590 novit.
2835 1535 2946 1593 Nec
2976 1553 3108 1594 vero
3142 1539 3247 1596 hoc
3272 1555 3427 1595 men-

1847 1623 2064 1680 dacium
2096 1624 2239 1679 fuit:
2276 1627 2545 1696 siquidem
2590 1643 2688 1698 pro
2720 1629 2959 1686 humana
2996 1631 3330 1699 conditione,
3362 1643 3424 1688 ut

1846 1714 2036 1782 homo,
2060 1718 2217 1781 dixit,
2254 1716 2473 1782 Nescio,
2496 1734 2595 1774 nec
2624 1721 2870 1789 permisit
2894 1731 2955 1776 ut
2976 1723 3231 1792 discipuli
3253 1739 3314 1780 se
3333 1724 3422 1780 di-

156 1816 342 1886 ἀφῆκε
368 1817 496 1879 τοὺς
552 1814 800 1886 μαθητὰς
853 1813 1014 1866 αὐτὸν
1080 1811 1371 1884 βιάσασθαι
1408 1813 1581 1865 εἰπεῖν
1607 1812 1735 1882 (85)·

1847 1823 1967 1863 cere
1986 1820 2259 1879 cogerent,
2279 1812 2479 1881 quippe
2498 1828 2623 1867 cum
2649 1813 2964 1883 ltujusmodi
2991 1816 3180 1883 verbo,
3201 1815 3418 1879 Nescio,

156 1908 402 1983 εἰρηκὼς
425 1907 555 1980 γὰρ,
586 1908 708 1961 Οὐκ
748 1906 901 1970 οἶδα,
934 1906 1130 1976 ἔστησε
1161 1906 1428 1959 κάκείνων
1455 1905 1554 1976 τὴν
1601 1904 1740 1977 ἐρώ-

155 2017 338 2074 τησιν.
390 2001 477 2053 Ἐν
519 1997 650 2067 γοῦν
698 2001 818 2061 ταῖς
849 1997 1087 2070 Πράξεσι
1115 1995 1226 2050 τῶν
1276 1997 1586 2050 ἀποστόλων
1622 1997 1738 2050 ἐστὶ

155 2093 566 2165 γεγραμμένον,
591 2092 750 2163 ἡνίκα
772 2091 941 2162 ὲπέϐη
985 2092 1098 2152 τοῖς
1124 2089 1398 2159 ἀγγέλοις,
1433 2089 1740 2144 ἀναϐαίνων

153 2187 235 2249 ὡς
259 2185 564 2258 ἄνθρωπος,
605 2184 698 2238 κα)⁸
719 2184 1008 2256 ἀναφέρων
1031 2185 1110 2247 είς
1137 2182 1232 2236 τὸν
1262 2182 1488 2255 οὐρανὸν
1518 2183 1585 2255 ἢν
1616 2182 1740 2252 ἐφό-

156 2295 244 2348 ρει
276 2278 476 2349 σάρκα·
510 2279 600 2331 ὅτε
632 2278 727 2333 καὶ
751 2279 801 2331 οἱ
837 2276 1076 2349 μαθηταὶ
1103 2274 1261 2329 τοῦτο
1305 2275 1613 2346 βλέποντες,
1635 2274 1742 2328 πά-

150 2369 239 2424 λιν
266 2369 520 2440 ἠρώτων,
542 2371 681 2424 Πότε
710 2371 774 2423 τὸ
820 2369 976 2434 τέλος
1007 2368 1184 2432 ἔσται,
1215 2368 1334 2435 καὶ,
1369 2368 1509 2423 Πότε
1533 2370 1600 2422 σὺ
1634 2385 1740 2422 πα-

149 2461 378 2533 ραγίνῃ,
419 2456 573 2515 εἷπεν
602 2459 713 2531 (84)
747 2462 931 2524 αὐτοῖς
988 2459 1382 2532 φανερώτερον·
1411 2458 1538 2528 Οὐχ
1572 2459 1741 2528 ὑμῶν

144 2553 286 2608 ἐστι
317 2551 540 2623 γνῶναι
595 2555 853 2622 χρόνους
904 2553 945 2622 ἢ
999 2553 1265 2622 καιροὺς,
1319 2551 1429 2620 οὓς
1464 2554 1500 2607 ό
1536 2555 1741 2623 Πατὴρ

145 2643 321 2700 ἔθετο
348 2645 419 2699 ὲν
439 2644 516 2714 τῇ
545 2645 665 2712 tota
685 2644 956 2712 ἐξουσίᾳ.
1004 2645 1115 2697 Καὶ
1147 2644 1247 2698 οὐκ
1285 2639 1407 2698 εἷπε
1441 2643 1558 2716 (85)
1591 2645 1736 2710 τότε,

149 2736 313 2790 οὐδὲ
350 2739 385 2791 ό
423 2735 576 2803 Υἱὸς,
609 2735 798 2808 ὥσπερ
831 2732 983 2790 εἷπεν
1010 2735 1118 2808 πρὸ
1139 2735 1329 2789 τούτου
1359 2735 1736 2809 ἀνθρωπίνως,

143 2828 289 2893 ἀλλ’,
307 2825 503 2898 ’Υμῶν
535 2829 645 2882 οὐκ
671 2827 805 2882 ἐστι
826 2825 1067 2898 γνῶναι.
1087 2827 1288 2882 Λοιπὸν
1312 2826 1422 2898 γὰρ
1437 2823 1506 2900 ἦν
1541 2828 1577 2898 ἡ
1603 2827 1739 2900 σὰρξ

143 2920 459 2982 ἀναστᾶσα,
525 2919 620 2972 καὶ
659 2917 969 2988 ἀποθεμένη
1027 2918 1125 2989 τὴν
1175 2917 1442 2990 νέκρωσιν
1489 2918 1584 2972 καὶ
1622 2917 1740 2972 θεο-

143 3005 462 3077 ποιηθεῖσα·
488 3005 582 3058 καὶ
612 3006 796 3060 οὐκέτι
846 3005 1052 3078 ἔπρεπε
1107 3006 1388 3077 σαρκικῶς
1417 3006 1579 3061 αὐτὸν
1602 3007 1740 3062 dm-

142 3096 442 3168 κρίνασθαι
479 3096 841 3168 ἀνερχόμενον
869 3098 951 3160 εἰς
992 3098 1123 3161 τοὺς
1152 3097 1436 3170 οὐρανοὺς,
1460 3098 1596 3153 ἀλλά
1622 3097 1735 3152 λοι-

141 3187 252 3240 πδν
275 3184 476 3250 θεῖκῶς
504 3185 750 3251 διδάξαι,
779 3187 862 3240 ὅτι
893 3187 1015 3256 Οὐχ
1033 3184 1201 3256 ὑμῶν
1222 3186 1355 3241 ἐστι
1372 3188 1589 3258 γνῶναι
1601 3189 1738 3258 χρό-

142 3265 299 3344 νους
325 3277 364 3345 ἢ
394 3278 640 3346 καιροὺς
667 3277 802 3349 (86),
862 3277 969 3345 οὓς
1000 3282 1034 3332 ό
1091 3278 1295 3348 Πατὴρ
1345 3279 1510 3334 ἔθετο
1567 3280 1638 3334 ἐν
1662 3279 1739 3350 τῇ

145 3369 273 3438 ὶδιᾳ
314 3369 590 3438 ἐξουσίᾳ·
642 3371 806 3425 ἀλλὰ
848 3371 1125 3440 λήψεσθε
1167 3371 1426 3442 δύναμιν
1478 3371 1614 3443 (87).
1640 3373 1737 3437 Τίς

143 3463 204 3516 δὲ
229 3465 265 3534 ἡ
293 3462 522 3534 δύναμις
564 3461 659 3516 τοῦ
716 3464 930 3536 Πατρὸς
975 3465 1008 3535 ἢ
1061 3467 1091 3519 ό
1129 3465 1291 3533 Υίὸς;
1344 3463 1597 3534 Χριστὸς
1628 3464 1737 3536 γὰρ

147 3556 302 3610 Θεοῦ
327 3555 580 3626 δύναμις
602 3557 699 3612 καὶ
727 3558 872 3611 Θεοῦ
904 3559 1111 3626 Σοφία.

219 3648 313 3704 49.
345 3644 499 3702 Οἶδεν
519 3648 627 3720 ἀρα
646 3650 674 3702 ὁ
693 3648 821 3713 Υἱὸς
849 3649 1019 3718 Λόγος
1043 3647 1137 3703 ὢν·
1165 3646 1339 3702 τοῦτο’
1366 3648 1475 3720 γὰρ
1505 3647 1614 3720 (88)
1648 3648 1738 3702 λέ-

146 3758 262 3810 γων
289 3741 608 3811 ἐσήμαινεν,
637 3741 719 3795 ὅτι
757 3739 899 3808 Ἐγὼ
919 3737 1057 3804 οἶδα,
1117 3739 1231 3793 ἀλλ’
1276 3739 1378 3792 οὐκ
1411 3738 1555 3793 ἐστιν
1583 3739 1737 3810 ὑμῶν

145 3833 377 3903 γνῶναι·
412 3833 478 3886 δι’
504 3832 648 3904 ὑμᾶς
675 3831 785 3904 γὰρ
817 3832 911 3886 καὶ
936 3832 995 3886 ὲν
1017 3829 1092 3902 τῷ
1131 3831 1246 3904 ὄρει
1270 3829 1578 3903 καθήμενος
1601 3847 1736 3902 σαρ-

63 3907 70 3917 ’
145 3925 326 3989 κικῶς
352 3921 527 3992 εἶπον,
557 3925 711 3980 Οὐδὲ
742 3927 775 3979 ό
819 3924 953 3988 Υἱὸς
1005 3919 1149 3988 οἶδε,
1196 3922 1286 3976 διὰ
1326 3921 1388 3976 τὸ
1445 3921 1598 3993 ὑμῶν
1643 3923 1737 3976 καὶ

145 4019 369 4071 πάντων
401 4015 700 4089 συμφέρον·
724 4015 993 4088 συμφέρει
1030 4015 1140 4086 γὰρ
1169 4014 1297 4084 ὑμῖν
1321 4011 1415 4066 καὶ
1442 4012 1575 4084 περὶ
1627 4011 1737 4067 τῶν

146 4109 400 4178 ἀγγέλων
427 4108 523 4161 καὶ
554 4107 684 4180 περὶ
709 4107 802 4162 τοῦ
855 4107 986 4161 Υίοῦ
1015 4106 1127 4179 (89)
1155 4105 1328 4170 οὕτως
1349 4105 1600 4170 ἀκοῦσαι,
1649 4105 1737 4159 διὰ

144 4203 275 4265 τοὺς
316 4200 611 4271 ἐσομένους
654 4199 792 4272 μετά
839 4199 1008 4253 ταῦτα
1058 4198 1292 4262 πλάνους
1314 4239 1330 4263 ,
1373 4198 1482 4262 ἵνα,
1524 4197 1628 4252 κᾶν
1659 4197 1736 4262 ὡς

146 4294 370 4363 ἄγγελοι
441 4294 1025 4366 μετασχηματίσωνται
1097 4291 1212 4365 (90)
1275 4290 1530 4363 δαίμονες
1549 4331 1566 4357 ,
1640 4291 1735 4345 καὶ⁹

72 4413 74 4415 ν
147 4385 402 4460 περὶτῆς
431 4386 741 4450 συντελείας
764 4387 1156 4457 ἐπιχειρήσωσι
1177 4382 1377 4454 λέγειν,
1417 4383 1491 4454 μὴ
1525 4381 1737 4437 πιστεύ-

1843 1899 2060 1954 illorum
2119 1904 2442 1971 represserit
2480 1906 2936 1973 percontationes.
2974 1907 3245 1964 Praeterea
3279 1913 3420 1966 scri-

1840 1997 1992 2060 ptum
2027 1999 2113 2045 est
2141 1991 2197 2045 in
2223 1991 2450 2049 Actibus
2471 1996 2868 2063 apostolorum,
2902 2013 3027 2052 cum
3074 1999 3285 2069 angelis
3333 2001 3420 2055 in—

1839 2083 2150 2150 veheretur,
2167 2093 2228 2140 ut
2253 2085 2418 2142 homo
2439 2088 2760 2155 ascendens,
2786 2098 2842 2144 et
2863 2105 3110 2158 carnem,
3136 2107 3301 2162 quam
3325 2108 3420 2164 ge-

1841 2175 2037 2240 stabat,
2063 2176 2118 2230 in
2153 2177 2356 2233 ctelum
2399 2177 2652 2244 etl'erens,
2688 2181 3135 2251 idque—videntes
3161 2184 3417 2256 discipuli

1840 2266 2166 2324 barciterum
2182 2270 2334 2325 abeo
2365 2279 2693 2341 quaererent,
2734 2273 3089 2343 quandonam
3115 2275 3242 2333 ﬁnis
3262 2275 3418 2340 futu-

1840 2373 1938 2414 rus
1953 2359 2433 2428 ess'et,et,Quando
2452 2373 2508 2418 tu
2529 2372 2786 2420 venturus
2804 2365 3069 2436 es,ipsum
3085 2369 3326 2438 apertius
3341 2371 3417 2426 ita

1841 2450 1949 2505 illis
1973 2451 2364 2520 respondisse:
2405 2451 2528 2508 Non
2551 2463 2630 2507 est
2663 2464 2896 2508 vestrum
2927 2471 3078 2510 nosse
3099 2466 3334 2523 tempora
3365 2471 3416 2513 et

1839 2549 2104 2595 momenta
2142 2556 2260 2612 quae
2303 2541 2468 2599 Pater
2497 2545 2674 2613 posuit
2706 2545 2761 2600 in
2795 2561 2895 2600 sua
2925 2555 3182 2616 potestate
3200 2550 3268 2606 ⁵⁷.
3296 2548 3414 2605 Non

1840 2642 1990 2701 tunc,
2015 2643 2076 2689 ut
2097 2644 2277 2703 antea,
2308 2643 2568 2707 tanquam
2600 2638 2765 2693 homo
2784 2640 2947 2706 dixit,
2981 2641 3162 2712 Neque
3202 2641 3406 2710 Fitius,

1841 2725 1957 2793 sed,
2002 2723 2242 2782 Vestrum
2264 2743 2368 2782 non
2403 2737 2482 2783 est
2516 2730 2668 2784 scire.
2694 2729 2816 2786 1am
2846 2732 3116 2803 siquidem
3145 2736 3415 2791 revixerat

1840 2833 1989 2886 caro,
2023 2821 2461 2892 deposueratque
2489 2824 2874 2879 mortalitatem
2921 2833 2976 2880 et
3002 2825 3186 2881 divina
3225 2826 3416 2886 effecta

1839 2920 1981 2975 erat,
2013 2926 2078 2966 ac
2105 2913 2332 2982 proinde
2377 2928 2504 2969 eum
2554 2915 2608 2968 in
2661 2917 2832 2974 caelos
2882 2918 3266 2974 ascendentem
3299 2917 3414 2990 jam

1839 3017 1950 3058 non
1991 3002 2218 3059 decebat
2247 3004 2550 3059 secundum
2578 3021 2800 3061 carnem
2839 3011 3190 3079 respondere,
3221 3011 3319 3068 sed
3356 3021 3417 3065 ut

1840 3091 2011 3149 Deum
2043 3094 2240 3150 docere
2266 3103 2322 3149 et
2341 3095 2556 3151 dicere:
2589 3095 2714 3151 Non
2739 3108 2837 3168 est.
2850 3109 3077 3155 vestrum
3105 3118 3257 3158 nosse
3278 3114 3417 3159 tem-

1836 3201 1966 3254 pora
1987 3185 2067 3240 vel
2084 3196 2347 3241 momenta
2379 3203 2498 3258 qua:
2527 3186 2688 3243 Pater
2711 3192 2888 3260 posuit
2923 3193 2978 3247 in
3001 3210 3102 3249 sua
3123 3204 3378 3264 potestate
3395 3213 3414 3252 :

1837 3279 1928 3332 sed
1967 3280 2234 3349 accipietis
2275 3281 2520 3335 virtutem
2557 3281 2626 3337 “.
2657 3281 2790 3349 Quae
2829 3293 3010 3340 autem
3034 3286 3208 3343 virtus
3235 3287 3416 3344 Patris

1837 3381 2033 3440 praeter
2053 3371 2298 3428 Filium?
2323 3373 2567 3430 Christus
2596 3376 2742 3432 enim
2769 3375 2870 3432 Dei
2898 3379 3064 3434 uirtus
3101 3389 3152 3436 et
3183 3379 3283 3435 Dei
3310 3379 3416 3437 Sa-

1837 3463 2036 3530 pientia
2058 3463 2124 3517 ".

1906 3642 1997 3698 49.
2025 3642 2259 3700 Noverat
2284 3644 2466 3716 itaque
2481 3645 2673 3715 Filius,
2693 3655 2882 3718 utpote
2895 3649 2990 3720 qui
3004 3647 3244 3706 Verbum
3261 3663 3377 3710 erat
3395 3671 3413 3719 ;

1835 3739 1982 3794 unde
2004 3739 2141 3794 mihi
2161 3739 2373 3794 videtur
2395 3740 2614 3795 illorum
2637 3741 2926 3797 verborum
2956 3743 3005 3799 is
3032 3757 3156 3800 esse
3181 3759 3412 3802 sensus:

1836 3829 1951 3902 Ego
1979 3831 2199 3902 quidem
2245 3832 2396 3897 novi,
2422 3833 2515 3888 sed
2550 3842 2792 3890 vestrum
2827 3849 2938 3890 non
2985 3843 3071 3891 est
3114 3851 3300 3892 nosse.
3326 3836 3416 3892 ld-

1837 3925 1984 3979 circo
2003 3925 2151 3980 enim
2185 3940 2311 3980 cum
2341 3924 2396 3979 in
2428 3937 2614 3982 monte
2650 3926 2920 3994 sederem,
2959 3928 3258 3984 secundum
3290 3945 3415 3985 car-

1836 4031 1961 4071 nem
1997 4016 2130 4080 dixi,
2165 4014 2348 4089 Neque
2384 4015 2562 4071 Fitius
2601 4019 2765 4082 novit,
2788 4017 2916 4088 quia
2960 4018 3016 4075 id
3053 4019 3208 4076 vobis
3247 4029 3417 4092 atque

1836 4106 2093 4162 omnibus
2122 4107 2254 4162 utile
2303 4115 2442 4163 erat.
2487 4105 2613 4164 Haec
2647 4109 2918 4179 siquidem
2951 4118 3006 4164 et
3029 4109 3098 4164 de
3127 4110 3338 4182 angelis
3359 4119 3417 4167 et

1835 4197 1904 4253 de
1929 4197 2071 4254 Filio
2093 4197 2287 4255 audire
2329 4199 2487 4256 vobis
2523 4201 2780 4257 conducit
2816 4209 3036 4272 propter
3064 4199 3282 4260 futuros
3312 4204 3417 4259 im-

1836 4301 2104 4361 postores,
2134 4300 2218 4361 ut,
2243 4293 2291 4349 si
2324 4292 2432 4364 ipsi
2460 4293 2761 4361 demones,
2790 4295 2968 4366 angeli
3011 4296 3193 4365 specie
3233 4298 3412 4353 simu-

1835 4381 1968 4450 lata,
1994 4383 2062 4439 de
2090 4383 2200 4440 ﬁne
2230 4383 2423 4439 mundi
2469 4384 2852 4450 disseruerim,
2881 4384 2966 4441 eis
2999 4400 3108 4441 non
3151 4388 3410 4461 credatis,

150 4497 306 4552 σητε,
346 4480 424 4544 ὡς
455 4478 796 4549 ἀγνοούντων
829 4478 1033 4533 αὐτῶν.
1061 4478 1158 4531 Ἂν
1179 4476 1237 4531 δὲ
1260 4476 1356 4531 καὶ
1389 4477 1418 4530 ὁ
1459 4475 1732 4548 Ἀντίχρι-

1847 4475 2034 4546 quippe
2063 4475 2159 4546 qui
2189 4475 2344 4530 illum
2377 4475 2650 4546 ignorent.
2680 4473 2738 4531 Si
2768 4475 2897 4532 item
2931 4477 3328 4546 Antichristus,
3355 4495 3414 4538 se

221 4596 269 4630 "
312 4597 436 4652 Act.
477 4609 497 4650 ι
523 4635 540 4662 ,
580 4594 634 4649 7.
713 4593 761 4628 ⁸⁸
799 4593 932 4648 ibid.
974 4593 1030 4657 7,
1081 4593 1135 4649 8.
1213 4591 1259 4625 ⁸⁸
1297 4589 1319 4645 Ι
1355 4591 1485 4646 Cor.
1529 4607 1570 4656 ι,
1607 4588 1700 4644 24.

219 4698 441 4770 (Ἧι-78)
466 4697 560 4770 Sic
580 4697 720 4770 Beg.
745 4698 803 4770 1,
823 4696 1050 4770 Segner.
1072 4695 1291 4770 Gobler.
1315 4702 1371 4770 et
1401 4692 1547 4770 Felc.
1584 4692 1633 4748 1.
1662 4691 1732 4748 At

146 4763 241 4827 alii
276 4780 334 4826 et
360 4763 528 4824 editio
565 4763 830 4838 Commel.
861 4763 1122 4838 omittunt
1156 4765 1291 4838 μηδὲ
1319 4763 1660 4838 θροηθῷμεν2

219 4841 338 4910 (79)
359 4839 523 4910 Qasil.
551 4848 608 4893 et
639 4837 785 4910 Felc.
819 4838 873 4902 5,
897 4835 1094 4910 θεῖκῷς
1124 4829 1320 4900 εἰπεῖν,
1342 4829 1567 4910 ότιὉὺκ
1589 4829 1728 4910 οἶδα.

217 4903 336 4981 (80)
377 4907 510 4981 Reg.
544 4911 568 4981 1
601 4917 655 4963 et
685 4909 956 4981 Seguer._,_
981 4907 1057 4979 μὴ
1089 4908 1545 4978 κατερωτήσωσιν
1571 4903 1732 4957 αὑτὸν

144 4976 258 5060 καὶ.
287 4976 584 5060 λοιπὸνμὴ
615 4976 871 5060 ειίρηκάξς.
913 4976 1248 5060 Haec'autern
1279 4991 1400 5060 quae
1426 4983 1731 5060 sequuntur

145 5045 584 5175 νοὲῠοῆλυπήῇ
597 5045 873 5113 corticeo;
896 5047 1165 5121 μαθητὰς,
1191 5046 1225 5118 ἢ
1250 5045 1509 5118 εἰρηκώς,
1529 5045 1731 5099 absunt

148 5137 181 5176 a
259 5137 342 5176 a5t
371 5161 385 5174 .

219 5211 339 5293 (81)
378 5209 598 5267 Primus
627 5209 801 5266 codex
832 5209 1047 5333 ξίοὲἱιξε.
1089 5215 1144 5264 et
1199 5207 1452 5279 Seguer.,
1503 5205 1727 5276 ποιήσῃ.

219 5297 355 5333 mus
384 5282 678 5333 secundus.
708 5297 872 5333 ποιει.
953 5281 1048 5333 ditt
1068 5319 1083 5333 .
1113 5281 1242 5333 ποιῆ
1265 5317 1280 5333 .
1308 5279 1451 5333 quod
1477 5276 1726 5333 verbum.

147 5276 355 5354 Regius
384 5282 678 5354 secundus,
708 5283 872 5354 ποιεῖ.
907 5276 1048 5354 ξόῇιῇ
1068 5319 1083 5344 ,
1113 5276 1451 5354 ποιῇέᾳυοᾲ
1477 5276 1726 5342 verbum,

148 5361 211 5407 ut
231 5347 297 5408 Et
321 5350 352 5404 ὃ
383 5350 493 5424 γὰρ
521 5353 611 5417 ἀν,
639 5351 794 5407 deest
826 5351 882 5406 in
911 5349 1128 5406 Gobler.
1161 5347 1394 5405 et'Felc.
1425 5347 1477 5402 1.

217 5444 337 5518 (83)
374 5443 580 5518 liegius
610 5443 828 5518 primus
835 5451 910 5518 _et
935 5441 1187 5518 δείξασα,
1217 5441 1338 5496 οὐκ.
1433 5486 1440 5494 .

215 5509 334 5587 (85)
373 5509 796 5587 Primus'codex
835 5509 1124 5587 Regiuset
1154 5511 1381 5584 Seguer.
1417 5509 1628 5567 addunt
1653 5509 1730 5563 εί-

147 5583 294 5652 πιῗν,
313 5583 474 5658 ἐιυοά
504 5585 561 5639 in
598 5584 721 5640 aliis
749 5593 804 5641 et
830 5585 994 5640 editis
1028 5583 1200 5639 deest.

215 5677 334 5750 (84)
372 5675 603 5750 Κοεει,
635 5675 862 5750 Seguer.
887 5686 945 5734 et
970 5675 1119 5734 Felc.
1145 5674 1199 5746 5,
1228 5674 1324 5732 καὶ
1353 5668 1529 5743 εἶπεν,
1579 5673 1728 5746 quod

147 5746 204 5806 lu
222 5746 350 5806 aliis
373 5759 430 5806 et
452 5746 615 5805 editis
646 5746 863 5818 legitur.

454 5861 659 5950 .PATR.
701 5861 819 5925 Gn.
867 5858 1102 5936 XXVI.

1800 4661 1817 4676 ⁴
1905 4674 2020 4747 (85)
2059 4673 2188 4747 Haec
2223 4676 2409 4747 verba,
2443 4674 2538 4747 καὶ
2568 4675 2691 4742 οὐκ,
2716 4683 2801 4731 etc
2832 4691 3045 4747 ,_usque
3074 4677 3142 4733 ad
3175 4679 3328 4735 ἔθετο
3355 4684 3413 4736 ὲν

1832 4749 1899 4820 τῇ
1916 4744 2042 4820 38th
2064 4745 2280 4820 ἐξουσίᾳ
2301 4744 2585 4813 inclusive,
2596 4747 2813 4820 _desunt
2847 4744 2904 4820 in
2937 4744 3162 4820 Seguer.
3187 4750 3408 4820 Gobler.

1833 4813 2145 4892 ej'Felc._i.
2187 4813 2313 4892 ilex
2342 4824 2568 4892 uterque
2596 4814 2819 4892 Regius,
2861 4813 3036 4892 _Basil'.
3081 4826 3136 4872 et
3170 4819 3408 4892 Anglic.,

1833 4885 1953 4942 εἷπε
1986 4886 2092 4957 πρὸ
2120 4883 2330 4957 τούτου.
2363 4883 2559 4957 Αιίἱίει
2591 4883 2741 4957 editi,
2780 4885 2888 4956 πρὸ
2918 4886 3146 4941 τούτων.

1905 4955 2306 5041 (86).‘Anglic.,
2355 4956 2453 5026 οὐχ
2500 4955 2653 5027 ὑμῶν
2701 4955 2995 5024 ἐπιγνῶναι
3044 4957 3268 5028 χρόνους
3314 4962 3410 5016 καὶ

1831 5045 2078 5102 καιρφμςε

1768 5148 1770 5150 ,
1903 5094 2015 5223 (8ῑ)
2053 5096 2146 5153 Sic
2193 5097 2331 5180 Reg.
2387 5096 2453 5164 1,
2499 5094 2738 5179 δρευετ..
2773 5095 3004 5177 βαδιεῖ.
3063 5094 3210 5153 Felc.
3246 5098 3305 5181 1,
3349 5109 3408 5156 ιιι

1832 5179 1888 5225 et
1935 5179 2044 5225 62H.
2064 5166 2332 5224 Nannius.
2363 5167 2435 5222 At
2462 5167 2553 5222 alu
2581 5177 2634 5221 et
2655 5168 2824 5222 editio
2849 5166 3117 5222 Commel.
3150 5180 3408 5225 omittunt

1935 5171 2044 5239 egit
2064 5166 2332 5224 Nannius.
2363 5167 2435 5222 At
2462 5167 2553 5222 alii
2581 5177 2634 5221 et
2655 5167 2824 5222 editio
2849 5166 3117 5252 Commel.
3150 5171 3409 5228 omittunt

1935 5241 1969 5290 ὰ
2006 5238 2239 5290 λήψεσθε
2265 5239 2511 5290 δύναμιν.
2542 5236 2665 5290 Mox
2707 5237 2838 5290 Rea.
2881 5238 2908 5290 1
2949 5248 3004 5290 et
3037 5239 3286 5290 beauer..
3317 5241 3348 5290 ἢ
3381 5244 3409 5290 ὁ

1832 5236 2239 5312 memque;
2265 5239 2512 5309 δύναμιν.
2542 5236 2665 5292 Mox
2707 5237 2838 5308 Reg.
2881 5238 2908 5292 1
2949 5248 3004 5293 et
3037 5237 3286 5309 Seguer.,
3317 5241 3350 5312 ἢ
3381 5244 3409 5296 ὁ

1832 5311 2158 5389 riis-.159.“
2188 5311 2380 5389 εξθιίίς
2411 5308 2504 5389 id
2529 5307 2858 5389 Χριστάςμ.
2952 5377 2982 5389 ..
3206 5377 3246 5389 -
3384 5384 3398 5389 _

1903 5380 2014 5454 (88)
2053 5380 2168 5452 Γάρ
2193 5381 2347 5454 abest
2377 5394 2408 5433 a
2433 5375 2593 5448 Reg.’
2615 5378 2652 5432 2
2687 5388 2741 5434 et
2769 5377 2914 5434 Felc.
2950 5377 3004 5434 5.
3031 5375 3168 5434 ibid.
3206 5377 3340 5454 Reg.
3376 5384 3402 5440 1

1831 5462 1887 5508 et
1921 5453 2168 5522 Seguer.,
2193 5452 2488 5522 ἐσήμανεν.

1862 5516 2020 5610 "(89)
2054 5519 2255 5592 Regius
2279 5516 2313 5575 Ϊ
2345 5528 2399 5576 et
2423 5516 2672 5590 Seguer.,
2709 5520 2836 5593 περ).
2867 5519 3115 5590 ἀγγέλων
3149 5519 3242 5572 καὶ
3278 5523 3409 5596 περὶ

1832 5595 2016 5734 viiii)
2059 5661 2152 5717 Sic
2176 5669 2405 5734 “tertiae
2438 5659 2572 5732 Βεε·
2608 5661 2833 5734 δεευεν·
2869 5661 3036 5720 ⁸³³⁵1⁸
3069 5673 3125 5720 ⁸⁸
3164 5663 3315 5722 Felc'
3353 5662 3405 5719 1'

1833 5732 2021 5793 At'alii
2051 5743 2107 5792 ct
2133 5733 2287 5803 editi,
2317 5732 2916 5807 μετασχηματίζωνται.

3013 5845 3086 5908 1ῐι
