3834 6220
419 307 526 364 ις]

1021 305 1078 361 S.
1123 303 1504 361 ATll.\NAS|l
1539 303 1691 363 OPP.
1733 302 1918 359 PARS
1949 302 1990 358 1.
2031 335 2101 346 --
2127 301 2503 360 HISTORICA
2543 301 2632 356 ET
2671 301 3095 357 DOGMATICA.

3576 305 3687 358 498

382 471 387 476 .
417 428 536 494 ipse
565 423 881 488 ementitus,
909 421 1076 488 dicat,
1109 421 1222 489 Ego
1261 437 1385 478 sum
1419 422 1692 489 Christus,
1721 431 1883 492 atque
1925 422 1992 477 de

2105 439 2217 487 ςτος
2251 423 2627 494 μεταποιήσας
2677 420 2868 474 ἑαυτὸν
2929 420 3043 492 (91)
3106 419 3259 494 λέγῃο
3320 422 3461 492 Ἐγώ
3507 425 3624 495 εἰμι
3656 427 3687 478 ὁ

380 525 389 571 ξ
417 518 507 572 die
541 517 638 571 illo
669 524 722 570 et
752 517 858 570 ﬁne
879 515 1034 586 loqui
1060 514 1425 585 aggrediatur,
1459 523 1519 568 ut
1545 515 1826 569 audientes
1847 513 1995 570 deci-

371 597 395 623 Γ
416 609 549 680 piat,
578 622 675 663 vos
701 622 831 662 mere
851 607 1078 676 hujusce
1108 605 1278 670 vocis,
1303 603 1483 675 Neque
1502 604 1698 670 Filius,
1726 620 1998 661 memores

378 681 388 772 ς
419 697 578 751 ﬁdem
609 697 686 750 illi
718 694 1303 766 denegetis.Praterea
1326 696 1482 750 valde
1513 694 1830 750 hominibus
1857 695 1994 750 utile

415 794 505 841 est
523 787 683 841 ﬁnem
709 794 762 840 et
789 785 933 840 diem
966 784 1091 840 linis
1125 784 1403 856 ignorare,
1436 800 1524 849 ne,
1555 784 1601 838 si
1630 799 1754 839 eum
1793 800 1997 856 cogno-

417 887 652 945 scerent,
690 877 1074 933 intermedium
1110 875 1460 947 -negligerent
1504 885 1739 947 tempus,
1769 876 1999 944 diesque

415 971 510 1026 ﬁni
537 970 818 1041 proximos
852 980 1252 1041 exspectarent,
1280 979 1340 1024 ut
1377 978 1510 1024 tunc
1546 971 1722 1025 solum
1758 967 1864 1024 sibi
1896 984 1996 1023 va-

414 1071 604 1118 carent
632 1075 686 1118 et
709 1062 1014 1132 vigilarent.
1047 1061 1316 1128 Quocirca
1332 1070 1558 1132 tempus
1583 1063 1774 1117 mortis
1808 1063 2000 1134 singuv

419 1154 600 1208 lorum
634 1152 872 1216 reticuit,
897 1167 964 1205 ne
996 1151 1313 1220 hujusmodi
1357 1151 1669 1221 cognitione
1702 1151 1874 1206 inﬂati
1899 1153 2000 1206 ho-

411 1245 612 1306 mines,
642 1243 936 1297 maximam
971 1243 1234 1312 temporis
1255 1250 1465 1313 partem
1500 1243 1838 1314 negligenter
1867 1259 1999 1314 age-

369 1329 386 1346 ’
414 1343 559 1390 rent.
580 1332 887 1404 Utrumque
903 1348 1032 1402 ergo
1049 1343 1104 1388 et
1118 1333 1365 1388 omnium
1385 1349 1571 1388 rerum
1591 1345 1643 1390 et
1659 1335 2000 1406 singulorum

417 1426 592 1484 ﬁnem
631 1439 733 1480 nos
774 1424 972 1479 celavit
1001 1422 1239 1479 Verbum
1280 1424 1444 1496 (nam
1481 1423 1820 1494 singulorum
1852 1426 2000 1493 ﬁnis,

421 1518 674 1573 omnium
706 1531 927 1587 quoque
957 1515 1082 1571 ﬁnis
1108 1527 1210 1582 est,
1235 1531 1361 1572 cum
1388 1517 1632 1571 omnium
1664 1516 1788 1572 linis
1815 1517 1868 1570 in
1891 1518 2004 1573 sin-

417 1611 673 1682 gulorum
717 1607 826 1662 ﬁne
864 1606 1230 1679 contineatur)
1268 1625 1282 1662 :
1325 1617 1404 1672 ut,
1436 1609 1881 1687 quandoquidem
1921 1610 2005 1663 in-

411 1710 596 1756 certus
630 1701 721 1756 ille
748 1707 916 1756 est-et
941 1715 1157 1769 semper
1184 1715 1216 1754 a
1257 1700 1418 1754 nobis
1445 1711 1816 1770 exspectatur,
1851 1717 1996 1772 que-

2094 516 2347 587 Χριστδς,
2379 515 2470 568 καὶ
2499 512 2738 585 πειράσῃ
2798 513 2894 568 καὶ
2945 514 3108 578 αὐτὸς
3160 515 3290 586 περὶ
3335 517 3434 586 τῆς
3466 518 3686 590 ἡμέρας

2096 608 2190 663 καὶ
2221 607 2531 670 συντελείας
2572 605 2772 675 λέγειν,
2796 605 2934 677 πρὸς
2962 606 3023 658 τὸ
3053 605 3326 676 πλανῆσαι
3359 610 3485 672 τοὺς
3512 610 3681 663 ἀκού-

2095 715 2271 761 οντας·
2301 697 2515 768 ἔχοντες
2537 695 2696 767 ὑμεῖς
2721 697 2856 768 παρ’
2875 696 3009 766 ἑμοῦ
3042 697 3142 767 τὴν
3179 697 3383 768 φωνὴν,
3417 699 3499 751 ὅτι
3529 699 3688 754 Οὐδὲ

2097 794 2130 845 ὀ
2185 789 2338 854 Υἱὸς,
2378 789 2516 860 μηδὲ
2573 789 2766 858 ὲκείνῳ
2821 789 3168 858 πιστεύσητε.
3213 787 3422 852 ’Ἄλλως
3469 808 3528 844 τε
3559 792 3688 844 οὑδὲ

2097 883 2295 936 εἰδέναι
2329 882 2488 936 πάλιν
2519 882 2648 934 πότε
2694 881 2754 934 τὸ
2802 881 2973 944 τέλος,
3008 880 3042 952 ἢ
3085 882 3215 935 πότε
3267 883 3360 935 τοῦ
3407 883 3595 948 τέλους
3648 888 3685 956 ἡ

2099 976 2302 1047 ἡμέρα,
2346 975 2611 1044 συμφέρει
2644 977 2754 1035 τοῖς
2784 972 3112 1044 ἀνθρώποις,
3165 975 3250 1026 ἴνα
3295 974 3390 1046 μὴ,
3440 975 3687 1043 γνόντες,

2099 1067 2508 1139 καταφρονηταὶ
2533 1064 2863 1136 τοῦμεταξυ
2922 1066 3113 1135 χρόνου
3143 1066 3426 1134 γένωνται,
3455 1068 3691 1139 περιμέ-

2098 1175 2280 1222 νοντες
2305 1158 2403 1221 τὰς
2431 1159 2598 1226 ἑγγὺς
2628 1156 2719 1209 τοῦ
2745 1145 2930 1220 τέλους
2958 1157 3191 1228 ἡμέρας·
3237 1159 3358 1212 τότε
3389 1159 3498 1230 γὰρ
3523 1160 3690 1230 μόνον

2100 1250 2306 1304 ἑαυτῶν
2336 1249 2710 1320 ἐπιμελεῖσθαι
2736 1249 3165 1320 προφασίσονται
3219 1249 3354 1319 (92).
3397 1250 3496 1304 Διὰ
3525 1250 3691 1303 τοῦτο

2102 1342 2194 1395 καὶ
2216 1340 2276 1393 τὸ
2329 1339 2559 1393 ἑκάστου
2592 1338 2746 1401 τέλος
2791 1337 2885 1391 τοῦ
2919 1336 3146 1393 θανάτου
3180 1338 3542 1410 σεσιώπηκεν,
3597 1341 3692 1394 ἵνα

2105 1432 2201 1504 μὴ,
2234 1431 2504 1502 προφάσει
2527 1430 2626 1500 τῆς
2672 1428 2925 1497 γνώσεως
2963 1429 3332 1498 φυσιωθέντες
3377 1431 3427 1482 οἱ
3474 1431 3691 1503 ἄνθρω-

2103 1541 2216 1587 ποι,
2253 1522 2474 1594 ἀμελεῖν
2506 1521 2715 1575 ἑαυτῶν
2744 1521 2804 1574 τὸ
2847 1521 3094 1574 πλεῖστον
3117 1521 3387 1591 ἄρξωνται
3440 1521 3533 1574 τοῦ
3565 1523 3691 1595 χρό-

2103 1635 2216 1670 νου.
2260 1616 2570 1686 Ἀμφότερα
2589 1615 2653 1685 δὴ
2675 1610 2767 1667 οὖν
2799 1615 2892 1668 καὶ
2923 1614 2984 1668 τὸ
3017 1614 3247 1668 καθόλου
3293 1613 3465 1676 τέλος,
3496 1615 3592 1667 καὶ
3625 1616 3690 1669 τὸ

2104 1709 2334 1762 ἑκάστου
2366 1707 2537 1778 πέρας
2559 1706 2792 1778 ἔκρυψεν
2828 1706 2936 1776 (95)
2983 1707 3075 1776 ἀφ’
3103 1705 3257 1777 ἡμῶν
3290 1709 3318 1759 ὁ
3368 1707 3540 1775 Λόγος
3567 1709 3688 1779 (καὶ

411 1793 547 1848 tidie
568 1792 715 1847 velut
737 1791 919 1848 vocati
949 1791 1322 1862 proﬁciamus,
1347 1791 1414 1846 ad
1435 1806 1496 1846 ea
1519 1769 1640 1862 quae
1661 1802 1790 1846 sunt
1810 1769 1990 1862 priora

2105 1800 2202 1870 γὰρ
2223 1800 2318 1854 καὶ
2347 1801 2403 1852 ἑν
2427 1799 2655 1852 καθόλου
2687 1799 2748 1853 τὸ
2768 1799 2998 1852 ἑκάστου
3029 1799 3182 1863 τέλος
3213 1800 3350 1862 ἐστὶ,
3388 1801 3481 1852 καὶ
3509 1803 3566 1853 ἑν
3595 1801 3677 1870 τῷ

411 1885 779 1956 nosmetipsos
825 1884 1182 1940 extendentes
1213 1889 1271 1936 et
1297 1897 1420 1953 quae
1446 1893 1596 1938 retro
1635 1893 1764 1938 sunt
1796 1884 1992 1939 oblivi-

412 1985 626 2033 scentes
650 1978 717 2032 ⁸⁰.
747 1975 882 2043 Quis
907 1975 1054 2031 enim
1083 1975 1172 2030 die
1193 1975 1422 2030 extremi
1456 1973 1582 2030 ﬁnis
1613 1975 1833 2046 cognito
1877 1991 1984 2030 non
2013 1964 2029 1978 ’

410 2067 797 2122 intermedium
847 2065 1092 2120 diﬁ‘erret
1136 2066 1392 2135 tempus?
1432 2064 1474 2118 Ε
1504 2065 1782 2121 contrario
1803 2075 1987 2122 autem

410 2159 559 2228 quis,
593 2159 686 2213 illo
722 2159 994 2229 ignorato,
1013 2172 1121 2211 non
1157 2171 1218 2212 se
1245 2157 1487 2225 quotidie
1527 2156 1722 2212 debeat
1758 2159 1994 2227 parare?

407 2246 550 2303 Hinc
591 2247 835 2308 subdidit
869 2245 1151 2301 Salvator:
1194 2244 1423 2316 Vigilate
1474 2263 1597 2317 ergo
1623 2285 1640 2312 ,
1674 2248 1802 2316 quia
1833 2264 1994 2318 neque

406 2359 496 2397 vos
545 2342 708 2396 nostis
753 2356 858 2410 qua
903 2339 1035 2392 hora
1067 2337 1230 2410 475
1262 2338 1518 2394 Dominus
1548 2349 1716 2393 vester
1746 2347 1995 2395 venturus

407 2433 478 2487 sit
494 2433 534 2464 ⁸¹
553 2451 569 2500 ;
585 2442 660 2500 et,
684 2430 802 2497 Qua
817 2447 917 2485 non
933 2431 1136 2500 putatis
1157 2430 1289 2484 liora
1304 2429 1478 2486 Filius
1502 2431 1728 2485 hominis
1747 2432 1910 2485 veniet
1926 2433 1996 2486 ⁵³.

409 2525 599 2595 Itaque
625 2523 698 2579 ob
727 2523 1052 2590 utilitatem,
1085 2537 1209 2592 qua:
1244 2537 1313 2578 ex
1335 2523 1438 2577 hac
1463 2521 1640 2578 oritur
1668 2521 1997 2592 ignorantia,

409 2621 488 2676 ita
523 2619 892 2676 est-locutus.
943 2615 1042 2680 His
1097 2617 1244 2672 enim
1291 2617 1470 2673 verbis
1519 2631 1620 2673 nos
1650 2617 1902 2672 hortatur
1932 2626 1994 2673 ut

409 2727 627 2784 semper
669 2710 848 2783 parati
887 2707 1232 2766 simus.‘Vos
1261 2708 1442 2774 enim,
1475 2709 1672 2780 inquit,
1721 2709 1986 2766 nescitis:

407 2822 512 2878 ego
554 2803 994 2861 vero-Dominus
1048 2802 1212 2867 novi,
1253 2802 1474 2872 quando
1525 2810 1792 2856 venturus
1841 2817 1987 2868 sum,

408 2898 664 2970 quamvis
691 2896 880 2952 Ariani
915 2910 1024 2964 me,
1057 2895 1154 2967 qui
1197 2893 1378 2950 Patris
1417 2909 1542 2951 sum
1578 2892 1838 2959 Verbum,
1875 2910 1988 2950 non

408 2998 746 3061 exspectent.

2097 1891 2327 1944 ἑκάστου
2349 1890 2490 1942 τέλει
2512 1890 2572 1942 τὺ
2591 1889 2818 1943 καθόλου
2849 1889 3180 1957 συνάγεται),
3209 1889 3315 1954 ἵνα,
3356 1889 3552 1961 ἀδήλου
3584 1891 3690 1946 αὑ-

2094 1981 2189 2034 τοῦ
2216 1981 2368 2044 ὄντος
2396 1981 2507 2053 (94)
2537 1982 2630 2035 καὶ
2677 1983 2765 2036 ἀεὶ
2789 1980 3263 2052 προσδοκωμένου,
3320 1981 3439 2034 καθ’
3465 1982 3686 2054 ἡμέραν

2097 2074 2174 2138 ὡς
2226 2073 2555 2145 καλούμενοι
2606 2073 3028 2146 προκόπτωμεν,
3077 2077 3190 2138 τοῖς
3246 2073 3552 2145 ἔμπροσθεν
3591 2076 3689 2129 ἑπ-

2097 2167 2482 2238 εκτεινόμενοι,
2529 2166 2638 2220 τῶν
2689 2167 2746 2219 δὲ
2799 2166 3021 2220 ὄπισθεν
3049 2167 3550 2238 ἐπιλανθανόμενοι.
3584 2169 3686 2232 Τίς

2098 2258 2226 2328 γὰρ,
2279 2255 2562 2324 γινώσκων
2617 2257 2716 2328 μὲν
2762 2256 2860 2328 τὴν
2915 2257 3129 2328 ἡμέραν
3179 2257 3271 2310 τοῦ
3327 2257 3533 2322 τέλους,
3583 2260 3686 2330 οὐχ

2100 2349 2445 2422 ὑπερτίθεται
2477 2349 2568 2402 τὸν
2621 2348 2821 2420 μεταξὺ
2850 2350 3058 2422 χρόνον⁸
3118 2349 3326 2419 ἀγνοῶν
3356 2351 3434 2416 δὲ,
3468 2352 3527 2404 οὐ
3556 2352 3684 2405 καθ’

2099 2439 2312 2510 ἡμέραν
2343 2438 2560 2510 ἕτοιμος
2588 2439 2830 2507 γίνεται;
2873 2441 2972 2494 Διὰ
3003 2439 3161 2494 τοῦτο
3198 2442 3304 2513 γὰρ
3339 2443 3431 2494 ἐπὶ
3471 2441 3686 2506 τούτοις

2099 2533 2366 2604 ἐπέφερεν
2387 2534 2415 2585 ό
2441 2531 2652 2604 Σωτὴρ,
2673 2532 2865 2601 λέγων·
2908 2533 3259 2603 Γρηγορεῖτε
3289 2529 3421 2596 οὖν,
3453 2533 3542 2587 ὅτι
3571 2537 3686 2587 01".:

2099 2623 2298 2678 οἴδατε
2341 2623 2482 2678 οὐδὲ
2505 2624 2693 2693 ὑμεῖς,
2730 2625 2868 2691 ποίᾳ
2895 2623 3014 2694 ῶρᾳ
3055 2625 3164 2696 (95)
3197 2629 3228 2678 ό
3273 2627 3487 2694 Κύριος
3516 2625 3686 2694 ὑμῶν

2095 2716 2348 2784 ἔρχεται·
2373 2715 2488 2780 καὶ,
2517 2709 2601 2787 1’ῌ
2623 2717 2694 2770 οὐ
2742 2716 2968 2770 δοκεῖτε
3013 2715 3154 2784 ὥρᾳ,
3213 2719 3245 2770 ὀ
3294 2717 3418 2783 Υἱὸς
3445 2717 3551 2770 τοῦ
3579 2718 3686 2770 ἀι·-

2095 2809 2330 2877 θρώπου
2360 2807 2616 2877 ἔρχεταιο
2665 2807 2757 2861 διὰ
2805 2808 2867 2861 τὸ
2919 2809 3198 2880 συμφέρον
3227 2809 3332 2880 ἄρα
3365 2808 3425 2861 τὸ
3471 2809 3585 2878 (96)
3616 2811 3685 2862 ἑκ

2095 2899 2192 2968 τῆς
2225 2899 2444 2968 ἀγνοίας
2470 2897 2627 2952 τοῦτο
2655 2898 2862 2971 εἴρηκε.
2888 2900 2999 2953 Καὶ
3026 2899 3134 2973 γὰρ
3163 2901 3256 2954 καὶ
3291 2901 3448 2954 τοῦτο
3484 2901 3683 2969 λέγων,

2099 2987 2346 3058 βούλεται
2372 2989 2460 3043 διὰ
2495 2989 2693 3055 παντὸς
2755 2991 2904 3061 ἡμᾶς
2962 2991 3212 3062 ἑτοίμους
3263 2992 3517 3059 γενέσθαι
3544 2992 3680 3064 (97)·

416 3081 604 3153 Ὑμεῖς
630 3081 759 3153 γὰρ,
800 3080 982 3153 φησὶν,
1030 3078 1129 3132 οὐκ
1187 3077 1384 3132 οἴδατε·
1412 3077 1522 3148 ἑγὼ
1566 3078 1624 3132 δὲ
1698 3080 1727 3132 ὀ
1781 3078 1986 3152 Κύριος
2051 3076 2167 3135 οἴδα
2236 3083 2364 3136 πότε
2415 3081 2666 3155 ἔρχομαι,
2737 3083 2841 3138 κᾶν
2889 3083 2938 3136 οἱ
2999 3083 3260 3138 Ἀοειανοί
3317 3101 3384 3156 με
3445 3085 3522 3158 μὴ
3569 3085 3684 3156 (98)

409 3173 748 3249 προσδοκῶσι
776 3175 947 3243 Λόγον
965 3174 1096 3228 ὄντα
1117 3173 1211 3227 τοῦ
1242 3173 1473 3245 Πατρός.

480 3268 567 3325 50.
593 3267 684 3323 Sic
708 3281 842 3337 ergo
869 3264 1157 3330 Dominus,
1182 3265 1277 3334 qui
1303 3265 1448 3336 _quid
1477 3265 1639 3322 nobis
1680 3267 1982 3337 expediret,

2161 3266 2248 3320 50.
2293 3263 2350 3318 Ὀ
2385 3263 2486 3336 μὲν
2515 3259 2610 3316 οὗν
2637 3261 2861 3335 Κύριος,
2890 3263 2950 3318 τὸ
2987 3263 3145 3336 ἡμῶν
3206 3263 3482 3337 συμφέρον
3537 3267 3682 3321 ὑπὲρ

407 3364 603 3419 melius
639 3377 804 3432 quam
850 3375 951 3415 nos
977 3369 1223 3424 noverat,
1252 3375 1384 3416 suos
1423 3359 1721 3430 discipulos
1751 3361 1991 3416 ﬁrmavit

407 3473 470 3512 ac
497 3455 750 3519 munivit,
772 3453 958 3523 illique
988 3451 1302 3521 hujusmodi
1320 3452 1572 3508 instructi
1595 3451 1989 3520 admonitione,

407 3549 840 3606 emendaverunt
867 3545 1386 3602 Thessalonicenses
1405 3545 1554 3612 ",ea
1583 3545 1638 3599 in
1669 3560 1727 3599 re
1743 3543 1988 3613 alioquin

407 3651 706 3700 erraturos.
759 3639 987 3707 Quando
1033 3654 1163 3694 vero
1206 3653 1381 3708 neque
1419 3638 1519 3694 «his
1545 3638 1756 3694 cedunt
1785 3635 1992 3691 Christi

407 3735 617 3799 hostes,
650 3734 870 3790 tametsi
909 3749 1018 3788 non
1052 3747 1140 3787 me
1172 3730 1312 3802 fugit
1349 3730 1543 3785 durius
1586 3729 1694 3784 illis
1738 3743 1834 3784 cor
1869 3741 1992 3784 esse

411 3845 577 3898 quam
609 3825 902 3891 Pharaoni,
933 3825 1111 3896 placet
1142 3828 1321 3879 tamen
1357 3823 1483 3879 illos
1517 3823 1714 3878 iterum
1743 3836 1808 3876 ea
1838 3821 1906 3876 de
1933 3835 1994 3876 re

407 3930 768 3991 Interrogare.
797 3918 941 3974 Deus
981 3919 1037 3972 in
1090 3917 1346 3988 paradiso
1380 3923 1750 3987 percontatur,
1796 3913 1990 3982 Adam,

409 4016 499 4068 ubi
538 4031 591 4070 es
615 4012 705 4065 “?
733 4011 976 4067 Cainum
1020 4025 1242 4080 quoque
1285 4011 1400 4078 ipse
1431 4009 1762 4078 interrogat:
1785 4004 1886 4060 Ubi
1914 4011 1994 4059 est

408 4109 540 4164 Abel
586 4109 755 4179 frater
801 4114 920 4157 tuus
942 4103 1025 4156 ⁸⁵ἳ
1073 4101 1216 4168 Quid
1266 4101 1355 4156 hic
1395 4101 1577 4170 itaque
1605 4097 1992 4169 respendetis?

410 4199 547 4256 Nam
585 4199 631 4252 si
676 4212 800 4252 eum
832 4194 1046 4249 nescire
1083 4193 1434 4260 existimatis,
1481 4203 1534 4247 et
1562 4191 1765 4246 idcirco
1797 4190 1992 4261 scisci:

411 4293 516 4346 tari
544 4304 714 4344 reum
742 4284 1056 4340 Manichaeis
1077 4282 1321 4354 profecto
1345 4285 1690 4348 consentitis,
1721 4282 1816 4352 qui
1845 4280 1991 4336 vide-

481 4385 526 4416 ³⁰
553 4382 918 4450 Ριιὶιὶρρηιιι,
957 4378 1044 4433 15.
1191 4377 1237 4408 ’ί
1279 4376 1468 4430 Matth.
1512 4391 1661 4440 xxxv,
1701 4375 1790 4429 42.

411 4455 458 4488 ⁸⁸
497 4453 632 4508 Gen.
677 4449 751 4516 tv,
790 4449 846 4503 9.

1897 4373 1946 4405 ⁸⁸
1976 4371 2115 4426 Luc.
2156 4387 2257 4436 xu,
2297 4371 2388 4426 40.
2437 4396 2454 4421 ρ
2487 4370 2535 4402 ⁸⁸
2573 4368 2616 4422 ιι
2651 4368 2899 4424 Thessal.
2941 4383 3021 4432 ιι,
3055 4367 3108 4420 2.

2091 3361 2238 3432 ἡμᾶς
2261 3356 2566 3427 γινώσκων,
2601 3356 2775 3420 οὕτως
2816 3357 3156 3428 ἠσφαλίσατο
3213 3360 3340 3422 τοὺς
3400 3358 3678 3432 μαθητάς⁸

2093 3454 2186 3507 καὶ
2217 3451 2372 3506 αὐτοὶ
2421 3449 2596 3503 ταῦτα
2638 3449 2748 3519 (99)
2785 3449 3066 3519 μαθόντες,
3118 3449 3499 3523 διωρθώσαντο
3552 3454 3684 3523 μέλ-

2092 3545 2281 3608 λοντας
2331 3543 2389 3596 ἑν
2425 3541 2598 3611 τούτῳ
2649 3539 2953 3594 πλανᾶσθαι
3009 3541 3134 3606 τοὺς
3193 3541 3300 3594 ἀπὸ
3354 3543 3682 3598 Θεσσαλονί-

2094 3654 2197 3708 κης
2224 3635 2320 3708 (1).
2369 3631 2587 3702 Ἐπειδὴ
2614 3631 2671 3684 δὲ
2703 3633 2752 3684 oi
2783 3633 3156 3703 Χριστομάχοι
3191 3634 3300 3686 οὐδ’
3330 3635 3472 3689 οὕτω
3511 3655 3680 3691 κατα-

2093 3729 2326 3790 δύονται,
2363 3723 2646 3795 βούλομαι,
2684 3721 2886 3793 καίπερ
2928 3721 3084 3786 εἰδὼς
3121 3724 3490 3797 σκληροτέραν
3531 3727 3683 3797 ἔχον-

2095 3837 2195 3883 τας
2229 3817 2424 3880 αὐτοὺς
2454 3813 2548 3868 τοῦ
2599 3812 2798 3885 Φαραὼ
2840 3812 2918 3884 (‘2)
2965 3813 3063 3885 τὴν
3098 3815 3342 3886 καρδίαν,
3401 3818 3679 3888 ἐρωτῆσαι

2096 3912 2260 3966 πάλιν
2300 3909 2395 3963 καὶ
2427 3907 2556 3978 περὶ
2582 3905 2792 3959 τούτου.
2837 3907 2923 3958 Ἐν
2963 3907 3042 3978 τῷ
3077 3908 3388 3981 παραδείσῳ
3413 3910 3681 3966 πυνθάνε-

2095 4023 2184 4059 ται
2218 4005 2246 4057 ὁ
2283 4002 2415 4066 Θεὸς
2442 4001 2634 4070 λέγων’
2678 3999 2868 4069 Ἀδὰμ,
2893 4001 3010 4054 ποῦ
3052 3997 3141 4063 ei;
3175 4000 3448 4067 Ἐξετάζει
3485 4003 3541 4056 δὲ
3583 4006 3680 4057 κα)⁵

2093 4095 2184 4150 τὸν
2217 4096 2378 4150 Κάῖνο
2409 4095 2536 4150 Ποῦ
2568 4097 2644 4168 (5)
2672 4097 2841 4150 Ἅϐελ
2877 4097 2909 4148 ό
2935 4093 3199 4162 ἁδελφός
3228 4109 3343 4147 σου
3361 4111 3378 4156 ;
3413 4095 3477 4147 Τί
3500 4096 3680 4148 τοίνυν

2097 4187 2347 4258 καὶπερὶ
2380 4185 2571 4240 τούτου
2613 4185 2785 4254 φατέ;
2832 4185 2894 4238 Ei
2924 4183 3033 4256 γὰρ
3079 4185 3293 4251 ἀγνοεῖν
3331 4185 3493 4238 αὑτὸν
3524 4189 3678 4257 νομί-

2098 4279 2238 4344 ζετε,
2268 4281 2362 4332 κα)⁸
2386 4279 2474 4333 δια
2501 4277 2659 4332 τοῦτο
2690 4276 3052 4330 πυνθάνεσθαι
3089 4276 3187 4346 (ιγ
3225 4277 3544 4347 Μανιχαίοις
3577 4279 3678 4348 μὲν

3215 4367 3262 4398 ⁸⁸
3295 4367 3432 4422 Gen.
3475 4385 3578 4436 ιιι,
3620 4369 3673 4424 9.

483 4545 592 4615 (91)
635 4542 875 4612 Uterque
906 4541 1141 4615 Regius,
1185 4540 1415 4615 Se_guc_r_.
1448 4540 1616 4615 Basil.
1637 4547 1710 4615 _et
1745 4535 1984 4615 Anglij
2016 4537 2066 4598 ι)
2092 4533 2488 4615 tiomC_om_mel.,
2517 4537 2628 4615 K_ai
2653 4538 2763 4615 γάρ
2789 4536 2967 4615 τοῦτο.

360 4603 368 4610 ’
410 4603 624 4670 ἑαυτόν.
654 4603 843 4668 Castori
874 4623 927 4668 et
958 4603 1108 4676 editi,
1130 4603 1319 4666 αὐτόν.
1359 4611 1482 4665 Mox
1519 4610 1724 4679 Regius
1750 4603 1984 4679 primus,

413 4688 541 4756 περὶ
567 4685 666 4754 τῆς
696 4686 906 4756 ἡμέρας
933 4685 1032 4754 τῆς
1058 4682 1390 4756 συντελείας.
1429 4678 1692 4756 Segtieij._,
1729 4678 1860 4756 περ).
1885 4678 1988 4756 ’τῇς

410 4747 751 4876 ἡμέροὶςίίκοίὶ
777 4747 874 4826 τῆς
890 4747 1230 4816 συντελείας.
1244 4751 1446 4808 Caneri
1469 4747 1528 4807 εἰ
1550 4751 1704 4818 editi,
1731 4749 1860 4821 περὶ
1886 4747 1989 4820 τῆς

414 4843 570 4876 συντε
607 4843 631 4876 ε
660 4842 744 4876 ας.

414 4842 744 4888 συντελειας.

485 4897 596 4966 (92)
637 4891 1389 4966 Seguerqﬁpopasiqovzat;
1412 4890 1543 4966 _Mox
1581 4889 1737 4966 idem
1765 4897 1818 4943 et
1845 4896 1989 4966 utet:-

412 4955 518 5035 qtte
553 4955 774 5034 Regiuvs,
804 4955 1122 5018 τδὲκάστου
1145 4955 1316 5026 τέλος.
1349 4961 1513 5028 Editi,
1545 4960 1606 5014 τὸ
1639 4961 1868 5014 ἑκάστου
1899 4955 1990 5010 τέ-

412 5037 541 5099 λους
560 5075 574 5097 ,
611 5035 890 5090 mendose.

485 5097 604 5175 (95)
660 5103 752 5175 Sic
798 5103 998 5174 Regius
1063 5102 1309 5175 primus,
1340 5099 1589 5175 _Seguer.
1645 5097 1863 5175 Gobler.
1934 5107 1990 5153 et

413 5169 560 5231 Feic.
585 5169 660 5230 ’1.
706 5174 808 5227 Alii
842 5169 1022 5228 autem
1057 5169 1110 5227 et
1135 5173 1301 5226 editio
1330 5170 1622 5232 Commel.,
1663 5169 1724 5221 τὸ
1755 5169 1986 5222 ἑκάστου

412 5245 748 5322 ἀπέκρυψεν.
782 5243 903 5322 Dios
937 5242 1070 5322 Reg.
1165 5252 1220 5322 et
1250 5240 1500 5322 Seguer.,
1543 5239 1640 5292 καὶ
1667 5238 1776 5309 γὰρ
1801 5239 1895 5292 καὶ
1929 5241 1989 5292 ἑν

413 5315 512 5385 τῷ.
542 5312 727 5385 Ᾱιιζθι
751 5315 903 5377 editi,
937 5314 1030 5385 καὶ
1056 5312 1164 5384 γὰρ
1198 5313 1256 5385 ἑν
1281 5312 1380 5381 τῷ.

485 5385 597 5454 (9i)
637 5383 841 5454 Regius
874 5378 1109 5454 primus
1135 5378 1311 5454 prima
1332 5378 1506 5436 'manu
1535 5387 1590 5435 et
1613 5379 1861 5454 segnem,
1894 5378 1989 5434 τοῦ

412 5450 587 5518 ὄντος.
621 5450 956 5523 εοόἯεεὶιῖε
987 5453 1048 5517 1,
1078 5450 1511 5523 secunda_manu
1533 5492 1548 5518 ,
1581 5451 1774 5504 τούτου
1813 5450 1985 5523 δντος.

485 5526 596 5594 (9-))
640 5525 730 5580 Sic
763 5520 964 5594 Regius
991 5525 1202 5594 primus
1225 5531 1279 5577 et
1301 5520 1544 5594 _Seguer.
1605 5531 1769 5590 atque
1809 5521 1884 5576 ita
1910 5521 1989 5576 le-

415 5597 497 5670 git
527 5593 795 5670 Nannius.
821 5592 926 5670 Alii
954 5592 1009 5648 et
1039 5592 1348 5670 edititrtoiq.
1374 5592 1579 5670 ἡμέρᾳ,

414 5659 445 5736 ν’,
486 5669 601 5736 (96)
644 5664 777 5736 Καρ
807 5674 861 5718 et
893 5663 1116 5736 Seguer.
1150 5663 1212 5736 τό
1239 5659 1679 5736 οιιιὶιιιιιιίίΜ-οχ
1719 5659 1904 5736 iidem,
1924 5671 1992 5736 _et

414 5685 416 5688 ν
486 5679 601 5736 (νο)
645 5679 778 5789 negl;
807 5679 861 5718 et
893 5679 1116 5733 Segner.
1150 5679 1212 5716 το
1239 5679 1517 5718 οιιιιιιιιιιῑ.
1557 5679 1679 5715 mox
1719 5679 1904 5725 nuem,
1936 5679 1992 5718 et

361 5791 379 5813 ο
411 5734 637 5792 Gohler.
663 5745 718 5791 et
781 5736 883 5791 elc.
909 5735 963 5803 1,
993 5734 1103 5788 Καὶ
1125 5732 1233 5804 γὰρ
1257 5732 1549 5788 καὶτοῦτο.
1577 5732 1771 5790 Castori
1795 5741 1847 5789 et
1873 5731 1992 5789 edi-

2133 4603 2509 4727 ίέὲἔέαιέ-ρειυε
2543 4609 2567 4661 1
2604 4603 3011 4678 ρι’δὲευειὶοη.
3031 4648 3045 4674 ,
3075 4605 3163 4660 διὰ
3191 4604 3391 4668 παντὸς
3421 4605 3675 4676 ἑτοίμους

2152 4691 2360 4730 νεσυαι.

2093 4692 2452 4819 ἶιῖεθέῗ-Ἵξοει
2481 4747 2507 4802 1
2538 4755 2591 4804 et
2623 4746 2876 4819 Seguer.,
2911 4747 3336 4819 Ἀρειομανίται.
3367 4745 3588 4819 Gobler.
3621 4757 3674 4801 et

2092 4813 2249 4889 Felc:
2265 4813 2776 4889 _i,"_A_petopavi-c&t.
2804 4813 3003 4889 (Σαξιεή
3037 4813 3272 4889 ειόιΙῂί,
3309 4816 3598 4886 Ἀρειανοί.

2166 4885 2280 4955 (99)
2322 4883 2652 4956 διοριὶἑιιιιε
2683 4887 3078 4958 ςοάοκίιῖεεὶιιε
3104 4896 3158 4942 et
3188 4883 3580 4958 Seguerianus.
3610 4885 3669 4941 in

2094 4959 2306 5010 caeteris
2337 4965 2392 5010 ct
2414 4958 2574 5013 editis
2604 4959 2756 5012 deest
2779 4957 2972 5011 ταῦτα.

2166 5025 2244 5097 (1)
2287 5025 2380 5097 Sic
2413 5036 2635 5097 uterque
2670 5026 2871 5096 Regius
2897 5039 2951 5082 et
2982 5025 3370 5097 Seguerianus.
3395 5025 3462 5080 At
3493 5027 3584 5081 alii
3617 5038 3673 5082 et

2093 5096 2244 5169 editi,
2275 5096 2384 5169 όιπὸ
2404 5097 2518 5169 λτῆς
2547 5096 2962 5169 Θεσσαλονίκης.

2168 5165 2246 5238 (2)
2276 5167 2379 5238 Δδιο
2404 5165 2536 5238 Reg.
2572 5168 2624 5231 1,
2665 5165 3087 5238 ὃθειιειιζΒεωΗ.
3115 5165 3337 5238 Anglic.
3361 5177 3414 5221 et
3440 5165 3589 5238 Felc.
3613 5167 3668 5222 5.

2095 5236 2165 5290 At
2197 5236 2288 5290 alii
2325 5236 2530 5308 θεοιιίὶὶ
2558 5277 2574 5300 ,
2619 5237 2819 5308 Φαραῶ
2844 5277 2860 5303 ,
2893 5236 3243 5294 circumﬁcxa
3289 5237 3502 5308 ultima.
3542 5236 3669 5308 hic:

2098 5318 2326 5379 uterque
2352 5305 2570 5379 _Begius
2599 5317 2653 5379 et
2683 5305 2910 5379 Seguer.
2928 5349 2948 5379 ,ν
2995 5311 3053 5362 ἑν
3079 5307 3165 5379 τῶ
3183 5307 3516 5379 παραδείσῳ.
3549 5306 3672 5362 Ca:-

2099 5377 2199 5431 teri
2225 5385 2279 5430 et
2301 5376 2469 5450 edi_ti,’
2508 5380 2565 5430 ἑν
2596 5377 2653 5430 δὲ
2677 5376 3279 5450 τῷίπαραδείσῳςῌήόζ
3296 5376 3671 5450 _Regiuspri-

2095 5461 2220 5501 mus
2270 5453 2326 5501 et
2373 5445 2622 5515 Seguer.,
2670 5445 2996 5502 πυνθάνεται
3023 5445 3214 5510 δ’Θεδς
3251 5445 3443 5516 λέγων.
3477 5445 3590 5502 Alii
3616 5459 3671 5502 et

2095 5517 2248 5589 edil_i,
2280 5517 2604 5589 πυνθάνεται
2633 5519 2660 5571 ὁ
2686 5517 2818 5582 Θεὸς
2845 5519 2938 5589 τοῦ
2977 5518 3148 5589 Ἀδὰμ
3173 5517 3367 5589 λέγων.

2164 5587 2247 5658 (3)
2279 5586 2381 5658 διο
2421 5585 2622 5654 Regius
2650 5590 2880 5658 primus,
2912 5585 3230 5658 Seguerian.
3252 5585 3582 5643 ’Goblerian.
3613 5599 3673 5644 et

2095 5656 2239 5728 Felc.
2270 5657 2323 5728 1Ζ
2357 5657 2428 5711 At
2455 5658 2547 5712 alii
2575 5656 2802 5728 etiediti,
2827 5656 3022 5728 λέγωνξ
3059 5657 3192 5728 Ποῦ,
3220 5667 3326 5712 etc.

2173 5726 2249 5800 (4)
2293 5725 2520 5798 Seguer.
2552 5737 2606 5787 et
2632 5727 2763 5801 Reg.
2791 5729 2856 5797 2,
2892 5725 3246 5795 πυνθάνεσθε,
3275 5727 3558 5784 mendose.
