3834 6220
357 279 468 339 139

953 281 1012 338 S.
1054 279 1436 337 ATHANASII
1473 278 1628 338 OPP.
1669 277 1860 336 PARS
1898 278 1942 334 1.
1983 307 2054 322 -ο
2091 275 2476 335 HISTORICA
2509 275 2600 333 ΕΤ
2640 274 3065 333 DOGMATICA.

3525 274 3641 331 με

359 403 571 460 strabat
595 417 676 470 se,
703 416 828 459 cum
857 401 1001 458 Deus
1031 411 1179 458 esset
1211 402 1602 472 impassibilis,’
1621 402 1937 474 passibilem

2066 403 2172 468 Ιεὺς
2203 402 2317 475 (65)
2343 401 2420 456 ὢν
2447 401 2691 473 ἀπαθὴς,
2727 400 2908 472 σάρκα
2937 396 3186 472 παθητὴν
3213 397 3407 452 ἔλασεν
3427 414 3441 427 ·
3486 399 3554 453 ἐκ
3575 398 3643 453 δὲ

359 496 733 565 assumpsisse
765 509 988 550 carnem
1026 511 1041 548 :
1085 501 1142 549 at
1183 509 1250 550 ex
1279 493 1539 565 operibus
1565 495 1745 565 palam
1771 493 1941 550 facie-

360 585 457 641 bat
495 600 576 652 se,
610 602 736 642 cum
791 586 886 641 Dei
933 584 1175 641 Verbum
1221 594 1401 653 esset,
1443 586 1722 642 hominem
1752 594 1940 657 postea

307 726 323 739 .
359 677 568 735 factum
613 693 757 746 esse,
798 679 944 735 unde
990 678 1211 734 aiebat:
1241 677 1302 733 Si
1349 679 1502 744 mihi,
1545 686 1735 749 utpote
1775 694 1939 749 quem

323 772 608 826 'humano
661 786 895 842 corpore
945 772 1205 828 amictum
1260 772 1520 840 cernitis,
1578 771 1788 830 credere
1836 787 1941 826 non

360 864 544 930 vultis,
578 863 771 920 saltem
805 862 1050 933 operibus
1082 862 1300 928 credite,
1326 872 1382 916 ut
1413 862 1741 932 cognoscatis
1771 877 1851 916 me
1884 862 1941 916 in

359 953 526 1010 Patre
546 963 596 1008 et
627 953 844 1008 Patrem
870 954 924 1007 in
962 969 1045 1007 me
1079 969 1190 1008 esse
1215 954 1284 1006 ⁷⁸.
1317 952 1486 1008 Plane
1515 953 1860 1024 impudentes
1886 961 1942 1008 et

359 1045 517 1115 impii
556 1044 853 1100 admodum
889 1059 1013 1100 esse
1051 1043 1188 1099 mihi
1214 1043 1470 1098 videntur
1506 1043 1714 1098 Christi
1744 1043 1942 1100 adver-

361 1138 515 1204 sarii,
534 1137 630 1208 qui
657 1137 918 1192 nimirum
946 1137 1040 1191 ubi
1065 1136 1362 1204 audierint,
1388 1135 1501 1208 Ego
1523 1146 1572 1192 et
1593 1136 1758 1192 Pater
1778 1154 1941 1192 unum

361 1247 545 1285 summ
570 1230 638 1297 ",
665 1244 889 1284 sensum
917 1228 1206 1284 verborum
1239 1227 1568 1294 adulterare,
1595 1237 1649 1283 et
1676 1227 1854 1285 Patris
1877 1244 1944 1285 ac

363 1321 487 1378 Filii
514 1321 778 1377 unitatem
810 1320 1051 1376 dividere
1081 1321 1212 1376 totis
1238 1329 1507 1376 conantur
1531 1320 1742 1376 viribus
1773 1336 1788 1372 :
1815 1335 1943 1376 cum

363 1423 546 1468 autem
578 1411 816 1480 ﬂevisse,
842 1412 1092 1479 sudasse,
1121 1427 1345 1482 passum
1379 1427 1502 1469 esse
1527 1410 1796 1480 audiunt,
1831 1426 1942 1467 non

362 1520 568 1575 corpus
599 1511 899 1574 aspectant,
938 1503 1032 1560 sed
1057 1519 1126 1558 ex
1157 1504 1246 1560 his
1275 1503 1419 1558 inter
1442 1517 1530 1559 res
1555 1511 1769 1559 creatas
1790 1517 1941 1569 eum,

363 1610 464 1666 per
483 1611 643 1666 quem
672 1594 828 1649 facta
849 1595 954 1650 illa:
983 1587 1131 1661 sunt,
1160 1594 1363 1651 audent
1393 1609 1776 1650 annumerare.
1803 1593 1944 1661 Quid

365 1703 498 1759 ergo
526 1687 704 1743 adhuc
734 1687 856 1743 illos
887 1687 1029 1742 inter
1068 1697 1124 1743 et
1145 1685 1368 1742 Judaeos
1393 1687 1666 1743 interest?
1696 1685 1770 1742 Ut
1797 1687 1942 1743 enim

2039 495 2149 550 τῶν
2181 495 2360 567 ἔργων
2397 493 2667 550 ἐδείκνυεν
2705 493 2898 548 ἐαυτὸν
2945 491 3121 562 Λόγον
3167 491 3297 546 ὄντα
3333 491 3429 546 τοῦ
3469 491 3637 558 Θεοῦ,

2041 587 2139 644 καὶ
2170 585 2400 659 ὕστερον
2429 585 2724 658 γενόμενον
2756 583 3063 657 ἄνθρωπον,
3095 582 3271 652 λέγων
3291 598 3306 615 ο
3356 583 3487 638 Κᾶν
3499 583 3637 653 ἐμοὶ

2037 679 2128 750 μὴ
2145 679 2494 748 πιστεύητε,
2531 678 2822 750 βλέποντες
2849 675 3189 749 ἀνθρώπινόν
3215 691 3284 748 με
3311 675 3644 748 περιϐεϐλη-

2045 769 2204 841 μένον
2232 768 2411 840 σῶμα,
2445 767 2583 823 ἀλλὰ
2607 767 2713 822 κᾶν
2745 767 2872 833 τοῖς
2888 765 3465 837 ἔργοις-πιστεύσατε
3493 764 3641 836 (64).

2040 862 2143 918 ἵνα
2170 862 2376 934 γνῶτε,
2410 862 2501 917 ὅτι
2532 860 2743 934 arma
2768 859 2849 927 τῷ
2878 860 3079 930 Πατρῑ,
3121 860 3220 915 καὶ
3258 863 3293 917 d
3319 860 3524 931 Πατὴρ
3564 860 3645 915 ἑν·

2039 955 2192 1026 ἐμοί.
2229 956 2376 1010 Πάνυ
2407 954 2466 1008 δέ
2497 967 2590 1026 μοι
2642 954 2892 1008 δοκοῦσιν
2921 953 3308 1024 ἀναισχυντίαν
3336 953 3641 1024 ἐσχηκέναι

2045 1048 2142 1102 καὶ
2165 1045 2515 1118 βλασφημίαν
2544 1047 2594 1100 oi
2615 1045 3001 1117 Χριστομάχοι.
3020 1043 3334 1109 Ἀκούοντες
3372 1044 3472 1116 μὲν
3497 1043 3638 1116 γὰρ,

2053 1135 2202 1206 Ἐγὼ
2227 1136 2326 1190 καὶ
2372 1139 2406 1190 ὁ
2444 1136 2650 1204 Πατὴρ
2679 1135 2749 1189 ἐν
2793 1135 3012 1204 ἐσμεν,
3066 1131 3343 1205 βιάζονται
3388 1132 3488 1206 τὴν
3517 1133 3643 1187 διά-

2040 1243 2188 1282 νοιαν
2211 1225 2655 1298 παρεξηγεὼθαι,
2684 1225 2776 1279 καὶ
2799 1224 3026 1296 διαιρεῖν
3047 1224 3146 1296 τὴν
3161 1224 3388 1296 ἑνότητα
3413 1222 3509 1278 τοῦ
3527 1226 3644 1278 Πα-

2040 1319 2169 1392 τρδς
2187 1319 2284 1374 καὶ
2303 1318 2396 1373 τοῦ
2413 1317 2563 1371 Υίοῦο
2583 1317 2874 1380 ἀκούοντες
2894 1316 2974 1380 δέ,
3002 1317 3085 1370 ὃτι
3105 1313 3387 1379 ἔκλαυσεν,
3411 1315 3638 1387 ἵδρωσε,

2045 1411 2333 1478 πέπονθεν,
2366 1411 2468 1466 οὐκ
2526 1409 2756 1482 ἐνορῶσι
2797 1409 2875 1480 τῷ
2914 1408 3150 1480 σώματι,
3184 1408 3300 1462 ἀλλ’
3329 1408 3396 1462 ἐκ
3421 1409 3640 1462 τούτων

2043 1507 2110 1577 τῇ
2145 1505 2320 1560 κτίσει
2350 1502 2742 1576 συναριθμοῦσι
2779 1502 2871 1557 τὸν
2907 1502 2976 1556 δι’
3016 1497 3076 1558 οῦ
3107 1501 3329 1572 γέγονεν
3364 1502 3399 1573 ἡ
3429 1501 3636 1564 κτίσις.

2045 1598 2112 1651 Τί
2142 1593 2234 1653 οὖν
2268 1597 2348 1650 ἐτι
2376 1596 2566 1650 λοιπὸν
2591 1595 2688 1650 καὶ
2715 1589 2862 1650 οὗτοι
2887 1594 2995 1648 τῶν
3043 1593 3312 1649 Ἰουδαίων
3341 1593 3643 1666 διαφέρου-

2049 1709 2162 1759 σιν;
2193 1692 2282 1756 Ὧς
2303 1691 2414 1762 γὰρ
2437 1692 2634 1744 ἐκεῖνοι
2658 1689 2729 1744 τὰ
2746 1688 2843 1743 τοῦ
2873 1688 3008 1743 Θεοῦ
3037 1687 3177 1760 ἔργα
3203 1687 3281 1758 τῷ
3306 1685 3642 1752 Βεελζεϐοὺλ

365 1757 452 1834 illi
472 1779 568 1835 Dei
595 1793 760 1850 opera
787 1777 954 1849 impie
979 1777 1287 1834 Beelzebuli
1317 1777 1700 1845 ascribebant;
1730 1778 1804 1832 ita
1831 1777 1946 1842 isti,

2066 1757 2350 1848 ιλογίζοντο
2372 1757 2836 1850 βλασφσιίιμοῦντες⁹
2865 1777 3010 1832 οὕτω
3041 1757 3136 1832 κα).
3155 1757 3322 1844 οῦτοι,
3345 1776 3437 1831 τὸν
3461 1776 3643 1832 ταῦτα.

365 1871 496 1942 quia
533 1870 826 1926 Dominum
865 1885 1092 1940 operum
1127 1869 1347 1924 illorum
1380 1876 1661 1924 auctorem
1692 1867 1836 1922 inter
1860 1883 1949 1922 res

365 1970 580 2020 creatas
614 1963 902 2031 collocant,
938 1962 1156 2018 easdem
1187 1977 1252 2018 ac
1279 1961 1360 2018 illi
1390 1976 1581 2032 poenas
1605 1961 1844 2031 pendent
1864 1959 1950 2014 in-

365 2055 686 2125 expiabiles.

434 2145 526 2202 56.
564 2144 729 2216 Atqui
764 2159 981 2216 aequum
1013 2143 1209 2200 fuisset
1237 2143 1361 2199 illos
1391 2158 1458 2201 ex
1485 2142 1573 2199 his
1598 2141 1803 2208 verbis,
1828 2139 1944 2214 Ego

365 2247 416 2293 et
444 2237 606 2293 Pater
637 2253 799 2290 unum
839 2252 1046 2303 sumus,
1080 2251 1245 2291 unam
1280 2234 1622 2291 divinitatem
1653 2243 1709 2290 et
1737 2243 1948 2289 natura:

362 2328 544 2386 Patris
575 2329 960 2400 proprietatem
986 2327 1306 2399 percipere;
1336 2341 1404 2383 ex
1439 2328 1541 2382 hac
1574 2334 1757 2381 autem
1788 2341 1943 2392 voce,

365 2423 694 2494 tacrymatus
739 2431 839 2486 est,
889 2431 944 2478 et
989 2421 1284 2486 similibus,
1325 2435 1392 2476 ea
1431 2417 1678 2490 corporis
1725 2419 1946 2489 propria

364 2527 487 2568 esse
509 2526 822 2582 agnoscere,
853 2512 1090 2566 maxime
1108 2525 1231 2566 cum
1251 2509 1540 2580 utrobique
1569 2519 1948 2565 consentanea:

364 2603 609 2659 rationes
643 2603 751 2658 illis
777 2610 1087 2674 suppetant,
1115 2585 1318 2673 quippe
1344 2616 1468 2657 cum
1503 2600 1593 2655 illa
1624 2601 1846 2671 quidem
1875 2601 1948 2658 de

365 2709 434 2748 eo
463 2704 524 2749 ut
557 2694 625 2749 de
667 2693 778 2750 Deo
799 2735 816 2761 ,
854 2695 971 2750 haec
1002 2706 1182 2750 autem
1215 2706 1436 2766 propter
1464 2696 1766 2751 humanum
1793 2694 1945 2765 ejus-

367 2785 494 2838 dem
516 2799 717 2854 corpus
743 2785 944 2855 scripta
980 2791 1108 2841 sint.
1137 2785 1248 2842 Nec
1267 2787 1412 2842 enim
1441 2787 1495 2842 in
1516 2802 1606 2852 eo,
1631 2786 1725 2857 qui
1747 2801 1948 2857 corpo-

367 2877 447 2933 ris
475 2892 671 2948 expers
701 2887 864 2944 esset,
897 2879 1146 2948 corporis
1173 2881 1535 2949 proprietates
1557 2875 1812 2944 fuissent,
1835 2878 1946 2934 nisi

371 2981 570 3038 corpus
598 2969 932 3038 corruptioni
965 2969 1262 3025 obnoxium
1287 2985 1350 3024 ac
1372 2969 1600 3025 mortale
1621 2968 1949 3039 assumpsis-

2049 1871 2424 1943 ἐργασάμενον
2459 1870 2666 1943 Κύριον
2703 1872 2816 1934 τοῖς
2837 1871 3098 1942 κτίσμασι
3149 1869 3636 1942 συναριθμοῦντες,

2046 1968 2146 2037 τὴν
2172 1967 2342 2038 αὐτὴν
2365 1967 2594 2030 ἐκείνοις
2619 1965 3004 2035 ἁσύγγνωστον
3036 1965 3354 2020 ὑποίσονται
3385 1964 3498 2036 (65)
3526 1981 3637 2019 κα-

2047 2059 2297 2132 ταδίκην.

2118 2153 2207 2208 56.
2233 2151 2380 2206 Ἔδει
2418 2151 2476 2204 δὲ
2516 2151 2814 2216 ἀκούοντας
2861 2151 2964 2222 μὲν
3016 2152 3234 2216 αὐτοὺς,
3281 2150 3431 2220 Ἐγὼ
3473 2150 3575 2206 καὶ
3601 2153 3640 2206 ὁ

2046 2243 2249 2315 Πατὴρ
2294 2244 2364 2299 ἐν
2393 2246 2619 2313 ἐσμεν,
2668 2243 2798 2315 μίαν
2842 2245 2976 2315 όρᾷν
3007 2244 3117 2316 τὴν
3159 2243 3392 2315 θεότητα
3433 2245 3530 2297 καὶ
3571 2243 3638 2296 τὸ

2047 2339 2178 2393 ἴδιον
2216 2336 2328 2410 (66)
2368 2337 2470 2409 τῆς
2488 2335 2676 2401 οὐσίας
2712 2335 2806 2391 τοῦ
2838 2336 3050 2408 Πατρός
3075 2353 3090 2367 ο
3121 2333 3420 2397 ἀκούοντας
3455 2334 3512 2387 δὲ
3543 2334 3633 2400 τὸ,

2047 2431 2336 2494 ἕκλαυσε,
2369 2430 2466 2483 καὶ
2498 2429 2567 2483 τὰ
2591 2430 2776 2500 ὃμοια,
2797 2427 2973 2482 ταῦτα
2999 2427 3095 2482 τοῦ
3124 2427 3375 2498 σώματος
3399 2426 3506 2480 ἴδια
3539 2425 3635 2482 λέ-

2046 2537 2185 2589 γειν,
2207 2519 2440 2592 μάλιστα
2464 2520 2546 2574 ὅτι
2577 2521 2634 2572 ἐν
2654 2517 2902 2590 ἐκατέρῳ
2917 2518 3121 2572 τούτων
3144 2517 3326 2589 ἔχουσι
3341 2517 3438 2590 τὴν
3463 2518 3638 2588 ἀφορ-

2049 2613 2157 2684 μὴν
2179 2611 2420 2681 εὔλογον,
2447 2612 2529 2666 ὅτι
2546 2611 2614 2666 τὰ
2630 2612 2728 2682 μὲν
2751 2611 2865 2683 (67)
2893 2611 2970 2676 ὡς
2995 2629 3063 2665 πε
3072 2611 3123 2682 ρ⁴ι
3143 2611 3278 2664 Θεοῦ
3301 2611 3634 2683 γέγραπται,

2045 2704 2115 2758 τὰ
2147 2705 2204 2759 δὲ
2233 2703 2322 2758 διὰ
2352 2704 2414 2758 τὺ
2445 2703 2786 2776 ἀνθρώπινον
2817 2703 2980 2758 αὐτοῦ
3029 2702 3186 2774 σῶμα
3213 2702 3447 2772 λέγεται.
3493 2703 3635 2757 οὐδὲ

2046 2795 2157 2867 γὰρ
2179 2797 2237 2849 ἐν
2267 2796 2544 2867 ἀσωμάτῳ
2573 2794 2642 2850 τὰ
2673 2795 2766 2850 τοῦ
2797 2794 3050 2867 σώματος
3072 2795 3138 2849 ἂν
3173 2795 3438 2865 ἐγεγόνει,
3475 2797 3522 2848 εί
3557 2795 3636 2866 μὴ

2048 2889 2208 2960 σῶμα
2230 2887 2413 2942 λαϐὼν
2443 2884 2511 2960 ἧν
2543 2887 2784 2960 φθαρτὸν
2806 2888 2900 2942 καὶ
2934 2886 3125 2958 θνητόν
3143 2904 3158 2918 ο
3185 2885 3354 2958 θνητὴ
3378 2887 3488 2959 γὰρ
3502 2882 3574 2958 ἦν
3597 2891 3633 2948 ἠ

2047 2979 2178 3049 ἁγία
2199 2978 2309 3050 (68)
2327 2979 2534 3050 Μαρία,
2551 2978 2612 3043 ἐξ
2625 2974 2694 3050 ἧς
2708 2975 2776 3049 ἧν
2798 2977 2892 3030 καὶ
2909 2977 2970 3029 τὸ
2993 2975 3170 3048 σῶμα.
3194 2975 3285 3029 Διὸ
3305 2974 3398 3029 καὶ
3417 2975 3636 3045 ἀνάγκη

369 3069 474 3116 set.
528 3060 775 3118 Mortalis
822 3062 1092 3132 siquidem
1138 3061 1241 3118 fuit
1269 3069 1458 3119 sancta
1505 3061 1675 3116 Maria
1728 3077 1796 3117 ex
1837 3076 1945 3131 qua

2066 3089 2108 3125 εν
2131 3072 2394 3142 πάσχοντι
2420 3069 2656 3141 σώματι,
2693 3069 2787 3124 καὶ
2819 3068 3081 3135 κλαίοντι,
3115 3068 3213 3122 κα)⁵
3242 3067 3503 3136 κάμνοντι
3539 3084 3638 3134 γε-

370 3155 492 3224 ejus
526 3154 849 3224 productum
896 3170 1096 3225 corpus
1125 3161 1246 3223 est;
1300 3171 1366 3210 ac
1406 3155 1656 3224 proinde,
1685 3154 1943 3224 quoniam

372 3246 428 3300 in
452 3260 682 3316 corpore
702 3246 966 3316 patiente,
998 3247 1356 3318 lacrymante,
1388 3256 1443 3302 et
1473 3246 1759 3303 laborante
1777 3254 1946 3311 esset,

371 3353 597 3394 necesse
631 3337 734 3393 fuit
773 3348 833 3394 ut
875 3339 1084 3405 isthaec,
1133 3355 1256 3409 quae
1293 3341 1476 3394 carnis
1524 3339 1741 3409 propria
1795 3344 1946 3402 sunt,

369 3430 442 3484 de
471 3444 536 3485 eo
565 3445 674 3484 una
711 3445 836 3485 cum
874 3445 1101 3502 corpore
1129 3433 1462 3487 dicerentur.
1496 3430 1624 3487 Sive
1662 3431 1827 3502 igitur
1852 3429 1951 3486 ﬂe-

370 3523 452 3577 vit
496 3531 551 3577 et
594 3524 942 3594 perturbatus
982 3531 1086 3592 est,
1132 3540 1243 3580 non
1284 3523 1546 3593 Verbum,
1597 3535 1659 3581 ut
1690 3524 1949 3593 Verbum,

371 3613 536 3668 ﬂebat
555 3625 610 3669 et
629 3615 1066 3684 perturbabatur,
1084 3617 1175 3672 sed
1202 3616 1257 3672 id
1280 3618 1581 3687 pertinebat
1601 3617 1668 3672 ad
1693 3631 1948 3673 carnem:

373 3707 490 3760 sive
513 3707 692 3761 oravit
722 3717 783 3762 ut
811 3709 1070 3764 transiret
1093 3709 1258 3770 calix.
1288 3725 1398 3764 non
1431 3709 1549 3779 ipsa
1575 3709 1836 3766 divinitas
1860 3725 1951 3764 re-

371 3795 724 3865 formidahat,
772 3798 865 3854 sed
907 3798 1000 3854 illa
1040 3799 1257 3855 affectio
1289 3803 1409 3856 erat
1440 3799 1795 3856 humanitatis
1823 3816 1948 3872 pro-

371 3890 515 3960 pria,
558 3897 618 3944 ut
657 3899 712 3945 et
751 3906 911 3946 voces
959 3892 1076 3947 istae
1109 3911 1122 3947 :
1163 3891 1362 3963 thuid
1395 3893 1723 3965 ἀει-ειὶᾳαὶδεί
1767 3909 1848 3948 me
1876 3893 1950 3946 7"?

372 3997 497 4050 qua:
544 3981 664 4052 ejus
717 3998 839 4038 esse
882 3985 1071 4040 eodem
1098 4023 1114 4048 ,
1169 4001 1279 4054 quo
1316 4001 1481 4056 supra
1532 3985 1949 4055 explicavimus,

373 4074 540 4128 modo
569 4083 700 4130 sunt
725 4074 1095 4146 intelligenda.
1133 4075 1269 4130 Nam
1298 4075 1512 4130 tametsi
1542 4077 1677 4130 nihil
1705 4075 1950 4146 patieba-

374 4174 488 4228 tur,
516 4179 641 4219 cum
676 4165 913 4221 Verbum
956 4167 1236 4236 patibilem
1268 4183 1378 4223 non
1425 4168 1627 4222 habeat
1665 4176 1952 4233 naturam,

374 4251 602 4322 perinde
631 4263 812 4310 tamen
847 4270 913 4310 ae
941 4256 987 4311 si
1015 4270 1141 4310 vere
1162 4264 1458 4326 pateretur,
1486 4254 1602 4310 haec
1629 4255 1699 4310 ab
1720 4271 1956 4327 evange-

445 4412 494 4446 ⁷⁵
525 4411 684 4469 Joan.
709 4430 764 4481 ι,
788 4412 879 4470 58.
957 4415 1002 4448 ⁷⁸
1030 4416 1162 4472 ibid.
1200 4415 1290 4471 50.
1367 4416 1410 4446 ⁷⁷
1439 4413 1611 4470 Marc.
1643 4433 1734 4481 xv,
1763 4414 1851 4471 54.

452 4570 563 4643 (63)
590 4569 818 4643 Seguer.
843 4571 1065 4628 Gobler.
1099 4584 1152 4629 et
1191 4573 1336 4630 Felc.
1372 4574 1425 4640 1,
1459 4575 1542 4629 ὅτι
1568 4592 1628 4628 τε
1656 4575 1811 4638 Θεός.
1835 4575 1958 4633 Mox
1993 4581 2036 4638 D

386 4641 516 4714 Reg.
536 4641 572 4714 1
606 4641 917 4714 ςιίὸθςιιθῐ,
941 4643 1215 4698 ἐδείκνυεν
1245 4645 1429 4700 αὐτόν.

463 4711 575 4785 (64)
606 4711 825 4786 Primus
853 4714 1023 4786 codex
1057 4715 1260 4784 Regius
1288 4725 1344 4769 et
1374 4714 1624 4786 Seguer.,
1658 4715 1761 4769 κᾶν
1796 4717 1920 4786 ἐμοὶ
1943 4759 1957 4782 ,

383 4784 1053 4863 βλέποντες-ανθρώπινον,
1080 4784 1528 4863 περιϐεϐλημένῳ
1563 4787 1724 4858 σῶμα
1766 4784 1842 4858 μὴ
1871 4805 1960 4840 πι-

379 4854 647 4944 στειξητεηο
670 4854 810 4944 ἀλλά
833 4854 934 4944 κᾶἕ
959 4859 1070 4920 τοίς
1094 4854 1275 4944 ἔργρις
1295 4854 1605 4944 πιστεύετε.

453 4925 567 4999 (65)
595 4925 726 4999 Reg,
760 4926 786 4978 1
823 4934 880 4979 ει
902 4925 1152 4999 ξεευεινζ,
1175 4927 1513 4999 ῥιποίσονται.

454 4995 567 5071 (66)
598 4995 801 5071 Regius
833 4995 1052 5071 primus
1075 5005 1130 5051 et
1170 4995 1417 5068 Seguen,
1452 4997 1548 5050 καὶ.
1579 4997 1640 5050 τὸ
1666 4996 1816 5050 ἴδιον.
1841 4995 1958 5053 Cte—

382 5065 483 5128 ter‘i
512 5077 567 5122 et
592 5067 744 5132 editi,
770 5065 912 5120 κατὰ
935 5067 994 5120 τὸ
1015 5067 1162 5121 ἴδιον.

457 5138 567 5209 (67)
614 5135 833 5209 Primus
873 5137 1057 5209 (codex
1124 5137 1344 5209 Regius,
1394 5137 1622 5209 5εςιιετ.
1639 5135 1881 5209 _Gob_|er._
1903 5146 1959 5192 et

386 5205 802 5278 FeleXprimus,
838 5207 901 5260 τὸ
934 5206 1056 5278 μέν,
1085 5217 1140 5263 et
1168 5205 1296 5262 mox
1325 5205 1534 5278 primus
1555 5206 1722 5278 codex
1754 5205 1958 5278 Regius

388 5223 534 5267 r'elc.
569 5223 802 5278 primus,
838 5223 901 5260 το
931 5223 1056 5329 ξεν,
1085 5223 1140 5263 ει
1168 5225 1296 5262 mox
1325 5223 1534 5278 primus
1555 5223 1722 5259 cooex
1754 5223 1957 5274 neglus

387 5294 442 5337 et
487 5281 741 5348 Seguer.,
791 5278 854 5331 τὺ
899 5278 928 5330 δ
989 5277 1077 5332 διὰ
1106 5279 1188 5341 τό,
1221 5288 1327 5335 etc.
1357 5278 1522 5333 Iidem
1547 5276 1957 5342 ibidem,a.uzoﬁ

390 5351 548 5418 σῶμα
575 5348 1009 5419 γέγραπται.νού
1033 5348 1148 5419 γὰρ
1176 5350 1254 5403 ἐν.

475 5415 568 5486 68)
596 5415 812 5474 Primus
831 5418 1000 5472 codex
1033 5415 1129 5472 Re
1150 5421 1255 5482 ius,
1286 5417 1602 5489 Seguerian.
1643 5415 1956 5471 Goblerian.

454 5421 610 5544 gelo.
645 5489 699 5544 4.
728 5485 796 5544 ἦν
829 5491 862 5544 ἡ
885 5436 1328 5544 Μαρία.⁸ἰὶειῐίιιε
1361 5488 1654 5544 secundus.
1695 5486 1956 5540 Basilien-

388 5501 444 5546 ει
465 5485 610 5544 Felc.
645 5489 699 5548 4,
728 5485 796 5561 ἦν
829 5491 862 5559 ἡ
885 5489 1094 5561 Μαρία.
1116 5485 1328 5561 Regius
1361 5485 1654 5561 secundus,
1695 5486 1961 5561 Basilien-

390 5563 468 5618 sis
499 5570 556 5614 et
581 5555 937 5631 Anglicanus,
961 5555 1030 5631 ἦν
1061 5563 1094 5630 ἡ
1128 5555 1258 5627 ἁγία
1284 5561 1492 5631 Μαρία.
1535 5557 1733 5631 ibidem
1761 5555 1959 5631 Regius

392 5634 602 5698 primus
643 5626 698 5684 ei
735 5626 996 5701 Seguerw'
1022 5626 1113 5685 Διδ
1154 5626 1248 5686 καὶ
1279 5626 1512 5703 ἀνάγκη.
1537 5626 1597 5684 ln
1624 5626 1745 5683 aliis
1773 5637 1825 5684 ct
1849 5626 1961 5684 edi-

392 5703 464 5756 tis
499 5701 650 5756 deest
679 5701 792 5755 καίδ

392 5710 464 5759 tis
499 5710 650 5757 deest
679 5710 792 5755 καίει

2050 3162 2275 3234 νομένω
2309 3161 2499 3227 αὐτοῦ,
2547 3161 2714 3215 αὐτοῦ
2744 3159 2998 3229 λέγεσθαι
3053 3159 3190 3231 μετὰ
3239 3158 3333 3213 τοῦ
3382 3158 3638 3230 σώματος

2052 3254 2146 3308 καὶ
2176 3251 2371 3318 ταῦτα,
2401 3253 2545 3325 ἃπερ
2572 3253 2720 3306 ἐστὶν
2750 3253 2858 3307 ἴδια
2894 3253 2995 3322 τῆς
3026 3251 3250 3323 σαρκός.
3303 3250 3372 3303 Εἴ
3418 3267 3478 3302 τε
3518 3249 3636 3302 τοί-

2052 3333 2146 3398 νυν
2179 3343 2289 3415 (69)
2316 3343 2568 3407 ἐκλαυσε,
2603 3343 2698 3397 καὶ
2733 3342 3030 3415 ἐταράχθη,
3061 3343 3162 3395 οὐκ
3196 3337 3263 3412 ἦν
3289 3343 3318 3394 ό
3353 3340 3526 3408 Λόγος
3550 3380 3566 3403 ,

2053 3435 2224 3505 Λόγος
2252 3435 2421 3501 ἐστὶν,
2451 3438 2481 3490 ό
2511 3437 2713 3490 κλαίων
2747 3438 2842 3491 καὶ
2880 3435 3306 3508 ταρασσόμενος,
3353 3431 3490 3486 ἀλλὰ
3533 3432 3638 3503 τῆς

2056 3525 2256 3596 σαρκὸς
2281 3525 2410 3580 [διον
2435 3521 2504 3597 ἢν
2539 3525 2698 3580 τοῦτο
2719 3543 2733 3557 ·
2760 3527 2808 3578 εί
2839 3526 2896 3580 δέ
2927 3525 3022 3578 καὶ
3055 3524 3395 3598 παρεκάλεσε
3433 3523 3640 3596 παρελ-

2056 3615 2170 3670 θεῖν
2207 3618 2268 3670 τὸ
2302 3618 2582 3689 ποτήριον,
2629 3618 2731 3674 οὐκ
2762 3614 2830 3690 ἦν
2857 3619 2890 3690 ἡ
2921 3617 3111 3688 θεότης
3137 3619 3170 3689 ἡ
3214 3617 3326 3686 (70)
3355 3615 3635 3680 δειλιῶσα,

2056 3709 2194 3763 ἀλλὰ
2219 3708 2320 3780 τῆς
2352 3709 2767 3782 ἀνθρωπὸτητος
2796 3706 2864 3782 ἦν
2893 3709 3024 3764 ῐδιον
3049 3711 3142 3763 καὶ
3165 3708 3320 3763 τοῦτο
3350 3708 3412 3761 τὸ
3437 3707 3634 3773 πάθος,

2054 3801 2147 3853 καὶ
2183 3800 2245 3854 τὸ
2269 3800 2466 3868 λέγειν·
2509 3801 2642 3856 Ἵνα
2671 3801 2730 3854 τί
2753 3818 2830 3871 με
2861 3800 3290 3871 ἐγκατέλιπεςς
3339 3799 3418 3863 ὡς
3467 3798 3637 3853 αὐτοῦ

2058 3893 2240 3965 μέντοι
2271 3893 2451 3959 πάλιν,
2479 3893 2622 3948 κατὰ
2650 3893 2719 3948 τὰ
2743 3895 2802 3949 ἐν
2842 3897 2956 3959 τοῖς
2999 3893 3307 3966 ἔμπροσθεν
3339 3894 3633 3964 εἰρημένα,

2057 3983 2232 4035 καίτοι
2257 3983 2421 4055 μηδὲν
2438 3984 2760 4054 πάσχοντος,
2779 3985 2996 4056 ἀπαθὴς
3024 3979 3213 4057 γὰρῆν
3244 3987 3273 4037 ὁ
3296 3984 3468 4053 Λόγος
3495 3983 3632 4052 (71).

2057 4075 2338 4146 εἰρήκασιν
2365 4076 2514 4145 ὅμως
2552 4078 2600 4128 οἱ
2622 4075 3005 4145 εὑαγγελισταὶ
3028 4075 3201 4129 ταῦτα
3220 4093 3234 4105 ⁸
3269 4075 3392 4127 ἐπεὶ
3423 4073 3518 4127 καὶ
3540 4073 3636 4128 ἇν-

2059 4164 2276 4236 θρωπος
2307 4165 2527 4234 γέγονεν
2557 4169 2585 4221 ὁ
2605 4167 2808 4239 Κύριος
2831 4167 2967 4239 (72),
2995 4168 3090 4221 καὶ
3129 4167 3205 4232 ὡς
3240 4165 3393 4238 παρὰ
3419 4163 3634 4236 ἀνθρὼ-

2060 4275 2162 4311 που
2195 4257 2402 4327 γίνεται
2441 4259 2536 4315 καὶ
2587 4259 2804 4330 λέγεται
2828 4259 3024 4326 ταῦτα,
3057 4259 3146 4315 ἵνα
3191 4259 3321 4326 καὶ,
3349 4257 3524 4313 ταῦτα
3565 4257 3637 4312 τὰ

2135 4575 2246 4648 (69)
2279 4575 2370 4648 Sic
2401 4574 2604 4648 Regius
2626 4576 2869 4648 primus,
2901 4572 3125 4646 Seguer.
3150 4571 3370 4630 Gobler.
3400 4579 3456 4628 et
3485 4569 3615 4628 Felc

2068 4649 2120 4704 1.
2147 4645 2337 4701 Ἀιέῐὶἰ
2367 4656 2422 4701 et
2447 4645 2597 4712 editi,
2624 4646 2688 4699 Εί
2713 4645 2918 4701 τοίνυν.

2135 4717 2246 4787 (70)
2278 4718 2368 4773 Sic
2394 4716 2836 4787 Regiusiprimus
2865 4723 2922 4787 et
2959 4714 3189 4787 Seguer.
3225 4711 3332 4787 Alii
3365 4720 3566 4787 autem.
3584 4721 3639 4767 et

2064 4779 2197 4842 editi
2291 4779 2570 4842 omittu'ut.
2607 4779 2732 4857 M91:
2760 4784 2967 4857 Regius
2989 4779 3231 4857 primus,
3267 4779 3639 4857 Seguer._Gg-

2063 4859 2202 4913 bler.
2246 4848 2313 4912 ἐι
2353 4857 2498 4912 Felc.
2557 4857 2610 4924 1,
2653 4848 2902 4927 ἧνῖδιον.
2950 4848 3004 4927 In
3052 4854 3264 4927 caeteris
3302 4848 3544 4927 etgeditis
3569 4848 3639 4927 ἦν

2062 4929 2233 4983 deest.
2266 4927 2574 4984 Goblerian.
2598 4923 2904 4983 'et'Felem.
2950 4925 2977 4980 1
3021 4924 3280 4980 omittunt
3309 4923 3512 4978 ibidem
3542 4925 3640 4976 καὶ

2061 5015 2236 5052 τουτο.

2133 5068 2247 5135 (71)
2279 5066 2491 5138 Regius
2522 5068 2734 5138 primus
2772 5073 2828 5121 et
2889 5065 3140 5138 §eguer.,
3188 5061 3430 5138 ἀπαθὴς,
3451 5062 3561 5138 γὰρ
3589 5064 3639 5138 ,ὁ

2062 5133 2252 5208 Λόγος.
2278 5133 2554 5208 iidemque
2580 5139 2780 5194 ibidem
2802 5145 2857 5193 et
2885 5133 3126 5199 Gobler.,
3151 5149 3215 5190 ac
3231 5134 3376 5190 Felc.
3407 5133 3463 5197 1,
3486 5134 3640 5204 εἰρή-

2063 5225 2221 5262 κασιν
2249 5209 2469 5278 ὁμοίως.
2507 5215 2537 5267 ‘:

2134 5278 2250 5360 (7:2)
2283 5271 2490 5360 Regius
2505 5277 2732 5360 primus
2754 5285 2809 5360 et
2840 5275 3092 5360 §eguer.,
3105 5273 3333 5360 γέγονεν
3358 5275 3387 5328 ό
3409 5271 3634 5360 Ιςὺρξος.

2066 5342 2284 5403 ΙηέΙὶἰε
2311 5342 2550 5403 ειέόὶῑίὲ
2588 5349 2739 5401 deest
2762 5349 2792 5400 ό
2842 5342 3069 5416 Κύριος.
3105 5342 3310 5401 ibidem
3364 5342 3638 5416 pro-five-

2064 5436 2177 5481 ται,
2208 5419 2373 5473 Basil.
2411 5419 2574 5473 habet
2620 5417 2833 5484 γέγονε.
2863 5412 2984 5470 Mox
3035 5415 3238 5484 Regius
3271 5412 3548 5484 secundus
3584 5423 3642 5466 et

2064 5487 2254 5558 Basili,
2280 5488 2541 5558 κουφίσας
2557 5482 2759 5558 αὐτοῖς.
2779 5487 2925 5544 Felc.
3037 5482 3300 5558 κουφίσαὲ
3323 5482 3639 5558 αὐτῇς-.-ΙΜ-

2064 5559 2184 5634 ςΙειη
2213 5553 2416 5634 Regius
2441 5560 2670 5634 primus,
2692 5557 2916 5628 Seguer.
2939 5553 3225 5634 Gobleﬁet
3251 5554 3391 5612 Felc.
3416 5554 3467 5620 1,
3484 5553 3639 5608 ἐλευσ-

2065 5629 2250 5701 θερίαν
2279 5626 2458 5702 αὐτὴν
2480 5629 2684 5684 τούτων
2721 5626 3125 5698 κατασκευάσῃ.
