3834 6220
269 324 375 382 Ml

1380 318 1641 376 ORATIO
1679 319 1749 376 Ill
1788 318 2070 375 CONTRA
2110 318 2437 378 ABIANOS.

3428 327 3539 383 4ιὶ

270 437 574 508 παθήματα
597 433 696 506 τῆς
717 432 917 505 σαρκὸς
947 431 1212 503 κουφίσας
1237 432 1423 498 αὐτὸς,
1450 433 1739 505 ἐλευθέραν
1761 434 1848 488 αὐ-

1960 433 2099 492 listis
2147 436 2349 507 scripta
2390 442 2541 502 sunt,
2596 435 2724 506 quia
2773 435 2981 493 scilicet
3035 436 3296 497 Dominus
3356 437 3538 500 factus

269 527 383 581 τῶν
401 525 606 596 ταύτην
639 523 1045 594 κατασκευάσῃ.
1093 521 1258 577 Ὅθεν
1295 522 1415 576 οὐδὲ
1467 523 1854 592 ἐγκαταλείπε·

273 618 399 672 σθαι
420 617 644 671 δύναται
670 614 825 686 παρὰ
855 612 951 668 τοῦ
980 614 1195 686 Πατρὸς
1225 614 1255 667 6
1298 614 1500 686 Κύριος
1542 617 1571 669 6
1616 618 1675 670 ἐν
1706 614 1855 688 αύτῷ

268 710 351 765 ὢν
379 712 469 765 ἀεὶ
531 708 666 780 (75),
704 707 799 761 καὶ
848 705 958 777 πρὸ
1003 705 1099 759 τοῦ
1131 706 1327 770 εἰπεῖν,
1366 707 1462 760 καὶ
1516 706 1605 761 ὅτε
1650 706 1854 776 ταύτην

268 801 430 872 ἠφίει
456 800 557 872 τὴν
590 799 792 869 φωνήν.
853 798 993 851 Ἀλλ’
1015 797 1136 851 οὐδὲ
1158 797 1317 870 θέμις
1360 799 1522 853 πάλιν
1548 801 1721 854 είπεϊν
1748 801 1857 854 δει-

267 894 395 965 λιᾷν
424 892 518 946 τὸν
562 891 785 961 Κύριον,
818 887 878 943 ὃν
902 889 953 942 οἱ
986 888 1227 961 πυλωροὶ
1252 888 1347 943 τοῦ
1387 889 1519 961 ᾅδου
1550 889 1855 962 πτήξαντες

269 985 557 1057 ἐξαφῆκαν
592 984 684 1037 τὸν
722 983 892 1056 ᾕδην·
931 983 1028 1037 καὶ
1061 982 1134 1037 τά
1181 983 1278 1055 μὲν
1314 984 1575 1056 μνήματα
1621 984 1850 1057 ἀνέῳγε,

268 1079 450 1133 πολλὰ
482 1078 541 1131 δὲ
582 1076 695 1150 (71)
732 1074 961 1148 σώματα
995 1074 1105 1130 τῶν
1146 1076 1320 1145 ἁγίων
1365 1075 1672 1148 ἀνέστησαν
1697 1117 1714 1143 ,
1757 1077 1854 1132 καὶ

268 1170 704 1242 ἐνεφανίσθησαν
723 1170 836 1233 τοῖς
869 1168 1040 1232 ἰδίοις.
1066 1167 1354 1239 Φιμούσθω
1369 1169 1548 1223 τοίνυν
1568 1171 1677 1234 πᾶς
1704 1170 1855 1242 αίρεο

269 1261 452 1323 τικὸς,
496 1260 591 1313 καὶ
628 1257 899 1328 φοϐείσθω
930 1256 1107 1325 λέγειν
1133 1256 1334 1329 δειλιᾷν
1360 1258 1453 1313 τὸν
1483 1258 1708 1332 Κύριον,
1735 1260 1794 1313 ὃν
1824 1261 1855 1313 6

269 1351 527 1416 θάνατος,
552 1351 626 1414 ὡς
652 1351 888 1422 δράκων,
918 1348 1144 1419 φεύγει,
1176 1349 1236 1406 ὃν
1277 1350 1538 1422 τρέμουσι
1579 1352 1850 1423 δαίμονες,

268 1445 371 1497 καὶ
399 1443 642 1513 φοϐεῖται
674 1442 918 1497 Θάλασσα
940 1458 954 1472 ·
995 1441 1064 1495 δι’
1090 1438 1151 1495 ὃν
1202 1442 1252 1495 οἱ
1271 1443 1509 1515 ξούρανοὶ
1556 1443 1850 1515 σχίζονται,

268 1534 372 1587 καὶ
396 1535 567 1588 πᾶσαι
596 1535 652 1586 at
684 1533 942 1604 δυνάμεις
971 1532 1286 1588 σαλεύονται
1316 1533 1429 1606 (75)
1450 1550 1466 1565 ⁸
1502 1535 1612 1589 ίδοὺ
1644 1535 1753 1607 γάρ
1772 1535 1855 1589 λέ-

266 1643 463 1696 γοντος
493 1626 680 1692 αὐτοῦ,
712 1627 837 1681 Ἵνα
861 1628 920 1682 τί
944 1644 1021 1698 με
1051 1627 1477 1697 ἐγκατέλιπεςῖ
1527 1628 1798 1683 ἐδείκνυεν
1822 1629 1852 1682 6

268 1716 485 1789 Πατὴρ,
510 1717 586 1781 ὡς
613 1717 701 1772 ἀεὶ
723 1718 817 1771 καὶ
839 1718 961 1771 τότε
982 1715 1048 1790 ἦν
1070 1719 1128 1773 ὲν
1160 1718 1327 1790 αὐτῷ.
1383 1718 1448 1772 Ἥ
1474 1719 1585 1790 γάρ
1614 1720 1687 1790 γῆ
1714 1758 1730 1785 ,
1767 1737 1854 1789 γι-

1954 528 2124 582 Ιιοιιιο
2153 536 2259 594 est,
2300 543 2366 583 ac
2398 526 2626 597 proinde
2667 527 2771 584 ista
2810 537 3069 600 tanquam
3105 529 3185 585 ab
3224 532 3444 589 homine
3481 543 3539 591 et

1954 618 2094 676 ﬁunt
2118 630 2171 676 et
2193 620 2468 685 dicuntur,
2495 628 2557 676 ut
2580 620 2833 676 videlicet
2862 620 2979 691 ipse
3001 621 3191 678 levatis
3219 622 3537 694 hujusmodi

1954 713 2137 769 carnis
2171 712 2597 781 aﬂ'ectionibus,
2649 729 2771 769 eam
2823 713 2910 771 his
2971 714 3223 771 redderet
3276 717 3530 775 liberam.

1955 803 2303 876 Quapropter
2328 821 2430 861 nec
2458 820 2491 861 a
2529 804 2692 861 Patre
2717 806 3017 879 derelinqui
3044 809 3220 879 potuit
3245 809 3531 879 Dominus,

1954 904 2142 965 utpote
2181 895 2276 967 qui
2311 894 2366 951 in
2394 895 2489 951 illo
2520 911 2736 967 semper
2767 897 3068 966 exstiterit,
3099 908 3213 955 tum
3239 909 3531 972 antequam

1954 986 2072 1042 haec
2101 987 2325 1055 diceret,
2356 995 2472 1043 tum
2516 1004 2639 1043 cum
2684 989 2784 1044 has
2828 989 3101 1045 emitteret
3126 1006 3312 1048 voces.
3341 990 3532 1064 Neque

1954 1080 2119 1134 etiam
2156 1078 2241 1136 ias
2280 1088 2366 1136 est
2410 1080 2591 1136 dicere
2636 1080 2927 1136 Dominum
2977 1081 3174 1138 timore
3220 1084 3533 1153 perculsum
3610 1128 3625 1149 .

1954 1169 2151 1235 fuisse,
2184 1169 2346 1239 cujus
2384 1180 2535 1226 metu
2574 1171 2850 1241 perterriti
2893 1171 3199 1228 inferorum
3241 1173 3530 1245 ianitores,

1954 1262 2203 1330 captivos
2253 1262 2563 1329 dimisere;
2631 1262 2867 1334 hincque
2927 1276 3280 1322 monumenta
3347 1278 3535 1339 aperta

1953 1362 2102 1419 sunt,
2141 1361 2195 1408 et
2222 1353 2392 1408 multa
2416 1362 2731 1410 sanctorum
2759 1370 2987 1425 corpora
3011 1356 3277 1425 revixere,
3308 1359 3534 1431 suisque

1952 1458 2253 1514 apparuere
2275 1444 2341 1499 ⁷⁸.
2371 1443 2610 1500 Taceant
2638 1445 2806 1516 igitur
2838 1462 3029 1504 omnes
3052 1448 3312 1514 haeretici,
3337 1466 3438 1507 nec
3458 1452 3536 1507 af-

1952 1533 2179 1589 ﬁrmare
2220 1534 2460 1589 audeant
2510 1533 2801 1607 Dominum
2848 1537 3120 1606 timuisse,
3172 1554 3336 1610 quem
3382 1555 3533 1597 mors

1951 1622 2094 1693 ipsa,
2138 1630 2202 1679 ut
2252 1624 2441 1691 draco,
2492 1622 2667 1696 fugit,
2724 1642 2887 1697 quem
2935 1628 3211 1686 damones
3257 1639 3532 1699 metuunt,

1953 1729 2116 1785 quem
2148 1730 2299 1770 mare
2326 1714 2494 1787 480
2524 1727 2763 1783 veretur,
2802 1718 2961 1787 cujus
2998 1734 3163 1775 causa
3211 1722 3534 1777 scinduntur

265 1809 561 1864 νώσκουσα
581 1809 673 1863 τὸν
708 1809 971 1864 λαλοῦντα
987 1811 1285 1882 Δεσπότην,
1314 1811 1477 1876 εὐθὺς
1508 1811 1727 1885 ἔτρεμε,
1753 1812 1848 1866 καὶ

1960 1808 2098 1875 coeli,
2130 1823 2434 1879 omnesque
2467 1809 2860 1865 concutiuntur
2880 1819 3196 1880 potestates.
3226 1810 3365 1867 Ecce
3386 1813 3534 1868 enim

266 1901 335 1955 τὸ
367 1900 765 1972 καταπέτασμα
792 1901 1056 1971 ἐσχίζετο,
1077 1902 1106 1954 6
1126 1901 1275 1973 ἥλιός
1301 1920 1361 1956 τε
1383 1903 1494 1973 (76)
1526 1903 1846 1974 ἐκρύπτετο,

270 1993 370 2048 καὶ
394 1995 449 2047 αἱ
476 1992 673 2067 πέτραι
706 1994 1116 2066 διερρήγνυντο,
1143 1994 1238 2048 καὶ
1258 1993 1328 2048 τὰ
1357 1995 1456 2066 μὲν
1483 1998 1740 2067 μνημεῖα,
1773 1996 1849 2061 ὡς

270 2088 556 2156 προεῖπον.
579 2086 846 2157 ὴνοίγετο,
875 2087 923 2139 οἱ
946 2085 1003 2139 δὲ
1036 2088 1094 2139 ὲν
1119 2085 1301 2150 αὐτοῖς
1326 2087 1508 2158 νεκροὶ
1541 2087 1845 2158 ἠγείροντο·

269 2177 369 2230 καὶ
404 2176 467 2231 τό
497 2194 562 2247 γε
592 2177 922 2248 θαυμαστὸν,
952 2177 1002 2230 οἱ
1031 2177 1152 2232 τότε
1181 2177 1448 2251 παρόντες
1479 2178 1591 2249 (77)
1624 2177 1719 2231 καὶ
1750 2178 1849 2250 ἀρ-

266 2266 522 2337 νούμενοι
550 2267 812 2339 πρότερον
836 2268 1019 2330 αὐτὸν,
1057 2266 1283 2339 ὕστερον
1316 2267 1487 2322 ταῦτα
1536 2268 1848 2339 βλέποντες,

266 2356 622 2429 ὁμολογοῦσιν
638 2358 738 2429 ἁλη
745 2358 852 2422 θῶς
866 2354 1200 2427 τοῦτονξεϊναι
1213 2359 1307 2413 τοῦ
1326 2359 1459 2413 Θεοῦ
1474 2360 1565 2414 τὸν
1580 2359 1851 2430 Υίόν(78ὶ.

1953 1898 2047 1955 illo
2080 1899 2329 1966 dicente,
2372 1898 2570 1971 thuid
2616 1901 2945 1972 dereliquisti
2990 1904 3110 1957 me?
3143 1903 3537 1960 demonstravit

1950 1992 2117 2049 Pater
2162 2009 2222 2050 se
2277 2004 2332 2051 et
2381 2011 2617 2066 semper,
2659 2004 2716 2051 et
2756 2007 2889 2052 tunc
2938 1996 2995 2051 in
3036 2012 3104 2054 eo
3142 1996 3335 2054 fuisse.
3366 1997 3535 2056 Terra

1952 2086 2101 2140 enim
2133 2084 2426 2141 Dominum
2463 2086 2776 2157 loquentem
2819 2101 3157 2159 agnoscens,
3198 2089 3381 2144 statim
3426 2099 3537 2145 tre-

1952 2177 2115 2241 muit,
2143 2177 2323 2233 velum
2365 2178 2599 2233 scissum
2635 2188 2741 2244 est,
2778 2194 2898 2234 sese
2926 2179 3008 2235 sol
3042 2180 3346 2247 abscondit,
3377 2181 3532 2237 diru-

1954 2276 2061 2338 pta:
2108 2278 2276 2337 petrae
2323 2278 2474 2331 sunt,
2520 2278 2894 2337 monumenta,
2947 2278 3010 2325 ut
3055 2269 3169 2341 jam
3228 2272 3362 2339 dixi,
3406 2282 3535 2329 sunt

1959 2367 2170 2431 aperta,
2199 2360 2403 2430 quique
2431 2360 2485 2414 in
2514 2360 2624 2416 illis
2652 2359 2908 2429 iacebant
2933 2360 3136 2415 mortui
3172 2362 3486 2417 revixerunt
3514 2382 3529 2419 :

266 2462 325 2508 et
375 2453 524 2523 quod
584 2452 639 2506 in
685 2452 876 2522 primis
922 2453 1123 2508 mirum
1168 2462 1271 2521 est,
1316 2454 1409 2525 qui
1457 2464 1570 2509 tum
1620 2455 1850 2510 aderant
1907 2458 2159 2525 eumque]
2201 2455 2357 2527 prius
2413 2464 2783 2527 negaverant,
2831 2464 3023 2527 postea
3073 2456 3161 2513 his
3223 2459 3531 2528 conspectis

265 2562 397 2602 vere
429 2563 554 2602 eum
581 2546 779 2601 Filium
814 2546 909 2602 Dei
936 2563 1059 2604 esse
1084 2558 1212 2603 sunt
1248 2548 1508 2606 confessi.

341 2642 431 2698 57.
468 2643 604 2714 Περὶ
630 2642 685 2696 δέ
717 2642 811 2697 τοῦ
837 2643 1016 2712 λέγειν
1043 2645 1225 2708 αὐτὸν,
1244 2644 1606 2710 Εἱδυνατὸν,
1625 2648 1845 2715 adpel-

266 2733 417 2789 θέτω
446 2733 512 2788 τὸ
542 2734 848 2803 ποτήριον,
884 2734 1084 2805 μάθετε
1117 2737 1235 2800 πῶς
1281 2737 1453 2790 ταῦτα
1481 2737 1717 2807 εἰρηκὼς
1748 2738 1850 2789 ἐπ-

266 2826 442 2897 ετίμα
466 2826 545 2898 τῷ
569 2827 784 2900 Πέτρῳ,
816 2827 987 2897 λέγων
1010 2846 1024 2859 ο
1064 2831 1146 2882 Οὐ
1161 2828 1401 2897 φρονεῖς
1420 2829 1491 2882 τὰ
1519 2828 1627 2883 τοῦ
1674 2828 1843 2894 Θεοῦ,

267 2916 436 2971 ἀλλὰ
456 2914 528 2970 τὰ
548 2915 666 2970 τῶν
690 2916 1016 2985 ἀνθρώπων
1049 2916 1180 2987 (79).
1223 2916 1418 2971 Ἤθελε
1445 2918 1578 2989 -γάρ
1628 2918 1657 2971 ὃ
1706 2935 1849 2989 παρ·
1875 2946 1918 3006 C

268 3012 480 3081 ῃτεῖτο,
526 3010 621 3063 καὶ
645 3010 735 3064 διὰ
759 3009 905 3064 τοῦτ’
934 3006 1002 3081 ἦν
1038 3008 1207 3063 ἐλθών
1232 3027 1246 3041 ο
1276 3009 1412 3064 ἀλλὰ
1435 3009 1524 3063 τοῦ
1559 3012 1658 3082 μὲν
1691 3006 1759 3083 ἦν
1786 3010 1848 3065 τὺ

269 3099 453 3153 θέλειν
476 3117 490 3131 ·
541 3099 634 3152 ἐπὶ
672 3098 829 3152 τοῦτο
867 3099 975 3171 γὰρ
1010 3093 1175 3170 ἦλθεο
1212 3099 1310 3170 τῆς
1358 3099 1415 3152 δέ
1465 3100 1664 3171 σαρκὸς
1688 3095 1757 3171 ἧν
1786 3100 1848 3153 τὸ

268 3190 510 3262 δειλιᾷν·
559 3189 638 3242 διὸ
692 3190 785 3243 καὶ
829 3189 904 3253 ὡς
927 3187 1211 3260 ἄνθρωπος
1260 3188 1411 3257 ἔλεγε
1456 3190 1554 3259 τὴν
1592 3189 1848 3260 τοιαύτην

269 3284 477 3353 φωνήν.
522 3281 634 3335 Καὶ
673 3280 954 3353 ἀμφότερα
991 3279 1153 3334 πάλιν
1196 3280 1348 3352 παρὰ
1387 3280 1479 3333 τοῦ
1529 3281 1691 3335 αὑτοῦ
1735 3281 1852 3334 ἐλέ-

267 3388 400 3444 γετο
431 3372 567 3445 (80),
591 3374 677 3427 ἵνα
703 3373 871 3446 δείξῃ,
906 3374 987 3427 ὅτι
1018 3372 1151 3437 Θεὸς
1176 3368 1256 3445 ξῆν
1299 3373 1466 3427 θέλων
1519 3374 1618 3445 μὲν
1662 3374 1847 3439 αὐτὸς,

266 3467 564 3537 γενόμενος
592 3464 650 3518 δὲ
670 3464 953 3535 ἄνθρωπος
975 3461 1088 3535 εἶχε
1121 3464 1402 3517 δειλιῶσαν
1428 3463 1526 3535 τὴν
1554 3464 1751 3537 σάρκα,
1782 3464 1849 3518 δι’

268 3557 341 3626 ἢν
394 3556 724 3626 συνεκέρασε
772 3556 833 3609 τὸ
890 3554 1085 3613 ἑαυτοῦ
1137 3554 1348 3631 θέλημα
1411 3558 1478 3627 τῇ
1533 3556 1851 3629 ἀνθρωπίνῃ

272 3646 553 3721 ἀσθενείᾳ,
589 3646 673 3702 ἵνα
699 3650 793 3702 καὶ
831 3649 989 3703 τοῦτο
1017 3648 1179 3703 πάλιν
1207 3645 1498 3718 ἀφανξσας,
1543 3644 1848 3721 θαρραλέον

266 3745 365 3799 τὸν
424 3744 709 3814 ἄνθρωπον
764 3745 927 3799 πάλιν
986 3744 1095 3817 (81)
1142 3744 1279 3818 πρὸς
1302 3745 1393 3798 τὸν
1419 3746 1646 3799 θάνατον
1679 3742 1850 3799 κατα-

268 3835 539 3909 σκευάσῃ.
578 3837 706 3890 Ἰδοὺ
735 3836 865 3905 γοῦν
894 3839 1126 3909 πρᾶγμα
1170 3836 1468 3908 παράδοξον
1515 3837 1757 3910 ἀληθῶς·
1788 3839 1848 3893 ὃν

266 3929 350 3992 ὡς
377 3929 519 3981 κατὰ
540 3928 738 3982 δειλίαν
764 3929 943 3982 λαλεῖν
974 3928 1085 3999 (82)
1119 3928 1427 4000 νομίζουσιν
1470 3931 1848 4003 οίΧριστομάο

266 4038 378 4093 χοι,
407 4012 563 4083 οὗτος
597 4023 663 4092 τῇ
698 4021 1026 4092 νομιζομένῃ
1054 4022 1225 4092 δειλίᾳ
1242 4021 1567 4093 θαρραλέους
1593 4023 1687 4076 καὶ
1710 4023 1846 4092 ἁφό-

268 4113 398 4177 6ους
429 4112 555 4177 τοὺς
576 4111 893 4183 ἀνθρώπους
923 4114 1321 4179 κατεσκεύαζεν
1342 4113 1475 4185 (85).
1507 4115 1569 4168 Οί
1593 4113 1721 4183 γοῦν
1747 4132 1851 4186 μα·-

2025 2642 2113 2699 57.
2154 2640 2308 2709 Quod
2340 2648 2519 2696 autem
2556 2640 2621 2695 ad
2647 2640 2700 2696 id
2735 2650 2946 2712 spectat
2973 2644 3118 2715 quod
3142 2643 3297 2710 dixit,
3329 2643 3391 2701 Si
3413 2646 3531 2715 ﬁeri

1951 2743 2144 2807 potest,
2197 2741 2434 2787 transeat
2475 2732 2618 2787 calix
2642 2734 2711 2800 τ’,
2758 2733 2953 2789 discite
2993 2738 3268 2805 quomodo
3309 2736 3528 2793 Petrum

1951 2826 2138 2880 eadem
2165 2822 2434 2877 dicentem
2468 2822 2555 2877 his
2585 2822 2951 2892 increpaverit
2978 2826 3158 2881 verbis
3187 2843 3201 2879 :
3236 2825 3359 2881 Non
3388 2827 3529 2897 sapis

1950 2932 2067 2987 qua:
2097 2914 2196 2969 Dei
2236 2924 2381 2979 sunt,
2421 2913 2513 2968 sed
2545 2929 2661 2984 quae
2697 2914 2973 2968 hominum
2997 2916 3067 2971 ”.
3112 2915 3390 2987 Siquidem
3427 2919 3533 2974 hoc

1949 3009 2128 3079 ipsum
2159 3006 2375 3061 volebat
2403 3004 2495 3059 ille
2525 3004 2669 3074 quod
2696 3005 3092 3073 deprecabatur
3121 3018 3175 3063 et
3204 3008 3526 3079 refugiebat,

1951 3101 2151 3171 quippe
2188 3114 2308 3153 eam
2343 3099 2415 3153 ob
2456 3114 2572 3152 rem
2604 3098 2885 3153 venisset:
2916 3114 3104 3154 verum
3150 3100 3267 3170 ejus
3311 3101 3530 3171 quidem

1951 3200 2071 3245 erat
2098 3188 2151 3242 id
2182 3187 2341 3253 velle,
2373 3186 2437 3242 ad
2470 3187 2615 3255 quod
2641 3187 2849 3241 scilicet
2879 3187 2995 3257 ipse
3021 3198 3260 3255 venerat,
3287 3190 3379 3244 sed
3407 3185 3542 3279 car-1'

1954 3283 2041 3337 nis
2064 3290 2181 3335 erat
2204 3294 2416 3350 pavere.
2462 3278 2619 3333 Unde
2648 3288 2710 3333 ut
2740 3278 2908 3333 homo
2940 3280 3039 3334 has
3071 3296 3235 3335 voces
3268 3282 3528 3351 protulit,

1954 3373 2179 3443 ipseque
2221 3381 2515 3441 utrumque
2547 3370 2703 3435 dixit,
2738 3379 2797 3425 ut
2839 3385 2900 3426 se
2943 3372 3251 3426 ostenderet
3278 3380 3331 3427 et
3358 3371 3529 3427 Deum

1953 3481 2073 3521 esse
2107 3465 2201 3536 qui
2244 3464 2424 3529 vellet,
2451 3471 2505 3518 et
2528 3462 2732 3518 factum
2770 3464 3046 3519 hominem
3079 3480 3297 3519 carnem
3330 3481 3531 3535 paven-

1955 3566 2061 3611 tem
2099 3556 2372 3621 habuisse,
2412 3554 2568 3624 cujus
2611 3554 2787 3626 gratia
2832 3569 2987 3610 suam
3036 3556 3153 3625 ipse
3193 3557 3527 3612 voluntatem

1946 3649 2199 3704 humana:
2233 3645 2454 3702 miscuit
2489 3645 2815 3709 inﬁrmitati,
2853 3656 2999 3701 utea
3034 3648 3321 3717 absumpta
3355 3646 3528 3702 ﬁden-

1949 3749 2055 3794 tem
2092 3748 2145 3792 et
2190 3738 2449 3793 audacem
2475 3738 2750 3793 hominem
2778 3737 3040 3793 adversus
3070 3747 3298 3796 mortem
3332 3738 3528 3799 redde-

1951 3839 2054 3890 ret.
2088 3827 2164 3887 En
2190 3829 2353 3903 igitur
2375 3844 2490 3889 rem
2517 3829 2678 3903 plane
2700 3828 3073 3888 admirabilem
3105 3850 3119 3888 :
3150 3828 3239 3889 ille
3268 3834 3529 3889 nimirum

1950 3941 2110 3996 quem
2126 3925 2330 3981 Christi
2355 3927 2536 3981 hostes
2564 3941 2674 3994 pra:
2696 3925 2983 3980 timiditate
3006 3925 3151 3996 loqui
3171 3925 3528 3989 arbitrantur,

1954 4024 2263 4094 hujusmodi
2296 4024 2409 4094 ipse
2438 4023 2723 4078 timiditate
2752 4023 2999 4078 homines
3028 4021 3324 4091 intrepidos
3341 4028 3395 4077 et
3418 4019 3531 4073 for-

1954 4124 2036 4171 tes
2076 4115 2328 4171 reddidit.
2380 4114 2519 4171 llinc
2554 4114 2696 4170 beati
2741 4114 2974 4185 apostoli
3023 4113 3176 4169 hisce
3226 4120 3352 4184 post
3400 4127 3526 4167 eum

340 4296 388 4327 "
418 4293 607 4350 Matth.
643 4310 816 4363 xxvn,
857 4293 945 4350 55.
984 4295 1031 4328 ⁷⁸
1063 4293 1256 4351 Matth.
1292 4311 1444 4364 xxvi,
1470 4297 1565 4352 59.
1640 4297 1686 4329 ⁸ο
1714 4292 1848 4353 Mart

1960 4313 2037 4363 ιιι,
2069 4297 2161 4353 55.

340 4459 456 4535 (75)
497 4460 698 4535 Regius
730 4459 1022 4535 pri_mus__et
1044 4460 1350 4535 Segu_er.,_6
1370 4459 1583 4535 βύριος
1609 4462 1638 4516 6
1665 4460 1723 4515 ἐν
1751 4460 1848 4514 αύ-

1960 4457 2249 4535 εἷναιΘεοῦ
2276 4462 2425 4530 Υίὸν,
2450 4473 2525 4528 et,
2555 4462 2874 4535 μαθέτωσαν
2896 4457 3049 4535 fui);-

265 4523 371 4602 τῷ,
400 4523 665 4602 ᾼιειιίἰίει
692 4523 845 4602 editi,
881 4532 909 4583 6
933 4523 1145 4602 Κύριοξ
1172 4532 1229 4583 ἐν
1255 4523 1424 4601 αὐτῷ.

338 4600 454 4670 (74)
485 4599 689 4671 Regius
732 4601 964 4671 primusg
988 4599 1045 4655 et
1088 4600 1342 4671 Seguer.,
1366 4599 1540 4655 πολλά
1567 4618 1648 4655 τε.
1680 4599 1849 4671 Iidem

266 4669 474 4728 ibidem
502 4679 557 4724 et
575 4669 793 4725 Gobler.
830 4686 894 4726 ac
926 4669 1071 4725 Felc.
1103 4669 1402 4741 1,“ἀνέστη,
1434 4673 1530 4725 καὶ
1558 4670 1851 4741 ἐφανίσθη-

268 4758 373 4814 σαν
396 4743 508 4814 τοῖς
540 4741 712 4805 ἰδίοις.
748 4740 875 4806 Alii,
903 4742 1207 4813 ἀνέστησαν
1234 4744 1325 4795 καὶ
1353 4740 1721 4814 ἐφανίσθησαν
1737 4744 1851 4804 τοῖς

460 4828 595 4866 ποις.

265 4812 818 5008 primus
835 4882 1013 4963 .codex
1042 4880 1271 4963 Regius,
1297 4880 1522 5005 Seguer.
1548 4880 1847 4964 Goblerzet

266 4955 343 5011 Fc
368 4972 419 5009 c.
466 4954 518 5007 1.
552 4951 624 5007 At
667 4962 849 5008 caeteri
877 4960 933 5008 et
968 4953 1098 5008 etilli
1122 4990 1139 5018 ,
1178 4955 1327 5007 πᾶσα
1394 4952 1590 5024 ύναμις
1623 4967 1846 5005 σαΑευε-

401 4992 419 5008 ο
467 4981 518 5007 ιο
552 4981 624 5007 ηι
667 4981 849 5008 υωιῦιι
877 4981 933 5008 σι
968 4981 1098 5008 συιιι
1122 4990 1139 5018 θ
1178 4981 1327 5007 ﬂaua
1360 4981 1587 5018 υυνυομιῇ
1623 4981 1846 5005 υιιιιιυι·

265 5044 381 5079 ται.

346 5095 458 5166 (76)
493 5094 873 5167 Seguer.,_ual
898 5096 927 5148 ὁ
948 5094 1100 5167 ἥλιος
1126 5093 1360 5167 δέηῐῇθε.
1378 5092 1563 5167 _habet
1602 5092 1736 5167 item
1766 5095 1843 5150 δέ.

266 5164 375 5222 ΔΙῘὶ
400 5164 591 5220 ιιιιιειῐι
614 5173 668 5220 et
691 5164 846 5227 editi,
870 5167 899 5217 6
929 5164 1081 5235 ἥλιός
1103 5182 1182 5218 τε.
1213 5165 1336 5218 Mox
1367 5164 1587 5235 Gobler.
1611 5172 1666 5219 et
1695 5164 1841 5221 Felc.

270 5238 324 5303 1,
352 5237 758 5308 διερρήγνυντο,
812 5234 1098 5308 καίωσι-ὲν
1140 5236 1324 5308 αύτοῖς
1357 5234 1578 5308 νεκροί,
1621 5236 1845 5308 omissis

267 5304 785 5374 intermcdiis.Reg.
823 5307 877 5375 1,
910 5306 1046 5361 ibid.
1085 5314 1139 5361 et
1168 5305 1394 5377 Seguer.
1429 5304 1530 5376 pro
1558 5305 1843 5376 ὴνοίγετο,

266 5378 475 5432 habent
501 5378 802 5447 ῂνοίγοντο.

343 5446 456 5517 (77)
477 5442 698 5518 “Regius
727 5446 935 5518 primus
963 5453 1023 5518 et
1064 5442 1316 5518 Seguer.)
1339 5443 1843 5518 xairOt,_iidemque

264 5514 923 5589 πιόμλῦστέρονξταῦτα
966 5514 1235 5585 λέγοντες.
1272 5515 1589 5572 Basiliensis
1640 5514 1839 5572 ibidem

266 5588 421 5642 addit
451 5588 508 5640 δέ
542 5585 665 5655 post
687 5585 938 5655 ὕστερον.

338 5657 455 5727 (78)
481 5654 699 5712 Primus
728 5654 901 5712 codex
933 5654 1140 5727 Regius
1187 5663 1244 5727 et
1297 5654 1522 5727 Seguer.
1562 5654 1659 5708 τοῦ
1700 5656 1839 5711 Θεοῦ

264 5723 357 5783 τὸν
392 5723 541 5798 Tia),
585 5736 638 5785 ct
677 5742 824 5795 mox,
885 5723 1085 5799 μάθετε
1140 5726 1278 5792 πῶς.
1330 5723 1524 5782 Ceteri
1578 5733 1633 5782 et
1675 5728 1835 5798 editi,

2027 4533 2137 4603 (79)
2154 4534 2368 4603 Primus
2397 4524 2567 4589 codex'
2589 4534 2791 4602 Regius
2813 4541 2877 4603 et
2892 4528 3119 4603 Seguer.
3146 4524 3374 4603 addunt,
3389 4524 3525 4578 ἀλλὰ

1951 4594 2154 4674 eaath
2197 4602 2533 4674 ἀνθρώπων,
2568 4594 2700 4674 qua?
2736 4603 2788 4655 in
2832 4594 3271 4674 aliis':et_editis
3296 4594 3520 4674 desunt.

1952 4672 2085 4737 Quae
2123 4689 2249 4728 mox
2284 4664 2612 4742 sequuntur,
2639 4673 2711 4742 ita
2738 4678 2955 4742 exstant
2981 4667 3036 4721 in
3062 4666 3196 4742 Reg.
3220 4667 3273 4729 1,
3294 4664 3518 4742 δοευρτ.

1952 4736 2170 4813 Gobler.
2200 4752 2254 4798 et
2286 4736 2432 4796 Felc.
2477 4747 2527 4798 1.
2556 4744 2648 4797 ubi
2683 4741 2815 4810 Reg.
2841 4740 2893 4806 1,
2922 4739 3404 4813 secunda__manu_,
3431 4736 3523 4813 ἐπὶ

1949 4812 2142 4884 τούτῳ,
2178 4813 2468 4884 nonmale.
2500 4814 2567 4884 At
2592 4814 2645 4865 in
2660 4804 2792 4884 aliis
2816 4804 3127 4884 et‘editione
3152 4804 3413 4884 Qonlmel.
3443 4805 3521 4884 s'ic

1949 4869 2166 4951 legitur,
2217 4883 2310 4937 καὶ
2363 4883 2448 4935 διὰ
2469 4883 2627 4936 τοῦτο
2657 4878 2725 4952 ἦν
2752 4878 2942 4941 ἐλθὼν,
2986 4876 3099 4931 ἀλλ’
3130 4874 3294 4928 αὐτοῦ
3330 4874 3429 4944 μὲν
3454 4869 3522 4944 ἦν

1948 4953 2009 5006 τὸ
2032 4954 2230 5016 δειλιᾷν
2250 4970 2261 4984 ⁸
2288 4952 2367 5006 διὸ
2396 4955 2492 5006 καὶ
2520 4953 2595 5016 ὡς
2620 4952 2923 5016 ἄνθρωπος,
2959 4957 3063 5002 etc.

2041 5024 2129 5096 80)
2165 5009 2255 5096 Sic
2278 5022 2490 5096 primus
2516 5009 2686 5078 codex
2713 5009 3194 5096 Regius,‘S_egner.
3222 5012 3443 5069 Gobler.
3466 5022 3521 5068 ct

1949 5088 2093 5166 Felc.
2204 5088 2398 5166 Caiteri
2421 5104 2608 5166 autem
2636 5101 2692 5166 e_t
2717 5088 2877 5166 editi,
2917 5088 3187 5166 ἐλέγοντο.
3497 5154 3510 5166 .

2021 5164 2132 5236 (81)
2161 5165 2355 5237 Πάλιν,
2382 5163 2611 5237 abest_a
2657 5161 2835 5237 Regio
2851 5155 3031 5237 primo
3059 5168 3113 5210 et
3143 5155 3392 5237 Se_guer.,
3423 5155 3513 5237 qui

1947 5224 2125 5290 iidem'
2142 5236 2302 5306 paulo
2331 5224 2452 5306 post
2481 5234 2698 5306 habent,
2733 5224 2898 5306 _"166b
2938 5226 3070 5296 γοῦν
3113 5228 3368 5299 πρᾶγμα,
3420 5224 3515 5279 ubi

1946 5306 2116 5377 aliiet
2141 5304 2293 5369 editi,
2339 5305 2470 5359 Ἰδοὺ
2492 5304 2933 5377 rapi-mimici;
3182 5366 3200 5377 ,
3249 5364 3268 5377 ,
3309 5366 3333 5377 _

2017 5375 2127 5447 (82)
2154 5364 2580 5447 Primuscodex'
2598 5364 2800 5437 Regius
2827 5380 2879 5423 et
2899 5368 3149 5447 Segucr.,
3182 5364 3381 5423 λαλεῖν.
3407 5364 3514 5421 Alii

1940 5446 2200 5515 editiquc,
2228 5446 2513 5499 λαλοῦντα.

2016 5503 2127 5585 (85)
2154 5503 2360 5584 Regius
2389 5516 2616 5585 primus,
2639 5512 2864 5583 Seguer.
2890 5512 3107 5585 Gobler.
3127 5517 3181 5563 et
3199 5503 3508 5585 felcka,

1941 5578 2357 5650 κατεσκεύαζεν.
2383 5578 2487 5637 Alii
2510 5593 2563 5636 et
2583 5578 2739 5644 editi:
2762 5580 3175 5645 κατασκευάζει.
3197 5578 3364 5638 Paulo
3387 5586 3512 5649 post

1943 5657 2073 5732 Reg.
2107 5659 2125 5712 1
2157 5666 2210 5714 et
2238 5656 2490 5729 Seguer.,
2521 5654 2711 5731 ἐκτῶν
2737 5655 2929 5726 φωνῶν
2951 5653 3180 5708 τούτων.
