  <div class='ocr_page' id='page_1' title='image "/cluster/home/n/w/nwhite01/storage/ocr_20150623/26/nnc1.0046978577/229.png"; bbox 0 0 3834 6220; ppageno 0'>
   <div class='ocr_carea' id='block_1_1' title="bbox 353 297 462 354">
    <p class='ocr_par' dir='ltr' id='par_1_1' title="bbox 353 297 462 354">
     <span class='ocr_line' id='line_1_1' title="bbox 353 297 462 354; baseline -0.018 0"><span class='ocrx_word' id='word_1_1' title='bbox 353 297 462 354; x_wconf 71' lang='grc'><strong>445</strong></span> 
     </span>
    </p>
   </div>
   <div class='ocr_carea' id='block_1_2' title="bbox 922 289 2991 358">
    <p class='ocr_par' dir='ltr' id='par_1_2' title="bbox 922 289 2991 358">
     <span class='ocr_line' id='line_1_2' title="bbox 922 289 2991 358; baseline 0.001 -9"><span class='ocrx_word' id='word_1_2' title='bbox 922 294 980 351; x_wconf 86' lang='lat' dir='ltr'><strong>S.</strong></span> <span class='ocrx_word' id='word_1_3' title='bbox 1021 290 1393 349; x_wconf 73' lang='lat' dir='ltr'><strong>ATHANASII</strong></span> <span class='ocrx_word' id='word_1_4' title='bbox 1431 289 1581 358; x_wconf 86' lang='lat' dir='ltr'><strong>OPP.</strong></span> <span class='ocrx_word' id='word_1_5' title='bbox 1631 291 1817 348; x_wconf 75' lang='lat' dir='ltr'><strong>PARS</strong></span> <span class='ocrx_word' id='word_1_6' title='bbox 1854 292 1895 346; x_wconf 88' lang='lat' dir='ltr'><strong>l.</strong></span> <span class='ocrx_word' id='word_1_7' title='bbox 1936 323 2005 333; x_wconf 95' lang='lat'>—</span> <span class='ocrx_word' id='word_1_8' title='bbox 2033 293 2412 352; x_wconf 73' lang='lat' dir='ltr'><strong>HISTORICA</strong></span> <span class='ocrx_word' id='word_1_9' title='bbox 2447 296 2534 350; x_wconf 78' lang='grc' dir='ltr'><strong>ΕΤ</strong></span> <span class='ocrx_word' id='word_1_10' title='bbox 2573 295 2991 353; x_wconf 71' lang='lat' dir='ltr'><strong>DOGMATICA.</strong></span> 
     </span>
    </p>
   </div>
   <div class='ocr_carea' id='block_1_3' title="bbox 3481 301 3597 354">
    <p class='ocr_par' dir='ltr' id='par_1_3' title="bbox 3481 301 3597 354">
     <span class='ocr_line' id='line_1_3' title="bbox 3481 301 3597 354; baseline 0 0"><span class='ocrx_word' id='word_1_11' title='bbox 3481 303 3514 354; x_wconf 73' lang='grc'><strong>4</strong></span> <span class='ocrx_word' id='word_1_12' title='bbox 3524 301 3597 354; x_wconf 60' lang='lat' dir='ltr'><strong>id</strong></span> 
     </span>
    </p>
   </div>
   <div class='ocr_carea' id='block_1_4' title="bbox 354 412 1927 487">
    <p class='ocr_par' dir='ltr' id='par_1_4' title="bbox 354 412 1920 480">
     <span class='ocr_line' id='line_1_4' title="bbox 354 412 1920 480; baseline -0.001 -14"><span class='ocrx_word' id='word_1_13' title='bbox 354 412 581 466; x_wconf 89' lang='lat' dir='ltr'><strong>animatt</strong></span> <span class='ocrx_word' id='word_1_14' title='bbox 635 419 1154 477; x_wconf 54' lang='lat' dir='ltr'><strong>voctttus,»tuortem</strong></span> <span class='ocrx_word' id='word_1_15' title='bbox 1208 420 1604 480; x_wconf 88' lang='lat' dir='ltr'><strong>contempsere,</strong></span> <span class='ocrx_word' id='word_1_16' title='bbox 1654 420 1717 466; x_wconf 89' lang='lat' dir='ltr'><strong>ut</strong></span> <span class='ocrx_word' id='word_1_17' title='bbox 1758 412 1920 467; x_wconf 85' lang='lat' dir='ltr'><strong>etiam</strong></span> 
     </span>
    </p>
   </div>
   <div class='ocr_carea' id='block_1_5' title="bbox 2031 412 3597 487">
    <p class='ocr_par' dir='ltr' id='par_1_5' title="bbox 2031 415 3597 487">
     <span class='ocr_line' id='line_1_5' title="bbox 2031 415 3597 487; baseline 0.002 -21"><span class='ocrx_word' id='word_1_18' title='bbox 2031 415 2202 486; x_wconf 83' lang='grc' dir='ltr'>κάριοι</span> <span class='ocrx_word' id='word_1_19' title='bbox 2233 415 2519 470; x_wconf 77' lang='grc' dir='ltr'><strong>ἀπόστολοι</strong></span> <span class='ocrx_word' id='word_1_20' title='bbox 2551 417 2666 487; x_wconf 86' lang='grc' dir='ltr'>μετ’</span> <span class='ocrx_word' id='word_1_21' title='bbox 2693 416 2854 470; x_wconf 81' lang='grc' dir='ltr'>αὑτὸν</span> <span class='ocrx_word' id='word_1_22' title='bbox 2878 415 3050 479; x_wconf 79' lang='grc' dir='ltr'>οὕτως</span> <span class='ocrx_word' id='word_1_23' title='bbox 3098 417 3164 470; x_wconf 82' lang='grc' dir='ltr'><strong>ὲκ</strong></span> <span class='ocrx_word' id='word_1_24' title='bbox 3205 418 3313 470; x_wconf 81' lang='grc' dir='ltr'><strong>τῶν</strong></span> <span class='ocrx_word' id='word_1_25' title='bbox 3337 418 3597 471; x_wconf 64' lang='grc' dir='ltr'>τοιούτων</span> 
     </span>
    </p>
   </div>
   <div class='ocr_carea' id='block_1_6' title="bbox 358 499 1926 571">
    <p class='ocr_par' dir='ltr' id='par_1_6' title="bbox 358 499 1926 571">
     <span class='ocr_line' id='line_1_6' title="bbox 358 499 1926 571; baseline 0.002 -16"><span class='ocrx_word' id='word_1_26' title='bbox 358 501 495 556; x_wconf 83' lang='lat' dir='ltr'><strong>nihil</strong></span> <span class='ocrx_word' id='word_1_27' title='bbox 525 501 592 555; x_wconf 90' lang='lat' dir='ltr'><strong>de</strong></span> <span class='ocrx_word' id='word_1_28' title='bbox 623 499 896 571; x_wconf 87' lang='lat' dir='ltr'><strong>judicibus</strong></span> <span class='ocrx_word' id='word_1_29' title='bbox 918 509 1173 558; x_wconf 87' lang='lat' dir='ltr'><strong>curarent</strong></span> <span class='ocrx_word' id='word_1_30' title='bbox 1194 501 1330 565; x_wconf 87' lang='lat' dir='ltr'><strong>suis,</strong></span> <span class='ocrx_word' id='word_1_31' title='bbox 1359 501 1454 556; x_wconf 91' lang='lat' dir='ltr'><strong>sed</strong></span> <span class='ocrx_word' id='word_1_32' title='bbox 1482 503 1742 558; x_wconf 74' lang='lat' dir='ltr'><strong>audacter</strong></span> <span class='ocrx_word' id='word_1_33' title='bbox 1778 504 1926 559; x_wconf 90' lang='lat' dir='ltr'><strong>dice-</strong></span> 
     </span>
    </p>
   </div>
   <div class='ocr_carea' id='block_1_7' title="bbox 355 591 1922 663">
    <p class='ocr_par' dir='ltr' id='par_1_7' title="bbox 355 591 1922 663">
     <span class='ocr_line' id='line_1_7' title="bbox 355 591 1922 663; baseline 0.001 -16"><span class='ocrx_word' id='word_1_34' title='bbox 355 601 478 647; x_wconf 84' lang='lat' dir='ltr'><strong>rent</strong></span> <span class='ocrx_word' id='word_1_35' title='bbox 503 612 516 648; x_wconf 88' lang='lat'><strong>:</strong></span> <span class='ocrx_word' id='word_1_36' title='bbox 550 591 772 647; x_wconf 81' lang='lat' dir='ltr'><strong>Obedire</strong></span> <span class='ocrx_word' id='word_1_37' title='bbox 803 603 1004 661; x_wconf 88' lang='lat' dir='ltr'><strong>oportet</strong></span> <span class='ocrx_word' id='word_1_38' title='bbox 1034 592 1146 646; x_wconf 78' lang='lat' dir='ltr'><strong>Deo</strong></span> <span class='ocrx_word' id='word_1_39' title='bbox 1166 595 1342 663; x_wconf 71' lang='lat' dir='ltr'><strong>magis,</strong></span> <span class='ocrx_word' id='word_1_40' title='bbox 1365 609 1524 663; x_wconf 82' lang='lat' dir='ltr'><strong>quam</strong></span> <span class='ocrx_word' id='word_1_41' title='bbox 1543 592 1837 648; x_wconf 77' lang='lat' dir='ltr'><strong>hominibus</strong></span> <span class='ocrx_word' id='word_1_42' title='bbox 1855 593 1922 649; x_wconf 78' lang='lat'><strong>“.</strong></span> 
     </span>
    </p>
   </div>
   <div class='ocr_carea' id='block_1_8' title="bbox 355 683 1928 755">
    <p class='ocr_par' dir='ltr' id='par_1_8' title="bbox 355 683 1928 755">
     <span class='ocr_line' id='line_1_8' title="bbox 355 683 1928 755; baseline -0.001 -17"><span class='ocrx_word' id='word_1_43' title='bbox 355 683 462 738; x_wconf 77' lang='lat' dir='ltr'><strong>Alii</strong></span> <span class='ocrx_word' id='word_1_44' title='bbox 515 684 644 738; x_wconf 90' lang='lat' dir='ltr'><strong>item</strong></span> <span class='ocrx_word' id='word_1_45' title='bbox 690 685 863 740; x_wconf 84' lang='lat' dir='ltr'><strong>sancti</strong></span> <span class='ocrx_word' id='word_1_46' title='bbox 910 694 1177 755; x_wconf 73' lang='lat' dir='ltr'><strong>martyres</strong></span> <span class='ocrx_word' id='word_1_47' title='bbox 1225 694 1398 751; x_wconf 59' lang='lat' dir='ltr'><strong>tanta,</strong></span> <span class='ocrx_word' id='word_1_48' title='bbox 1425 683 1576 740; x_wconf 79' lang='lat' dir='ltr'><strong>fuere</strong></span> <span class='ocrx_word' id='word_1_49' title='bbox 1618 683 1840 739; x_wconf 82' lang='lat' dir='ltr'><strong>ﬁdentia</strong></span> <span class='ocrx_word' id='word_1_50' title='bbox 1874 692 1928 737; x_wconf 89' lang='lat' dir='ltr'><strong>et</strong></span> 
     </span>
    </p>
   </div>
   <div class='ocr_carea' id='block_1_9' title="bbox 355 775 1923 845">
    <p class='ocr_par' dir='ltr' id='par_1_9' title="bbox 355 775 1923 845">
     <span class='ocr_line' id='line_1_9' title="bbox 355 775 1923 845; baseline -0.001 -15"><span class='ocrx_word' id='word_1_51' title='bbox 355 775 696 839; x_wconf 76' lang='lat' dir='ltr'><strong>fortitudine,</strong></span> <span class='ocrx_word' id='word_1_52' title='bbox 737 783 798 830; x_wconf 94' lang='lat' dir='ltr'><strong>ut</strong></span> <span class='ocrx_word' id='word_1_53' title='bbox 843 790 902 831; x_wconf 88' lang='lat' dir='ltr'><strong>se</strong></span> <span class='ocrx_word' id='word_1_54' title='bbox 942 775 1125 845; x_wconf 82' lang='lat' dir='ltr'><strong>potius</strong></span> <span class='ocrx_word' id='word_1_55' title='bbox 1168 775 1226 830; x_wconf 91' lang='lat' dir='ltr'><strong>in</strong></span> <span class='ocrx_word' id='word_1_56' title='bbox 1274 776 1438 830; x_wconf 88' lang='lat' dir='ltr'><strong>vitam</strong></span> <span class='ocrx_word' id='word_1_57' title='bbox 1490 775 1725 845; x_wconf 79' lang='lat' dir='ltr'><strong>migrare</strong></span> <span class='ocrx_word' id='word_1_58' title='bbox 1761 789 1923 844; x_wconf 90' lang='lat' dir='ltr'><strong>quam</strong></span> 
     </span>
    </p>
   </div>
   <div class='ocr_carea' id='block_1_10' title="bbox 352 861 1926 934">
    <p class='ocr_par' dir='ltr' id='par_1_10' title="bbox 352 861 1926 934">
     <span class='ocr_line' id='line_1_10' title="bbox 352 861 1926 934; baseline -0.003 -15"><span class='ocrx_word' id='word_1_59' title='bbox 352 875 579 919; x_wconf 88' lang='lat' dir='ltr'><strong>mortem</strong></span> <span class='ocrx_word' id='word_1_60' title='bbox 630 864 741 932; x_wconf 89' lang='lat' dir='ltr'><strong>pati</strong></span> <span class='ocrx_word' id='word_1_61' title='bbox 787 864 1187 922; x_wconf 79' lang='lat' dir='ltr'><strong>existimarent.</strong></span> <span class='ocrx_word' id='word_1_62' title='bbox 1223 861 1416 923; x_wconf 79' lang='lat' dir='ltr'><strong>Nonne</strong></span> <span class='ocrx_word' id='word_1_63' title='bbox 1461 863 1621 934; x_wconf 81' lang='lat' dir='ltr'><strong>igitur</strong></span> <span class='ocrx_word' id='word_1_64' title='bbox 1666 877 1926 934; x_wconf 84' lang='lat' dir='ltr'><strong>perquam</strong></span> 
     </span>
    </p>
   </div>
   <div class='ocr_carea' id='block_1_11' title="bbox 353 953 1925 1011">
    <p class='ocr_par' dir='ltr' id='par_1_11' title="bbox 353 953 1925 1011">
     <span class='ocr_line' id='line_1_11' title="bbox 353 953 1925 1011; baseline -0.003 0"><span class='ocrx_word' id='word_1_65' title='bbox 353 956 652 1011; x_wconf 89' lang='lat' dir='ltr'><strong>absurdum</strong></span> <span class='ocrx_word' id='word_1_66' title='bbox 685 963 770 1010; x_wconf 90' lang='lat' dir='ltr'><strong>est</strong></span> <span class='ocrx_word' id='word_1_67' title='bbox 795 970 1080 1011; x_wconf 83' lang='lat' dir='ltr'><strong>servorum</strong></span> <span class='ocrx_word' id='word_1_68' title='bbox 1108 954 1270 1010; x_wconf 85' lang='lat' dir='ltr'><strong>Verbi</strong></span> <span class='ocrx_word' id='word_1_69' title='bbox 1298 955 1660 1010; x_wconf 88' lang='lat' dir='ltr'><strong>constantiam</strong></span> <span class='ocrx_word' id='word_1_70' title='bbox 1687 953 1925 1008; x_wconf 89' lang='lat' dir='ltr'><strong>admira-</strong></span> 
     </span>
    </p>
   </div>
   <div class='ocr_carea' id='block_1_12' title="bbox 271 1046 1926 1118">
    <p class='ocr_par' dir='ltr' id='par_1_12' title="bbox 271 1046 1926 1118">
     <span class='ocr_line' id='line_1_12' title="bbox 271 1046 1926 1118; baseline -0.004 -14"><span class='ocrx_word' id='word_1_71' title='bbox 271 1048 276 1055; x_wconf 87' lang='grc'><strong>’</strong></span> <span class='ocrx_word' id='word_1_72' title='bbox 353 1051 432 1113; x_wconf 86' lang='lat' dir='ltr'><strong>ri,</strong></span> <span class='ocrx_word' id='word_1_73' title='bbox 482 1049 585 1118; x_wconf 87' lang='lat' dir='ltr'><strong>ipsi</strong></span> <span class='ocrx_word' id='word_1_74' title='bbox 632 1059 812 1104; x_wconf 90' lang='lat' dir='ltr'><strong>autem</strong></span> <span class='ocrx_word' id='word_1_75' title='bbox 858 1046 1038 1102; x_wconf 91' lang='lat' dir='ltr'><strong>Verbo</strong></span> <span class='ocrx_word' id='word_1_76' title='bbox 1093 1047 1366 1102; x_wconf 87' lang='lat' dir='ltr'><strong>ascribere</strong></span> <span class='ocrx_word' id='word_1_77' title='bbox 1416 1046 1782 1110; x_wconf 81' lang='lat' dir='ltr'><strong>timiditatem,</strong></span> <span class='ocrx_word' id='word_1_78' title='bbox 1830 1060 1926 1114; x_wconf 90' lang='lat' dir='ltr'><strong>per</strong></span> 
     </span>
    </p>
   </div>
   <div class='ocr_carea' id='block_1_13' title="bbox 355 1135 1925 1208">
    <p class='ocr_par' dir='ltr' id='par_1_13' title="bbox 355 1135 1925 1208">
     <span class='ocr_line' id='line_1_13' title="bbox 355 1135 1925 1208; baseline -0.001 -17"><span class='ocrx_word' id='word_1_79' title='bbox 355 1139 498 1208; x_wconf 78' lang='lat' dir='ltr'><strong>quod</strong></span> <span class='ocrx_word' id='word_1_80' title='bbox 528 1147 756 1193; x_wconf 89' lang='lat' dir='ltr'><strong>mortem</strong></span> <span class='ocrx_word' id='word_1_81' title='bbox 796 1137 875 1192; x_wconf 85' lang='lat' dir='ltr'><strong>illi</strong></span> <span class='ocrx_word' id='word_1_82' title='bbox 920 1137 1317 1208; x_wconf 77' lang='lat' dir='ltr'><strong>despexerunt?</strong></span> <span class='ocrx_word' id='word_1_83' title='bbox 1365 1135 1599 1190; x_wconf 85' lang='lat' dir='ltr'><strong>Proinde</strong></span> <span class='ocrx_word' id='word_1_84' title='bbox 1627 1150 1694 1190; x_wconf 80' lang='lat' dir='ltr'><strong>ex</strong></span> <span class='ocrx_word' id='word_1_85' title='bbox 1727 1135 1925 1190; x_wconf 90' lang='lat' dir='ltr'><strong>invicta</strong></span> 
     </span>
    </p>
   </div>
   <div class='ocr_carea' id='block_1_14' title="bbox 351 1225 1924 1298">
    <p class='ocr_par' dir='ltr' id='par_1_14' title="bbox 351 1225 1924 1298">
     <span class='ocr_line' id='line_1_14' title="bbox 351 1225 1924 1298; baseline -0.004 -15"><span class='ocrx_word' id='word_1_86' title='bbox 351 1236 670 1283; x_wconf 85' lang='lat' dir='ltr'><strong>sanctorum</strong></span> <span class='ocrx_word' id='word_1_87' title='bbox 716 1238 1013 1298; x_wconf 87' lang='lat' dir='ltr'><strong>martyrum</strong></span> <span class='ocrx_word' id='word_1_88' title='bbox 1068 1228 1235 1282; x_wconf 86' lang='lat' dir='ltr'><strong>animi</strong></span> <span class='ocrx_word' id='word_1_89' title='bbox 1290 1226 1663 1296; x_wconf 83' lang='lat' dir='ltr'><strong>magnitudine</strong></span> <span class='ocrx_word' id='word_1_90' title='bbox 1718 1225 1924 1280; x_wconf 88' lang='lat' dir='ltr'><strong>clarum</strong></span> 
     </span>
    </p>
   </div>
   <div class='ocr_carea' id='block_1_15' title="bbox 327 1317 1925 1389">
    <p class='ocr_par' dir='ltr' id='par_1_15' title="bbox 327 1317 1925 1389">
     <span class='ocr_line' id='line_1_15' title="bbox 327 1317 1925 1389; baseline -0.003 -15"><span class='ocrx_word' id='word_1_91' title='bbox 327 1328 438 1389; x_wconf 48' lang='lat' dir='ltr'><strong>.est</strong></span> <span class='ocrx_word' id='word_1_92' title='bbox 478 1334 586 1373; x_wconf 92' lang='lat' dir='ltr'><strong>non</strong></span> <span class='ocrx_word' id='word_1_93' title='bbox 637 1319 971 1374; x_wconf 85' lang='lat' dir='ltr'><strong>divinitatem</strong></span> <span class='ocrx_word' id='word_1_94' title='bbox 1008 1320 1182 1387; x_wconf 86' lang='lat' dir='ltr'><strong>ipsam</strong></span> <span class='ocrx_word' id='word_1_95' title='bbox 1233 1317 1502 1383; x_wconf 84' lang='lat' dir='ltr'><strong>timuisse,</strong></span> <span class='ocrx_word' id='word_1_96' title='bbox 1549 1318 1644 1372; x_wconf 89' lang='lat' dir='ltr'><strong>sed</strong></span> <span class='ocrx_word' id='word_1_97' title='bbox 1682 1325 1925 1374; x_wconf 85' lang='lat' dir='ltr'><strong>nostram</strong></span> 
     </span>
    </p>
   </div>
   <div class='ocr_carea' id='block_1_16' title="bbox 321 1403 1922 1486">
    <p class='ocr_par' dir='ltr' id='par_1_16' title="bbox 321 1403 1922 1486">
     <span class='ocr_line' id='line_1_16' title="bbox 321 1403 1922 1486; baseline -0.003 -23"><span class='ocrx_word' id='word_1_98' title='bbox 321 1409 696 1486; x_wconf 52' lang='lat' dir='ltr'><strong>,timiditatem</strong></span> <span class='ocrx_word' id='word_1_99' title='bbox 738 1408 909 1464; x_wconf 82' lang='lat' dir='ltr'><strong>fuisse</strong></span> <span class='ocrx_word' id='word_1_100' title='bbox 965 1423 996 1462; x_wconf 87' lang='lat' dir='ltr'><strong>a</strong></span> <span class='ocrx_word' id='word_1_101' title='bbox 1035 1406 1317 1462; x_wconf 84' lang='lat' dir='ltr'><strong>Salvatore</strong></span> <span class='ocrx_word' id='word_1_102' title='bbox 1364 1407 1652 1460; x_wconf 86' lang='lat' dir='ltr'><strong>sublatam.</strong></span> <span class='ocrx_word' id='word_1_103' title='bbox 1687 1403 1922 1461; x_wconf 87' lang='lat' dir='ltr'><strong>Utenim</strong></span> 
     </span>
    </p>
   </div>
   <div class='ocr_carea' id='block_1_17' title="bbox 355 1497 1923 1563">
    <p class='ocr_par' dir='ltr' id='par_1_17' title="bbox 355 1497 1923 1563">
     <span class='ocr_line' id='line_1_17' title="bbox 355 1497 1923 1563; baseline -0.002 -11"><span class='ocrx_word' id='word_1_104' title='bbox 355 1508 530 1553; x_wconf 87' lang='lat' dir='ltr'><strong>morte</strong></span> <span class='ocrx_word' id='word_1_105' title='bbox 555 1508 807 1563; x_wconf 88' lang='lat' dir='ltr'><strong>mortem,</strong></span> <span class='ocrx_word' id='word_1_106' title='bbox 857 1509 912 1554; x_wconf 90' lang='lat' dir='ltr'><strong>et</strong></span> <span class='ocrx_word' id='word_1_107' title='bbox 953 1498 1206 1553; x_wconf 83' lang='lat' dir='ltr'><strong>humanis</strong></span> <span class='ocrx_word' id='word_1_108' title='bbox 1251 1498 1408 1553; x_wconf 80' lang='lat' dir='ltr'><strong>factis</strong></span> <span class='ocrx_word' id='word_1_109' title='bbox 1453 1498 1694 1552; x_wconf 89' lang='lat' dir='ltr'><strong>humana</strong></span> <span class='ocrx_word' id='word_1_110' title='bbox 1740 1497 1923 1552; x_wconf 85' lang='lat' dir='ltr'><strong>omnia</strong></span> 
     </span>
    </p>
   </div>
   <div class='ocr_carea' id='block_1_18' title="bbox 352 1589 1924 1660">
    <p class='ocr_par' dir='ltr' id='par_1_18' title="bbox 352 1589 1924 1660">
     <span class='ocr_line' id='line_1_18' title="bbox 352 1589 1924 1660; baseline 0.001 -18"><span class='ocrx_word' id='word_1_111' title='bbox 352 1589 551 1644; x_wconf 86' lang='lat' dir='ltr'><strong>delevit</strong></span> <span class='ocrx_word' id='word_1_112' title='bbox 592 1604 606 1641; x_wconf 87' lang='lat'><strong>:</strong></span> <span class='ocrx_word' id='word_1_113' title='bbox 642 1590 719 1646; x_wconf 24' lang='lat' dir='ltr'><strong>ita,</strong></span> <span class='ocrx_word' id='word_1_114' title='bbox 748 1591 839 1643; x_wconf 89' lang='lat' dir='ltr'><strong>illa</strong></span> <span class='ocrx_word' id='word_1_115' title='bbox 866 1604 964 1643; x_wconf 90' lang='lat' dir='ltr'><strong>sua</strong></span> <span class='ocrx_word' id='word_1_116' title='bbox 1009 1589 1296 1644; x_wconf 85' lang='lat' dir='ltr'><strong>timiditate</strong></span> <span class='ocrx_word' id='word_1_117' title='bbox 1338 1597 1581 1645; x_wconf 89' lang='lat' dir='ltr'><strong>nostram</strong></span> <span class='ocrx_word' id='word_1_118' title='bbox 1630 1589 1924 1660; x_wconf 81' lang='lat' dir='ltr'><strong>prostravit</strong></span> 
     </span>
    </p>
   </div>
   <div class='ocr_carea' id='block_1_19' title="bbox 353 1678 1923 1754">
    <p class='ocr_par' dir='ltr' id='par_1_19' title="bbox 353 1678 1923 1754">
     <span class='ocr_line' id='line_1_19' title="bbox 353 1678 1923 1754; baseline -0.001 -21"><span class='ocrx_word' id='word_1_119' title='bbox 353 1680 718 1743; x_wconf 78' lang='lat' dir='ltr'><strong>timiditatem,</strong></span> <span class='ocrx_word' id='word_1_120' title='bbox 747 1678 980 1754; x_wconf 76' lang='lat' dir='ltr'><strong>fecitque</strong></span> <span class='ocrx_word' id='word_1_121' title='bbox 1010 1689 1066 1733; x_wconf 93' lang='lat' dir='ltr'><strong>ut</strong></span> <span class='ocrx_word' id='word_1_122' title='bbox 1096 1679 1344 1734; x_wconf 89' lang='lat' dir='ltr'><strong>homines</strong></span> <span class='ocrx_word' id='word_1_123' title='bbox 1384 1688 1614 1733; x_wconf 90' lang='lat' dir='ltr'><strong>mortem</strong></span> <span class='ocrx_word' id='word_1_124' title='bbox 1665 1693 1776 1733; x_wconf 90' lang='lat' dir='ltr'><strong>non</strong></span> <span class='ocrx_word' id='word_1_125' title='bbox 1807 1693 1923 1732; x_wconf 88' lang='lat' dir='ltr'><strong>am-</strong></span> 
     </span>
    </p>
   </div>
   <div class='ocr_carea' id='block_1_20' title="bbox 2026 505 3596 580">
    <p class='ocr_par' dir='ltr' id='par_1_20' title="bbox 2026 505 3596 580">
     <span class='ocr_line' id='line_1_20' title="bbox 2026 505 3596 580; baseline 0.003 -21"><span class='ocrx_word' id='word_1_126' title='bbox 2026 505 2216 574; x_wconf 83' lang='grc' dir='ltr'>φωνῶν</span> <span class='ocrx_word' id='word_1_127' title='bbox 2252 507 2617 578; x_wconf 79' lang='grc' dir='ltr'><strong>κατεφρόνουν</strong></span> <span class='ocrx_word' id='word_1_128' title='bbox 2635 507 2730 560; x_wconf 84' lang='grc' dir='ltr'>τοῦ</span> <span class='ocrx_word' id='word_1_129' title='bbox 2754 506 3006 572; x_wconf 84' lang='grc' dir='ltr'>θανάτου,</span> <span class='ocrx_word' id='word_1_130' title='bbox 3027 507 3104 572; x_wconf 81' lang='grc' dir='ltr'><strong>ὡς</strong></span> <span class='ocrx_word' id='word_1_131' title='bbox 3122 509 3257 580; x_wconf 84' lang='grc' dir='ltr'>μηδὲ</span> <span class='ocrx_word' id='word_1_132' title='bbox 3283 510 3596 580; x_wconf 74' lang='grc' dir='ltr'><strong>φροντίζειν</strong></span> 
     </span>
    </p>
   </div>
   <div class='ocr_carea' id='block_1_21' title="bbox 2023 596 3596 671">
    <p class='ocr_par' dir='ltr' id='par_1_21' title="bbox 2023 596 3596 671">
     <span class='ocr_line' id='line_1_21' title="bbox 2023 596 3596 671; baseline 0.005 -23"><span class='ocrx_word' id='word_1_133' title='bbox 2023 596 2133 649; x_wconf 80' lang='grc' dir='ltr'><strong>τῶν</strong></span> <span class='ocrx_word' id='word_1_134' title='bbox 2154 599 2548 670; x_wconf 83' lang='grc' dir='ltr'>ἀνακρινόντων</span> <span class='ocrx_word' id='word_1_135' title='bbox 2578 599 2798 663; x_wconf 80' lang='grc' dir='ltr'>αὐτοὺς,</span> <span class='ocrx_word' id='word_1_136' title='bbox 2824 600 2958 654; x_wconf 83' lang='grc' dir='ltr'><strong>ἀλλά</strong></span> <span class='ocrx_word' id='word_1_137' title='bbox 3004 600 3205 670; x_wconf 83' lang='grc' dir='ltr'>λέγειν·</span> <span class='ocrx_word' id='word_1_138' title='bbox 3239 604 3596 671; x_wconf 68' lang='grc' dir='ltr'><strong>Πειθαρχεῖν</strong></span> 
     </span>
    </p>
   </div>
   <div class='ocr_carea' id='block_1_22' title="bbox 2024 685 3595 758">
    <p class='ocr_par' dir='ltr' id='par_1_22' title="bbox 2024 685 3595 758">
     <span class='ocr_line' id='line_1_22' title="bbox 2024 685 3595 758; baseline 0.001 -19"><span class='ocrx_word' id='word_1_139' title='bbox 2024 685 2118 740; x_wconf 80' lang='grc' dir='ltr'><strong>δεῖ</strong></span> <span class='ocrx_word' id='word_1_140' title='bbox 2162 685 2284 751; x_wconf 86' lang='grc' dir='ltr'><strong>Θεῷ</strong></span> <span class='ocrx_word' id='word_1_141' title='bbox 2327 686 2566 756; x_wconf 74' lang='grc' dir='ltr'><em>μᾶλλον</em></span> <span class='ocrx_word' id='word_1_142' title='bbox 2622 687 2663 756; x_wconf 81' lang='grc' dir='ltr'><strong><em>ἣ</em></strong></span> <span class='ocrx_word' id='word_1_143' title='bbox 2695 686 3029 755; x_wconf 77' lang='grc' dir='ltr'>ἀνθρώποις</span> <span class='ocrx_word' id='word_1_144' title='bbox 3055 703 3069 719; x_wconf 77' lang='grc' dir='ltr'><strong>ο</strong></span> <span class='ocrx_word' id='word_1_145' title='bbox 3101 687 3239 741; x_wconf 79' lang='grc' dir='ltr'>οἵτε</span> <span class='ocrx_word' id='word_1_146' title='bbox 3270 687 3418 742; x_wconf 79' lang='grc' dir='ltr'>ἄλλοι</span> <span class='ocrx_word' id='word_1_147' title='bbox 3452 688 3595 758; x_wconf 75' lang='grc'>(84⁸)</span> 
     </span>
    </p>
   </div>
   <div class='ocr_carea' id='block_1_23' title="bbox 2025 777 3598 851">
    <p class='ocr_par' dir='ltr' id='par_1_23' title="bbox 2025 777 3598 851">
     <span class='ocr_line' id='line_1_23' title="bbox 2025 777 3598 851; baseline 0.001 -19"><span class='ocrx_word' id='word_1_148' title='bbox 2025 779 2172 847; x_wconf 75' lang='grc' dir='ltr'>ἅγιοι</span> <span class='ocrx_word' id='word_1_149' title='bbox 2202 778 2474 849; x_wconf 88' lang='grc' dir='ltr'>μάρτυρες</span> <span class='ocrx_word' id='word_1_150' title='bbox 2495 777 2666 843; x_wconf 69' lang='grc' dir='ltr'>οὕτως</span> <span class='ocrx_word' id='word_1_151' title='bbox 2702 779 2986 851; x_wconf 75' lang='grc' dir='ltr'>ὲθάῥρουν,</span> <span class='ocrx_word' id='word_1_152' title='bbox 3012 779 3088 842; x_wconf 85' lang='grc' dir='ltr'>ὡς</span> <span class='ocrx_word' id='word_1_153' title='bbox 3112 780 3308 850; x_wconf 81' lang='grc' dir='ltr'>μᾶλλον</span> <span class='ocrx_word' id='word_1_154' title='bbox 3349 780 3598 850; x_wconf 76' lang='grc' dir='ltr'>νομίζειν</span> 
     </span>
    </p>
   </div>
   <div class='ocr_carea' id='block_1_24' title="bbox 2025 871 3595 945">
    <p class='ocr_par' dir='ltr' id='par_1_24' title="bbox 2025 871 3595 945">
     <span class='ocr_line' id='line_1_24' title="bbox 2025 871 3595 945; baseline 0.002 -23"><span class='ocrx_word' id='word_1_155' title='bbox 2025 871 2220 932; x_wconf 76' lang='grc' dir='ltr'>αὐτοὺς</span> <span class='ocrx_word' id='word_1_156' title='bbox 2244 873 2323 934; x_wconf 84' lang='grc' dir='ltr'><strong>είς</strong></span> <span class='ocrx_word' id='word_1_157' title='bbox 2345 871 2487 941; x_wconf 80' lang='grc' dir='ltr'>ζωὴν</span> <span class='ocrx_word' id='word_1_158' title='bbox 2517 871 2879 942; x_wconf 74' lang='grc' dir='ltr'>μεταϐαίνειν,</span> <span class='ocrx_word' id='word_1_159' title='bbox 2919 872 2954 942; x_wconf 77' lang='grc' dir='ltr'><strong>ἢ</strong></span> <span class='ocrx_word' id='word_1_160' title='bbox 3005 871 3233 926; x_wconf 83' lang='grc' dir='ltr'>θάνατον</span> <span class='ocrx_word' id='word_1_161' title='bbox 3272 873 3595 945; x_wconf 80' lang='grc' dir='ltr'>ὑπομένειν.</span> 
     </span>
    </p>
   </div>
   <div class='ocr_carea' id='block_1_25' title="bbox 2025 958 3597 1034">
    <p class='ocr_par' dir='ltr' id='par_1_25' title="bbox 2025 958 3597 1034">
     <span class='ocr_line' id='line_1_25' title="bbox 2025 958 3597 1034; baseline 0.003 -20"><span class='ocrx_word' id='word_1_162' title='bbox 2025 960 2150 1024; x_wconf 85' lang='grc' dir='ltr'><strong>Πῶς</strong></span> <span class='ocrx_word' id='word_1_163' title='bbox 2171 958 2262 1014; x_wconf 77' lang='grc' dir='ltr'><strong>οὖν</strong></span> <span class='ocrx_word' id='word_1_164' title='bbox 2291 963 2390 1016; x_wconf 84' lang='grc' dir='ltr'><strong>οὐκ</strong></span> <span class='ocrx_word' id='word_1_165' title='bbox 2422 963 2619 1017; x_wconf 80' lang='grc' dir='ltr'>ἄτοπον</span> <span class='ocrx_word' id='word_1_166' title='bbox 2660 964 2766 1017; x_wconf 83' lang='grc' dir='ltr'><strong>τῶν</strong></span> <span class='ocrx_word' id='word_1_167' title='bbox 2799 963 3264 1034; x_wconf 70' lang='grc' dir='ltr'>μὲνθεραπόντων</span> <span class='ocrx_word' id='word_1_168' title='bbox 3294 965 3386 1018; x_wconf 80' lang='grc' dir='ltr'>τοῦ</span> <span class='ocrx_word' id='word_1_169' title='bbox 3414 965 3597 1033; x_wconf 84' lang='grc' dir='ltr'>Λόγου</span> 
     </span>
    </p>
   </div>
   <div class='ocr_carea' id='block_1_26' title="bbox 2026 1049 3600 1124">
    <p class='ocr_par' dir='ltr' id='par_1_26' title="bbox 2026 1049 3600 1124">
     <span class='ocr_line' id='line_1_26' title="bbox 2026 1049 3600 1124; baseline 0.004 -21"><span class='ocrx_word' id='word_1_170' title='bbox 2026 1049 2325 1121; x_wconf 78' lang='grc' dir='ltr'>θαυμάζειν</span> <span class='ocrx_word' id='word_1_171' title='bbox 2356 1052 2453 1123; x_wconf 84' lang='grc' dir='ltr'>τὴν</span> <span class='ocrx_word' id='word_1_172' title='bbox 2490 1053 2740 1122; x_wconf 82' lang='grc' dir='ltr'>ἀνδρείαν</span> <span class='ocrx_word' id='word_1_173' title='bbox 2761 1095 2780 1118; x_wconf 89' lang='lat'><strong>,</strong></span> <span class='ocrx_word' id='word_1_174' title='bbox 2810 1055 2970 1108; x_wconf 81' lang='grc' dir='ltr'>αὐτὸν</span> <span class='ocrx_word' id='word_1_175' title='bbox 3001 1055 3058 1109; x_wconf 79' lang='grc' dir='ltr'>δὲ</span> <span class='ocrx_word' id='word_1_176' title='bbox 3103 1056 3194 1109; x_wconf 84' lang='grc' dir='ltr'>τὸν</span> <span class='ocrx_word' id='word_1_177' title='bbox 3218 1055 3388 1124; x_wconf 78' lang='grc' dir='ltr'>Λόγον</span> <span class='ocrx_word' id='word_1_178' title='bbox 3414 1057 3600 1124; x_wconf 86' lang='grc' dir='ltr'>λέγειν</span> 
     </span>
    </p>
   </div>
   <div class='ocr_carea' id='block_1_27' title="bbox 2024 1141 3598 1218">
    <p class='ocr_par' dir='ltr' id='par_1_27' title="bbox 2024 1141 3598 1218">
     <span class='ocr_line' id='line_1_27' title="bbox 2024 1141 3598 1218; baseline 0.003 -23"><span class='ocrx_word' id='word_1_179' title='bbox 2024 1141 2244 1213; x_wconf 82' lang='grc' dir='ltr'>δειλιᾷν,</span> <span class='ocrx_word' id='word_1_180' title='bbox 2274 1142 2340 1195; x_wconf 86' lang='grc' dir='ltr'><strong>δι’</strong></span> <span class='ocrx_word' id='word_1_181' title='bbox 2371 1143 2430 1195; x_wconf 85' lang='grc' dir='ltr'>ὃν</span> <span class='ocrx_word' id='word_1_182' title='bbox 2452 1143 2691 1196; x_wconf 85' lang='grc' dir='ltr'>κάκεῖνοι</span> <span class='ocrx_word' id='word_1_183' title='bbox 2730 1144 2822 1197; x_wconf 76' lang='grc' dir='ltr'><strong>τοῦ</strong></span> <span class='ocrx_word' id='word_1_184' title='bbox 2855 1145 3082 1199; x_wconf 78' lang='grc' dir='ltr'>Θανάτου</span> <span class='ocrx_word' id='word_1_185' title='bbox 3109 1145 3218 1217; x_wconf 76' lang='grc'>(85)</span> <span class='ocrx_word' id='word_1_186' title='bbox 3253 1147 3598 1218; x_wconf 83' lang='grc' dir='ltr'>κατεφρόνη-</span> 
     </span>
    </p>
   </div>
   <div class='ocr_carea' id='block_1_28' title="bbox 2025 1231 3598 1307">
    <p class='ocr_par' dir='ltr' id='par_1_28' title="bbox 2025 1231 3598 1307">
     <span class='ocr_line' id='line_1_28' title="bbox 2025 1231 3598 1307; baseline 0.003 -24"><span class='ocrx_word' id='word_1_187' title='bbox 2025 1247 2153 1297; x_wconf 60' lang='grc' dir='ltr'>σαν,</span> <span class='ocrx_word' id='word_1_188' title='bbox 2201 1231 2294 1284; x_wconf 85' lang='grc' dir='ltr'><strong>Ἐκ</strong></span> <span class='ocrx_word' id='word_1_189' title='bbox 2315 1231 2371 1285; x_wconf 81' lang='grc' dir='ltr'>δὲ</span> <span class='ocrx_word' id='word_1_190' title='bbox 2399 1232 2498 1303; x_wconf 83' lang='grc' dir='ltr'>τῆς</span> <span class='ocrx_word' id='word_1_191' title='bbox 2523 1233 2631 1286; x_wconf 83' lang='grc' dir='ltr'>τῶν</span> <span class='ocrx_word' id='word_1_192' title='bbox 2657 1234 2826 1303; x_wconf 83' lang='grc' dir='ltr'>ἁγίων</span> <span class='ocrx_word' id='word_1_193' title='bbox 2859 1235 3152 1306; x_wconf 71' lang='grc' dir='ltr'>μαρτύρων</span> <span class='ocrx_word' id='word_1_194' title='bbox 3184 1235 3598 1307; x_wconf 85' lang='grc' dir='ltr'>καρτερικωτά-</span> 
     </span>
    </p>
   </div>
   <div class='ocr_carea' id='block_1_29' title="bbox 2022 1319 3592 1396">
    <p class='ocr_par' dir='ltr' id='par_1_29' title="bbox 2022 1319 3592 1396">
     <span class='ocr_line' id='line_1_29' title="bbox 2022 1319 3592 1396; baseline 0.005 -25"><span class='ocrx_word' id='word_1_195' title='bbox 2022 1336 2122 1390; x_wconf 85' lang='grc' dir='ltr'>της</span> <span class='ocrx_word' id='word_1_196' title='bbox 2158 1319 2464 1390; x_wconf 82' lang='grc' dir='ltr'><strong>προθέσεως</strong></span> <span class='ocrx_word' id='word_1_197' title='bbox 2489 1323 2583 1375; x_wconf 76' lang='grc' dir='ltr'><strong>καὶ</strong></span> <span class='ocrx_word' id='word_1_198' title='bbox 2615 1322 2864 1394; x_wconf 75' lang='grc' dir='ltr'>ἀνδρείας</span> <span class='ocrx_word' id='word_1_199' title='bbox 2891 1324 3180 1386; x_wconf 81' lang='grc' dir='ltr'>δείκνυται,</span> <span class='ocrx_word' id='word_1_200' title='bbox 3225 1325 3300 1388; x_wconf 84' lang='grc' dir='ltr'>ὡς</span> <span class='ocrx_word' id='word_1_201' title='bbox 3327 1327 3426 1378; x_wconf 75' lang='grc' dir='ltr'><strong>οὐκ</strong></span> <span class='ocrx_word' id='word_1_202' title='bbox 3457 1322 3524 1396; x_wconf 84' lang='grc' dir='ltr'>ἦν</span> <span class='ocrx_word' id='word_1_203' title='bbox 3555 1328 3592 1396; x_wconf 77' lang='grc' dir='ltr'><strong>ἡ</strong></span> 
     </span>
    </p>
   </div>
   <div class='ocr_carea' id='block_1_30' title="bbox 2024 1407 3595 1485">
    <p class='ocr_par' dir='ltr' id='par_1_30' title="bbox 2024 1407 3595 1485">
     <span class='ocr_line' id='line_1_30' title="bbox 2024 1407 3595 1485; baseline 0.005 -25"><span class='ocrx_word' id='word_1_204' title='bbox 2024 1407 2213 1479; x_wconf 82' lang='grc' dir='ltr'>θεότης</span> <span class='ocrx_word' id='word_1_205' title='bbox 2236 1409 2506 1475; x_wconf 86' lang='grc' dir='ltr'>δειλιῶσα,</span> <span class='ocrx_word' id='word_1_206' title='bbox 2538 1411 2673 1464; x_wconf 76' lang='grc' dir='ltr'><strong>ἀλλά</strong></span> <span class='ocrx_word' id='word_1_207' title='bbox 2694 1412 2790 1483; x_wconf 83' lang='grc' dir='ltr'>τὴν</span> <span class='ocrx_word' id='word_1_208' title='bbox 2810 1411 2966 1482; x_wconf 82' lang='grc' dir='ltr'>ἡμῶν</span> <span class='ocrx_word' id='word_1_209' title='bbox 3005 1412 3204 1468; x_wconf 82' lang='grc' dir='ltr'>δειλίαν</span> <span class='ocrx_word' id='word_1_210' title='bbox 3232 1409 3299 1484; x_wconf 78' lang='grc' dir='ltr'>ἦν</span> <span class='ocrx_word' id='word_1_211' title='bbox 3329 1414 3595 1485; x_wconf 76' lang='grc' dir='ltr'>ἀφαιρού-</span> 
     </span>
    </p>
   </div>
   <div class='ocr_carea' id='block_1_31' title="bbox 2026 1501 3596 1576">
    <p class='ocr_par' dir='ltr' id='par_1_31' title="bbox 2026 1501 3596 1576">
     <span class='ocr_line' id='line_1_31' title="bbox 2026 1501 3596 1576; baseline 0.003 -24"><span class='ocrx_word' id='word_1_212' title='bbox 2026 1517 2185 1573; x_wconf 80' lang='grc' dir='ltr'>μενος</span> <span class='ocrx_word' id='word_1_213' title='bbox 2215 1501 2244 1552; x_wconf 87' lang='grc' dir='ltr'>ὁ</span> <span class='ocrx_word' id='word_1_214' title='bbox 2274 1501 2482 1573; x_wconf 84' lang='grc' dir='ltr'>Σωτήρ.</span> <span class='ocrx_word' id='word_1_215' title='bbox 2529 1503 2615 1565; x_wconf 83' lang='grc' dir='ltr'><strong>Ὠς</strong></span> <span class='ocrx_word' id='word_1_216' title='bbox 2642 1503 2750 1574; x_wconf 70' lang='grc' dir='ltr'><strong>γὰρ</strong></span> <span class='ocrx_word' id='word_1_217' title='bbox 2783 1502 2874 1556; x_wconf 86' lang='grc' dir='ltr'>τὸν</span> <span class='ocrx_word' id='word_1_218' title='bbox 2905 1503 3131 1562; x_wconf 79' lang='grc' dir='ltr'>θάνατον</span> <span class='ocrx_word' id='word_1_219' title='bbox 3154 1505 3367 1576; x_wconf 83' lang='grc' dir='ltr'>θανάτῳ</span> <span class='ocrx_word' id='word_1_220' title='bbox 3387 1507 3596 1576; x_wconf 79' lang='grc' dir='ltr'>κατήρ-</span> 
     </span>
    </p>
   </div>
   <div class='ocr_carea' id='block_1_32' title="bbox 2021 1593 3597 1673">
    <p class='ocr_par' dir='ltr' id='par_1_32' title="bbox 2021 1593 3597 1673">
     <span class='ocr_line' id='line_1_32' title="bbox 2021 1593 3597 1673; baseline 0.004 -29"><span class='ocrx_word' id='word_1_221' title='bbox 2021 1609 2187 1662; x_wconf 82' lang='grc' dir='ltr'>γησε,</span> <span class='ocrx_word' id='word_1_222' title='bbox 2230 1593 2324 1646; x_wconf 69' lang='grc' dir='ltr'><strong>καὶ</strong></span> <span class='ocrx_word' id='word_1_223' title='bbox 2369 1593 2724 1664; x_wconf 82' lang='grc' dir='ltr'>ἀνθρωπίνως</span> <span class='ocrx_word' id='word_1_224' title='bbox 2746 1595 2922 1648; x_wconf 78' lang='grc' dir='ltr'>πάντα</span> <span class='ocrx_word' id='word_1_225' title='bbox 2947 1595 3016 1648; x_wconf 86' lang='grc' dir='ltr'><strong>τά</strong></span> <span class='ocrx_word' id='word_1_226' title='bbox 3068 1595 3409 1673; x_wconf 82' lang='grc' dir='ltr'>ἀνθρώπινα,</span> <span class='ocrx_word' id='word_1_227' title='bbox 3451 1596 3597 1650; x_wconf 74' lang='grc' dir='ltr'>οὕτω</span> 
     </span>
    </p>
   </div>
   <div class='ocr_carea' id='block_1_33' title="bbox 2019 1683 3594 1760">
    <p class='ocr_par' dir='ltr' id='par_1_33' title="bbox 2019 1683 3594 1760">
     <span class='ocr_line' id='line_1_33' title="bbox 2019 1683 3594 1760; baseline 0.003 -24"><span class='ocrx_word' id='word_1_228' title='bbox 2019 1686 2087 1754; x_wconf 78' lang='grc' dir='ltr'>τῇ</span> <span class='ocrx_word' id='word_1_229' title='bbox 2111 1683 2220 1755; x_wconf 88' lang='grc'><strong>(86)</strong></span> <span class='ocrx_word' id='word_1_230' title='bbox 2246 1683 2572 1756; x_wconf 79' lang='grc' dir='ltr'>νομιζομένῃ</span> <span class='ocrx_word' id='word_1_231' title='bbox 2595 1684 2646 1737; x_wconf 85' lang='grc' dir='ltr'><strong>δε</strong></span> <span class='ocrx_word' id='word_1_232' title='bbox 2657 1684 2764 1756; x_wconf 61' lang='grc' dir='ltr'>ιλίξι</span> <span class='ocrx_word' id='word_1_233' title='bbox 2788 1685 2884 1756; x_wconf 86' lang='grc' dir='ltr'>τὴν</span> <span class='ocrx_word' id='word_1_234' title='bbox 2908 1686 3061 1757; x_wconf 80' lang='grc' dir='ltr'>ἡμῶν</span> <span class='ocrx_word' id='word_1_235' title='bbox 3083 1687 3281 1740; x_wconf 80' lang='grc' dir='ltr'>δειλίαν</span> <span class='ocrx_word' id='word_1_236' title='bbox 3307 1689 3594 1760; x_wconf 81' lang='grc' dir='ltr'>ἀφῃρεῖτο,</span> 
     </span>
    </p>
   </div>
   <div class='ocr_carea' id='block_1_34' title="bbox 353 1748 1927 1850">
    <p class='ocr_par' dir='ltr' id='par_1_34' title="bbox 353 1748 1925 1839">
     <span class='ocr_line' id='line_1_34' title="bbox 353 1748 1925 1839; baseline 0.002 -18"><span class='ocrx_word' id='word_1_237' title='bbox 353 1769 497 1838; x_wconf 88' lang='lat' dir='ltr'><strong>plius</strong></span> <span class='ocrx_word' id='word_1_238' title='bbox 528 1748 962 1827; x_wconf 80' lang='lat' dir='ltr'><strong>reformidarent.</strong></span> <span class='ocrx_word' id='word_1_239' title='bbox 993 1768 1181 1839; x_wconf 82' lang='lat' dir='ltr'><strong>Itaque</strong></span> <span class='ocrx_word' id='word_1_240' title='bbox 1209 1769 1393 1824; x_wconf 89' lang='lat' dir='ltr'><strong>omnia</strong></span> <span class='ocrx_word' id='word_1_241' title='bbox 1423 1769 1514 1823; x_wconf 88' lang='lat' dir='ltr'><strong>illa</strong></span> <span class='ocrx_word' id='word_1_242' title='bbox 1543 1769 1708 1824; x_wconf 89' lang='lat' dir='ltr'><strong>simul</strong></span> <span class='ocrx_word' id='word_1_243' title='bbox 1733 1777 1786 1823; x_wconf 88' lang='lat' dir='ltr'><strong>et</strong></span> <span class='ocrx_word' id='word_1_244' title='bbox 1814 1769 1925 1828; x_wconf 87' lang='lat' dir='ltr'><strong>aie-</strong></span> 
     </span>
    </p>
   </div>
   <div class='ocr_carea' id='block_1_35' title="bbox 2031 1748 3598 1850">
    <p class='ocr_par' dir='ltr' id='par_1_35' title="bbox 2031 1775 3598 1850">
     <span class='ocr_line' id='line_1_35' title="bbox 2031 1775 3598 1850; baseline 0.003 -23"><span class='ocrx_word' id='word_1_245' title='bbox 2031 1775 2120 1827; x_wconf 73' lang='lat' dir='ltr'><strong>xa‘t</strong></span> <span class='ocrx_word' id='word_1_246' title='bbox 2152 1775 2418 1846; x_wconf 83' lang='grc' dir='ltr'>πεποίηκε</span> <span class='ocrx_word' id='word_1_247' title='bbox 2449 1776 2644 1850; x_wconf 52' lang='grc' dir='ltr'>μηξιέτι</span> <span class='ocrx_word' id='word_1_248' title='bbox 2685 1775 2964 1846; x_wconf 75' lang='grc' dir='ltr'>φοϐεῖσθαι</span> <span class='ocrx_word' id='word_1_249' title='bbox 2986 1777 3111 1840; x_wconf 79' lang='grc' dir='ltr'>τοὺς</span> <span class='ocrx_word' id='word_1_250' title='bbox 3151 1777 3468 1850; x_wconf 80' lang='grc' dir='ltr'>ἀνθρώπους</span> <span class='ocrx_word' id='word_1_251' title='bbox 3500 1779 3598 1832; x_wconf 75' lang='grc' dir='ltr'><strong>τὸν</strong></span> 
     </span>
    </p>
   </div>
   <div class='ocr_carea' id='block_1_36' title="bbox 352 1860 1928 1923">
    <p class='ocr_par' dir='ltr' id='par_1_36' title="bbox 352 1860 1928 1923">
     <span class='ocr_line' id='line_1_36' title="bbox 352 1860 1928 1923; baseline 0.001 -8"><span class='ocrx_word' id='word_1_252' title='bbox 352 1860 449 1916; x_wconf 86' lang='lat' dir='ltr'><strong>bat</strong></span> <span class='ocrx_word' id='word_1_253' title='bbox 488 1870 543 1916; x_wconf 90' lang='lat' dir='ltr'><strong>et</strong></span> <span class='ocrx_word' id='word_1_254' title='bbox 583 1862 867 1923; x_wconf 79' lang='lat' dir='ltr'><strong>eiliciebat.</strong></span> <span class='ocrx_word' id='word_1_255' title='bbox 913 1861 1176 1918; x_wconf 69' lang='lat' dir='ltr'><strong>Humana:</strong></span> <span class='ocrx_word' id='word_1_256' title='bbox 1211 1863 1358 1918; x_wconf 89' lang='lat' dir='ltr'><strong>enim</strong></span> <span class='ocrx_word' id='word_1_257' title='bbox 1398 1872 1607 1918; x_wconf 61' lang='lat' dir='ltr'><strong>naturae</strong></span> <span class='ocrx_word' id='word_1_258' title='bbox 1639 1873 1796 1918; x_wconf 87' lang='lat' dir='ltr'><strong>erant</strong></span> <span class='ocrx_word' id='word_1_259' title='bbox 1825 1862 1928 1917; x_wconf 89' lang='lat' dir='ltr'><strong>hu-</strong></span> 
     </span>
    </p>
   </div>
   <div class='ocr_carea' id='block_1_37' title="bbox 347 1953 1928 2026">
    <p class='ocr_par' dir='ltr' id='par_1_37' title="bbox 347 1953 1928 2026">
     <span class='ocr_line' id='line_1_37' title="bbox 347 1953 1928 2026; baseline 0.001 -19"><span class='ocrx_word' id='word_1_260' title='bbox 347 1953 588 2023; x_wconf 88' lang='lat' dir='ltr'><strong>jusmodi</strong></span> <span class='ocrx_word' id='word_1_261' title='bbox 632 1969 788 2010; x_wconf 78' lang='lat' dir='ltr'><strong>voces</strong></span> <span class='ocrx_word' id='word_1_262' title='bbox 825 1973 838 2009; x_wconf 91' lang='lat'>:</span> <span class='ocrx_word' id='word_1_263' title='bbox 880 1953 1136 2009; x_wconf 78' lang='lat' dir='ltr'><strong>Trauseat</strong></span> <span class='ocrx_word' id='word_1_264' title='bbox 1164 1954 1330 2023; x_wconf 72' lang='lat' dir='ltr'><strong>calix,</strong></span> <span class='ocrx_word' id='word_1_265' title='bbox 1369 1965 1456 2020; x_wconf 89' lang='lat' dir='ltr'><strong>et,</strong></span> <span class='ocrx_word' id='word_1_266' title='bbox 1497 1954 1694 2026; x_wconf 82' lang='lat' dir='ltr'><strong>thuid</strong></span> <span class='ocrx_word' id='word_1_267' title='bbox 1721 1971 1800 2008; x_wconf 86' lang='lat' dir='ltr'><strong>me</strong></span> <span class='ocrx_word' id='word_1_268' title='bbox 1837 1955 1928 2009; x_wconf 86' lang='lat' dir='ltr'><strong>de-</strong></span> 
     </span>
    </p>
   </div>
   <div class='ocr_carea' id='block_1_38' title="bbox 351 2042 1928 2113">
    <p class='ocr_par' dir='ltr' id='par_1_38' title="bbox 351 2042 1928 2113">
     <span class='ocr_line' id='line_1_38' title="bbox 351 2042 1928 2113; baseline 0.004 -18"><span class='ocrx_word' id='word_1_269' title='bbox 351 2042 654 2113; x_wconf 76' lang='lat' dir='ltr'><strong>reliquistt&#39;?</strong></span> <span class='ocrx_word' id='word_1_270' title='bbox 692 2043 785 2099; x_wconf 89' lang='lat' dir='ltr'><strong>sed</strong></span> <span class='ocrx_word' id='word_1_271' title='bbox 818 2045 934 2113; x_wconf 92' lang='lat' dir='ltr'><strong>ipse</strong></span> <span class='ocrx_word' id='word_1_272' title='bbox 962 2043 1145 2098; x_wconf 90' lang='lat' dir='ltr'><strong>divine</strong></span> <span class='ocrx_word' id='word_1_273' title='bbox 1178 2045 1444 2101; x_wconf 70' lang='lat' dir='ltr'><strong>efﬁciebat</strong></span> <span class='ocrx_word' id='word_1_274' title='bbox 1481 2055 1542 2100; x_wconf 92' lang='lat' dir='ltr'><strong>ut</strong></span> <span class='ocrx_word' id='word_1_275' title='bbox 1573 2045 1654 2100; x_wconf 91' lang='lat' dir='ltr'><strong>sol</strong></span> <span class='ocrx_word' id='word_1_276' title='bbox 1679 2045 1928 2101; x_wconf 85' lang='lat' dir='ltr'><strong>deﬁceret</strong></span> 
     </span>
    </p>
   </div>
   <div class='ocr_carea' id='block_1_39' title="bbox 351 2135 1923 2200">
    <p class='ocr_par' dir='ltr' id='par_1_39' title="bbox 351 2135 1923 2200">
     <span class='ocr_line' id='line_1_39' title="bbox 351 2135 1923 2200; baseline 0.001 -11"><span class='ocrx_word' id='word_1_277' title='bbox 351 2144 406 2189; x_wconf 87' lang='lat' dir='ltr'><strong>et</strong></span> <span class='ocrx_word' id='word_1_278' title='bbox 440 2135 641 2190; x_wconf 87' lang='lat' dir='ltr'><strong>mortui</strong></span> <span class='ocrx_word' id='word_1_279' title='bbox 675 2135 1081 2190; x_wconf 84' lang='lat' dir='ltr'><strong>reviviscerent.</strong></span> <span class='ocrx_word' id='word_1_280' title='bbox 1123 2135 1182 2190; x_wconf 89' lang='lat' dir='ltr'><strong>Si</strong></span> <span class='ocrx_word' id='word_1_281' title='bbox 1229 2137 1358 2192; x_wconf 88' lang='lat' dir='ltr'><strong>item</strong></span> <span class='ocrx_word' id='word_1_282' title='bbox 1403 2145 1462 2191; x_wconf 92' lang='lat' dir='ltr'><strong>ut</strong></span> <span class='ocrx_word' id='word_1_283' title='bbox 1504 2137 1668 2191; x_wconf 87' lang='lat' dir='ltr'><strong>homo</strong></span> <span class='ocrx_word' id='word_1_284' title='bbox 1705 2136 1923 2200; x_wconf 89' lang='lat' dir='ltr'><strong>aiebat,</strong></span> 
     </span>
    </p>
   </div>
   <div class='ocr_carea' id='block_1_40' title="bbox 354 2226 1926 2302">
    <p class='ocr_par' dir='ltr' id='par_1_40' title="bbox 354 2226 1926 2302">
     <span class='ocr_line' id='line_1_40' title="bbox 354 2226 1926 2302; baseline 0.004 -21"><span class='ocrx_word' id='word_1_285' title='bbox 354 2226 512 2290; x_wconf 73' lang='lat' dir='ltr'><strong>Nunc</strong></span> <span class='ocrx_word' id='word_1_286' title='bbox 549 2229 728 2282; x_wconf 74' lang='lat' dir='ltr'><strong>anima</strong></span> <span class='ocrx_word' id='word_1_287' title='bbox 765 2245 880 2283; x_wconf 86' lang='lat' dir='ltr'><strong>mea</strong></span> <span class='ocrx_word' id='word_1_288' title='bbox 919 2230 1130 2285; x_wconf 86' lang='lat' dir='ltr'><strong>turbata</strong></span> <span class='ocrx_word' id='word_1_289' title='bbox 1171 2242 1247 2286; x_wconf 80' lang='lat' dir='ltr'><strong>est</strong></span> <span class='ocrx_word' id='word_1_290' title='bbox 1283 2233 1360 2300; x_wconf 82' lang='lat'><strong>&quot;;</strong></span> <span class='ocrx_word' id='word_1_291' title='bbox 1399 2232 1537 2287; x_wconf 80' lang='lat' dir='ltr'><strong>dixit</strong></span> <span class='ocrx_word' id='word_1_292' title='bbox 1582 2232 1806 2302; x_wconf 87' lang='lat' dir='ltr'><strong>pariter,</strong></span> <span class='ocrx_word' id='word_1_293' title='bbox 1867 2242 1926 2287; x_wconf 90' lang='lat' dir='ltr'><strong>ut</strong></span> 
     </span>
    </p>
   </div>
   <div class='ocr_carea' id='block_1_41' title="bbox 351 2317 1924 2393">
    <p class='ocr_par' dir='ltr' id='par_1_41' title="bbox 351 2317 1924 2393">
     <span class='ocr_line' id='line_1_41' title="bbox 351 2317 1924 2393; baseline 0.004 -21"><span class='ocrx_word' id='word_1_294' title='bbox 351 2317 494 2376; x_wconf 90' lang='lat' dir='ltr'><strong>Deus</strong></span> <span class='ocrx_word' id='word_1_295' title='bbox 531 2339 545 2374; x_wconf 90' lang='lat'><strong>:</strong></span> <span class='ocrx_word' id='word_1_296' title='bbox 575 2319 894 2377; x_wconf 80' lang='lat' dir='ltr'><strong>Potestatcm</strong></span> <span class='ocrx_word' id='word_1_297' title='bbox 915 2323 1078 2376; x_wconf 82' lang='lat' dir='ltr'><strong>habeo</strong></span> <span class='ocrx_word' id='word_1_298' title='bbox 1116 2324 1342 2393; x_wconf 77' lang='lat' dir='ltr'><strong>ponendi</strong></span> <span class='ocrx_word' id='word_1_299' title='bbox 1373 2325 1609 2378; x_wconf 81' lang='lat' dir='ltr'><strong>animam</strong></span> <span class='ocrx_word' id='word_1_300' title='bbox 1648 2340 1846 2384; x_wconf 84' lang='lat' dir='ltr'><strong>meam.</strong></span> <span class='ocrx_word' id='word_1_301' title='bbox 1872 2335 1924 2378; x_wconf 87' lang='lat' dir='ltr'><strong>et</strong></span> 
     </span>
    </p>
   </div>
   <div class='ocr_carea' id='block_1_42' title="bbox 347 2415 1926 2482">
    <p class='ocr_par' dir='ltr' id='par_1_42' title="bbox 347 2415 1926 2482">
     <span class='ocr_line' id='line_1_42' title="bbox 347 2415 1926 2482; baseline 0.004 -17"><span class='ocrx_word' id='word_1_302' title='bbox 347 2421 657 2482; x_wconf 79' lang='lat' dir='ltr'><strong>potestatem</strong></span> <span class='ocrx_word' id='word_1_303' title='bbox 683 2415 844 2468; x_wconf 84' lang='lat' dir='ltr'><strong>habeo</strong></span> <span class='ocrx_word' id='word_1_304' title='bbox 883 2417 1074 2470; x_wconf 80' lang='lat' dir='ltr'><strong>iterum</strong></span> <span class='ocrx_word' id='word_1_305' title='bbox 1100 2418 1338 2471; x_wconf 81' lang='lat' dir='ltr'><strong>sumendi</strong></span> <span class='ocrx_word' id='word_1_306' title='bbox 1361 2434 1477 2471; x_wconf 84' lang='lat' dir='ltr'><strong>eam</strong></span> <span class='ocrx_word' id='word_1_307' title='bbox 1497 2417 1563 2470; x_wconf 82' lang='grc'><strong>⁸³.</strong></span> <span class='ocrx_word' id='word_1_308' title='bbox 1613 2415 1926 2472; x_wconf 88' lang='lat' dir='ltr'><strong>Perturbari</strong></span> 
     </span>
    </p>
   </div>
   <div class='ocr_carea' id='block_1_43' title="bbox 351 2506 1919 2579">
    <p class='ocr_par' dir='ltr' id='par_1_43' title="bbox 351 2506 1919 2579">
     <span class='ocr_line' id='line_1_43' title="bbox 351 2506 1919 2579; baseline 0.004 -22"><span class='ocrx_word' id='word_1_309' title='bbox 351 2506 492 2558; x_wconf 87' lang='lat' dir='ltr'><strong>enim</strong></span> <span class='ocrx_word' id='word_1_310' title='bbox 527 2508 708 2563; x_wconf 90' lang='lat' dir='ltr'><strong>carnis</strong></span> <span class='ocrx_word' id='word_1_311' title='bbox 755 2508 1033 2577; x_wconf 90' lang='lat' dir='ltr'><strong>proprium</strong></span> <span class='ocrx_word' id='word_1_312' title='bbox 1063 2518 1147 2563; x_wconf 84' lang='lat' dir='ltr'><strong>est</strong></span> <span class='ocrx_word' id='word_1_313' title='bbox 1179 2527 1193 2563; x_wconf 90' lang='lat'><strong>:</strong></span> <span class='ocrx_word' id='word_1_314' title='bbox 1225 2510 1318 2564; x_wconf 88' lang='lat' dir='ltr'><strong>sed</strong></span> <span class='ocrx_word' id='word_1_315' title='bbox 1363 2519 1684 2579; x_wconf 87' lang='lat' dir='ltr'><strong>potestatem</strong></span> <span class='ocrx_word' id='word_1_316' title='bbox 1719 2509 1919 2564; x_wconf 88' lang='lat' dir='ltr'><strong>habere</strong></span> 
     </span>
    </p>
   </div>
   <div class='ocr_carea' id='block_1_44' title="bbox 349 2595 1925 2670">
    <p class='ocr_par' dir='ltr' id='par_1_44' title="bbox 349 2595 1925 2670">
     <span class='ocr_line' id='line_1_44' title="bbox 349 2595 1925 2670; baseline 0.006 -24"><span class='ocrx_word' id='word_1_317' title='bbox 349 2595 588 2653; x_wconf 83' lang='lat' dir='ltr'><strong>animam</strong></span> <span class='ocrx_word' id='word_1_318' title='bbox 623 2610 723 2650; x_wconf 90' lang='lat' dir='ltr'><strong>suo</strong></span> <span class='ocrx_word' id='word_1_319' title='bbox 752 2597 981 2652; x_wconf 87' lang='lat' dir='ltr'><strong>arbitrio</strong></span> <span class='ocrx_word' id='word_1_320' title='bbox 1009 2597 1242 2667; x_wconf 90' lang='lat' dir='ltr'><strong>ponendi</strong></span> <span class='ocrx_word' id='word_1_321' title='bbox 1275 2607 1329 2653; x_wconf 92' lang='lat' dir='ltr'><strong>et</strong></span> <span class='ocrx_word' id='word_1_322' title='bbox 1357 2600 1629 2664; x_wconf 89' lang='lat' dir='ltr'><strong>sumendi,</strong></span> <span class='ocrx_word' id='word_1_323' title='bbox 1658 2599 1711 2654; x_wconf 89' lang='lat' dir='ltr'><strong>id</strong></span> <span class='ocrx_word' id='word_1_324' title='bbox 1741 2600 1925 2670; x_wconf 89' lang='lat' dir='ltr'><strong>utique</strong></span> 
     </span>
    </p>
   </div>
   <div class='ocr_carea' id='block_1_45' title="bbox 351 2687 1921 2761">
    <p class='ocr_par' dir='ltr' id='par_1_45' title="bbox 351 2687 1921 2761">
     <span class='ocr_line' id='line_1_45' title="bbox 351 2687 1921 2761; baseline 0.004 -23"><span class='ocrx_word' id='word_1_325' title='bbox 351 2701 460 2740; x_wconf 82' lang='lat' dir='ltr'><strong>non</strong></span> <span class='ocrx_word' id='word_1_326' title='bbox 509 2687 824 2754; x_wconf 85' lang='lat' dir='ltr'><strong>hominum,</strong></span> <span class='ocrx_word' id='word_1_327' title='bbox 862 2690 957 2745; x_wconf 92' lang='lat' dir='ltr'><strong>sed</strong></span> <span class='ocrx_word' id='word_1_328' title='bbox 989 2691 1245 2759; x_wconf 66' lang='lat' dir='ltr'><strong>potentiae</strong></span> <span class='ocrx_word' id='word_1_329' title='bbox 1280 2688 1444 2746; x_wconf 83' lang='lat' dir='ltr'><strong>Verbi</strong></span> <span class='ocrx_word' id='word_1_330' title='bbox 1491 2691 1769 2761; x_wconf 90' lang='lat' dir='ltr'><strong>proprium</strong></span> <span class='ocrx_word' id='word_1_331' title='bbox 1819 2699 1921 2748; x_wconf 86' lang='lat' dir='ltr'><strong>est.</strong></span> 
     </span>
    </p>
   </div>
   <div class='ocr_carea' id='block_1_46' title="bbox 351 2777 1928 2850">
    <p class='ocr_par' dir='ltr' id='par_1_46' title="bbox 351 2777 1928 2850">
     <span class='ocr_line' id='line_1_46' title="bbox 351 2777 1928 2850; baseline 0.001 -13"><span class='ocrx_word' id='word_1_332' title='bbox 351 2777 465 2837; x_wconf 83' lang='lat' dir='ltr'><strong>Nec</strong></span> <span class='ocrx_word' id='word_1_333' title='bbox 499 2781 642 2834; x_wconf 89' lang='lat' dir='ltr'><strong>enim</strong></span> <span class='ocrx_word' id='word_1_334' title='bbox 672 2781 836 2836; x_wconf 88' lang='lat' dir='ltr'><strong>homo</strong></span> <span class='ocrx_word' id='word_1_335' title='bbox 868 2797 970 2836; x_wconf 87' lang='lat' dir='ltr'><strong>sua</strong></span> <span class='ocrx_word' id='word_1_336' title='bbox 1010 2790 1300 2850; x_wconf 86' lang='lat' dir='ltr'><strong>potestate,</strong></span> <span class='ocrx_word' id='word_1_337' title='bbox 1329 2782 1422 2836; x_wconf 89' lang='lat' dir='ltr'><strong>sed</strong></span> <span class='ocrx_word' id='word_1_338' title='bbox 1452 2793 1660 2838; x_wconf 70' lang='lat' dir='ltr'><strong>natura:</strong></span> <span class='ocrx_word' id='word_1_339' title='bbox 1690 2785 1928 2839; x_wconf 77' lang='lat' dir='ltr'><strong>necessi-</strong></span> 
     </span>
    </p>
   </div>
   <div class='ocr_carea' id='block_1_47' title="bbox 2027 1863 3600 1942">
    <p class='ocr_par' dir='ltr' id='par_1_47' title="bbox 2027 1863 3600 1942">
     <span class='ocr_line' id='line_1_47' title="bbox 2027 1863 3600 1942; baseline 0.001 -21"><span class='ocrx_word' id='word_1_340' title='bbox 2027 1866 2272 1922; x_wconf 87' lang='grc' dir='ltr'>θάνατον.</span> <span class='ocrx_word' id='word_1_341' title='bbox 2297 1867 2520 1936; x_wconf 88' lang='grc' dir='ltr'>Ἔλεγεν</span> <span class='ocrx_word' id='word_1_342' title='bbox 2549 1863 2642 1925; x_wconf 76' lang='grc' dir='ltr'>οὖν</span> <span class='ocrx_word' id='word_1_343' title='bbox 2667 1867 2848 1927; x_wconf 70' lang='grc' dir='ltr'>ταῦτα</span> <span class='ocrx_word' id='word_1_344' title='bbox 2865 1869 2956 1922; x_wconf 80' lang='grc' dir='ltr'><strong>καὶ</strong></span> <span class='ocrx_word' id='word_1_345' title='bbox 2983 1869 3098 1939; x_wconf 76' lang='grc' dir='ltr'>ἅμα</span> <span class='ocrx_word' id='word_1_346' title='bbox 3129 1869 3322 1924; x_wconf 77' lang='grc' dir='ltr'>ἐποίει.</span> <span class='ocrx_word' id='word_1_347' title='bbox 3361 1868 3600 1942; x_wconf 75' lang='grc' dir='ltr'>’Δνθρώ-</span> 
     </span>
    </p>
   </div>
   <div class='ocr_carea' id='block_1_48' title="bbox 2026 1957 3600 2031">
    <p class='ocr_par' dir='ltr' id='par_1_48' title="bbox 2026 1957 3600 2031">
     <span class='ocr_line' id='line_1_48' title="bbox 2026 1957 3600 2031; baseline -0.006 -9"><span class='ocrx_word' id='word_1_348' title='bbox 2026 1977 2156 2012; x_wconf 81' lang='grc' dir='ltr'>π-ινα</span> <span class='ocrx_word' id='word_1_349' title='bbox 2197 1959 2296 2029; x_wconf 83' lang='grc' dir='ltr'>μὲν</span> <span class='ocrx_word' id='word_1_350' title='bbox 2338 1959 2448 2031; x_wconf 82' lang='grc' dir='ltr'><strong>γὰρ</strong></span> <span class='ocrx_word' id='word_1_351' title='bbox 2486 1957 2554 2031; x_wconf 82' lang='grc' dir='ltr'>ἦν</span> <span class='ocrx_word' id='word_1_352' title='bbox 2588 1959 2650 2012; x_wconf 82' lang='grc' dir='ltr'>τὸ</span> <span class='ocrx_word' id='word_1_353' title='bbox 2673 1959 2882 2028; x_wconf 71' lang='grc' dir='ltr'>λέγειν’</span> <span class='ocrx_word' id='word_1_354' title='bbox 2910 1960 3256 2028; x_wconf 73' lang='grc' dir='ltr'>Παρελθέτω</span> <span class='ocrx_word' id='word_1_355' title='bbox 3305 1961 3370 2015; x_wconf 83' lang='grc' dir='ltr'>τὸ</span> <span class='ocrx_word' id='word_1_356' title='bbox 3414 1961 3600 2029; x_wconf 79' lang='grc' dir='ltr'>ποτή-</span> 
     </span>
    </p>
   </div>
   <div class='ocr_carea' id='block_1_49' title="bbox 2017 2051 3600 2125">
    <p class='ocr_par' dir='ltr' id='par_1_49' title="bbox 2017 2051 3600 2125">
     <span class='ocr_line' id='line_1_49' title="bbox 2017 2051 3600 2125; baseline 0.001 -21"><span class='ocrx_word' id='word_1_357' title='bbox 2017 2070 2173 2125; x_wconf 75' lang='grc' dir='ltr'>ριον,</span> <span class='ocrx_word' id='word_1_358' title='bbox 2199 2053 2312 2115; x_wconf 81' lang='grc' dir='ltr'><strong>καὶ,</strong></span> <span class='ocrx_word' id='word_1_359' title='bbox 2347 2053 2470 2106; x_wconf 82' lang='grc' dir='ltr'><strong>Ἵνα</strong></span> <span class='ocrx_word' id='word_1_360' title='bbox 2491 2052 2548 2106; x_wconf 83' lang='grc' dir='ltr'><em>τί</em></span> <span class='ocrx_word' id='word_1_361' title='bbox 2566 2069 2643 2120; x_wconf 84' lang='grc' dir='ltr'><strong>με</strong></span> <span class='ocrx_word' id='word_1_362' title='bbox 2672 2051 3060 2122; x_wconf 68' lang='grc' dir='ltr'>ἐγκατέλιπες</span> <span class='ocrx_word' id='word_1_363' title='bbox 3084 2069 3101 2115; x_wconf 88' lang='grc'><em>;</em></span> <span class='ocrx_word' id='word_1_364' title='bbox 3142 2052 3335 2118; x_wconf 83' lang='grc' dir='ltr'>θεῖκῶς</span> <span class='ocrx_word' id='word_1_365' title='bbox 3366 2054 3422 2108; x_wconf 89' lang='grc' dir='ltr'>δὲ</span> <span class='ocrx_word' id='word_1_366' title='bbox 3446 2056 3474 2106; x_wconf 85' lang='grc' dir='ltr'>ὁ</span> <span class='ocrx_word' id='word_1_367' title='bbox 3497 2055 3600 2107; x_wconf 74' lang='grc' dir='ltr'><strong>αὖ·</strong></span> 
     </span>
    </p>
   </div>
   <div class='ocr_carea' id='block_1_50' title="bbox 2024 2141 3600 2215">
    <p class='ocr_par' dir='ltr' id='par_1_50' title="bbox 2024 2141 3600 2215">
     <span class='ocr_line' id='line_1_50' title="bbox 2024 2141 3600 2215; baseline 0.001 -20"><span class='ocrx_word' id='word_1_368' title='bbox 2024 2142 2115 2204; x_wconf 82' lang='grc' dir='ltr'>τὸς</span> <span class='ocrx_word' id='word_1_369' title='bbox 2132 2143 2310 2196; x_wconf 68' lang='grc' dir='ltr'>ἐποίει</span> <span class='ocrx_word' id='word_1_370' title='bbox 2325 2142 2414 2195; x_wconf 85' lang='grc' dir='ltr'>τὸν</span> <span class='ocrx_word' id='word_1_371' title='bbox 2437 2142 2587 2212; x_wconf 76' lang='grc' dir='ltr'>ἥλιον</span> <span class='ocrx_word' id='word_1_372' title='bbox 2613 2141 2907 2202; x_wconf 77' lang='grc' dir='ltr'>ἐκλείπειν,</span> <span class='ocrx_word' id='word_1_373' title='bbox 2937 2143 3171 2206; x_wconf 74' lang='grc' dir='ltr'>καὶτοὺς</span> <span class='ocrx_word' id='word_1_374' title='bbox 3203 2145 3430 2215; x_wconf 78' lang='grc' dir='ltr'>νεκροὺς</span> <span class='ocrx_word' id='word_1_375' title='bbox 3454 2145 3600 2212; x_wconf 63' lang='grc' dir='ltr'>ἐγεία</span> 
     </span>
    </p>
   </div>
   <div class='ocr_carea' id='block_1_51' title="bbox 2026 2232 3595 2307">
    <p class='ocr_par' dir='ltr' id='par_1_51' title="bbox 2026 2232 3595 2307">
     <span class='ocr_line' id='line_1_51' title="bbox 2026 2232 3595 2307; baseline 0.001 -21"><span class='ocrx_word' id='word_1_376' title='bbox 2026 2235 2230 2307; x_wconf 90' lang='grc' dir='ltr'>ρεσθαι.</span> <span class='ocrx_word' id='word_1_377' title='bbox 2267 2233 2436 2288; x_wconf 83' lang='grc' dir='ltr'>Πάλιν</span> <span class='ocrx_word' id='word_1_378' title='bbox 2467 2251 2527 2286; x_wconf 86' lang='grc' dir='ltr'><strong>τε</strong></span> <span class='ocrx_word' id='word_1_379' title='bbox 2555 2232 2728 2301; x_wconf 86' lang='grc' dir='ltr'>λέγων</span> <span class='ocrx_word' id='word_1_380' title='bbox 2756 2232 3107 2304; x_wconf 79' lang='grc' dir='ltr'>ἀνθρωπίνως</span> <span class='ocrx_word' id='word_1_381' title='bbox 3126 2273 3141 2298; x_wconf 89' lang='grc'>,</span> <span class='ocrx_word' id='word_1_382' title='bbox 3181 2233 3312 2288; x_wconf 81' lang='grc' dir='ltr'><strong>Νῦν</strong></span> <span class='ocrx_word' id='word_1_383' title='bbox 3339 2235 3377 2301; x_wconf 73' lang='grc' dir='ltr'>ἡ</span> <span class='ocrx_word' id='word_1_384' title='bbox 3421 2234 3595 2303; x_wconf 69' lang='grc' dir='ltr'><strong>ψυχή</strong></span> 
     </span>
    </p>
   </div>
   <div class='ocr_carea' id='block_1_52' title="bbox 2016 2311 3600 2398">
    <p class='ocr_par' dir='ltr' id='par_1_52' title="bbox 2016 2311 3600 2398">
     <span class='ocr_line' id='line_1_52' title="bbox 2016 2311 3600 2398; baseline -0.001 -18"><span class='ocrx_word' id='word_1_385' title='bbox 2016 2311 2136 2396; x_wconf 72' lang='grc' dir='ltr'><strong>μου</strong></span> <span class='ocrx_word' id='word_1_386' title='bbox 2162 2325 2525 2396; x_wconf 81' lang='grc' dir='ltr'>τετάρακται·</span> <span class='ocrx_word' id='word_1_387' title='bbox 2556 2325 2709 2394; x_wconf 78' lang='grc' dir='ltr'>ἔλεγε</span> <span class='ocrx_word' id='word_1_388' title='bbox 2735 2327 2829 2381; x_wconf 77' lang='grc' dir='ltr'><strong>καὶ</strong></span> <span class='ocrx_word' id='word_1_389' title='bbox 2862 2325 2974 2398; x_wconf 91' lang='grc'>(87)</span> <span class='ocrx_word' id='word_1_390' title='bbox 3002 2325 3197 2389; x_wconf 74' lang='grc' dir='ltr'>θεῖκίύς</span> <span class='ocrx_word' id='word_1_391' title='bbox 3221 2341 3235 2354; x_wconf 91' lang='grc'><strong>·</strong></span> <span class='ocrx_word' id='word_1_392' title='bbox 3279 2326 3600 2390; x_wconf 73' lang='grc' dir='ltr'>Ἑξουσίαν</span> 
     </span>
    </p>
   </div>
   <div class='ocr_carea' id='block_1_53' title="bbox 2021 2417 3600 2488">
    <p class='ocr_par' dir='ltr' id='par_1_53' title="bbox 2021 2417 3600 2488">
     <span class='ocr_line' id='line_1_53' title="bbox 2021 2417 3600 2488; baseline -0.001 -16"><span class='ocrx_word' id='word_1_393' title='bbox 2021 2419 2140 2488; x_wconf 82' lang='grc' dir='ltr'><strong>ἔχω</strong></span> <span class='ocrx_word' id='word_1_394' title='bbox 2192 2419 2378 2474; x_wconf 76' lang='grc' dir='ltr'>θεῖναι</span> <span class='ocrx_word' id='word_1_395' title='bbox 2406 2417 2520 2488; x_wconf 72' lang='grc' dir='ltr'><strong>τὴν</strong></span> <span class='ocrx_word' id='word_1_396' title='bbox 2544 2417 2753 2487; x_wconf 72' lang='grc' dir='ltr'><strong>ψυχήν</strong></span> <span class='ocrx_word' id='word_1_397' title='bbox 2779 2435 2898 2486; x_wconf 84' lang='grc' dir='ltr'><strong>μου</strong></span> <span class='ocrx_word' id='word_1_398' title='bbox 2923 2458 2938 2484; x_wconf 97' lang='grc'>,</span> <span class='ocrx_word' id='word_1_399' title='bbox 2989 2418 3088 2471; x_wconf 77' lang='grc' dir='ltr'><strong>καὶ</strong></span> <span class='ocrx_word' id='word_1_400' title='bbox 3131 2418 3422 2482; x_wconf 78' lang='grc' dir='ltr'>ἐξουσίαν</span> <span class='ocrx_word' id='word_1_401' title='bbox 3476 2419 3600 2486; x_wconf 77' lang='grc' dir='ltr'><strong>ἔχω</strong></span> 
     </span>
    </p>
   </div>
   <div class='ocr_carea' id='block_1_54' title="bbox 2024 2506 3598 2580">
    <p class='ocr_par' dir='ltr' id='par_1_54' title="bbox 2024 2506 3598 2580">
     <span class='ocr_line' id='line_1_54' title="bbox 2024 2506 3598 2580; baseline 0.001 -21"><span class='ocrx_word' id='word_1_402' title='bbox 2024 2507 2209 2560; x_wconf 74' lang='grc' dir='ltr'>πάλιν</span> <span class='ocrx_word' id='word_1_403' title='bbox 2238 2507 2446 2561; x_wconf 80' lang='grc' dir='ltr'>λαϐεῖν</span> <span class='ocrx_word' id='word_1_404' title='bbox 2468 2506 2680 2574; x_wconf 80' lang='grc' dir='ltr'><strong>αὐτήν.</strong></span> <span class='ocrx_word' id='word_1_405' title='bbox 2718 2508 2790 2560; x_wconf 87' lang='grc' dir='ltr'><strong>Τὸ</strong></span> <span class='ocrx_word' id='word_1_406' title='bbox 2829 2508 2928 2578; x_wconf 85' lang='grc' dir='ltr'>μὲν</span> <span class='ocrx_word' id='word_1_407' title='bbox 2956 2507 3062 2580; x_wconf 88' lang='grc' dir='ltr'><strong>γάρ</strong></span> <span class='ocrx_word' id='word_1_408' title='bbox 3088 2507 3448 2579; x_wconf 81' lang='grc' dir='ltr'>ταράττεσθαι</span> <span class='ocrx_word' id='word_1_409' title='bbox 3491 2506 3598 2576; x_wconf 82' lang='grc' dir='ltr'>τῆς</span> 
     </span>
    </p>
   </div>
   <div class='ocr_carea' id='block_1_55' title="bbox 2026 2584 3600 2670">
    <p class='ocr_par' dir='ltr' id='par_1_55' title="bbox 2026 2584 3600 2670">
     <span class='ocr_line' id='line_1_55' title="bbox 2026 2584 3600 2670; baseline 0 -20"><span class='ocrx_word' id='word_1_410' title='bbox 2026 2599 2226 2669; x_wconf 79' lang='grc' dir='ltr'>σαρκὸς</span> <span class='ocrx_word' id='word_1_411' title='bbox 2268 2598 2394 2653; x_wconf 83' lang='grc' dir='ltr'>ίδιον</span> <span class='ocrx_word' id='word_1_412' title='bbox 2425 2595 2646 2670; x_wconf 78' lang='grc' dir='ltr'>ἦν.(88),</span> <span class='ocrx_word' id='word_1_413' title='bbox 2673 2597 2734 2653; x_wconf 77' lang='grc' dir='ltr'>τὸ</span> <span class='ocrx_word' id='word_1_414' title='bbox 2763 2599 2819 2652; x_wconf 84' lang='grc' dir='ltr'>δὲ</span> <span class='ocrx_word' id='word_1_415' title='bbox 2840 2599 3089 2663; x_wconf 75' lang='grc' dir='ltr'>ἐξουσίαν</span> <span class='ocrx_word' id='word_1_416' title='bbox 3124 2599 3266 2670; x_wconf 80' lang='grc' dir='ltr'>ἐχειν</span> <span class='ocrx_word' id='word_1_417' title='bbox 3303 2599 3474 2653; x_wconf 84' lang='grc' dir='ltr'>θεῖναι</span> <span class='ocrx_word' id='word_1_418' title='bbox 3502 2584 3600 2651; x_wconf 74' lang='grc' dir='ltr'><strong>καὶ</strong></span> 
     </span>
    </p>
   </div>
   <div class='ocr_carea' id='block_1_56' title="bbox 2023 2689 3602 2763">
    <p class='ocr_par' dir='ltr' id='par_1_56' title="bbox 2023 2689 3602 2763">
     <span class='ocr_line' id='line_1_56' title="bbox 2023 2689 3602 2763; baseline 0.003 -21"><span class='ocrx_word' id='word_1_419' title='bbox 2023 2689 2226 2751; x_wconf 83' lang='grc' dir='ltr'>λαϐεῖν,</span> <span class='ocrx_word' id='word_1_420' title='bbox 2268 2691 2356 2743; x_wconf 82' lang='grc' dir='ltr'>ὅτε</span> <span class='ocrx_word' id='word_1_421' title='bbox 2392 2689 2662 2760; x_wconf 79' lang='grc' dir='ltr'>βούλεται,</span> <span class='ocrx_word' id='word_1_422' title='bbox 2697 2691 2794 2762; x_wconf 83' lang='grc' dir='ltr'>τὴν</span> <span class='ocrx_word' id='word_1_423' title='bbox 2821 2691 3016 2763; x_wconf 84' lang='grc' dir='ltr'>ψυχὴν,</span> <span class='ocrx_word' id='word_1_424' title='bbox 3049 2692 3232 2746; x_wconf 79' lang='grc' dir='ltr'>οὐκέτι</span> <span class='ocrx_word' id='word_1_425' title='bbox 3277 2691 3435 2744; x_wconf 77' lang='grc' dir='ltr'>τοῦτο</span> <span class='ocrx_word' id='word_1_426' title='bbox 3466 2691 3602 2746; x_wconf 76' lang='grc' dir='ltr'>ἴδιον</span> 
     </span>
    </p>
   </div>
   <div class='ocr_carea' id='block_1_57' title="bbox 2025 2781 3604 2854">
    <p class='ocr_par' dir='ltr' id='par_1_57' title="bbox 2025 2781 3604 2854">
     <span class='ocr_line' id='line_1_57' title="bbox 2025 2781 3604 2854; baseline -0.002 -19"><span class='ocrx_word' id='word_1_427' title='bbox 2025 2781 2346 2854; x_wconf 83' lang='grc' dir='ltr'>ἀνθρώπων,</span> <span class='ocrx_word' id='word_1_428' title='bbox 2371 2781 2508 2836; x_wconf 85' lang='grc' dir='ltr'><strong>ἀλλά</strong></span> <span class='ocrx_word' id='word_1_429' title='bbox 2535 2782 2636 2852; x_wconf 81' lang='grc' dir='ltr'>τῆς</span> <span class='ocrx_word' id='word_1_430' title='bbox 2660 2781 2754 2835; x_wconf 82' lang='grc' dir='ltr'>τοῦ</span> <span class='ocrx_word' id='word_1_431' title='bbox 2779 2782 2954 2850; x_wconf 86' lang='grc' dir='ltr'>Λόγου</span> <span class='ocrx_word' id='word_1_432' title='bbox 2979 2781 3256 2852; x_wconf 77' lang='grc' dir='ltr'>δυνάμεως</span> <span class='ocrx_word' id='word_1_433' title='bbox 3275 2782 3440 2835; x_wconf 79' lang='grc' dir='ltr'>ἐστιν.</span> <span class='ocrx_word' id='word_1_434' title='bbox 3472 2783 3604 2834; x_wconf 76' lang='lat' dir='ltr'><strong>&quot;Av-</strong></span> 
     </span>
    </p>
   </div>
   <div class='ocr_carea' id='block_1_58' title="bbox 351 2869 1927 2950">
    <p class='ocr_par' dir='ltr' id='par_1_58' title="bbox 351 2869 1927 2944">
     <span class='ocr_line' id='line_1_58' title="bbox 351 2869 1927 2944; baseline 0.004 -20"><span class='ocrx_word' id='word_1_435' title='bbox 351 2877 461 2924; x_wconf 83' lang='lat' dir='ltr'><strong>tate</strong></span> <span class='ocrx_word' id='word_1_436' title='bbox 494 2869 802 2941; x_wconf 89' lang='lat' dir='ltr'><strong>invitusque</strong></span> <span class='ocrx_word' id='word_1_437' title='bbox 833 2871 1066 2926; x_wconf 86' lang='lat' dir='ltr'><strong>moritur</strong></span> <span class='ocrx_word' id='word_1_438' title='bbox 1100 2871 1234 2941; x_wconf 71' lang='grc'>(84).</span> <span class='ocrx_word' id='word_1_439' title='bbox 1265 2872 1334 2927; x_wconf 85' lang='lat' dir='ltr'><strong>At</strong></span> <span class='ocrx_word' id='word_1_440' title='bbox 1365 2871 1650 2938; x_wconf 81' lang='lat' dir='ltr'><strong>Dominus,</strong></span> <span class='ocrx_word' id='word_1_441' title='bbox 1683 2875 1777 2944; x_wconf 89' lang='lat' dir='ltr'><strong>qui</strong></span> <span class='ocrx_word' id='word_1_442' title='bbox 1813 2875 1927 2944; x_wconf 90' lang='lat' dir='ltr'><strong>ipse</strong></span> 
     </span>
    </p>
   </div>
   <div class='ocr_carea' id='block_1_59' title="bbox 2031 2869 3604 2950">
    <p class='ocr_par' dir='ltr' id='par_1_59' title="bbox 2031 2872 3604 2950">
     <span class='ocr_line' id='line_1_59' title="bbox 2031 2872 3604 2950; baseline -0.001 -23"><span class='ocrx_word' id='word_1_443' title='bbox 2031 2873 2244 2944; x_wconf 85' lang='grc' dir='ltr'>θρωπος</span> <span class='ocrx_word' id='word_1_444' title='bbox 2268 2872 2376 2947; x_wconf 78' lang='grc' dir='ltr'><strong>γὰρ</strong></span> <span class='ocrx_word' id='word_1_445' title='bbox 2405 2874 2464 2950; x_wconf 74' lang='grc' dir='ltr'>οὗ</span> <span class='ocrx_word' id='word_1_446' title='bbox 2501 2875 2620 2930; x_wconf 85' lang='grc' dir='ltr'>κατ’</span> <span class='ocrx_word' id='word_1_447' title='bbox 2648 2873 2784 2928; x_wconf 71' lang='grc' dir='ltr'>ἰδίαν</span> <span class='ocrx_word' id='word_1_448' title='bbox 2817 2872 3085 2936; x_wconf 78' lang='grc' dir='ltr'>ἐξουσίαν,</span> <span class='ocrx_word' id='word_1_449' title='bbox 3116 2873 3231 2927; x_wconf 88' lang='grc' dir='ltr'>ἀλλ’</span> <span class='ocrx_word' id='word_1_450' title='bbox 3263 2873 3478 2946; x_wconf 81' lang='grc' dir='ltr'><strong>ἀνάγκῃ</strong></span> <span class='ocrx_word' id='word_1_451' title='bbox 3498 2873 3604 2943; x_wconf 76' lang='grc' dir='ltr'><strong>φύ-</strong></span> 
     </span>
    </p>
   </div>
   <div class='ocr_carea' id='block_1_60' title="bbox 349 2961 1927 3038">
    <p class='ocr_par' dir='ltr' id='par_1_60' title="bbox 349 2961 1927 3036">
     <span class='ocr_line' id='line_1_60' title="bbox 349 2961 1927 3036; baseline 0.004 -23"><span class='ocrx_word' id='word_1_452' title='bbox 349 2961 568 3028; x_wconf 86' lang='lat' dir='ltr'><strong>quidem</strong></span> <span class='ocrx_word' id='word_1_453' title='bbox 598 2961 922 3018; x_wconf 85' lang='lat' dir='ltr'><strong>immortalis</strong></span> <span class='ocrx_word' id='word_1_454' title='bbox 951 2977 1035 3019; x_wconf 88' lang='lat' dir='ltr'><strong>est</strong></span> <span class='ocrx_word' id='word_1_455' title='bbox 1056 3007 1071 3031; x_wconf 90' lang='lat'><strong>,</strong></span> <span class='ocrx_word' id='word_1_456' title='bbox 1107 2965 1201 3018; x_wconf 87' lang='lat' dir='ltr'><strong>sed</strong></span> <span class='ocrx_word' id='word_1_457' title='bbox 1236 2964 1518 3019; x_wconf 87' lang='lat' dir='ltr'><strong>mortalem</strong></span> <span class='ocrx_word' id='word_1_458' title='bbox 1558 2975 1927 3036; x_wconf 87' lang='lat' dir='ltr'><strong>assumpserat</strong></span> 
     </span>
    </p>
   </div>
   <div class='ocr_carea' id='block_1_61' title="bbox 2031 2961 3604 3038">
    <p class='ocr_par' dir='ltr' id='par_1_61' title="bbox 2031 2965 3604 3038">
     <span class='ocr_line' id='line_1_61' title="bbox 2031 2965 3604 3038; baseline -0.001 -18"><span class='ocrx_word' id='word_1_459' title='bbox 2031 2983 2168 3030; x_wconf 88' lang='grc' dir='ltr'>σεως</span> <span class='ocrx_word' id='word_1_460' title='bbox 2193 2967 2288 3020; x_wconf 72' lang='grc' dir='ltr'><strong>καὶ</strong></span> <span class='ocrx_word' id='word_1_461' title='bbox 2325 2965 2412 3038; x_wconf 70' lang='grc' dir='ltr'>μὴ</span> <span class='ocrx_word' id='word_1_462' title='bbox 2433 2965 2602 3019; x_wconf 81' lang='grc' dir='ltr'>θέλων</span> <span class='ocrx_word' id='word_1_463' title='bbox 2627 2965 3049 3035; x_wconf 55' lang='grc' dir='ltr'>ἀποθνήσκειέὊ</span> <span class='ocrx_word' id='word_1_464' title='bbox 3076 2965 3132 3019; x_wconf 86' lang='grc' dir='ltr'>δὲ</span> <span class='ocrx_word' id='word_1_465' title='bbox 3157 2965 3380 3037; x_wconf 83' lang='grc' dir='ltr'>Κύριος,</span> <span class='ocrx_word' id='word_1_466' title='bbox 3406 2965 3604 3019; x_wconf 85' lang='grc' dir='ltr'>ἀθάνα-</span> 
     </span>
    </p>
   </div>
   <div class='ocr_carea' id='block_1_62' title="bbox 347 3049 1927 3146">
    <p class='ocr_par' dir='ltr' id='par_1_62' title="bbox 347 3049 1925 3124">
     <span class='ocr_line' id='line_1_62' title="bbox 347 3049 1925 3124; baseline 0.002 -17"><span class='ocrx_word' id='word_1_467' title='bbox 347 3049 511 3124; x_wconf 69' lang='grc'>481</span> <span class='ocrx_word' id='word_1_468' title='bbox 538 3067 778 3120; x_wconf 84' lang='lat' dir='ltr'><strong>carnem,</strong></span> <span class='ocrx_word' id='word_1_469' title='bbox 795 3063 1111 3124; x_wconf 86' lang='lat' dir='ltr'><strong>potestatem</strong></span> <span class='ocrx_word' id='word_1_470' title='bbox 1140 3055 1346 3120; x_wconf 89' lang='lat' dir='ltr'><strong>habuit,</strong></span> <span class='ocrx_word' id='word_1_471' title='bbox 1365 3067 1424 3110; x_wconf 90' lang='lat' dir='ltr'><strong>ut</strong></span> <span class='ocrx_word' id='word_1_472' title='bbox 1439 3054 1601 3120; x_wconf 87' lang='lat' dir='ltr'><strong>Deus,</strong></span> <span class='ocrx_word' id='word_1_473' title='bbox 1617 3056 1925 3111; x_wconf 89' lang='lat' dir='ltr'><strong>discedendi</strong></span> 
     </span>
    </p>
   </div>
   <div class='ocr_carea' id='block_1_63' title="bbox 2031 3049 3604 3146">
    <p class='ocr_par' dir='ltr' id='par_1_63' title="bbox 2031 3059 3604 3131">
     <span class='ocr_line' id='line_1_63' title="bbox 2031 3059 3604 3131; baseline -0.003 -15"><span class='ocrx_word' id='word_1_474' title='bbox 2031 3079 2120 3125; x_wconf 88' lang='grc' dir='ltr'><strong>τος</strong></span> <span class='ocrx_word' id='word_1_475' title='bbox 2141 3062 2301 3124; x_wconf 82' lang='grc' dir='ltr'>αὐτὸς</span> <span class='ocrx_word' id='word_1_476' title='bbox 2329 3059 2404 3114; x_wconf 82' lang='grc' dir='ltr'>ὢν</span> <span class='ocrx_word' id='word_1_477' title='bbox 2440 3061 2573 3131; x_wconf 88' lang='lat'><strong>(89),</strong></span> <span class='ocrx_word' id='word_1_478' title='bbox 2604 3059 2867 3131; x_wconf 60' lang='grc' dir='ltr'>σάρκαηδὲ</span> <span class='ocrx_word' id='word_1_479' title='bbox 2890 3059 3088 3131; x_wconf 79' lang='grc' dir='ltr'>θνητὴν</span> <span class='ocrx_word' id='word_1_480' title='bbox 3120 3059 3258 3130; x_wconf 76' lang='grc' dir='ltr'>ἔχων</span> <span class='ocrx_word' id='word_1_481' title='bbox 3282 3100 3300 3124; x_wconf 90' lang='grc'>,</span> <span class='ocrx_word' id='word_1_482' title='bbox 3332 3059 3418 3113; x_wconf 71' lang='grc' dir='ltr'><strong>ἐπ’</strong></span> <span class='ocrx_word' id='word_1_483' title='bbox 3447 3059 3604 3124; x_wconf 74' lang='grc' dir='ltr'>ἐξου-</span> 
     </span>
    </p>
   </div>
   <div class='ocr_carea' id='block_1_64' title="bbox 350 3143 1927 3224">
    <p class='ocr_par' dir='ltr' id='par_1_64' title="bbox 350 3143 1925 3216">
     <span class='ocr_line' id='line_1_64' title="bbox 350 3143 1925 3216; baseline 0 -14"><span class='ocrx_word' id='word_1_484' title='bbox 350 3157 384 3202; x_wconf 73' lang='lat' dir='ltr'><strong>a</strong></span> <span class='ocrx_word' id='word_1_485' title='bbox 417 3157 665 3212; x_wconf 87' lang='lat' dir='ltr'><strong>corpore,</strong></span> <span class='ocrx_word' id='word_1_486' title='bbox 696 3143 936 3216; x_wconf 81' lang='lat' dir='ltr'><strong>illudque</strong></span> <span class='ocrx_word' id='word_1_487' title='bbox 969 3146 1163 3200; x_wconf 84' lang='lat' dir='ltr'><strong>iterum</strong></span> <span class='ocrx_word' id='word_1_488' title='bbox 1213 3146 1560 3211; x_wconf 87' lang='lat' dir='ltr'><strong>assumendi,</strong></span> <span class='ocrx_word' id='word_1_489' title='bbox 1591 3161 1715 3202; x_wconf 89' lang='lat' dir='ltr'><strong>eum</strong></span> <span class='ocrx_word' id='word_1_490' title='bbox 1740 3147 1925 3202; x_wconf 80' lang='lat' dir='ltr'><strong>volue-</strong></span> 
     </span>
    </p>
   </div>
   <div class='ocr_carea' id='block_1_65' title="bbox 2031 3143 3602 3224">
    <p class='ocr_par' dir='ltr' id='par_1_65' title="bbox 2031 3150 3602 3224">
     <span class='ocr_line' id='line_1_65' title="bbox 2031 3150 3602 3224; baseline -0.003 -15"><span class='ocrx_word' id='word_1_491' title='bbox 2031 3162 2148 3219; x_wconf 81' lang='grc' dir='ltr'>σίας</span> <span class='ocrx_word' id='word_1_492' title='bbox 2177 3155 2340 3224; x_wconf 78' lang='grc' dir='ltr'>εἶχεν,</span> <span class='ocrx_word' id='word_1_493' title='bbox 2369 3154 2444 3217; x_wconf 83' lang='grc' dir='ltr'><strong>ὡς</strong></span> <span class='ocrx_word' id='word_1_494' title='bbox 2476 3153 2643 3216; x_wconf 81' lang='grc' dir='ltr'>Θεὸς,</span> <span class='ocrx_word' id='word_1_495' title='bbox 2682 3152 2790 3206; x_wconf 80' lang='grc' dir='ltr'>ἀπὸ</span> <span class='ocrx_word' id='word_1_496' title='bbox 2833 3152 2926 3207; x_wconf 82' lang='grc' dir='ltr'>τοῦ</span> <span class='ocrx_word' id='word_1_497' title='bbox 2963 3151 3214 3222; x_wconf 85' lang='grc' dir='ltr'>σώματος</span> <span class='ocrx_word' id='word_1_498' title='bbox 3245 3150 3602 3222; x_wconf 81' lang='grc' dir='ltr'>χωρισθῆναι,</span> 
     </span>
    </p>
   </div>
   <div class='ocr_carea' id='block_1_66' title="bbox 350 3233 1927 3315">
    <p class='ocr_par' dir='ltr' id='par_1_66' title="bbox 350 3233 1924 3309">
     <span class='ocr_line' id='line_1_66' title="bbox 350 3233 1924 3309; baseline 0.002 -20"><span class='ocrx_word' id='word_1_499' title='bbox 350 3235 444 3295; x_wconf 78' lang='lat' dir='ltr'><strong>rit.</strong></span> <span class='ocrx_word' id='word_1_500' title='bbox 478 3233 596 3301; x_wconf 87' lang='lat' dir='ltr'><strong>Qua</strong></span> <span class='ocrx_word' id='word_1_501' title='bbox 635 3235 703 3291; x_wconf 90' lang='lat' dir='ltr'><strong>de</strong></span> <span class='ocrx_word' id='word_1_502' title='bbox 735 3251 796 3292; x_wconf 88' lang='lat' dir='ltr'><strong>re</strong></span> <span class='ocrx_word' id='word_1_503' title='bbox 831 3237 907 3292; x_wconf 86' lang='lat' dir='ltr'><strong>ita</strong></span> <span class='ocrx_word' id='word_1_504' title='bbox 947 3237 1144 3292; x_wconf 87' lang='lat' dir='ltr'><strong>cecinit</strong></span> <span class='ocrx_word' id='word_1_505' title='bbox 1190 3236 1360 3292; x_wconf 86' lang='lat' dir='ltr'><strong>David</strong></span> <span class='ocrx_word' id='word_1_506' title='bbox 1393 3257 1408 3294; x_wconf 89' lang='lat'><strong>:</strong></span> <span class='ocrx_word' id='word_1_507' title='bbox 1443 3236 1568 3292; x_wconf 85' lang='lat' dir='ltr'><strong>Non</strong></span> <span class='ocrx_word' id='word_1_508' title='bbox 1600 3238 1924 3309; x_wconf 79' lang='lat' dir='ltr'><strong>derelinques</strong></span> 
     </span>
    </p>
   </div>
   <div class='ocr_carea' id='block_1_67' title="bbox 2031 3233 3608 3315">
    <p class='ocr_par' dir='ltr' id='par_1_67' title="bbox 2031 3240 3608 3315">
     <span class='ocr_line' id='line_1_67' title="bbox 2031 3240 3608 3315; baseline -0.006 -14"><span class='ocrx_word' id='word_1_509' title='bbox 2031 3245 2314 3303; x_wconf 76' lang='grc' dir='ltr'>καὶτοῦτο,</span> <span class='ocrx_word' id='word_1_510' title='bbox 2346 3245 2508 3303; x_wconf 82' lang='grc' dir='ltr'>πάλιν</span> <span class='ocrx_word' id='word_1_511' title='bbox 2534 3243 2957 3308; x_wconf 73' lang='grc' dir='ltr'>ἀναλαβεῖν,,ὂτε</span> <span class='ocrx_word' id='word_1_512' title='bbox 2991 3241 3257 3313; x_wconf 83' lang='grc' dir='ltr'>βούλεται.</span> <span class='ocrx_word' id='word_1_513' title='bbox 3303 3240 3438 3315; x_wconf 76' lang='grc' dir='ltr'>Περὶ</span> <span class='ocrx_word' id='word_1_514' title='bbox 3480 3240 3608 3293; x_wconf 83' lang='grc' dir='ltr'>τού-</span> 
     </span>
    </p>
   </div>
   <div class='ocr_carea' id='block_1_68' title="bbox 351 3330 1927 3411">
    <p class='ocr_par' dir='ltr' id='par_1_68' title="bbox 351 3331 1927 3411">
     <span class='ocr_line' id='line_1_68' title="bbox 351 3331 1927 3411; baseline 0.004 -29"><span class='ocrx_word' id='word_1_515' title='bbox 351 3331 585 3384; x_wconf 76' lang='lat' dir='ltr'><strong>animum</strong></span> <span class='ocrx_word' id='word_1_516' title='bbox 629 3347 817 3411; x_wconf 30' lang='lat' dir='ltr'><strong>meam,</strong></span> <span class='ocrx_word' id='word_1_517' title='bbox 847 3333 904 3386; x_wconf 76' lang='lat' dir='ltr'><strong>in</strong></span> <span class='ocrx_word' id='word_1_518' title='bbox 940 3333 1146 3402; x_wconf 81' lang='lat' dir='ltr'><strong>inferno</strong></span> <span class='ocrx_word' id='word_1_519' title='bbox 1172 3373 1189 3398; x_wconf 91' lang='lat'><strong>,</strong></span> <span class='ocrx_word' id='word_1_520' title='bbox 1250 3349 1412 3403; x_wconf 79' lang='lat' dir='ltr'><strong>neque</strong></span> <span class='ocrx_word' id='word_1_521' title='bbox 1459 3333 1612 3388; x_wconf 79' lang='lat' dir='ltr'><strong>dabis</strong></span> <span class='ocrx_word' id='word_1_522' title='bbox 1671 3332 1927 3388; x_wconf 83' lang='lat' dir='ltr'><strong>Sanctum</strong></span> 
     </span>
    </p>
   </div>
   <div class='ocr_carea' id='block_1_69' title="bbox 2031 3330 3608 3411">
    <p class='ocr_par' dir='ltr' id='par_1_69' title="bbox 2031 3330 3608 3406">
     <span class='ocr_line' id='line_1_69' title="bbox 2031 3330 3608 3406; baseline -0.007 -12"><span class='ocrx_word' id='word_1_523' title='bbox 2031 3357 2115 3394; x_wconf 81' lang='grc' dir='ltr'><strong>του</strong></span> <span class='ocrx_word' id='word_1_524' title='bbox 2140 3338 2234 3394; x_wconf 74' lang='grc' dir='ltr'><strong>καὶ</strong></span> <span class='ocrx_word' id='word_1_525' title='bbox 2257 3337 2419 3395; x_wconf 75' lang='grc' dir='ltr'>Δαϐὶδ</span> <span class='ocrx_word' id='word_1_526' title='bbox 2444 3336 2636 3406; x_wconf 74' lang='grc' dir='ltr'>ψάλλει</span> <span class='ocrx_word' id='word_1_527' title='bbox 2659 3354 2673 3368; x_wconf 77' lang='grc' dir='ltr'><strong>ο</strong></span> <span class='ocrx_word' id='word_1_528' title='bbox 2709 3338 2830 3390; x_wconf 75' lang='grc' dir='ltr'><strong>Οὐκ</strong></span> <span class='ocrx_word' id='word_1_529' title='bbox 2854 3333 3306 3404; x_wconf 48' lang='grc' dir='ltr'>ἐγκαταλείψεις</span> <span class='ocrx_word' id='word_1_530' title='bbox 3336 3330 3451 3399; x_wconf 78' lang='grc' dir='ltr'><strong>τὴν</strong></span> <span class='ocrx_word' id='word_1_531' title='bbox 3483 3333 3608 3399; x_wconf 60' lang='grc' dir='ltr'><strong>ψυ-</strong></span> 
     </span>
    </p>
   </div>
   <div class='ocr_carea' id='block_1_70' title="bbox 351 3421 1930 3496">
    <p class='ocr_par' dir='ltr' id='par_1_70' title="bbox 351 3421 1930 3496">
     <span class='ocr_line' id='line_1_70' title="bbox 351 3421 1930 3496; baseline 0.003 -22"><span class='ocrx_word' id='word_1_532' title='bbox 351 3433 504 3480; x_wconf 77' lang='lat' dir='ltr'><strong>tuum</strong></span> <span class='ocrx_word' id='word_1_533' title='bbox 533 3421 703 3476; x_wconf 78' lang='lat' dir='ltr'><strong>videre</strong></span> <span class='ocrx_word' id='word_1_534' title='bbox 729 3423 1114 3490; x_wconf 79' lang='lat' dir='ltr'><strong>corruptionem</strong></span> <span class='ocrx_word' id='word_1_535' title='bbox 1134 3423 1200 3480; x_wconf 73' lang='lat'><strong>&quot;.</strong></span> <span class='ocrx_word' id='word_1_536' title='bbox 1233 3423 1514 3496; x_wconf 88' lang='lat' dir='ltr'><strong>Siquidem</strong></span> <span class='ocrx_word' id='word_1_537' title='bbox 1543 3424 1771 3481; x_wconf 90' lang='lat' dir='ltr'><strong>decebat</strong></span> <span class='ocrx_word' id='word_1_538' title='bbox 1807 3440 1930 3479; x_wconf 81' lang='lat' dir='ltr'><strong>car-</strong></span> 
     </span>
    </p>
   </div>
   <div class='ocr_carea' id='block_1_71' title="bbox 354 3514 1928 3588">
    <p class='ocr_par' dir='ltr' id='par_1_71' title="bbox 354 3514 1928 3588">
     <span class='ocr_line' id='line_1_71' title="bbox 354 3514 1928 3588; baseline 0.004 -21"><span class='ocrx_word' id='word_1_539' title='bbox 354 3527 503 3578; x_wconf 85' lang='lat' dir='ltr'><strong>nem,</strong></span> <span class='ocrx_word' id='word_1_540' title='bbox 541 3528 666 3584; x_wconf 74' lang='lat' dir='ltr'><strong>qua:</strong></span> <span class='ocrx_word' id='word_1_541' title='bbox 708 3514 1046 3584; x_wconf 90' lang='lat' dir='ltr'><strong>corruptioni</strong></span> <span class='ocrx_word' id='word_1_542' title='bbox 1089 3524 1208 3570; x_wconf 88' lang='lat' dir='ltr'><strong>erat</strong></span> <span class='ocrx_word' id='word_1_543' title='bbox 1245 3517 1503 3582; x_wconf 81' lang='lat' dir='ltr'><strong>obnoxia,</strong></span> <span class='ocrx_word' id='word_1_544' title='bbox 1542 3533 1650 3573; x_wconf 91' lang='lat' dir='ltr'><strong>non</strong></span> <span class='ocrx_word' id='word_1_545' title='bbox 1694 3518 1928 3588; x_wconf 89' lang='lat' dir='ltr'><strong>amplius</strong></span> 
     </span>
    </p>
   </div>
   <div class='ocr_carea' id='block_1_72' title="bbox 353 3607 1927 3680">
    <p class='ocr_par' dir='ltr' id='par_1_72' title="bbox 353 3607 1927 3680">
     <span class='ocr_line' id='line_1_72' title="bbox 353 3607 1927 3680; baseline 0.004 -21"><span class='ocrx_word' id='word_1_546' title='bbox 353 3621 454 3676; x_wconf 80' lang='lat' dir='ltr'><strong>pro</strong></span> <span class='ocrx_word' id='word_1_547' title='bbox 475 3615 671 3661; x_wconf 86' lang='lat' dir='ltr'><strong>natura</strong></span> <span class='ocrx_word' id='word_1_548' title='bbox 699 3621 800 3661; x_wconf 85' lang='lat' dir='ltr'><strong>sua</strong></span> <span class='ocrx_word' id='word_1_549' title='bbox 829 3607 1110 3663; x_wconf 88' lang='lat' dir='ltr'><strong>mortalem</strong></span> <span class='ocrx_word' id='word_1_550' title='bbox 1140 3623 1383 3674; x_wconf 86' lang='lat' dir='ltr'><strong>manere,</strong></span> <span class='ocrx_word' id='word_1_551' title='bbox 1421 3609 1515 3665; x_wconf 87' lang='lat' dir='ltr'><strong>sed</strong></span> <span class='ocrx_word' id='word_1_552' title='bbox 1546 3619 1766 3680; x_wconf 89' lang='lat' dir='ltr'><strong>propter</strong></span> <span class='ocrx_word' id='word_1_553' title='bbox 1790 3610 1927 3665; x_wconf 87' lang='lat' dir='ltr'><strong>Ver-</strong></span> 
     </span>
    </p>
   </div>
   <div class='ocr_carea' id='block_1_73' title="bbox 353 3697 1926 3772">
    <p class='ocr_par' dir='ltr' id='par_1_73' title="bbox 353 3697 1926 3772">
     <span class='ocr_line' id='line_1_73' title="bbox 353 3697 1926 3772; baseline 0.003 -20"><span class='ocrx_word' id='word_1_554' title='bbox 353 3697 509 3762; x_wconf 85' lang='lat' dir='ltr'><strong>bum,</strong></span> <span class='ocrx_word' id='word_1_555' title='bbox 554 3697 700 3768; x_wconf 88' lang='lat' dir='ltr'><strong>quod</strong></span> <span class='ocrx_word' id='word_1_556' title='bbox 743 3698 892 3752; x_wconf 86' lang='lat' dir='ltr'><strong>illam</strong></span> <span class='ocrx_word' id='word_1_557' title='bbox 926 3697 1204 3765; x_wconf 89' lang='lat' dir='ltr'><strong>induerat,</strong></span> <span class='ocrx_word' id='word_1_558' title='bbox 1243 3701 1615 3771; x_wconf 85' lang='lat' dir='ltr'><strong>corruptionis</strong></span> <span class='ocrx_word' id='word_1_559' title='bbox 1650 3711 1926 3772; x_wconf 78' lang='lat' dir='ltr'><strong>expertem</strong></span> 
     </span>
    </p>
   </div>
   <div class='ocr_carea' id='block_1_74' title="bbox 351 3783 1928 3859">
    <p class='ocr_par' dir='ltr' id='par_1_74' title="bbox 351 3783 1928 3859">
     <span class='ocr_line' id='line_1_74' title="bbox 351 3783 1928 3859; baseline 0.002 -16"><span class='ocrx_word' id='word_1_560' title='bbox 351 3801 502 3843; x_wconf 82' lang='lat' dir='ltr'><strong>esse.</strong></span> <span class='ocrx_word' id='word_1_561' title='bbox 535 3783 672 3841; x_wconf 90' lang='lat' dir='ltr'><strong>Nam</strong></span> <span class='ocrx_word' id='word_1_562' title='bbox 705 3795 767 3841; x_wconf 91' lang='lat' dir='ltr'><strong>ut</strong></span> <span class='ocrx_word' id='word_1_563' title='bbox 806 3785 945 3856; x_wconf 90' lang='lat' dir='ltr'><strong>ipse,</strong></span> <span class='ocrx_word' id='word_1_564' title='bbox 973 3796 1164 3842; x_wconf 83' lang='lat' dir='ltr'><strong>nostro</strong></span> <span class='ocrx_word' id='word_1_565' title='bbox 1192 3799 1416 3859; x_wconf 88' lang='lat' dir='ltr'><strong>accepto</strong></span> <span class='ocrx_word' id='word_1_566' title='bbox 1447 3805 1699 3859; x_wconf 86' lang='lat' dir='ltr'><strong>corpore,</strong></span> <span class='ocrx_word' id='word_1_567' title='bbox 1741 3802 1928 3847; x_wconf 86' lang='lat' dir='ltr'><strong>nostra</strong></span> 
     </span>
    </p>
   </div>
   <div class='ocr_carea' id='block_1_75' title="bbox 351 3877 1930 3948">
    <p class='ocr_par' dir='ltr' id='par_1_75' title="bbox 351 3877 1930 3948">
     <span class='ocr_line' id='line_1_75' title="bbox 351 3877 1930 3948; baseline 0.003 -16"><span class='ocrx_word' id='word_1_568' title='bbox 351 3886 440 3934; x_wconf 88' lang='lat' dir='ltr'><strong>est</strong></span> <span class='ocrx_word' id='word_1_569' title='bbox 475 3879 718 3933; x_wconf 86' lang='lat' dir='ltr'><strong>imitatus</strong></span> <span class='ocrx_word' id='word_1_570' title='bbox 756 3895 771 3932; x_wconf 91' lang='lat'><strong>:</strong></span> <span class='ocrx_word' id='word_1_571' title='bbox 813 3877 889 3932; x_wconf 91' lang='lat' dir='ltr'><strong>ita</strong></span> <span class='ocrx_word' id='word_1_572' title='bbox 927 3892 1053 3943; x_wconf 86' lang='lat' dir='ltr'><strong>nos,</strong></span> <span class='ocrx_word' id='word_1_573' title='bbox 1088 3890 1346 3948; x_wconf 87' lang='lat' dir='ltr'><strong>suscepto</strong></span> <span class='ocrx_word' id='word_1_574' title='bbox 1374 3878 1572 3948; x_wconf 85' lang='lat' dir='ltr'><strong>Verbo,</strong></span> <span class='ocrx_word' id='word_1_575' title='bbox 1606 3881 1930 3937; x_wconf 87' lang='lat' dir='ltr'><strong>immortali-</strong></span> 
     </span>
    </p>
   </div>
   <div class='ocr_carea' id='block_1_76' title="bbox 351 3969 1392 4042">
    <p class='ocr_par' dir='ltr' id='par_1_76' title="bbox 351 3969 1392 4042">
     <span class='ocr_line' id='line_1_76' title="bbox 351 3969 1392 4042; baseline -0.001 -14"><span class='ocrx_word' id='word_1_576' title='bbox 351 3970 482 4028; x_wconf 75' lang='lat' dir='ltr'><strong>tatis</strong></span> <span class='ocrx_word' id='word_1_577' title='bbox 521 3969 764 4042; x_wconf 86' lang='lat' dir='ltr'><strong>ejusdem</strong></span> <span class='ocrx_word' id='word_1_578' title='bbox 795 3970 1086 4041; x_wconf 86' lang='lat' dir='ltr'><strong>participes</strong></span> <span class='ocrx_word' id='word_1_579' title='bbox 1106 3970 1392 4027; x_wconf 71' lang='lat' dir='ltr'><strong>efﬁcimur.</strong></span> 
     </span>
    </p>
   </div>
   <div class='ocr_carea' id='block_1_77' title="bbox 428 4153 1934 4226">
    <p class='ocr_par' dir='ltr' id='par_1_77' title="bbox 428 4153 1934 4226">
     <span class='ocr_line' id='line_1_77' title="bbox 428 4153 1934 4226; baseline -0.001 -15"><span class='ocrx_word' id='word_1_580' title='bbox 428 4155 516 4211; x_wconf 81' lang='lat'><strong>58.</strong></span> <span class='ocrx_word' id='word_1_581' title='bbox 557 4153 783 4211; x_wconf 83' lang='lat' dir='ltr'><strong>Frustra</strong></span> <span class='ocrx_word' id='word_1_582' title='bbox 810 4170 940 4225; x_wconf 76' lang='lat' dir='ltr'><strong>ergo</strong></span> <span class='ocrx_word' id='word_1_583' title='bbox 971 4154 1287 4212; x_wconf 85' lang='lat' dir='ltr'><strong>scandalum</strong></span> <span class='ocrx_word' id='word_1_584' title='bbox 1317 4155 1428 4226; x_wconf 90' lang='lat' dir='ltr'><strong>pati</strong></span> <span class='ocrx_word' id='word_1_585' title='bbox 1457 4155 1738 4223; x_wconf 88' lang='lat' dir='ltr'><strong>simulant,</strong></span> <span class='ocrx_word' id='word_1_586' title='bbox 1774 4163 1830 4211; x_wconf 86' lang='lat' dir='ltr'><strong>et</strong></span> <span class='ocrx_word' id='word_1_587' title='bbox 1855 4155 1934 4209; x_wconf 90' lang='lat' dir='ltr'><strong>vi-</strong></span> 
     </span>
    </p>
   </div>
   <div class='ocr_carea' id='block_1_78' title="bbox 355 4245 1934 4318">
    <p class='ocr_par' dir='ltr' id='par_1_78' title="bbox 355 4245 1934 4318">
     <span class='ocr_line' id='line_1_78' title="bbox 355 4245 1934 4318; baseline 0.001 -16"><span class='ocrx_word' id='word_1_588' title='bbox 355 4247 440 4302; x_wconf 84' lang='lat' dir='ltr'><strong>lia.</strong></span> <span class='ocrx_word' id='word_1_589' title='bbox 455 4246 524 4302; x_wconf 91' lang='lat' dir='ltr'><strong>de</strong></span> <span class='ocrx_word' id='word_1_590' title='bbox 548 4245 726 4302; x_wconf 83' lang='lat' dir='ltr'><strong>Verbo</strong></span> <span class='ocrx_word' id='word_1_591' title='bbox 755 4247 996 4303; x_wconf 90' lang='lat' dir='ltr'><strong>sentiunt</strong></span> <span class='ocrx_word' id='word_1_592' title='bbox 1028 4247 1239 4312; x_wconf 82' lang='lat' dir='ltr'><strong>Ariani,</strong></span> <span class='ocrx_word' id='word_1_593' title='bbox 1266 4247 1412 4317; x_wconf 90' lang='lat' dir='ltr'><strong>quod</strong></span> <span class='ocrx_word' id='word_1_594' title='bbox 1442 4247 1619 4318; x_wconf 90' lang='lat' dir='ltr'><strong>ipsum</strong></span> <span class='ocrx_word' id='word_1_595' title='bbox 1650 4248 1934 4318; x_wconf 88' lang='lat' dir='ltr'><strong>perturba-</strong></span> 
     </span>
    </p>
   </div>
   <div class='ocr_carea' id='block_1_79' title="bbox 2024 3422 3606 3498">
    <p class='ocr_par' dir='ltr' id='par_1_79' title="bbox 2024 3422 3606 3498">
     <span class='ocr_line' id='line_1_79' title="bbox 2024 3422 3606 3498; baseline -0.004 -16"><span class='ocrx_word' id='word_1_596' title='bbox 2024 3427 2144 3498; x_wconf 79' lang='grc' dir='ltr'><strong>κῆν</strong></span> <span class='ocrx_word' id='word_1_597' title='bbox 2162 3445 2280 3498; x_wconf 84' lang='grc' dir='ltr'><strong>μου</strong></span> <span class='ocrx_word' id='word_1_598' title='bbox 2304 3431 2391 3494; x_wconf 81' lang='grc' dir='ltr'><strong>είς</strong></span> <span class='ocrx_word' id='word_1_599' title='bbox 2413 3426 2568 3495; x_wconf 80' lang='grc' dir='ltr'>ᾅδην</span> <span class='ocrx_word' id='word_1_600' title='bbox 2587 3425 2718 3496; x_wconf 87' lang='grc'>(90),</span> <span class='ocrx_word' id='word_1_601' title='bbox 2747 3423 2889 3478; x_wconf 82' lang='grc' dir='ltr'>οὐδὲ</span> <span class='ocrx_word' id='word_1_602' title='bbox 2912 3422 3124 3488; x_wconf 81' lang='grc' dir='ltr'>δώσεις</span> <span class='ocrx_word' id='word_1_603' title='bbox 3147 3422 3462 3477; x_wconf 78' lang='grc' dir='ltr'><strong>τὸνὌο-ιόν</strong></span> <span class='ocrx_word' id='word_1_604' title='bbox 3485 3439 3606 3476; x_wconf 85' lang='grc' dir='ltr'><strong>σου</strong></span> 
     </span>
    </p>
   </div>
   <div class='ocr_carea' id='block_1_80' title="bbox 2027 3509 3605 3590">
    <p class='ocr_par' dir='ltr' id='par_1_80' title="bbox 2027 3509 3605 3590">
     <span class='ocr_line' id='line_1_80' title="bbox 2027 3509 3605 3590; baseline -0.005 -17"><span class='ocrx_word' id='word_1_605' title='bbox 2027 3520 2175 3574; x_wconf 68' lang='grc' dir='ltr'>ἰδεῖν</span> <span class='ocrx_word' id='word_1_606' title='bbox 2201 3516 2553 3588; x_wconf 71' lang='grc' dir='ltr'>διαφθοράν.</span> <span class='ocrx_word' id='word_1_607' title='bbox 2592 3517 2839 3587; x_wconf 83' lang='grc' dir='ltr'>Ἔπρεπε</span> <span class='ocrx_word' id='word_1_608' title='bbox 2871 3515 3008 3586; x_wconf 69' lang='grc' dir='ltr'>γὰρ,</span> <span class='ocrx_word' id='word_1_609' title='bbox 3035 3513 3281 3590; x_wconf 79' lang='grc' dir='ltr'>φθαρτὴν</span> <span class='ocrx_word' id='word_1_610' title='bbox 3311 3509 3478 3566; x_wconf 82' lang='grc' dir='ltr'>οὖσαν</span> <span class='ocrx_word' id='word_1_611' title='bbox 3503 3514 3605 3582; x_wconf 77' lang='grc' dir='ltr'>τὴν</span> 
     </span>
    </p>
   </div>
   <div class='ocr_carea' id='block_1_81' title="bbox 2027 3603 3608 3685">
    <p class='ocr_par' dir='ltr' id='par_1_81' title="bbox 2027 3603 3608 3685">
     <span class='ocr_line' id='line_1_81' title="bbox 2027 3603 3608 3685; baseline -0.007 -19"><span class='ocrx_word' id='word_1_612' title='bbox 2027 3613 2225 3685; x_wconf 84' lang='grc' dir='ltr'>σάρκα,</span> <span class='ocrx_word' id='word_1_613' title='bbox 2263 3611 2459 3683; x_wconf 80' lang='grc' dir='ltr'>μηκέτι</span> <span class='ocrx_word' id='word_1_614' title='bbox 2501 3608 2644 3670; x_wconf 81' lang='grc' dir='ltr'><strong>κατά</strong></span> <span class='ocrx_word' id='word_1_615' title='bbox 2679 3607 2779 3679; x_wconf 78' lang='grc' dir='ltr'>τὴν</span> <span class='ocrx_word' id='word_1_616' title='bbox 2823 3607 3023 3680; x_wconf 77' lang='grc' dir='ltr'>ἑαυτῆς</span> <span class='ocrx_word' id='word_1_617' title='bbox 3063 3605 3222 3676; x_wconf 82' lang='grc' dir='ltr'>φύσιν</span> <span class='ocrx_word' id='word_1_618' title='bbox 3259 3606 3438 3675; x_wconf 76' lang='grc' dir='ltr'>μένειν</span> <span class='ocrx_word' id='word_1_619' title='bbox 3476 3603 3608 3673; x_wconf 71' lang='grc' dir='ltr'>θνη-</span> 
     </span>
    </p>
   </div>
   <div class='ocr_carea' id='block_1_82' title="bbox 2025 3696 3604 3776">
    <p class='ocr_par' dir='ltr' id='par_1_82' title="bbox 2025 3696 3604 3776">
     <span class='ocr_line' id='line_1_82' title="bbox 2025 3696 3604 3776; baseline -0.008 -17"><span class='ocrx_word' id='word_1_620' title='bbox 2025 3705 2145 3776; x_wconf 81' lang='grc' dir='ltr'>τὴν,</span> <span class='ocrx_word' id='word_1_621' title='bbox 2173 3703 2309 3759; x_wconf 87' lang='grc' dir='ltr'><strong>ἀλλά</strong></span> <span class='ocrx_word' id='word_1_622' title='bbox 2327 3703 2415 3757; x_wconf 87' lang='grc' dir='ltr'><strong>διά</strong></span> <span class='ocrx_word' id='word_1_623' title='bbox 2437 3703 2526 3756; x_wconf 81' lang='grc' dir='ltr'>τὸν</span> <span class='ocrx_word' id='word_1_624' title='bbox 2557 3701 2914 3772; x_wconf 81' lang='grc' dir='ltr'>ὲνδυσάμενον</span> <span class='ocrx_word' id='word_1_625' title='bbox 2934 3699 3102 3774; x_wconf 80' lang='grc' dir='ltr'>αὐτὴν</span> <span class='ocrx_word' id='word_1_626' title='bbox 3124 3699 3293 3767; x_wconf 79' lang='grc' dir='ltr'>Λόγον</span> <span class='ocrx_word' id='word_1_627' title='bbox 3325 3696 3604 3773; x_wconf 75' lang='grc' dir='ltr'>ἄφθαρτον</span> 
     </span>
    </p>
   </div>
   <div class='ocr_carea' id='block_1_83' title="bbox 2027 3785 3606 3867">
    <p class='ocr_par' dir='ltr' id='par_1_83' title="bbox 2027 3785 3606 3867">
     <span class='ocr_line' id='line_1_83' title="bbox 2027 3785 3606 3867; baseline -0.008 -17"><span class='ocrx_word' id='word_1_628' title='bbox 2027 3795 2322 3867; x_wconf 81' lang='grc' dir='ltr'>διαμένειν.</span> <span class='ocrx_word' id='word_1_629' title='bbox 2361 3793 2450 3856; x_wconf 81' lang='grc' dir='ltr'>Ὦς</span> <span class='ocrx_word' id='word_1_630' title='bbox 2475 3791 2586 3864; x_wconf 78' lang='grc' dir='ltr'><strong>γάρ</strong></span> <span class='ocrx_word' id='word_1_631' title='bbox 2614 3791 2796 3854; x_wconf 76' lang='grc' dir='ltr'>αὐτὸς,</span> <span class='ocrx_word' id='word_1_632' title='bbox 2825 3790 3114 3860; x_wconf 87' lang='grc' dir='ltr'>γενόμενος</span> <span class='ocrx_word' id='word_1_633' title='bbox 3140 3791 3198 3841; x_wconf 84' lang='grc' dir='ltr'>ἐν</span> <span class='ocrx_word' id='word_1_634' title='bbox 3217 3787 3294 3857; x_wconf 81' lang='grc' dir='ltr'>τῷ</span> <span class='ocrx_word' id='word_1_635' title='bbox 3319 3785 3475 3857; x_wconf 84' lang='grc' dir='ltr'>ἡμῶν</span> <span class='ocrx_word' id='word_1_636' title='bbox 3507 3786 3606 3839; x_wconf 84' lang='grc' dir='ltr'><strong>σώ-</strong></span> 
     </span>
    </p>
   </div>
   <div class='ocr_carea' id='block_1_84' title="bbox 2032 3876 3605 3959">
    <p class='ocr_par' dir='ltr' id='par_1_84' title="bbox 2032 3876 3605 3959">
     <span class='ocr_line' id='line_1_84' title="bbox 2032 3876 3605 3959; baseline -0.014 -17"><span class='ocrx_word' id='word_1_637' title='bbox 2032 3905 2161 3959; x_wconf 85' lang='grc' dir='ltr'>ματι</span> <span class='ocrx_word' id='word_1_638' title='bbox 2188 3885 2326 3956; x_wconf 86' lang='grc'>(91),</span> <span class='ocrx_word' id='word_1_639' title='bbox 2351 3885 2422 3939; x_wconf 82' lang='grc' dir='ltr'><strong>τὰ.</strong></span> <span class='ocrx_word' id='word_1_640' title='bbox 2442 3883 2614 3955; x_wconf 80' lang='grc' dir='ltr'>ἡμῶν</span> <span class='ocrx_word' id='word_1_641' title='bbox 2632 3883 2964 3955; x_wconf 73' lang='grc' dir='ltr'>ἐμιμήσατο,</span> <span class='ocrx_word' id='word_1_642' title='bbox 3002 3881 3174 3944; x_wconf 75' lang='grc' dir='ltr'>οὕτως</span> <span class='ocrx_word' id='word_1_643' title='bbox 3221 3881 3380 3957; x_wconf 76' lang='grc' dir='ltr'>ἡμεῖς</span> <span class='ocrx_word' id='word_1_644' title='bbox 3399 3921 3414 3944; x_wconf 81' lang='lat'><strong>,</strong></span> <span class='ocrx_word' id='word_1_645' title='bbox 3437 3876 3605 3948; x_wconf 45' lang='lat'><strong>53%-</strong></span> 
     </span>
    </p>
   </div>
   <div class='ocr_carea' id='block_1_85' title="bbox 2033 3970 3604 4049">
    <p class='ocr_par' dir='ltr' id='par_1_85' title="bbox 2033 3970 3604 4049">
     <span class='ocr_line' id='line_1_85' title="bbox 2033 3970 3604 4049; baseline -0.005 -18"><span class='ocrx_word' id='word_1_646' title='bbox 2033 3995 2184 4049; x_wconf 87' lang='grc' dir='ltr'>μενοι</span> <span class='ocrx_word' id='word_1_647' title='bbox 2205 3977 2388 4041; x_wconf 82' lang='grc' dir='ltr'>αὐτὸν,</span> <span class='ocrx_word' id='word_1_648' title='bbox 2409 3976 2510 4047; x_wconf 83' lang='grc' dir='ltr'>τῆς</span> <span class='ocrx_word' id='word_1_649' title='bbox 2535 3977 2670 4047; x_wconf 86' lang='grc' dir='ltr'>παρ’</span> <span class='ocrx_word' id='word_1_650' title='bbox 2693 3974 2904 4029; x_wconf 79' lang='grc' dir='ltr'>ἐκείνου</span> <span class='ocrx_word' id='word_1_651' title='bbox 2957 3971 3446 4045; x_wconf 60' lang='grc' dir='ltr'>μεταλαμβάνομεν</span> <span class='ocrx_word' id='word_1_652' title='bbox 3476 3970 3604 4024; x_wconf 86' lang='grc' dir='ltr'>ἀθα-</span> 
     </span>
    </p>
   </div>
   <div class='ocr_carea' id='block_1_86' title="bbox 2031 4070 2245 4134">
    <p class='ocr_par' dir='ltr' id='par_1_86' title="bbox 2031 4070 2245 4134">
     <span class='ocr_line' id='line_1_86' title="bbox 2031 4070 2245 4134; baseline -0.009 -8"><span class='ocrx_word' id='word_1_653' title='bbox 2031 4070 2245 4134; x_wconf 85' lang='grc' dir='ltr'>νασίας.</span> 
     </span>
    </p>
   </div>
   <div class='ocr_carea' id='block_1_87' title="bbox 2103 4150 3624 4232">
    <p class='ocr_par' dir='ltr' id='par_1_87' title="bbox 2103 4150 3624 4232">
     <span class='ocr_line' id='line_1_87' title="bbox 2103 4150 3624 4232; baseline -0.01 -16"><span class='ocrx_word' id='word_1_654' title='bbox 2103 4161 2190 4217; x_wconf 83' lang='lat'><strong>58.</strong></span> <span class='ocrx_word' id='word_1_655' title='bbox 2218 4161 2412 4232; x_wconf 84' lang='grc' dir='ltr'>Μάτην</span> <span class='ocrx_word' id='word_1_656' title='bbox 2455 4158 2635 4212; x_wconf 85' lang='grc' dir='ltr'>τοίνυν</span> <span class='ocrx_word' id='word_1_657' title='bbox 2673 4155 3116 4220; x_wconf 80' lang='grc' dir='ltr'>σκανδαλίζεσθαι</span> <span class='ocrx_word' id='word_1_658' title='bbox 3162 4150 3624 4224; x_wconf 66' lang='grc' dir='ltr'>προσποιοῦνται,,</span> 
     </span>
    </p>
   </div>
   <div class='ocr_carea' id='block_1_88' title="bbox 2033 4239 3601 4321">
    <p class='ocr_par' dir='ltr' id='par_1_88' title="bbox 2033 4239 3601 4321">
     <span class='ocr_line' id='line_1_88' title="bbox 2033 4239 3601 4321; baseline -0.01 -15"><span class='ocrx_word' id='word_1_659' title='bbox 2033 4253 2130 4306; x_wconf 73' lang='grc' dir='ltr'><strong>καὶ</strong></span> <span class='ocrx_word' id='word_1_660' title='bbox 2163 4249 2336 4321; x_wconf 85' lang='grc' dir='ltr'>μικρά</span> <span class='ocrx_word' id='word_1_661' title='bbox 2361 4247 2575 4302; x_wconf 80' lang='grc' dir='ltr'>νοοῦσιν</span> <span class='ocrx_word' id='word_1_662' title='bbox 2609 4248 2660 4300; x_wconf 77' lang='lat' dir='ltr'><strong>oi</strong></span> <span class='ocrx_word' id='word_1_663' title='bbox 2693 4247 3092 4318; x_wconf 70' lang='grc' dir='ltr'>’Δρειομανῗίται</span> <span class='ocrx_word' id='word_1_664' title='bbox 3127 4242 3254 4313; x_wconf 69' lang='grc' dir='ltr'>περὶ</span> <span class='ocrx_word' id='word_1_665' title='bbox 3286 4239 3601 4308; x_wconf 78' lang='grc' dir='ltr'>τοῦΛόγου,</span> 
     </span>
    </p>
   </div>
   <div class='ocr_carea' id='block_1_89' title="bbox 359 4327 1927 4412">
    <p class='ocr_par' dir='ltr' id='par_1_89' title="bbox 359 4336 1927 4408">
     <span class='ocr_line' id='line_1_89' title="bbox 359 4336 1927 4408; baseline -0.001 -13"><span class='ocrx_word' id='word_1_666' title='bbox 359 4349 475 4395; x_wconf 89' lang='lat' dir='ltr'><strong>tum</strong></span> <span class='ocrx_word' id='word_1_667' title='bbox 520 4339 694 4395; x_wconf 77' lang='lat' dir='ltr'><strong>fuisse</strong></span> <span class='ocrx_word' id='word_1_668' title='bbox 738 4347 796 4394; x_wconf 92' lang='lat' dir='ltr'><strong>et</strong></span> <span class='ocrx_word' id='word_1_669' title='bbox 835 4338 1052 4394; x_wconf 86' lang='lat' dir='ltr'><strong>ﬂevisse</strong></span> <span class='ocrx_word' id='word_1_670' title='bbox 1101 4337 1362 4408; x_wconf 88' lang='lat' dir='ltr'><strong>scriptum</strong></span> <span class='ocrx_word' id='word_1_671' title='bbox 1398 4337 1490 4394; x_wconf 86' lang='lat' dir='ltr'><strong>sit.</strong></span> <span class='ocrx_word' id='word_1_672' title='bbox 1525 4336 1666 4394; x_wconf 84' lang='lat' dir='ltr'><strong>Hinc</strong></span> <span class='ocrx_word' id='word_1_673' title='bbox 1691 4339 1834 4394; x_wconf 90' lang='lat' dir='ltr'><strong>enim</strong></span> <span class='ocrx_word' id='word_1_674' title='bbox 1866 4354 1927 4394; x_wconf 83' lang='lat' dir='ltr'><strong>ne</strong></span> 
     </span>
    </p>
   </div>
   <div class='ocr_carea' id='block_1_90' title="bbox 2031 4327 3604 4412">
    <p class='ocr_par' dir='ltr' id='par_1_90' title="bbox 2035 4327 3604 4412">
     <span class='ocr_line' id='line_1_90' title="bbox 2035 4327 3604 4412; baseline -0.009 -19"><span class='ocrx_word' id='word_1_675' title='bbox 2035 4341 2084 4394; x_wconf 86' lang='grc' dir='ltr'><strong>εί</strong></span> <span class='ocrx_word' id='word_1_676' title='bbox 2115 4339 2442 4410; x_wconf 79' lang='grc' dir='ltr'>γέγραπται,</span> <span class='ocrx_word' id='word_1_677' title='bbox 2467 4334 2764 4407; x_wconf 74' lang='grc' dir='ltr'>ἐταράχθη,</span> <span class='ocrx_word' id='word_1_678' title='bbox 2801 4334 2895 4388; x_wconf 77' lang='grc' dir='ltr'><strong>καὶ</strong></span> <span class='ocrx_word' id='word_1_679' title='bbox 2922 4332 3200 4386; x_wconf 73' lang='grc' dir='ltr'>ἔκλαυσεν.</span> <span class='ocrx_word' id='word_1_680' title='bbox 3232 4329 3473 4412; x_wconf 83' lang='grc' dir='ltr'>Ἐοίκασι</span> <span class='ocrx_word' id='word_1_681' title='bbox 3494 4327 3604 4400; x_wconf 83' lang='grc' dir='ltr'><strong>γὰρ</strong></span> 
     </span>
    </p>
   </div>
   <div class='ocr_carea' id='block_1_91' title="bbox 358 4418 1927 4503">
    <p class='ocr_par' dir='ltr' id='par_1_91' title="bbox 358 4430 1927 4502">
     <span class='ocr_line' id='line_1_91' title="bbox 358 4430 1927 4502; baseline 0.001 -16"><span class='ocrx_word' id='word_1_682' title='bbox 358 4432 657 4487; x_wconf 88' lang='lat' dir='ltr'><strong>humanum</strong></span> <span class='ocrx_word' id='word_1_683' title='bbox 684 4431 902 4502; x_wconf 88' lang='lat' dir='ltr'><strong>quidem</strong></span> <span class='ocrx_word' id='word_1_684' title='bbox 943 4445 1163 4487; x_wconf 86' lang='lat' dir='ltr'><strong>sensum</strong></span> <span class='ocrx_word' id='word_1_685' title='bbox 1193 4430 1394 4486; x_wconf 84' lang='lat' dir='ltr'><strong>habere</strong></span> <span class='ocrx_word' id='word_1_686' title='bbox 1427 4430 1702 4498; x_wconf 89' lang='lat' dir='ltr'><strong>videntur,</strong></span> <span class='ocrx_word' id='word_1_687' title='bbox 1733 4431 1927 4501; x_wconf 86' lang='lat' dir='ltr'><strong>quippe</strong></span> 
     </span>
    </p>
   </div>
   <div class='ocr_carea' id='block_1_92' title="bbox 2031 4418 3631 4503">
    <p class='ocr_par' dir='ltr' id='par_1_92' title="bbox 2039 4418 3631 4503">
     <span class='ocr_line' id='line_1_92' title="bbox 2039 4418 3631 4503; baseline -0.009 -19"><span class='ocrx_word' id='word_1_688' title='bbox 2039 4430 2172 4503; x_wconf 84' lang='grc' dir='ltr'>μηδὲ</span> <span class='ocrx_word' id='word_1_689' title='bbox 2197 4428 2541 4499; x_wconf 83' lang='grc' dir='ltr'>ἀνθρωπίνην</span> <span class='ocrx_word' id='word_1_690' title='bbox 2564 4425 2817 4497; x_wconf 78' lang='grc' dir='ltr'>αἴσθησιν</span> <span class='ocrx_word' id='word_1_691' title='bbox 2839 4424 3003 4494; x_wconf 72' lang='grc' dir='ltr'>ἔχειν,</span> <span class='ocrx_word' id='word_1_692' title='bbox 3031 4420 3350 4491; x_wconf 84' lang='grc' dir='ltr'>ἀγνοοῦντες</span> <span class='ocrx_word' id='word_1_693' title='bbox 3375 4419 3473 4491; x_wconf 82' lang='grc' dir='ltr'>τὴν</span> <span class='ocrx_word' id='word_1_694' title='bbox 3489 4418 3631 4474; x_wconf 15' lang='grc' dir='ltr'><strong>,τῶν-</strong></span> 
     </span>
    </p>
   </div>
   <div class='ocr_carea' id='block_1_93' title="bbox 355 4524 1932 4600">
    <p class='ocr_par' dir='ltr' id='par_1_93' title="bbox 355 4524 1932 4600">
     <span class='ocr_line' id='line_1_93' title="bbox 355 4524 1932 4600; baseline -0.001 -20"><span class='ocrx_word' id='word_1_695' title='bbox 355 4525 453 4595; x_wconf 79' lang='lat' dir='ltr'><strong>qui</strong></span> <span class='ocrx_word' id='word_1_696' title='bbox 483 4525 766 4580; x_wconf 90' lang='lat' dir='ltr'><strong>hominum</strong></span> <span class='ocrx_word' id='word_1_697' title='bbox 799 4525 1050 4600; x_wconf 83' lang='lat' dir='ltr'><strong>ignorent</strong></span> <span class='ocrx_word' id='word_1_698' title='bbox 1086 4532 1335 4578; x_wconf 88' lang='lat' dir='ltr'><strong>naturam</strong></span> <span class='ocrx_word' id='word_1_699' title='bbox 1373 4530 1430 4577; x_wconf 91' lang='lat' dir='ltr'><strong>et</strong></span> <span class='ocrx_word' id='word_1_700' title='bbox 1454 4524 1831 4592; x_wconf 81' lang='lat' dir='ltr'><strong>proprietates,</strong></span> <span class='ocrx_word' id='word_1_701' title='bbox 1862 4524 1932 4578; x_wconf 94' lang='lat' dir='ltr'><strong>ob</strong></span> 
     </span>
    </p>
   </div>
   <div class='ocr_carea' id='block_1_94' title="bbox 353 4613 1924 4694">
    <p class='ocr_par' dir='ltr' id='par_1_94' title="bbox 353 4613 1924 4694">
     <span class='ocr_line' id='line_1_94' title="bbox 353 4613 1924 4694; baseline -0.003 -21"><span class='ocrx_word' id='word_1_702' title='bbox 353 4632 496 4689; x_wconf 80' lang='lat' dir='ltr'><strong>quas</strong></span> <span class='ocrx_word' id='word_1_703' title='bbox 524 4625 670 4694; x_wconf 82' lang='lat' dir='ltr'><strong>certe</strong></span> <span class='ocrx_word' id='word_1_704' title='bbox 695 4631 762 4671; x_wconf 93' lang='lat' dir='ltr'><strong>eo</strong></span> <span class='ocrx_word' id='word_1_705' title='bbox 789 4615 962 4686; x_wconf 80' lang='lat' dir='ltr'><strong>magis</strong></span> <span class='ocrx_word' id='word_1_706' title='bbox 1006 4613 1352 4670; x_wconf 87' lang='lat' dir='ltr'><strong>admirationi</strong></span> <span class='ocrx_word' id='word_1_707' title='bbox 1381 4628 1502 4670; x_wconf 85' lang='lat' dir='ltr'><strong>esse</strong></span> <span class='ocrx_word' id='word_1_708' title='bbox 1538 4613 1746 4679; x_wconf 88' lang='lat' dir='ltr'><strong>debuit,</strong></span> <span class='ocrx_word' id='word_1_709' title='bbox 1778 4614 1924 4684; x_wconf 92' lang='lat' dir='ltr'><strong>quod</strong></span> 
     </span>
    </p>
   </div>
   <div class='ocr_carea' id='block_1_95' title="bbox 1984 4511 3607 4588">
    <p class='ocr_par' dir='ltr' id='par_1_95' title="bbox 1984 4511 3607 4588">
     <span class='ocr_line' id='line_1_95' title="bbox 1984 4511 3607 4588; baseline -0.007 -11"><span class='ocrx_word' id='word_1_710' title='bbox 1984 4537 2002 4567; x_wconf 70' lang='grc' dir='ltr'><strong>ε</strong></span> <span class='ocrx_word' id='word_1_711' title='bbox 2036 4519 2338 4588; x_wconf 83' lang='grc' dir='ltr'>ἀνθρώπων</span> <span class='ocrx_word' id='word_1_712' title='bbox 2393 4519 2555 4588; x_wconf 88' lang='grc' dir='ltr'>φύσιν</span> <span class='ocrx_word' id='word_1_713' title='bbox 2602 4518 2697 4572; x_wconf 77' lang='grc' dir='ltr'>καὶ</span> <span class='ocrx_word' id='word_1_714' title='bbox 2725 4516 2794 4570; x_wconf 88' lang='grc' dir='ltr'><strong>τά</strong></span> <span class='ocrx_word' id='word_1_715' title='bbox 2841 4515 3044 4570; x_wconf 76' lang='grc' dir='ltr'>τούτων</span> <span class='ocrx_word' id='word_1_716' title='bbox 3081 4513 3219 4567; x_wconf 85' lang='grc' dir='ltr'>ῐδια·</span> <span class='ocrx_word' id='word_1_717' title='bbox 3277 4513 3344 4566; x_wconf 86' lang='grc' dir='ltr'><strong>δι’</strong></span> <span class='ocrx_word' id='word_1_718' title='bbox 3390 4511 3428 4565; x_wconf 78' lang='grc' dir='ltr'><strong>ἃ.</strong></span> <span class='ocrx_word' id='word_1_719' title='bbox 3469 4511 3607 4581; x_wconf 73' lang='grc' dir='ltr'>μᾶλ-</span> 
     </span>
    </p>
   </div>
   <div class='ocr_carea' id='block_1_96' title="bbox 2031 4601 3608 4683">
    <p class='ocr_par' dir='ltr' id='par_1_96' title="bbox 2031 4601 3608 4683">
     <span class='ocr_line' id='line_1_96' title="bbox 2031 4601 3608 4683; baseline -0.008 -17"><span class='ocrx_word' id='word_1_720' title='bbox 2031 4613 2120 4667; x_wconf 90' lang='grc' dir='ltr'><strong>λον</strong></span> <span class='ocrx_word' id='word_1_721' title='bbox 2151 4611 2259 4683; x_wconf 70' lang='lat'><strong>(92)</strong></span> <span class='ocrx_word' id='word_1_722' title='bbox 2309 4609 2417 4664; x_wconf 74' lang='grc' dir='ltr'>ἔδει</span> <span class='ocrx_word' id='word_1_723' title='bbox 2468 4607 2788 4680; x_wconf 77' lang='grc' dir='ltr'>θαυμάζειν,</span> <span class='ocrx_word' id='word_1_724' title='bbox 2843 4607 2926 4661; x_wconf 84' lang='grc' dir='ltr'>ὄτι</span> <span class='ocrx_word' id='word_1_725' title='bbox 2974 4607 3037 4660; x_wconf 82' lang='grc' dir='ltr'>ὲν</span> <span class='ocrx_word' id='word_1_726' title='bbox 3060 4601 3608 4677; x_wconf 11' lang='grc' dir='ltr'>τοιαύτῃιπασχούσῃ</span> 
     </span>
    </p>
   </div>
   <div class='ocr_carea' id='block_1_97' title="bbox 423 4725 1927 4798">
    <p class='ocr_par' dir='ltr' id='par_1_97' title="bbox 423 4726 1915 4798">
     <span class='ocr_line' id='line_1_97' title="bbox 423 4726 1915 4798; baseline 0.002 -13"><span class='ocrx_word' id='word_1_727' title='bbox 423 4732 471 4766; x_wconf 76' lang='grc'>⁸⁸</span> <span class='ocrx_word' id='word_1_728' title='bbox 497 4732 619 4787; x_wconf 86' lang='lat' dir='ltr'><strong>Act.</strong></span> <span class='ocrx_word' id='word_1_729' title='bbox 645 4747 702 4798; x_wconf 75' lang='grc' dir='ltr'>ν,</span> <span class='ocrx_word' id='word_1_730' title='bbox 729 4729 821 4786; x_wconf 76' lang='lat'><strong>29.</strong></span> <span class='ocrx_word' id='word_1_731' title='bbox 898 4731 944 4763; x_wconf 81' lang='grc'>⁸³</span> <span class='ocrx_word' id='word_1_732' title='bbox 979 4728 1139 4786; x_wconf 86' lang='lat' dir='ltr'><strong>Joan.</strong></span> <span class='ocrx_word' id='word_1_733' title='bbox 1167 4745 1270 4796; x_wconf 75' lang='lat' dir='ltr'><strong>Ill,</strong></span> <span class='ocrx_word' id='word_1_734' title='bbox 1307 4729 1398 4784; x_wconf 73' lang='lat'><strong>27.</strong></span> <span class='ocrx_word' id='word_1_735' title='bbox 1474 4728 1520 4760; x_wconf 82' lang='grc'>⁸³</span> <span class='ocrx_word' id='word_1_736' title='bbox 1549 4726 1709 4783; x_wconf 87' lang='lat' dir='ltr'><strong>Joan.</strong></span> <span class='ocrx_word' id='word_1_737' title='bbox 1739 4745 1794 4797; x_wconf 70' lang='grc' dir='ltr'><strong>ι,</strong></span> <span class='ocrx_word' id='word_1_738' title='bbox 1823 4731 1915 4788; x_wconf 87' lang='grc'>18.</span> 
     </span>
    </p>
   </div>
   <div class='ocr_carea' id='block_1_98' title="bbox 2031 4725 2456 4798">
    <p class='ocr_par' dir='ltr' id='par_1_98' title="bbox 2031 4725 2456 4792">
     <span class='ocr_line' id='line_1_98' title="bbox 2031 4725 2456 4792; baseline 0 -8"><span class='ocrx_word' id='word_1_739' title='bbox 2031 4747 2036 4760; x_wconf 69' lang='grc'><em>’</em></span> <span class='ocrx_word' id='word_1_740' title='bbox 2062 4729 2210 4786; x_wconf 87' lang='lat' dir='ltr'><strong>Psal.</strong></span> <span class='ocrx_word' id='word_1_741' title='bbox 2242 4742 2334 4792; x_wconf 80' lang='lat' dir='ltr'><strong>xv,</strong></span> <span class='ocrx_word' id='word_1_742' title='bbox 2365 4725 2456 4784; x_wconf 87' lang='grc'><strong>10.</strong></span> 
     </span>
    </p>
   </div>
   <div class='ocr_carea' id='block_1_99' title="bbox 431 4844 1926 4917">
    <p class='ocr_par' dir='ltr' id='par_1_99' title="bbox 431 4844 1926 4917">
     <span class='ocr_line' id='line_1_99' title="bbox 431 4844 1926 4917; baseline 0.001 -15"><span class='ocrx_word' id='word_1_743' title='bbox 431 4847 544 4917; x_wconf 76' lang='grc'>(84)</span> <span class='ocrx_word' id='word_1_744' title='bbox 603 4846 740 4904; x_wconf 89' lang='lat' dir='ltr'><strong>Vide</strong></span> <span class='ocrx_word' id='word_1_745' title='bbox 791 4846 1224 4904; x_wconf 88' lang='lat' dir='ltr'><strong>admonitionem</strong></span> <span class='ocrx_word' id='word_1_746' title='bbox 1273 4844 1331 4899; x_wconf 88' lang='lat' dir='ltr'><strong>in</strong></span> <span class='ocrx_word' id='word_1_747' title='bbox 1385 4845 1688 4901; x_wconf 89' lang='lat' dir='ltr'><strong>orationem</strong></span> <span class='ocrx_word' id='word_1_748' title='bbox 1740 4858 1926 4903; x_wconf 76' lang='lat' dir='ltr'><strong>contra</strong></span> 
     </span>
    </p>
   </div>
   <div class='ocr_carea' id='block_1_100' title="bbox 393 4930 557 4973">
    <p class='ocr_par' dir='ltr' id='par_1_100' title="bbox 393 4930 557 4973">
     <span class='ocr_line' id='line_1_100' title="bbox 393 4930 557 4973; baseline 0.012 -2"><span class='ocrx_word' id='word_1_749' title='bbox 393 4930 557 4973; x_wconf 71' lang='lat' dir='ltr'><strong>entes.</strong></span> 
     </span>
    </p>
   </div>
   <div class='ocr_carea' id='block_1_101' title="bbox 358 4933 1924 5060">
    <p class='ocr_par' dir='ltr' id='par_1_101' title="bbox 358 4933 1924 5060">
     <span class='ocr_line' id='line_1_101' title="bbox 358 4933 1924 5060; baseline -0.006 -10"><span class='ocrx_word' id='word_1_750' title='bbox 358 4933 565 5060; x_wconf 43' lang='lat' dir='ltr'><strong>aetat.)</strong></span> <span class='ocrx_word' id='word_1_751' title='bbox 601 4987 786 5060; x_wconf 42' lang='lat' dir='ltr'><strong>Remi</strong></span> <span class='ocrx_word' id='word_1_752' title='bbox 819 4997 897 5060; x_wconf 24' lang='lat' dir='ltr'><strong>et,</strong></span> <span class='ocrx_word' id='word_1_753' title='bbox 913 4986 1166 5060; x_wconf 43' lang='lat' dir='ltr'><strong>Seguer’v</strong></span> <span class='ocrx_word' id='word_1_754' title='bbox 1195 4988 1328 5046; x_wconf 81' lang='grc' dir='ltr'>οἵτε</span> <span class='ocrx_word' id='word_1_755' title='bbox 1357 4989 1524 5060; x_wconf 60' lang='lat' dir='ltr'><strong>tum.</strong></span> <span class='ocrx_word' id='word_1_756' title='bbox 1555 4986 1664 5041; x_wconf 88' lang='lat' dir='ltr'><strong>Alii</strong></span> <span class='ocrx_word' id='word_1_757' title='bbox 1685 4995 1740 5060; x_wconf 89' lang='lat' dir='ltr'><strong>e_t</strong></span> <span class='ocrx_word' id='word_1_758' title='bbox 1763 4986 1924 5060; x_wconf 82' lang='lat' dir='ltr'><strong>editi,</strong></span> 
     </span>
    </p>
   </div>
   <div class='ocr_carea' id='block_1_102' title="bbox 361 5055 1924 5128">
    <p class='ocr_par' dir='ltr' id='par_1_102' title="bbox 361 5055 1924 5128">
     <span class='ocr_line' id='line_1_102' title="bbox 361 5055 1924 5128; baseline 0.001 -19"><span class='ocrx_word' id='word_1_759' title='bbox 361 5059 411 5110; x_wconf 90' lang='grc' dir='ltr'>οἱ</span> <span class='ocrx_word' id='word_1_760' title='bbox 444 5055 501 5119; x_wconf 80' lang='grc' dir='ltr'>δὲ</span> <span class='ocrx_word' id='word_1_761' title='bbox 532 5055 707 5115; x_wconf 80' lang='grc' dir='ltr'>ἄλλοιῖ</span> <span class='ocrx_word' id='word_1_762' title='bbox 730 5058 852 5114; x_wconf 78' lang='lat' dir='ltr'><strong>Mox</strong></span> <span class='ocrx_word' id='word_1_763' title='bbox 873 5055 1014 5128; x_wconf 60' lang='lat' dir='ltr'><strong>Reg:</strong></span> <span class='ocrx_word' id='word_1_764' title='bbox 1039 5060 1094 5126; x_wconf 89' lang='grc'><strong>1,</strong></span> <span class='ocrx_word' id='word_1_765' title='bbox 1116 5057 1340 5126; x_wconf 79' lang='lat' dir='ltr'><strong>Seguer.</strong></span> <span class='ocrx_word' id='word_1_766' title='bbox 1370 5059 1589 5113; x_wconf 87' lang='lat' dir='ltr'><strong>Gobler.</strong></span> <span class='ocrx_word' id='word_1_767' title='bbox 1613 5065 1667 5110; x_wconf 94' lang='lat' dir='ltr'><strong>et</strong></span> <span class='ocrx_word' id='word_1_768' title='bbox 1691 5055 1847 5128; x_wconf 53' lang='lat' dir='ltr'><strong>Felc..</strong></span> <span class='ocrx_word' id='word_1_769' title='bbox 1869 5059 1924 5119; x_wconf 92' lang='grc'><strong>1,</strong></span> 
     </span>
    </p>
   </div>
   <div class='ocr_carea' id='block_1_103' title="bbox 363 5123 1783 5198">
    <p class='ocr_par' dir='ltr' id='par_1_103' title="bbox 363 5123 1783 5198">
     <span class='ocr_line' id='line_1_103' title="bbox 363 5123 1783 5198; baseline 0.001 -18"><span class='ocrx_word' id='word_1_770' title='bbox 363 5129 603 5198; x_wconf 83' lang='grc' dir='ltr'>νομίζειν</span> <span class='ocrx_word' id='word_1_771' title='bbox 631 5129 845 5193; x_wconf 85' lang='grc' dir='ltr'>αὐτούς.</span> <span class='ocrx_word' id='word_1_772' title='bbox 876 5123 981 5184; x_wconf 61' lang='lat' dir='ltr'><strong>Alli</strong></span> <span class='ocrx_word' id='word_1_773' title='bbox 1009 5137 1064 5184; x_wconf 82' lang='lat' dir='ltr'><strong>et</strong></span> <span class='ocrx_word' id='word_1_774' title='bbox 1080 5123 1244 5190; x_wconf 79' lang='lat' dir='ltr'><strong>editi,</strong></span> <span class='ocrx_word' id='word_1_775' title='bbox 1264 5128 1516 5198; x_wconf 74' lang='grc' dir='ltr'>νομίζειν</span> <span class='ocrx_word' id='word_1_776' title='bbox 1535 5125 1783 5198; x_wconf 77' lang='grc' dir='ltr'>ἑαυτούς.</span> 
     </span>
    </p>
   </div>
   <div class='ocr_carea' id='block_1_104' title="bbox 459 5196 1820 5268">
    <p class='ocr_par' dir='ltr' id='par_1_104' title="bbox 459 5196 1820 5268">
     <span class='ocr_line' id='line_1_104' title="bbox 459 5196 1820 5268; baseline -0.003 -16"><span class='ocrx_word' id='word_1_777' title='bbox 459 5199 546 5268; x_wconf 75' lang='lat'><strong>85)</strong></span> <span class='ocrx_word' id='word_1_778' title='bbox 587 5199 803 5262; x_wconf 88' lang='lat' dir='ltr'><strong>Gobler.</strong></span> <span class='ocrx_word' id='word_1_779' title='bbox 830 5209 886 5255; x_wconf 90' lang='lat' dir='ltr'><strong>et</strong></span> <span class='ocrx_word' id='word_1_780' title='bbox 916 5199 1060 5254; x_wconf 90' lang='lat' dir='ltr'><strong>Felc.</strong></span> <span class='ocrx_word' id='word_1_781' title='bbox 1095 5200 1120 5252; x_wconf 96' lang='grc'><strong>1</strong></span> <span class='ocrx_word' id='word_1_782' title='bbox 1154 5196 1411 5254; x_wconf 77' lang='lat' dir='ltr'><strong>omittunt</strong></span> <span class='ocrx_word' id='word_1_783' title='bbox 1427 5197 1520 5254; x_wconf 71' lang='grc' dir='ltr'><strong>τοῦ</strong></span> <span class='ocrx_word' id='word_1_784' title='bbox 1567 5196 1820 5268; x_wconf 69' lang='grc' dir='ltr'>θανάτου.</span> 
     </span>
    </p>
   </div>
   <div class='ocr_carea' id='block_1_105' title="bbox 460 5265 1934 5340">
    <p class='ocr_par' dir='ltr' id='par_1_105' title="bbox 460 5265 1934 5340">
     <span class='ocr_line' id='line_1_105' title="bbox 460 5265 1934 5340; baseline -0.001 -17"><span class='ocrx_word' id='word_1_785' title='bbox 460 5265 549 5340; x_wconf 83' lang='grc'>86)</span> <span class='ocrx_word' id='word_1_786' title='bbox 579 5269 712 5340; x_wconf 73' lang='lat' dir='ltr'><strong>Reg.</strong></span> <span class='ocrx_word' id='word_1_787' title='bbox 747 5271 772 5324; x_wconf 92' lang='grc'><strong>1</strong></span> <span class='ocrx_word' id='word_1_788' title='bbox 807 5280 862 5324; x_wconf 91' lang='lat' dir='ltr'><strong>et</strong></span> <span class='ocrx_word' id='word_1_789' title='bbox 898 5269 1286 5340; x_wconf 76' lang='lat' dir='ltr'><strong>Seguerianus,</strong></span> <span class='ocrx_word' id='word_1_790' title='bbox 1322 5268 1494 5332; x_wconf 70' lang='grc' dir='ltr'>οὕτως</span> <span class='ocrx_word' id='word_1_791' title='bbox 1529 5269 1616 5337; x_wconf 78' lang='grc' dir='ltr'>τῇ.</span> <span class='ocrx_word' id='word_1_792' title='bbox 1645 5265 1838 5322; x_wconf 65' lang='lat' dir='ltr'><strong>Caneri</strong></span> <span class='ocrx_word' id='word_1_793' title='bbox 1877 5275 1934 5321; x_wconf 92' lang='lat' dir='ltr'><strong>et</strong></span> 
     </span>
    </p>
   </div>
   <div class='ocr_carea' id='block_1_106' title="bbox 364 5338 940 5413">
    <p class='ocr_par' dir='ltr' id='par_1_106' title="bbox 364 5338 940 5413">
     <span class='ocr_line' id='line_1_106' title="bbox 364 5338 940 5413; baseline -0.003 -17"><span class='ocrx_word' id='word_1_794' title='bbox 364 5338 690 5413; x_wconf 42' lang='grc' dir='ltr'>εάἰςίὶἐίοᾷτω</span> <span class='ocrx_word' id='word_1_795' title='bbox 705 5341 815 5413; x_wconf 53' lang='lat' dir='ltr'><strong>gul.</strong></span> <span class='ocrx_word' id='word_1_796' title='bbox 849 5345 940 5413; x_wconf 82' lang='grc' dir='ltr'><strong>τῇ.</strong></span> 
     </span>
    </p>
   </div>
   <div class='ocr_carea' id='block_1_107' title="bbox 438 5405 1940 5484">
    <p class='ocr_par' dir='ltr' id='par_1_107' title="bbox 438 5405 1940 5484">
     <span class='ocr_line' id='line_1_107' title="bbox 438 5405 1940 5484; baseline 0 -20"><span class='ocrx_word' id='word_1_797' title='bbox 438 5410 550 5481; x_wconf 74' lang='grc' dir='ltr'>(8ἳ)</span> <span class='ocrx_word' id='word_1_798' title='bbox 581 5410 837 5482; x_wconf 73' lang='lat' dir='ltr'><strong>Sic&#39;Reg.</strong></span> <span class='ocrx_word' id='word_1_799' title='bbox 868 5405 918 5466; x_wconf 84' lang='grc'>1”</span> <span class='ocrx_word' id='word_1_800' title='bbox 941 5419 995 5466; x_wconf 91' lang='lat' dir='ltr'><strong>et</strong></span> <span class='ocrx_word' id='word_1_801' title='bbox 1024 5411 1249 5484; x_wconf 80' lang='lat' dir='ltr'><strong>Seguer.</strong></span> <span class='ocrx_word' id='word_1_802' title='bbox 1279 5406 1340 5464; x_wconf 88' lang='lat' dir='ltr'><strong>In</strong></span> <span class='ocrx_word' id='word_1_803' title='bbox 1387 5407 1511 5465; x_wconf 89' lang='lat' dir='ltr'><strong>aliis</strong></span> <span class='ocrx_word' id='word_1_804' title='bbox 1555 5414 1610 5463; x_wconf 88' lang='lat' dir='ltr'><strong>et</strong></span> <span class='ocrx_word' id='word_1_805' title='bbox 1639 5405 1802 5464; x_wconf 89' lang='lat' dir='ltr'><strong>editis</strong></span> <span class='ocrx_word' id='word_1_806' title='bbox 1841 5407 1940 5470; x_wconf 81' lang='grc' dir='ltr'><strong>καί</strong></span> 
     </span>
    </p>
   </div>
   <div class='ocr_carea' id='block_1_108' title="bbox 365 5482 1513 5691">
    <p class='ocr_par' dir='ltr' id='par_1_108' title="bbox 365 5482 1513 5691">
     <span class='ocr_line' id='line_1_108' title="bbox 365 5482 1513 5691; baseline 0.002 -89"><span class='ocrx_word' id='word_1_807' title='bbox 365 5482 555 5691; x_wconf 55' lang='grc' dir='ltr'>άθῖὲἓ)</span> <span class='ocrx_word' id='word_1_808' title='bbox 581 5545 691 5603; x_wconf 86' lang='grc' dir='ltr'>Ἦν</span> <span class='ocrx_word' id='word_1_809' title='bbox 715 5550 870 5607; x_wconf 86' lang='lat' dir='ltr'><strong>abest</strong></span> <span class='ocrx_word' id='word_1_810' title='bbox 896 5566 928 5607; x_wconf 87' lang='lat' dir='ltr'><strong>a</strong></span> <span class='ocrx_word' id='word_1_811' title='bbox 955 5550 1093 5678; x_wconf 50' lang='lat' dir='ltr'><strong>Reg3</strong></span> <span class='ocrx_word' id='word_1_812' title='bbox 1117 5551 1144 5606; x_wconf 88' lang='grc'><strong>1</strong></span> <span class='ocrx_word' id='word_1_813' title='bbox 1195 5563 1251 5606; x_wconf 90' lang='lat' dir='ltr'><strong>et</strong></span> <span class='ocrx_word' id='word_1_814' title='bbox 1285 5546 1513 5623; x_wconf 78' lang='lat' dir='ltr'><strong>Seguer.</strong></span> 
     </span>
     <span class='ocr_line' id='line_1_109' title="bbox 465 5619 1513 5691; baseline 0.004 -18"><span class='ocrx_word' id='word_1_815' title='bbox 465 5619 555 5691; x_wconf 84' lang='lat'><strong>89)</strong></span> <span class='ocrx_word' id='word_1_816' title='bbox 590 5620 683 5676; x_wconf 86' lang='lat' dir='ltr'><strong>Sic</strong></span> <span class='ocrx_word' id='word_1_817' title='bbox 710 5621 897 5691; x_wconf 77' lang='lat' dir='ltr'><strong>Reg.l</strong></span> <span class='ocrx_word' id='word_1_818' title='bbox 938 5629 994 5676; x_wconf 88' lang='lat' dir='ltr'><strong>et</strong></span> <span class='ocrx_word' id='word_1_819' title='bbox 1097 5636 1276 5685; x_wconf 62' lang='lat' dir='ltr'><strong>tmen,</strong></span> <span class='ocrx_word' id='word_1_820' title='bbox 1317 5630 1382 5691; x_wconf 77' lang='lat' dir='ltr'><strong>ut</strong></span> <span class='ocrx_word' id='word_1_821' title='bbox 1428 5631 1513 5677; x_wconf 71' lang='lat' dir='ltr'><strong>et‘</strong></span> 
     </span>
    </p>
   </div>
   <div class='ocr_carea' id='block_1_109' title="bbox 465 5619 994 5703">
    <p class='ocr_par' dir='ltr' id='par_1_109' title="bbox 465 5619 994 5703">
     <span class='ocr_line' id='line_1_110' title="bbox 465 5619 994 5703; baseline 0.006 -30"><span class='ocrx_word' id='word_1_822' title='bbox 465 5619 555 5702; x_wconf 86' lang='grc'><strong>89)</strong></span> <span class='ocrx_word' id='word_1_823' title='bbox 590 5620 683 5676; x_wconf 87' lang='lat' dir='ltr'><strong>Sic</strong></span> <span class='ocrx_word' id='word_1_824' title='bbox 710 5621 844 5703; x_wconf 60' lang='lat' dir='ltr'><strong>Res.</strong></span> <span class='ocrx_word' id='word_1_825' title='bbox 874 5623 897 5676; x_wconf 90' lang='grc'><strong>1</strong></span> <span class='ocrx_word' id='word_1_826' title='bbox 938 5629 994 5676; x_wconf 87' lang='lat' dir='ltr'><strong>et</strong></span> 
     </span>
    </p>
   </div>
   <div class='ocr_carea' id='block_1_110' title="bbox 2029 4830 3610 4930">
    <p class='ocr_par' dir='ltr' id='par_1_110' title="bbox 2029 4830 3610 4930">
     <span class='ocr_line' id='line_1_111' title="bbox 2029 4830 3610 4930; baseline -0.01 -32"><span class='ocrx_word' id='word_1_827' title='bbox 2029 4845 2240 4930; x_wconf 49' lang='lat' dir='ltr'><strong>qt‘ti’dem</strong></span> <span class='ocrx_word' id='word_1_828' title='bbox 2286 4839 2628 4930; x_wconf 63' lang='lat' dir='ltr'><strong>immortalis.</strong></span> <span class='ocrx_word' id='word_1_829' title='bbox 2678 4837 2786 4893; x_wconf 84' lang='lat' dir='ltr'><strong>Alii</strong></span> <span class='ocrx_word' id='word_1_830' title='bbox 2834 4845 3016 4891; x_wconf 88' lang='lat' dir='ltr'><strong>autem</strong></span> <span class='ocrx_word' id='word_1_831' title='bbox 3070 4841 3125 4889; x_wconf 91' lang='lat' dir='ltr'><strong>et</strong></span> <span class='ocrx_word' id='word_1_832' title='bbox 3153 4831 3306 4902; x_wconf 82' lang='lat' dir='ltr'><strong>editi,</strong></span> <span class='ocrx_word' id='word_1_833' title='bbox 3339 4830 3610 4901; x_wconf 68' lang='grc' dir='ltr'>δΚύριος</span> 
     </span>
    </p>
   </div>
   <div class='ocr_carea' id='block_1_111' title="bbox 2031 4911 3612 5067">
    <p class='ocr_par' dir='ltr' id='par_1_111' title="bbox 2031 4911 3612 5067">
     <span class='ocr_line' id='line_1_112' title="bbox 2031 4911 3523 4983; baseline -0.026 -8"><span class='ocrx_word' id='word_1_834' title='bbox 2031 4911 2296 4976; x_wconf 75' lang='grc' dir='ltr'>ἀθάνατος</span> <span class='ocrx_word' id='word_1_835' title='bbox 2323 4911 2419 4964; x_wconf 80' lang='grc' dir='ltr'><strong>ὢν.</strong></span> <span class='ocrx_word' id='word_1_836' title='bbox 3512 4971 3523 4983; x_wconf 53' lang='lat'><em>_</em></span> 
     </span>
     <span class='ocr_line' id='line_1_113' title="bbox 2081 4970 3612 5067; baseline -0.02 -23"><span class='ocrx_word' id='word_1_837' title='bbox 2081 4983 2212 5067; x_wconf 48' lang='grc'>,(90)</span> <span class='ocrx_word' id='word_1_838' title='bbox 2243 4982 2380 5067; x_wconf 58' lang='grc' dir='ltr'><strong>βεδε,νὲ</strong></span> <span class='ocrx_word' id='word_1_839' title='bbox 2413 4981 2440 5034; x_wconf 93' lang='grc'><strong>1</strong></span> <span class='ocrx_word' id='word_1_840' title='bbox 2481 4986 2534 5034; x_wconf 90' lang='lat' dir='ltr'><strong>et</strong></span> <span class='ocrx_word' id='word_1_841' title='bbox 2563 4976 2905 5049; x_wconf 79' lang='lat' dir='ltr'><strong>Seguerian.,</strong></span> <span class='ocrx_word' id='word_1_842' title='bbox 2923 4975 3004 5042; x_wconf 86' lang='grc' dir='ltr'><strong>εἰς</strong></span> <span class='ocrx_word' id='word_1_843' title='bbox 3029 4975 3122 5029; x_wconf 85' lang='grc' dir='ltr'>τὸν</span> <span class='ocrx_word' id='word_1_844' title='bbox 3150 4973 3302 5046; x_wconf 64' lang='grc' dir='ltr'>ᾅδην.</span> <span class='ocrx_word' id='word_1_845' title='bbox 3321 4970 3527 5050; x_wconf 61' lang='lat' dir='ltr'><strong>Calen</strong></span> <span class='ocrx_word' id='word_1_846' title='bbox 3556 4981 3612 5027; x_wconf 74' lang='grc' dir='ltr'>ει</span> 
     </span>
    </p>
   </div>
   <div class='ocr_carea' id='block_1_112' title="bbox 2029 5050 3609 5193">
    <p class='ocr_par' dir='ltr' id='par_1_112' title="bbox 2029 5050 3609 5193">
     <span class='ocr_line' id='line_1_114' title="bbox 2029 5050 3456 5126; baseline -0.013 -15"><span class='ocrx_word' id='word_1_847' title='bbox 2029 5050 2288 5118; x_wconf 58' lang='lat' dir='ltr'><strong>adimet;</strong></span> <span class='ocrx_word' id='word_1_848' title='bbox 2314 5050 2470 5122; x_wconf 72' lang='grc' dir='ltr'>ᾅδην.</span> <span class='ocrx_word' id='word_1_849' title='bbox 3233 5112 3260 5126; x_wconf 75' lang='lat'><em>_</em></span> <span class='ocrx_word' id='word_1_850' title='bbox 3428 5111 3456 5124; x_wconf 70' lang='lat'><strong><em>_</em></strong></span> 
     </span>
     <span class='ocr_line' id='line_1_115' title="bbox 2104 5111 3609 5193; baseline -0.011 -15"><span class='ocrx_word' id='word_1_851' title='bbox 2104 5121 2445 5193; x_wconf 44' lang='grc' dir='ltr'><strong>(θη-βοείας</strong></span> <span class='ocrx_word' id='word_1_852' title='bbox 2483 5117 2692 5190; x_wconf 91' lang='lat' dir='ltr'><strong>primus</strong></span> <span class='ocrx_word' id='word_1_853' title='bbox 2699 5125 2776 5193; x_wconf 82' lang='lat' dir='ltr'><strong>_et</strong></span> <span class='ocrx_word' id='word_1_854' title='bbox 2803 5115 3049 5193; x_wconf 50' lang='grc' dir='ltr'>δεμες..</span> <span class='ocrx_word' id='word_1_855' title='bbox 3084 5114 3154 5193; x_wconf 44' lang='grc' dir='ltr'>ἐν</span> <span class='ocrx_word' id='word_1_856' title='bbox 3192 5129 3270 5184; x_wconf 84' lang='grc' dir='ltr'>τῳ</span> <span class='ocrx_word' id='word_1_857' title='bbox 3295 5112 3466 5193; x_wconf 42' lang='lat' dir='ltr'><strong>“ad-rt?</strong></span> <span class='ocrx_word' id='word_1_858' title='bbox 3495 5111 3609 5193; x_wconf 48' lang='lat'><strong>&#39;61:)-</strong></span> 
     </span>
    </p>
   </div>
   <div class='ocr_carea' id='block_1_113' title="bbox 2113 5182 3607 5258">
    <p class='ocr_par' dir='ltr' id='par_1_113' title="bbox 2113 5182 3607 5258">
     <span class='ocr_line' id='line_1_116' title="bbox 2113 5182 3607 5258; baseline -0.009 -12"><span class='ocrx_word' id='word_1_859' title='bbox 2113 5182 2381 5248; x_wconf 38' lang='lat' dir='ltr'><strong>hflidein</strong></span> <span class='ocrx_word' id='word_1_860' title='bbox 2433 5182 2558 5245; x_wconf 72' lang='lat' dir='ltr'><strong>mox</strong></span> <span class='ocrx_word' id='word_1_861' title='bbox 2596 5195 2650 5241; x_wconf 92' lang='lat' dir='ltr'><strong>et</strong></span> <span class='ocrx_word' id='word_1_862' title='bbox 2699 5185 2855 5258; x_wconf 32' lang='lat' dir='ltr'><strong>Roga</strong></span> <span class='ocrx_word' id='word_1_863' title='bbox 2877 5182 2932 5252; x_wconf 64' lang='grc' dir='ltr'>(Ξ,</span> <span class='ocrx_word' id='word_1_864' title='bbox 2962 5182 3252 5258; x_wconf 46' lang='lat' dir='ltr'><strong>Anglican,</strong></span> <span class='ocrx_word' id='word_1_865' title='bbox 3282 5182 3607 5258; x_wconf 68' lang='lat' dir='ltr'><strong>_Goblerian.</strong></span> 
     </span>
    </p>
   </div>
   <div class='ocr_carea' id='block_1_114' title="bbox 2081 5250 3611 5328">
    <p class='ocr_par' dir='ltr' id='par_1_114' title="bbox 2081 5250 3611 5328">
     <span class='ocr_line' id='line_1_117' title="bbox 2081 5250 3611 5328; baseline -0.01 -10"><span class='ocrx_word' id='word_1_866' title='bbox 2081 5265 2184 5318; x_wconf 84' lang='lat' dir='ltr'><strong>&#39;elc.</strong></span> <span class='ocrx_word' id='word_1_867' title='bbox 2219 5263 2244 5317; x_wconf 88' lang='grc'><strong>1</strong></span> <span class='ocrx_word' id='word_1_868' title='bbox 2289 5271 2344 5317; x_wconf 89' lang='lat' dir='ltr'><strong>et</strong></span> <span class='ocrx_word' id='word_1_869' title='bbox 2373 5263 2437 5327; x_wconf 83' lang='lat'><strong>5,</strong></span> <span class='ocrx_word' id='word_1_870' title='bbox 2463 5258 2745 5328; x_wconf 84' lang='grc' dir='ltr'>δεξάμενοι</span> <span class='ocrx_word' id='word_1_871' title='bbox 2775 5250 2981 5311; x_wconf 66' lang='grc' dir='ltr'>τοῦτον.</span> <span class='ocrx_word' id='word_1_872' title='bbox 3020 5250 3127 5309; x_wconf 58' lang='lat' dir='ltr'><strong>Adii</strong></span> <span class='ocrx_word' id='word_1_873' title='bbox 3166 5253 3428 5320; x_wconf 76' lang='lat' dir='ltr'><strong>editione,</strong></span> <span class='ocrx_word' id='word_1_874' title='bbox 3457 5250 3611 5314; x_wconf 82' lang='grc' dir='ltr'>δεξά-</span> 
     </span>
    </p>
   </div>
   <div class='ocr_carea' id='block_1_115' title="bbox 2040 5333 3616 5446">
    <p class='ocr_par' dir='ltr' id='par_1_115' title="bbox 2040 5333 3616 5446">
     <span class='ocr_line' id='line_1_118' title="bbox 2040 5333 3616 5446; baseline -0.003 0"><span class='ocrx_word' id='word_1_875' title='bbox 2040 5333 2478 5446; x_wconf 25' lang='lat' dir='ltr'><strong>“addiximus</strong></span> <span class='ocrx_word' id='word_1_876' title='bbox 2513 5399 2678 5446; x_wconf 64' lang='lat' dir='ltr'><strong>codex</strong></span> <span class='ocrx_word' id='word_1_877' title='bbox 2714 5397 2916 5446; x_wconf 72' lang='lat' dir='ltr'><strong>Regius</strong></span> <span class='ocrx_word' id='word_1_878' title='bbox 2945 5404 3000 5446; x_wconf 80' lang='lat' dir='ltr'><strong>et.</strong></span> <span class='ocrx_word' id='word_1_879' title='bbox 3036 5395 3288 5446; x_wconf 60' lang='lat' dir='ltr'><strong>Sequar”</strong></span> <span class='ocrx_word' id='word_1_880' title='bbox 3311 5393 3378 5446; x_wconf 85' lang='grc' dir='ltr'><strong>δι’</strong></span> <span class='ocrx_word' id='word_1_881' title='bbox 3413 5393 3450 5446; x_wconf 74' lang='grc' dir='ltr'><strong>ἃ</strong></span> <span class='ocrx_word' id='word_1_882' title='bbox 3478 5390 3616 5446; x_wconf 75' lang='grc' dir='ltr'>μᾶλ-</span> 
     </span>
    </p>
   </div>
   <div class='ocr_carea' id='block_1_116' title="bbox 2041 5395 3614 5539">
    <p class='ocr_par' dir='ltr' id='par_1_116' title="bbox 2041 5395 3614 5539">
     <span class='ocr_line' id='line_1_119' title="bbox 2041 5395 3614 5516; baseline -0.013 -55"><span class='ocrx_word' id='word_1_883' title='bbox 2041 5395 2054 5407; x_wconf 84' lang='grc'><em>’</em></span> <span class='ocrx_word' id='word_1_884' title='bbox 2113 5406 2226 5476; x_wconf 75' lang='grc'>(92)</span> <span class='ocrx_word' id='word_1_885' title='bbox 2263 5403 2478 5455; x_wconf 87' lang='lat' dir='ltr'><strong>Primus</strong></span> <span class='ocrx_word' id='word_1_886' title='bbox 2513 5399 2680 5454; x_wconf 81' lang='lat' dir='ltr'><strong>codex</strong></span> <span class='ocrx_word' id='word_1_887' title='bbox 2714 5397 2916 5468; x_wconf 84' lang='lat' dir='ltr'><strong>Regius</strong></span> <span class='ocrx_word' id='word_1_888' title='bbox 2945 5404 3000 5450; x_wconf 90' lang='lat' dir='ltr'><strong>et</strong></span> <span class='ocrx_word' id='word_1_889' title='bbox 3036 5395 3288 5516; x_wconf 43' lang='lat' dir='ltr'><strong>Segler&quot;</strong></span> <span class='ocrx_word' id='word_1_890' title='bbox 3311 5395 3378 5446; x_wconf 84' lang='grc' dir='ltr'><strong>δι’</strong></span> <span class='ocrx_word' id='word_1_891' title='bbox 3413 5395 3450 5446; x_wconf 77' lang='grc' dir='ltr'><strong>ἀ</strong></span> <span class='ocrx_word' id='word_1_892' title='bbox 3477 5395 3614 5461; x_wconf 83' lang='grc' dir='ltr'>μᾶλ-</span> 
     </span>
     <span class='ocr_line' id='line_1_120' title="bbox 2041 5461 3614 5539; baseline -0.011 -11"><span class='ocrx_word' id='word_1_893' title='bbox 2041 5475 2153 5528; x_wconf 80' lang='grc' dir='ltr'>λον.</span> <span class='ocrx_word' id='word_1_894' title='bbox 2177 5470 2369 5526; x_wconf 68' lang='lat' dir='ltr'><strong>Caeteri</strong></span> <span class='ocrx_word' id='word_1_895' title='bbox 2397 5480 2453 5526; x_wconf 90' lang='lat' dir='ltr'><strong>et</strong></span> <span class='ocrx_word' id='word_1_896' title='bbox 2477 5469 2629 5531; x_wconf 88' lang='lat' dir='ltr'><strong>editi,</strong></span> <span class='ocrx_word' id='word_1_897' title='bbox 2657 5468 2736 5521; x_wconf 77' lang='grc' dir='ltr'><strong>διὸ</strong></span> <span class='ocrx_word' id='word_1_898' title='bbox 2752 5465 3088 5539; x_wconf 29' lang='grc' dir='ltr'>καὶμᾶλλον.-</span> <span class='ocrx_word' id='word_1_899' title='bbox 3167 5465 3304 5539; x_wconf 66' lang='grc' dir='ltr'><strong>ιιυίο⁸</strong></span> <span class='ocrx_word' id='word_1_900' title='bbox 3315 5474 3466 5539; x_wconf 83' lang='lat' dir='ltr'><strong>post,</strong></span> <span class='ocrx_word' id='word_1_901' title='bbox 3507 5461 3614 5539; x_wconf 54' lang='lat' dir='ltr'><strong>lte-</strong></span> 
     </span>
    </p>
   </div>
   <div class='ocr_carea' id='block_1_117' title="bbox 2043 5532 3613 5613">
    <p class='ocr_par' dir='ltr' id='par_1_117' title="bbox 2043 5532 3613 5613">
     <span class='ocr_line' id='line_1_121' title="bbox 2043 5532 3613 5613; baseline -0.01 -15"><span class='ocrx_word' id='word_1_902' title='bbox 2043 5544 2164 5613; x_wconf 84' lang='lat' dir='ltr'><strong>gius</strong></span> <span class='ocrx_word' id='word_1_903' title='bbox 2193 5541 2404 5613; x_wconf 81' lang='lat' dir='ltr'><strong>primus</strong></span> <span class='ocrx_word' id='word_1_904' title='bbox 2434 5549 2489 5596; x_wconf 87' lang='lat' dir='ltr'><strong>et</strong></span> <span class='ocrx_word' id='word_1_905' title='bbox 2521 5541 2765 5610; x_wconf 76' lang='lat' dir='ltr'><strong>Seguer.,</strong></span> <span class='ocrx_word' id='word_1_906' title='bbox 2801 5532 2922 5592; x_wconf 76' lang='grc' dir='ltr'>οὔτε</span> <span class='ocrx_word' id='word_1_907' title='bbox 2965 5535 3191 5590; x_wconf 79' lang='grc' dir='ltr'>ἐκώλυε.</span> <span class='ocrx_word' id='word_1_908' title='bbox 3223 5532 3334 5589; x_wconf 82' lang='lat' dir='ltr'><strong>Alii</strong></span> <span class='ocrx_word' id='word_1_909' title='bbox 3365 5543 3430 5588; x_wconf 65' lang='lat' dir='ltr'><strong>et</strong></span> <span class='ocrx_word' id='word_1_910' title='bbox 3457 5532 3613 5594; x_wconf 87' lang='lat' dir='ltr'><strong>editi,</strong></span> 
     </span>
    </p>
   </div>
   <div class='ocr_carea' id='block_1_118' title="bbox 1097 5611 2450 5693">
    <p class='ocr_par' dir='ltr' id='par_1_118' title="bbox 1097 5611 2450 5693">
     <span class='ocr_line' id='line_1_122' title="bbox 1097 5611 2450 5693; baseline -0.004 -18"><span class='ocrx_word' id='word_1_911' title='bbox 1097 5636 1276 5685; x_wconf 62' lang='lat' dir='ltr'><strong>enen,</strong></span> <span class='ocrx_word' id='word_1_912' title='bbox 1315 5611 1389 5693; x_wconf 69' lang='lat' dir='ltr'><strong>ui</strong></span> <span class='ocrx_word' id='word_1_913' title='bbox 1428 5631 1483 5677; x_wconf 90' lang='lat' dir='ltr'><strong>et</strong></span> <span class='ocrx_word' id='word_1_914' title='bbox 1510 5618 1724 5677; x_wconf 82' lang='lat' dir='ltr'><strong>videtur</strong></span> <span class='ocrx_word' id='word_1_915' title='bbox 1743 5618 1947 5693; x_wconf 70' lang='lat' dir='ltr'><strong>legisse-</strong></span> <span class='ocrx_word' id='word_1_916' title='bbox 2037 5611 2160 5671; x_wconf 70' lang='grc' dir='ltr'>οὔτε</span> <span class='ocrx_word' id='word_1_917' title='bbox 2192 5611 2450 5673; x_wconf 69' lang='grc' dir='ltr'>ἐκώλυσε.</span> 
     </span>
    </p>
   </div>
   <div class='ocr_carea' id='block_1_119' title="bbox 370 5689 1942 5762">
    <p class='ocr_par' dir='ltr' id='par_1_119' title="bbox 370 5689 1942 5762">
     <span class='ocr_line' id='line_1_123' title="bbox 370 5689 1942 5762; baseline -0.002 -14"><span class='ocrx_word' id='word_1_918' title='bbox 370 5689 638 5758; x_wconf 68' lang='lat' dir='ltr'><strong>Nannius,</strong></span> <span class='ocrx_word' id='word_1_919' title='bbox 672 5691 765 5761; x_wconf 87' lang='lat' dir='ltr'><strong>qui</strong></span> <span class='ocrx_word' id='word_1_920' title='bbox 796 5689 1009 5762; x_wconf 53' lang='lat' dir='ltr'><strong>&#39;nempe</strong></span> <span class='ocrx_word' id='word_1_921' title='bbox 1045 5692 1228 5757; x_wconf 83' lang='lat' dir='ltr'><strong>habet,</strong></span> <span class='ocrx_word' id='word_1_922' title='bbox 1303 5689 1557 5749; x_wconf 71' lang='lat' dir='ltr'><strong>Dominus</strong></span> <span class='ocrx_word' id='word_1_923' title='bbox 1606 5689 1942 5759; x_wconf 70' lang='lat' dir='ltr'><strong>contra&#39;ipsc</strong></span> 
     </span>
    </p>
   </div>
  </div>
