3834 6220
176 334 288 393 ΗΟ

1284 330 1545 387 ORATIO
1583 330 1654 386 lll
1692 329 1974 388 CONTRA
2013 333 2343 392 ARIANOS.

3330 346 3440 403 450

173 458 270 512 δύο
300 456 499 525 ζυγοὺς
532 454 676 527 ἔχειν
700 453 792 508 τὸν
822 454 1109 524 ἀγένητον,
1152 453 1363 507 ἔννοιαν
1395 455 1491 509 καὶ
1519 454 1748 525 θέλησινί

1866 456 2086 512 lcmaeus
2117 455 2386 513 Valentini
2432 459 2737 530 discipulus
2769 460 2955 518 docuit
2988 462 3103 534 (24)
3149 480 3258 520 non
3292 464 3440 529 facto

174 550 272 605 καὶ
300 549 519 620 πρῶτον
545 547 850 618 ἐνενόησεν,
890 541 1009 599 εἶτα
1041 545 1304 618 ἠθέλησε’
1342 547 1438 600 καὶ
1476 545 1621 619 ᾇπερ
1671 548 1760 599 ὲν-

175 640 340 703 ενόει,
373 640 475 693 οὐκ
524 638 757 708 ἠδύνατο
783 637 1107 709 προϐάλλειν
1128 636 1263 707 (15),
1298 639 1347 691 εἰ
1394 636 1469 709 μὴ
1491 638 1579 690 ὅτε
1604 640 1697 690 καὶ
1726 639 1760 709 ή

171 730 268 785 τοῦ
304 732 607 802 θελήματος
629 730 854 800 δύναμις
880 728 1192 798 ἐπεγένετο.
1237 728 1428 782 Ἔνθεν
1454 730 1504 781 οἱ
1551 728 1763 802 Ἀρεια-

172 825 255 876 vol
278 822 566 894 μαθόντες,
599 820 811 892 θέλημα
841 821 935 875 καὶ
969 819 1223 891 βούλησιν
1270 819 1628 891 προηγεῖσθαι
1675 820 1764 873 θέ-
1792 882 1797 887 ¹

172 916 327 969 λουσι
373 914 470 966 τοῦ
501 914 699 982 Λόγου.
762 913 988 966 Ἐκεῖνοι
1036 911 1135 983 μὲν
1165 907 1257 965 οὖν
1301 912 1369 965 τὰ
1413 912 1765 966 Οὐαλεντίνου

172 1007 558 1077 ζηλούτωσανο
594 1008 756 1078 ἡμεῖς
795 1005 875 1070 δὲ,
918 1004 1237 1075 ἐντυχόντες
1279 1003 1390 1075 (16)
1443 1007 1557 1068 τοῖς
1601 1004 1766 1068 θείοις

170 1098 376 1165 λόγοις,
406 1097 499 1149 ἐπὶ
536 1096 634 1167 μὲν
667 1094 761 1148 τοῦ
790 1094 916 1149 Υἱοῦ
948 1094 1033 1160 τὸ,
1060 1090 1157 1163 ἦν,
1186 1092 1418 1164 εὕρομεν
1437 1111 1449 1124 ·
1486 1094 1579 1147 καὶ
1604 1093 1766 1147 αὐτὸν

174 1190 340 1259 μόνον
375 1188 690 1258 ἠκούσαμεν
718 1186 849 1240 ὅντα
880 1188 938 1239 ὲν
973 1184 1053 1256 τῷ
1067 1185 1279 1256 λΠατρὶ,
1319 1186 1413 1239 καὶ
1446 1185 1629 1239 εἰκόνα
1670 1185 1765 1238 τοῦ

172 1277 395 1348 Πατρός
416 1293 431 1308 ·
455 1276 546 1329 ἐπὶ
568 1276 623 1329 δὲ
661 1276 838 1347 μόνων
867 1274 977 1328 τῶν
1008 1273 1275 1345 γενητῶν,
1305 1274 1430 1327 ἐπεὶ
1460 1273 1554 1327 καὶ
1581 1276 1645 1345 τῇ
1675 1273 1769 1342 φύ-

174 1385 259 1421 σει
280 1370 383 1421 οὐκ
404 1363 472 1439 ἦν
501 1385 630 1421 ποτε
658 1365 850 1431 ταῦτα,
881 1366 993 1420 ἀλλ’
1021 1366 1325 1434 ἐπιγέγονε,
1349 1366 1766 1438 προηγουμένην

175 1459 435 1531 βούλησιν
464 1461 559 1514 καὶ
598 1459 814 1530 θέλησιν
843 1460 1179 1531 ἀνέγνωμεν,
1213 1458 1309 1512 τοῦ
1346 1458 1512 1511 Δαὸὶδ
1539 1457 1767 1528 ψάλλον-

172 1568 267 1614 τος
307 1553 364 1604 ἐν
399 1549 499 1621 μὲν
539 1548 617 1620 τῷ
657 1550 768 1620 (17)
807 1549 1085 1620 ἑκατοστῷ
1118 1549 1329 1620 δεκάτῳ
1366 1548 1535 1620 τρίτῳ
1566 1547 1767 1619 ψαλμῷ

168 1640 350 1705 οὕτως
371 1658 387 1673 ·
426 1641 490 1694 '0
513 1640 581 1694 δὲ
609 1640 755 1707 Θεὸς
784 1640 953 1710 ἡμῶν
977 1643 1047 1695 ἐν
1071 1641 1152 1708 τῷ
1179 1640 1437 1711 οὐρανῷ,
1472 1641 1571 1694 καὶ
1597 1641 1667 1693 ἐν
1690 1640 1767 1709 τῇ

171 1733 252 1805 τῇ
288 1733 488 1788 πάντα
515 1734 648 1805 (18),
669 1734 785 1788 ὅσα
813 1735 1136 1803 ἠθέλησεν,
1161 1734 1451 1801 ἐποίησεν
1470 1750 1483 1763 ·
1525 1735 1582 1786 ὲν
1605 1733 1661 1786 δὲ
1689 1732 1767 1803 τῷ

171 1825 455 1897 ἑκατοστῷ
481 1826 692 1897 δεκάτῳ
721 1844 736 1859 ο
763 1825 1011 1897 Μεγάλα
1036 1827 1107 1881 τὰ
1149 1826 1293 1897 ἔργα
1346 1827 1572 1895 Κυρίου
1597 1866 1613 1891 ,
1661 1824 1753 1890 ἐξ·
1794 1808 1837 1867 Β

168 1916 505 1985 εζητημένα
521 1920 608 1983 εὶς
632 1916 828 1971 πάντα
848 1920 919 1971 τὰ
941 1918 1243 1986 θελήματα
1254 1915 1460 1971 αὐτοῦ·
1483 1917 1577 1969 καὶ
1603 1914 1765 1967 πάλιν

172 2010 233 2061 ὲν
250 2008 333 2079 τῷ
349 2008 635 2080 ἑκατοστῷ
651 2008 956 2080 τριακοστῷ
970 2009 1234 2079 τετάρτην
1254 2007 1480 2072 Πάντα,
1508 2006 1625 2062 ὅσα
1639 2005 1769 2073 ἠθέ-

168 2105 372 2169 λησεν
392 2103 426 2155 ὁ
440 2102 673 2170 Κύριος,
698 2100 988 2167 ἐποίησεν
1018 2098 1181 2163 ἐντῷ
1197 2096 1433 2167 οὐρανῷ
1461 2097 1559 2151 καὶ
1588 2097 1658 2151 ἐν
1689 2094 1764 2165 τῇ

174 2193 258 2261 τῇ
284 2194 383 2247 καὶ
408 2194 522 2265 (19)
554 2194 623 2247 ἐν
650 2194 781 2258 ταῖς
812 2192 1156 2257 θαλάσσαις
1173 2190 1273 2244 καὶ
1304 2193 1375 2243 ἐν
1389 2189 1617 2255 πάσαις
1636 2189 1765 2255 ταῖς

168 2287 493 2351 ἀϐύσσοις.
531 2286 593 2338 Et
628 2284 728 2356 μὲν
769 2280 863 2338 οὖν
901 2283 1060 2355 ἔργον
1108 2282 1200 2336 καὶ
1259 2283 1493 2353 ποίημα,
1535 2283 1629 2335 καὶ
1684 2275 1764 2344 εἷς

167 2380 283 2433 τῶν
319 2379 536 2433 πάντων
565 2380 706 2443 ἐστὶ,
726 2378 969 2448 λεγέσθω
998 2378 1092 2430 καὶ
1118 2377 1280 2440 αὐτὸς
1317 2376 1571 2447 βουλήσει
1608 2376 1763 2444 γενό-

172 2488 343 2542 μενος
367 2470 480 2541 (20)
504 2487 517 2501 ·
554 2470 697 2523 οὕτω
728 2470 838 2541 γὰρ
880 2468 1077 2534 ἔδειξεν
1107 2470 1139 2540 ή
1172 2469 1362 2540 Γραφὴ
1388 2468 1457 2521 τὰ
1485 2470 1763 2539 ποιήματα

167 2558 485 2629 γίγνεσθαι.
518 2558 629 2612 Καὶ
660 2558 939 2630 Ἀστέριος
994 2558 1053 2611 δὲ
1086 2560 1113 2613 ὁ
1140 2558 1437 2629 συνήγορος
1471 2557 1572 2627 τῆς
1606 2557 1762 2629 αἱρέσ-

170 2662 337 2710 σεως,
361 2644 537 2716 τούτῳ
562 2643 959 2715 συντιθέμενος,
991 2645 1165 2710 οὕτως
1189 2645 1425 2716 γράφει·
1461 2663 1479 2697 ι
1509 2646 1632 2699 Εἴτε
1654 2646 1763 2718 γὰρ

166 2738 396 2803 ἀνάξιον
431 2736 523 2789 τοῦ
552 2739 894 2809 Δημιουργοῦ
922 2738 983 2791 τὸ
1016 2738 1238 2791 θέλοντα
1270 2740 1443 2791 ποιεῖν
1467 2778 1482 2802 ,
1509 2737 1601 2791 ἐπὶ
1629 2737 1764 2791 πάν-

164 2848 282 2885 των
320 2832 523 2902 ὁμοίως
553 2833 846 2904 ἁνῃρήσθω
884 2833 945 2887 τὸ
986 2832 1195 2897 θέλειν,
1239 2833 1327 2886 ἵνα
1358 2831 1613 2904 ἀκέραιον
1649 2831 1761 2902 (21)

168 2926 327 2997 αὑτῷ
352 2924 593 2998 σώζηται
614 2926 676 2979 τὸ
702 2925 922 2996 ἀξίωμα
946 2942 960 2956 ·
988 2924 1099 2977 εἴτε
1129 2924 1404 2996 προσῆκον
1432 2921 1511 2993 τῷ
1555 2921 1673 2993 Θεῷ
1700 2922 1763 2975 τὸ

169 3019 483 3090 βούλεσθαι,
510 3017 605 3072 καὶ
631 3018 725 3071 ἐπὶ
746 3017 839 3069 τοῦ
862 3014 1077 3088 πρώτου
1100 3016 1439 3087 γεννήματος
1470 3013 1761 3086 ὑπαρχέτω

1864 549 1972 604 duo
2001 564 2122 604 esse
2146 552 2318 620 paria,
2352 552 2734 622 cogitationem
2764 554 2973 609 scilicet
2999 566 3054 610 et
3079 557 3439 625 voluntatem,

1864 640 2212 712 primumque
2258 643 2549 713 cogitasse,
2597 643 2793 699 deinde
2838 646 3097 714 voluisse,
3157 663 3260 705 nec
3318 666 3443 721 quae

1866 732 2187 803 cogitaverit
2230 734 2474 803 potuisse
2528 734 2796 809 proferre,
2831 737 2936 792 nisi
2981 754 3105 793 cum
3146 742 3443 801 voluntatis

1866 825 2039 880 virtus
2062 827 2403 881 accessisset.
2434 824 2570 881 Hinc
2612 835 2757 881 certe
2794 843 2949 882 suam
2981 830 3285 888 doctrinam
3316 850 3442 891 mtt-

1866 917 2023 981 tuati,
2052 917 2262 985 Ariani,
2289 917 2627 973 voluntatem
2654 926 2709 973 et
2734 918 3020 974 arbitrium
3050 920 3226 978 Verbo
3252 925 3445 981 volunt

1868 1005 2208 1062 antecedere.
2235 1005 2435 1061 Verum
2464 1006 2542 1061 illi
2565 1007 2785 1077 quidem
2803 1007 3075 1065 Valentini
3100 1025 3445 1086 propugnant

1866 1110 2081 1150 errores
2129 1112 2142 1147 :
2192 1111 2293 1151 nos
2324 1105 2506 1151 autem
2538 1098 2633 1168 qui
2659 1098 2841 1154 divina
2868 1102 3169 1159 evolvimus
3198 1109 3443 1173 oracula,

1866 1188 2181 1253 dictionem,
2210 1198 2347 1257 erat,
2383 1190 2449 1245 de
2479 1189 2617 1245 Filio
2641 1191 2896 1262 scriptam
2924 1194 3249 1261 invenimus,
3279 1198 3444 1271 483

1867 1280 2287 1351 audivimusque
2321 1280 2499 1337 solum
2550 1297 2672 1337 eum
2708 1283 2764 1337 in
2808 1283 2968 1340 Patre
3011 1301 3132 1342 esse
3173 1297 3228 1344 et
3267 1288 3445 1346 Patris

1867 1367 2159 1438 imaginem
2178 1387 2318 1425 esse.
2344 1370 2643 1429 Didicimus
2679 1389 2809 1429 vero
2836 1376 2968 1433 solis
2984 1378 3147 1435 rebus
3179 1378 3337 1437 factis
3351 1397 3448 1438 vo-

1864 1460 2128 1515 luntatem
2155 1473 2209 1517 et
2242 1464 2531 1519 arbitrium
2560 1467 2902 1531 antecedere,
2932 1470 3130 1540 quippe
3169 1487 3292 1527 eum
3339 1474 3447 1530 illa

1866 1560 2059 1606 natura
2088 1554 2381 1623 aliquando
2406 1571 2514 1610 non
2551 1567 2754 1613 essent.
2794 1556 2920 1616 Haec
2954 1578 3054 1617 nos
3086 1563 3245 1620 docet
3275 1564 3444 1622 David

1865 1640 2077 1709 psalmo
2131 1643 2431 1698 centesimo
2477 1643 2693 1701 decimo
2742 1649 2925 1712 tertio,
2982 1651 3070 1705 ubi
3123 1652 3197 1707 ita
3249 1656 3445 1713 canit:

1867 1728 2007 1783 Deus
2042 1741 2215 1785 autem
2247 1744 2423 1787 noster
2455 1736 2509 1788 in
2540 1736 2693 1802 caelo,
2732 1748 2781 1791 et
2823 1740 2877 1791 in
2922 1750 3065 1795 terra
3088 1746 3265 1798 omnia
3296 1764 3446 1818 tnta.

1865 1838 2064 1892 cunque
2110 1824 2272 1877 voluit
2306 1826 2428 1895 fecit
2455 1827 2500 1859 ³⁸
2535 1842 2549 1878 :
2589 1836 2644 1881 et
2698 1830 3001 1886 centesimo
3043 1834 3254 1904 decimo
3295 1839 3447 1908 psal-

1866 1929 1958 1967 tno
1985 1930 1998 1965 :
2025 1913 2224 1986 Magna
2268 1933 2426 1985 opera
2465 1918 2699 1987 Domini,
2746 1924 3012 1993 exquisita
3049 1927 3102 1980 in
3143 1945 3319 1985 omnes
3353 1948 3443 1988 vo-

1865 2003 2096 2060 Iuntates
2142 2008 2257 2076 ejus
2296 2010 2344 2040 ³⁸
2386 2027 2399 2063 :
2449 2020 2504 2064 et
2546 2010 2760 2080 psalmo
2815 2015 3117 2071 centesimo
3164 2019 3444 2077 tricesimo

1865 2107 2063 2167 quarto
2092 2116 2105 2153 :
2140 2098 2335 2155 Omnia
2372 2118 2693 2174 quaecunque
2726 2104 2889 2158 voluit
2929 2105 3185 2163 Dominus
3216 2111 3341 2182 fecit
3387 2114 3444 2167 in

1864 2192 1992 2245 caelo
2033 2202 2081 2247 et
2129 2194 2186 2246 in
2236 2204 2400 2261 terra,
2440 2196 2493 2249 in
2530 2198 2668 2249 mari
2693 2206 2742 2249 et
2784 2196 2837 2248 in
2869 2199 3108 2254 omnibus
3140 2202 3345 2272 abyssis
3370 2206 3438 2259 ".

1863 2283 2052 2355 Itaque
2083 2286 2127 2341 si
2170 2286 2308 2356 opus
2352 2288 2441 2343 ille
2485 2297 2569 2343 est
2606 2297 2660 2343 et
2701 2303 2791 2343 res
2825 2288 2966 2344 facta
3013 2302 3176 2363 atque
3204 2311 3345 2351 unus
3374 2313 3443 2353 ex

1864 2377 2142 2443 omnibus,
2195 2378 2312 2447 ipse
2355 2394 2576 2450 quoque
2636 2380 2919 2435 voluntate
2966 2384 3142 2440 factus
3184 2385 3439 2442 dicatur:

1864 2468 1937 2523 ita
1980 2470 2126 2524 enim
2175 2485 2339 2541 opera
2392 2471 2505 2527 fieri
2555 2473 2711 2530 docet
2766 2476 3069 2547 Scriptura.
3121 2476 3235 2548 Ipse
3274 2481 3443 2537 etiam

1863 2560 2133 2630 Asterius,
2167 2564 2391 2619 haeresis
2419 2573 2702 2635 patronus,
2742 2570 2867 2625 huic
2898 2572 3178 2626 sententiae
3205 2574 3441 2629 assenti-

1864 2660 1951 2705 tur
1983 2653 2063 2708 sic
2089 2654 2374 2709 scribens:
2411 2675 2429 2708 ι
2462 2655 2595 2710 Nam
2640 2658 2685 2713 si
2721 2659 2981 2716 Creatore
3028 2662 3311 2733 indignum
3359 2674 3443 2721 est

1861 2758 1984 2798 eum
2011 2745 2279 2801 volentem
2304 2764 2485 2819 agere,
2510 2750 2629 2818 ejus
2658 2767 2787 2823 ergo
2814 2754 3066 2810 voluntas
3094 2755 3163 2809 ab
3188 2758 3442 2814 omnibus

1862 2837 2114 2893 similiter
2146 2849 2483 2905 amoveatur,
2527 2851 2587 2896 ut
2618 2842 2829 2916 integra
2866 2847 2939 2900 illi
2978 2858 3223 2902 servetur
3265 2850 3443 2920 digni-

1863 2937 1965 2985 tas.
2011 2928 2107 2984 Sin
2146 2948 2273 2986 vero
2314 2931 2425 2987 Deo
2459 2934 2595 2990 velle
2639 2940 2928 3004 convenit,
2958 2939 3030 2995 sit
3070 2940 3233 3012 igitur
3275 2940 3440 2999 etiam

1863 3017 1918 3072 in
1945 3020 2308 3090 primogenita
2358 3020 2411 3075 id
2461 3024 2605 3093 quod
2636 3027 2986 3095 prmstantius
3012 3035 3117 3085 est.
3151 3026 3263 3082 Nec
3295 3031 3441 3082 enim

163 3112 233 3165 τὸ
264 3114 532 3182 κρεῖττον.
562 3111 636 3163 Οὐ
660 3109 768 3181 γὰρ
797 3108 861 3180 δὴ
889 3106 1112 3161 δυνατὸν
1145 3107 1225 3161 ένί
1268 3124 1325 3159 τε
1360 3106 1455 3160 καὶ
1507 3106 1585 3176 τῷ
1613 3105 1748 3178 αὐτῷ

1866 3120 2039 3181 potest
2072 3112 2186 3167 ﬁeri
2236 3123 2294 3168 ut
2339 3115 2433 3169 uni
2479 3116 2767 3187 eidemque
2817 3117 2930 3174 Deo
2961 3120 3252 3174 conveniat
3304 3120 3443 3175 velle

166 3203 295 3274 Θεῷ
328 3202 389 3255 τὸ
412 3201 588 3255 θέλειν
627 3200 720 3255 ἐπὶ
763 3199 873 3253 τῶν
912 3198 1255 3271 ποιουμένων
1282 3198 1397 3268 (2⁸2)
1440 3197 1755 3269 ἁρμόττειν,

164 3296 268 3348 καὶ
314 3295 378 3348 τὸ
430 3294 504 3365 μὴ
535 3292 821 3364 βούλεσθαι
872 3292 1192 3364 προσήκειν.
1239 3309 1258 3343 ι
1305 3289 1573 3361 Πλείστην
1625 3289 1758 3357 ὅσην

168 3387 435 3442 ἀσέϐειαν
459 3389 517 3441 ὲν
539 3388 652 3450 τοῖς
692 3388 929 3458 ῥήμασιν
956 3382 1148 3437 ἑαυτοῦ
1180 3380 1394 3443 συνθεὶς
1419 3382 1448 3433 ὁ
1475 3379 1756 3450 σοφιστὴς,

163 3482 253 3536 ὅτι
281 3498 343 3533 τε
364 3480 427 3534 τὸ
449 3480 693 3549 γέννημα
719 3477 894 3531 καὶτὸ
910 3476 1120 3546 ποίημα
1146 3473 1346 3529 ταύτόν
1370 3475 1486 3526 ἐστι
1505 3514 1521 3539 ,
1550 3471 1644 3525 καὶ
1677 3464 1760 3534 εἷς

164 3576 235 3627 ἐκ
254 3574 474 3627 πάντων
499 3571 607 3625 τῶν
640 3571 807 3623 ὄντων
837 3569 950 3641 (25)
973 3565 1327 3637 γεννημάτων
1366 3563 1514 3619 ἐστὶν
1536 3563 1566 3615 ό
1601 3562 1751 3626 Υἱὸς,

164 3666 253 3728 εις
278 3662 439 3717 τοῦτο
478 3661 849 3725 συνέκλεισεν,
890 3660 970 3713 ὄτι
1014 3658 1083 3712 τὰ
1136 3658 1418 3729 ποιήματα
1449 3655 1752 3727 βουλήματι

165 3757 268 3811 καὶ
308 3755 579 3826 θελήματι
614 3754 884 3825 προσήκει
921 3751 1122 3821 λέγειν.

1863 3205 1917 3250 et
1958 3198 2102 3253 nolle
2146 3199 2200 3253 in
2240 3215 2422 3256 rerum
2462 3205 2859 3272 procreatione.
2893 3226 2912 3258 ι
2950 3206 3161 3274 Quibus
3198 3209 3442 3279 sophista

1864 3289 2043 3344 verbis
2070 3306 2341 3345 summam
2368 3294 2685 3362 complexus
2710 3294 3063 3366 impietatem,
3093 3314 3216 3353 cum
3245 3315 3442 3370 nempe

1861 3398 1976 3437 rem
2006 3382 2204 3437 iactam
2236 3392 2291 3438 et
2315 3384 2552 3453 genitam
2588 3384 2896 3455 confundit,
2930 3387 3237 3458 Filiumque
3268 3406 3434 3445 unam

1862 3488 1984 3528 esse
2027 3489 2093 3527 ex
2145 3473 2404 3530 omnibus
2458 3475 2625 3531 rebus
2669 3476 2867 3547 genitis
2913 3489 3209 3545 asseverat,
3251 3490 3438 3552 postea

1857 3562 2133 3617 concludit
2158 3572 2520 3634 congruenter
2558 3566 2666 3622 dici
2708 3581 2874 3638 opera
2901 3569 3179 3628 voluntate
3204 3581 3261 3628 et
3285 3572 3437 3629 arbi-

1855 3656 1962 3711 trio
1989 3655 2131 3711 facta
2162 3671 2305 3713 esse.

240 3891 289 3924 "
312 3888 463 3944 Psal.
490 3902 643 3953 cmi,
681 3887 771 3941 11.
844 3886 891 3917 ’⁶
915 3884 1060 3941 Psal.
1090 3899 1181 3952 cx,
1202 3881 1259 3939 2.
1333 3883 1379 3916 ’⁷
1404 3882 1551 3940 Psal.
1575 3898 1797 3949 cxxxtv,
1822 3880 1877 3936 6.

164 4013 457 4083 ἀγένητον.
504 4008 611 4063 Alii
631 4014 708 4083 _et
757 4007 924 4083 editio
970 4006 1234 4083 Comme].
1260 4045 1276 4071 ,
1317 4007 1409 4061 τὸν
1440 4007 1753 4083 ἀγέννητον.

165 4076 372 4138 Ibidem
406 4096 596 4151 rursus
626 4078 762 4151 Reg.
804 4079 831 4133 1
872 4078 950 4135 sic
982 4078 1164 4143 habet,
1189 4076 1394 4133 ἔννοιαν
1422 4079 1515 4132 καὶ
1540 4076 1757 4151 θέλησιν

164 4155 301 4215 νόει,
330 4150 431 4204 οὐκ
454 4149 708 4220 ἠδύνατο.

243 4222 359 4293 (15)
385 4216 584 4293 Regius
613 4219 824 4293 primus
848 4228 903 4274 et
941 4216 1189 4293 Segu_er.,
1217 4218 1558 4291 προϐάλλειν.
1583 4217 1751 4293 _Gohl.

167 4288 318 4349 Felc.
342 4288 351 4293 ⁷
377 4292 401 4344 1
452 4288 507 4346 et
549 4288 860 4359 Anglican.,
888 4288 1179 4359 προϐαλεῖν
1198 4333 1213 4356 ,
1240 4288 1299 4345 ut
1326 4298 1381 4344 et
1406 4291 1752 4344 emendatum

166 4374 253 4418 est
286 4364 342 4416 in
383 4360 547 4415 Basil.
592 4358 684 4431 Sic
712 4360 860 4431 item
885 4358 1044 4414 habet
1076 4359 1428 4431 Epiphanius
1442 4359 1634 4414 haeresi
1660 4360 1751 4431 55.

1859 4006 2027 4085 nulla,
2064 4016 2124 4062 ut
2154 4007 2335 4085 sole_t_,_
2354 4009 2697 4085 auctoritate,
2732 4010 2915 4085 habet,
2942 4010 3434 4085 πεντεκαιδεκᾲτῳ.

1859 4076 2060 4132 Ibidem
2093 4092 2191 4147 pro
2210 4076 2523 4147 ψάλλοντος,
2554 4078 2868 4135 Goblerian.
2898 4076 2954 4135 et
2980 4080 3123 4137 Felc.
3164 4082 3190 4136 1
3232 4076 3436 4139 habent

1857 4146 2129 4221 λέγοντος,
2174 4146 2447 4221 iidemque
2476 4147 2649 4221 οὕτως
2677 4152 2953 4221 omittunt.
2992 4149 3193 4221 Regius
3224 4153 3436 4221 primus

1856 4217 2165 4343 Etesiiguer.
2214 4216 2437 4287 ibidem,
2473 4219 2533 4273 '0
2560 4219 2617 4272 δὲ
2660 4220 2811 4286 Θεός.
2848 4220 2904 4275 In
2936 4221 3060 4277 aliis
3074 4216 3155 4278 "et
3183 4216 3343 4280 editis
3376 4224 3435 4279 δέ

1960 4306 1985 4343 s
2015 4326 2029 4341 .

2072 4356 2163 4432 Sic
2184 4366 2415 4432 uterque
2441 4357 2663 4432 Regius,
2696 4358 2922 4432 Seguer.
2944 4360 3172 4432 ,Gobler.
3204 4370 3259 4417 et
3282 4361 3430 4420 Felc.

166 4436 411 4488 lrenaaus
436 4432 529 4485 lib.
564 4446 580 4484 ι
607 4429 1061 4503 ϐοηιξ-α-Ιιωςεεεε
1091 4428 1211 4503 cap.
1237 4430 1291 4503 6_,
1318 4429 1567 4503 verbum,
1598 4429 1755 4483 emit-
1784 4446 1828 4503 ι)
1853 4428 2081 4503 primus.
2113 4428 2200 4503 At
2224 4428 2339 4503 alii'
2362 4438 2417 4484 et
2439 4428 2571 4503 editi
2603 4428 2863 4503 omittunt
2883 4431 3083 4489 πάντα.
3112 4431 3236 4487 Mox
3269 4432 3433 4487 πάλιν

168 4516 299 4565 tere,
332 4503 419 4556 hic
448 4508 698 4571 usurpat.
740 4497 884 4553 Felc.
921 4498 957 4552 2
983 4508 1037 4554 et
1062 4497 1229 4555 editio
1251 4499 1753 4571 Commelqgjtrapa-

165 4574 372 4635 ϐαλεῖν,
408 4580 568 4641 utiet
594 4568 778 4641 prima
809 4584 974 4624 manu
1022 4571 1307 4641 legebatur
1341 4570 1399 4625 in
1437 4568 1748 4641 Basiliensi.

166 4642 368 4714 Reg.2
390 4653 443 4714 e_t
471 4638 620 4714 Felc.
651 4639 708 4703 5,
741 4638 1104 4714 παραγαγεῖν’.
1131 4641 1251 4695 Mox
1279 4638 1496 4714 Reg._i,
1521 4640 1746 4709 Seguer.

162 4708 719 4793 Arn_gli_e.nGolt_ler..et
746 4708 891 4793 Fe'lc.
921 4710 973 4774 1,
1006 4709 1232 4793 δύναμις
1274 4708 1582 4793 ἐπεγένετο,
1602 4708 1672 4793 ut
1696 4717 1751 4765 et

167 4777 337 4838 habet
383 4780 741 4849 Epiphanius.
787 4777 914 4834 Hac
961 4790 1090 4835 sunt
1133 4777 1261 4835 item
1303 4777 1490 4834 Irenaei
1546 4778 1747 4849 verba,

163 4869 285 4906 cum
331 4848 509 4905 autem
540 4849 828 4904 voluntatis
868 4851 1032 4905 virtus
1082 4849 1317 4905 advenit.
1347 4849 1490 4904 Editi
1521 4848 1746 4918 aliique,

160 4924 393 4992 δύναμις
433 4921 660 4992 ἐγίνετο.
704 4918 918 4992 Ibidem
948 4918 1155 4992 Regius
1177 4920 1386 4992 primus
1412 4918 1746 4992 et_Seg_ue_r.,

164 4988 360 5046 Ἔνθεν
406 4993 455 5043 οἱ
494 4990 775 5061 Ἀρειανοί.
806 4988 1133 5061 νϐοὺΙβνὶΞιιι.
1177 4988 1237 5045 et
1279 4989 1423 5046 Felc.
1468 4989 1519 5056 1,
1555 4988 1746 5043 Ἔνθεν

160 5065 255 5116 καὶ
286 5065 361 5117 οἱ.
389 5060 579 5116 ϐείοιῆ
613 5070 667 5114 et
687 5060 838 5122 editi,
878 5060 1039 5114 Ὅθεν
1065 5061 1157 5115 καὶ
1181 5062 1252 5113 οἱ.

232 5133 350 5203 (16)
381 5130 821 5203 Regiusprimus
845 5140 901 5203 e_t_
921 5128 1168 5203 Seguer_.,
1204 5128 1533 5203 ἐντυχόντες.
1557 5128 1662 5182 Alii
1692 5138 1746 5203 et

160 5199 291 5259 editi
314 5199 341 5269 ,’
381 5199 818 5271 ἐντυγχάνοντες.
864 5199 1065 5254 ibidem
1095 5200 1319 5271 Regius
1356 5200 1604 5271 primus,
1628 5202 1744 5271 τοῖς

160 5268 328 5339 θείοις
356 5268 581 5340 λογίοις.
614 5268 782 5340 (Μοι,
805 5281 929 5339 post
972 5268 1285 5340 ήκούσαμεν
1304 5311 1320 5336 ,
1356 5268 1593 5340 Felcktn.
1618 5268 1654 5321 2
1690 5278 1747 5324 et

159 5338 334 5399 editio
371 5338 635 5397 Commel.
676 5338 936 5396 omittunt
976 5338 1128 5408 ὄντα,
1159 5338 1307 5411 quod
1356 5341 1413 5394 in
1446 5338 1570 5396 aliis
1603 5354 1737 5395 mss.

159 5414 380 5469 legitur.

208 5432 470 5553 g(lll"1')r.Sic
486 5479 722 5553 primus
751 5477 1165 5553 codequegius
1184 5487 1250 5553 _et
1289 5477 1513 5553 S_egu_e_r_.
1543 5478 1613 5534 At
1631 5479 1740 5553 _alii

156 5564 209 5607 et
232 5547 388 5619 editi,
418 5547 528 5604 τοῦ⁷
550 5547 840 5620 μὲνᾼΔαὸιδ
862 5547 1153 5620 ψάλλοντος
1180 5547 1594 5620 ὲνίτῷζιιφὶάθω
1630 5547 1739 5620 Re-

196 5628 278 5680 ius
310 5617 611 5685 secundus,
642 5617 955 5673 Basiliensis
976 5629 1029 5674 et
1063 5617 1208 5673 Felc.
1236 5618 1290 5679 5,
1311 5617 1528 5687 ’δεκάτῳ
1549 5619 1739 5690 τρίτῳ.

157 5642 361 5747 Regius
388 5692 604 5747 primus
660 5698 717 5743 et
746 5686 970 5747 Seguer.
1005 5694 1130 5747 ριγ’.
1176 5687 1357 5743 Editio
1388 5687 1653 5742 Commel.
1686 5700 1739 5743 et

158 5686 361 5765 Regius
388 5692 604 5762 primus
660 5698 717 5743 et
746 5686 970 5755 Seguer.
1005 5694 1130 5813 ῗγς.
1176 5687 1357 5743 Editio
1388 5686 1653 5768 Commel.
1686 5686 1741 5743 et

154 5762 505 5828 Pat'isiensls,
531 5757 982 5831 τρισκαιδεκάτῳ.
1057 5759 1153 5816 dtt.
1181 5767 1363 5817 autem
1391 5757 1737 5818 Coloniensi:

1855 4498 2007 4553 abest
2038 4513 2069 4553 a
2104 4498 2323 4553 Gobler.
2353 4509 2409 4553 et
2437 4498 2581 4554 Felc.
2612 4499 2665 4554 1.

1922 4567 2034 4641 (19)
2069 4568 2180 4641 Κᾴαι
2212 4569 2376 4641 abest
2424 4584 2455 4641 a
2502 4568 2634 4639 Reg.
2667 4569 2711 4641 _i
2775 4578 2831 4626 et
2868 4569 3095 4641 Seguer.
3133 4571 3228 4640 qui
3263 4570 3427 4641 iidem

1851 4636 1984 4692 ibid.
2015 4636 2071 4693 et
2101 4636 2235 4708 Reg.
2278 4638 2314 4691 2
2362 4637 2565 4694 habent
2587 4636 2689 4693 καὶ
2728 4641 2788 4695 ὲν
2833 4636 3037 4705 πάσαις
3069 4636 3211 4705 ταῖς.
3244 4640 3348 4695 Alii
3374 4650 3431 4697 et

1849 4708 2001 4771 editi,
2027 4707 2122 4761 καὶ
2148 4707 2205 4762 ἐν
2229 4708 2370 4772 ταῖς.
3496 4728 3499 4729 ⁷

1920 4775 2199 4850 (20)_Reg.
2236 4778 2290 4850 1,
2313 4774 2545 4850 _Seguer_.
2592 4776 2811 4850 Gobler.
2858 4790 2911 4835 et
2938 4778 3081 4834 Felc.
3114 4779 3168 4843 1,
3198 4778 3427 4850 γενόμε-

1847 4844 1956 4910 νος.
1988 4844 2092 4918 Alii
2122 4844 2176 4902 et
2198 4844 2350 4910 editi,
2376 4844 2715 4918 γιγνόμενος.
2738 4848 2861 4906 Mox
2880 4850 3101 4906 Gohler.
3137 4860 3193 4905 et
3211 4844 3367 4905 Felc.
3396 4852 3419 4904 1

1848 4917 2232 4991 xaiAomittunt
2254 4927 2387 4991 _ant_e
2425 4917 2719 4991 Ἀστέριος.

1892 4987 2035 5071 ..(21)
2075 4986 2207 5058 Reg.
2246 4988 2298 5054 1,
2335 4985 2560 5058 Seguer.
2587 4985 2816 5045 'Gobler.
2848 4997 2905 5045 et
2940 4987 3088 5046 Felc.
3125 4990 3176 5059 l,
3212 4989 3300 5045 ἵνα
3332 4990 3426 5043 καὶ

1848 5060 2031 5198 ῥᾳῗέὲ)
2064 5124 2209 5182 Felc.
2237 5127 2282 5201 2
2310 5136 2365 5184 et
2391 5127 2544 5201 editi,
2582 5128 2988 5201 πραττομένων.
3014 5128 3211 5201 Caneri
3240 5137 3421 5184 autem

1846 5212 2006 5271 mss.,
2056 5197 2639 5271 ποιουμένωνηΡειυΙό
2678 5197 2805 5269 post
2833 5197 2966 5271 Reg.
3000 5200 3053 5264 1,
3084 5209 3138 5255 et
3172 5198 3419 5271 segnem,

1846 5266 2329 5373 ῥήμασινυέαυτοῦ.
2362 5269 2466 5322 Alii
2489 5266 2749 5340 editiqtie,
2784 5266 3021 5341 ῥήμασιν
3053 5266 3271 5324 αὑτοῦ.⁷

1916 5335 2027 5395 .20)
2056 5338 2146 5392 διο
2179 5337 2311 5395 Reg.
2359 5340 2422 5395 1.
2458 5337 2683 5395 Seguer.
2732 5338 2948 5395 Gobler.
2992 5349 3046 5395 et
3090 5339 3231 5395 Felc.
3273 5338 3379 5395 1.1

1916 5337 2027 5416 (25)
2056 5338 2146 5392 Sic
2179 5337 2311 5408 Reg.
2359 5340 2422 5402 1,
2458 5337 2683 5409 Seguer.
2732 5337 2948 5395 Gobler.
2992 5349 3046 5395 et
3090 5339 3231 5395 Felc.
3273 5340 3325 5396 1.
3358 5338 3420 5397 in

1842 5404 1965 5490 aliis
1994 5418 2172 5490 autem
2195 5417 2253 5490 _et
2284 5408 2443 5490 editis
2473 5411 2624 5490 deest
2652 5407 2841 5490 ὄντων.
2892 5409 3043 5490 Αηειἶ
3076 5409 3231 5490 ibid_..
3262 5427 3424 5490 γιγητ

1845 5475 2049 5545 μάτων.
2096 5475 2295 5531 Ibidem
2351 5476 2477 5549 Reg.
2529 5480 2555 5532 1
2607 5491 2661 5534 et
2708 5475 3075 5549 Seguerq'el;
3108 5475 3284 5534 τοῦτο.
3312 5475 3419 5538 Αιὶἱ

1841 5560 2001 5608 mss.,
2026 5547 2118 5625 eis
2140 5546 2420 5625 τοσοῦτον.
2462 5547 2586 5605 Mox
2615 5548 2749 5620 Reg.
2796 5551 2820 5605 1
2858 5560 2912 5604 et
2949 5550 3195 5621 chuer.,
3227 5551 3419 5625 βουλή-

1842 5631 1923 5668 σει
1943 5615 2201 5686 ⁸καὶ-θελή
2212 5634 2358 5686 ματι.

1912 5684 2025 5764 (ει)
2052 5684 2466 5764 γὶιιεΙτεηεριιιη
2493 5688 2631 5764 libro
2658 5704 2694 5750 ι,
2715 5687 2912 5745 Contra
2940 5690 3185 5758 ha'reses,
3208 5706 3327 5764 cap.
3360 5690 3419 5755 6,

1839 5763 1893 5812 et
1922 5752 2290 5827 Epiphanium
2332 5759 2523 5815 haeresi
2554 5774 2748 5814 xum.
