3834 6220
384 325 480 380 ιὸι

952 321 1010 376 S.
1055 319 1427 375 ATHANASII
1465 318 1616 376 OPP.
1661 319 1843 376 PARS
1883 317 1923 373 1.
1965 350 2034 360 -
2075 313 2448 370 HISTORICA
2480 312 2570 368 ET
2610 311 3036 368 DOGMATICA.

3537 311 3654 365 459.

373 491 378 498 .
459 441 548 495 Gl.
591 437 776 510 Itaque
809 438 854 494 si
881 435 1054 492 Filius
1092 437 1234 491 alius
1269 444 1352 490 est
1391 449 1422 489 a
1464 436 1629 490 rebus
1655 435 1910 490 omnibus
1937 476 1953 501 ,

2128 432 2217 485 6|.
2247 427 2456 484 Οὐκοῦν
2491 431 2540 480 et
2578 427 2737 490 ἄλλος
2766 427 2884 480 ἐστὶ
2919 426 3029 480 τῶν
3059 425 3275 479 πάντων
3311 423 3518 493 ὥσπερ
3548 416 3656 477 καὶ

351 535 468 604 _uti
507 540 664 586 antea
697 530 981 600 probatum
1025 535 1140 591 est,
1174 527 1466 595 potiusque
1497 540 1659 595 opera
1697 541 1790 593 per
1834 541 1960 581 eum

389 624 530 679 facta
568 629 724 687 sunt;
756 620 897 674 absit
921 628 981 674 ut
1010 618 1288 672 voluntate
1325 618 1538 671 dicatur
1569 617 1862 682 exsﬁtisse,
1893 630 1962 670 ne

387 715 503 786 ipse
533 713 719 769 eodem
745 711 910 766 modo
941 710 1032 764 fiat
1056 750 1071 775 ,
1099 725 1208 780 quo
1237 723 1320 772 ea,
1348 724 1470 777 qua:
1494 723 1590 778 per
1617 709 1794 778 ipsum
1818 708 1961 763 facta

386 814 548 872 sunt,
581 804 922 874 prodierunt.
966 800 1213 872 Namque
1249 801 1453 855 Paulus
1491 815 1586 869 per
1624 800 1960 854 voluntatem

386 897 481 952 Dei
522 897 802 966 apostolus
851 903 1037 963 postea
1089 893 1266 948 factus
1298 901 1382 947 est
1409 892 1476 957 ’⁸,
1529 906 1652 946 cum
1701 891 1754 945 id
1799 900 1959 946 antea

383 977 493 1044 non
522 997 686 1044 esset.
715 985 943 1043 Vocatio
976 986 1102 1040 item
1129 995 1343 1051 nostra,
1374 1000 1498 1040 cum
1531 985 1826 1054 aliquando
1852 1001 1958 1040 non

372 1075 568 1140 fuerit,
603 1090 749 1130 nunc
793 1082 974 1128 autem
1013 1073 1153 1128 facta
1187 1072 1295 1135 sit,
1344 1071 1750 1127 antecedentem
1801 1072 1962 1126 habet

375 1167 483 1222 ‘Dci
517 1168 876 1232 voluntatem,
907 1174 982 1227 et,
1009 1174 1070 1219 ut
1100 1165 1238 1218 idem
1271 1164 1475 1218 Paulus
1509 1163 1750 1231 loquitur
1773 1163 1841 1227 ’³,
1875 1177 1960 1217 se-

388 1259 631 1314 cundum
663 1258 1002 1328 propositum
1035 1256 1154 1326 ejus
1182 1255 1478 1310 voluntatis
1505 1255 1649 1308 facta
1682 1261 1784 1309 est.
1813 1253 1959 1308 Prae-

388 1358 560 1413 terea,
597 1349 742 1417 quod
788 1363 884 1417 per
937 1345 1177 1417 Moysem
1225 1345 1445 1411 dicitur,
1497 1345 1626 1398 Fiat
1671 1344 1766 1397 tua:
1797 1345 1836 1410 ⁸,
1883 1353 1957 1410 et,

389 1441 660 1494 Producat
709 1451 851 1494 terra
873 1440 916 1505 ³,
961 1445 1036 1502 et,
1089 1437 1375 1492 Faciamus
1434 1439 1758 1502 hominem’,
1806 1438 1958 1508 signa

388 1548 516 1588 reor
545 1547 688 1595 esse,
719 1530 1177 1601 quemadmodum
1211 1545 1375 1599 supra
1402 1531 1606 1585 dictum
1637 1539 1740 1596 est,
1775 1531 1961 1584 volun-

389 1625 518 1680 tatis
543 1624 841 1680 Creatoris.
873 1621 1009 1677 Nam
1025 1637 1089 1678 ea
1119 1622 1361 1692 quidem,
1387 1638 1507 1692 qua:
1539 1623 1830 1692 aliquando
1850 1640 1958 1678 non

389 1725 566 1782 erant,
601 1715 696 1770 sed
728 1715 1068 1769 extrinsecus
1092 1721 1280 1782 postea
1321 1713 1479 1780 tiunt,
1515 1713 1694 1769 facere
1736 1713 1960 1770 Creator

387 1805 706 1860 deliberat:
762 1819 887 1858 cum
939 1813 1120 1859 autem
1177 1803 1414 1859 Verbum
1463 1819 1618 1859 suum
1665 1821 1730 1860 ex
1781 1807 1962 1876 seipso

388 1907 581 1952 natura
615 1897 805 1967 gignit,
835 1897 1091 1968 praeviam
1123 1897 1328 1953 nullam
1361 1899 1580 1954 adhibet
1604 1900 1958 1956 deliberatio-

387 2002 532 2043 nem.
575 1988 850 2058 Siquidem
880 1990 936 2044 in
965 2005 1031 2045 eo
1059 1988 1220 2044 Pater
1239 1990 1376 2054 alia,
1403 2007 1739 2062 quaecunque
1761 1995 1961 2063 produ-

383 2095 511 2135 cere
541 2081 751 2146 statuit,
791 2081 921 2137 facit
967 2089 1022 2138 et
1063 2091 1212 2138 creat
1247 2100 1261 2135 :
1293 2082 1373 2136 uti
1404 2099 1504 2138 nos
1531 2085 1693 2139 etiam
1725 2083 1960 2140 Jacobus

388 2174 669 2242 apostolus
698 2175 782 2230 his
809 2173 989 2230 verbis
1016 2174 1193 2239 docet,
1232 2173 1418 2230 Valens
1452 2177 1629 2246 genuit
1658 2193 1752 2230 nos
1793 2176 1958 2232 Verbo

385 2268 626 2320 ueritatis
653 2267 694 2319 δ.
725 2267 912 2336 Itaque
957 2266 1055 2322 Dei
1092 2267 1366 2335 voluntas,
1399 2285 1519 2338 qua:
1549 2270 1664 2325 sive
1698 2270 1821 2326 illos
1865 2270 1960 2340 qui

280 2420 290 2431 ⁸
389 2367 794 2428 regenerantur,
827 2359 942 2414 sive
983 2375 1047 2414 ea
1080 2375 1202 2431 quae
1245 2361 1410 2417 semel
1451 2361 1590 2416 fiunt
1631 2370 1860 2430 spectat,
1903 2361 1960 2416 in

388 2445 568 2503 Verbo
595 2457 699 2515 est,
730 2449 785 2504 in
823 2465 935 2520 quo
973 2466 1083 2515 res,
1115 2461 1276 2522 prout
1306 2452 1409 2508 sibi
1437 2453 1722 2522 placuerit,
1749 2451 1878 2508 facit
1902 2450 1964 2508 et

386 2548 703 2608 regenerat,
744 2548 805 2594 ut
845 2541 1139 2610 Apostolus
1195 2543 1264 2596 ad
1319 2541 1834 2598 Tltessalonicenses
1875 2543 1961 2598 his

385 2629 568 2685 verbis
591 2629 802 2694 scribit,
839 2629 969 2684 Haec
994 2640 1072 2684 est
1107 2631 1245 2685 enim
1273 2631 1514 2686 voluntas
1541 2631 1639 2686 Dei
1672 2633 1727 2685 in
1751 2631 1960 2686 Christo

383 2720 517 2776 Jesu
551 2737 678 2791 erga
709 2737 796 2776 vos
821 2723 863 2777 '.
896 2721 1070 2777 Porro
1099 2723 1146 2778 si
1181 2725 1249 2788 is,
1283 2723 1337 2778 in
1372 2739 1482 2793 quo
1509 2739 1595 2780 res
1623 2723 1766 2780 Deus
1795 2723 1959 2788 facit,

388 2813 533 2867 idem
567 2821 651 2868 est
678 2812 734 2866 in
767 2828 876 2881 quo
906 2813 1026 2882 ejus
1055 2813 1306 2868 voluntas
1333 2821 1448 2880 est;
1479 2814 1526 2870 si
1557 2815 1684 2869 item
1716 2815 1771 2869 in
1802 2813 1963 2869 Chri-

387 2907 473 2951 sto
498 2897 748 2953 voluntas
773 2898 950 2955 Patris
979 2908 1063 2956 est
1085 2920 1097 2955 :
1123 2903 1217 2972 qui
1251 2901 1367 2956 fleri
1399 2912 1580 2972 potest
1607 2914 1669 2957 ut
1705 2903 1822 2974 ipse
1859 2918 1962 2958 vo-

388 2987 595 3043 luntate
631 2996 686 3044 et
725 2988 892 3062 584
939 2991 1166 3046 arbitrio
1206 2991 1382 3049 factus
1429 2993 1544 3048 sit?
1584 2992 1720 3049 Nam
1758 2995 1806 3050 si
1847 2995 1965 3065 ipse

388 3081 686 3136 secundum
718 3097 812 3138 vos
837 3084 1113 3140 voluntate
1144 3083 1322 3140 factus
1358 3097 1440 3142 est
1463 3125 1479 3150 ,
1521 3101 1745 3142 necesse
1780 3095 1865 3142 est
1905 3096 1966 3143 ut

2061 525 2120 576 ὲν
2145 525 2257 585 τοῖς
2273 521 2411 592 (24’)
2431 520 2538 591 πρὸ
2563 520 2767 574 τούτων
2794 518 3034 588 ἐδείχθη,
3057 517 3152 571 καὶ
3183 516 3383 588 μᾶλλον
3404 516 3475 570 τὰ
3505 515 3654 586 ἔργα.

2060 614 2124 668 δι’
2146 613 2308 666 αὑτοῦ
2333 613 2544 682 γέγονε,
2577 611 2651 682 μὴ
2677 610 2919 680 λεγέσθω
2953 609 3206 680 βουλήσει
3233 649 3247 673 ,
3300 608 3389 661 ἵνα
3431 608 3507 678 μὴ
3551 607 3655 660 καὶ

2060 706 2222 768 αὐτὸς
2255 703 2430 766 οὓτως
2461 704 2677 772 γίνηται
2703 743 2720 767 ,
2753 701 2942 772 ὥσπερ
2970 700 3066 754 καὶ
3096 699 3165 752 τὰ
3190 699 3257 752 δι’
3285 699 3452 752 αὑτοῦ
3493 699 3655 766 γενό-

2064 815 2200 869 μενα
2228 799 2476 866 συνέστη.
2511 796 2620 848 Καὶ
2648 794 2756 865 γὰρ
2784 797 2813 846 ό
2846 795 2944 865 μὲν
2969 793 3204 856 Παῦλος,
3253 793 3353 845 οὐκ
3393 791 3469 845 ὣν
3507 791 3652 862 πρό-

2059 906 2236 960 τερον,
2267 887 2492 957 ὕστερον
2520 888 2670 956 ὅμως
2693 885 2782 938 διὰ
2828 885 3132 956 θελήματος
3169 883 3304 936 Θεοῦ
3347 882 3653 945 ἀπόστολος

2059 981 2280 1051 γέγονεν
2303 997 2316 1010 ·
2352 982 2386 1050 ἡ
2415 981 2472 1033 δὲ
2502 979 2694 1048 κλῆσις
2730 977 2927 1049 ἡμῶν,
2976 976 3053 1040 ὣς
3090 993 3220 1028 ποτε
3250 976 3345 1028 καὶ
3392 973 3531 1044 αὐτὴ
3573 973 3653 1044 μὴ

2049 1073 2214 1141 οὖσα,
2246 1075 2340 1130 νῦν
2377 1076 2434 1128 δὲ
2463 1074 2824 1144 ἐπιγενομένη
2855 1111 2872 1137 ,
2919 1070 3336 1142 προηγουμένην
3385 1068 3498 1138 ἔχει
3545 1068 3651 1136 τὴν

2062 1168 2312 1239 βούλησιν
2355 1166 2466 1237 (25)
2492 1205 2507 1230 ,
2541 1166 2636 1219 καὶ
2671 1164 2752 1226 ὡς
2778 1163 2942 1228 αὐτὸς
2982 1163 3143 1216 πάλιν
3174 1163 3203 1214 ὁ
3238 1159 3448 1221 Παῦλός
3484 1174 3648 1227 φησι,

2060 1259 2201 1313 κατὰ
2234 1259 2334 1330 τὴν
2364 1257 2616 1311 εὐδοκίαν
2646 1255 2739 1309 τοῦ
2767 1255 3069 1325 θελήματος
3105 1251 3269 1306 αὐτοῦ
3308 1250 3526 1318 γέγονε.
3573 1249 3650 1300 Τό

2058 1367 2118 1404 τε
2135 1351 2270 1421 (25⁹)
2301 1349 2388 1403 διὰ
2412 1349 2651 1411 Μωσέως
2688 1348 2996 1417 λεγόμενον,
3016 1343 3334 1411 Γενηθήτω
3362 1339 3507 1410 φῶς,
3527 1341 3644 1401 καὶ,

2073 1441 2435 1513 Ἐξαγαγέτω
2455 1443 2494 1505 ἡ
2509 1441 2606 1512 γῆ,
2625 1441 2739 1503 καὶ,
2761 1439 3109 1508 Ποιήσωμεν
3122 1437 3452 1505 ἄνθρωπον,
3477 1433 3650 1504 ἡγοῦ-

2063 1554 2159 1607 μαι
2188 1535 2324 1608 (26),
2359 1535 2502 1588 καθὰ
2539 1534 2635 1588 καὶ
2665 1535 2722 1586 ὲν
2754 1535 2864 1596 τοῖς
2907 1529 3214 1603 ἔμπροσθεν
3253 1528 3491 1599 εἴρηται,
3539 1526 3647 1595 τῆς

2063 1629 2365 1700 βουλήσεως
2392 1626 2487 1680 τοῦ
2515 1624 2797 1688 ποιοῦντος
2820 1619 2958 1678 εἶναι
2983 1621 3143 1676 τοῦτο
3182 1619 3534 1691 σημαντικόν.
3560 1618 3648 1669 Τὰ

2065 1723 2158 1791 μὲν
2188 1722 2297 1792 γὰρ
2345 1719 2420 1790 μὴ
2458 1719 2588 1772 ὄντα
2629 1718 2779 1780 ποτὲ,
2811 1715 2925 1770 ἀλλ’
2969 1713 3166 1779 ἔξωθεν
3199 1711 3575 1780 ἐπιγινόμενα,
3612 1710 3649 1760 ὁ

1997 1790 2036 1844 Β
2063 1790 2400 1883 Δημιουργὸς
2457 1808 2767 1881 βουλεύεται
2827 1807 3048 1877 ποιῆσαι
3089 1804 3234 1876 (27)·
3290 1802 3382 1855 τὸν
3425 1801 3482 1854 δὲ
3509 1800 3650 1852 ἴδιον

2065 1903 2237 1972 Λόγον
2259 1901 2318 1966 ἐξ
2338 1901 2500 1956 αὑτοῦ
2529 1901 2687 1970 φύσει
2724 1897 3063 1967 γεννώμενον
3099 1896 3160 1949 οὺ
3189 1890 3645 1964 προδουλεύεται·

2065 1994 2322 2065 ἐντούτῳ
2370 1994 2478 2066 γὰρ
2508 1995 2539 2046 ό
2584 1993 2773 2062 Πατὴρ
2828 1989 2896 2043 τά
2937 1989 3110 2052 ἄλλα,
3149 1989 3250 2040 ὅσα
3304 1983 3645 2056 βουλεύεται,

2063 2087 2225 2146 ποιεῖ,
2253 2085 2347 2138 καὶ
2367 2085 2692 2154 δημιουργεῖ
2712 2084 2770 2134 ὲν
2793 2079 2968 2151 τούτῳ
2990 2098 3003 2110 ·
3033 2077 3214 2140 καθὼς
3239 2077 3334 2130 καὶ
3379 2075 3649 2137 Ἰάκωϐος

2063 2177 2094 2228 ό
2113 2175 2403 2240 ἀπόστολος
2428 2174 2690 2227 διδάσκων
2715 2172 2865 2240 ἔλεγε
2891 2188 2905 2202 ο
2941 2169 3265 2237 Βουληθεὶς
3291 2167 3649 2234 ἀπεκύησεν

2063 2265 2222 2338 ἡμᾶς
2243 2265 2408 2336 Α’όγῳ
2428 2266 2728 2334 ἀληθείας.
2764 2262 2970 2318 Οὐκοῦν
2993 2264 3026 2333 ή
3050 2262 3177 2334 περὶ
3209 2263 3425 2315 πάντων
3445 2258 3555 2310 τῶν
3580 2275 3647 2310 τε

2065 2357 2520 2428 ἀναγεννωμένων
2571 2357 2684 2428 (28)
2720 2355 2956 2410 καὶτῶν
3008 2354 3154 2421 ἅπαξ
3205 2353 3504 2425 γινομένων
3543 2351 3648 2404 10-3

2065 2450 2199 2502 Θεοῦ
2225 2449 2477 2520 βούλησις
2507 2450 2564 2502 ὲν
2595 2447 2674 2519 τῷ
2718 2448 2876 2518 Λόγῳ
2923 2447 3071 2500 ἐστὶν
3093 2489 3109 2512 ,
3141 2448 3198 2499 ὲν
3235 2439 3280 2514 ᾧ
3309 2447 3404 2499 καὶ
3443 2443 3514 2496 τά
3549 2443 3644 2496 δό-

2067 2540 2233 2607 ξαντα
2271 2542 2414 2594 ποιεῖ
2435 2540 2529 2594 καὶ
2551 2541 2838 2611 άναγεννᾷ.
2869 2541 2978 2593 Kal.
3014 2539 3168 2594 10610
3189 2538 3296 2611 γὰρ
3329 2538 3490 2591 πάλιν
3524 2535 3644 2606 (29)

2065 2635 2095 2686 ὁ
2137 2631 2457 2694 Ἀπόστολος
2503 2631 2780 2702 σημαίνει,
2813 2631 3040 2702 γράφων
3087 2633 3168 2694 εἰς
3203 2628 3642 2698 Θεσσαλονίκην·

2071 2722 2253 2778 Τοῦτο
2309 2721 2419 2792 γὰρ
2463 2723 2693 2790 θέλημα
2727 2721 2876 2775 Θεοῦ
2914 2721 2983 2773 ὲν
3015 2718 3247 2788 Χριστῷ
3311 2717 3503 2784 Ἰησοῦ
3551 2719 3648 2782 εις

2066 2813 2222 2882 ὑμᾶς
2259 2813 2392 2886 (50).
2430 2813 2492 2865 El
2520 2812 2606 2876 δὲ,
2637 2813 2695 2865 ὲν
2731 2805 2776 2881 ᾧ
2815 2814 2978 2875 ποιεῖ,
3001 2813 3059 2865 ὲν
3084 2810 3233 2881 αὐτῷ
3257 2809 3403 2879 καὶὴ
3439 2808 3646 2878 βούλη-

2069 2907 2154 2968 σίς
2176 2909 2314 2969 ἐστι,
2340 2907 2516 2960 καὶέν
2541 2904 2762 2976 Χριστῷ
2800 2905 2916 2958 ἐστι
2954 2903 3016 2956 τὸ
3043 2901 3250 2972 θέλημα
3269 2901 3362 2955 τοῦ
3388 2901 3602 2971 Πατρός
3626 2917 3640 2930 ·
3663 2940 3666 2943 .

2069 2995 2184 3059 πῶς
2215 2991 2438 3050 δύναται
2462 2996 2556 3049 καὶ
2580 2995 2740 3058 αὐτὸς
2762 2995 2820 3047 ἐν
2849 2993 3228 3064 βουλήσει,(51)
3248 2992 3340 3046 καὶ
3375 2990 3648 3062 θελήματι

2068 3085 2352 3157 γίνεσθαις
2393 3087 2454 3139 Ei
2486 3087 2594 3159 γὰρ
2622 3087 2714 3140 καὶ
2759 3087 2920 3148 αὐτὸς
2959 3087 3016 3138 ὲν
3051 3085 3300 3157 βουλήσει
3345 3083 3466 3136 καθ’
3495 3085 3648 3154 ὑμᾶς

386 3170 648 3226 voluntas
693 3187 816 3227 eum
856 3174 1075 3228 creandi
1122 3174 1178 3228 in
1225 3175 1333 3230 alio
1375 3176 1614 3246 quodam
1643 3177 1830 3242 verbo,
1869 3194 1959 3248 per

2069 3178 2308 3248 γέγονεν,
2365 3178 2581 3247 ἀνάγκη
2631 3178 2726 3230 καὶ
2757 3178 2854 3247 τὴν
2902 3177 3030 3248 περὶ
3077 3176 3240 3230 αὐτοῦ
3295 3175 3546 3246 βούλησιν
3583 3177 3644 3228 ἐν

385 3261 533 3333 quod
573 3271 627 3317 et
667 3261 782 3332 ipse
812 3264 937 3326 fiat,
979 3266 1361 3324 constituatur.
1406 3266 1686 3338 Siquidem
1727 3270 1966 3325 ostendi-

385 3369 510 3409 mus
534 3351 630 3409 Dei
657 3355 988 3411 voluntatcm
1023 3371 1135 3412 non
1169 3357 1223 3412 in
1255 3359 1420 3414 rebus
1447 3374 1568 3430 quae
1596 3359 1752 3424 ﬁunt,
1785 3361 1878 3416 sed
1907 3362 1964 3416 in

385 3445 482 3500 illo
513 3461 636 3502 esse
676 3462 774 3517 per
805 3463 966 3518 quem
1003 3459 1058 3504 et
1100 3451 1156 3504 iu
1203 3465 1314 3520 quo
1363 3466 1451 3506 res
1501 3451 1664 3508 tiunt.
1696 3451 1964 3508 Praeterea

383 3535 828 3607 quandoquidem
879 3537 1022 3593 idem
1063 3547 1150 3596 est
1191 3539 1372 3595 dicere
1399 3541 1678 3598 voluntate
1726 3542 1963 3613 aliquem

386 3625 591 3681 factum
635 3627 776 3695 esse,
809 3637 864 3684 et
909 3627 1080 3686 fuisse
1117 3631 1413 3702 aliquando
1452 3649 1578 3688 cum
1620 3649 1728 3690 nou
1773 3645 1961 3703 esset;

387 3717 522 3772 satis
545 3718 652 3774 illis
673 3719 745 3776 sit
772 3719 1043 3778 afﬁrmare
1081 3722 1250 3780 fuisse
1273 3725 1568 3796 aliquando
1595 3743 1718 3782 cum
1746 3744 1853 3784 non
1873 3745 1962 3784 es-

383 3819 489 3877 set,
521 3823 580 3869 ut
606 3815 812 3884 pudore
840 3817 1055 3883 sulIusi,
1087 3820 1233 3888 quod
1267 3817 1582 3891 bujusmodi
1605 3819 1795 3878 Verbis
1827 3832 1963 3878 tem-

383 3921 519 3977 pora
559 3908 952 3979 signiﬁcentur,
1001 3911 1305 3983 intelligant
1351 3927 1430 3980 se,
1471 3927 1596 3968 cum
1629 3911 1827 3968 Filium
1867 3929 1964 3969 vo-

385 3995 595 4051 luntate
638 3996 842 4054 factum
870 4013 994 4054 esse
1025 4001 1234 4068 dicunt,
1263 4011 1508 4073 tempora
1548 4003 1801 4058 similiter
1838 4018 1962 4061 ante

383 4084 582 4142 Filium
607 4089 880 4144 exstitisse
905 4090 1232 4161 signiﬁcare.
1269 4091 1366 4149 His
1395 4095 1560 4158 enim,
1584 4109 1703 4165 quae
1717 4095 1964 4165 aliquan-

382 4179 460 4234 do
493 4197 601 4236 non
638 4171 876 4249 fuerunt,
906 4190 966 4236 ut
987 4183 1244 4238 omnibus
1284 4184 1448 4240 rebus
1492 4186 1713 4250 creatis,
1738 4187 1962 4242 omnino

383 4272 658 4327 antecedit
702 4273 1039 4329 deliberatio.
1069 4273 1127 4328 Si
1159 4289 1288 4329 vero
1324 4273 1556 4332 Verbum
1591 4292 1772 4332 rerum
1805 4293 1960 4333 crea-

385 4369 562 4414 tarum
586 4369 670 4416 est
691 4361 891 4432 opifex,
920 4371 1081 4433 atque
1103 4379 1212 4418 una
1237 4379 1363 4420 cum
1393 4364 1554 4421 Patre
1585 4367 1800 4422 exsistit
1825 4387 1837 4423 :
1865 4369 1960 4440 qui

384 4449 484 4513 illi,
509 4451 602 4521 qui
628 4453 696 4507 ab
725 4453 1026 4510 aeternitate
1059 4455 1294 4522 exsistit,
1323 4457 1480 4526 quasi
1518 4456 1634 4526 ipse
1659 4468 1816 4513 antea
1850 4476 1959 4514 non

454 4563 500 4596 ”
524 4564 546 4617 Ι
570 4564 696 4621 Cor.
728 4581 769 4634 ι,
802 4567 856 4621 1.
930 4569 976 4602 ⁸³
1014 4566 1215 4640 Ephes.
1246 4585 1286 4636 ι,
1313 4570 1367 4624 5.
1433 4570 1449 4601 ⁸
1479 4569 1620 4627 Gen.
1648 4587 1688 4638 ι,
1719 4573 1771 4626 '5.

1877 4574 1898 4606 ³
1921 4573 2053 4628 tbid.
2094 4573 2182 4627 11.

2064 3271 2234 3342 ἑτέρῳ
2259 3272 2364 3324 τινὶ
2385 3271 2528 3342 νόγῳ
2559 3269 2928 3335 συνίστασθαι,
2967 3268 3034 3321 δι’
3084 3262 3144 3321 οὗ
3184 3269 3278 3321 καὶ
3309 3268 3472 3330 αὐτὸς
3493 3269 3647 3336 γενε-

2063 3381 2152 3417 ται
2175 3381 2189 3395 ο
2221 3363 2486 3416 δέδεικται
2511 3361 2620 3432 γὰρ
2655 3364 2687 3432 ή
2724 3361 2816 3414 τοῦ
2851 3361 2984 3414 Θεοῦ
3020 3359 3272 3430 βούλησις
3299 3361 3401 3413 οὐκ
3436 3360 3495 3413 ὲν
3525 3362 3647 3422 τοῖς

2063 3455 2368 3526 γινομένοις
2401 3451 2555 3516 οὖσα,
2599 3453 2714 3507 ἀλλ’
2742 3455 2801 3506 ὲν
2835 3451 2914 3522 τῷ
2944 3451 3010 3504 δι’
3041 3445 3102 3505 οὗ
3145 3451 3238 3504 καὶ
3261 3451 3320 3502 ἐν
3349 3443 3395 3518 ᾧ
3427 3450 3644 3517 γίνεται

2061 3545 2133 3600 τὰ
2157 3548 2431 3616 ποιήματα
2452 3545 2628 3598 πάντα
2647 3543 2780 3614 (32).
2811 3540 3042 3596 Ἔπειτα
3064 3542 3254 3613 ἐπειδὴ
3270 3541 3466 3595 ταύτόν
3488 3543 3645 3594 ἐστιν

2064 3638 2236 3690 εἰπεῖν
2261 3636 2530 3707 βουλήσει,
2559 3636 2670 3698 καὶ,
2697 3630 2806 3688 Ἦν
2824 3649 2952 3686 ποτε
2971 3635 3060 3686 ὅτε
3081 3633 3182 3686 οὐκ
3207 3628 3296 3703 ἦν,
3333 3630 3645 3702 ἀρκείσθω-

2065 3746 2164 3784 σαν
2190 3729 2268 3799 τῴ
2301 3729 2497 3796 λέγειν,
2527 3723 2633 3780 Ἦν
2678 3744 2807 3780 ποτε
2839 3727 2926 3780 ὅτε
2953 3726 3053 3779 οὐκ
3083 3720 3148 3795 ἦν
3169 3741 3183 3756 ο
3227 3725 3342 3786 ἵνα,
3383 3724 3643 3793 αἰσχυνό-

2067 3837 2217 3890 μενοι
2251 3819 2338 3872 sta
2381 3818 2443 3872 τὸ
2485 3821 2548 3871 ὲκ
2578 3817 2764 3870 τούτου
2799 3817 3023 3888 χρόνους
3077 3814 3189 3885 (55)
3251 3813 3639 3886 σημαίνεσθαι,

2062 3912 2282 3981 γνῶσιν,
2313 3912 2394 3964 ὅτι
2420 3911 2513 3964 καὶ
2541 3911 2790 3980 βουλήσει
2814 3909 3063 3977 λέγοντες
3100 3907 3327 3978 χρόνους
3357 3905 3464 3977 πρὸ
3504 3905 3640 3958 Υἱοῦ

2064 4004 2422 4075 σημαίνουσι·
2461 4003 2570 4056 τῶν
2604 4004 2712 4074 γάρ
2741 4019 2868 4056 ποτε
2906 4001 2979 4074 μὴ
3011 4002 3180 4054 όντων
3225 4002 3542 4072 προηγεῖται
3575 3999 3643 4052 τὸ

2064 4095 2409 4166 βουλεύεσθαι
2436 4095 2568 4165 (54),
2592 4095 2666 4159 ὡς
2695 4095 2786 4148 ἐπὶ
2818 4095 3034 4148 πάντων
3065 4092 3173 4146 τῶν
3199 4093 3534 4162 κτισμάτων.
3572 4091 3639 4144 Et

2061 4187 2119 4241 δὲ
2141 4190 2170 4241 ὁ
2196 4188 2365 4256 Λόγος
2399 4187 2506 4241 τῶν
2535 4188 2631 4258 μὲν
2664 4185 2980 4256 κτισμάτων
3015 4187 3130 4239 ἐστὶ
3158 4185 3508 4257 δημιουργὸς,
3535 4184 3637 4237 αὺ-

2061 4281 2152 4342 τὸς
2175 4279 2232 4332 δὲ
2265 4279 2598 4349 συνυπάρχει
2613 4276 2692 4347 τῷ
2717 4277 2891 4348 Πατρί
2909 4292 2920 4304 ·
2945 4277 3061 4339 πῶς
3087 4275 3310 4330 δύναται
3331 4275 3424 4328 106
3449 4275 3639 4337 ἀϊδίως

2061 4370 2244 4434 ὄντος,
2270 4369 2345 4434 ὡς
2371 4371 2445 4440 μὴ
2470 4369 2642 4432 ὄντος,
2677 4367 3038 4439 προηγεῖσθαι
3071 4368 3129 4420 τὸ
3162 4365 3542 4437 βουλεύεσθαι;
3570 4366 3636 4417 Et

2067 4459 2176 4532 γὰρ
2221 4463 2540 4532 προηγεῖται
2579 4459 2763 4530 βουλὴ,
2817 4459 2932 4523 πῶς
2986 4459 3051 4512 δι’
3102 4459 3265 4512 αὑτοῦ
3317 4458 3384 4512 τὰ
3423 4458 3634 4517 πάντας

2289 4574 2309 4605 ³
2335 4573 2464 4628 ibid.
2505 4572 2594 4626 26.
2692 4572 2714 4604 ⁸
2743 4570 2858 4626 Jac.
2888 4570 3034 4639 t,l8.
3125 4569 3187 4624 Ἰ
3215 4569 3409 4626 Thess.
3445 4587 3499 4634 v,
3545 4573 3656 4625 l7.l

454 4719 584 4801 (μ’)
617 4719 712 4801 S_ic
735 4719 867 4801 Reg.
896 4722 932 4789 ξι
976 4733 1031 4778 et
1063 4722 1284 4801 Sgguer.
1310 4724 1380 4801 At
1395 4727 1486 4781 alii
1518 4736 1572 4782 et
1593 4727 1741 4801 editi,
1757 4727 1956 4801 έῦσπερ

2069 4731 2186 4785 mel.
2219 4731 2298 4794 εἰς
2330 4731 2492 4801 ὑμᾶς.
2528 4731 2664 4788 Ibid.
2695 4729 2839 4801 Felc.
2871 4731 2923 4795 5,
2957 4731 3020 4801 Εἰ
3049 4725 3141 4784 οὖν
3174 4732 3231 4783 ἐν
3329 4734 3488 4785 ποιεῖ.

380 4785 717 4870 οὖνηὲντοϊς.
745 4785 913 4858 infra,
944 4803 1066 4863 post
1096 4785 1306 4867 ὥσπερ,
1351 4797 1502 4853 deest
1541 4799 1632 4851 καί
1675 4785 1740 4853 in"
1757 4797 1888 4870 Reg.
1922 4785 1947 4854 ἰ

382 4869 438 4916 et
470 4859 693 4930 Seguer.
735 4928 759 4930 ᾗ
944 4859 963 4863 ⁷
1008 4929 1015 4930 7
1126 4877 1132 4882 ’

386 4997 400 5011 .
455 4928 693 5012 (Ξῇξοδίε
733 4928 867 5012 Reg.
901 4930 954 5012 l_,
998 4929 1235 5012 seguer.
1275 4933 1493 4990 Gobler.
1537 4942 1592 4991 et
1620 4935 1765 4993 Felc.
1801 4938 1852 4992 1.
1884 4935 1954 4993 At

385 5000 438 5054 in
464 5000 594 5074 aliis
619 5011 681 5074 et
707 5000 870 5074 editis
913 5002 1060 5074 deest
1075 5000 1205 5074 τήν.

476 5068 819 5141 $.55)_Regius
847 5071 1054 5141 primus
1079 5068 1412 5141 et'chuer.,
1451 5073 1524 5128 Τὸ
1548 5075 1626 5128 δέ.

587 5137 800 5214 Gobler.
817 5137 886 5214 et
911 5139 1052 5196 Felc.
1074 5142 1131 5214 d,
1157 5137 1460 5214 ἡγούμεθα.

457 5208 568 5284 (27)
616 5208 708 5264 Sic
747 5210 959 5284 primus
989 5208 1402 5284 codex'Reg'ius
1432 5222 1486 5268 et
1521 5211 1745 5284 Seguer.
1783 5215 1872 5272 bic
1896 5224 1951 5272 et

383 5279 546 5355 paulo
573 5280 1033 5355 post,__iidemque
1078 5297 1205 5355 mox
1239 5279 1739 5355 γέννὼμενον.ἈΙίἱ
1771 5297 1950 5342 autem

384 5347 439 5401 et
459 5347 608 5420 editi,
642 5347 888 5420 βούλεται
919 5347 974 5405 et
1003 5352 1223 5420 γεννῶν.

454 5417 566 5495 (28)
595 5417 728 5495 Reg.
749 5417 1056 5495 l,_Seguei_'.
1089 5421 1304 5495 Gobler.
1327 5430 1383 5477 et
1405 5422 1548 5480 Felc.
1577 5425 1630 5492 1,
1657 5424 1762 5479 τῶν
1786 5427 1947 5495 ἀναγ.

381 5487 502 5562 Alii
516 5496 577 5562 et
597 5490 768 5562 editio
793 5487 1080 5562 Commel.,
1106 5493 1215 5562 τῶν
1241 5508 1298 5547 τε
1331 5496 1492 5562 ἀναγ.

453 5557 564 5636 {29)
597 5556 794 5636 βοείῳ
820 5556 1483 5636 primus‘etSeguerian.)
1525 5564 1636 5618 Kal.
1664 5563 1817 5618 10610
1846 5563 1949 5636 γὰρ

383 5611 565 5704 παις
600 5611 808 5704 usus
821 5611 1408 5704 re;'aiaiig'agasasg;

455 5699 566 5772 (30)
599 5697 727 5770 Reg.
758 5699 814 5768 2,
845 5700 922 5764 ei;
952 5701 1116 5772 ἡμᾶς.
1141 5697 1332 5761 Caneri
1356 5697 1494 5761 "mss.
1518 5714 1573 5763 et
1599 5703 1764 5762 editio
1795 5703 1969 5763 Coms

2130 4802 2208 4870 (51
2217 4814 2239 4873 _)
2275 4800 2379 4873 δξο
2403 4801 2537 4873 Reg.
2587 4800 3178 4873 1-,Α8θευε-ταϐουιειδ.
3219 4811 3273 4855 et
3306 4802 3448 4856 Fe|c.
3485 4803 3533 4873 l.
3573 4804 3634 4857 In

2057 4870 2188 4940 Reg.
2210 4870 2265 4934 2,
2301 4871 2465 4928 Basil.
2490 4870 2562 4927 ὀι
2600 4870 2744 4925 Felc.
2771 4870 2825 4932 5,
2858 4870 3086 4940 habetur
3117 4884 3332 4940 quoque
3360 4872 3631 4938 γίνεσθαι,

2055 4939 2162 4994 Alii
2193 4949 2251 5012 et
2274 4941 2425 5004 editi,
2457 4942 2516 4994 ὲν
2541 4941 2755 5012 θελήσει
2786 4941 2877 5012 καὶ
2908 4939 3202 5012 βουλήματι
3228 4939 3498 5012 γενέσθαι.
3531 4943 3635 4996 lbi-

2055 5013 2177 5082 tletn
2220 5010 2350 5080 Reg.
2405 5013 2431 5065 1
2483 5021 2536 5067 et
2564 5010 2816 5082 Seguet‘.,
2844 5011 2902 5062 ὲν
2937 5010 3208 5079 βουλήσει.
3238 5011 3375 5064 Editi
3404 5013 3630 5081 aliique,

2055 5083 2114 5134 ὲν
2142 5080 2460 5151 βουλήματι.

2130 5147 2243 5220 (⁷52)
2269 5147 2451 5204 Πάντα
2484 5150 2636 5206 abest
2667 5166 2698 5204 a
2732 5149 2865 5218 Reg.
2916 5148 2943 5204 ί
2990 5157 3046 5205 et
3088 5147 3314 5220 Seguer.
3347 5159 3400 5204 et
3440 5149 3633 5206 ἔπειτα

2056 5233 2087 5274 a
2120 5220 2336 5274 Gobler.
2372 5231 2424 5276 et
2447 5221 2590 5275 Felc.
2622 5221 2674 5276 l.

2148 5290 2253 5362 ὅόλ
2271 5291 2364 5362 Sic
2396 5289 2855 5362 ﬁegius‘primus,
2879 5286 3207 5362 Seguerian.
3232 5288 3543 5362 Goltlerian.
3575 5299 3633 5346 et

2054 5358 2284 5433 Felc.'_l.
2313 5360 2391 5433 At
2409 5358 2656 5433 Fele._5_',_
2681 5363 2746 5414 ὲκ
2771 5362 2866 5433 τοῦ
2895 5358 3136 5433 χρδνους.
3171 5360 3362 5433 Caette
3389 5370 3451 5433 et
3474 5359 3628 5424 editi,

2055 5429 2250 5501 ὲκτοῦ
2294 5430 2507 5501 χρόνον.
2548 5431 2748 5501 ibidem
2794 5429 2927 5501 Reg.
2961 5431 3013 5492 1,
3047 5429 3272 5501 Seguer.
3318 5429 3539 5501 Gobler.
3575 5440 3630 5484 et

2053 5499 2196 5572 Felc.
2224 5499 2504 5572 ηὸτικαὶ
2541 5499 2808 5572 βουλήσει.
2829 5499 2897 5572 Διιὶ
2931 5501 3052 5555 aliis
3071 5499 3307 5556 eteditis
3335 5499 3428 5553 καί
3454 5503 3626 5556 deest.

2127 5569 2239 5642 (54)
2272 5571 2470 5642 Regius
2499 5569 2709 5642 primus
2736 5581 2791 5626 et
2822 5570 3173 5642 seguer._ltic
3203 5579 3257 5626 et
3291 5572 3456 5640 paulo
3479 5581 3626 5640 post,

2055 5639 2423 5710 βουλεύεσθαι.
2457 5641 2560 5698 Alii
2594 5651 2648 5700 et
2674 5643 2826 5712 editi,
2863 5639 3167 5711 βούλεσθαι.
