3834 6220
215 331 326 386 £53

1343 324 1604 383 ORATIO
1630 324 1698 382 lli
1737 325 2018 382 CONTRA
2054 323 2376 382 ANANOS.

3387 328 3456 386 ιζὶ
3467 326 3494 384 ι

212 444 437 500 Μᾶλλον
473 444 586 515 γὰρ
618 435 699 507 εἷς
737 440 846 497 τῶν
870 441 1089 495 πάντων
1119 441 1234 504 (55)
1264 442 1384 496 ἐστὶ
1423 443 1673 515 βουλήσει
1704 443 1792 498 καὶ

1905 441 2116 508 fuisset,
2145 455 2308 515 queat
2351 442 2672 500 deliberatio
2714 443 3076 500 antecedere?
3108 443 3166 500 Si
3204 444 3348 501 enim
3385 462 3488 502 an-

210 537 377 600 αὐτὺς
407 534 742 608 ἀποκυηθεὶς
762 535 909 600 Υίὸς,
940 533 1130 603 ὥσπερ
1155 534 1250 588 καὶ
1273 535 1436 605 ἡμεῖς
1470 535 1627 606 Λόγῳ
1668 535 1798 606 ἀλη-

211 629 368 692 θείας
390 629 697 698 γεγόναμεν
721 627 862 681 υιοί’
897 628 991 681 καὶ
1030 626 1216 680 λοιπὸν
1260 628 1409 697 ἡμᾶς
1448 627 1660 698 ἀνάγκη
1704 627 1800 700 ζη-

212 721 348 781 τεῖν,
379 717 572 789 ὥσπερ
615 719 850 790 εἴρηται,
883 718 1040 774 ἄλλον
1070 718 1278 786 Λόγον,
1317 719 1386 773 δι’
1427 714 1488 774 οῦ
1522 721 1616 773 καί
1646 713 1800 782 οὗτος

213 807 430 877 γέγονε,
457 811 553 863 καί
587 810 873 882 ἀπεκυήθη
910 809 1048 882 μετὰ
1076 810 1293 864 πάντων
1312 850 1328 878 ,
1359 803 1435 865 ὧν
1467 811 1731 882 ἠθέλησεν
1767 813 1797 865 ό

212 899 369 962 Θεός.

1902 535 2102 592 tecedit
2126 536 2464 604 deliberatio,
2497 536 2771 608 quomodo
2806 551 2900 606 per
2927 538 3101 608 ipsum
3131 539 3317 594 omnia
3343 522 3488 594 facta

1903 627 2070 684 sunt?
2119 628 2263 696 Quin
2315 629 2496 700 potius
2556 631 2672 700 ipse
2721 644 2942 700 quoque
2998 628 3170 685 Filius
3217 629 3360 684 inter
3403 646 3491 686 res

1902 735 2096 775 omnes
2127 722 2498 778 numerandus
2523 723 2662 787 erit,
2703 730 2892 792 utpote
2917 723 3198 778 voluntate
3231 738 3487 793 procrea-

1905 821 2013 878 tus,
2048 813 2503 883 quemadmodum
2532 822 2589 869 et
2629 828 2730 869 nos
2757 812 2935 869 Verbo
2967 815 3214 870 veritatis
3237 813 3365 870 facti
3393 831 3482 869 su-

1899 917 2024 957 mus
2056 904 2182 972 lilii;
2223 919 2288 960 ac
2329 905 2556 974 proinde
2590 919 2814 960 necesse
2863 914 2969 971 est,
3035 905 3112 960 uti
3139 905 3344 962 dictum
3373 915 3488 969 est.

215 982 364 1044 aliud
401 1007 713 1062 quaeramus
745 991 1010 1062 Verbum,
1040 1008 1137 1065 per
1165 992 1312 1064 quod
1338 992 1480 1049 istud
1507 1007 1725 1064 quoque
1753 991 1826 1049 sit
1864 991 2090 1062 factum,
2117 999 2124 1010 ‘
2151 1004 2206 1050 et
2247 1011 2375 1051 cum
2405 995 2681 1064 omnibus,
2719 1011 2842 1066 qua:
2873 994 3018 1051 Deus
3049 995 3351 1068 producere
3392 1010 3489 1052 vo-

214 1080 340 1145 luit,
367 1093 737 1151 procreatum.

281 1169 372 1224 62.
406 1171 472 1223 Εἰ
506 1173 603 1242 μὲν
628 1167 720 1226 οῦν
747 1175 894 1226 ἐστιν
921 1171 1106 1244 ἕτερος
1128 1171 1222 1226 τοῦ
1247 1171 1384 1226 Θεοῦ
1417 1171 1587 1240 Λόγος
1611 1211 1627 1235 ,
1657 1171 1799 1226 ἔστω

1964 1167 2052 1222 62.
2119 1165 2175 1222 Si
2227 1165 2392 1236 igitur
2436 1175 2521 1223 est
2572 1167 2720 1224 aliud
2770 1167 2868 1242 Dei
2914 1169 3149 1225 Verbum
3194 1188 3208 1226 :
3249 1173 3488 1238 concedo

209 1261 312 1313 καὶ
341 1255 501 1325 οὗτος
527 1263 687 1334 Λόγῳ
719 1263 960 1333 γεγονώς
979 1281 994 1297 ·
1013 1266 1062 1318 εἰ
1094 1264 1152 1317 δὲ
1188 1265 1261 1335 μὴ
1279 1263 1426 1316 ἔστιν
1464 1263 1620 1328 ἄλλος
1678 1263 1792 1328 (οὐκ

1905 1257 2134 1314 Verbum
2165 1255 2346 1313 Verbo
2367 1274 2489 1314 esse
2520 1258 2745 1314 factum.
2774 1261 2841 1314 At
2869 1261 2915 1315 si
2939 1261 3088 1316 aliud
3113 1263 3322 1318 nullum
3360 1274 3446 1320 est
3468 1307 3485 1334 ,

207 1349 328 1402 ἐστι
353 1351 512 1421 γάρὶ,
539 1351 678 1406 ἀλλὰ
719 1353 894 1406 πάντα
918 1354 985 1406 δι’
1011 1353 1176 1408 αὑτοῦ
1203 1353 1448 1422 γέγονεν,
1466 1354 1609 1425 ἅπερ
1638 1354 1666 1406 ὁ
1692 1355 1804 1406 Πα-

206 1437 317 1509 τὴρ
359 1438 681 1511 βεϐούληται
713 1439 824 1511 (36)
847 1459 858 1469 ο
894 1440 1008 1504 πῶς
1041 1441 1102 1493 ου
1129 1441 1403 1494 δείκνυται
1453 1441 1659 1494 τούτων
1701 1457 1798 1494 πο·

206 1530 519 1600 λυκέφαλος
556 1533 892 1604 πανουργία;
927 1535 1046 1586 Ὀτι
1081 1534 1562 1604 καταισχυνθέντες
1590 1533 1683 1587 ἐπὶ
1719 1532 1797 1605 τῷ

208 1620 398 1690 λέγειν
430 1622 639 1693 ποίημα
662 1625 755 1677 καὶ
787 1624 1013 1694 κτίσμα,
1047 1624 1164 1684 καὶ,
1182 1625 1296 1677 Οὐκ
1319 1619 1386 1694 ἦν
1410 1625 1538 1696 πρὶν
1563 1623 1796 1696 γεννηθῇ

209 1715 242 1767 ό
267 1712 366 1766 τοῦ
401 1713 538 1766 Θεοῦ
568 1715 760 1783 Λόγος,
790 1715 964 1778 ἄλλως
993 1716 1152 1769 πάλιν
1174 1717 1379 1787 κτίσμα
1409 1715 1658 1784 λέγουσιν
1705 1717 1802 1770 αὐ-

208 1804 307 1859 τὸν
327 1802 492 1871 εἶναι,
523 1806 778 1879 βούλησιν
809 1806 1237 1878 προϐαλλόμενοι
1269 1809 1365 1860 καὶ
1405 1806 1684 1876 λέγοντες·
1737 1808 1798 1860 Εἰ

212 1897 291 1969 μὴ
319 1897 571 1970 βουλήσει
591 1898 850 1967 γέγονεν,
894 1899 1088 1953 οὐκοῦν
1125 1901 1336 1970 ἀνάγκῃ
1384 1899 1478 1953 καὶ
1515 1899 1590 1970 μὴ
1631 1898 1798 1953 θέλων

209 1991 373 2060 ἔσχεν
402 1991 432 2042 ό
451 1990 583 2054 Θεὸς
617 1990 764 2044 Υίόν.
806 1992 1010 2054 Καὶτίς
1039 1993 1066 2042 ὁ
1092 1991 1190 2062 τὴν
1243 1991 1485 2062 ἀνάγκην
1529 1989 1800 2044 ἐπιϐαλὼν

210 2081 386 2151 αὐτῷ,
411 2081 790 2153 πονηρότατοι,
816 2083 910 2136 καὶ
933 2084 1043 2152 (57)
1077 2083 1252 2136 πάντα
1282 2083 1418 2153 πρὸς
1449 2083 1549 2154 τὴν
1591 2082 1800 2154 αἵρεσιν

211 2175 429 2229 ἑαυτῶν
450 2175 731 2240 ἕλκοντες;
757 2175 829 2228 Τὸ
859 2175 955 2243 μὲν
980 2173 1086 2245 γὰρ
1121 2174 1490 2244 ἀντικείμενον
1516 2175 1582 2244 τῇ
1612 2173 1801 2246 βουλή-

213 2285 300 2320 σει
347 2267 654 2337 ἑωράκασι·
710 2265 771 2319 τὸ
819 2265 875 2318 δὲ
921 2267 1102 2336 μεῖζον
1143 2266 1238 2318 καὶ
1284 2265 1675 2337 ὑπερκείμενον
1701 2265 1800 2318 οὐκ

213 2356 556 2428 ἐθεώρησαν.
586 2357 794 2430 Ὠσπερ
836 2355 945 2427 γὰρ
985 2355 1286 2408 ἀντίκειται
1327 2358 1392 2426 τῇ
1443 2354 1692 2427 βουλήσει
1737 2355 1800 2408 τὸ

213 2449 372 2520 παρὰ
396 2448 641 2519 γνώμην,
668 2447 840 2511 οὕτως
861 2447 1177 2518 ὑπέρκειται
1217 2448 1310 2500 καὶ
1348 2449 1667 2517 προηγεῖται
1705 2444 1798 2500 τοῦ

215 2540 573 2610 βουλεύεσθαι
612 2540 722 2611 (58)
752 2539 812 2592 τὸ
842 2538 983 2592 κατὰ
1013 2537 1194 2608 φύσιν.
1227 2538 1415 2592 Οἰκίαν
1443 2539 1540 2608 μὲν
1587 2533 1680 2591 οὖν
1714 2555 1798 2601 τις

214 2634 604 2705 βουλευόμενος
652 2631 1072 2696 κατασκευάζει,
1116 2631 1228 2684 υἱὸν
1250 2630 1305 2684 δὲ
1330 2632 1493 2701 γεννᾷ
1523 2630 1662 2684 κατὰ
1693 2629 1797 2698 φύ-

217 2743 304 2779 σιν
329 2744 342 2758 ’
371 2725 466 2780 καὶ
501 2723 562 2779 τὸ
589 2726 689 2796 μὲν
704 2721 968 2795 βουλήσει
1016 2721 1559 2792 κατασκευαζόμενον
1592 2720 1796 2792 ἤρξατο

215 2816 488 2886 γενεσθαι,
523 2817 620 2870 καὶ
642 2814 850 2879 ἔξωθέν
881 2815 999 2866 ἐστι
1043 2817 1135 2866 τοῦ
1164 2813 1476 2874 ποιοῦντοςο
1524 2813 1552 2864 ό
1587 2811 1643 2864 δὲ
1679 2811 1796 2876 υἱὸς

215 2907 353 2961 ἴδιόν
384 2908 500 2959 ἐστι
532 2907 634 2976 τῆς
659 2905 845 2968 οὐσίας
878 2904 970 2956 τοῦ
1012 2903 1219 2974 πατρὸς
1252 2901 1497 2974 γέννημα
1517 2941 1532 2966 ,
1571 2902 1665 2956 καὶ
1695 2902 1796 2956 οὐκ

215 2997 367 3050 ἐστιν
406 2995 604 3062 ἔξωθεν
646 2994 810 3048 αὑτοῦ
847 2994 988 3066 (59)·
1022 2991 1102 3045 διὸ
1139 2989 1259 3045 οὐδὲ
1315 2991 1627 3062 βουλεύεται
1669 2992 1797 3064 περὶ

216 3087 410 3152 ιιᾰτοῦ,
443 3088 530 3140 ἵνα
562 3086 643 3158 μὴ
690 3086 787 3140 καὶ
841 3084 967 3157 περὶ
997 3080 1190 3137 ἑαυτοῦ
1242 3081 1372 3153 δοκῇ
1425 3081 1811 3153 βουλεύεσθαι.

217 3183 372 3252 Ὅσῳ
396 3176 489 3234 οῦν
520 3179 612 3234 τοῦ
639 3179 937 3250 κτίσματος
965 3178 993 3230 ὁ
1037 3175 1149 3238 υἱὸς
1184 3175 1524 3246 ὑπέρκειται,
1557 3175 1796 3246 τοσούτῳ

212 3273 313 3328 καὶ
341 3271 442 3341 τῆς
471 3269 774 3341 βουλήσεως
801 3264 862 3321 τὺ
889 3265 1029 3320 κατὰ
1056 3265 1252 3334 φύσιν*
1287 3267 1382 3321 καὶ
1433 3264 1538 3318 ἔδει
1577 3267 1794 3330 αὐτοὺς,

214 3367 536 3430 ἀκούοντας,
565 3367 624 3419 οὐ
652 3363 903 3436 βουλήσει
937 3361 1246 3430 λογίζεσθαι
1271 3361 1332 3414 τὸ
1353 3361 1496 3416 κατὰ
1525 3359 1706 3431 φύσιν.
1729 3360 1795 3413 Οἱ

207 3461 272 3513 δὲ
303 3459 686 3530 ἐπιλαθόμενοι
715 3455 852 3527 (40),
888 3456 971 3508 ὅτι
1019 3453 1147 3525 περὶ
1175 3451 1304 3507 Υίοῦ
1343 3452 1478 3506 Θεοῦ
1512 3452 1792 3519 ἀκούουσι,

209 3552 489 3622 τολμῶσιν
545 3549 892 3620 ἀνθρωπίνας
928 3546 1227 3608 ἀντιθέσεις
1264 3546 1444 3614 λέγειν
1488 3546 1580 3597 ἐπὶ
1617 3544 1752 3598 Θεοῦ
1777 3585 1793 3611 ,

213 3645 466 3714 ἀνάγκην
507 3642 622 3713 (41)
660 3641 755 3694 καὶ⁹
805 3638 956 3710 παρὰ
996 3635 1243 3710 γνώμην,
1274 3637 1360 3691 ἵνα
1388 3637 1448 3690 τὸ
1479 3633 1620 3690 εἶναι
1667 3637 1795 3690 Υίὸν

211 3735 470 3807 ἀληθινὸν
498 3734 840 3805 ἁρνήσωνται
871 3729 964 3784 τοῦ
985 3729 1117 3783 Θεοῦ
1137 3747 1149 3759 ·
1181 3730 1302 3783 ἐπεὶ
1331 3730 1639 3785 εἰπάτωσαν
1662 3731 1795 3802 ἡμῖν

209 3830 371 3885 αὐτοί
395 3845 410 3860 ⁸
447 3826 521 3881 Τὸ
543 3825 745 3896 ἀγαθὸν
786 3819 922 3876 εἶναι
970 3822 1063 3875 καὶ
1099 3822 1420 3892 οἰκτίρμονα
1443 3822 1534 3875 τὸν
1567 3821 1701 3874 Θεὸν
1732 3823 1795 3875 ὲκ

209 3923 529 3995 ⁴ίδνουλήσεως
579 3920 869 3988 πρόσεστιν
894 3913 1064 3984 αὐτῷ,
1099 3913 1131 3984 ἦ
1183 3915 1242 3966 οὐ
1273 3913 1522 3985 βουλήσει
1557 3913 1705 3981 (42);
1733 3913 1796 3966 Εἰ

213 4018 316 4089 μὲν
343 4010 437 4070 οῦν
465 4016 530 4067 ὲκ
553 4010 874 4082 βουλήσεως,
908 4007 1128 4058 σκοπεῖν
1152 4005 1265 4068 δεῖ,
1318 4007 1399 4058 ὅτι
1447 4003 1650 4076 ἤρξατο
1698 4003 1796 4074 μὲν

208 4107 353 4163 εἶναι
381 4105 606 4175 ἀγαθὸς,
636 4103 728 4156 καὶ
766 4103 828 4154 τὸ
861 4102 935 4174 μὴ
974 4097 1112 4156 εἶναι
1155 4098 1212 4152 δὲ
1252 4097 1413 4151 αὑτὸν
1440 4095 1644 4165 ἀγαθὸν
1681 4094 1792 4166 (45)

205 4199 562 4271 ἐνδεχόμενόν
581 4201 722 4251 ἐστι.
750 4193 825 4249 Τὸ
862 4195 972 4265 γὰρ
1006 4190 1356 4263 βουλεύεσθαι
1391 4188 1485 4242 καὶ
1521 4188 1796 4258 προαιρεῖ-

210 4296 338 4349 σθαι
367 4295 448 4356 εἰς
475 4291 712 4361 ἑκάτερα
735 4289 834 4359 τὴν
857 4285 1026 4359 ῥοπὴν
1057 4285 1190 4354 ἔχει,
1211 4283 1307 4336 καὶ
1329 4281 1552 4352 λογικῆς
1574 4278 1786 4349 φύσεώς

208 4391 329 4442 ἐστι
356 4385 516 4440 τοῦτο
537 4384 707 4445 πάθος
729 4380 863 4451 (44).
894 4380 958 4432 Εἰ
979 4378 1036 4431 δὲ
1063 4376 1152 4429 διὰ
1182 4375 1240 4428 τὸ
1264 4377 1328 4427 ἐκ
1357 4373 1562 4426 τούτων
1594 4372 1790 4425 ἄτοπον

1899 1353 1976 1407 uti
2011 1367 2069 1407 se
2110 1367 2195 1406 res
2228 1351 2391 1408 habet
2415 1393 2430 1417 ,
2465 1353 2562 1408 sed
2589 1354 2775 1409 omnia
2809 1369 2905 1424 per
2948 1355 3125 1426 ipsum
3166 1357 3306 1412 facta
3337 1368 3486 1426 sunt,

1901 1460 2024 1514 qua:
2053 1443 2212 1498 Pater
2239 1443 2356 1498 ﬁeri
2383 1445 2559 1500 voluit
2594 1464 2607 1500 :
2651 1460 2831 1500 annon
2862 1446 2988 1501 inde
3015 1447 3182 1518 liquet
3211 1450 3487 1504 multifor-

1901 1549 2047 1588 mem
2077 1549 2199 1589 esse
2242 1534 2458 1589 illorum
2494 1535 2827 1590 versutiam?
2868 1535 3116 1606 Namque
3162 1549 3320 1594 veriti
3353 1537 3487 1594 Ver-

1898 1626 2027 1680 bum
2062 1624 2157 1680 Dei
2190 1624 2393 1681 l‘actum
2425 1634 2480 1681 et
2513 1635 2757 1682 creatum
2789 1626 2988 1693 dicere,
3024 1628 3110 1683 vel
3153 1645 3262 1684 non
3299 1629 3476 1687 fuisse

1900 1717 2216 1786 priusquam
2247 1718 2486 1788 genitum
2516 1726 2620 1784 est,
2656 1718 2834 1787 ipsum
2865 1719 2969 1774 alia
2997 1718 3208 1774 ratione
3235 1733 3478 1786 creatum

1900 1822 2023 1863 esse
2074 1817 2343 1862 conantur
2397 1809 2704 1876 ostendere,
2759 1825 2884 1864 cum
2939 1811 3233 1868 voluntatis
3282 1830 3482 1870 nomen

1905 1897 2262 1965 przetendunt,
2293 1907 2346 1952 et
2379 1897 2495 1952 haec
2518 1897 2769 1951 dictitant
2802 1915 2816 1952 :
2856 1896 2912 1950 Si
2943 1898 3222 1954 voluntate
3254 1916 3362 1954 non
3395 1899 3479 1954 fa-

1900 1998 2047 2044 ctum
2079 1997 2182 2053 est,
2222 2003 2351 2059 ergo
2379 1987 2701 2044 necessitate
2745 1997 2800 2045 et
2847 1988 3040 2044 nolens
3090 1988 3232 2045 Deus
3280 1989 3480 2046 Filium

1901 2083 2112 2139 habuit.
2154 2082 2355 2153 Ecquis
2393 2081 2556 2152 igitur
2605 2081 2988 2137 necessitatem
3033 2083 3112 2138 illi
3160 2093 3337 2155 potest
3380 2085 3483 2140 im-

1899 2190 2131 2246 ponere,
2175 2189 2209 2229 o
2252 2172 2656 2230 sceleratissimi
2691 2214 2708 2241 ,
2752 2176 2845 2245 qui
2890 2176 3073 2231 omnia
3117 2177 3184 2232 ad
3244 2187 3478 2232 vestram

1899 2266 2148 2322 haeresim
2181 2265 2494 2321 altrahitis?
2528 2263 2748 2321 Scilicet
2785 2266 3036 2320 viderunt
3064 2268 3281 2338 quidem
3332 2269 3479 2339 quod

1897 2356 2164 2411 voluntati
2209 2357 2546 2426 apponitur:
2595 2364 2651 2410 at
2694 2355 2840 2428 quod
2892 2355 3072 2426 majus
3116 2365 3171 2412 et
3223 2359 3480 2428 superius

1899 2454 2004 2513 est,
2033 2447 2257 2501 minime
2283 2446 2683 2502 intellexerunt.
2715 2443 2791 2500 Ut
2829 2445 2975 2499 enim
3007 2445 3272 2500 voluntati
3303 2463 3479 2518 oppo-

1899 2537 2048 2592 nitur
2077 2537 2129 2592 id
2157 2537 2302 2608 quod
2331 2546 2416 2593 est
2450 2546 2645 2607 praeter
2677 2545 2913 2592 mentem
2948 2555 2962 2592 :
2995 2539 3075 2593 sic
3099 2537 3478 2594 deliberationi

1899 2629 2169 2685 antecellit
2189 2637 2243 2684 et
2270 2629 2424 2700 praeit
2452 2629 2503 2683 id
2531 2628 2676 2700 quod
2703 2643 2770 2683 ex
2797 2639 2992 2684 natura
3016 2638 3117 2684 cst.
3153 2628 3338 2698 Itaque
3373 2630 3475 2685 do-

1898 2735 2048 2773 mum
2079 2716 2312 2789 quisque
2336 2717 2642 2776 deliberans
2664 2718 2914 2782 aediﬁcat,
2948 2719 3041 2774 sed
3076 2719 3245 2773 lilium
3279 2736 3344 2774 ex
3372 2736 3473 2774 nae

1899 2817 2019 2865 tura
2046 2810 2253 2882 gignit:
2296 2809 2439 2864 unde
2463 2809 2514 2863 id
2542 2809 2758 2879 quidem
2804 2809 2948 2880 quod
2987 2811 3264 2865 voluntate
3301 2811 3478 2866 aedili-

1897 2911 2072 2968 calur,
2109 2901 2226 2956 ﬁeri
2257 2901 2480 2970 incipit,
2512 2909 2674 2971 atque
2699 2901 2915 2956 aliunde
2942 2916 3106 2972 quam
3140 2903 3209 2956 ab
3235 2904 3478 2959 archite-

1898 2997 1987 3045 cto
2021 2999 2144 3056 est;
2191 2998 2247 3044 at
2281 2989 2440 3044 ﬁlius
2468 2989 2720 3060 proprius
2750 2999 2835 3045 est
2863 2998 3072 3046 natura:
3115 2993 3286 3062 patris
3315 2993 3478 3058 fetus,

1896 3097 2073 3153 neque
2099 3081 2319 3137 aliunde
2360 3097 2523 3152 quam
2563 3083 2632 3137 ab
2667 3082 2786 3152 ipso
2827 3095 2911 3138 est
2951 3101 2964 3138 :
3009 3094 3341 3155 quapropter
3376 3102 3477 3142 nec

1824 3200 1872 3262 ρ
1901 3177 1967 3231 de
2000 3176 2092 3231 illo
2115 3174 2396 3241 deliberat,
2429 3189 2498 3230 ne
2526 3175 2690 3229 etiam
2720 3175 2787 3229 de
2821 3190 2882 3230 se
2913 3175 3030 3245 ipse
3057 3175 3360 3231 deliberare
3390 3177 3476 3230 vi-

1899 3268 2112 3324 deatur.
2185 3266 2400 3334 Quanto
2453 3266 2618 3337 igitur
2673 3265 2820 3322 [ilius
2865 3281 2926 3321 re
2992 3275 3175 3322 creata
3228 3270 3480 3338 superior

1895 3369 1999 3426 est,
2033 3369 2182 3416 tanto
2229 3359 2394 3416 etiam
2442 3357 2517 3424 id,
2567 3359 2712 3429 quod
2743 3373 2808 3414 ex
2858 3368 3054 3415 natura
3100 3369 3205 3424 est,
3261 3361 3341 3415 rei
3397 3361 3474 3416 illi

1894 3461 2115 3524 prestat
2158 3467 2281 3523 quae
2317 3459 2501 3508 estex
2542 3451 2842 3506 voluntate.
2892 3450 3050 3506 Certe
3095 3467 3313 3522 aequum
3355 3462 3473 3510 erat

1897 3560 1992 3601 eos
2017 3544 2103 3600 bis
2129 3543 2328 3599 auditis
2356 3543 2409 3598 id
2438 3543 2584 3613 quod
2612 3558 2678 3596 ex
2724 3553 2922 3598 natura
2951 3551 3035 3597 est
3063 3543 3330 3598 voluntati
3359 3561 3471 3600 non

1897 3635 2190 3690 ascribere.
2222 3632 2304 3687 llli
2330 3649 2458 3688 vero
2488 3633 2638 3688 obliti
2669 3647 2974 3687 sermonem
3008 3634 3093 3687 llic
3122 3649 3245 3689 esse
3277 3635 3345 3691 de
3381 3635 3474 3689 Fi-

1897 3729 1970 3782 lio
2005 3726 2122 3792 Dei,
2159 3727 2427 3781 humanas
2457 3725 2850 3796 oppositiones,
2887 3728 3270 3781 necessitatem
3317 3727 3468 3782 scili-

1896 3827 1982 3874 cet
2017 3826 2072 3872 et
2109 3817 2252 3888 quod
2287 3825 2482 3887 praeter
2505 3824 2738 3870 mentem
2762 3823 2865 3881 est,
2898 3810 2950 3870 ii'i
2982 3815 3151 3871 Deum
3184 3819 3468 3884 inducunt,

1899 3921 1959 3965 ut
2013 3909 2264 3966 videlicet
2300 3923 2490 3964 verum
2548 3907 2642 3963 Dei
2696 3906 2892 3962 Filium
2947 3923 3070 3964 esse
3146 3908 3468 3964 inﬁtientur.

1896 4003 2238 4073 Caeteroquin
2290 4002 2448 4057 nobis
2508 4001 2612 4072 ipsi
2680 3999 3044 4070 respondeant
3089 4018 3104 4055 :
3153 3999 3322 4056 Deum
3369 4004 3472 4058 bo-

1894 4111 2024 4149 num
2055 4104 2108 4149 et
2145 4093 2548 4149 misericordem
2586 4107 2727 4155 esse,
2760 4107 2890 4145 num
2931 4090 3033 4161 ipsi
3080 4108 3146 4147 ex
3188 4094 3470 4151 voluntate

1891 4197 1975 4242 est
2007 4186 2090 4241 vel
2124 4201 2232 4241 non
2259 4201 2327 4241 ex
2353 4183 2664 4240 voluntate?
2691 4182 2746 4237 Si
2773 4199 2839 4237 ex
2867 4183 3176 4252 voluntate;
3199 4200 3329 4256 ergo
3360 4199 3472 4241 cte-

1892 4278 1972 4346 pit
2015 4277 2193 4333 bonus
2222 4290 2366 4341 esse,
2400 4275 2627 4344 ﬁerique
2674 4281 2854 4343 potest
2893 4280 2954 4327 ut
2987 4273 3166 4328 bonus
3203 4273 3330 4342 {non
3374 4275 3467 4330 sit.

1896 4368 2174 4440 Siquidem
2206 4367 2540 4424 deliberandi
2567 4374 2621 4421 et
2653 4363 2884 4435 eligendi
2919 4362 3152 4422 facultas
3179 4373 3470 4435 utramque

206 4482 310 4536 οὐκ
339 4481 405 4533 ὲκ
438 4464 742 4549 βουλήσεως
761 4470 964 4541 ἀγαθὸς
980 4469 1076 4524 καὶ
1106 4466 1403 4538 οἰκτίρμων
1431 4463 1600 4527 ἐστὶν,
1628 4463 1790 4516 ἀκου-

1905 4463 1951 4516 ln
1980 4471 2187 4532 partem
2227 4459 2594 4532 propendendi
2618 4455 2727 4512 vim
2755 4456 2939 4522 habet,
2962 4466 3156 4530 estque
3185 4457 3468 4513 rationalis

284 4743 399 4813 (55)
432 4739 567 4813 Reg.
602 4739 629 4793 l
674 4735 1071 4813 _S_e_guer.,f_rt‘§w
1105 4733 1342 4813 πάντων..
1383 4742 1437 4788 et
1463 4747 1589 4813 mos
1607 4771 1623 4796 ,
1652 4731 1787 4813 ᾁπο-

205 4802 438 4882 κυηθεὶς
465 4802 614 4882 Υἱός.
660 4802 786 4863 Λιίῗ
811 4815 867 4861 et
896 4807 1050 4871 editi,
1083 4805 1192 4858 τῶν
1220 4805 1496 4866 ἁπάντων,
1543 4809 1624 4864 et,
1655 4802 1788 4854 ἀπορ

200 4880 430 4952 πυηϐεὶς
443 4883 482 4952 γό
504 4880 651 4944 Υἱός.

278 4945 396 5022 (36)
427 4951 644 5022 Gobler.
680 4957 745 5022 et
768 4946 914 5002 Felc.
932 4945 1006 5022 Al,
1033 4945 1326 5022 βούληται.-
1497 5020 1504 5022 _
1561 4968 1612 5022 “-

277 5009 395 5092 ὶ57)
417 5019 898 5092 .Begius‘prirnus,
929 5009 1158 5092 Seguer.
1181 5009 1410 5092 :Gobift'.
1457 5020 1540 5092 et.
1561 5009 1702 5064 Felc.
1729 5009 1786 5092 LI,

200 5095 300 5148 καί
333 5079 610 5147 οίιιίιῑιῖιιι.
643 5079 813 5144 βευίο
843 5079 986 5156 post,
1008 5079 1148 5156 Reg.
1173 5085 1199 5138 i
1234 5095 1286 5138 et
1320 5081 1662 5153 Seguerian.,
1690 5079 1789 5132 οὐκ

200 5162 675 5236 ἰθεώρησαν.νΛ1ἰὶ
708 5168 764 5236 et
791 5157 942 5220 editi,
967 5156 1040 5236 of:
1056 5156 1478 5236 rsesmpﬂmo’tvﬂ.
1543 5220 1560 5236 κ
1616 5219 1629 5236 θ

276 5218 632 5306 (δάι’ῐὶιιείιιε
665 5231 894 5306 primus
913 5218 967 5282 et
1006 5218 1376 5306 Segueri'a‘nus
1397 5264 1420 5306 ,_
1445 5218 1782 5306 βουλεύεσθε.

195 5291 400 5360 Crateri
423 5313 477 5358 et
501 5291 978 5371 ἄιίιίξβούλεσθαι.
997 5291 1206 5371 ΔΙιήἷιοιιι
1233 5295 1365 5371 [{eg.
1402 5295 1424 5347 l
1448 5291 1512 5346 ret
1535 5291 1782 5371 segnem,

195 5359 396 5428 οἰκίαν
429 5373 530 5444 μὲν
553 5359 649 5444 οῦν
676 5359 761 5444 τίς
793 5359 1540 5444 βουλευόμενοςεροβιετιοςι
1573 5360 1716 5444 elo:
1751 5359 1777 5414 1

192 5445 393 5498 οἰκίαν
426 5429 527 5514 μὲν
572 5429 892 5566 βουλόμενος
922 5429 1092 5502 οὗτος.
1138 5429 1244 5492 Alii
1285 5443 1339 5490 et
1382 5432 1548 5496 editi,
1591 5429 1781 5484 οἰκίαν

192 5515 332 5566 γοῦν
359 5531 444 5566 τις
477 5514 570 5566 Βου
605 5513 815 5566 όμενος.

191 5515 332 5584 γοῦν
359 5513 444 5578 τις
477 5513 815 5584 βουλόμενοὲ
850 5581 862 5584 _
960 5579 975 5584 _
1037 5577 1091 5584 η
1144 5577 1164 5584 ,
1381 5575 1393 5584 .
1477 5573 1489 5584 .
1568 5570 1594 5581 -

270 5567 388 5653 (59)
417 5567 650 5640 ὗὸιιὶετ.’
679 5593 734 5636 et
774 5567 918 5653 elct
954 5579 1005 5642 l,
1035 5577 1233 5653 ἔξωθεν
1277 5575 1406 5653 περὶ
1433 5570 1618 5653 αὐτοῦ.
1652 5567 1779 5648 Mox

193 5642 435 5726 iidem'et
466 5655 599 5723 Reg.
636 5653 758 5726 l‘ac
790 5642 1148 5726 Sgguer.._ivat
1173 5645 1246 5718 μὴ
1277 5642 1370 5726 καί
1402 5642 1529 5726 περ)
1555 5642 1777 5726 εαυτοῦ.

191 5723 301 5783 Alii
327 5735 512 5782 autem
542 5712 596 5782 ἕι
621 5721 787 5780 editio
812 5712 1104 5787 C5ntmel.,
1126 5712 1211 5772 ἵνα
1234 5712 1377 5788 ’μηδὲ
1411 5712 1536 5784 περὶ
1563 5712 1776 5764 ἑαυτοῦ.

1963 4723 2074 4793 (40)
2107 4723 2200 4778 Sic
2241 4719 2374 4793 Reg.
2413 4720 2436 4793 _l
2488 4727 2542 4773 et
2585 4715 3036 4793 Segue_r.__At_alii
3074 4726 3127 4793 et
3150 4716 3314 4793 _editi_,_
3341 4715 3466 4793 ξπιυ

1887 4785 2289 4864 λανθανόμενοι.
2318 4785 2445 4864 Ibid.
2471 4805 2630 4864 iussn,
2654 4785 2781 4860 περὶ
2812 4788 2940 4841 Υἱοῦ
2968 4787 3123 4842 Θεοῦ.
3150 4785 3206 4841 In
3233 4787 3468 4842 editione

1887 4857 2153 4919 Commel.
2190 4864 2340 4917 deest
2363 4857 2520 4914 Θεοῦ.

1962 4935 2070 5003 (41)
2107 4932 2202 4989 Sic
2230 4931 2363 4999 Reg.
2425 4933 2449 4984 l
2488 4935 2543 4985 "et
2581 4927 2971 5000 Seguerianus.
3001 4926 3072 4981 At
3099 4925 3193 4980 alii
3232 4934 3288 4981 et
3310 4924 3462 4989 editi.

1890 5006 2126 5059 ἀνάγκη.

1965 5020 2192 5145 ῗέῧῃὲίο
2225 5081 2462 5145 uterque
2481 5069 2703 5145 Regius,
2719 5067 2964 5145 ASeguer.
2981 5064 3206 5145 .Angl‘ic.
3240 5063 3460 5122 Gobler.

1889 5136 2034 5201 Felc.
2060 5136 2094 5198 ’1
2129 5154 2183 5199 et
2204 5145 2256 5199 5.
2288 5143 2343 5197 ln
2367 5136 2496 5198 aliis
2523 5136 2591 5197 et'
2605 5138 2765 5194 editis
2796 5136 2949 5194 deest
2978 5136 3250 5206 βουλήσει.

1957 5215 2069 5287 (45)
2115 5214 2288 5287 Λὺῴν
2335 5214 2564 5287 abAest_a
2610 5207 2825 5287 R_eg.'_l‘
2857 5217 2944 5287 ‘et_
2974 5203 3292 5287 Sguérian.
3337 5203 3464 5287 ξίοκ

1886 5274 2162 5355 ἱίὁὶειηίει
2211 5283 2342 5355 Reg.
2383 5284 2458 5355 2,
2502 5283 2575 5355 Τὸ
2607 5274 2719 5353 γὰρ
2759 5274 3124 5350 βουλεύεσθαι.
3170 5274 3364 5332 Caeteri
3409 5283 3466 5330 et

1884 5357 2036 5426 editi,
2067 5353 2140 5426 Τρ
2167 5356 2274 5426 γὰρ
2290 5352 2608 5426 βούλεσθαι.
2788 5419 2802 5426 _
3003 5415 3035 5426 η
3209 5415 3222 5426 ,
3368 5414 3383 5426 _

1954 5414 2067 5497 (44)
2100 5414 2191 5479 Sic
2221 5414 2430 5497 p'ri'mns
2461 5423 2628 5497 codex
2673 5419 2957 5497 Rggiusgt
2999 5415 3315 5497 Srgueriap.
3353 5414 3460 5497 Alii

1883 5484 2068 5552 auieni
2103 5504 2157 5550 et
2184 5484 2334 5556 editi.
2368 5493 2429 5547 τὸ
2468 5491 2640 5555 πάθος
2667 5484 2842 5544 τοῦτο.
2883 5487 3051 5542 Paulo
3081 5484 3214 5555 post
3258 5484 3387 5556 Reg.
3413 5485 3452 5556 _l

1885 5578 1940 5622 et
1968 5554 2710 5636 Seguerian.,'o‘txouéweev.
2745 5559 2936 5616 Ctetcri
2965 5568 3021 5615 et
3050 5554 3200 5625 editi,
3225 5554 3393 5611 ἁκουσ
3408 5554 3476 5615 ἂρ,

1886 5654 2087 5692 τωσαν.
