3834 6220
165 313 267 371 657

1275 299 1536 358 ORATIO
1565 300 1633 356 lll
1663 298 1947 356 CONTRA
1989 295 2313 354 ARIANOS.

3323 245 3490 350 458-

160 437 339 507 λησιν,
365 433 528 494 αὐτὸς
548 431 624 483 ῶν
648 388 808 500 βουλή
836 428 986 492 ζῶσα
1011 426 1104 480 τοῦ
1133 427 1367 497 Πατρὸς,
1399 425 1496 478 xui.
1523 423 1637 496 (55)
1659 422 1747 476 δύ-

1860 423 1931 478 sit
1955 421 2230 492 proprium
2255 417 2432 474 Patris
2458 416 2717 481 Verbum.
2746 433 2856 473 non
2885 417 3015 474 sinit
3039 417 3274 490 aliquam
3302 428 3430 477 ante

160 544 348 597 ναμις,
379 525 476 578 καὶ
495 521 824 594 δημιουργὸς
846 519 956 572 τῶν
983 519 1286 572 δοκούντων
1314 517 1393 588 τῷ
1418 517 1612 588 Πατρί.
1635 516 1747 569 Καὶ

157 617 340 670 ταῦτα
371 614 535 676 αὐτὸς
560 615 618 665 ὲν
649 613 768 674 ταῖς
795 609 1126 681 Παροιμίαις
1155 609 1282 678 περ).
1311 605 1505 660 ἑαυτοῦ
1545 623 1709 675 φησιν
1729 618 1742 632 ·

171 705 320 777 Ἐμὴ
346 703 554 772 ,βουλὴ
582 703 681 757 καὶ
705 701 1028 771 ἀσφάλεια,
1052 699 1166 770 ἐμὴ
1194 701 1508 769 φρόνησις,
1535 697 1648 767 ἐμὴ
1679 697 1748 749 δὲ

162 798 367 866 ἰσχύς.
411 798 501 860 Ὠς
521 797 631 868 γὰρ
658 797 820 859 αὐτὸς
840 795 915 849 ὢν
943 797 976 867 ἠ
1006 792 1268 868 φρόνησις
1288 835 1302 859 ,
1345 797 1402 847 ὲν
1497 795 1623 856 τοὺς
1660 792 1750 844 οὐ-

164 890 363 959 ρανοὺς
383 888 649 959 ἡτοίμασε
679 887 813 958 (56),
849 888 944 940 καὶ
968 886 1129 950 αὐτὸς
1155 887 1230 940 ὣν
1264 886 1418 956 ἰσχὺς
1463 885 1558 937 xui.
1589 883 1749 936 δύνα-

166 996 255 1048 μις
271 995 288 1008 ·
311 978 574 1047 Χριστὸς
586 977 694 1048 γάρ
713 976 862 1032 Θεοῦ
877 977 1129 1048 δύναμις
1143 977 1241 1031 καὶ
1261 977 1408 1031 Θεοῦ
1425 976 1631 1044 σοφία·
1651 975 1749 1029 νῦν

161 1070 520 1142 παρακλίνων
545 1065 720 1134 εἶπεν,
757 1069 898 1139 Ἐμὴ
927 1072 1242 1138 φρόνησις,
1276 1069 1373 1122 καὶ
1403 1068 1515 1138 ἐμὴ
1547 1071 1744 1138 ἰσχύς-⁸

160 1163 305 1216 οὓτω
331 1160 530 1230 λέγων,
571 1163 716 1231 Ἐμὴ
739 1161 966 1230 βουλὴ,
1000 1160 1160 1225 αὐτὸς
1185 1161 1251 1215 ἂν
1285 1163 1370 1233 εῐη
1403 1161 1496 1214 τοῦ
1536 1161 1749 1232 Πατρὺς

159 1259 194 1329 ή
221 1256 379 1320 ζῶσα
405 1253 590 1326 βουλὴ,
626 1253 808 1317 καθὼς
843 1254 938 1308 xui.
969 1254 1122 1325 παρὰ
1147 1253 1240 1308 τοῦ
1262 1255 1542 1325 προφήτου
1575 1271 1751 1325 μεμα-

162 1347 441 1420 θήκαμεν,
462 1347 543 1400 ὅτι
574 1346 739 1410 αὐτὸς
757 1347 856 1418 τῆς
887 1346 1128 1418 μεγάλης
1161 1346 1355 1417 βουλῆς
1379 1345 1641 1415 Ἀγγελος
1666 1346 1750 1413 γί-

162 1456 315 1493 νεται
338 1479 353 1502 ,
384 1438 479 1492 καὶ
509 1438 722 1509 θέλημα
753 1437 848 1491 τοῦ
895 1437 1110 1508 Πατρὸς
1150 1436 1310 1500 αὐτὸς
1362 1437 1584 1508 ἐκλήθη.
1629 1435 1750 1507 Χρὴ

163 1533 275 1604 γὰρ
307 1531 452 1584 οῶω
501 1531 796 1601 διελέγχειν
842 1530 1041 1593 αὐτοὺς
1084 1525 1218 1600 (57),
1260 1527 1574 1600 ἀνθρώπινα
1622 1529 1748 1596 περὶ

162 1623 260 1676 τοῦ
295 1621 432 1676 Θεοῦ
463 1622 896 1692 διανοουμένους.

1851 531 1910 570 se
1935 516 2160 586 cogitari
2208 513 2564 579 voluntatem,
2593 521 2782 583 utpote
2820 527 2944 567 cum
2978 512 3093 582 Ipse
3137 512 3210 567 sit
3235 513 3427 570 vivens

1849 605 2027 662 Patris
2056 607 2347 663 consilium
2374 617 2429 662 et
2455 607 2652 672 virtus,
2689 619 2992 674 eorumque
3041 603 3262 660 eﬂ'ector
3304 618 3427 675 quae

1850 699 1998 754 Patri
2029 700 2266 770 placent,
2306 699 2766 770 quemadmodum
2808 697 2875 751 de
2925 713 2985 752 se
3030 697 3148 768 ipse
3191 697 3247 751 in
3289 695 3426 752 Pro-

1850 791 2051 846 verbiis
2077 793 2172 856 ait,
2211 791 2383 846 Meum
2416 800 2494 846 est
2523 789 2802 844 consilium
2832 799 2882 844 et
2907 790 3185 853 securitas,
3207 805 3322 843 mea
3347 797 3426 844 est

1849 883 2151 952 prudentia,
2200 901 2318 938 mea
2357 893 2436 938 est
2485 885 2743 954 fortitudo
2770 885 2810 937 ⁸.
2866 883 2933 938 Ut
2970 883 3114 939 enim
3155 893 3425 955 quatenus

1852 982 1938 1030 est
1968 975 2254 1045 prudentia
2281 975 2337 1029 in
2367 991 2476 1045 qua
2501 975 2670 1032 ccelos
2697 977 3088 1046 praeparavit",
3118 983 3172 1031 et
3192 985 3253 1030 ut
3292 975 3424 1030 item

1852 1076 2123 1136 quatenus
2155 1076 2238 1121 est
2275 1066 2542 1124 fortitudo
2576 1077 2631 1124 et
2665 1069 2836 1123 virtus
2873 1069 3021 1140 (nam
3058 1067 3298 1124 Christus
3326 1067 3428 1124 Dei

1853 1159 2059 1213 virtus“
2087 1167 2137 1214 et
2159 1159 2257 1214 Dei
2285 1160 2594 1232 sapientia),
2639 1175 2788 1215 nunc
2826 1160 3050 1230 paulum
3091 1161 3301 1216 variato
3344 1160 3427 1215 lo-

1854 1252 2056 1322 quendi
2093 1252 2255 1307 modo
2291 1253 2453 1318 dixit,
2502 1251 2621 1306 Mea
2642 1261 2720 1306 est
2756 1252 3063 1324 prudentia,
3103 1262 3153 1306 et
3197 1269 3313 1307 mea
3348 1261 3428 1308 est

1856 1345 2112 1413 fortitudo
2145 1361 2163 1398 :
2197 1345 2271 1399 ita
2306 1361 2430 1400 cum
2463 1346 2621 1408 dixit,
2669 1344 2848 1400 Meum
2884 1355 2961 1400 est
3015 1345 3316 1411 consilium,
3367 1360 3428 1401 se

1858 1437 2036 1492 Patris
2061 1439 2244 1494 vivens
2269 1453 2393 1494 esse
2417 1439 2710 1493 consilium
2753 1438 3046 1508 signiﬁcat,
3071 1439 3431 1508 quemadmo-

1857 1531 1986 1585 dum
2005 1531 2168 1586 etiam
2192 1547 2221 1585 a
2241 1532 2499 1602 propheta
2521 1530 2833 1597 didicimus,
2859 1544 2982 1586 eum
3008 1531 3188 1600 magni
3215 1530 3428 1585 consilii

1857 1623 2108 1692 angelum
2137 1623 2251 1678 ﬁeri
2273 1626 2317 1688 θ,
2347 1631 2401 1679 et
2437 1623 2603 1695 486
2624 1623 2960 1678 ‘voluntatem
2985 1622 3162 1678 Patris
3186 1623 3430 1694 appella-

163 1727 282 1775 tum
323 1733 464 1774 esse.
499 1717 717 1774 Scilicet
747 1718 818 1771 ita
858 1732 953 1772 eos
993 1732 1204 1786 aequum
1233 1724 1317 1771 est
1355 1716 1598 1770 refellere
1624 1715 1716 1787 qui
1760 1717 1994 1773 humana
2030 1720 2096 1774 de
2118 1719 2240 1790 ΙΙ)εο
2263 1719 2523 1792 cogitant.

234 1809 326 1864 64.
359 1809 568 1863 Οὐκοῦν
597 1807 738 1862 εἱτά
768 1810 1050 1878 ποιήματα
1087 1805 1337 1877 βουλήσει
1385 1807 1482 1859 καὶ
1533 1806 1747 1877 εὐδοκία

1924 1807 2012 1862 64.
2053 1808 2242 1880 Itaque
2287 1812 2340 1865 si"
2379 1825 2471 1865 res
2510 1809 2668 1866 factae
2712 1810 2991 1866 voluntate
3029 1825 3094 1866 ac
3144 1810 3426 1880 proposito

165 1901 402 1972 ὑπέστη,
439 1903 533 1954 καὶ
557 1902 590 1971 ἡ
618 1899 795 1963 κτίσις
829 1901 974 1953 πᾶσα
1005 1897 1274 1970 θελήματι
1300 1899 1522 1967 γέγονεν
1547 1897 1659 1968 (58)
1682 1915 1694 1928 ·
1719 1899 1748 1950 ὅ

161 2009 224 2046 τε
251 1993 467 2056 Παῦλος
511 1992 598 2045 διὰ
633 1991 938 2062 θελήματος
988 1990 1124 2044 Θεοῦ
1173 1989 1469 2054 ἀπόστολος
1517 1989 1746 2061 ἐκλήθη,

164 2086 260 2139 καὶ
287 2088 322 2156 ή
379 2085 571 2155 κλῆσις
599 2083 758 2155 ἡμῶν
812 2083 1029 2154 εὐδοκία
1074 2083 1169 2137 καὶ
1212 2083 1474 2154 θελήματι
1529 2083 1744 2152 γέγονε,

165 2177 348 2232 πάντα
378 2178 437 2230 δὲ
464 2179 552 2232 διὰ
594 2178 688 2232 τοῦ
721 2181 892 2248 Λόγου
937 2181 1161 2248 γέγονεν
1181 2196 1194 2211 ⁸
1226 2181 1384 2244 ἐκτός
1406 2182 1553 2234 ἐστιν
1593 2173 1748 2245 οὗτος

164 2270 279 2322 τῶν
314 2271 567 2341 βουλήσει
601 2273 902 2340 γεγονότων
922 2312 937 2336 ,
969 2273 1064 2326 xui.
1096 2271 1294 2343 μᾶλλον
1330 2272 1495 2337 αὐτός
1525 2275 1670 2326 ἐστιν
1711 2276 1744 2344 ἡ

165 2362 322 2426 ζῶσα
354 2363 518 2434 βουλὴ
545 2363 639 2416 τοῦ
662 2364 896 2435 Πατρὸς,
924 2365 984 2416 ὲν
1076 2364 1249 2417 ταῦτα
1284 2365 1459 2417 πάντα
1490 2365 1712 2433 γέγονεν
1732 2380 1746 2395 ο

164 2457 226 2507 ιν
345 2455 440 2506 καὶ
473 2457 503 2506 ὁ
551 2454 707 2522 ἆγιος
746 2455 910 2508 Δαϐὶδ
953 2454 1292 2526 εὐχαριστῶν
1341 2454 1524 2522 ἔλεγεν
1571 2455 1628 2507 ὲν
1670 2453 1750 2524 τῷ

164 2545 554 2618 ἑϐδομηκοστῷ
577 2546 812 2618 δευτέρῳ
835 2545 1034 2617 ψαλμῷ
1054 2564 1066 2576 ·
1111 2545 1480 2614 Ἐκράτησας
1507 2544 1616 2616 (59)
1640 2545 1750 2614 τῆς

166 2634 369 2703 χειρὸς
390 2651 424 2685 τ
427 2633 504 2702 ἧς
529 2633 730 2699 δεξιᾶς
739 2653 858 2702 μου
880 2653 892 2666 ·
923 2635 1023 2688 καὶ
1049 2636 1119 2689 ὲν
1145 2634 1438 2703 τῇβουλῇ
1455 2650 1571 2689 σου
1595 2633 1749 2700 ὡδή-

163 2727 366 2798 γησάς
384 2743 483 2796 με.
515 2727 640 2789 Πῶς
674 2722 767 2780 οὖν
807 2726 1030 2781 δύναται
1078 2727 1240 2799 βουλὴ
1287 2728 1382 2780 καὶ
1411 2726 1620 2798 θέλημα
1652 2727 1748 2780 τοῦ

164 2817 386 2890 Πατρὸς
425 2820 685 2890 ὑπάρχων
708 2821 737 2871 ὁ
767 2819 938 2888 Λόγος
986 2819 1228 2888 γίνεσθαι
1267 2819 1358 2872 xui.
1400 2804 1751 2892 αὐτὸςθελή-

169 2929 302 2982 ματι
349 2912 446 2964 καὶ
489 2912 759 2982 βουλήσει,
807 2911 882 2974 ὡς
931 2911 1041 2981 (60)
1070 2911 1327 2978 ἕκαστος,
1362 2912 1410 2964 εἰ
1458 2911 1571 2983 μὴ,
1607 2911 1753 2966 καθὰ

165 3007 455 3076 προεῖπον,
507 3003 762 3073 μανέντες
790 3003 954 3056 πάλιν
1003 3003 1228 3056 εἴπωσιν
1262 3004 1422 3056 αὐτὸν
1454 3003 1520 3056 δι’
1554 3002 1747 3056 ἑαυτοῦ

164 3097 474 3166 γεγονέναι,
499 3097 531 3166 ἢ
554 3097 620 3149 δι’
647 3096 833 3168 ἑτέρου
854 3097 1030 3159 τινός;
1058 3097 1152 3159 Τίς
1185 3092 1277 3150 οὖν
1310 3098 1446 3159 ἐστι,
1483 3097 1549 3150 δι’
1575 3090 1635 3150 οὗ
1660 3097 1752 3166 γέ-

163 3163 291 3254 γονε
313 3203 329 3250 ;
352 3163 760 3239 Πλασάσθωσαν
781 3187 868 3238 ἒτε
877 3203 967 3257 ρον
993 3186 1184 3254 Λόγον,
1203 3187 1295 3240 xui.
1311 3187 1377 3240 τὰ
1394 3163 1746 3241 Οὐαλεντίνου
1779 3163 1821 3222 C

165 3277 536 3347 ζηλώσαντες,
575 3278 806 3347 Χριστὸν
842 3278 1031 3348 ἕτερον
1055 3278 1474 3349 ὀνομασάτωσαν
1498 3297 1512 3311 ·
1547 3282 1605 3333 οὐ
1637 3281 1748 3351 γὰρ

165 3373 498 3444 γέγραπται.
542 3369 699 3423 Ἀλλὰ
739 3372 844 3424 κᾶν
883 3371 1215 3435 πλάσωνται,
1242 3372 1457 3435 πάντως
1497 3374 1747 3437 κάκεῖνος

163 3463 255 3516 διά
283 3479 430 3525 τινος
450 3462 686 3530 γίνεται·
715 3462 808 3514 xui.
850 3462 1034 3515 λοιπὸν
1081 3461 1254 3526 οὕτως
1292 3461 1748 3534 ὲπιλογιζομένων

164 3556 349 3627 ἡμῶν,
380 3555 476 3608 xui.
501 3553 899 3624 ἀνακρινόντων
921 3555 1017 3626 τὴν
1044 3553 1364 3607 ἀκολουθίαν
1397 3554 1510 3626 (61)
1533 3595 1547 3618 ,
1596 3555 1748 3624 εὐρίο

169 3664 362 3702 σκεται
388 3646 497 3700 τῶν
523 3646 697 3701 ἀθέων
743 3649 778 3719 ἡ
819 3646 1192 3716 πολυκέφαλος
1225 3647 1437 3716 αἵρεσις
1475 3648 1555 3708 εἰς
1588 3631 1762 3698 πολυέ

167 3741 406 3811 θεότητα
422 3741 695 3794 πίπτουσα
725 3739 821 3793 xui.
848 3739 1083 3810 ἄμετρον
1121 3738 1317 3809 μανίαν
1335 3777 1351 3798 ,
1398 3740 1456 3790 ὲν
1484 3755 1516 3811 ῃ
1549 3737 1752 3806 κτίσμα

168 3836 263 3888 καὶ
291 3832 356 3897 ἐξ
384 3834 486 3886 οὐκ
512 3832 680 3886 ὄντων
703 3832 944 3894 θέλοντες
963 3827 1101 3884 εἶναι
1123 3829 1213 3883 τὸν
1237 3829 1364 3882 Υἱὸν
1384 3869 1398 3892 ,
1448 3828 1650 3899 ἑτέρως
1679 3829 1749 3881 τὰ

167 3931 309 3982 αὐτά
328 3928 444 3998 (62)
471 3927 815 3998 σημαίνουσι,
851 3925 1100 3996 βούλησιν
1131 3925 1222 3977 καὶ
1268 3923 1482 3992 θέλησιν
1515 3922 1750 3992 προϐαλ-

167 4021 412 4092 λόμενοι,
440 4019 477 4074 ἃ.
505 4019 736 4092 μάλιστα
754 4020 846 4073 ἐπὶ
867 4019 976 4072 τῶν
996 4015 1238 4086 γενητῶν
1268 4015 1484 4085 (65))ιαὶ
1515 4013 1748 4066 κτιστῶν

167 4114 348 4167 ταῦτα
383 4112 620 4180 εὐλόγως
664 4111 729 4164 ἂν
755 4109 984 4180 λέγοιτο.
1014 4108 1140 4172 Πῶς
1168 4104 1260 4162 οὖν
1303 4107 1405 4160 οὐκ
1432 4105 1626 4168 ἀσεϐὲς
1676 4105 1745 4158 τὰ

167 4204 279 4257 τῶν
299 4201 545 4274 γενητῶν
577 4203 670 4256 ἐπὶ
693 4202 784 4257 τὸν
801 4201 1136 4273 Δημιουργὸν
1166 4200 1456 4271 ἀναφέρειν
1479 4199 1590 4271 (64)
1617 4216 1632 4264 ;
1673 4199 1744 4251 Ἢ

1851 1902 2084 1960 conditae
2112 1912 2241 1958 sunt
2269 1921 2282 1959 :
2311 1903 2356 1958 si
2389 1903 2644 1960 universa
2683 1913 2868 1959 creata
2911 1913 3109 1958 natura
3145 1903 3428 1962 voluntate

1850 1998 1993 2053 facta
2019 2007 2103 2052 est
2131 2016 2144 2050 :
2183 1997 2229 2053 si
2256 1997 2384 2052 item
2419 1996 2619 2052 Paulus
2652 2012 2748 2067 per
2771 1996 2869 2052 Dei
2896 1997 3232 2053 voluntatem
3261 2009 3426 2050 voca-

1851 2099 1940 2147 tus
1977 2099 2061 2146 est
2097 2089 2394 2159 Apostolus
2435 2089 2478 2122 ¹⁰
2519 2108 2533 2142 :
2581 2089 2628 2144 si
2677 2089 2914 2161 denique
2976 2097 3164 2145 nostra
3209 2089 3423 2145 vocatio

1851 2183 2132 2253 proposito
2161 2191 2214 2238 et
2237 2183 2516 2238 voluntate
2539 2182 2788 2238 estfacta
2809 2183 2886 2250 “;
2915 2181 3098 2237 omnia
3124 2190 3304 2237 autem
3329 2198 3428 2252 per

1853 2271 2088 2326 Verbum
2121 2271 2262 2327 facta
2287 2281 2414 2326 sunt
2439 2289 2452 2326 :
2487 2266 2631 2327 haud
2661 2272 2826 2328 dubie
2866 2272 3046 2343 ipsum
3067 2271 3307 2328 Verbum
3337 2288 3428 2326 ex-

1854 2374 1936 2419 tra
1967 2380 2155 2420 eorum
2187 2379 2476 2419 numerum
2513 2371 2600 2420 est
2633 2379 2755 2434 quae
2776 2364 3053 2420 voluntate
3081 2363 3224 2421 facta
3263 2375 3429 2431 sunt,

1851 2457 1935 2512 vel
1979 2456 2162 2526 potius
2204 2457 2394 2512 vivens
2453 2471 2538 2512 est
2587 2455 2768 2512 Patris
2824 2457 3115 2513 consilium
3143 2458 3268 2523 ,tin
3314 2473 3426 2528 quo

1852 2549 2037 2602 omnia
2075 2549 2166 2602 illa
2220 2547 2363 2604 facta
2401 2557 2570 2615 sunt;
2615 2548 2672 2604 in
2720 2563 2831 2618 quo
2876 2555 2932 2605 et
2981 2557 3205 2605 sanctus
3257 2549 3427 2604 David

1851 2639 2062 2709 psalmo
2112 2643 2514 2710 septuagesimo
2567 2641 2808 2695 secundo
2861 2641 3066 2711 gratias
3114 2640 3201 2696 his
3247 2640 3428 2696 verbis

1851 2731 2065 2802 agebat,
2097 2729 2334 2784 Tenuisti
2367 2746 2583 2783 manum
2606 2730 2877 2784 dexteram
2909 2747 3101 2796 meam,
3133 2740 3183 2785 et
3211 2732 3266 2784 in
3298 2746 3427 2785 con-

1851 2821 1974 2876 silio
2006 2832 2094 2875 tuo
2121 2823 2392 2876 deduxisti
2421 2838 2502 2876 me
2522 2823 2584 2877 η.
2623 2824 2726 2889 Qui
2764 2823 2930 2894 igitur
2977 2823 3096 2878 ﬁeri
3144 2831 3326 2893 potest
3365 2830 3428 2876 ut

1853 2909 2114 2978 Verbum,
2160 2913 2304 2982 quod
2353 2913 2643 2967 consilium
2687 2921 2743 2968 et
2774 2914 3023 2969 voluntas
3072 2912 3255 2968 Patris
3306 2919 3426 2974 est,

1853 3005 2032 3075 ipsum
2058 3020 2278 3075 quoque
2306 3006 2586 3060 voluntate
2619 3014 2672 3060 et
2703 3006 2934 3060 arbitrio
2963 3006 3035 3060 sit
3073 3008 3425 3076 productum,

1853 3098 1934 3151 uti
1960 3112 2048 3152 res
2093 3098 2213 3151 alia:
2238 3097 2498 3167 singulae?
2525 3097 2631 3152 nisi
2660 3096 2818 3161 forte,
2846 3107 2905 3152 ut
2929 3099 3044 3168 jam
3071 3100 3204 3165 dixi,
3234 3115 3430 3156 rursus

1856 3189 2188 3244 insanientes
2213 3191 2541 3245 contendant
2565 3191 2745 3260 ipsum
2786 3206 2882 3260 per
2915 3192 3156 3262 seipsum
3198 3194 3284 3248 vel
3330 3209 3429 3263 per

1856 3278 2060 3348 aliquid
2081 3279 2226 3333 aliud
2244 3295 2364 3335 esse
2383 3279 2606 3334 factum.
2627 3278 2896 3346 Quidnam
2913 3295 3041 3350 ergo
3059 3281 3274 3337 tandem
3294 3283 3425 3338 illud

1854 3380 1937 3422 est
1954 3383 2048 3436 per
2065 3368 2212 3437 quod
2228 3367 2429 3423 factum
2449 3369 2556 3424 est?
2567 3369 2728 3425 Aliud
2744 3370 2819 3424 illi
2835 3371 3148 3441 conﬁngant
3164 3373 3423 3439 Verbum,

1855 3467 1909 3512 et
1943 3456 2215 3512 Valentini
2258 3467 2564 3523 commenta
2613 3460 2904 3530 amplexati
2957 3459 3093 3531 (65),
3144 3459 3426 3518 Christum

1853 3547 2021 3600 alium
2055 3547 2356 3602 nominent.
2395 3547 2540 3600 Nihil
2567 3548 2712 3602 enim
2739 3548 3007 3618 ejusmodi
3029 3550 3232 3605 habent
3277 3549 3429 3606 Serio-

1852 3645 2046 3708 pturae.
2078 3635 2280 3692 Verum
2333 3639 2381 3693 si
2423 3639 2591 3692 alium
2635 3639 2740 3709 ipsi
2777 3640 3229 3710 excogitaverint,
3276 3653 3425 3700 certe

1856 3731 1945 3785 ille
1971 3745 2189 3800 quoque
2226 3745 2325 3798 per
2363 3730 2600 3800 aliquem
2638 3731 2755 3786 ﬁeri
2788 3731 3050 3789 dicendus
3087 3735 3231 3790 erit:
3259 3745 3426 3806 atque

1855 3822 1990 3875 adeo
2017 3821 2175 3876 nobis
2207 3821 2283 3875 ita
2308 3821 2782 3890 ratiocinantibus,
2811 3822 3054 3893 quidque
3093 3840 3161 3879 ex
3204 3825 3420 3881 illorum

1851 3913 2121 3967 sententia
2157 3920 2416 3982 sequatur
2454 3913 2873 3981 excutientibus,
2915 3916 3268 3973 multiformis
3301 3933 3424 3975 esse

1850 4003 2270 4074 deprehenditur
2299 4005 2592 4074 impiorum
2634 4005 2878 4074 haeresis,
2919 4023 3042 4078 qua:
3085 4017 3140 4064 et
3196 4009 3424 4065 deorum

1852 4095 2059 4149 inducit
2087 4095 2512 4160 multitudinem,
2543 4104 2597 4150 et
2643 4097 2700 4150 in
2747 4113 3017 4155 summam
3053 4099 3242 4156 incidit
3275 4101 3426 4156 insa-

1854 4187 2022 4251 niam,
2052 4201 2160 4255 qua
2193 4184 2389 4240 Filium
2419 4196 2472 4242 et
2496 4197 2740 4243 creatum
2773 4197 2828 4244 et
2859 4204 2928 4246 ex
2963 4191 3134 4247 nihilo
3167 4207 3290 4247 esse
3317 4207 3424 4263 pu-

171 4296 290 4360 πῶς
315 4295 379 4348 οὐ
416 4295 732 4367 Βλάσφημον
771 4294 950 4363 λέγειν
991 4293 1242 4364 βούλησιν
1277 4289 1383 4364 πρὸ
1423 4290 1518 4344 τοῦ
1568 4289 1742 4358 Λόγου

1856 4289 2102 4348 gnantes,
2143 4278 2285 4334 hanc
2335 4294 2491 4334 suam
2531 4280 2863 4351 impietatem
2913 4283 3038 4338 aliis
3077 4284 3257 4340 verbis
3293 4299 3428 4341 con-

242 4432 264 4462 ⁸
302 4429 467 4484 Prov.
496 4445 614 4495 vm,
647 4430 733 4483 14.
822 4431 842 4460 "
869 4426 1028 4481 Prov.
1061 4442 1144 4490 ιιι,
1179 4426 1265 4481 19.
1341 4424 1364 4455 ⁸
1396 4421 1416 4476 l
1443 4423 1568 4478 Cor.
1595 4421 1748 4489 1,24.

175 4503 218 4534 ¹²
251 4499 402 4555 Psal.
437 4515 606 4564 Lxxu,
633 4499 726 4552 24.

243 4613 363 4684 (55)
395 4610 488 4684 Si_c_
522 4608 752 4684 _Reg._i,
783 4607 1008 4684 Seguer.
1039 4605 1264 4684 _prler.
1314 4613 1367 4659 et
1412 4601 1557 4658 Fclc.
1609 4601 1660 4656 1.
1691 4599 1749 4656 ln

172 4678 296 4737 aliis
324 4678 380 4736 et
404 4678 644 4735 editione
667 4678 930 4734 Commel.
958 4678 1051 4731 καί
1074 4678 1245 4731 deest.

243 4751 360 4822 (-56)
389 4750 480 4806 Sic
504 4751 715 4822 primus
737 4749 904 4822 codex
927 4745 1151 4822 Regius,
1179 4743 1495 4822 Segnerian‘.
1524 4741 1744 4822 Gobler.

169 4831 226 4876 et
248 4811 400 4876 ἰθεῖα.
435 4811 586 4874 1.Ἀι
619 4819 710 4872 alii
737 4827 790 4872 et
815 4818 964 4880 editi,
993 4811 1412 4886 ἕποίψεᾞΜοκ.
1449 4813 1580 4883 Reg.
1622 4811 1646 4864 1
1695 4821 1747 4866 et

285 4907 404 4962 uer.
426 4889 689 4962 omittunt
721 4888 814 4941 xui.
839 4887 971 4962 Θεοῦ
1005 4887 1182 4962 σοφία.
1338 4953 1368 4962 _
1545 4953 1554 4962 _

268 4951 365 5031 37)
409 4960 500 5031 Sic
544 4960 760 5031 primus
797 4959 969 5031 codex
1011 4951 1294 5031 Regiuset
1319 4953 1653 5031 _Segneri_an.
1682 4951 1752 5031 A_t

168 5020 264 5088 alii
292 5020 715 5094 et'edit'i,'at6e6q
738 5029 767 5098 ό
788 5030 885 5098 τῆς
918 5020 1176 5098 μεγάλης.
1200 5024 1368 5098 Paulo
1407 5020 1529 5092 post
1550 5020 1680 5091 Reg.
1721 5021 1746 5072 1

166 5112 224 5159 et
251 5101 597 5183 signetur)...
624 5094 1067 5183 διελέγχειντοὺΔς
1089 5094 1425 5183 ἀκίθρώιξτινά.

251 5118 326 5156 δε
365 5118 597 5163 uenam,
624 5118 763 5152 οιεΛε
801 5118 915 5168 χειν
943 5118 1067 5159 τους
1089 5118 1425 5167 ανορωπινα.

241 5118 492 5244 (ὃὸῗ-βκ
683 5169 741 5244 1,
763 5118 988 5244 ἔδευον.
1008 5167 1224 5244 Anglic.
1256 5165 1412 5244 Gobl.
1441 5159 1664 5244 et.FcIl‘c.
1695 5159 1746 5226 1,

241 5185 362 5241 (ὃὸ)
398 5185 492 5225 διο
523 5185 654 5240 neg.
683 5185 736 5231 1,
763 5185 988 5292 δθὲυϐΐ.
1014 5185 1224 5235 Anglic.
1256 5185 1412 5219 hom.
1441 5185 1548 5242 (tt-1‘
1563 5185 1664 5215 cm.
1695 5185 1746 5226 τ,

166 5253 232 5298 ut
269 5250 328 5298 et
365 5239 613 5294 Nannius
641 5239 840 5310 legit.i_
876 5237 1023 5310 ueteri
1051 5237 1257 5310 _autem
1305 5243 1368 5310 et.
1395 5236 1560 5288 editio
1586 5229 1751 5310 Com-

166 5312 322 5377 mel.,
352 5303 770 5380 ‘féfOVEf_fttéV%a
799 5307 856 5361 δὲ
876 5306 965 5360 διὰ
987 5305 1079 5360 τοῦ
1103 5306 1273 5374 Λόγου
1307 5303 1549 5374 γέγονεν,
1579 5303 1751 5354 omis-

167 5385 246 5439 sis
288 5375 706 5453 int'ermediis._
739 5447 754 5453 _
845 5446 860 5453 _
943 5445 956 5453 _
1057 5446 1068 5453 _
1128 5443 1204 5453 μ
1274 5444 1287 5453 ,
1502 5439 1530 5453 ..

239 5452 357 5522 (59)
388 5450 549 5507 Gobl.
581 5456 638 5505 et
663 5446 809 5505 Fclc.
837 5446 893 5515 ‘l,
928 5445 1003 5510 ὡς
1042 5443 1207 5500 Δασὶδ
1237 5443 1571 5515 εὐχαριστῶν
1595 5455 1746 5511 φησι·

176 5521 548 5574 Ἑκοάτησας.

239 5537 548 5575 κοατησας.

239 5540 273 5575 κ
351 5540 382 5575 τ
425 5537 548 5584 σας.

238 5537 353 5662 (ἕῶ
383 5539 639 5662 gicjteg.
662 5589 880 5662 primus
906 5593 962 5642 et
996 5581 1650 5662 Segu_er.‘lia‘h_etur_i_tem
1683 5580 1748 5662 in

164 5646 388 5720 Go‘ble'r.
412 5646 470 5719 et
490 5646 636 5715 Fuﬁi.
653 5646 707 5726 ι’,
727 5659 802 5722 ὡς
825 5646 1151 5720 εκαστοςῖεξ
1177 5655 1274 5727 μή.
1305 5653 1470 5721 Editi,
1498 5649 1623 5714 Πῶς
1652 5646 1746 5706 οὖν

491 5754 768 5814 Ρληοι..
793 5752 914 5813 Gn.
947 5747 1187 5812 XXV].

1850 4417 1872 4448 ⁸
1904 4415 2008 4472 lsa.
2039 4432 2128 4484 Ix,
2181 4415 2236 4470 6.
2343 4417 2433 4470 ¹⁰1
2469 4415 2709 4474 Timoth.
2743 4436 2782 4487 ι,
2818 4420 2868 4475 1.

2991 4422 3032 4454 ¹¹
3064 4421 3266 4493 Ephes.
3295 4439 3334 4488 I,
3363 4427 3418 4481 5.

1852 4600 2014 4672 βουλὴ
2041 4602 2132 4677 καὶ
2165 4600 2289 4677 θέλῃ
2298 4617 2374 4670 μα
2417 4601 2510 4677 τοῦ
2546 4603 2767 4677 [iuvpr
2786 4604 3045 4677 ὑπάρχων
3068 4596 3115 4677 ό
3138 4608 3310 4677 Λόγος
3333 4597 3428 4662 ad:

1850 4670 2013 4724 ναται
2052 4670 2333 4738 γίγνεσθαι
2383 4671 2478 4722 καὶ
2525 4670 2688 4736 αὐτὸς
2745 4670 2995 4748 βουλήσει
3038 4676 3130 4730 xui.
3181 4670 3428 4749 θελήσεις

1850 4740 2007 4811 ἐκτὸς
2019 4743 2198 4811 γεΞΑμή.
2387 4810 2390 4811 ν

1923 4810 2053 4888 (61)Δ
2072 4809 2301 4888 Regius
2313 4810 2525 4888 primus
2557 4819 2610 4888 et
2632 4812 3038 4888 _§eguerianus,
3067 4816 3166 4888 τὴν
3200 4817 3424 4872 ἀκολου-

1851 4879 2132 4953 θίανᾌΑῇἰ
2159 4889 2211 4953 et
2240 4881 2392 4953 editi,
2426 4881 2522 4952 τὴν
2549 4879 2828 4953 ἀλήθειαν.

1924 4949 2033 5030 (62)
2073 4949 2272 5020 Regius
2307 4949 2534 5020 primus.
2579 4949 2801 5023 δέδαεν.
2836 4953 3054 5010 Gobler.
3101 4964 3158 5010 et
3195 4956 3338 5013 Fclc.
3369 4959 3429 5025 1,

2065 5088 2312 5179 Ὲςιιοληι.
2333 5089 2502 5179 5,nliic
2526 5093 2776 5179 et.paulo
2800 5100 2942 5179 post,
2971 5095 3264 5179 γεννητῶν.
3301 5097 3423 5179 Mox

1853 5158 1984 5281 ἕξις.
2016 5158 2071 5226 1,
2113 5159 2343 5230 λέγοιτο.
2382 5158 2723 5234 Seguerian.,
2757 5158 3017 5233 λέγοιντο.
3054 5158 3161 5220 Alii
3190 5176 3243 5221 et
3270 5169 3424 5230 editi,

1920 5247 2080 5281 νοιτο.

1853 5245 2271 5374 γεῖἓῧοίὶεείιιε
2302 5301 2536 5374 primus,
2573 5303 2801 5374 ,Seguer.
2841 5303 3059 5359 Gobler.
3107 5316 3161 5360 et
3190 5305 3336 5363 Fclc.
3368 5307 3423 5373 1,

1851 5369 2171 5447 ἀναφέρειρ
2205 5369 2410 5447 Cimbri
2437 5381 2490 5425 et
2521 5369 2675 5447 editi;
2712 5374 3068 5447 μεταφέρειν.
3098 5375 3267 5447 Paulo
3304 5369 3428 5447 post

1853 5438 2087 5515 uterque
2123 5438 2345 5515 Regius,
2377 5441 2602 5515 Seguer.
2626 5438 2802 5515 _Ba'sil.
2843 5438 2896 5499 et
2924 5438 3172 5515 Anglic”
3204 5438 3343 5502 εῐνοῖι
3367 5449 3428 5500 ιν

1851 5509 1930 5579 τῷ
1961 5509 2155 5629 Πατκρί.
2189 5510 2298 5564 Alii
2329 5519 2384 5564 et
2417 5509 2568 5572 editi,
2599 5509 2740 5569 εἶναι
2772 5517 2830 5569 ὲν
2863 5513 2981 5585 Θεῷ
3015 5509 3210 5588 Πατρί.

1925 5577 2036 5629 (65)
2111 5579 2195 5629 ide
2217 5579 2478 5629 Irenaeum
2509 5584 2603 5629 lib-
2629 5600 2645 5629 ι
2681 5585 2939 5629 Albin-nis
2956 5585 3194 5629 har-nan,

1925 5577 2036 5659 (£55)
2063 5577 2201 5659 Vide
2217 5579 2478 5659 [renatum
2507 5584 2604 5659 lib.
2629 5600 2646 5638 ι
2675 5585 2939 5642 Adversus
2953 5577 3199 5655 aereae},
3223 5603 3344 5659 cap.
3370 5587 3426 5652 1,

1855 5657 1910 5705 et
1942 5649 2301 5719 Epiphanium
2337 5652 2530 5710 haeresi
2569 5669 2718 5710 xxxi.

3038 5749 3113 5810 15
