  <div class='ocr_page' id='page_1' title='image "/cluster/home/n/w/nwhite01/storage/ocr_20150623/26/nnc1.0046978577/237.png"; bbox 0 0 3834 6220; ppageno 0'>
   <div class='ocr_carea' id='block_1_1' title="bbox 403 246 3679 316">
    <p class='ocr_par' dir='ltr' id='par_1_1' title="bbox 403 246 3679 316">
     <span class='ocr_line' id='line_1_1' title="bbox 403 246 3679 316; baseline -0.001 -8"><span class='ocrx_word' id='word_1_1' title='bbox 403 257 523 316; x_wconf 57' lang='lat'><strong>159</strong></span> <span class='ocrx_word' id='word_1_2' title='bbox 981 251 1040 307; x_wconf 90' lang='lat' dir='ltr'><strong>S.</strong></span> <span class='ocrx_word' id='word_1_3' title='bbox 1078 246 1452 306; x_wconf 78' lang='lat' dir='ltr'><strong>ATHANASll</strong></span> <span class='ocrx_word' id='word_1_4' title='bbox 1489 247 1639 305; x_wconf 83' lang='lat' dir='ltr'><strong>OPP.</strong></span> <span class='ocrx_word' id='word_1_5' title='bbox 1680 248 1864 306; x_wconf 77' lang='lat' dir='ltr'><strong>PARS</strong></span> <span class='ocrx_word' id='word_1_6' title='bbox 1902 248 1942 304; x_wconf 90' lang='grc' dir='ltr'>Ι.</span> <span class='ocrx_word' id='word_1_7' title='bbox 1981 278 2051 292; x_wconf 84' lang='grc'><strong><em>-</em></strong></span> <span class='ocrx_word' id='word_1_8' title='bbox 2088 248 2463 307; x_wconf 77' lang='lat' dir='ltr'><strong>HlSTORlCA</strong></span> <span class='ocrx_word' id='word_1_9' title='bbox 2500 249 2588 306; x_wconf 81' lang='lat' dir='ltr'><strong>ET</strong></span> <span class='ocrx_word' id='word_1_10' title='bbox 2628 251 3055 309; x_wconf 74' lang='lat' dir='ltr'><strong>DOGMATICA.</strong></span> <span class='ocrx_word' id='word_1_11' title='bbox 3264 296 3269 303; x_wconf 90' lang='lat'><strong>.</strong></span> <span class='ocrx_word' id='word_1_12' title='bbox 3571 258 3679 314; x_wconf 70' lang='lat'><strong>460</strong></span> 
     </span>
    </p>
   </div>
   <div class='ocr_carea' id='block_1_2' title="bbox 419 367 1985 449">
    <p class='ocr_par' dir='ltr' id='par_1_2' title="bbox 419 371 1985 449">
     <span class='ocr_line' id='line_1_2' title="bbox 419 371 1985 449; baseline -0.005 -15"><span class='ocrx_word' id='word_1_13' title='bbox 419 385 649 449; x_wconf 79' lang='lat' dir='ltr'><strong>tegunt,</strong></span> <span class='ocrx_word' id='word_1_14' title='bbox 708 389 834 432; x_wconf 88' lang='lat' dir='ltr'><strong>cum</strong></span> <span class='ocrx_word' id='word_1_15' title='bbox 902 371 1194 428; x_wconf 76' lang='lat' dir='ltr'><strong>voluntatis</strong></span> <span class='ocrx_word' id='word_1_16' title='bbox 1256 381 1312 426; x_wconf 90' lang='lat' dir='ltr'><strong>et</strong></span> <span class='ocrx_word' id='word_1_17' title='bbox 1384 371 1597 426; x_wconf 67' lang='lat' dir='ltr'><strong>arbitrii</strong></span> <span class='ocrx_word' id='word_1_18' title='bbox 1638 371 1985 442; x_wconf 63' lang='lat' dir='ltr'><strong>praetendunt</strong></span> 
     </span>
    </p>
   </div>
   <div class='ocr_carea' id='block_1_3' title="bbox 2101 367 3679 449">
    <p class='ocr_par' dir='ltr' id='par_1_3' title="bbox 2101 367 3679 447">
     <span class='ocr_line' id='line_1_3' title="bbox 2101 367 3679 447; baseline 0.004 -21"><span class='ocrx_word' id='word_1_19' title='bbox 2101 367 2306 427; x_wconf 75' lang='grc' dir='ltr'>εἶναιὲν</span> <span class='ocrx_word' id='word_1_20' title='bbox 2334 372 2412 444; x_wconf 80' lang='grc' dir='ltr'>τῷ</span> <span class='ocrx_word' id='word_1_21' title='bbox 2440 374 2646 445; x_wconf 74' lang='grc' dir='ltr'>Πατρὶς</span> <span class='ocrx_word' id='word_1_22' title='bbox 2695 375 2760 427; x_wconf 83' lang='grc' dir='ltr'><strong>Εἰ</strong></span> <span class='ocrx_word' id='word_1_23' title='bbox 2796 373 2906 446; x_wconf 82' lang='grc' dir='ltr'><strong>γὰρ</strong></span> <span class='ocrx_word' id='word_1_24' title='bbox 2943 375 3266 447; x_wconf 81' lang='grc' dir='ltr'>προηγεῖται</span> <span class='ocrx_word' id='word_1_25' title='bbox 3314 376 3573 447; x_wconf 83' lang='grc' dir='ltr'>βούλησις</span> <span class='ocrx_word' id='word_1_26' title='bbox 3618 379 3679 434; x_wconf 80' lang='grc' dir='ltr'>ὲν</span> 
     </span>
    </p>
   </div>
   <div class='ocr_carea' id='block_1_4' title="bbox 415 460 1985 539">
    <p class='ocr_par' dir='ltr' id='par_1_4' title="bbox 415 460 1985 538">
     <span class='ocr_line' id='line_1_4' title="bbox 415 460 1985 538; baseline -0.003 -13"><span class='ocrx_word' id='word_1_27' title='bbox 415 470 660 534; x_wconf 90' lang='lat' dir='ltr'><strong>nomina,</strong></span> <span class='ocrx_word' id='word_1_28' title='bbox 687 482 808 538; x_wconf 64' lang='lat' dir='ltr'><strong>qua</strong></span> <span class='ocrx_word' id='word_1_29' title='bbox 832 465 1072 536; x_wconf 86' lang='lat' dir='ltr'><strong>quidem,</strong></span> <span class='ocrx_word' id='word_1_30' title='bbox 1092 478 1218 519; x_wconf 88' lang='lat' dir='ltr'><strong>cum</strong></span> <span class='ocrx_word' id='word_1_31' title='bbox 1247 461 1316 518; x_wconf 90' lang='lat' dir='ltr'><strong>de</strong></span> <span class='ocrx_word' id='word_1_32' title='bbox 1344 460 1505 519; x_wconf 79' lang='lat' dir='ltr'><strong>factis</strong></span> <span class='ocrx_word' id='word_1_33' title='bbox 1533 472 1587 519; x_wconf 90' lang='lat' dir='ltr'><strong>et</strong></span> <span class='ocrx_word' id='word_1_34' title='bbox 1600 464 1806 519; x_wconf 85' lang='lat' dir='ltr'><strong>creatis</strong></span> <span class='ocrx_word' id='word_1_35' title='bbox 1826 464 1985 521; x_wconf 84' lang='lat' dir='ltr'><strong>rebus</strong></span> 
     </span>
    </p>
   </div>
   <div class='ocr_carea' id='block_1_5' title="bbox 2101 460 3680 539">
    <p class='ocr_par' dir='ltr' id='par_1_5' title="bbox 2101 463 3680 539">
     <span class='ocr_line' id='line_1_5' title="bbox 2101 463 3680 539; baseline 0.006 -22"><span class='ocrx_word' id='word_1_36' title='bbox 2101 463 2174 535; x_wconf 80' lang='grc' dir='ltr'>τῷ</span> <span class='ocrx_word' id='word_1_37' title='bbox 2193 465 2399 536; x_wconf 80' lang='grc' dir='ltr'>Πατρὶ,</span> <span class='ocrx_word' id='word_1_38' title='bbox 2433 466 2532 519; x_wconf 77' lang='grc' dir='ltr'>οὐκ</span> <span class='ocrx_word' id='word_1_39' title='bbox 2559 466 2812 539; x_wconf 79' lang='grc' dir='ltr'><strong>ἀληθεύει</strong></span> <span class='ocrx_word' id='word_1_40' title='bbox 2854 467 3028 538; x_wconf 89' lang='grc' dir='ltr'>λέγων</span> <span class='ocrx_word' id='word_1_41' title='bbox 3051 470 3079 522; x_wconf 93' lang='lat'><strong>6</strong></span> <span class='ocrx_word' id='word_1_42' title='bbox 3118 468 3274 535; x_wconf 86' lang='grc' dir='ltr'>Υίός,</span> <span class='ocrx_word' id='word_1_43' title='bbox 3309 471 3453 539; x_wconf 75' lang='grc' dir='ltr'>Ἐγὼ</span> <span class='ocrx_word' id='word_1_44' title='bbox 3489 472 3562 525; x_wconf 72' lang='grc' dir='ltr'><strong>ἐν</strong></span> <span class='ocrx_word' id='word_1_45' title='bbox 3597 472 3680 537; x_wconf 78' lang='grc' dir='ltr'>τῷ</span> 
     </span>
    </p>
   </div>
   <div class='ocr_carea' id='block_1_6' title="bbox 414 541 1985 633">
    <p class='ocr_par' dir='ltr' id='par_1_6' title="bbox 414 553 1985 625">
     <span class='ocr_line' id='line_1_6' title="bbox 414 553 1985 625; baseline -0.007 -7"><span class='ocrx_word' id='word_1_46' title='bbox 414 576 598 620; x_wconf 84' lang='lat' dir='ltr'><strong>sermo</strong></span> <span class='ocrx_word' id='word_1_47' title='bbox 632 569 744 624; x_wconf 82' lang='lat' dir='ltr'><strong>est,</strong></span> <span class='ocrx_word' id='word_1_48' title='bbox 788 566 929 614; x_wconf 87' lang='lat' dir='ltr'><strong>recte</strong></span> <span class='ocrx_word' id='word_1_49' title='bbox 965 556 1314 611; x_wconf 85' lang='lat' dir='ltr'><strong>adhibentur.</strong></span> <span class='ocrx_word' id='word_1_50' title='bbox 1347 555 1546 608; x_wconf 87' lang='lat' dir='ltr'><strong>Annon</strong></span> <span class='ocrx_word' id='word_1_51' title='bbox 1588 568 1718 625; x_wconf 85' lang='lat' dir='ltr'><strong>ergo</strong></span> <span class='ocrx_word' id='word_1_52' title='bbox 1762 553 1985 625; x_wconf 87' lang='lat' dir='ltr'><strong>impium</strong></span> 
     </span>
    </p>
   </div>
   <div class='ocr_carea' id='block_1_7' title="bbox 2101 541 3680 633">
    <p class='ocr_par' dir='ltr' id='par_1_7' title="bbox 2101 541 3680 633">
     <span class='ocr_line' id='line_1_7' title="bbox 2101 541 3680 633; baseline 0.007 -25"><span class='ocrx_word' id='word_1_53' title='bbox 2101 541 2279 624; x_wconf 74' lang='grc' dir='ltr'>Πατρί</span> <span class='ocrx_word' id='word_1_54' title='bbox 2296 573 2310 585; x_wconf 74' lang='grc' dir='ltr'><strong>ο</strong></span> <span class='ocrx_word' id='word_1_55' title='bbox 2337 556 2372 627; x_wconf 76' lang='grc' dir='ltr'><strong>ἢ</strong></span> <span class='ocrx_word' id='word_1_56' title='bbox 2402 574 2451 610; x_wconf 88' lang='grc' dir='ltr'><strong>ει</strong></span> <span class='ocrx_word' id='word_1_57' title='bbox 2475 559 2569 612; x_wconf 74' lang='grc' dir='ltr'><strong>καὶ</strong></span> <span class='ocrx_word' id='word_1_58' title='bbox 2599 560 2763 624; x_wconf 83' lang='grc' dir='ltr'>αὐτὸς</span> <span class='ocrx_word' id='word_1_59' title='bbox 2787 559 2899 631; x_wconf 87' lang='grc'><strong>(66)</strong></span> <span class='ocrx_word' id='word_1_60' title='bbox 2932 562 2991 615; x_wconf 83' lang='grc' dir='ltr'>ὲν</span> <span class='ocrx_word' id='word_1_61' title='bbox 3022 561 3100 632; x_wconf 84' lang='grc' dir='ltr'>τῷ</span> <span class='ocrx_word' id='word_1_62' title='bbox 3131 561 3307 633; x_wconf 86' lang='grc' dir='ltr'>Πατρί</span> <span class='ocrx_word' id='word_1_63' title='bbox 3328 563 3512 627; x_wconf 74' lang='grc' dir='ltr'>ἐστιν,</span> <span class='ocrx_word' id='word_1_64' title='bbox 3541 563 3680 619; x_wconf 81' lang='grc' dir='ltr'>ἀλλὰ</span> 
     </span>
    </p>
   </div>
   <div class='ocr_carea' id='block_1_8' title="bbox 413 643 1992 720">
    <p class='ocr_par' dir='ltr' id='par_1_8' title="bbox 413 643 1992 720">
     <span class='ocr_line' id='line_1_8' title="bbox 413 643 1992 720; baseline -0.008 -9"><span class='ocrx_word' id='word_1_65' title='bbox 413 663 501 711; x_wconf 84' lang='lat' dir='ltr'><strong>cst</strong></span> <span class='ocrx_word' id='word_1_66' title='bbox 551 668 635 719; x_wconf 86' lang='lat' dir='ltr'><strong>ea,</strong></span> <span class='ocrx_word' id='word_1_67' title='bbox 692 666 814 720; x_wconf 75' lang='lat' dir='ltr'><strong>quae</strong></span> <span class='ocrx_word' id='word_1_68' title='bbox 862 663 1046 704; x_wconf 87' lang='lat' dir='ltr'><strong>rerum</strong></span> <span class='ocrx_word' id='word_1_69' title='bbox 1110 645 1376 702; x_wconf 81' lang='lat' dir='ltr'><strong>factarum</strong></span> <span class='ocrx_word' id='word_1_70' title='bbox 1426 645 1646 716; x_wconf 89' lang='lat' dir='ltr'><strong>propria</strong></span> <span class='ocrx_word' id='word_1_71' title='bbox 1691 654 1839 709; x_wconf 87' lang='lat' dir='ltr'><strong>sunt,</strong></span> <span class='ocrx_word' id='word_1_72' title='bbox 1890 643 1992 714; x_wconf 84' lang='lat' dir='ltr'><strong>ipsi</strong></span> 
     </span>
    </p>
   </div>
   <div class='ocr_carea' id='block_1_9' title="bbox 400 736 1992 805">
    <p class='ocr_par' dir='ltr' id='par_1_9' title="bbox 400 736 1992 805">
     <span class='ocr_line' id='line_1_9' title="bbox 400 736 1992 805; baseline -0.008 -2"><span class='ocrx_word' id='word_1_73' title='bbox 400 747 687 805; x_wconf 58' lang='lat' dir='ltr'><strong>ascribere</strong></span> <span class='ocrx_word' id='word_1_74' title='bbox 714 740 998 800; x_wconf 78' lang='lat' dir='ltr'><strong>Creatori?</strong></span> <span class='ocrx_word' id='word_1_75' title='bbox 1031 738 1229 794; x_wconf 82' lang='lat' dir='ltr'><strong>Annon</strong></span> <span class='ocrx_word' id='word_1_76' title='bbox 1268 736 1422 793; x_wconf 80' lang='lat' dir='ltr'><strong>nefas</strong></span> <span class='ocrx_word' id='word_1_77' title='bbox 1469 737 1617 792; x_wconf 91' lang='lat' dir='ltr'><strong>dictu</strong></span> <span class='ocrx_word' id='word_1_78' title='bbox 1672 745 1756 792; x_wconf 89' lang='lat' dir='ltr'><strong>est</strong></span> <span class='ocrx_word' id='word_1_79' title='bbox 1795 736 1992 791; x_wconf 90' lang='lat' dir='ltr'><strong>volun-</strong></span> 
     </span>
    </p>
   </div>
   <div class='ocr_carea' id='block_1_10' title="bbox 414 827 1995 895">
    <p class='ocr_par' dir='ltr' id='par_1_10' title="bbox 414 827 1995 895">
     <span class='ocr_line' id='line_1_10' title="bbox 414 827 1995 895; baseline -0.008 0"><span class='ocrx_word' id='word_1_80' title='bbox 414 849 576 895; x_wconf 88' lang='lat' dir='ltr'><strong>tatem</strong></span> <span class='ocrx_word' id='word_1_81' title='bbox 594 844 728 891; x_wconf 82' lang='lat' dir='ltr'><strong>ante</strong></span> <span class='ocrx_word' id='word_1_82' title='bbox 754 834 992 890; x_wconf 77' lang='lat' dir='ltr'><strong>Verbum</strong></span> <span class='ocrx_word' id='word_1_83' title='bbox 1021 833 1076 886; x_wconf 90' lang='lat' dir='ltr'><strong>in</strong></span> <span class='ocrx_word' id='word_1_84' title='bbox 1106 829 1261 885; x_wconf 86' lang='lat' dir='ltr'><strong>Patre</strong></span> <span class='ocrx_word' id='word_1_85' title='bbox 1283 829 1445 885; x_wconf 78' lang='lat' dir='ltr'><strong>esse?</strong></span> <span class='ocrx_word' id='word_1_86' title='bbox 1476 828 1534 883; x_wconf 89' lang='lat' dir='ltr'><strong>Si</strong></span> <span class='ocrx_word' id='word_1_87' title='bbox 1565 827 1710 883; x_wconf 88' lang='lat' dir='ltr'><strong>enim</strong></span> <span class='ocrx_word' id='word_1_88' title='bbox 1743 827 1995 883; x_wconf 82' lang='lat' dir='ltr'><strong>voluntas</strong></span> 
     </span>
    </p>
   </div>
   <div class='ocr_carea' id='block_1_11' title="bbox 404 918 1991 998">
    <p class='ocr_par' dir='ltr' id='par_1_11' title="bbox 404 918 1991 998">
     <span class='ocr_line' id='line_1_11' title="bbox 404 918 1991 998; baseline -0.008 -13"><span class='ocrx_word' id='word_1_89' title='bbox 404 930 468 985; x_wconf 78' lang='lat' dir='ltr'><strong>in</strong></span> <span class='ocrx_word' id='word_1_90' title='bbox 501 928 661 984; x_wconf 87' lang='lat' dir='ltr'><strong>Patre</strong></span> <span class='ocrx_word' id='word_1_91' title='bbox 693 926 970 998; x_wconf 80' lang='lat' dir='ltr'><strong>praecedit,</strong></span> <span class='ocrx_word' id='word_1_92' title='bbox 1003 938 1113 979; x_wconf 94' lang='lat' dir='ltr'><strong>non</strong></span> <span class='ocrx_word' id='word_1_93' title='bbox 1141 938 1271 993; x_wconf 85' lang='lat' dir='ltr'><strong>ergo</strong></span> <span class='ocrx_word' id='word_1_94' title='bbox 1291 936 1479 977; x_wconf 88' lang='lat' dir='ltr'><strong>verum</strong></span> <span class='ocrx_word' id='word_1_95' title='bbox 1512 920 1646 995; x_wconf 64' lang='lat' dir='ltr'><strong>dicit</strong></span> <span class='ocrx_word' id='word_1_96' title='bbox 1670 918 1842 976; x_wconf 87' lang='lat' dir='ltr'><strong>Filius</strong></span> <span class='ocrx_word' id='word_1_97' title='bbox 1866 934 1991 975; x_wconf 88' lang='lat' dir='ltr'><strong>cum</strong></span> 
     </span>
    </p>
   </div>
   <div class='ocr_carea' id='block_1_12' title="bbox 391 1009 1992 1087">
    <p class='ocr_par' dir='ltr' id='par_1_12' title="bbox 391 1009 1992 1087">
     <span class='ocr_line' id='line_1_12' title="bbox 391 1009 1992 1087; baseline -0.005 -14"><span class='ocrx_word' id='word_1_98' title='bbox 391 1020 510 1083; x_wconf 57' lang='lat' dir='ltr'><strong>vait,</strong></span> <span class='ocrx_word' id='word_1_99' title='bbox 543 1017 739 1087; x_wconf 78' lang='lat' dir='ltr'><strong>Egoin</strong></span> <span class='ocrx_word' id='word_1_100' title='bbox 774 1015 933 1069; x_wconf 83' lang='lat' dir='ltr'><strong>Patre</strong></span> <span class='ocrx_word' id='word_1_101' title='bbox 962 1015 1041 1079; x_wconf 64' lang='lat' dir='ltr'><strong>is;</strong></span> <span class='ocrx_word' id='word_1_102' title='bbox 1086 1019 1185 1067; x_wconf 89' lang='lat' dir='ltr'><strong>aut</strong></span> <span class='ocrx_word' id='word_1_103' title='bbox 1229 1011 1276 1067; x_wconf 91' lang='lat' dir='ltr'><strong>si</strong></span> <span class='ocrx_word' id='word_1_104' title='bbox 1327 1011 1443 1080; x_wconf 90' lang='lat' dir='ltr'><strong>ipse</strong></span> <span class='ocrx_word' id='word_1_105' title='bbox 1487 1026 1707 1081; x_wconf 88' lang='lat' dir='ltr'><strong>quoque</strong></span> <span class='ocrx_word' id='word_1_106' title='bbox 1747 1011 1803 1065; x_wconf 90' lang='lat' dir='ltr'><strong>in</strong></span> <span class='ocrx_word' id='word_1_107' title='bbox 1832 1009 1992 1065; x_wconf 80' lang='lat' dir='ltr'><strong>Patre</strong></span> 
     </span>
    </p>
   </div>
   <div class='ocr_carea' id='block_1_13' title="bbox 411 1102 1991 1176">
    <p class='ocr_par' dir='ltr' id='par_1_13' title="bbox 411 1102 1991 1176">
     <span class='ocr_line' id='line_1_13' title="bbox 411 1102 1991 1176; baseline -0.007 -8"><span class='ocrx_word' id='word_1_108' title='bbox 411 1118 516 1176; x_wconf 84' lang='lat' dir='ltr'><strong>est,</strong></span> <span class='ocrx_word' id='word_1_109' title='bbox 544 1118 689 1167; x_wconf 86' lang='lat' dir='ltr'><strong>certe</strong></span> <span class='ocrx_word' id='word_1_110' title='bbox 716 1108 987 1165; x_wconf 89' lang='lat' dir='ltr'><strong>secundus</strong></span> <span class='ocrx_word' id='word_1_111' title='bbox 1029 1107 1086 1162; x_wconf 90' lang='lat' dir='ltr'><strong>in</strong></span> <span class='ocrx_word' id='word_1_112' title='bbox 1134 1105 1228 1161; x_wconf 91' lang='lat' dir='ltr'><strong>illo</strong></span> <span class='ocrx_word' id='word_1_113' title='bbox 1270 1119 1393 1160; x_wconf 90' lang='lat' dir='ltr'><strong>esse</strong></span> <span class='ocrx_word' id='word_1_114' title='bbox 1431 1102 1856 1167; x_wconf 76' lang='lat' dir='ltr'><strong>existimabitur,</strong></span> <span class='ocrx_word' id='word_1_115' title='bbox 1891 1117 1991 1157; x_wconf 90' lang='lat' dir='ltr'><strong>nec</strong></span> 
     </span>
    </p>
   </div>
   <div class='ocr_carea' id='block_1_14' title="bbox 412 1193 1990 1268">
    <p class='ocr_par' dir='ltr' id='par_1_14' title="bbox 412 1193 1990 1268">
     <span class='ocr_line' id='line_1_14' title="bbox 412 1193 1990 1268; baseline -0.006 -10"><span class='ocrx_word' id='word_1_116' title='bbox 412 1217 541 1258; x_wconf 87' lang='lat' dir='ltr'><strong>eum</strong></span> <span class='ocrx_word' id='word_1_117' title='bbox 573 1200 827 1257; x_wconf 85' lang='lat' dir='ltr'><strong>convenit</strong></span> <span class='ocrx_word' id='word_1_118' title='bbox 857 1200 1055 1262; x_wconf 85' lang='lat' dir='ltr'><strong>dicere,</strong></span> <span class='ocrx_word' id='word_1_119' title='bbox 1089 1196 1201 1268; x_wconf 88' lang='lat' dir='ltr'><strong>Ego</strong></span> <span class='ocrx_word' id='word_1_120' title='bbox 1246 1196 1303 1249; x_wconf 85' lang='lat' dir='ltr'><strong>in</strong></span> <span class='ocrx_word' id='word_1_121' title='bbox 1349 1194 1528 1258; x_wconf 82' lang='lat' dir='ltr'><strong>Patre,</strong></span> <span class='ocrx_word' id='word_1_122' title='bbox 1565 1208 1689 1249; x_wconf 91' lang='lat' dir='ltr'><strong>cum</strong></span> <span class='ocrx_word' id='word_1_123' title='bbox 1739 1193 1990 1248; x_wconf 80' lang='lat' dir='ltr'><strong>voluntas</strong></span> 
     </span>
    </p>
   </div>
   <div class='ocr_carea' id='block_1_15' title="bbox 398 1278 1988 1363">
    <p class='ocr_par' dir='ltr' id='par_1_15' title="bbox 398 1278 1988 1363">
     <span class='ocr_line' id='line_1_15' title="bbox 398 1278 1988 1363; baseline -0.006 -15"><span class='ocrx_word' id='word_1_124' title='bbox 398 1293 471 1349; x_wconf 87' lang='lat' dir='ltr'><strong>-in</strong></span> <span class='ocrx_word' id='word_1_125' title='bbox 498 1309 604 1363; x_wconf 90' lang='lat' dir='ltr'><strong>qua</strong></span> <span class='ocrx_word' id='word_1_126' title='bbox 636 1292 820 1347; x_wconf 86' lang='lat' dir='ltr'><strong>omnia</strong></span> <span class='ocrx_word' id='word_1_127' title='bbox 868 1290 1009 1347; x_wconf 73' lang='lat' dir='ltr'><strong>facta</strong></span> <span class='ocrx_word' id='word_1_128' title='bbox 1038 1300 1186 1357; x_wconf 88' lang='lat' dir='ltr'><strong>sunt,</strong></span> <span class='ocrx_word' id='word_1_129' title='bbox 1227 1298 1283 1344; x_wconf 90' lang='lat' dir='ltr'><strong>et</strong></span> <span class='ocrx_word' id='word_1_130' title='bbox 1316 1289 1372 1343; x_wconf 91' lang='lat' dir='ltr'><strong>in</strong></span> <span class='ocrx_word' id='word_1_131' title='bbox 1399 1302 1506 1358; x_wconf 89' lang='lat' dir='ltr'><strong>qua</strong></span> <span class='ocrx_word' id='word_1_132' title='bbox 1542 1285 1659 1356; x_wconf 89' lang='lat' dir='ltr'><strong>ipse</strong></span> <span class='ocrx_word' id='word_1_133' title='bbox 1687 1278 1988 1340; x_wconf 85' lang='lat' dir='ltr'><strong>secundum</strong></span> 
     </span>
    </p>
   </div>
   <div class='ocr_carea' id='block_1_16' title="bbox 410 1375 1989 1451">
    <p class='ocr_par' dir='ltr' id='par_1_16' title="bbox 410 1375 1989 1451">
     <span class='ocr_line' id='line_1_16' title="bbox 410 1375 1989 1451; baseline -0.007 -13"><span class='ocrx_word' id='word_1_134' title='bbox 410 1397 513 1438; x_wconf 86' lang='lat' dir='ltr'><strong>vos</strong></span> <span class='ocrx_word' id='word_1_135' title='bbox 547 1381 648 1436; x_wconf 82' lang='lat' dir='ltr'><strong>fuit</strong></span> <span class='ocrx_word' id='word_1_136' title='bbox 673 1381 991 1451; x_wconf 85' lang='lat' dir='ltr'><strong>productus,</strong></span> <span class='ocrx_word' id='word_1_137' title='bbox 1026 1380 1183 1450; x_wconf 86' lang='lat' dir='ltr'><strong>prior</strong></span> <span class='ocrx_word' id='word_1_138' title='bbox 1220 1378 1341 1449; x_wconf 88' lang='lat' dir='ltr'><strong>ipso</strong></span> <span class='ocrx_word' id='word_1_139' title='bbox 1374 1377 1465 1433; x_wconf 88' lang='lat' dir='ltr'><strong>sit.</strong></span> <span class='ocrx_word' id='word_1_140' title='bbox 1492 1375 1627 1430; x_wconf 85' lang='lat' dir='ltr'><strong>Nam</strong></span> <span class='ocrx_word' id='word_1_141' title='bbox 1643 1375 1989 1447; x_wconf 68' lang='lat' dir='ltr'><strong>etiamsiglo-</strong></span> 
     </span>
    </p>
   </div>
   <div class='ocr_carea' id='block_1_17' title="bbox 397 1467 1992 1537">
    <p class='ocr_par' dir='ltr' id='par_1_17' title="bbox 397 1467 1992 1537">
     <span class='ocr_line' id='line_1_17' title="bbox 397 1467 1992 1537; baseline -0.005 -8"><span class='ocrx_word' id='word_1_142' title='bbox 397 1474 497 1529; x_wconf 84' lang='lat' dir='ltr'><strong>-ria</strong></span> <span class='ocrx_word' id='word_1_143' title='bbox 531 1473 761 1537; x_wconf 76' lang='lat' dir='ltr'><strong>diﬂ‘erat,</strong></span> <span class='ocrx_word' id='word_1_144' title='bbox 794 1471 1149 1526; x_wconf 83' lang='lat' dir='ltr'><strong>nihilominus</strong></span> <span class='ocrx_word' id='word_1_145' title='bbox 1185 1485 1329 1525; x_wconf 91' lang='lat' dir='ltr'><strong>unus</strong></span> <span class='ocrx_word' id='word_1_146' title='bbox 1371 1478 1455 1524; x_wconf 91' lang='lat' dir='ltr'><strong>est</strong></span> <span class='ocrx_word' id='word_1_147' title='bbox 1485 1483 1553 1523; x_wconf 77' lang='lat' dir='ltr'><strong>ex</strong></span> <span class='ocrx_word' id='word_1_148' title='bbox 1601 1467 1688 1523; x_wconf 90' lang='lat' dir='ltr'><strong>his</strong></span> <span class='ocrx_word' id='word_1_149' title='bbox 1731 1482 1855 1536; x_wconf 68' lang='lat' dir='ltr'><strong>quae</strong></span> <span class='ocrx_word' id='word_1_150' title='bbox 1896 1480 1992 1521; x_wconf 93' lang='lat' dir='ltr'><strong>vo—</strong></span> 
     </span>
    </p>
   </div>
   <div class='ocr_carea' id='block_1_18' title="bbox 400 1558 3794 1641">
    <p class='ocr_par' dir='ltr' id='par_1_18' title="bbox 400 1558 3794 1641">
     <span class='ocr_line' id='line_1_18' title="bbox 400 1558 3794 1641; baseline 0.001 -16"><span class='ocrx_word' id='word_1_151' title='bbox 400 1568 619 1625; x_wconf 81' lang='lat' dir='ltr'><strong>luntate</strong></span> <span class='ocrx_word' id='word_1_152' title='bbox 647 1568 970 1624; x_wconf 78' lang='lat' dir='ltr'><strong>eliiciuntur.</strong></span> <span class='ocrx_word' id='word_1_153' title='bbox 996 1558 1196 1632; x_wconf 86' lang='lat' dir='ltr'><strong>Porro,</strong></span> <span class='ocrx_word' id='word_1_154' title='bbox 1223 1574 1283 1621; x_wconf 91' lang='lat' dir='ltr'><strong>ut</strong></span> <span class='ocrx_word' id='word_1_155' title='bbox 1307 1572 1433 1619; x_wconf 89' lang='lat' dir='ltr'><strong>ante</strong></span> <span class='ocrx_word' id='word_1_156' title='bbox 1466 1563 1726 1625; x_wconf 79' lang='lat' dir='ltr'><strong>diximus,</strong></span> <span class='ocrx_word' id='word_1_157' title='bbox 1753 1563 1800 1618; x_wconf 93' lang='lat' dir='ltr'><strong>si</strong></span> <span class='ocrx_word' id='word_1_158' title='bbox 1825 1562 1899 1616; x_wconf 87' lang='lat' dir='ltr'><strong>ita</strong></span> <span class='ocrx_word' id='word_1_159' title='bbox 1923 1577 1982 1618; x_wconf 90' lang='lat' dir='ltr'><strong>se</strong></span> <span class='ocrx_word' id='word_1_160' title='bbox 2017 1576 2104 1619; x_wconf 83' lang='lat' dir='ltr'><strong>res</strong></span> <span class='ocrx_word' id='word_1_161' title='bbox 2133 1565 2315 1633; x_wconf 88' lang='lat' dir='ltr'><strong>habet,</strong></span> <span class='ocrx_word' id='word_1_162' title='bbox 2344 1584 2514 1638; x_wconf 89' lang='lat' dir='ltr'><strong>quare</strong></span> <span class='ocrx_word' id='word_1_163' title='bbox 2542 1571 2709 1641; x_wconf 83' lang='lat' dir='ltr'><strong>igitur</strong></span> <span class='ocrx_word' id='word_1_164' title='bbox 2740 1572 2829 1626; x_wconf 89' lang='lat' dir='ltr'><strong>ille</strong></span> <span class='ocrx_word' id='word_1_165' title='bbox 2860 1571 3127 1628; x_wconf 88' lang='lat' dir='ltr'><strong>Dominus</strong></span> <span class='ocrx_word' id='word_1_166' title='bbox 3185 1580 3289 1639; x_wconf 87' lang='lat' dir='ltr'><strong>est,</strong></span> <span class='ocrx_word' id='word_1_167' title='bbox 3349 1585 3439 1628; x_wconf 90' lang='lat' dir='ltr'><strong>res</strong></span> <span class='ocrx_word' id='word_1_168' title='bbox 3480 1580 3676 1629; x_wconf 70' lang='lat' dir='ltr'><strong>autem</strong></span> <span class='ocrx_word' id='word_1_169' title='bbox 3791 1568 3794 1577; x_wconf 77' lang='grc'><strong>’</strong></span> 
     </span>
    </p>
   </div>
   <div class='ocr_carea' id='block_1_19' title="bbox 2090 646 3679 726">
    <p class='ocr_par' dir='ltr' id='par_1_19' title="bbox 2090 646 3679 726">
     <span class='ocr_line' id='line_1_19' title="bbox 2090 646 3679 726; baseline 0.006 -25"><span class='ocrx_word' id='word_1_170' title='bbox 2090 646 2340 719; x_wconf 90' lang='grc' dir='ltr'>δεύτερος</span> <span class='ocrx_word' id='word_1_171' title='bbox 2373 648 2774 722; x_wconf 78' lang='grc' dir='ltr'><strong>λογισθήσεται,</strong></span> <span class='ocrx_word' id='word_1_172' title='bbox 2803 653 2898 707; x_wconf 78' lang='grc' dir='ltr'><strong>καὶ</strong></span> <span class='ocrx_word' id='word_1_173' title='bbox 2923 654 3025 707; x_wconf 79' lang='grc' dir='ltr'><strong>οὐκ</strong></span> <span class='ocrx_word' id='word_1_174' title='bbox 3046 653 3253 726; x_wconf 77' lang='grc' dir='ltr'>ἔπρεπε</span> <span class='ocrx_word' id='word_1_175' title='bbox 3286 653 3466 723; x_wconf 89' lang='grc' dir='ltr'>λέγειν</span> <span class='ocrx_word' id='word_1_176' title='bbox 3487 655 3679 721; x_wconf 80' lang='grc' dir='ltr'>αὐτὸν,</span> 
     </span>
    </p>
   </div>
   <div class='ocr_carea' id='block_1_20' title="bbox 2106 736 3681 815">
    <p class='ocr_par' dir='ltr' id='par_1_20' title="bbox 2106 736 3681 815">
     <span class='ocr_line' id='line_1_20' title="bbox 2106 736 3681 815; baseline 0.005 -26"><span class='ocrx_word' id='word_1_177' title='bbox 2106 736 2248 806; x_wconf 82' lang='grc' dir='ltr'><strong>Ἐγὼ</strong></span> <span class='ocrx_word' id='word_1_178' title='bbox 2269 738 2341 791; x_wconf 81' lang='grc' dir='ltr'><strong>ἐν</strong></span> <span class='ocrx_word' id='word_1_179' title='bbox 2368 737 2449 804; x_wconf 81' lang='grc' dir='ltr'>τῷ</span> <span class='ocrx_word' id='word_1_180' title='bbox 2468 740 2673 809; x_wconf 78' lang='grc' dir='ltr'>Πατρί,</span> <span class='ocrx_word' id='word_1_181' title='bbox 2701 741 2869 813; x_wconf 78' lang='grc' dir='ltr'>οὔσης</span> <span class='ocrx_word' id='word_1_182' title='bbox 2907 742 3211 814; x_wconf 73' lang='grc' dir='ltr'><strong>βουλήσεως</strong></span> <span class='ocrx_word' id='word_1_183' title='bbox 3251 742 3360 815; x_wconf 81' lang='grc' dir='ltr'>πρὸ</span> <span class='ocrx_word' id='word_1_184' title='bbox 3386 743 3576 808; x_wconf 83' lang='grc' dir='ltr'>αὑτοῦ,</span> <span class='ocrx_word' id='word_1_185' title='bbox 3622 745 3681 797; x_wconf 82' lang='grc' dir='ltr'>ὲν</span> 
     </span>
    </p>
   </div>
   <div class='ocr_carea' id='block_1_21' title="bbox 2086 822 3679 905">
    <p class='ocr_par' dir='ltr' id='par_1_21' title="bbox 2086 822 3679 905">
     <span class='ocr_line' id='line_1_21' title="bbox 2086 822 3679 905; baseline 0.005 -24"><span class='ocrx_word' id='word_1_186' title='bbox 2148 828 2216 882; x_wconf 80' lang='grc' dir='ltr'>τὰ</span> <span class='ocrx_word' id='word_1_187' title='bbox 2239 829 2416 884; x_wconf 83' lang='grc' dir='ltr'>πάντα</span> <span class='ocrx_word' id='word_1_188' title='bbox 2447 831 2638 901; x_wconf 88' lang='grc' dir='ltr'>γέγονε</span> <span class='ocrx_word' id='word_1_189' title='bbox 2671 832 2805 904; x_wconf 87' lang='lat'><strong>(67),</strong></span> <span class='ocrx_word' id='word_1_190' title='bbox 2835 834 2928 888; x_wconf 77' lang='grc' dir='ltr'><strong>καὶ</strong></span> <span class='ocrx_word' id='word_1_191' title='bbox 2949 834 3112 897; x_wconf 79' lang='grc' dir='ltr'>αὐτὸς</span> <span class='ocrx_word' id='word_1_192' title='bbox 3132 833 3340 905; x_wconf 79' lang='grc' dir='ltr'><strong>ὑπέστη</strong></span> <span class='ocrx_word' id='word_1_193' title='bbox 3365 833 3486 887; x_wconf 86' lang='grc' dir='ltr'>καθ’</span> <span class='ocrx_word' id='word_1_194' title='bbox 3508 834 3679 905; x_wconf 76' lang='grc' dir='ltr'>ὑμᾶς.</span> 
     </span>
    </p>
   </div>
   <div class='ocr_carea' id='block_1_22' title="bbox 2093 918 3723 998">
    <p class='ocr_par' dir='ltr' id='par_1_22' title="bbox 2093 918 3723 998">
     <span class='ocr_line' id='line_1_22' title="bbox 2093 918 3723 998; baseline 0.006 -27"><span class='ocrx_word' id='word_1_195' title='bbox 2093 918 2212 973; x_wconf 81' lang='grc' dir='ltr'><strong>Κᾶν</strong></span> <span class='ocrx_word' id='word_1_196' title='bbox 2236 919 2344 993; x_wconf 79' lang='grc' dir='ltr'>γὰρ</span> <span class='ocrx_word' id='word_1_197' title='bbox 2376 925 2439 994; x_wconf 79' lang='grc' dir='ltr'>τῇ</span> <span class='ocrx_word' id='word_1_198' title='bbox 2473 923 2598 995; x_wconf 76' lang='grc' dir='ltr'>δόξῃ</span> <span class='ocrx_word' id='word_1_199' title='bbox 2631 925 2885 998; x_wconf 77' lang='grc' dir='ltr'><strong>διαφέρῃ,</strong></span> <span class='ocrx_word' id='word_1_200' title='bbox 2910 925 3025 979; x_wconf 84' lang='grc' dir='ltr'>ἀλλ’</span> <span class='ocrx_word' id='word_1_201' title='bbox 3050 926 3200 979; x_wconf 83' lang='grc' dir='ltr'>οὐδὲν</span> <span class='ocrx_word' id='word_1_202' title='bbox 3232 920 3393 998; x_wconf 81' lang='grc' dir='ltr'>ἦττον</span> <span class='ocrx_word' id='word_1_203' title='bbox 3438 921 3519 990; x_wconf 81' lang='grc' dir='ltr'><strong>εἷς</strong></span> <span class='ocrx_word' id='word_1_204' title='bbox 3560 928 3681 980; x_wconf 75' lang='grc' dir='ltr'>ἐστι</span> <span class='ocrx_word' id='word_1_205' title='bbox 3716 928 3723 936; x_wconf 84' lang='grc'><em>”</em></span> 
     </span>
    </p>
   </div>
   <div class='ocr_carea' id='block_1_23' title="bbox 2091 1010 3682 1089">
    <p class='ocr_par' dir='ltr' id='par_1_23' title="bbox 2091 1010 3682 1089">
     <span class='ocr_line' id='line_1_23' title="bbox 2091 1010 3682 1089; baseline 0.005 -26"><span class='ocrx_word' id='word_1_206' title='bbox 2091 1010 2202 1065; x_wconf 80' lang='grc' dir='ltr'><strong>τῶν</strong></span> <span class='ocrx_word' id='word_1_207' title='bbox 2251 1014 2317 1065; x_wconf 83' lang='grc' dir='ltr'>ὲκ</span> <span class='ocrx_word' id='word_1_208' title='bbox 2359 1012 2666 1087; x_wconf 81' lang='grc' dir='ltr'><strong>βουλήσεως</strong></span> <span class='ocrx_word' id='word_1_209' title='bbox 2694 1017 3013 1087; x_wconf 84' lang='grc' dir='ltr'><strong>γινομένων.</strong></span> <span class='ocrx_word' id='word_1_210' title='bbox 3060 1018 3147 1081; x_wconf 81' lang='grc' dir='ltr'>Ὠς</span> <span class='ocrx_word' id='word_1_211' title='bbox 3171 1018 3228 1071; x_wconf 84' lang='grc' dir='ltr'><strong>δὲ</strong></span> <span class='ocrx_word' id='word_1_212' title='bbox 3254 1019 3313 1071; x_wconf 79' lang='grc' dir='ltr'>ἐν</span> <span class='ocrx_word' id='word_1_213' title='bbox 3332 1020 3444 1080; x_wconf 87' lang='grc' dir='ltr'>τοῖς</span> <span class='ocrx_word' id='word_1_214' title='bbox 3465 1017 3682 1089; x_wconf 80' lang='grc' dir='ltr'>ἔμπρο-</span> 
     </span>
    </p>
   </div>
   <div class='ocr_carea' id='block_1_24' title="bbox 2090 1103 3681 1183">
    <p class='ocr_par' dir='ltr' id='par_1_24' title="bbox 2090 1103 3681 1183">
     <span class='ocr_line' id='line_1_24' title="bbox 2090 1103 3681 1183; baseline 0.005 -27"><span class='ocrx_word' id='word_1_215' title='bbox 2090 1103 2218 1157; x_wconf 88' lang='grc' dir='ltr'>σθεν</span> <span class='ocrx_word' id='word_1_216' title='bbox 2243 1106 2566 1178; x_wconf 77' lang='grc' dir='ltr'>εἰρήκαμεν,</span> <span class='ocrx_word' id='word_1_217' title='bbox 2594 1109 2641 1160; x_wconf 87' lang='grc' dir='ltr'>εἰ</span> <span class='ocrx_word' id='word_1_218' title='bbox 2682 1107 2856 1173; x_wconf 81' lang='grc' dir='ltr'>οὕτως</span> <span class='ocrx_word' id='word_1_219' title='bbox 2893 1111 3010 1163; x_wconf 79' lang='grc' dir='ltr'>ἐστὶ</span> <span class='ocrx_word' id='word_1_220' title='bbox 3035 1148 3051 1173; x_wconf 91' lang='grc'><strong>,</strong></span> <span class='ocrx_word' id='word_1_221' title='bbox 3091 1109 3208 1174; x_wconf 62' lang='lat' dir='ltr'><strong>qui);</strong></span> <span class='ocrx_word' id='word_1_222' title='bbox 3243 1112 3273 1164; x_wconf 98' lang='lat'><strong>6</strong></span> <span class='ocrx_word' id='word_1_223' title='bbox 3304 1109 3412 1181; x_wconf 85' lang='grc' dir='ltr'>,μὲν</span> <span class='ocrx_word' id='word_1_224' title='bbox 3446 1109 3681 1183; x_wconf 80' lang='grc' dir='ltr'>Κύριος,</span> 
     </span>
    </p>
   </div>
   <div class='ocr_carea' id='block_1_25' title="bbox 2092 1196 3680 1273">
    <p class='ocr_par' dir='ltr' id='par_1_25' title="bbox 2092 1196 3680 1273">
     <span class='ocr_line' id='line_1_25' title="bbox 2092 1196 3680 1273; baseline 0.005 -25"><span class='ocrx_word' id='word_1_225' title='bbox 2092 1196 2160 1248; x_wconf 69' lang='grc' dir='ltr'>τὰ</span> <span class='ocrx_word' id='word_1_226' title='bbox 2190 1197 2248 1250; x_wconf 84' lang='grc' dir='ltr'><strong>δὲ</strong></span> <span class='ocrx_word' id='word_1_227' title='bbox 2272 1197 2467 1265; x_wconf 79' lang='grc' dir='ltr'>δοῦλα;</span> <span class='ocrx_word' id='word_1_228' title='bbox 2498 1202 2721 1255; x_wconf 85' lang='grc' dir='ltr'>Πάντων</span> <span class='ocrx_word' id='word_1_229' title='bbox 2747 1202 2860 1271; x_wconf 89' lang='grc'><strong>(68)</strong></span> <span class='ocrx_word' id='word_1_230' title='bbox 2895 1201 2953 1255; x_wconf 85' lang='grc' dir='ltr'>δὲ</span> <span class='ocrx_word' id='word_1_231' title='bbox 2975 1201 3178 1273; x_wconf 86' lang='grc' dir='ltr'>Κύριος</span> <span class='ocrx_word' id='word_1_232' title='bbox 3209 1202 3467 1272; x_wconf 83' lang='grc' dir='ltr'>τυγχάνει</span> <span class='ocrx_word' id='word_1_233' title='bbox 3496 1196 3680 1268; x_wconf 76' lang='grc' dir='ltr'>οὗτος,</span> 
     </span>
    </p>
   </div>
   <div class='ocr_carea' id='block_1_26' title="bbox 2092 1285 3679 1362">
    <p class='ocr_par' dir='ltr' id='par_1_26' title="bbox 2092 1285 3679 1362">
     <span class='ocr_line' id='line_1_26' title="bbox 2092 1285 3679 1362; baseline 0.004 -24"><span class='ocrx_word' id='word_1_234' title='bbox 2092 1285 2175 1339; x_wconf 82' lang='grc' dir='ltr'><strong>ὅτι</strong></span> <span class='ocrx_word' id='word_1_235' title='bbox 2196 1290 2262 1358; x_wconf 84' lang='grc' dir='ltr'><strong>τῇ</strong></span> <span class='ocrx_word' id='word_1_236' title='bbox 2292 1287 2386 1341; x_wconf 79' lang='grc' dir='ltr'>τοῦ</span> <span class='ocrx_word' id='word_1_237' title='bbox 2414 1289 2626 1361; x_wconf 83' lang='grc' dir='ltr'>Πατρὸς</span> <span class='ocrx_word' id='word_1_238' title='bbox 2669 1292 2951 1362; x_wconf 87' lang='grc' dir='ltr'>κυριότητι</span> <span class='ocrx_word' id='word_1_239' title='bbox 2988 1291 3224 1361; x_wconf 80' lang='grc' dir='ltr'>ἥνωται·</span> <span class='ocrx_word' id='word_1_240' title='bbox 3266 1292 3361 1345; x_wconf 67' lang='grc' dir='ltr'>καὶ</span> <span class='ocrx_word' id='word_1_241' title='bbox 3394 1290 3617 1355; x_wconf 81' lang='grc' dir='ltr'>πάντως</span> <span class='ocrx_word' id='word_1_242' title='bbox 3644 1292 3679 1361; x_wconf 81' lang='grc' dir='ltr'>ὴ</span> 
     </span>
    </p>
   </div>
   <div class='ocr_carea' id='block_1_27' title="bbox 2095 1377 3682 1454">
    <p class='ocr_par' dir='ltr' id='par_1_27' title="bbox 2095 1377 3682 1454">
     <span class='ocr_line' id='line_1_27' title="bbox 2095 1377 3682 1454; baseline 0.004 -25"><span class='ocrx_word' id='word_1_243' title='bbox 2095 1377 2272 1441; x_wconf 86' lang='grc' dir='ltr'>κτίσις</span> <span class='ocrx_word' id='word_1_244' title='bbox 2303 1379 2487 1452; x_wconf 84' lang='grc' dir='ltr'>δούλη,</span> <span class='ocrx_word' id='word_1_245' title='bbox 2532 1382 2654 1435; x_wconf 75' lang='grc' dir='ltr'>ἐπεὶ</span> <span class='ocrx_word' id='word_1_246' title='bbox 2691 1382 2847 1446; x_wconf 74' lang='grc' dir='ltr'>ἐκτὸς</span> <span class='ocrx_word' id='word_1_247' title='bbox 2890 1383 2991 1453; x_wconf 77' lang='grc' dir='ltr'>τῆς</span> <span class='ocrx_word' id='word_1_248' title='bbox 3017 1382 3112 1436; x_wconf 80' lang='grc' dir='ltr'>τοῦ</span> <span class='ocrx_word' id='word_1_249' title='bbox 3161 1382 3374 1454; x_wconf 77' lang='grc' dir='ltr'>Πατρδς</span> <span class='ocrx_word' id='word_1_250' title='bbox 3424 1380 3682 1454; x_wconf 81' lang='grc' dir='ltr'><strong>ἑνότητός</strong></span> 
     </span>
    </p>
   </div>
   <div class='ocr_carea' id='block_1_28' title="bbox 2095 1470 3169 1546">
    <p class='ocr_par' dir='ltr' id='par_1_28' title="bbox 2095 1470 3169 1546">
     <span class='ocr_line' id='line_1_28' title="bbox 2095 1470 3169 1546; baseline 0.006 -24"><span class='ocrx_word' id='word_1_251' title='bbox 2095 1470 2233 1536; x_wconf 74' lang='grc' dir='ltr'>ἐστι,</span> <span class='ocrx_word' id='word_1_252' title='bbox 2259 1472 2352 1526; x_wconf 68' lang='grc' dir='ltr'><strong>καὶ</strong></span> <span class='ocrx_word' id='word_1_253' title='bbox 2375 1474 2477 1527; x_wconf 84' lang='grc' dir='ltr'><strong>οὐκ</strong></span> <span class='ocrx_word' id='word_1_254' title='bbox 2501 1471 2638 1528; x_wconf 80' lang='grc' dir='ltr'>οὖσά</span> <span class='ocrx_word' id='word_1_255' title='bbox 2662 1491 2792 1528; x_wconf 87' lang='grc' dir='ltr'>ποτε</span> <span class='ocrx_word' id='word_1_256' title='bbox 2814 1475 3006 1546; x_wconf 89' lang='grc' dir='ltr'>γέγονε</span> <span class='ocrx_word' id='word_1_257' title='bbox 3036 1475 3169 1546; x_wconf 91' lang='grc'><strong>(69).</strong></span> 
     </span>
    </p>
   </div>
   <div class='ocr_carea' id='block_1_29' title="bbox 411 1652 3676 1733">
    <p class='ocr_par' dir='ltr' id='par_1_29' title="bbox 411 1652 3676 1733">
     <span class='ocr_line' id='line_1_29' title="bbox 411 1652 3676 1733; baseline 0.002 -17"><span class='ocrx_word' id='word_1_258' title='bbox 411 1660 533 1716; x_wconf 73' lang='lat' dir='ltr'><strong>alia:</strong></span> <span class='ocrx_word' id='word_1_259' title='bbox 578 1661 630 1714; x_wconf 91' lang='lat' dir='ltr'><strong>in</strong></span> <span class='ocrx_word' id='word_1_260' title='bbox 689 1674 970 1714; x_wconf 88' lang='lat' dir='ltr'><strong>servorum</strong></span> <span class='ocrx_word' id='word_1_261' title='bbox 1015 1671 1242 1713; x_wconf 89' lang='lat' dir='ltr'><strong>numero</strong></span> <span class='ocrx_word' id='word_1_262' title='bbox 1280 1654 1585 1711; x_wconf 82' lang='lat' dir='ltr'><strong>habentur?</strong></span> <span class='ocrx_word' id='word_1_263' title='bbox 1632 1652 1901 1710; x_wconf 83' lang='lat' dir='ltr'><strong>Nimirum</strong></span> <span class='ocrx_word' id='word_1_264' title='bbox 1937 1653 2205 1714; x_wconf 87' lang='lat' dir='ltr'><strong>Dominus</strong></span> <span class='ocrx_word' id='word_1_265' title='bbox 2260 1660 2353 1716; x_wconf 84' lang='lat' dir='ltr'><strong>ille</strong></span> <span class='ocrx_word' id='word_1_266' title='bbox 2394 1671 2499 1730; x_wconf 87' lang='lat' dir='ltr'><strong>est,</strong></span> <span class='ocrx_word' id='word_1_267' title='bbox 2533 1665 2664 1733; x_wconf 92' lang='lat' dir='ltr'><strong>quia</strong></span> <span class='ocrx_word' id='word_1_268' title='bbox 2694 1663 2875 1721; x_wconf 87' lang='lat' dir='ltr'><strong>Patris</strong></span> <span class='ocrx_word' id='word_1_269' title='bbox 2923 1665 3286 1721; x_wconf 86' lang='lat' dir='ltr'><strong>dominationi</strong></span> <span class='ocrx_word' id='word_1_270' title='bbox 3323 1673 3406 1722; x_wconf 88' lang='lat' dir='ltr'><strong>est</strong></span> <span class='ocrx_word' id='word_1_271' title='bbox 3439 1667 3676 1721; x_wconf 79' lang='lat' dir='ltr'><strong>unitos:</strong></span> 
     </span>
    </p>
   </div>
   <div class='ocr_carea' id='block_1_30' title="bbox 399 1750 3680 1828">
    <p class='ocr_par' dir='ltr' id='par_1_30' title="bbox 399 1750 3680 1828">
     <span class='ocr_line' id='line_1_30' title="bbox 399 1750 3680 1828; baseline 0.003 -24"><span class='ocrx_word' id='word_1_272' title='bbox 399 1771 500 1811; x_wconf 88' lang='lat' dir='ltr'><strong>.res</strong></span> <span class='ocrx_word' id='word_1_273' title='bbox 529 1763 706 1810; x_wconf 87' lang='lat' dir='ltr'><strong>autem</strong></span> <span class='ocrx_word' id='word_1_274' title='bbox 744 1761 938 1809; x_wconf 83' lang='lat' dir='ltr'><strong>creatae</strong></span> <span class='ocrx_word' id='word_1_275' title='bbox 974 1752 1030 1807; x_wconf 92' lang='lat' dir='ltr'><strong>in</strong></span> <span class='ocrx_word' id='word_1_276' title='bbox 1072 1766 1355 1808; x_wconf 88' lang='lat' dir='ltr'><strong>servorum</strong></span> <span class='ocrx_word' id='word_1_277' title='bbox 1390 1757 1519 1807; x_wconf 90' lang='lat' dir='ltr'><strong>sunt</strong></span> <span class='ocrx_word' id='word_1_278' title='bbox 1559 1764 1816 1814; x_wconf 86' lang='lat' dir='ltr'><strong>numero,</strong></span> <span class='ocrx_word' id='word_1_279' title='bbox 1856 1750 1986 1820; x_wconf 89' lang='lat' dir='ltr'><strong>quia</strong></span> <span class='ocrx_word' id='word_1_280' title='bbox 2056 1762 2209 1809; x_wconf 76' lang='lat' dir='ltr'><strong>extra</strong></span> <span class='ocrx_word' id='word_1_281' title='bbox 2271 1753 2452 1813; x_wconf 85' lang='lat' dir='ltr'><strong>Patris</strong></span> <span class='ocrx_word' id='word_1_282' title='bbox 2483 1758 2746 1814; x_wconf 89' lang='lat' dir='ltr'><strong>unitatem</strong></span> <span class='ocrx_word' id='word_1_283' title='bbox 2775 1760 3067 1828; x_wconf 79' lang='lat' dir='ltr'><strong>exsistunt,</strong></span> <span class='ocrx_word' id='word_1_284' title='bbox 3101 1768 3157 1815; x_wconf 88' lang='lat' dir='ltr'><strong>et</strong></span> <span class='ocrx_word' id='word_1_285' title='bbox 3186 1758 3341 1815; x_wconf 72' lang='lat' dir='ltr'><strong>facta:</strong></span> <span class='ocrx_word' id='word_1_286' title='bbox 3378 1768 3509 1815; x_wconf 81' lang='lat' dir='ltr'><strong>sunt</strong></span> <span class='ocrx_word' id='word_1_287' title='bbox 3546 1775 3680 1816; x_wconf 87' lang='lat' dir='ltr'><strong>cum</strong></span> 
     </span>
    </p>
   </div>
   <div class='ocr_carea' id='block_1_31' title="bbox 411 1841 1073 1912">
    <p class='ocr_par' dir='ltr' id='par_1_31' title="bbox 411 1841 1073 1912">
     <span class='ocr_line' id='line_1_31' title="bbox 411 1841 1073 1912; baseline -0.009 -14"><span class='ocrx_word' id='word_1_288' title='bbox 411 1841 705 1912; x_wconf 83' lang='lat' dir='ltr'><strong>aliquando</strong></span> <span class='ocrx_word' id='word_1_289' title='bbox 735 1856 843 1896; x_wconf 92' lang='lat' dir='ltr'><strong>non</strong></span> <span class='ocrx_word' id='word_1_290' title='bbox 868 1849 1073 1897; x_wconf 89' lang='lat' dir='ltr'><strong>essent.</strong></span> 
     </span>
    </p>
   </div>
   <div class='ocr_carea' id='block_1_32' title="bbox 482 1927 1985 2006">
    <p class='ocr_par' dir='ltr' id='par_1_32' title="bbox 482 1927 1983 1990">
     <span class='ocr_line' id='line_1_32' title="bbox 482 1927 1983 1990; baseline -0.004 -1"><span class='ocrx_word' id='word_1_291' title='bbox 482 1934 564 1990; x_wconf 86' lang='lat'><strong>65.</strong></span> <span class='ocrx_word' id='word_1_292' title='bbox 608 1933 769 1988; x_wconf 85' lang='lat' dir='ltr'><strong>Certe</strong></span> <span class='ocrx_word' id='word_1_293' title='bbox 819 1948 943 1988; x_wconf 91' lang='lat' dir='ltr'><strong>cum</strong></span> <span class='ocrx_word' id='word_1_294' title='bbox 988 1932 1185 1987; x_wconf 90' lang='lat' dir='ltr'><strong>Filium</strong></span> <span class='ocrx_word' id='word_1_295' title='bbox 1229 1931 1420 1986; x_wconf 88' lang='lat' dir='ltr'><strong>volunt</strong></span> <span class='ocrx_word' id='word_1_296' title='bbox 1460 1930 1737 1989; x_wconf 86' lang='lat' dir='ltr'><strong>voluntate</strong></span> <span class='ocrx_word' id='word_1_297' title='bbox 1780 1927 1983 1985; x_wconf 82' lang='lat' dir='ltr'><strong>factum</strong></span> 
     </span>
    </p>
   </div>
   <div class='ocr_carea' id='block_1_33' title="bbox 2101 1927 3676 2006">
    <p class='ocr_par' dir='ltr' id='par_1_33' title="bbox 2158 1931 3676 2006">
     <span class='ocr_line' id='line_1_33' title="bbox 2158 1931 3676 2006; baseline 0.002 -19"><span class='ocrx_word' id='word_1_298' title='bbox 2158 1931 2247 1987; x_wconf 79' lang='lat'><strong>65.</strong></span> <span class='ocrx_word' id='word_1_299' title='bbox 2282 1932 2430 1985; x_wconf 85' lang='grc' dir='ltr'>Ἔδει</span> <span class='ocrx_word' id='word_1_300' title='bbox 2453 1932 2511 1986; x_wconf 81' lang='grc' dir='ltr'><strong>δὲ</strong></span> <span class='ocrx_word' id='word_1_301' title='bbox 2539 1933 2756 1997; x_wconf 74' lang='grc' dir='ltr'>αὐτοὺς,</span> <span class='ocrx_word' id='word_1_302' title='bbox 2805 1932 3060 2002; x_wconf 86' lang='grc' dir='ltr'>λέγοντας</span> <span class='ocrx_word' id='word_1_303' title='bbox 3090 1934 3341 2006; x_wconf 83' lang='grc' dir='ltr'>βουλήσει</span> <span class='ocrx_word' id='word_1_304' title='bbox 3381 1934 3473 1988; x_wconf 86' lang='grc' dir='ltr'><strong>τὸν</strong></span> <span class='ocrx_word' id='word_1_305' title='bbox 3517 1935 3676 2002; x_wconf 84' lang='grc' dir='ltr'>Υἱὸν,</span> 
     </span>
    </p>
   </div>
   <div class='ocr_carea' id='block_1_34' title="bbox 410 2020 1988 2094">
    <p class='ocr_par' dir='ltr' id='par_1_34' title="bbox 410 2020 1988 2094">
     <span class='ocr_line' id='line_1_34' title="bbox 410 2020 1988 2094; baseline -0.003 -14"><span class='ocrx_word' id='word_1_306' title='bbox 410 2041 553 2090; x_wconf 76' lang='lat' dir='ltr'><strong>esse,</strong></span> <span class='ocrx_word' id='word_1_307' title='bbox 598 2024 788 2094; x_wconf 83' lang='lat' dir='ltr'><strong>quidni</strong></span> <span class='ocrx_word' id='word_1_308' title='bbox 834 2025 996 2079; x_wconf 87' lang='lat' dir='ltr'><strong>etiam</strong></span> <span class='ocrx_word' id='word_1_309' title='bbox 1042 2022 1328 2092; x_wconf 86' lang='lat' dir='ltr'><strong>prudentia</strong></span> <span class='ocrx_word' id='word_1_310' title='bbox 1372 2020 1578 2077; x_wconf 82' lang='lat' dir='ltr'><strong>factum</strong></span> <span class='ocrx_word' id='word_1_311' title='bbox 1610 2036 1731 2076; x_wconf 93' lang='lat' dir='ltr'><strong>esse</strong></span> <span class='ocrx_word' id='word_1_312' title='bbox 1768 2036 1988 2076; x_wconf 86' lang='lat' dir='ltr'><strong>asseve-</strong></span> 
     </span>
    </p>
   </div>
   <div class='ocr_carea' id='block_1_35' title="bbox 409 2113 1991 2182">
    <p class='ocr_par' dir='ltr' id='par_1_35' title="bbox 409 2113 1991 2182">
     <span class='ocr_line' id='line_1_35' title="bbox 409 2113 1991 2182; baseline -0.003 -12"><span class='ocrx_word' id='word_1_313' title='bbox 409 2115 569 2171; x_wconf 79' lang='lat' dir='ltr'><strong>rent?</strong></span> <span class='ocrx_word' id='word_1_314' title='bbox 598 2113 735 2169; x_wconf 89' lang='lat' dir='ltr'><strong>Nam</strong></span> <span class='ocrx_word' id='word_1_315' title='bbox 781 2114 921 2169; x_wconf 78' lang='lat' dir='ltr'><strong>idem</strong></span> <span class='ocrx_word' id='word_1_316' title='bbox 964 2129 1086 2169; x_wconf 83' lang='lat' dir='ltr'><strong>esse</strong></span> <span class='ocrx_word' id='word_1_317' title='bbox 1129 2114 1364 2169; x_wconf 88' lang='lat' dir='ltr'><strong>arbitror</strong></span> <span class='ocrx_word' id='word_1_318' title='bbox 1392 2113 1729 2168; x_wconf 89' lang='lat' dir='ltr'><strong>voluntatem</strong></span> <span class='ocrx_word' id='word_1_319' title='bbox 1774 2117 1828 2167; x_wconf 89' lang='lat' dir='ltr'><strong>e&#39;t</strong></span> <span class='ocrx_word' id='word_1_320' title='bbox 1859 2126 1991 2182; x_wconf 88' lang='lat' dir='ltr'><strong>pru-</strong></span> 
     </span>
    </p>
   </div>
   <div class='ocr_carea' id='block_1_36' title="bbox 411 2203 1990 2277">
    <p class='ocr_par' dir='ltr' id='par_1_36' title="bbox 411 2203 1990 2277">
     <span class='ocr_line' id='line_1_36' title="bbox 411 2203 1990 2277; baseline -0.001 -16"><span class='ocrx_word' id='word_1_321' title='bbox 411 2208 672 2263; x_wconf 82' lang='lat' dir='ltr'><strong>dentiam.</strong></span> <span class='ocrx_word' id='word_1_322' title='bbox 717 2203 800 2262; x_wconf 83' lang='lat' dir='ltr'><strong>De</strong></span> <span class='ocrx_word' id='word_1_323' title='bbox 845 2221 956 2276; x_wconf 92' lang='lat' dir='ltr'><strong>quo</strong></span> <span class='ocrx_word' id='word_1_324' title='bbox 1001 2206 1146 2260; x_wconf 90' lang='lat' dir='ltr'><strong>enim</strong></span> <span class='ocrx_word' id='word_1_325' title='bbox 1193 2206 1317 2277; x_wconf 91' lang='lat' dir='ltr'><strong>quis</strong></span> <span class='ocrx_word' id='word_1_326' title='bbox 1360 2206 1656 2271; x_wconf 88' lang='lat' dir='ltr'><strong>consultat,</strong></span> <span class='ocrx_word' id='word_1_327' title='bbox 1702 2204 1807 2259; x_wconf 88' lang='lat' dir='ltr'><strong>hoc</strong></span> <span class='ocrx_word' id='word_1_328' title='bbox 1845 2205 1990 2259; x_wconf 85' lang='lat' dir='ltr'><strong>idem</strong></span> 
     </span>
    </p>
   </div>
   <div class='ocr_carea' id='block_1_37' title="bbox 408 2296 1990 2371">
    <p class='ocr_par' dir='ltr' id='par_1_37' title="bbox 408 2296 1990 2371">
     <span class='ocr_line' id='line_1_37' title="bbox 408 2296 1990 2371; baseline -0.003 -16"><span class='ocrx_word' id='word_1_329' title='bbox 408 2301 696 2371; x_wconf 86' lang='lat' dir='ltr'><strong>prudentia</strong></span> <span class='ocrx_word' id='word_1_330' title='bbox 729 2299 1013 2370; x_wconf 75' lang='lat' dir='ltr'><strong>perpendit</strong></span> <span class='ocrx_word' id='word_1_331' title='bbox 1044 2316 1057 2352; x_wconf 90' lang='lat'><strong>:</strong></span> <span class='ocrx_word' id='word_1_332' title='bbox 1091 2299 1446 2369; x_wconf 83' lang='lat' dir='ltr'><strong>vicissimque</strong></span> <span class='ocrx_word' id='word_1_333' title='bbox 1467 2338 1483 2364; x_wconf 91' lang='lat'><strong>,</strong></span> <span class='ocrx_word' id='word_1_334' title='bbox 1517 2297 1664 2368; x_wconf 89' lang='lat' dir='ltr'><strong>quod</strong></span> <span class='ocrx_word' id='word_1_335' title='bbox 1704 2296 1829 2368; x_wconf 91' lang='lat' dir='ltr'><strong>quis</strong></span> <span class='ocrx_word' id='word_1_336' title='bbox 1861 2312 1990 2366; x_wconf 85' lang='lat' dir='ltr'><strong>pru-</strong></span> 
     </span>
    </p>
   </div>
   <div class='ocr_carea' id='block_1_38' title="bbox 409 2387 1995 2462">
    <p class='ocr_par' dir='ltr' id='par_1_38' title="bbox 409 2387 1995 2462">
     <span class='ocr_line' id='line_1_38' title="bbox 409 2387 1995 2462; baseline -0.004 -15"><span class='ocrx_word' id='word_1_337' title='bbox 409 2392 593 2447; x_wconf 90' lang='lat' dir='ltr'><strong>dentia</strong></span> <span class='ocrx_word' id='word_1_338' title='bbox 623 2392 924 2462; x_wconf 88' lang='lat' dir='ltr'><strong>perpendit,</strong></span> <span class='ocrx_word' id='word_1_339' title='bbox 957 2390 1025 2446; x_wconf 89' lang='lat' dir='ltr'><strong>de</strong></span> <span class='ocrx_word' id='word_1_340' title='bbox 1050 2390 1155 2446; x_wconf 89' lang='lat' dir='ltr'><strong>hoc</strong></span> <span class='ocrx_word' id='word_1_341' title='bbox 1185 2390 1378 2445; x_wconf 89' lang='lat' dir='ltr'><strong>eodem</strong></span> <span class='ocrx_word' id='word_1_342' title='bbox 1411 2390 1689 2446; x_wconf 82' lang='lat' dir='ltr'><strong>consultat</strong></span> <span class='ocrx_word' id='word_1_343' title='bbox 1716 2396 1771 2444; x_wconf 90' lang='lat' dir='ltr'><strong>et</strong></span> <span class='ocrx_word' id='word_1_344' title='bbox 1797 2387 1995 2444; x_wconf 84' lang='lat' dir='ltr'><strong>delibe-</strong></span> 
     </span>
    </p>
   </div>
   <div class='ocr_carea' id='block_1_39' title="bbox 410 2480 1993 2540">
    <p class='ocr_par' dir='ltr' id='par_1_39' title="bbox 410 2480 1993 2540">
     <span class='ocr_line' id='line_1_39' title="bbox 410 2480 1993 2540; baseline -0.002 -1"><span class='ocrx_word' id='word_1_345' title='bbox 410 2494 517 2540; x_wconf 86' lang='lat' dir='ltr'><strong>rat.</strong></span> <span class='ocrx_word' id='word_1_346' title='bbox 546 2483 684 2539; x_wconf 85' lang='lat' dir='ltr'><strong>ﬂinc</strong></span> <span class='ocrx_word' id='word_1_347' title='bbox 712 2485 802 2538; x_wconf 87' lang='lat' dir='ltr'><strong>illa</strong></span> <span class='ocrx_word' id='word_1_348' title='bbox 832 2480 1080 2539; x_wconf 77' lang='lat' dir='ltr'><strong>Salvator</strong></span> <span class='ocrx_word' id='word_1_349' title='bbox 1109 2491 1300 2538; x_wconf 90' lang='lat' dir='ltr'><strong>mutua</strong></span> <span class='ocrx_word' id='word_1_350' title='bbox 1342 2482 1485 2538; x_wconf 89' lang='lat' dir='ltr'><strong>inter</strong></span> <span class='ocrx_word' id='word_1_351' title='bbox 1509 2498 1568 2538; x_wconf 93' lang='lat' dir='ltr'><strong>se</strong></span> <span class='ocrx_word' id='word_1_352' title='bbox 1593 2481 1805 2537; x_wconf 86' lang='lat' dir='ltr'><strong>ratione</strong></span> <span class='ocrx_word' id='word_1_353' title='bbox 1829 2480 1993 2536; x_wconf 89' lang='lat' dir='ltr'><strong>veluti</strong></span> 
     </span>
    </p>
   </div>
   <div class='ocr_carea' id='block_1_40' title="bbox 411 2577 1994 2649">
    <p class='ocr_par' dir='ltr' id='par_1_40' title="bbox 411 2577 1994 2649">
     <span class='ocr_line' id='line_1_40' title="bbox 411 2577 1994 2649; baseline -0.001 -16"><span class='ocrx_word' id='word_1_354' title='bbox 411 2595 669 2649; x_wconf 83' lang='lat' dir='ltr'><strong>germana</strong></span> <span class='ocrx_word' id='word_1_355' title='bbox 694 2578 858 2634; x_wconf 88' lang='lat' dir='ltr'><strong>simul</strong></span> <span class='ocrx_word' id='word_1_356' title='bbox 890 2579 977 2635; x_wconf 85' lang='lat' dir='ltr'><strong>liis</strong></span> <span class='ocrx_word' id='word_1_357' title='bbox 1007 2579 1187 2634; x_wconf 82' lang='lat' dir='ltr'><strong>verbis</strong></span> <span class='ocrx_word' id='word_1_358' title='bbox 1218 2579 1492 2649; x_wconf 89' lang='lat' dir='ltr'><strong>copulavit</strong></span> <span class='ocrx_word' id='word_1_359' title='bbox 1522 2595 1536 2630; x_wconf 91' lang='lat'><strong>:</strong></span> <span class='ocrx_word' id='word_1_360' title='bbox 1572 2577 1749 2633; x_wconf 78' lang='lat' dir='ltr'><strong>Meum</strong></span> <span class='ocrx_word' id='word_1_361' title='bbox 1773 2585 1994 2632; x_wconf 58' lang='lat' dir='ltr'><strong>estcon-</strong></span> 
     </span>
    </p>
   </div>
   <div class='ocr_carea' id='block_1_41' title="bbox 410 2669 1992 2741">
    <p class='ocr_par' dir='ltr' id='par_1_41' title="bbox 410 2669 1992 2741">
     <span class='ocr_line' id='line_1_41' title="bbox 410 2669 1992 2741; baseline -0.001 -15"><span class='ocrx_word' id='word_1_362' title='bbox 410 2673 591 2727; x_wconf 73' lang='lat' dir='ltr'><strong>silium</strong></span> <span class='ocrx_word' id='word_1_363' title='bbox 617 2681 666 2726; x_wconf 87' lang='lat' dir='ltr'><strong>et</strong></span> <span class='ocrx_word' id='word_1_364' title='bbox 695 2673 974 2737; x_wconf 77' lang='lat' dir='ltr'><strong>securitas,</strong></span> <span class='ocrx_word' id='word_1_365' title='bbox 1008 2688 1123 2725; x_wconf 86' lang='lat' dir='ltr'><strong>mea</strong></span> <span class='ocrx_word' id='word_1_366' title='bbox 1154 2681 1230 2726; x_wconf 70' lang='lat' dir='ltr'><strong>est</strong></span> <span class='ocrx_word' id='word_1_367' title='bbox 1261 2671 1564 2741; x_wconf 75' lang='lat' dir='ltr'><strong>prudentia,</strong></span> <span class='ocrx_word' id='word_1_368' title='bbox 1597 2686 1714 2725; x_wconf 83' lang='lat' dir='ltr'><strong>mea</strong></span> <span class='ocrx_word' id='word_1_369' title='bbox 1736 2679 1813 2724; x_wconf 84' lang='lat' dir='ltr'><strong>est</strong></span> <span class='ocrx_word' id='word_1_370' title='bbox 1834 2669 1992 2739; x_wconf 78' lang='lat' dir='ltr'><strong>[orti-</strong></span> 
     </span>
    </p>
   </div>
   <div class='ocr_carea' id='block_1_42' title="bbox 412 2761 1990 2826">
    <p class='ocr_par' dir='ltr' id='par_1_42' title="bbox 412 2761 1990 2826">
     <span class='ocr_line' id='line_1_42' title="bbox 412 2761 1990 2826; baseline -0.003 -7"><span class='ocrx_word' id='word_1_371' title='bbox 412 2765 539 2819; x_wconf 76' lang='lat' dir='ltr'><strong>tudo</strong></span> <span class='ocrx_word' id='word_1_372' title='bbox 568 2765 633 2817; x_wconf 71' lang='grc' dir='ltr'>¹¹ι.</span> <span class='ocrx_word' id='word_1_373' title='bbox 678 2762 815 2819; x_wconf 86' lang='lat' dir='ltr'><strong>Nam</strong></span> <span class='ocrx_word' id='word_1_374' title='bbox 865 2772 926 2818; x_wconf 89' lang='lat' dir='ltr'><strong>ut</strong></span> <span class='ocrx_word' id='word_1_375' title='bbox 973 2761 1239 2820; x_wconf 75' lang='lat' dir='ltr'><strong>fortitudo</strong></span> <span class='ocrx_word' id='word_1_376' title='bbox 1283 2771 1338 2818; x_wconf 92' lang='lat' dir='ltr'><strong>ct</strong></span> <span class='ocrx_word' id='word_1_377' title='bbox 1381 2762 1648 2818; x_wconf 86' lang='lat' dir='ltr'><strong>securitas</strong></span> <span class='ocrx_word' id='word_1_378' title='bbox 1691 2761 1836 2816; x_wconf 86' lang='lat' dir='ltr'><strong>idem</strong></span> <span class='ocrx_word' id='word_1_379' title='bbox 1868 2767 1990 2826; x_wconf 85' lang='lat' dir='ltr'><strong>est,</strong></span> 
     </span>
    </p>
   </div>
   <div class='ocr_carea' id='block_1_43' title="bbox 409 2854 1992 2925">
    <p class='ocr_par' dir='ltr' id='par_1_43' title="bbox 409 2854 1992 2925">
     <span class='ocr_line' id='line_1_43' title="bbox 409 2854 1992 2925; baseline -0.003 -14"><span class='ocrx_word' id='word_1_380' title='bbox 409 2872 537 2912; x_wconf 89' lang='lat' dir='ltr'><strong>cum</strong></span> <span class='ocrx_word' id='word_1_381' title='bbox 564 2857 751 2911; x_wconf 87' lang='lat' dir='ltr'><strong>eadem</strong></span> <span class='ocrx_word' id='word_1_382' title='bbox 783 2856 854 2910; x_wconf 93' lang='lat' dir='ltr'><strong>sit</strong></span> <span class='ocrx_word' id='word_1_383' title='bbox 878 2855 1050 2911; x_wconf 91' lang='lat' dir='ltr'><strong>virtus</strong></span> <span class='ocrx_word' id='word_1_384' title='bbox 1076 2864 1129 2911; x_wconf 89' lang='lat' dir='ltr'><strong>et</strong></span> <span class='ocrx_word' id='word_1_385' title='bbox 1163 2855 1405 2925; x_wconf 86' lang='lat' dir='ltr'><strong>potentia</strong></span> <span class='ocrx_word' id='word_1_386' title='bbox 1431 2873 1446 2909; x_wconf 91' lang='lat'><strong>:</strong></span> <span class='ocrx_word' id='word_1_387' title='bbox 1478 2855 1551 2909; x_wconf 88' lang='lat' dir='ltr'><strong>ita</strong></span> <span class='ocrx_word' id='word_1_388' title='bbox 1582 2854 1724 2908; x_wconf 90' lang='lat' dir='ltr'><strong>idem</strong></span> <span class='ocrx_word' id='word_1_389' title='bbox 1751 2861 1837 2908; x_wconf 84' lang='lat' dir='ltr'><strong>est</strong></span> <span class='ocrx_word' id='word_1_390' title='bbox 1861 2867 1992 2923; x_wconf 89' lang='lat' dir='ltr'><strong>pru-</strong></span> 
     </span>
    </p>
   </div>
   <div class='ocr_carea' id='block_1_44' title="bbox 410 2942 1990 3016">
    <p class='ocr_par' dir='ltr' id='par_1_44' title="bbox 410 2942 1990 3016">
     <span class='ocr_line' id='line_1_44' title="bbox 410 2942 1990 3016; baseline -0.001 -16"><span class='ocrx_word' id='word_1_391' title='bbox 410 2945 595 3000; x_wconf 88' lang='lat' dir='ltr'><strong>dentia</strong></span> <span class='ocrx_word' id='word_1_392' title='bbox 636 2953 692 3000; x_wconf 91' lang='lat' dir='ltr'><strong>et</strong></span> <span class='ocrx_word' id='word_1_393' title='bbox 731 2944 1045 3009; x_wconf 89' lang='lat' dir='ltr'><strong>consilium,</strong></span> <span class='ocrx_word' id='word_1_394' title='bbox 1081 2959 1204 3015; x_wconf 65' lang='lat' dir='ltr'><strong>qua:</strong></span> <span class='ocrx_word' id='word_1_395' title='bbox 1244 2945 1359 3015; x_wconf 90' lang='lat' dir='ltr'><strong>ipse</strong></span> <span class='ocrx_word' id='word_1_396' title='bbox 1382 2943 1546 3016; x_wconf 64' lang='grc'><strong>487</strong></span> <span class='ocrx_word' id='word_1_397' title='bbox 1582 2942 1848 3001; x_wconf 88' lang='lat' dir='ltr'><strong>Dominus</strong></span> <span class='ocrx_word' id='word_1_398' title='bbox 1885 2951 1990 3000; x_wconf 90' lang='lat' dir='ltr'><strong>est.</strong></span> 
     </span>
    </p>
   </div>
   <div class='ocr_carea' id='block_1_45' title="bbox 409 3031 1990 3104">
    <p class='ocr_par' dir='ltr' id='par_1_45' title="bbox 409 3031 1990 3104">
     <span class='ocr_line' id='line_1_45' title="bbox 409 3031 1990 3104; baseline 0 -16"><span class='ocrx_word' id='word_1_399' title='bbox 409 3035 483 3089; x_wconf 79' lang='lat' dir='ltr'><strong>At</strong></span> <span class='ocrx_word' id='word_1_400' title='bbox 513 3036 705 3090; x_wconf 89' lang='lat' dir='ltr'><strong>nolunt</strong></span> <span class='ocrx_word' id='word_1_401' title='bbox 732 3032 885 3104; x_wconf 89' lang='lat' dir='ltr'><strong>impii</strong></span> <span class='ocrx_word' id='word_1_402' title='bbox 906 3033 1103 3088; x_wconf 88' lang='lat' dir='ltr'><strong>Filium</strong></span> <span class='ocrx_word' id='word_1_403' title='bbox 1128 3031 1368 3088; x_wconf 82' lang='lat' dir='ltr'><strong>Verbum</strong></span> <span class='ocrx_word' id='word_1_404' title='bbox 1401 3042 1455 3088; x_wconf 90' lang='lat' dir='ltr'><strong>et</strong></span> <span class='ocrx_word' id='word_1_405' title='bbox 1484 3033 1672 3088; x_wconf 82' lang='lat' dir='ltr'><strong>vivens</strong></span> <span class='ocrx_word' id='word_1_406' title='bbox 1703 3034 1990 3089; x_wconf 91' lang='lat' dir='ltr'><strong>consilium</strong></span> 
     </span>
    </p>
   </div>
   <div class='ocr_carea' id='block_1_46' title="bbox 408 3124 1992 3196">
    <p class='ocr_par' dir='ltr' id='par_1_46' title="bbox 408 3124 1992 3196">
     <span class='ocr_line' id='line_1_46' title="bbox 408 3124 1992 3196; baseline -0.001 -17"><span class='ocrx_word' id='word_1_407' title='bbox 408 3141 532 3183; x_wconf 86' lang='lat' dir='ltr'><strong>esse</strong></span> <span class='ocrx_word' id='word_1_408' title='bbox 558 3143 572 3179; x_wconf 89' lang='lat'><strong>:</strong></span> <span class='ocrx_word' id='word_1_409' title='bbox 609 3125 705 3182; x_wconf 91' lang='lat' dir='ltr'><strong>sed</strong></span> <span class='ocrx_word' id='word_1_410' title='bbox 729 3125 1069 3196; x_wconf 89' lang='lat' dir='ltr'><strong>prudentiam</strong></span> <span class='ocrx_word' id='word_1_411' title='bbox 1087 3166 1103 3192; x_wconf 92' lang='lat'><strong>,</strong></span> <span class='ocrx_word' id='word_1_412' title='bbox 1128 3124 1417 3180; x_wconf 88' lang='lat' dir='ltr'><strong>consilium</strong></span> <span class='ocrx_word' id='word_1_413' title='bbox 1443 3132 1497 3179; x_wconf 89' lang='lat' dir='ltr'><strong>et</strong></span> <span class='ocrx_word' id='word_1_414' title='bbox 1523 3124 1847 3194; x_wconf 89' lang='lat' dir='ltr'><strong>sapientiam</strong></span> <span class='ocrx_word' id='word_1_415' title='bbox 1875 3124 1992 3180; x_wconf 87' lang='lat' dir='ltr'><strong>vel-</strong></span> 
     </span>
    </p>
   </div>
   <div class='ocr_carea' id='block_1_47' title="bbox 409 3214 1990 3288">
    <p class='ocr_par' dir='ltr' id='par_1_47' title="bbox 409 3214 1990 3288">
     <span class='ocr_line' id='line_1_47' title="bbox 409 3214 1990 3288; baseline -0.001 -15"><span class='ocrx_word' id='word_1_416' title='bbox 409 3229 470 3274; x_wconf 89' lang='lat' dir='ltr'><strong>ut</strong></span> <span class='ocrx_word' id='word_1_417' title='bbox 514 3219 757 3273; x_wconf 85' lang='lat' dir='ltr'><strong>habitum</strong></span> <span class='ocrx_word' id='word_1_418' title='bbox 816 3217 1104 3288; x_wconf 88' lang='lat' dir='ltr'><strong>quemdam</strong></span> <span class='ocrx_word' id='word_1_419' title='bbox 1149 3214 1300 3280; x_wconf 91' lang='lat' dir='ltr'><strong>Deo,</strong></span> <span class='ocrx_word' id='word_1_420' title='bbox 1336 3216 1578 3271; x_wconf 87' lang='lat' dir='ltr'><strong>humano</strong></span> <span class='ocrx_word' id='word_1_421' title='bbox 1612 3231 1786 3281; x_wconf 90' lang='lat' dir='ltr'><strong>more,</strong></span> <span class='ocrx_word' id='word_1_422' title='bbox 1828 3215 1990 3271; x_wconf 91' lang='lat' dir='ltr'><strong>modo</strong></span> 
     </span>
    </p>
   </div>
   <div class='ocr_carea' id='block_1_48' title="bbox 2090 2022 3681 2096">
    <p class='ocr_par' dir='ltr' id='par_1_48' title="bbox 2090 2022 3681 2096">
     <span class='ocr_line' id='line_1_48' title="bbox 2090 2022 3681 2096; baseline 0.003 -21"><span class='ocrx_word' id='word_1_423' title='bbox 2090 2022 2284 2087; x_wconf 83' lang='grc' dir='ltr'>είπεῖν,</span> <span class='ocrx_word' id='word_1_424' title='bbox 2308 2022 2392 2075; x_wconf 83' lang='grc' dir='ltr'><strong>ὅτι</strong></span> <span class='ocrx_word' id='word_1_425' title='bbox 2412 2022 2508 2075; x_wconf 75' lang='grc' dir='ltr'><strong>καὶ</strong></span> <span class='ocrx_word' id='word_1_426' title='bbox 2542 2023 2799 2094; x_wconf 85' lang='grc' dir='ltr'>φρονήσει</span> <span class='ocrx_word' id='word_1_427' title='bbox 2829 2023 3021 2092; x_wconf 88' lang='grc' dir='ltr'>γέγονε</span> <span class='ocrx_word' id='word_1_428' title='bbox 3040 2040 3054 2052; x_wconf 88' lang='grc'><strong>·</strong></span> <span class='ocrx_word' id='word_1_429' title='bbox 3074 2024 3272 2076; x_wconf 85' lang='grc' dir='ltr'>ταύτὸν</span> <span class='ocrx_word' id='word_1_430' title='bbox 3298 2023 3406 2095; x_wconf 86' lang='grc' dir='ltr'><strong>γὰρ</strong></span> <span class='ocrx_word' id='word_1_431' title='bbox 3431 2024 3681 2096; x_wconf 74' lang='grc' dir='ltr'>ἡγοῦμαι</span> 
     </span>
    </p>
   </div>
   <div class='ocr_carea' id='block_1_49' title="bbox 2091 2110 3679 2186">
    <p class='ocr_par' dir='ltr' id='par_1_49' title="bbox 2091 2110 3679 2186">
     <span class='ocr_line' id='line_1_49' title="bbox 2091 2110 3679 2186; baseline 0.003 -20"><span class='ocrx_word' id='word_1_432' title='bbox 2091 2114 2349 2185; x_wconf 78' lang='grc' dir='ltr'>φρόνησιν</span> <span class='ocrx_word' id='word_1_433' title='bbox 2384 2113 2499 2186; x_wconf 90' lang='grc'><strong>(70)</strong></span> <span class='ocrx_word' id='word_1_434' title='bbox 2532 2115 2625 2168; x_wconf 74' lang='grc' dir='ltr'><strong>καὶ</strong></span> <span class='ocrx_word' id='word_1_435' title='bbox 2647 2114 2901 2184; x_wconf 89' lang='grc' dir='ltr'>βούλησιν</span> <span class='ocrx_word' id='word_1_436' title='bbox 2929 2110 3088 2169; x_wconf 78' lang='grc' dir='ltr'>εἶναι.</span> <span class='ocrx_word' id='word_1_437' title='bbox 3128 2118 3193 2170; x_wconf 88' lang='grc' dir='ltr'><strong><em>Ὃ</em></strong></span> <span class='ocrx_word' id='word_1_438' title='bbox 3220 2115 3327 2186; x_wconf 84' lang='grc' dir='ltr'>γὰρ</span> <span class='ocrx_word' id='word_1_439' title='bbox 3354 2115 3679 2186; x_wconf 76' lang='grc' dir='ltr'>βουλεύεται</span> 
     </span>
    </p>
   </div>
   <div class='ocr_carea' id='block_1_50' title="bbox 2089 2205 3680 2279">
    <p class='ocr_par' dir='ltr' id='par_1_50' title="bbox 2089 2205 3680 2279">
     <span class='ocr_line' id='line_1_50' title="bbox 2089 2205 3680 2279; baseline 0.001 -20"><span class='ocrx_word' id='word_1_440' title='bbox 2089 2222 2192 2270; x_wconf 77' lang='grc' dir='ltr'>τις,</span> <span class='ocrx_word' id='word_1_441' title='bbox 2221 2205 2380 2259; x_wconf 78' lang='grc' dir='ltr'>τοῦτο</span> <span class='ocrx_word' id='word_1_442' title='bbox 2405 2205 2621 2269; x_wconf 86' lang='grc' dir='ltr'>πάντως</span> <span class='ocrx_word' id='word_1_443' title='bbox 2648 2207 2744 2260; x_wconf 73' lang='grc' dir='ltr'>καὶ</span> <span class='ocrx_word' id='word_1_444' title='bbox 2781 2208 2970 2277; x_wconf 81' lang='grc' dir='ltr'>φρονεῖ</span> <span class='ocrx_word' id='word_1_445' title='bbox 2993 2225 3007 2238; x_wconf 72' lang='grc'><strong><em>⁸</em></strong></span> <span class='ocrx_word' id='word_1_446' title='bbox 3060 2207 3155 2260; x_wconf 78' lang='grc' dir='ltr'><strong>καὶ</strong></span> <span class='ocrx_word' id='word_1_447' title='bbox 3186 2206 3215 2259; x_wconf 84' lang='grc' dir='ltr'><strong>ὃ</strong></span> <span class='ocrx_word' id='word_1_448' title='bbox 3259 2209 3466 2279; x_wconf 82' lang='grc' dir='ltr'>φρονεῖ,</span> <span class='ocrx_word' id='word_1_449' title='bbox 3516 2206 3680 2261; x_wconf 74' lang='grc' dir='ltr'>τοῦτο</span> 
     </span>
    </p>
   </div>
   <div class='ocr_carea' id='block_1_51' title="bbox 2091 2296 3680 2370">
    <p class='ocr_par' dir='ltr' id='par_1_51' title="bbox 2091 2296 3680 2370">
     <span class='ocr_line' id='line_1_51' title="bbox 2091 2296 3680 2370; baseline 0 -18"><span class='ocrx_word' id='word_1_450' title='bbox 2091 2297 2185 2352; x_wconf 75' lang='grc' dir='ltr'><strong>καὶ</strong></span> <span class='ocrx_word' id='word_1_451' title='bbox 2208 2296 2536 2368; x_wconf 85' lang='grc' dir='ltr'>βουλεύεται.</span> <span class='ocrx_word' id='word_1_452' title='bbox 2570 2299 2744 2363; x_wconf 82' lang='grc' dir='ltr'>Αὐτὸς</span> <span class='ocrx_word' id='word_1_453' title='bbox 2768 2298 2897 2367; x_wconf 79' lang='grc' dir='ltr'>γοῦν</span> <span class='ocrx_word' id='word_1_454' title='bbox 2927 2298 3039 2369; x_wconf 90' lang='grc'>(71)</span> <span class='ocrx_word' id='word_1_455' title='bbox 3062 2300 3091 2351; x_wconf 89' lang='lat'><strong>6</strong></span> <span class='ocrx_word' id='word_1_456' title='bbox 3123 2299 3315 2370; x_wconf 80' lang='grc' dir='ltr'>Σωτὴρ</span> <span class='ocrx_word' id='word_1_457' title='bbox 3348 2299 3422 2362; x_wconf 83' lang='grc' dir='ltr'><strong>ὡς</strong></span> <span class='ocrx_word' id='word_1_458' title='bbox 3464 2299 3680 2369; x_wconf 82' lang='grc' dir='ltr'>ἀδελφὰ</span> 
     </span>
    </p>
   </div>
   <div class='ocr_carea' id='block_1_52' title="bbox 2089 2390 3678 2463">
    <p class='ocr_par' dir='ltr' id='par_1_52' title="bbox 2089 2390 3678 2463">
     <span class='ocr_line' id='line_1_52' title="bbox 2089 2390 3678 2463; baseline 0 -17"><span class='ocrx_word' id='word_1_459' title='bbox 2089 2390 2262 2446; x_wconf 81' lang='grc' dir='ltr'>ταῦτα</span> <span class='ocrx_word' id='word_1_460' title='bbox 2279 2394 2346 2463; x_wconf 79' lang='grc' dir='ltr'>τῇ</span> <span class='ocrx_word' id='word_1_461' title='bbox 2377 2390 2637 2462; x_wconf 79' lang='grc' dir='ltr'>ἀναλογίᾳ</span> <span class='ocrx_word' id='word_1_462' title='bbox 2664 2390 2898 2460; x_wconf 80' lang='grc' dir='ltr'>συνῆψεν</span> <span class='ocrx_word' id='word_1_463' title='bbox 2918 2391 3035 2462; x_wconf 78' lang='grc' dir='ltr'>ἅμα</span> <span class='ocrx_word' id='word_1_464' title='bbox 3053 2391 3229 2461; x_wconf 88' lang='grc' dir='ltr'>λέγων</span> <span class='ocrx_word' id='word_1_465' title='bbox 3249 2409 3264 2422; x_wconf 88' lang='grc'><strong>·</strong></span> <span class='ocrx_word' id='word_1_466' title='bbox 3299 2391 3444 2461; x_wconf 81' lang='grc' dir='ltr'><strong>Ἐμὴ</strong></span> <span class='ocrx_word' id='word_1_467' title='bbox 3458 2391 3678 2461; x_wconf 72' lang='grc' dir='ltr'>,βουλὴ</span> 
     </span>
    </p>
   </div>
   <div class='ocr_carea' id='block_1_53' title="bbox 2090 2480 3680 2552">
    <p class='ocr_par' dir='ltr' id='par_1_53' title="bbox 2090 2480 3680 2552">
     <span class='ocr_line' id='line_1_53' title="bbox 2090 2480 3680 2552; baseline 0 -17"><span class='ocrx_word' id='word_1_468' title='bbox 2090 2481 2192 2535; x_wconf 77' lang='grc' dir='ltr'>καὶ</span> <span class='ocrx_word' id='word_1_469' title='bbox 2227 2480 2551 2552; x_wconf 67' lang='grc' dir='ltr'>ἀσφάλεια,</span> <span class='ocrx_word' id='word_1_470' title='bbox 2582 2480 2694 2551; x_wconf 78' lang='grc' dir='ltr'><strong>ἐμὴ</strong></span> <span class='ocrx_word' id='word_1_471' title='bbox 2722 2482 3039 2551; x_wconf 63' lang='grc' dir='ltr'>φρόνησις,</span> <span class='ocrx_word' id='word_1_472' title='bbox 3068 2480 3181 2551; x_wconf 79' lang='grc' dir='ltr'><strong>ἐμὴ</strong></span> <span class='ocrx_word' id='word_1_473' title='bbox 3213 2482 3282 2535; x_wconf 85' lang='grc' dir='ltr'><em>δὲ</em></span> <span class='ocrx_word' id='word_1_474' title='bbox 3321 2484 3526 2551; x_wconf 80' lang='grc' dir='ltr'>ἰσχύς.</span> <span class='ocrx_word' id='word_1_475' title='bbox 3588 2483 3680 2546; x_wconf 86' lang='grc' dir='ltr'>Ὠς</span> 
     </span>
    </p>
   </div>
   <div class='ocr_carea' id='block_1_54' title="bbox 2090 2572 3679 2650">
    <p class='ocr_par' dir='ltr' id='par_1_54' title="bbox 2090 2572 3679 2650">
     <span class='ocr_line' id='line_1_54' title="bbox 2090 2572 3679 2650; baseline 0.021 -32"><span class='ocrx_word' id='word_1_476' title='bbox 2090 2573 2200 2647; x_wconf 80' lang='grc' dir='ltr'>γὰρ</span> <span class='ocrx_word' id='word_1_477' title='bbox 2241 2576 2393 2644; x_wconf 76' lang='grc' dir='ltr'>ἰσχὺς</span> <span class='ocrx_word' id='word_1_478' title='bbox 2425 2577 2517 2629; x_wconf 76' lang='grc' dir='ltr'><strong>καὶ</strong></span> <span class='ocrx_word' id='word_1_479' title='bbox 2548 2574 2815 2643; x_wconf 83' lang='grc' dir='ltr'>ἀσφάλεια</span> <span class='ocrx_word' id='word_1_480' title='bbox 2844 2576 3037 2630; x_wconf 83' lang='grc' dir='ltr'>ταύτόν</span> <span class='ocrx_word' id='word_1_481' title='bbox 3077 2572 3257 2639; x_wconf 62' lang='grc' dir='ltr'>ἐστιν,</span> <span class='ocrx_word' id='word_1_482' title='bbox 3308 2578 3343 2647; x_wconf 84' lang='grc' dir='ltr'><strong>ή</strong></span> <span class='ocrx_word' id='word_1_483' title='bbox 3382 2577 3523 2649; x_wconf 83' lang='grc' dir='ltr'>αὐτὴ</span> <span class='ocrx_word' id='word_1_484' title='bbox 3565 2577 3679 2650; x_wconf 68' lang='grc' dir='ltr'>γὰρ</span> 
     </span>
    </p>
   </div>
   <div class='ocr_carea' id='block_1_55' title="bbox 2089 2663 3683 2741">
    <p class='ocr_par' dir='ltr' id='par_1_55' title="bbox 2089 2663 3683 2741">
     <span class='ocr_line' id='line_1_55' title="bbox 2089 2663 3683 2741; baseline 0.003 -24"><span class='ocrx_word' id='word_1_485' title='bbox 2089 2663 2316 2736; x_wconf 83' lang='grc' dir='ltr'>δύναμίς</span> <span class='ocrx_word' id='word_1_486' title='bbox 2338 2666 2483 2718; x_wconf 77' lang='grc' dir='ltr'>ἐστιν</span> <span class='ocrx_word' id='word_1_487' title='bbox 2503 2682 2516 2694; x_wconf 88' lang='grc'>·</span> <span class='ocrx_word' id='word_1_488' title='bbox 2551 2664 2692 2718; x_wconf 79' lang='grc' dir='ltr'>οὕτω</span> <span class='ocrx_word' id='word_1_489' title='bbox 2719 2665 2916 2719; x_wconf 84' lang='grc' dir='ltr'>ταύτόν</span> <span class='ocrx_word' id='word_1_490' title='bbox 2937 2667 3084 2720; x_wconf 80' lang='grc' dir='ltr'>ἐστιν</span> <span class='ocrx_word' id='word_1_491' title='bbox 3117 2668 3288 2720; x_wconf 82' lang='grc' dir='ltr'>εἰπεῖν</span> <span class='ocrx_word' id='word_1_492' title='bbox 3332 2666 3431 2738; x_wconf 86' lang='grc' dir='ltr'><strong>τὴν</strong></span> <span class='ocrx_word' id='word_1_493' title='bbox 3471 2668 3683 2741; x_wconf 85' lang='grc' dir='ltr'>φρόνη-</span> 
     </span>
    </p>
   </div>
   <div class='ocr_carea' id='block_1_56' title="bbox 2093 2755 3677 2830">
    <p class='ocr_par' dir='ltr' id='par_1_56' title="bbox 2093 2755 3677 2830">
     <span class='ocr_line' id='line_1_56' title="bbox 2093 2755 3677 2830; baseline 0.004 -21"><span class='ocrx_word' id='word_1_494' title='bbox 2093 2772 2176 2809; x_wconf 90' lang='grc' dir='ltr'><strong>σιν</strong></span> <span class='ocrx_word' id='word_1_495' title='bbox 2204 2756 2297 2810; x_wconf 80' lang='grc' dir='ltr'>καὶ</span> <span class='ocrx_word' id='word_1_496' title='bbox 2318 2755 2416 2826; x_wconf 83' lang='grc' dir='ltr'>τὴν</span> <span class='ocrx_word' id='word_1_497' title='bbox 2455 2755 2649 2827; x_wconf 78' lang='grc' dir='ltr'>βουλὴν</span> <span class='ocrx_word' id='word_1_498' title='bbox 2683 2756 2797 2829; x_wconf 63' lang='grc'>(79)</span> <span class='ocrx_word' id='word_1_499' title='bbox 2823 2755 3001 2825; x_wconf 45' lang='grc' dir='ltr'>εἶναι,</span> <span class='ocrx_word' id='word_1_500' title='bbox 3030 2757 3173 2829; x_wconf 74' lang='grc' dir='ltr'>ἅπερ</span> <span class='ocrx_word' id='word_1_501' title='bbox 3200 2757 3349 2810; x_wconf 74' lang='grc' dir='ltr'>ἐστὶν</span> <span class='ocrx_word' id='word_1_502' title='bbox 3372 2759 3401 2811; x_wconf 90' lang='lat'><strong>6</strong></span> <span class='ocrx_word' id='word_1_503' title='bbox 3442 2757 3677 2830; x_wconf 81' lang='grc' dir='ltr'>Κύριος.</span> 
     </span>
    </p>
   </div>
   <div class='ocr_carea' id='block_1_57' title="bbox 2105 2844 3769 2921">
    <p class='ocr_par' dir='ltr' id='par_1_57' title="bbox 2105 2844 3769 2921">
     <span class='ocr_line' id='line_1_57' title="bbox 2105 2844 3769 2921; baseline 0.001 -23"><span class='ocrx_word' id='word_1_504' title='bbox 2105 2844 2241 2899; x_wconf 83' lang='grc' dir='ltr'>Ἀλλ’</span> <span class='ocrx_word' id='word_1_505' title='bbox 2265 2847 2316 2899; x_wconf 82' lang='lat' dir='ltr'><strong>oi</strong></span> <span class='ocrx_word' id='word_1_506' title='bbox 2349 2846 2563 2911; x_wconf 74' lang='grc' dir='ltr'>ἀσεϐεῖς</span> <span class='ocrx_word' id='word_1_507' title='bbox 2615 2848 2676 2900; x_wconf 79' lang='grc' dir='ltr'><strong>ού</strong></span> <span class='ocrx_word' id='word_1_508' title='bbox 2728 2847 2938 2902; x_wconf 89' lang='grc' dir='ltr'>θέλουσι</span> <span class='ocrx_word' id='word_1_509' title='bbox 2984 2848 3082 2919; x_wconf 86' lang='grc' dir='ltr'><strong>μὲν</strong></span> <span class='ocrx_word' id='word_1_510' title='bbox 3133 2847 3303 2917; x_wconf 85' lang='grc' dir='ltr'>Λόγον</span> <span class='ocrx_word' id='word_1_511' title='bbox 3348 2849 3441 2902; x_wconf 73' lang='grc' dir='ltr'>καὶ</span> <span class='ocrx_word' id='word_1_512' title='bbox 3463 2847 3678 2921; x_wconf 73' lang='grc' dir='ltr'>,βουλὴν</span> <span class='ocrx_word' id='word_1_513' title='bbox 3757 2888 3769 2899; x_wconf 94' lang='grc'><strong>.</strong></span> 
     </span>
    </p>
   </div>
   <div class='ocr_carea' id='block_1_58' title="bbox 2091 2931 3678 3012">
    <p class='ocr_par' dir='ltr' id='par_1_58' title="bbox 2091 2931 3678 3012">
     <span class='ocr_line' id='line_1_58' title="bbox 2091 2931 3678 3012; baseline 0.005 -24"><span class='ocrx_word' id='word_1_514' title='bbox 2091 2933 2271 3001; x_wconf 77' lang='grc' dir='ltr'>ζῶσαν</span> <span class='ocrx_word' id='word_1_515' title='bbox 2303 2931 2444 2990; x_wconf 85' lang='grc' dir='ltr'>εἶναι</span> <span class='ocrx_word' id='word_1_516' title='bbox 2492 2937 2582 2991; x_wconf 75' lang='grc' dir='ltr'>τὸν</span> <span class='ocrx_word' id='word_1_517' title='bbox 2613 2938 2774 2991; x_wconf 86' lang='grc' dir='ltr'>Υίόν·</span> <span class='ocrx_word' id='word_1_518' title='bbox 2810 2939 2938 3010; x_wconf 79' lang='grc' dir='ltr'>περὶ</span> <span class='ocrx_word' id='word_1_519' title='bbox 2982 2939 3040 2993; x_wconf 84' lang='grc' dir='ltr'><strong>δὲ</strong></span> <span class='ocrx_word' id='word_1_520' title='bbox 3093 2938 3186 2993; x_wconf 79' lang='grc' dir='ltr'><strong>τὸν</strong></span> <span class='ocrx_word' id='word_1_521' title='bbox 3217 2938 3349 2994; x_wconf 85' lang='grc' dir='ltr'>Θεὸν</span> <span class='ocrx_word' id='word_1_522' title='bbox 3405 2940 3678 3012; x_wconf 75' lang='grc' dir='ltr'>φρόνησιν</span> 
     </span>
    </p>
   </div>
   <div class='ocr_carea' id='block_1_59' title="bbox 2090 3023 3680 3098">
    <p class='ocr_par' dir='ltr' id='par_1_59' title="bbox 2090 3023 3680 3098">
     <span class='ocr_line' id='line_1_59' title="bbox 2090 3023 3680 3098; baseline 0.003 -22"><span class='ocrx_word' id='word_1_523' title='bbox 2090 3023 2185 3077; x_wconf 77' lang='grc' dir='ltr'><strong>καὶ</strong></span> <span class='ocrx_word' id='word_1_524' title='bbox 2209 3023 2403 3096; x_wconf 81' lang='grc' dir='ltr'>βουλὴν</span> <span class='ocrx_word' id='word_1_525' title='bbox 2425 3025 2518 3078; x_wconf 80' lang='grc' dir='ltr'><strong>καὶ</strong></span> <span class='ocrx_word' id='word_1_526' title='bbox 2545 3026 2733 3095; x_wconf 88' lang='grc' dir='ltr'>σοφίαν</span> <span class='ocrx_word' id='word_1_527' title='bbox 2762 3025 2836 3089; x_wconf 87' lang='grc' dir='ltr'>ὡς</span> <span class='ocrx_word' id='word_1_528' title='bbox 2859 3025 2972 3091; x_wconf 68' lang='grc' dir='ltr'>ἕξιν</span> <span class='ocrx_word' id='word_1_529' title='bbox 3003 3044 3064 3080; x_wconf 93' lang='grc' dir='ltr'><strong>συ</strong></span> <span class='ocrx_word' id='word_1_530' title='bbox 3073 3026 3400 3098; x_wconf 70' lang='grc' dir='ltr'>μϐαίνουσαν</span> <span class='ocrx_word' id='word_1_531' title='bbox 3424 3027 3520 3080; x_wconf 79' lang='grc' dir='ltr'><strong>καὶ</strong></span> <span class='ocrx_word' id='word_1_532' title='bbox 3541 3026 3680 3081; x_wconf 82' lang='grc' dir='ltr'>ἀπο-</span> 
     </span>
    </p>
   </div>
   <div class='ocr_carea' id='block_1_60' title="bbox 2092 3116 3675 3191">
    <p class='ocr_par' dir='ltr' id='par_1_60' title="bbox 2092 3116 3675 3191">
     <span class='ocr_line' id='line_1_60' title="bbox 2092 3116 3675 3191; baseline 0.003 -21"><span class='ocrx_word' id='word_1_533' title='bbox 2092 3116 2492 3189; x_wconf 80' lang='grc' dir='ltr'>συμϐαίνουσαν</span> <span class='ocrx_word' id='word_1_534' title='bbox 2553 3119 2906 3191; x_wconf 83' lang='grc' dir='ltr'>ἀνθρωπίνως</span> <span class='ocrx_word' id='word_1_535' title='bbox 2965 3121 3210 3189; x_wconf 90' lang='grc' dir='ltr'>γίνεσθαι</span> <span class='ocrx_word' id='word_1_536' title='bbox 3266 3118 3630 3191; x_wconf 74' lang='grc' dir='ltr'>μυθολογοῦσι</span> <span class='ocrx_word' id='word_1_537' title='bbox 3656 3160 3675 3187; x_wconf 91' lang='grc'><strong>,</strong></span> 
     </span>
    </p>
   </div>
   <div class='ocr_carea' id='block_1_61' title="bbox 2091 3208 3677 3283">
    <p class='ocr_par' dir='ltr' id='par_1_61' title="bbox 2091 3208 3677 3283">
     <span class='ocr_line' id='line_1_61' title="bbox 2091 3208 3677 3283; baseline 0.003 -22"><span class='ocrx_word' id='word_1_538' title='bbox 2091 3208 2184 3261; x_wconf 73' lang='grc' dir='ltr'>καὶ</span> <span class='ocrx_word' id='word_1_539' title='bbox 2212 3210 2386 3263; x_wconf 85' lang='grc' dir='ltr'>πάντα</span> <span class='ocrx_word' id='word_1_540' title='bbox 2415 3209 2642 3275; x_wconf 82' lang='grc' dir='ltr'>κινοῦσι,</span> <span class='ocrx_word' id='word_1_541' title='bbox 2670 3212 2765 3264; x_wconf 78' lang='grc' dir='ltr'><strong>καὶ</strong></span> <span class='ocrx_word' id='word_1_542' title='bbox 2790 3211 2890 3283; x_wconf 83' lang='grc' dir='ltr'>τὴν</span> <span class='ocrx_word' id='word_1_543' title='bbox 2923 3211 3275 3268; x_wconf 81' lang='grc' dir='ltr'>Οὐαλεντίνου</span> <span class='ocrx_word' id='word_1_544' title='bbox 3322 3211 3534 3266; x_wconf 80' lang='grc' dir='ltr'>ἔννοιαν</span> <span class='ocrx_word' id='word_1_545' title='bbox 3574 3213 3677 3266; x_wconf 77' lang='grc' dir='ltr'><strong>καὶ</strong></span> 
     </span>
    </p>
   </div>
   <div class='ocr_carea' id='block_1_62' title="bbox 403 3295 1985 3383">
    <p class='ocr_par' dir='ltr' id='par_1_62' title="bbox 403 3305 1985 3377">
     <span class='ocr_line' id='line_1_62' title="bbox 403 3305 1985 3377; baseline -0.003 -13"><span class='ocrx_word' id='word_1_546' title='bbox 403 3308 621 3376; x_wconf 70' lang='lat' dir='ltr'><strong>adesse,</strong></span> <span class='ocrx_word' id='word_1_547' title='bbox 666 3309 829 3363; x_wconf 88' lang='lat' dir='ltr'><strong>modo</strong></span> <span class='ocrx_word' id='word_1_548' title='bbox 874 3307 1065 3363; x_wconf 88' lang='lat' dir='ltr'><strong>abesse</strong></span> <span class='ocrx_word' id='word_1_549' title='bbox 1116 3307 1345 3377; x_wconf 77' lang='lat' dir='ltr'><strong>ﬁngunt,</strong></span> <span class='ocrx_word' id='word_1_550' title='bbox 1389 3321 1721 3376; x_wconf 90' lang='lat' dir='ltr'><strong>omnemque</strong></span> <span class='ocrx_word' id='word_1_551' title='bbox 1750 3305 1985 3376; x_wconf 82' lang='lat' dir='ltr'><strong>lapidem</strong></span> 
     </span>
    </p>
   </div>
   <div class='ocr_carea' id='block_1_63' title="bbox 2101 3295 3676 3383">
    <p class='ocr_par' dir='ltr' id='par_1_63' title="bbox 2101 3297 3676 3383">
     <span class='ocr_line' id='line_1_63' title="bbox 2101 3297 3676 3383; baseline 0.003 -32"><span class='ocrx_word' id='word_1_552' title='bbox 2101 3297 2305 3370; x_wconf 60' lang='lat' dir='ltr'><strong>iélqow</strong></span> <span class='ocrx_word' id='word_1_553' title='bbox 2329 3300 2752 3382; x_wconf 48' lang='lat' dir='ltr'><strong>~“rt-9066.).)towixzt,</strong></span> <span class='ocrx_word' id='word_1_554' title='bbox 2782 3302 2870 3383; x_wconf 81' lang='grc' dir='ltr'>ἵνα</span> <span class='ocrx_word' id='word_1_555' title='bbox 2889 3302 3049 3374; x_wconf 84' lang='grc' dir='ltr'>μόνον</span> <span class='ocrx_word' id='word_1_556' title='bbox 3068 3303 3397 3374; x_wconf 86' lang='grc' dir='ltr'>διαστήσωσι</span> <span class='ocrx_word' id='word_1_557' title='bbox 3425 3303 3518 3356; x_wconf 75' lang='grc' dir='ltr'><strong>τὸν</strong></span> <span class='ocrx_word' id='word_1_558' title='bbox 3540 3302 3676 3357; x_wconf 81' lang='grc' dir='ltr'>Υίὺν</span> 
     </span>
    </p>
   </div>
   <div class='ocr_carea' id='block_1_64' title="bbox 406 3396 1988 3467">
    <p class='ocr_par' dir='ltr' id='par_1_64' title="bbox 406 3396 1988 3467">
     <span class='ocr_line' id='line_1_64' title="bbox 406 3396 1988 3467; baseline -0.004 -11"><span class='ocrx_word' id='word_1_559' title='bbox 406 3408 650 3464; x_wconf 86' lang='lat' dir='ltr'><strong>movent,</strong></span> <span class='ocrx_word' id='word_1_560' title='bbox 696 3414 760 3453; x_wconf 85' lang='lat' dir='ltr'><strong>ac</strong></span> <span class='ocrx_word' id='word_1_561' title='bbox 798 3396 1072 3453; x_wconf 77' lang='lat' dir='ltr'><strong>Valentini</strong></span> <span class='ocrx_word' id='word_1_562' title='bbox 1118 3396 1464 3467; x_wconf 63' lang='lat' dir='ltr'><strong>praetendunt</strong></span> <span class='ocrx_word' id='word_1_563' title='bbox 1504 3396 1887 3467; x_wconf 77' lang='lat' dir='ltr'><strong>cogitationem</strong></span> <span class='ocrx_word' id='word_1_564' title='bbox 1932 3404 1988 3451; x_wconf 90' lang='lat' dir='ltr'><strong>et</strong></span> 
     </span>
    </p>
   </div>
   <div class='ocr_carea' id='block_1_65' title="bbox 403 3486 1987 3557">
    <p class='ocr_par' dir='ltr' id='par_1_65' title="bbox 403 3486 1987 3557">
     <span class='ocr_line' id='line_1_65' title="bbox 403 3486 1987 3557; baseline -0.001 -14"><span class='ocrx_word' id='word_1_565' title='bbox 403 3492 741 3546; x_wconf 64' lang='lat' dir='ltr'><strong>voluntatem</strong></span> <span class='ocrx_word' id='word_1_566' title='bbox 763 3529 777 3555; x_wconf 90' lang='lat'><strong>,</strong></span> <span class='ocrx_word' id='word_1_567' title='bbox 804 3506 868 3545; x_wconf 86' lang='lat' dir='ltr'><strong>ea</strong></span> <span class='ocrx_word' id='word_1_568' title='bbox 901 3498 1109 3545; x_wconf 90' lang='lat' dir='ltr'><strong>tantum</strong></span> <span class='ocrx_word' id='word_1_569' title='bbox 1141 3496 1320 3544; x_wconf 90' lang='lat' dir='ltr'><strong>mente</strong></span> <span class='ocrx_word' id='word_1_570' title='bbox 1357 3496 1417 3543; x_wconf 88' lang='lat' dir='ltr'><strong>ut</strong></span> <span class='ocrx_word' id='word_1_571' title='bbox 1443 3486 1641 3542; x_wconf 91' lang='lat' dir='ltr'><strong>Filium</strong></span> <span class='ocrx_word' id='word_1_572' title='bbox 1676 3493 1929 3557; x_wconf 85' lang='lat' dir='ltr'><strong>separent</strong></span> <span class='ocrx_word' id='word_1_573' title='bbox 1955 3501 1987 3541; x_wconf 91' lang='lat' dir='ltr'><strong>a</strong></span> 
     </span>
    </p>
   </div>
   <div class='ocr_carea' id='block_1_66' title="bbox 406 3578 1984 3651">
    <p class='ocr_par' dir='ltr' id='par_1_66' title="bbox 406 3578 1984 3651">
     <span class='ocr_line' id='line_1_66' title="bbox 406 3578 1984 3651; baseline -0.004 -13"><span class='ocrx_word' id='word_1_574' title='bbox 406 3579 590 3647; x_wconf 85' lang='lat' dir='ltr'><strong>Patre,</strong></span> <span class='ocrx_word' id='word_1_575' title='bbox 621 3597 722 3637; x_wconf 90' lang='lat' dir='ltr'><strong>nec</strong></span> <span class='ocrx_word' id='word_1_576' title='bbox 747 3581 1025 3651; x_wconf 90' lang='lat' dir='ltr'><strong>proprium</strong></span> <span class='ocrx_word' id='word_1_577' title='bbox 1055 3581 1207 3635; x_wconf 91' lang='lat' dir='ltr'><strong>illum</strong></span> <span class='ocrx_word' id='word_1_578' title='bbox 1235 3578 1415 3634; x_wconf 83' lang='lat' dir='ltr'><strong>Patris</strong></span> <span class='ocrx_word' id='word_1_579' title='bbox 1448 3578 1690 3634; x_wconf 80' lang='lat' dir='ltr'><strong>Verbum</strong></span> <span class='ocrx_word' id='word_1_580' title='bbox 1735 3578 1831 3633; x_wconf 92' lang='lat' dir='ltr'><strong>sed</strong></span> <span class='ocrx_word' id='word_1_581' title='bbox 1870 3592 1984 3631; x_wconf 87' lang='lat' dir='ltr'><strong>rem</strong></span> 
     </span>
    </p>
   </div>
   <div class='ocr_carea' id='block_1_67' title="bbox 406 3667 1987 3738">
    <p class='ocr_par' dir='ltr' id='par_1_67' title="bbox 406 3667 1987 3738">
     <span class='ocr_line' id='line_1_67' title="bbox 406 3667 1987 3738; baseline -0.003 -10"><span class='ocrx_word' id='word_1_582' title='bbox 406 3679 648 3728; x_wconf 70' lang='lat' dir='ltr'><strong>creatam</strong></span> <span class='ocrx_word' id='word_1_583' title='bbox 695 3685 817 3726; x_wconf 87' lang='lat' dir='ltr'><strong>esse</strong></span> <span class='ocrx_word' id='word_1_584' title='bbox 865 3670 1156 3726; x_wconf 80' lang='lat' dir='ltr'><strong>fateantur.</strong></span> <span class='ocrx_word' id='word_1_585' title='bbox 1205 3668 1333 3724; x_wconf 73' lang='lat' dir='ltr'><strong>Haec</strong></span> <span class='ocrx_word' id='word_1_586' title='bbox 1375 3670 1563 3738; x_wconf 89' lang='lat' dir='ltr'><strong>itaque</strong></span> <span class='ocrx_word' id='word_1_587' title='bbox 1618 3668 1740 3723; x_wconf 86' lang='lat' dir='ltr'><strong>illos</strong></span> <span class='ocrx_word' id='word_1_588' title='bbox 1795 3667 1987 3723; x_wconf 91' lang='lat' dir='ltr'><strong>audire</strong></span> 
     </span>
    </p>
   </div>
   <div class='ocr_carea' id='block_1_68' title="bbox 407 3757 1987 3832">
    <p class='ocr_par' dir='ltr' id='par_1_68' title="bbox 407 3757 1987 3832">
     <span class='ocr_line' id='line_1_68' title="bbox 407 3757 1987 3832; baseline -0.003 -16"><span class='ocrx_word' id='word_1_589' title='bbox 407 3763 665 3823; x_wconf 79' lang='lat' dir='ltr'><strong>convenit</strong></span> <span class='ocrx_word' id='word_1_590' title='bbox 691 3762 891 3818; x_wconf 89' lang='lat' dir='ltr'><strong>similia</strong></span> <span class='ocrx_word' id='word_1_591' title='bbox 921 3763 1026 3828; x_wconf 89' lang='lat' dir='ltr'><strong>his,</strong></span> <span class='ocrx_word' id='word_1_592' title='bbox 1057 3777 1180 3832; x_wconf 72' lang='lat' dir='ltr'><strong>qua:</strong></span> <span class='ocrx_word' id='word_1_593' title='bbox 1210 3760 1339 3815; x_wconf 91' lang='lat' dir='ltr'><strong>olim</strong></span> <span class='ocrx_word' id='word_1_594' title='bbox 1371 3760 1437 3814; x_wconf 88' lang='lat' dir='ltr'><strong>ad</strong></span> <span class='ocrx_word' id='word_1_595' title='bbox 1465 3759 1742 3815; x_wconf 89' lang='lat' dir='ltr'><strong>Simonem</strong></span> <span class='ocrx_word' id='word_1_596' title='bbox 1770 3757 1987 3830; x_wconf 80' lang='lat' dir='ltr'><strong>Magum</strong></span> 
     </span>
    </p>
   </div>
   <div class='ocr_carea' id='block_1_69' title="bbox 293 3849 1988 3924">
    <p class='ocr_par' dir='ltr' id='par_1_69' title="bbox 293 3849 1988 3924">
     <span class='ocr_line' id='line_1_69' title="bbox 293 3849 1988 3924; baseline -0.005 -12"><span class='ocrx_word' id='word_1_597' title='bbox 293 3909 296 3912; x_wconf 83' lang='lat'><strong>.</strong></span> <span class='ocrx_word' id='word_1_598' title='bbox 408 3855 551 3910; x_wconf 54' lang='lat' dir='ltr'><strong>dicta</strong></span> <span class='ocrx_word' id='word_1_599' title='bbox 593 3863 731 3912; x_wconf 80' lang='lat' dir='ltr'><strong>sunt</strong></span> <span class='ocrx_word' id='word_1_600' title='bbox 763 3854 805 3886; x_wconf 76' lang='grc'><strong><em>³⁵</em></strong></span> <span class='ocrx_word' id='word_1_601' title='bbox 849 3872 861 3907; x_wconf 94' lang='lat'>:</span> <span class='ocrx_word' id='word_1_602' title='bbox 906 3852 1160 3924; x_wconf 87' lang='lat' dir='ltr'><strong>Impietas</strong></span> <span class='ocrx_word' id='word_1_603' title='bbox 1195 3850 1469 3906; x_wconf 92' lang='lat' dir='ltr'><strong>Valentini</strong></span> <span class='ocrx_word' id='word_1_604' title='bbox 1502 3851 1787 3906; x_wconf 87' lang='lat' dir='ltr'><strong>vobiscum</strong></span> <span class='ocrx_word' id='word_1_605' title='bbox 1821 3849 1890 3905; x_wconf 87' lang='lat' dir='ltr'><strong>sit</strong></span> <span class='ocrx_word' id='word_1_606' title='bbox 1931 3849 1988 3904; x_wconf 91' lang='lat' dir='ltr'><strong>in</strong></span> 
     </span>
    </p>
   </div>
   <div class='ocr_carea' id='block_1_70' title="bbox 406 3939 1988 4014">
    <p class='ocr_par' dir='ltr' id='par_1_70' title="bbox 406 3939 1988 4014">
     <span class='ocr_line' id='line_1_70' title="bbox 406 3939 1988 4014; baseline -0.006 -12"><span class='ocrx_word' id='word_1_607' title='bbox 406 3946 724 4002; x_wconf 78' lang='lat' dir='ltr'><strong>interitum!</strong></span> <span class='ocrx_word' id='word_1_608' title='bbox 761 3944 1002 4014; x_wconf 81' lang='lat' dir='ltr'><strong>Quisque</strong></span> <span class='ocrx_word' id='word_1_609' title='bbox 1045 3952 1227 3999; x_wconf 86' lang='lat' dir='ltr'><strong>autem</strong></span> <span class='ocrx_word' id='word_1_610' title='bbox 1276 3941 1557 3998; x_wconf 87' lang='lat' dir='ltr'><strong>Salomoni</strong></span> <span class='ocrx_word' id='word_1_611' title='bbox 1591 3940 1773 4010; x_wconf 87' lang='lat' dir='ltr'><strong>potius</strong></span> <span class='ocrx_word' id='word_1_612' title='bbox 1804 3939 1988 3994; x_wconf 86' lang='lat' dir='ltr'><strong>credat</strong></span> 
     </span>
    </p>
   </div>
   <div class='ocr_carea' id='block_1_71' title="bbox 410 4029 1986 4114">
    <p class='ocr_par' dir='ltr' id='par_1_71' title="bbox 410 4029 1986 4114">
     <span class='ocr_line' id='line_1_71' title="bbox 410 4029 1986 4114; baseline -0.001 -27"><span class='ocrx_word' id='word_1_613' title='bbox 410 4033 648 4090; x_wconf 82' lang='lat' dir='ltr'><strong>Verbum</strong></span> <span class='ocrx_word' id='word_1_614' title='bbox 679 4035 997 4104; x_wconf 85' lang='lat' dir='ltr'><strong>sapientiam</strong></span> <span class='ocrx_word' id='word_1_615' title='bbox 1023 4042 1078 4089; x_wconf 87' lang='lat' dir='ltr'><strong>et</strong></span> <span class='ocrx_word' id='word_1_616' title='bbox 1101 4033 1442 4103; x_wconf 88' lang='lat' dir='ltr'><strong>prudentiam</strong></span> <span class='ocrx_word' id='word_1_617' title='bbox 1477 4046 1599 4087; x_wconf 90' lang='lat' dir='ltr'><strong>esse</strong></span> <span class='ocrx_word' id='word_1_618' title='bbox 1630 4029 1855 4096; x_wconf 89' lang='lat' dir='ltr'><strong>dicenti,</strong></span> <span class='ocrx_word' id='word_1_619' title='bbox 1888 4044 1986 4114; x_wconf 82' lang='lat' dir='ltr'><strong>cu-</strong></span> 
     </span>
    </p>
   </div>
   <div class='ocr_carea' id='block_1_72' title="bbox 402 4119 1986 4196">
    <p class='ocr_par' dir='ltr' id='par_1_72' title="bbox 402 4119 1986 4196">
     <span class='ocr_line' id='line_1_72' title="bbox 402 4119 1986 4196; baseline -0.003 -19"><span class='ocrx_word' id='word_1_620' title='bbox 402 4125 497 4196; x_wconf 89' lang='lat' dir='ltr'><strong>jus</strong></span> <span class='ocrx_word' id='word_1_621' title='bbox 548 4127 661 4180; x_wconf 63' lang='lat' dir='ltr'><strong>limc</strong></span> <span class='ocrx_word' id='word_1_622' title='bbox 698 4124 957 4180; x_wconf 83' lang='lat' dir='ltr'><strong>nimirum</strong></span> <span class='ocrx_word' id='word_1_623' title='bbox 1002 4134 1131 4178; x_wconf 91' lang='lat' dir='ltr'><strong>sunt</strong></span> <span class='ocrx_word' id='word_1_624' title='bbox 1174 4123 1383 4177; x_wconf 88' lang='lat' dir='ltr'><strong>verba:</strong></span> <span class='ocrx_word' id='word_1_625' title='bbox 1417 4119 1678 4175; x_wconf 79' lang='lat' dir='ltr'><strong>Dominus</strong></span> <span class='ocrx_word' id='word_1_626' title='bbox 1724 4119 1986 4189; x_wconf 76' lang='lat' dir='ltr'><strong>sapientia</strong></span> 
     </span>
    </p>
   </div>
   <div class='ocr_carea' id='block_1_73' title="bbox 402 4207 1985 4290">
    <p class='ocr_par' dir='ltr' id='par_1_73' title="bbox 402 4207 1985 4290">
     <span class='ocr_line' id='line_1_73' title="bbox 402 4207 1985 4290; baseline -0.003 -22"><span class='ocrx_word' id='word_1_627' title='bbox 402 4216 651 4290; x_wconf 80' lang='lat' dir='ltr'><strong>fundauit</strong></span> <span class='ocrx_word' id='word_1_628' title='bbox 682 4225 896 4281; x_wconf 77' lang='lat' dir='ltr'><strong>terram,</strong></span> <span class='ocrx_word' id='word_1_629' title='bbox 927 4224 977 4269; x_wconf 87' lang='lat' dir='ltr'><strong>et</strong></span> <span class='ocrx_word' id='word_1_630' title='bbox 1002 4214 1156 4270; x_wconf 70' lang='lat' dir='ltr'><strong>oculos</strong></span> <span class='ocrx_word' id='word_1_631' title='bbox 1188 4214 1243 4267; x_wconf 83' lang='lat' dir='ltr'><strong>in</strong></span> <span class='ocrx_word' id='word_1_632' title='bbox 1270 4211 1553 4283; x_wconf 85' lang='lat' dir='ltr'><strong>prudentia</strong></span> <span class='ocrx_word' id='word_1_633' title='bbox 1574 4210 1784 4281; x_wconf 84' lang='lat' dir='ltr'><strong>paravit</strong></span> <span class='ocrx_word' id='word_1_634' title='bbox 1818 4209 1881 4264; x_wconf 83' lang='grc'>¹⁶.</span> <span class='ocrx_word' id='word_1_635' title='bbox 1911 4207 1985 4264; x_wconf 86' lang='lat' dir='ltr'><strong>Ut</strong></span> 
     </span>
    </p>
   </div>
   <div class='ocr_carea' id='block_1_74' title="bbox 408 4299 1980 4376">
    <p class='ocr_par' dir='ltr' id='par_1_74' title="bbox 408 4299 1980 4376">
     <span class='ocr_line' id='line_1_74' title="bbox 408 4299 1980 4376; baseline -0.004 -15"><span class='ocrx_word' id='word_1_636' title='bbox 408 4322 538 4362; x_wconf 87' lang='lat' dir='ltr'><strong>vero</strong></span> <span class='ocrx_word' id='word_1_637' title='bbox 563 4307 652 4362; x_wconf 91' lang='lat' dir='ltr'><strong>hic</strong></span> <span class='ocrx_word' id='word_1_638' title='bbox 673 4308 840 4363; x_wconf 74' lang='lat' dir='ltr'><strong>ocelos</strong></span> <span class='ocrx_word' id='word_1_639' title='bbox 876 4306 933 4362; x_wconf 88' lang='lat' dir='ltr'><strong>in</strong></span> <span class='ocrx_word' id='word_1_640' title='bbox 970 4305 1279 4376; x_wconf 88' lang='lat' dir='ltr'><strong>prudentia,</strong></span> <span class='ocrx_word' id='word_1_641' title='bbox 1325 4303 1403 4359; x_wconf 88' lang='lat' dir='ltr'><strong>ita</strong></span> <span class='ocrx_word' id='word_1_642' title='bbox 1425 4303 1483 4358; x_wconf 92' lang='lat' dir='ltr'><strong>in</strong></span> <span class='ocrx_word' id='word_1_643' title='bbox 1511 4301 1745 4358; x_wconf 88' lang='lat' dir='ltr'><strong>Psalmis</strong></span> <span class='ocrx_word' id='word_1_644' title='bbox 1776 4299 1980 4356; x_wconf 68' lang='grc' dir='ltr'>ενοι-ιω</span> 
     </span>
    </p>
   </div>
   <div class='ocr_carea' id='block_1_75' title="bbox 2086 3389 3676 3466">
    <p class='ocr_par' dir='ltr' id='par_1_75' title="bbox 2086 3389 3676 3466">
     <span class='ocr_line' id='line_1_75' title="bbox 2086 3389 3676 3466; baseline 0.004 -22"><span class='ocrx_word' id='word_1_645' title='bbox 2086 3389 2195 3446; x_wconf 84' lang='grc' dir='ltr'><strong>ἀπὸ</strong></span> <span class='ocrx_word' id='word_1_646' title='bbox 2225 3390 2319 3445; x_wconf 79' lang='grc' dir='ltr'>τοῦ</span> <span class='ocrx_word' id='word_1_647' title='bbox 2336 3392 2568 3465; x_wconf 76' lang='grc' dir='ltr'>Πατρός,</span> <span class='ocrx_word' id='word_1_648' title='bbox 2594 3394 2688 3447; x_wconf 60' lang='grc' dir='ltr'><strong>κει)¹</strong></span> <span class='ocrx_word' id='word_1_649' title='bbox 2716 3393 2794 3466; x_wconf 82' lang='grc' dir='ltr'><strong>μὴ</strong></span> <span class='ocrx_word' id='word_1_650' title='bbox 2820 3395 3048 3449; x_wconf 79' lang='grc' dir='ltr'>εἴπωσιν</span> <span class='ocrx_word' id='word_1_651' title='bbox 3076 3397 3204 3449; x_wconf 80' lang='grc' dir='ltr'>ἴδιον</span> <span class='ocrx_word' id='word_1_652' title='bbox 3237 3395 3399 3449; x_wconf 79' lang='grc' dir='ltr'>αὐτὸν</span> <span class='ocrx_word' id='word_1_653' title='bbox 3427 3394 3524 3449; x_wconf 74' lang='grc' dir='ltr'>τοῦ</span> <span class='ocrx_word' id='word_1_654' title='bbox 3554 3396 3676 3450; x_wconf 84' lang='grc' dir='ltr'>Πα-</span> 
     </span>
    </p>
   </div>
   <div class='ocr_carea' id='block_1_76' title="bbox 2087 3478 3675 3559">
    <p class='ocr_par' dir='ltr' id='par_1_76' title="bbox 2087 3478 3675 3559">
     <span class='ocr_line' id='line_1_76' title="bbox 2087 3478 3675 3559; baseline 0.001 -20"><span class='ocrx_word' id='word_1_655' title='bbox 2087 3482 2214 3553; x_wconf 76' lang='grc' dir='ltr'>τρδς</span> <span class='ocrx_word' id='word_1_656' title='bbox 2264 3478 2401 3537; x_wconf 74' lang='grc' dir='ltr'>εἶναι</span> <span class='ocrx_word' id='word_1_657' title='bbox 2447 3484 2656 3554; x_wconf 84' lang='grc' dir='ltr'>Λόγον,</span> <span class='ocrx_word' id='word_1_658' title='bbox 2702 3485 2838 3540; x_wconf 81' lang='grc' dir='ltr'>ἀλλὰ</span> <span class='ocrx_word' id='word_1_659' title='bbox 2881 3488 3108 3559; x_wconf 85' lang='grc' dir='ltr'>κτίσμα,</span> <span class='ocrx_word' id='word_1_660' title='bbox 3165 3489 3393 3541; x_wconf 88' lang='grc' dir='ltr'>Ἐκεῖνοι</span> <span class='ocrx_word' id='word_1_661' title='bbox 3436 3488 3546 3559; x_wconf 74' lang='grc' dir='ltr'><strong>μὲν</strong></span> <span class='ocrx_word' id='word_1_662' title='bbox 3574 3484 3675 3541; x_wconf 74' lang='grc' dir='ltr'><strong>οὖν</strong></span> 
     </span>
    </p>
   </div>
   <div class='ocr_carea' id='block_1_77' title="bbox 2088 3573 3674 3649">
    <p class='ocr_par' dir='ltr' id='par_1_77' title="bbox 2088 3573 3674 3649">
     <span class='ocr_line' id='line_1_77' title="bbox 2088 3573 3674 3649; baseline 0.004 -23"><span class='ocrx_word' id='word_1_663' title='bbox 2088 3573 2457 3641; x_wconf 86' lang='grc' dir='ltr'>ἀκουέτωσαν,</span> <span class='ocrx_word' id='word_1_664' title='bbox 2487 3577 2561 3641; x_wconf 83' lang='grc' dir='ltr'>ὡς</span> <span class='ocrx_word' id='word_1_665' title='bbox 2584 3577 2767 3648; x_wconf 84' lang='grc' dir='ltr'>Σίμων</span> <span class='ocrx_word' id='word_1_666' title='bbox 2798 3578 2826 3630; x_wconf 87' lang='lat'><strong>6</strong></span> <span class='ocrx_word' id='word_1_667' title='bbox 2846 3578 3035 3647; x_wconf 84' lang='grc' dir='ltr'>Μάγος</span> <span class='ocrx_word' id='word_1_668' title='bbox 3061 3578 3292 3649; x_wconf 82' lang='grc' dir='ltr'>ήκουσεν</span> <span class='ocrx_word' id='word_1_669' title='bbox 3312 3596 3325 3609; x_wconf 79' lang='grc'>⁶</span> <span class='ocrx_word' id='word_1_670' title='bbox 3364 3580 3431 3633; x_wconf 86' lang='grc' dir='ltr'>Ἡ</span> <span class='ocrx_word' id='word_1_671' title='bbox 3444 3580 3674 3633; x_wconf 82' lang='grc' dir='ltr'>ἀσέϐεια</span> 
     </span>
    </p>
   </div>
   <div class='ocr_carea' id='block_1_78' title="bbox 2091 3665 3674 3741">
    <p class='ocr_par' dir='ltr' id='par_1_78' title="bbox 2091 3665 3674 3741">
     <span class='ocr_line' id='line_1_78' title="bbox 2091 3665 3674 3741; baseline 0.006 -24"><span class='ocrx_word' id='word_1_672' title='bbox 2091 3665 2444 3721; x_wconf 82' lang='grc' dir='ltr'>Οὐαλεντίνου</span> <span class='ocrx_word' id='word_1_673' title='bbox 2471 3668 2565 3721; x_wconf 81' lang='grc' dir='ltr'><strong>σὺν</strong></span> <span class='ocrx_word' id='word_1_674' title='bbox 2588 3669 2715 3739; x_wconf 85' lang='grc' dir='ltr'>ὑμῖν</span> <span class='ocrx_word' id='word_1_675' title='bbox 2748 3669 2835 3741; x_wconf 81' lang='grc' dir='ltr'>εἴη</span> <span class='ocrx_word' id='word_1_676' title='bbox 2861 3672 2940 3734; x_wconf 88' lang='grc' dir='ltr'><strong>είς</strong></span> <span class='ocrx_word' id='word_1_677' title='bbox 2967 3670 3241 3725; x_wconf 88' lang='grc' dir='ltr'>ἀπώλειαν</span> <span class='ocrx_word' id='word_1_678' title='bbox 3266 3672 3279 3725; x_wconf 84' lang='lat' dir='ltr'><strong>l</strong></span> <span class='ocrx_word' id='word_1_679' title='bbox 3331 3671 3566 3734; x_wconf 74' lang='grc' dir='ltr'>ἕκαστος</span> <span class='ocrx_word' id='word_1_680' title='bbox 3611 3672 3674 3727; x_wconf 70' lang='grc' dir='ltr'><strong>δὲ</strong></span> 
     </span>
    </p>
   </div>
   <div class='ocr_carea' id='block_1_79' title="bbox 2088 3751 3673 3830">
    <p class='ocr_par' dir='ltr' id='par_1_79' title="bbox 2088 3751 3673 3830">
     <span class='ocr_line' id='line_1_79' title="bbox 2088 3751 3673 3830; baseline 0.006 -22"><span class='ocrx_word' id='word_1_681' title='bbox 2088 3751 2367 3827; x_wconf 69' lang='grc' dir='ltr'>’Σολομῶνι</span> <span class='ocrx_word' id='word_1_682' title='bbox 2393 3758 2502 3828; x_wconf 82' lang='grc'>(75)</span> <span class='ocrx_word' id='word_1_683' title='bbox 2533 3759 2732 3829; x_wconf 84' lang='grc' dir='ltr'>μᾶλλον</span> <span class='ocrx_word' id='word_1_684' title='bbox 2774 3760 3041 3815; x_wconf 87' lang='grc' dir='ltr'>πειθέσθω</span> <span class='ocrx_word' id='word_1_685' title='bbox 3080 3760 3289 3830; x_wconf 83' lang='grc' dir='ltr'>λέγοντι</span> <span class='ocrx_word' id='word_1_686' title='bbox 3332 3763 3495 3817; x_wconf 84' lang='grc' dir='ltr'>αὐτὸν</span> <span class='ocrx_word' id='word_1_687' title='bbox 3529 3758 3673 3817; x_wconf 79' lang='grc' dir='ltr'>εἶναι</span> 
     </span>
    </p>
   </div>
   <div class='ocr_carea' id='block_1_80' title="bbox 2096 3847 3674 3924">
    <p class='ocr_par' dir='ltr' id='par_1_80' title="bbox 2096 3847 3674 3924">
     <span class='ocr_line' id='line_1_80' title="bbox 2096 3847 3674 3924; baseline 0.004 -25"><span class='ocrx_word' id='word_1_688' title='bbox 2096 3847 2286 3917; x_wconf 84' lang='grc' dir='ltr'>σοφίαν</span> <span class='ocrx_word' id='word_1_689' title='bbox 2310 3850 2403 3902; x_wconf 78' lang='grc' dir='ltr'><strong>καὶ</strong></span> <span class='ocrx_word' id='word_1_690' title='bbox 2437 3849 2695 3921; x_wconf 84' lang='grc' dir='ltr'>φρόνησιν</span> <span class='ocrx_word' id='word_1_691' title='bbox 2721 3850 2812 3903; x_wconf 86' lang='grc' dir='ltr'><strong>τὸν</strong></span> <span class='ocrx_word' id='word_1_692' title='bbox 2841 3851 3033 3921; x_wconf 85' lang='grc' dir='ltr'>Λόγον.</span> <span class='ocrx_word' id='word_1_693' title='bbox 3063 3853 3200 3924; x_wconf 78' lang='grc' dir='ltr'>Φησὶ</span> <span class='ocrx_word' id='word_1_694' title='bbox 3243 3853 3353 3924; x_wconf 85' lang='grc' dir='ltr'><strong>γάρ</strong></span> <span class='ocrx_word' id='word_1_695' title='bbox 3373 3870 3386 3883; x_wconf 91' lang='grc'><strong>·</strong></span> <span class='ocrx_word' id='word_1_696' title='bbox 3433 3853 3487 3905; x_wconf 89' lang='grc' dir='ltr'><strong><em>Ὁ</em></strong></span> <span class='ocrx_word' id='word_1_697' title='bbox 3521 3853 3674 3919; x_wconf 81' lang='grc' dir='ltr'>Θεὸς</span> 
     </span>
    </p>
   </div>
   <div class='ocr_carea' id='block_1_81' title="bbox 2093 3935 3673 4015">
    <p class='ocr_par' dir='ltr' id='par_1_81' title="bbox 2093 3935 3673 4015">
     <span class='ocr_line' id='line_1_81' title="bbox 2093 3935 3673 4015; baseline 0.004 -25"><span class='ocrx_word' id='word_1_698' title='bbox 2093 3935 2169 4007; x_wconf 82' lang='grc' dir='ltr'>τῇ</span> <span class='ocrx_word' id='word_1_699' title='bbox 2192 3940 2377 4007; x_wconf 70' lang='grc' dir='ltr'>σοφίᾳ</span> <span class='ocrx_word' id='word_1_700' title='bbox 2399 3939 2754 4009; x_wconf 64' lang='grc' dir='ltr'>ἐθεμελίωσας</span> <span class='ocrx_word' id='word_1_701' title='bbox 2795 3941 2911 4007; x_wconf 80' lang='grc' dir='ltr'>τὴν</span> <span class='ocrx_word' id='word_1_702' title='bbox 2954 3941 3072 4012; x_wconf 69' lang='grc' dir='ltr'><strong>γῆν</strong></span> <span class='ocrx_word' id='word_1_703' title='bbox 3094 3943 3205 4015; x_wconf 71' lang='grc'>(74)</span> <span class='ocrx_word' id='word_1_704' title='bbox 3226 3960 3242 3976; x_wconf 78' lang='grc' dir='ltr'><strong>ο</strong></span> <span class='ocrx_word' id='word_1_705' title='bbox 3275 3944 3569 4013; x_wconf 75' lang='grc' dir='ltr'>ἡτοίμασε</span> <span class='ocrx_word' id='word_1_706' title='bbox 3599 3943 3673 3997; x_wconf 83' lang='grc' dir='ltr'><strong><em>δὲ</em></strong></span> 
     </span>
    </p>
   </div>
   <div class='ocr_carea' id='block_1_82' title="bbox 2092 4027 3670 4106">
    <p class='ocr_par' dir='ltr' id='par_1_82' title="bbox 2092 4027 3670 4106">
     <span class='ocr_line' id='line_1_82' title="bbox 2092 4027 3670 4106; baseline 0.003 -23"><span class='ocrx_word' id='word_1_707' title='bbox 2092 4029 2390 4097; x_wconf 81' lang='grc' dir='ltr'>οὐρανοὺς</span> <span class='ocrx_word' id='word_1_708' title='bbox 2411 4031 2481 4084; x_wconf 83' lang='grc' dir='ltr'><strong>ἐν</strong></span> <span class='ocrx_word' id='word_1_709' title='bbox 2504 4031 2794 4102; x_wconf 70' lang='grc' dir='ltr'>φρονήσει</span> <span class='ocrx_word' id='word_1_710' title='bbox 2822 4032 2935 4105; x_wconf 75' lang='grc'>(75)</span> <span class='ocrx_word' id='word_1_711' title='bbox 2954 4052 2967 4063; x_wconf 74' lang='grc' dir='ltr'><strong>ο</strong></span> <span class='ocrx_word' id='word_1_712' title='bbox 2997 4034 3074 4098; x_wconf 83' lang='grc' dir='ltr'><strong>ὡς</strong></span> <span class='ocrx_word' id='word_1_713' title='bbox 3098 4034 3155 4087; x_wconf 78' lang='grc' dir='ltr'>δὲ</span> <span class='ocrx_word' id='word_1_714' title='bbox 3173 4027 3275 4087; x_wconf 84' lang='grc' dir='ltr'><strong>ὧδε</strong></span> <span class='ocrx_word' id='word_1_715' title='bbox 3302 4035 3360 4087; x_wconf 81' lang='grc' dir='ltr'><strong>ἐν</strong></span> <span class='ocrx_word' id='word_1_716' title='bbox 3382 4036 3670 4106; x_wconf 84' lang='grc' dir='ltr'>φρονήσει,</span> 
     </span>
    </p>
   </div>
   <div class='ocr_carea' id='block_1_83' title="bbox 2085 4118 3670 4196">
    <p class='ocr_par' dir='ltr' id='par_1_83' title="bbox 2085 4118 3670 4196">
     <span class='ocr_line' id='line_1_83' title="bbox 2085 4118 3670 4196; baseline 0.004 -23"><span class='ocrx_word' id='word_1_717' title='bbox 2085 4118 2259 4185; x_wconf 76' lang='grc' dir='ltr'>οὕτως</span> <span class='ocrx_word' id='word_1_718' title='bbox 2300 4122 2358 4174; x_wconf 83' lang='grc' dir='ltr'>ὲν</span> <span class='ocrx_word' id='word_1_719' title='bbox 2408 4120 2692 4194; x_wconf 80' lang='grc' dir='ltr'>Ψαλμοῖς·</span> <span class='ocrx_word' id='word_1_720' title='bbox 2739 4123 2825 4190; x_wconf 82' lang='grc' dir='ltr'><strong>Τῷ</strong></span> <span class='ocrx_word' id='word_1_721' title='bbox 2878 4126 3047 4196; x_wconf 77' lang='grc' dir='ltr'>Λόγῳ</span> <span class='ocrx_word' id='word_1_722' title='bbox 3073 4127 3296 4194; x_wconf 82' lang='grc' dir='ltr'>Κυρίου</span> <span class='ocrx_word' id='word_1_723' title='bbox 3334 4128 3390 4180; x_wconf 79' lang='grc' dir='ltr'>οἱ</span> <span class='ocrx_word' id='word_1_724' title='bbox 3418 4127 3670 4195; x_wconf 76' lang='grc' dir='ltr'>οὐρανοὶ</span> 
     </span>
    </p>
   </div>
   <div class='ocr_carea' id='block_1_84' title="bbox 2083 4210 3675 4290">
    <p class='ocr_par' dir='ltr' id='par_1_84' title="bbox 2083 4210 3675 4290">
     <span class='ocr_line' id='line_1_84' title="bbox 2083 4210 3675 4290; baseline 0.006 -26"><span class='ocrx_word' id='word_1_725' title='bbox 2083 4210 2555 4282; x_wconf 76' lang='grc' dir='ltr'>ἐστερεώθησαν.</span> <span class='ocrx_word' id='word_1_726' title='bbox 2609 4215 2696 4278; x_wconf 85' lang='grc' dir='ltr'>Ὡς</span> <span class='ocrx_word' id='word_1_727' title='bbox 2739 4215 2798 4269; x_wconf 85' lang='grc' dir='ltr'><strong>δὲ</strong></span> <span class='ocrx_word' id='word_1_728' title='bbox 2828 4216 2904 4287; x_wconf 85' lang='grc' dir='ltr'>τῷ</span> <span class='ocrx_word' id='word_1_729' title='bbox 2946 4218 3105 4289; x_wconf 88' lang='grc' dir='ltr'>Λόγῳ</span> <span class='ocrx_word' id='word_1_730' title='bbox 3149 4216 3199 4271; x_wconf 77' lang='grc' dir='ltr'><strong>οἱ</strong></span> <span class='ocrx_word' id='word_1_731' title='bbox 3228 4218 3469 4290; x_wconf 82' lang='grc' dir='ltr'>οὐρανοὶ,</span> <span class='ocrx_word' id='word_1_732' title='bbox 3522 4218 3675 4274; x_wconf 71' lang='grc' dir='ltr'>οὕτω</span> 
     </span>
    </p>
   </div>
   <div class='ocr_carea' id='block_1_85' title="bbox 2087 4300 3675 4389">
    <p class='ocr_par' dir='ltr' id='par_1_85' title="bbox 2087 4300 3675 4389">
     <span class='ocr_line' id='line_1_85' title="bbox 2087 4300 3675 4389; baseline 0.008 -36"><span class='ocrx_word' id='word_1_733' title='bbox 2087 4301 2284 4381; x_wconf 66' lang='grc' dir='ltr'>πάντα,</span> <span class='ocrx_word' id='word_1_734' title='bbox 2318 4304 2418 4357; x_wconf 84' lang='grc' dir='ltr'>ὅσα</span> <span class='ocrx_word' id='word_1_735' title='bbox 2448 4305 2562 4377; x_wconf 86' lang='grc'>(76)</span> <span class='ocrx_word' id='word_1_736' title='bbox 2591 4305 2876 4379; x_wconf 78' lang='grc' dir='ltr'>ἠθέλησεν,</span> <span class='ocrx_word' id='word_1_737' title='bbox 2905 4309 3160 4389; x_wconf 69' lang='grc' dir='ltr'>ὲποίησες</span> <span class='ocrx_word' id='word_1_738' title='bbox 3192 4300 3394 4375; x_wconf 65' lang='grc' dir='ltr'>καῖ’ὼς</span> <span class='ocrx_word' id='word_1_739' title='bbox 3424 4313 3454 4365; x_wconf 91' lang='lat'><strong>6</strong></span> <span class='ocrx_word' id='word_1_740' title='bbox 3501 4312 3675 4366; x_wconf 73' lang='lat' dir='ltr'><strong>‘Ami-</strong></span> 
     </span>
    </p>
   </div>
   <div class='ocr_carea' id='block_1_86' title="bbox 480 4466 1985 4538">
    <p class='ocr_par' dir='ltr' id='par_1_86' title="bbox 480 4466 1974 4538">
     <span class='ocr_line' id='line_1_86' title="bbox 480 4466 1974 4538; baseline -0.003 -11"><span class='ocrx_word' id='word_1_741' title='bbox 480 4474 525 4506; x_wconf 86' lang='grc'><strong>¹³</strong></span> <span class='ocrx_word' id='word_1_742' title='bbox 550 4471 706 4527; x_wconf 78' lang='lat' dir='ltr'><strong>Joan.</strong></span> <span class='ocrx_word' id='word_1_743' title='bbox 734 4489 845 4538; x_wconf 78' lang='lat' dir='ltr'><strong>xiv,</strong></span> <span class='ocrx_word' id='word_1_744' title='bbox 871 4471 957 4527; x_wconf 77' lang='grc' dir='ltr'><strong>ιο.</strong></span> <span class='ocrx_word' id='word_1_745' title='bbox 1034 4472 1080 4504; x_wconf 63' lang='grc'><strong>⁸³</strong></span> <span class='ocrx_word' id='word_1_746' title='bbox 1109 4470 1270 4527; x_wconf 89' lang='lat' dir='ltr'><strong>Prov.</strong></span> <span class='ocrx_word' id='word_1_747' title='bbox 1294 4485 1416 4536; x_wconf 86' lang='lat' dir='ltr'><strong>vm,</strong></span> <span class='ocrx_word' id='word_1_748' title='bbox 1446 4469 1534 4523; x_wconf 77' lang='grc'>14.</span> <span class='ocrx_word' id='word_1_749' title='bbox 1613 4468 1659 4502; x_wconf 77' lang='grc'>⁸⁸</span> <span class='ocrx_word' id='word_1_750' title='bbox 1698 4466 1822 4524; x_wconf 87' lang='lat' dir='ltr'><strong>Act.</strong></span> <span class='ocrx_word' id='word_1_751' title='bbox 1851 4483 1974 4537; x_wconf 85' lang='lat' dir='ltr'><strong>vni,</strong></span> 
     </span>
    </p>
   </div>
   <div class='ocr_carea' id='block_1_87' title="bbox 2101 4466 2631 4538">
    <p class='ocr_par' dir='ltr' id='par_1_87' title="bbox 2178 4469 2631 4537">
     <span class='ocr_line' id='line_1_87' title="bbox 2178 4469 2631 4537; baseline 0.002 -13"><span class='ocrx_word' id='word_1_752' title='bbox 2178 4469 2223 4501; x_wconf 81' lang='grc'><strong>¹⁸</strong></span> <span class='ocrx_word' id='word_1_753' title='bbox 2238 4469 2397 4525; x_wconf 89' lang='lat' dir='ltr'><strong>Prov.</strong></span> <span class='ocrx_word' id='word_1_754' title='bbox 2426 4485 2512 4537; x_wconf 91' lang='grc' dir='ltr'>ιιι,</span> <span class='ocrx_word' id='word_1_755' title='bbox 2543 4471 2631 4527; x_wconf 84' lang='grc'>19.</span> 
     </span>
    </p>
   </div>
   <div class='ocr_carea' id='block_1_88' title="bbox 474 4602 1985 4702">
    <p class='ocr_par' dir='ltr' id='par_1_88' title="bbox 474 4619 1974 4702">
     <span class='ocr_line' id='line_1_88' title="bbox 474 4619 1974 4702; baseline -0.005 -21"><span class='ocrx_word' id='word_1_756' title='bbox 474 4628 588 4702; x_wconf 78' lang='grc'>,(66)</span> <span class='ocrx_word' id='word_1_757' title='bbox 621 4625 762 4702; x_wconf 83' lang='lat' dir='ltr'><strong>elc.</strong></span> <span class='ocrx_word' id='word_1_758' title='bbox 796 4624 857 4702; x_wconf 45' lang='grc' dir='ltr'>ᾖ</span> <span class='ocrx_word' id='word_1_759' title='bbox 889 4635 941 4679; x_wconf 88' lang='lat' dir='ltr'><strong>et</strong></span> <span class='ocrx_word' id='word_1_760' title='bbox 957 4624 1259 4702; x_wconf 40' lang='grc' dir='ltr'><strong>ξάἱιίιῆἡεί</strong></span> <span class='ocrx_word' id='word_1_761' title='bbox 1289 4621 1369 4702; x_wconf 77' lang='grc' dir='ltr'><strong>μὴ</strong></span> <span class='ocrx_word' id='word_1_762' title='bbox 1398 4620 1579 4702; x_wconf 42' lang='grc' dir='ltr'>αὐτός..</span> <span class='ocrx_word' id='word_1_763' title='bbox 1611 4619 1719 4675; x_wconf 79' lang='lat' dir='ltr'><strong>Alii</strong></span> <span class='ocrx_word' id='word_1_764' title='bbox 1748 4637 1906 4702; x_wconf 55' lang='lat' dir='ltr'><strong>mss,</strong></span> <span class='ocrx_word' id='word_1_765' title='bbox 1940 4621 1974 4702; x_wconf 79' lang='grc' dir='ltr'><strong>ή</strong></span> 
     </span>
    </p>
   </div>
   <div class='ocr_carea' id='block_1_89' title="bbox 2101 4602 2867 4702">
    <p class='ocr_par' dir='ltr' id='par_1_89' title="bbox 2101 4602 2867 4702">
     <span class='ocr_line' id='line_1_89' title="bbox 2101 4602 2867 4678; baseline 0.003 -20"><span class='ocrx_word' id='word_1_766' title='bbox 2101 4611 2144 4658; x_wconf 76' lang='lat' dir='ltr'><strong>et</strong></span> <span class='ocrx_word' id='word_1_767' title='bbox 2169 4602 2318 4665; x_wconf 85' lang='lat' dir='ltr'><strong>editi,</strong></span> <span class='ocrx_word' id='word_1_768' title='bbox 2348 4603 2506 4659; x_wconf 82' lang='grc' dir='ltr'>τοῦτο</span> <span class='ocrx_word' id='word_1_769' title='bbox 2536 4606 2632 4660; x_wconf 78' lang='grc' dir='ltr'><strong>καὶ</strong></span> <span class='ocrx_word' id='word_1_770' title='bbox 2662 4608 2867 4678; x_wconf 87' lang='grc' dir='ltr'>φρονεῖ.</span> 
     </span>
     <span class='ocr_line' id='line_1_90' title="bbox 2159 4673 2867 4702; baseline 0 0"><span class='ocrx_word' id='word_1_771' title='bbox 2159 4674 2269 4702; x_wconf 71' lang='grc' dir='ltr'><strong>ΙἽΙὶ</strong></span> <span class='ocrx_word' id='word_1_772' title='bbox 2301 4673 2500 4702; x_wconf 62' lang='grc' dir='ltr'>νιν-2....</span> <span class='ocrx_word' id='word_1_773' title='bbox 2535 4677 2744 4702; x_wconf 63' lang='grc' dir='ltr'><strong>..-ἕ-...η</strong></span> <span class='ocrx_word' id='word_1_774' title='bbox 2810 4674 2867 4702; x_wconf 74' lang='grc' dir='ltr'>ο.</span> 
     </span>
    </p>
   </div>
   <div class='ocr_carea' id='block_1_90' title="bbox 406 4692 1976 4766">
    <p class='ocr_par' dir='ltr' id='par_1_90' title="bbox 406 4692 1976 4766">
     <span class='ocr_line' id='line_1_91' title="bbox 406 4692 1976 4766; baseline -0.006 -12"><span class='ocrx_word' id='word_1_775' title='bbox 406 4706 457 4754; x_wconf 81' lang='grc' dir='ltr'><strong>εί</strong></span> <span class='ocrx_word' id='word_1_776' title='bbox 483 4692 581 4753; x_wconf 64' lang='grc' dir='ltr'><strong>καῖ</strong></span> <span class='ocrx_word' id='word_1_777' title='bbox 605 4697 782 4760; x_wconf 81' lang='grc' dir='ltr'>αὑτός.</span> <span class='ocrx_word' id='word_1_778' title='bbox 808 4693 931 4748; x_wconf 82' lang='lat' dir='ltr'><strong>Mox</strong></span> <span class='ocrx_word' id='word_1_779' title='bbox 957 4695 1087 4766; x_wconf 84' lang='lat' dir='ltr'><strong>Reg.</strong></span> <span class='ocrx_word' id='word_1_780' title='bbox 1107 4692 1330 4765; x_wconf 33' lang='lat' dir='ltr'><strong>l,’Seg.,</strong></span> <span class='ocrx_word' id='word_1_781' title='bbox 1352 4692 1757 4764; x_wconf 85' lang='grc' dir='ltr'>λογισθήσεται.</span> <span class='ocrx_word' id='word_1_782' title='bbox 1782 4692 1976 4748; x_wconf 62' lang='lat' dir='ltr'><strong>Galeri</strong></span> 
     </span>
    </p>
   </div>
   <div class='ocr_carea' id='block_1_91' title="bbox 404 4765 1085 4837">
    <p class='ocr_par' dir='ltr' id='par_1_91' title="bbox 404 4765 1085 4837">
     <span class='ocr_line' id='line_1_92' title="bbox 404 4765 1085 4837; baseline -0.009 -11"><span class='ocrx_word' id='word_1_783' title='bbox 404 4782 460 4826; x_wconf 80' lang='lat' dir='ltr'><strong>et</strong></span> <span class='ocrx_word' id='word_1_784' title='bbox 484 4770 631 4832; x_wconf 89' lang='lat' dir='ltr'><strong>editi,</strong></span> <span class='ocrx_word' id='word_1_785' title='bbox 657 4765 1085 4837; x_wconf 50' lang='grc' dir='ltr'>νομισθήσεταιζξ</span> 
     </span>
    </p>
   </div>
   <div class='ocr_carea' id='block_1_92' title="bbox 479 4822 1977 4954">
    <p class='ocr_par' dir='ltr' id='par_1_92' title="bbox 479 4822 1977 4954">
     <span class='ocr_line' id='line_1_93' title="bbox 479 4822 1977 4954; baseline -0.005 -62"><span class='ocrx_word' id='word_1_786' title='bbox 479 4822 589 4907; x_wconf 69' lang='grc' dir='ltr'>(ιιι)</span> <span class='ocrx_word' id='word_1_787' title='bbox 618 4822 882 4902; x_wconf 59' lang='lat' dir='ltr'><strong>sic&#39;negf</strong></span> <span class='ocrx_word' id='word_1_788' title='bbox 922 4836 946 4889; x_wconf 86' lang='grc' dir='ltr'><strong>ι</strong></span> <span class='ocrx_word' id='word_1_789' title='bbox 995 4843 1048 4889; x_wconf 89' lang='lat' dir='ltr'><strong>et</strong></span> <span class='ocrx_word' id='word_1_790' title='bbox 1076 4835 1300 4905; x_wconf 84' lang='lat' dir='ltr'><strong>Seguer.</strong></span> <span class='ocrx_word' id='word_1_791' title='bbox 1341 4830 1412 4886; x_wconf 86' lang='lat' dir='ltr'><strong>At</strong></span> <span class='ocrx_word' id='word_1_792' title='bbox 1450 4831 1545 4886; x_wconf 91' lang='lat' dir='ltr'><strong>alii</strong></span> <span class='ocrx_word' id='word_1_793' title='bbox 1574 4839 1629 4886; x_wconf 85' lang='lat' dir='ltr'><strong>et</strong></span> <span class='ocrx_word' id='word_1_794' title='bbox 1659 4830 1812 4893; x_wconf 89' lang='lat' dir='ltr'><strong>editi,</strong></span> <span class='ocrx_word' id='word_1_795' title='bbox 1853 4822 1977 4954; x_wconf 50' lang='grc' dir='ltr'><strong>ἐνῇ</strong></span> 
     </span>
     <span class='ocr_line' id='line_1_94' title="bbox 479 4898 1919 4954; baseline 0 0"><span class='ocrx_word' id='word_1_796' title='bbox 479 4925 605 4954; x_wconf 56' lang='grc' dir='ltr'>εντα.</span> <span class='ocrx_word' id='word_1_797' title='bbox 636 4906 802 4954; x_wconf 75' lang='lat' dir='ltr'><strong>Paulo</strong></span> <span class='ocrx_word' id='word_1_798' title='bbox 834 4916 952 4954; x_wconf 79' lang='lat' dir='ltr'><strong>nnst</strong></span> <span class='ocrx_word' id='word_1_799' title='bbox 980 4903 1112 4954; x_wconf 75' lang='lat' dir='ltr'><strong>Reiz.</strong></span> <span class='ocrx_word' id='word_1_800' title='bbox 1142 4905 1192 4954; x_wconf 91' lang='grc'><strong>1.</strong></span> <span class='ocrx_word' id='word_1_801' title='bbox 1222 4901 1451 4954; x_wconf 71' lang='grc' dir='ltr'>δθαυϐτ.</span> <span class='ocrx_word' id='word_1_802' title='bbox 1486 4901 1658 4954; x_wconf 89' lang='lat' dir='ltr'><strong>Gobl.</strong></span> <span class='ocrx_word' id='word_1_803' title='bbox 1689 4908 1744 4954; x_wconf 79' lang='lat' dir='ltr'><strong>et</strong></span> <span class='ocrx_word' id='word_1_804' title='bbox 1766 4898 1919 4954; x_wconf 87' lang='lat' dir='ltr'><strong>Felc.</strong></span> 
     </span>
    </p>
   </div>
   <div class='ocr_carea' id='block_1_93' title="bbox 407 4898 1919 4975">
    <p class='ocr_par' dir='ltr' id='par_1_93' title="bbox 407 4898 1919 4975">
     <span class='ocr_line' id='line_1_95' title="bbox 407 4898 1919 4975; baseline -0.005 -12"><span class='ocrx_word' id='word_1_805' title='bbox 407 4898 605 4964; x_wconf 63' lang='grc' dir='ltr'>πάντα.</span> <span class='ocrx_word' id='word_1_806' title='bbox 635 4898 952 4974; x_wconf 61' lang='grc' dir='ltr'>ΡειιιΙΟῙιοει</span> <span class='ocrx_word' id='word_1_807' title='bbox 979 4903 1112 4975; x_wconf 83' lang='lat' dir='ltr'><strong>Reg.</strong></span> <span class='ocrx_word' id='word_1_808' title='bbox 1142 4898 1192 4966; x_wconf 81' lang='grc'><strong>1,</strong></span> <span class='ocrx_word' id='word_1_809' title='bbox 1222 4901 1451 4975; x_wconf 84' lang='lat' dir='ltr'><strong>Seguer.</strong></span> <span class='ocrx_word' id='word_1_810' title='bbox 1471 4901 1530 4975; x_wconf 57' lang='lat' dir='ltr'><strong>ﬁ</strong></span> <span class='ocrx_word' id='word_1_811' title='bbox 1544 4901 1658 4955; x_wconf 92' lang='lat' dir='ltr'><strong>obl.</strong></span> <span class='ocrx_word' id='word_1_812' title='bbox 1689 4898 1919 4975; x_wconf 27' lang='lat' dir='ltr'><strong>et‘Felc.</strong></span> 
     </span>
    </p>
   </div>
   <div class='ocr_carea' id='block_1_94' title="bbox 405 4970 1987 5048">
    <p class='ocr_par' dir='ltr' id='par_1_94' title="bbox 405 4970 1987 5048">
     <span class='ocr_line' id='line_1_96' title="bbox 405 4970 1987 5048; baseline -0.006 -16"><span class='ocrx_word' id='word_1_813' title='bbox 405 4979 512 5032; x_wconf 83' lang='grc' dir='ltr'>τῶν</span> <span class='ocrx_word' id='word_1_814' title='bbox 538 4982 602 5031; x_wconf 84' lang='grc' dir='ltr'>ὲκ</span> <span class='ocrx_word' id='word_1_815' title='bbox 630 4970 930 5048; x_wconf 61' lang='grc' dir='ltr'>βουλήσεως</span> <span class='ocrx_word' id='word_1_816' title='bbox 952 4970 1273 5046; x_wconf 50' lang='grc' dir='ltr'>γινομένων,</span> <span class='ocrx_word' id='word_1_817' title='bbox 1308 4970 1396 5026; x_wconf 79' lang='lat' dir='ltr'><strong>tibi</strong></span> <span class='ocrx_word' id='word_1_818' title='bbox 1437 4971 1528 5025; x_wconf 88' lang='lat' dir='ltr'><strong>alii</strong></span> <span class='ocrx_word' id='word_1_819' title='bbox 1551 4979 1606 5025; x_wconf 88' lang='lat' dir='ltr'><strong>et</strong></span> <span class='ocrx_word' id='word_1_820' title='bbox 1637 4970 1788 5037; x_wconf 90' lang='lat' dir='ltr'><strong>editi,</strong></span> <span class='ocrx_word' id='word_1_821' title='bbox 1818 4976 1987 5039; x_wconf 89' lang='grc' dir='ltr'>γενο-“</span> 
     </span>
    </p>
   </div>
   <div class='ocr_carea' id='block_1_95' title="bbox 451 5049 603 5103">
    <p class='ocr_par' dir='ltr' id='par_1_95' title="bbox 451 5049 603 5103">
     <span class='ocr_line' id='line_1_97' title="bbox 451 5049 603 5103; baseline 0 -2"><span class='ocrx_word' id='word_1_822' title='bbox 451 5049 603 5103; x_wconf 88' lang='grc' dir='ltr'>ένων.</span> 
     </span>
    </p>
   </div>
   <div class='ocr_carea' id='block_1_96' title="bbox 405 5067 1976 5189">
    <p class='ocr_par' dir='ltr' id='par_1_96' title="bbox 405 5067 1976 5189">
     <span class='ocr_line' id='line_1_98' title="bbox 405 5067 1976 5189; baseline -0.008 -15"><span class='ocrx_word' id='word_1_823' title='bbox 405 5067 710 5189; x_wconf 45' lang='grc' dir='ltr'><strong>μεῖἕὲῒδίο</strong></span> <span class='ocrx_word' id='word_1_824' title='bbox 740 5115 947 5189; x_wconf 83' lang='lat' dir='ltr'><strong>prirnus</strong></span> <span class='ocrx_word' id='word_1_825' title='bbox 975 5114 1141 5189; x_wconf 79' lang='lat' dir='ltr'><strong>codex</strong></span> <span class='ocrx_word' id='word_1_826' title='bbox 1184 5109 1387 5189; x_wconf 86' lang='lat' dir='ltr'><strong>Regius</strong></span> <span class='ocrx_word' id='word_1_827' title='bbox 1425 5107 1827 5189; x_wconf 44' lang='lat' dir='ltr'><strong>et_&#39;Seguer._In</strong></span> <span class='ocrx_word' id='word_1_828' title='bbox 1858 5109 1976 5189; x_wconf 85' lang='lat' dir='ltr'><strong>An-</strong></span> 
     </span>
    </p>
   </div>
   <div class='ocr_carea' id='block_1_97' title="bbox 440 5178 1977 5247">
    <p class='ocr_par' dir='ltr' id='par_1_97' title="bbox 440 5178 1977 5247">
     <span class='ocr_line' id='line_1_99' title="bbox 440 5178 1977 5247; baseline -0.005 -5"><span class='ocrx_word' id='word_1_829' title='bbox 440 5178 533 5242; x_wconf 72' lang='lat' dir='ltr'><strong>lic.</strong></span> <span class='ocrx_word' id='word_1_830' title='bbox 572 5178 810 5241; x_wconf 49' lang='lat' dir='ltr'><strong>liabet-ur</strong></span> <span class='ocrx_word' id='word_1_831' title='bbox 852 5186 978 5239; x_wconf 88' lang='lat' dir='ltr'><strong>item</strong></span> <span class='ocrx_word' id='word_1_832' title='bbox 1019 5185 1255 5247; x_wconf 77' lang='grc' dir='ltr'>πάντων,</span> <span class='ocrx_word' id='word_1_833' title='bbox 1273 5178 1348 5233; x_wconf 62' lang='grc' dir='ltr'><strong>ιιι</strong></span> <span class='ocrx_word' id='word_1_834' title='bbox 1388 5189 1441 5234; x_wconf 88' lang='lat' dir='ltr'><strong>et</strong></span> <span class='ocrx_word' id='word_1_835' title='bbox 1474 5178 1719 5233; x_wconf 82' lang='lat' dir='ltr'><strong>Nannius</strong></span> <span class='ocrx_word' id='word_1_836' title='bbox 1745 5179 1977 5247; x_wconf 75' lang='lat' dir='ltr'><strong>legerat.</strong></span> 
     </span>
    </p>
   </div>
   <div class='ocr_carea' id='block_1_98' title="bbox 455 5244 1974 5319">
    <p class='ocr_par' dir='ltr' id='par_1_98' title="bbox 455 5244 1974 5319">
     <span class='ocr_line' id='line_1_100' title="bbox 455 5244 1974 5319; baseline -0.009 -6"><span class='ocrx_word' id='word_1_837' title='bbox 455 5258 714 5314; x_wconf 81' lang='lat' dir='ltr'><strong>oblerian.</strong></span> <span class='ocrx_word' id='word_1_838' title='bbox 745 5265 800 5310; x_wconf 93' lang='lat' dir='ltr'><strong>et</strong></span> <span class='ocrx_word' id='word_1_839' title='bbox 831 5253 972 5309; x_wconf 86' lang='lat' dir='ltr'><strong>Felc.</strong></span> <span class='ocrx_word' id='word_1_840' title='bbox 1007 5254 1059 5317; x_wconf 88' lang='grc'><strong>1,</strong></span> <span class='ocrx_word' id='word_1_841' title='bbox 1086 5253 1155 5306; x_wconf 84' lang='grc' dir='ltr'>τὰ</span> <span class='ocrx_word' id='word_1_842' title='bbox 1191 5244 1250 5304; x_wconf 68' lang='grc' dir='ltr'><strong>δὲ</strong></span> <span class='ocrx_word' id='word_1_843' title='bbox 1276 5249 1440 5303; x_wconf 83' lang='grc' dir='ltr'>δοῦλα</span> <span class='ocrx_word' id='word_1_844' title='bbox 1467 5248 1758 5319; x_wconf 83' lang='grc' dir='ltr'>τυγχάνει;</span> <span class='ocrx_word' id='word_1_845' title='bbox 1797 5244 1974 5314; x_wconf 72' lang='grc' dir='ltr'>οὗτος,</span> 
     </span>
    </p>
   </div>
   <div class='ocr_carea' id='block_1_99' title="bbox 401 5318 1977 5383">
    <p class='ocr_par' dir='ltr' id='par_1_99' title="bbox 401 5318 1977 5383">
     <span class='ocr_line' id='line_1_101' title="bbox 401 5318 1977 5383; baseline -0.007 1"><span class='ocrx_word' id='word_1_846' title='bbox 401 5328 506 5383; x_wconf 76' lang='grc' dir='ltr'>ὅτι.</span> <span class='ocrx_word' id='word_1_847' title='bbox 546 5326 737 5381; x_wconf 86' lang='lat' dir='ltr'><strong>Caeteri</strong></span> <span class='ocrx_word' id='word_1_848' title='bbox 771 5334 949 5379; x_wconf 89' lang='lat' dir='ltr'><strong>autem</strong></span> <span class='ocrx_word' id='word_1_849' title='bbox 980 5334 1035 5378; x_wconf 87' lang='lat' dir='ltr'><strong>et</strong></span> <span class='ocrx_word' id='word_1_850' title='bbox 1078 5323 1207 5377; x_wconf 88' lang='lat' dir='ltr'><strong>editi</strong></span> <span class='ocrx_word' id='word_1_851' title='bbox 1241 5318 1599 5383; x_wconf 10' lang='lat' dir='ltr'><strong>sicrhabent’:</strong></span> <span class='ocrx_word' id='word_1_852' title='bbox 1631 5318 1700 5373; x_wconf 69' lang='grc' dir='ltr'>τὰ</span> <span class='ocrx_word' id='word_1_853' title='bbox 1723 5319 1781 5372; x_wconf 80' lang='grc' dir='ltr'><strong>δὲ</strong></span> <span class='ocrx_word' id='word_1_854' title='bbox 1813 5319 1977 5374; x_wconf 81' lang='grc' dir='ltr'>δούλα</span> 
     </span>
    </p>
   </div>
   <div class='ocr_carea' id='block_1_100' title="bbox 413 5382 1599 5464">
    <p class='ocr_par' dir='ltr' id='par_1_100' title="bbox 413 5382 1599 5464">
     <span class='ocr_line' id='line_1_102' title="bbox 413 5382 1599 5464; baseline -0.008 -12"><span class='ocrx_word' id='word_1_855' title='bbox 413 5382 693 5464; x_wconf 72' lang='grc' dir='ltr'>τυγχάνει;</span> <span class='ocrx_word' id='word_1_856' title='bbox 727 5395 952 5458; x_wconf 80' lang='grc' dir='ltr'>Πάντως</span> <span class='ocrx_word' id='word_1_857' title='bbox 970 5394 1028 5447; x_wconf 80' lang='grc' dir='ltr'><strong>δὲ</strong></span> <span class='ocrx_word' id='word_1_858' title='bbox 1054 5392 1259 5464; x_wconf 80' lang='grc' dir='ltr'>Κύριος</span> <span class='ocrx_word' id='word_1_859' title='bbox 1284 5382 1599 5464; x_wconf 34' lang='grc' dir='ltr'>οὗτοςηειο.</span> 
     </span>
    </p>
   </div>
   <div class='ocr_carea' id='block_1_101' title="bbox 472 5413 1982 5538">
    <p class='ocr_par' dir='ltr' id='par_1_101' title="bbox 472 5413 1982 5538">
     <span class='ocr_line' id='line_1_103' title="bbox 546 5413 1599 5464; baseline -0.007 -15"><span class='ocrx_word' id='word_1_860' title='bbox 546 5413 693 5461; x_wconf 83' lang='grc' dir='ltr'>ανει;</span> <span class='ocrx_word' id='word_1_861' title='bbox 729 5413 952 5458; x_wconf 84' lang='grc' dir='ltr'>ιιαντως</span> <span class='ocrx_word' id='word_1_862' title='bbox 970 5413 1028 5447; x_wconf 88' lang='grc' dir='ltr'><strong>οε</strong></span> <span class='ocrx_word' id='word_1_863' title='bbox 1056 5413 1258 5464; x_wconf 66' lang='grc' dir='ltr'>ιιυριος</span> <span class='ocrx_word' id='word_1_864' title='bbox 1284 5413 1463 5455; x_wconf 84' lang='grc' dir='ltr'>ουτος,</span> <span class='ocrx_word' id='word_1_865' title='bbox 1492 5413 1599 5444; x_wconf 76' lang='lat' dir='ltr'><strong>etc.</strong></span> 
     </span>
     <span class='ocr_line' id='line_1_104' title="bbox 472 5413 1982 5538; baseline -0.005 -18"><span class='ocrx_word' id='word_1_866' title='bbox 472 5413 589 5538; x_wconf 57' lang='grc' dir='ltr'><strong>ἷέυ)</strong></span> <span class='ocrx_word' id='word_1_867' title='bbox 624 5465 755 5535; x_wconf 89' lang='lat' dir='ltr'><strong>Reg.</strong></span> <span class='ocrx_word' id='word_1_868' title='bbox 781 5464 833 5528; x_wconf 90' lang='grc'><strong>1,</strong></span> <span class='ocrx_word' id='word_1_869' title='bbox 858 5464 1105 5535; x_wconf 80' lang='lat' dir='ltr'><strong>Seguer.,</strong></span> <span class='ocrx_word' id='word_1_870' title='bbox 1129 5462 1373 5535; x_wconf 85' lang='grc' dir='ltr'>γέγονεν.</span> <span class='ocrx_word' id='word_1_871' title='bbox 1401 5459 1544 5516; x_wconf 81' lang='lat' dir='ltr'><strong>Editi</strong></span> <span class='ocrx_word' id='word_1_872' title='bbox 1577 5468 1631 5514; x_wconf 89' lang='lat' dir='ltr'><strong>et</strong></span> <span class='ocrx_word' id='word_1_873' title='bbox 1655 5459 1768 5525; x_wconf 84' lang='lat' dir='ltr'><strong>alii,</strong></span> <span class='ocrx_word' id='word_1_874' title='bbox 1792 5458 1982 5529; x_wconf 77' lang='grc' dir='ltr'>ἐπιγέ-</span> 
     </span>
    </p>
   </div>
   <div class='ocr_carea' id='block_1_102' title="bbox 441 5554 582 5591">
    <p class='ocr_par' dir='ltr' id='par_1_102' title="bbox 441 5554 582 5591">
     <span class='ocr_line' id='line_1_105' title="bbox 441 5554 582 5591; baseline 0.007 -1"><span class='ocrx_word' id='word_1_875' title='bbox 441 5554 559 5590; x_wconf 86' lang='grc' dir='ltr'>ονεν</span> <span class='ocrx_word' id='word_1_876' title='bbox 566 5575 582 5591; x_wconf 80' lang='grc' dir='ltr'><strong>ο</strong></span> 
     </span>
    </p>
   </div>
   <div class='ocr_carea' id='block_1_103' title="bbox 405 5553 1981 5677">
    <p class='ocr_par' dir='ltr' id='par_1_103' title="bbox 405 5553 1981 5677">
     <span class='ocr_line' id='line_1_106' title="bbox 405 5553 1981 5677; baseline -0.003 -20"><span class='ocrx_word' id='word_1_877' title='bbox 405 5553 588 5677; x_wconf 54' lang='grc' dir='ltr'><strong>γοῖξῦ)</strong></span> <span class='ocrx_word' id='word_1_878' title='bbox 618 5604 821 5677; x_wconf 76' lang='lat' dir='ltr'><strong>Regius</strong></span> <span class='ocrx_word' id='word_1_879' title='bbox 862 5604 1091 5675; x_wconf 88' lang='lat' dir='ltr'><strong>primus,</strong></span> <span class='ocrx_word' id='word_1_880' title='bbox 1132 5600 1353 5677; x_wconf 70' lang='lat' dir='ltr'><strong>Seguer.</strong></span> <span class='ocrx_word' id='word_1_881' title='bbox 1395 5600 1613 5677; x_wconf 73' lang='lat' dir='ltr'><strong>Gnhler.</strong></span> <span class='ocrx_word' id='word_1_882' title='bbox 1665 5608 1717 5653; x_wconf 90' lang='lat' dir='ltr'><strong>et</strong></span> <span class='ocrx_word' id='word_1_883' title='bbox 1746 5597 1981 5677; x_wconf 29' lang='lat' dir='ltr'><strong>Felc.‘_l_,</strong></span> 
     </span>
    </p>
   </div>
   <div class='ocr_carea' id='block_1_104' title="bbox 402 5671 1984 5753">
    <p class='ocr_par' dir='ltr' id='par_1_104' title="bbox 402 5671 1984 5753">
     <span class='ocr_line' id='line_1_107' title="bbox 402 5671 1984 5753; baseline -0.005 -19"><span class='ocrx_word' id='word_1_884' title='bbox 402 5671 673 5753; x_wconf 71' lang='grc' dir='ltr'>φρόνημα.</span> <span class='ocrx_word' id='word_1_885' title='bbox 704 5671 878 5734; x_wconf 58' lang='grc' dir='ltr'>ιωωη</span> <span class='ocrx_word' id='word_1_886' title='bbox 900 5689 1044 5739; x_wconf 74' lang='lat' dir='ltr'><strong>mox,</strong></span> <span class='ocrx_word' id='word_1_887' title='bbox 1078 5672 1484 5736; x_wconf 72' lang='grc' dir='ltr'>τοῦτοοπάντως</span> <span class='ocrx_word' id='word_1_888' title='bbox 1515 5672 1609 5725; x_wconf 75' lang='grc' dir='ltr'><strong>καὶ</strong></span> <span class='ocrx_word' id='word_1_889' title='bbox 1646 5672 1849 5741; x_wconf 77' lang='grc' dir='ltr'>φρονεῖ.</span> <span class='ocrx_word' id='word_1_890' title='bbox 1878 5671 1984 5726; x_wconf 84' lang='lat' dir='ltr'><strong>Alii</strong></span> 
     </span>
    </p>
   </div>
   <div class='ocr_carea' id='block_1_105' title="bbox 2151 4673 3672 4757">
    <p class='ocr_par' dir='ltr' id='par_1_105' title="bbox 2151 4673 3672 4757">
     <span class='ocr_line' id='line_1_108' title="bbox 2151 4673 3672 4757; baseline 0.006 -31"><span class='ocrx_word' id='word_1_891' title='bbox 2151 4674 2270 4757; x_wconf 76' lang='grc'>(71)</span> <span class='ocrx_word' id='word_1_892' title='bbox 2301 4673 2502 4757; x_wconf 80' lang='lat' dir='ltr'><strong>Regius</strong></span> <span class='ocrx_word' id='word_1_893' title='bbox 2535 4673 2768 4757; x_wconf 73' lang='lat' dir='ltr'><strong>primus,</strong></span> <span class='ocrx_word' id='word_1_894' title='bbox 2810 4674 3031 4757; x_wconf 65' lang='lat' dir='ltr'><strong>Seguer.</strong></span> <span class='ocrx_word' id='word_1_895' title='bbox 3078 4675 3307 4757; x_wconf 55' lang='grc' dir='ltr'><strong>ςὲοὶιιει·ζ</strong></span> <span class='ocrx_word' id='word_1_896' title='bbox 3327 4687 3381 4757; x_wconf 76' lang='lat' dir='ltr'><strong>et</strong></span> <span class='ocrx_word' id='word_1_897' title='bbox 3424 4677 3582 4757; x_wconf 75' lang='lat' dir='ltr'><strong>Felc_._</strong></span> <span class='ocrx_word' id='word_1_898' title='bbox 3607 4681 3672 4749; x_wconf 80' lang='grc'><strong>1,</strong></span> 
     </span>
    </p>
   </div>
   <div class='ocr_carea' id='block_1_106' title="bbox 2081 4745 3679 4827">
    <p class='ocr_par' dir='ltr' id='par_1_106' title="bbox 2081 4745 3679 4827">
     <span class='ocr_line' id='line_1_109' title="bbox 2081 4745 3679 4827; baseline 0.008 -30"><span class='ocrx_word' id='word_1_899' title='bbox 2081 4745 2232 4827; x_wconf 44' lang='lat' dir='ltr'><strong>xci-6v,</strong></span> <span class='ocrx_word' id='word_1_900' title='bbox 2278 4754 2332 4827; x_wconf 57' lang='lat' dir='ltr'><strong>et</strong></span> <span class='ocrx_word' id='word_1_901' title='bbox 2374 4745 2737 4827; x_wconf 53' lang='lat' dir='ltr'><strong>mox,&#39;r}ﬁra</strong></span> <span class='ocrx_word' id='word_1_902' title='bbox 2774 4749 2839 4827; x_wconf 78' lang='grc' dir='ltr'>τῇ</span> <span class='ocrx_word' id='word_1_903' title='bbox 2864 4745 3142 4827; x_wconf 71' lang='grc' dir='ltr'><strong>⁸ἀναλογίᾳ</strong></span> <span class='ocrx_word' id='word_1_904' title='bbox 3180 4746 3436 4819; x_wconf 79' lang='grc' dir='ltr'>συνῆψεν.</span> <span class='ocrx_word' id='word_1_905' title='bbox 3476 4750 3586 4806; x_wconf 64' lang='grc' dir='ltr'><strong>ΛΙίί</strong></span> <span class='ocrx_word' id='word_1_906' title='bbox 3612 4745 3679 4810; x_wconf 67' lang='grc' dir='ltr'>εἰ</span> 
     </span>
    </p>
   </div>
   <div class='ocr_carea' id='block_1_107' title="bbox 2081 4810 2970 4886">
    <p class='ocr_par' dir='ltr' id='par_1_107' title="bbox 2081 4810 2970 4886">
     <span class='ocr_line' id='line_1_110' title="bbox 2081 4810 2970 4886; baseline -0.002 -15"><span class='ocrx_word' id='word_1_907' title='bbox 2081 4810 2232 4886; x_wconf 62' lang='lat' dir='ltr'><strong>editi,</strong></span> <span class='ocrx_word' id='word_1_908' title='bbox 2259 4810 2373 4886; x_wconf 61' lang='grc' dir='ltr'>σύν,</span> <span class='ocrx_word' id='word_1_909' title='bbox 2406 4824 2480 4880; x_wconf 87' lang='lat' dir='ltr'><strong>et,</strong></span> <span class='ocrx_word' id='word_1_910' title='bbox 2509 4810 2687 4869; x_wconf 78' lang='grc' dir='ltr'>ταῦτα</span> <span class='ocrx_word' id='word_1_911' title='bbox 2715 4810 2970 4886; x_wconf 76' lang='grc' dir='ltr'>συνῆψεν.</span> 
     </span>
    </p>
   </div>
   <div class='ocr_carea' id='block_1_108' title="bbox 2153 4883 3673 4960">
    <p class='ocr_par' dir='ltr' id='par_1_108' title="bbox 2153 4883 3673 4960">
     <span class='ocr_line' id='line_1_111' title="bbox 2153 4883 3673 4960; baseline 0.007 -24"><span class='ocrx_word' id='word_1_912' title='bbox 2153 4883 2267 4960; x_wconf 59' lang='grc' dir='ltr'>(η)</span> <span class='ocrx_word' id='word_1_913' title='bbox 2296 4884 2729 4960; x_wconf 63' lang='lat' dir='ltr'><strong>Regiusprimus</strong></span> <span class='ocrx_word' id='word_1_914' title='bbox 2755 4896 2812 4960; x_wconf 89' lang='lat' dir='ltr'><strong>_et</strong></span> <span class='ocrx_word' id='word_1_915' title='bbox 2824 4883 3068 4960; x_wconf 28' lang='lat' dir='ltr'><strong>gseguer.</strong></span> <span class='ocrx_word' id='word_1_916' title='bbox 3106 4886 3195 4943; x_wconf 89' lang='lat' dir='ltr'><strong>hic</strong></span> <span class='ocrx_word' id='word_1_917' title='bbox 3229 4897 3284 4943; x_wconf 89' lang='lat' dir='ltr'><strong>et</strong></span> <span class='ocrx_word' id='word_1_918' title='bbox 3327 4888 3491 4959; x_wconf 89' lang='lat' dir='ltr'><strong>paulo</strong></span> <span class='ocrx_word' id='word_1_919' title='bbox 3516 4899 3673 4960; x_wconf 79' lang='lat' dir='ltr'><strong>post,</strong></span> 
     </span>
    </p>
   </div>
   <div class='ocr_carea' id='block_1_109' title="bbox 2083 4954 3091 5027">
    <p class='ocr_par' dir='ltr' id='par_1_109' title="bbox 2083 4954 3091 5027">
     <span class='ocr_line' id='line_1_112' title="bbox 2083 4954 3091 5027; baseline 0 -17"><span class='ocrx_word' id='word_1_920' title='bbox 2083 4954 2297 5027; x_wconf 82' lang='grc' dir='ltr'>βουλήν.</span> <span class='ocrx_word' id='word_1_921' title='bbox 2319 4954 2521 5027; x_wconf 61' lang='grc' dir='ltr'><strong>βάξιςιί</strong></span> <span class='ocrx_word' id='word_1_922' title='bbox 2554 4965 2609 5010; x_wconf 88' lang='lat' dir='ltr'><strong>et</strong></span> <span class='ocrx_word' id='word_1_923' title='bbox 2640 4955 2790 5027; x_wconf 64' lang='lat' dir='ltr'><strong>editi,</strong></span> <span class='ocrx_word' id='word_1_924' title='bbox 2817 4954 3091 5027; x_wconf 79' lang='grc' dir='ltr'>βούλησιν.</span> 
     </span>
    </p>
   </div>
   <div class='ocr_carea' id='block_1_110' title="bbox 2154 5024 3665 5096">
    <p class='ocr_par' dir='ltr' id='par_1_110' title="bbox 2154 5024 3665 5096">
     <span class='ocr_line' id='line_1_113' title="bbox 2154 5024 3665 5096; baseline 0.006 -18"><span class='ocrx_word' id='word_1_925' title='bbox 2154 5024 2268 5096; x_wconf 78' lang='lat'><strong>(73)</strong></span> <span class='ocrx_word' id='word_1_926' title='bbox 2312 5024 2404 5080; x_wconf 90' lang='lat' dir='ltr'><strong>Sic</strong></span> <span class='ocrx_word' id='word_1_927' title='bbox 2436 5025 2568 5095; x_wconf 88' lang='lat' dir='ltr'><strong>Reg.</strong></span> <span class='ocrx_word' id='word_1_928' title='bbox 2602 5028 2653 5090; x_wconf 82' lang='grc'><strong>1,</strong></span> <span class='ocrx_word' id='word_1_929' title='bbox 2688 5024 2913 5096; x_wconf 82' lang='lat' dir='ltr'><strong>Seguer.</strong></span> <span class='ocrx_word' id='word_1_930' title='bbox 2946 5024 3111 5082; x_wconf 85' lang='lat' dir='ltr'><strong>Basil.</strong></span> <span class='ocrx_word' id='word_1_931' title='bbox 3138 5026 3360 5082; x_wconf 84' lang='lat' dir='ltr'><strong>Gohler.</strong></span> <span class='ocrx_word' id='word_1_932' title='bbox 3387 5037 3444 5083; x_wconf 85' lang='lat' dir='ltr'><strong>et</strong></span> <span class='ocrx_word' id='word_1_933' title='bbox 3469 5027 3665 5087; x_wconf 77' lang='lat' dir='ltr'><strong>Felck.</strong></span> 
     </span>
    </p>
   </div>
   <div class='ocr_carea' id='block_1_111' title="bbox 2084 5095 3446 5168">
    <p class='ocr_par' dir='ltr' id='par_1_111' title="bbox 2084 5095 3446 5168">
     <span class='ocr_line' id='line_1_114' title="bbox 2084 5095 3446 5168; baseline -0.001 -18"><span class='ocrx_word' id='word_1_934' title='bbox 2084 5097 2135 5150; x_wconf 82' lang='grc'><strong>1.</strong></span> <span class='ocrx_word' id='word_1_935' title='bbox 2165 5095 2353 5168; x_wconf 63' lang='grc' dir='ltr'>ᾼιειῇ</span> <span class='ocrx_word' id='word_1_936' title='bbox 2387 5104 2442 5168; x_wconf 85' lang='lat' dir='ltr'><strong>et</strong></span> <span class='ocrx_word' id='word_1_937' title='bbox 2467 5096 2634 5168; x_wconf 82' lang='lat' dir='ltr'><strong>editio</strong></span> <span class='ocrx_word' id='word_1_938' title='bbox 2661 5095 3122 5168; x_wconf 70' lang='lat' dir='ltr'><strong>Commeliniana,</strong></span> <span class='ocrx_word' id='word_1_939' title='bbox 3142 5097 3446 5168; x_wconf 84' lang='grc' dir='ltr'>Σαλομῶνι.</span> 
     </span>
    </p>
   </div>
   <div class='ocr_carea' id='block_1_112' title="bbox 2154 5164 3671 5242">
    <p class='ocr_par' dir='ltr' id='par_1_112' title="bbox 2154 5164 3671 5242">
     <span class='ocr_line' id='line_1_115' title="bbox 2154 5164 3671 5242; baseline 0 -20"><span class='ocrx_word' id='word_1_940' title='bbox 2154 5166 2266 5242; x_wconf 53' lang='grc'>(74)</span> <span class='ocrx_word' id='word_1_941' title='bbox 2302 5165 2662 5242; x_wconf 70' lang='lat' dir='ltr'><strong>Goblerianus</strong></span> <span class='ocrx_word' id='word_1_942' title='bbox 2681 5175 2738 5242; x_wconf 78' lang='lat' dir='ltr'><strong>_e_t</strong></span> <span class='ocrx_word' id='word_1_943' title='bbox 2756 5164 3110 5242; x_wconf 78' lang='lat' dir='ltr'><strong>Felclimanni</strong></span> <span class='ocrx_word' id='word_1_944' title='bbox 3133 5164 3365 5242; x_wconf 63' lang='lat' dir='ltr'><strong>primus,</strong></span> <span class='ocrx_word' id='word_1_945' title='bbox 3396 5170 3464 5240; x_wconf 80' lang='grc' dir='ltr'>τῇ</span> <span class='ocrx_word' id='word_1_946' title='bbox 3497 5168 3671 5242; x_wconf 78' lang='grc' dir='ltr'>σοφίᾳ</span> 
     </span>
    </p>
   </div>
   <div class='ocr_carea' id='block_1_113' title="bbox 2081 5234 3288 5308">
    <p class='ocr_par' dir='ltr' id='par_1_113' title="bbox 2081 5234 3288 5308">
     <span class='ocr_line' id='line_1_116' title="bbox 2081 5234 3288 5308; baseline 0.002 -19"><span class='ocrx_word' id='word_1_947' title='bbox 2081 5234 2448 5308; x_wconf 45' lang='grc' dir='ltr'>ᾠκῶμησεν,</span> <span class='ocrx_word' id='word_1_948' title='bbox 2477 5237 2643 5307; x_wconf 75' lang='grc' dir='ltr'>ἤγουν</span> <span class='ocrx_word' id='word_1_949' title='bbox 2677 5235 3006 5308; x_wconf 74' lang='grc' dir='ltr'>ἐθεμελίωσε</span> <span class='ocrx_word' id='word_1_950' title='bbox 3033 5234 3148 5306; x_wconf 67' lang='grc' dir='ltr'>τὴν</span> <span class='ocrx_word' id='word_1_951' title='bbox 3163 5238 3288 5308; x_wconf 84' lang='grc' dir='ltr'>γῆν.</span> 
     </span>
    </p>
   </div>
   <div class='ocr_carea' id='block_1_114' title="bbox 2156 5254 3673 5388">
    <p class='ocr_par' dir='ltr' id='par_1_114' title="bbox 2156 5254 3673 5388">
     <span class='ocr_line' id='line_1_117' title="bbox 2156 5254 3288 5361; baseline 0.003 -72"><span class='ocrx_word' id='word_1_952' title='bbox 2156 5254 2448 5361; x_wconf 62' lang='grc' dir='ltr'>ιοοομτὲσεν,</span> <span class='ocrx_word' id='word_1_953' title='bbox 2477 5254 2643 5307; x_wconf 86' lang='grc' dir='ltr'>ηγουν</span> <span class='ocrx_word' id='word_1_954' title='bbox 2677 5254 3006 5308; x_wconf 71' lang='grc' dir='ltr'>εσεμελιωσε</span> <span class='ocrx_word' id='word_1_955' title='bbox 3033 5254 3134 5306; x_wconf 87' lang='grc' dir='ltr'><strong>την</strong></span> <span class='ocrx_word' id='word_1_956' title='bbox 3163 5254 3288 5308; x_wconf 87' lang='grc' dir='ltr'>γην.</span> 
     </span>
     <span class='ocr_line' id='line_1_118' title="bbox 2156 5305 3673 5388; baseline 0.005 -31"><span class='ocrx_word' id='word_1_957' title='bbox 2156 5306 2268 5388; x_wconf 84' lang='grc'>(75)</span> <span class='ocrx_word' id='word_1_958' title='bbox 2353 5308 2658 5388; x_wconf 44' lang='lat' dir='ltr'><strong>ic_l{.e_g..1,</strong></span> <span class='ocrx_word' id='word_1_959' title='bbox 2705 5305 3175 5388; x_wconf 56' lang='lat' dir='ltr'><strong>Segue£._A_nglic.</strong></span> <span class='ocrx_word' id='word_1_960' title='bbox 3204 5320 3371 5388; x_wconf 74' lang='lat' dir='ltr'><strong>atque</strong></span> <span class='ocrx_word' id='word_1_961' title='bbox 3414 5308 3491 5362; x_wconf 89' lang='lat' dir='ltr'><strong>ita</strong></span> <span class='ocrx_word' id='word_1_962' title='bbox 3530 5308 3673 5380; x_wconf 79' lang='lat' dir='ltr'><strong>legit</strong></span> 
     </span>
    </p>
   </div>
   <div class='ocr_carea' id='block_1_115' title="bbox 2082 5375 3672 5460">
    <p class='ocr_par' dir='ltr' id='par_1_115' title="bbox 2082 5375 3672 5460">
     <span class='ocr_line' id='line_1_119' title="bbox 2082 5375 3672 5460; baseline 0.001 -29"><span class='ocrx_word' id='word_1_963' title='bbox 2082 5375 2353 5460; x_wconf 51' lang='lat' dir='ltr'><strong>Nannius:</strong></span> <span class='ocrx_word' id='word_1_964' title='bbox 2383 5375 2747 5460; x_wconf 42' lang='lat' dir='ltr'><strong>Qoble‘r‘ianﬂs</strong></span> <span class='ocrx_word' id='word_1_965' title='bbox 2780 5375 3218 5460; x_wconf 42' lang='lat' dir='ltr'><strong>et‘Felclimanni</strong></span> <span class='ocrx_word' id='word_1_966' title='bbox 3263 5375 3496 5460; x_wconf 58' lang='lat' dir='ltr'><strong>primus,</strong></span> <span class='ocrx_word' id='word_1_967' title='bbox 3525 5375 3672 5450; x_wconf 69' lang='grc' dir='ltr'>φρο-</span> 
     </span>
    </p>
   </div>
   <div class='ocr_carea' id='block_1_116' title="bbox 2087 5446 3676 5589">
    <p class='ocr_par' dir='ltr' id='par_1_116' title="bbox 2087 5446 3676 5589">
     <span class='ocr_line' id='line_1_120' title="bbox 2088 5446 3676 5530; baseline 0.003 -30"><span class='ocrx_word' id='word_1_968' title='bbox 2088 5450 2265 5520; x_wconf 87' lang='grc' dir='ltr'>νήσει.</span> <span class='ocrx_word' id='word_1_969' title='bbox 2299 5448 2410 5501; x_wconf 74' lang='grc' dir='ltr'><strong>Καὶ</strong></span> <span class='ocrx_word' id='word_1_970' title='bbox 2437 5446 2621 5514; x_wconf 71' lang='grc' dir='ltr'>Δαϐὶδ,</span> <span class='ocrx_word' id='word_1_971' title='bbox 2667 5447 2758 5517; x_wconf 85' lang='grc' dir='ltr'><strong>Τῷ</strong></span> <span class='ocrx_word' id='word_1_972' title='bbox 2788 5448 2965 5530; x_wconf 62' lang='grc' dir='ltr'>Λόγῳ.</span> <span class='ocrx_word' id='word_1_973' title='bbox 3001 5448 3104 5500; x_wconf 87' lang='lat' dir='ltr'><strong>Alii</strong></span> <span class='ocrx_word' id='word_1_974' title='bbox 3134 5457 3189 5503; x_wconf 80' lang='lat' dir='ltr'><strong>et</strong></span> <span class='ocrx_word' id='word_1_975' title='bbox 3213 5446 3381 5529; x_wconf 58' lang='lat' dir='ltr'><strong>editio</strong></span> <span class='ocrx_word' id='word_1_976' title='bbox 3407 5446 3676 5505; x_wconf 59' lang='lat' dir='ltr'><strong>Comite-</strong></span> 
     </span>
     <span class='ocr_line' id='line_1_121' title="bbox 2087 5517 3541 5589; baseline -0.003 -16"><span class='ocrx_word' id='word_1_977' title='bbox 2087 5519 2622 5589; x_wconf 62' lang='lat' dir='ltr'><strong>liniana,_tppovﬂcret,</strong></span> <span class='ocrx_word' id='word_1_978' title='bbox 2647 5517 2818 5581; x_wconf 79' lang='grc' dir='ltr'>οὕτως</span> <span class='ocrx_word' id='word_1_979' title='bbox 2853 5517 3214 5589; x_wconf 51' lang='grc' dir='ltr'>εν-Ψαλμοίς,</span> <span class='ocrx_word' id='word_1_980' title='bbox 3243 5520 3332 5587; x_wconf 82' lang='grc' dir='ltr'><strong>Τῳ</strong></span> <span class='ocrx_word' id='word_1_981' title='bbox 3358 5518 3541 5589; x_wconf 75' lang='grc' dir='ltr'>Λόγῳ,</span> 
     </span>
    </p>
   </div>
   <div class='ocr_carea' id='block_1_117' title="bbox 2161 5586 3671 5668">
    <p class='ocr_par' dir='ltr' id='par_1_117' title="bbox 2161 5586 3671 5668">
     <span class='ocr_line' id='line_1_122' title="bbox 2161 5586 3671 5668; baseline 0.003 -29"><span class='ocrx_word' id='word_1_982' title='bbox 2161 5588 2272 5668; x_wconf 76' lang='grc' dir='ltr'>(Ἰβ)</span> <span class='ocrx_word' id='word_1_983' title='bbox 2314 5586 2405 5668; x_wconf 71' lang='lat' dir='ltr'><strong>Sic</strong></span> <span class='ocrx_word' id='word_1_984' title='bbox 2440 5586 2651 5668; x_wconf 78' lang='lat' dir='ltr'><strong>primus</strong></span> <span class='ocrx_word' id='word_1_985' title='bbox 2701 5589 2868 5668; x_wconf 70' lang='lat' dir='ltr'><strong>codex</strong></span> <span class='ocrx_word' id='word_1_986' title='bbox 2914 5586 3313 5668; x_wconf 32' lang='lat' dir='ltr'><strong>Rega’Segue&#39;rA.</strong></span> <span class='ocrx_word' id='word_1_987' title='bbox 3345 5586 3579 5668; x_wconf 51' lang='lat' dir='ltr'><strong>Gobler;</strong></span> <span class='ocrx_word' id='word_1_988' title='bbox 3607 5597 3671 5644; x_wconf 74' lang='lat' dir='ltr'><strong>et</strong></span> 
     </span>
    </p>
   </div>
   <div class='ocr_carea' id='block_1_118' title="bbox 2088 5657 3672 5731">
    <p class='ocr_par' dir='ltr' id='par_1_118' title="bbox 2088 5657 3672 5731">
     <span class='ocr_line' id='line_1_123' title="bbox 2088 5657 3672 5731; baseline -0.001 -15"><span class='ocrx_word' id='word_1_989' title='bbox 2088 5657 2328 5718; x_wconf 77' lang='lat' dir='ltr'><strong>Felckm.</strong></span> <span class='ocrx_word' id='word_1_990' title='bbox 2360 5660 2412 5714; x_wconf 89' lang='grc'><strong>1.</strong></span> <span class='ocrx_word' id='word_1_991' title='bbox 2441 5657 2512 5715; x_wconf 67' lang='lat' dir='ltr'><strong>At</strong></span> <span class='ocrx_word' id='word_1_992' title='bbox 2552 5659 2730 5715; x_wconf 66' lang='lat' dir='ltr'><strong>caeteri</strong></span> <span class='ocrx_word' id='word_1_993' title='bbox 2772 5669 2827 5713; x_wconf 85' lang='lat' dir='ltr'><strong>et</strong></span> <span class='ocrx_word' id='word_1_994' title='bbox 2864 5659 3013 5725; x_wconf 81' lang='lat' dir='ltr'><strong>editi,</strong></span> <span class='ocrx_word' id='word_1_995' title='bbox 3047 5657 3489 5731; x_wconf 79' lang='grc' dir='ltr'>ἐστερεώθησαν·</span> <span class='ocrx_word' id='word_1_996' title='bbox 3521 5658 3672 5714; x_wconf 74' lang='grc' dir='ltr'>οὕτω</span> 
     </span>
    </p>
   </div>
  </div>
