3834 6220
191 336 294 392 461
1289 338 1549 396 ORATIO
1587 339 1655 394 ΙΙΙ
1693 340 2334 404 (ΖΟΝΤΒΛἈΒΙΑΝΟΒ.

3349 362 3456 417 £6!

191 460 378 525 στολος
409 461 608 533 γράφει
634 461 1084 516 Θεσσαλονικεῦσι
1100 479 1114 493 ⁸
1139 463 1209 517 Τὸ
1233 462 1463 534 θέλημα
1486 465 1595 521 τοῦ
1626 465 1752 520 Θεοί

1877 466 2094 522 Domini
2126 470 2368 540 ﬁrmatos
2393 489 2502 528 esse
2529 475 2571 507 "
2601 474 2821 532 dicitur.
2856 475 3113 550 Ut-‘porro
3136 479 3313 538 Verbo
3333 487 3458 542 οωΙί

189 552 260 605 ὲν
285 550 520 619 Χριστῷ
552 552 748 620 Ἰησοῦ
775 553 967 606 ἐστιν.
986 552 1045 606 Ὅ
1060 552 1170 624 ἄρα
1184 551 1278 606 τοῦ
1301 553 1436 608 Θεοῦ
1455 555 1748 619 Υἱὸς-,αὑτό

1881 558 2082 614 ﬁrmati
2130 571 2278 629 sunt,
2315 563 2395 618 sic
2425 579 2766 636 quaecunque
2812 567 2985 622 voluit
3024 568 3158 625 fecit
3184 571 3249 638 ‘3,
3291 584 3345 628 et
3398 584 3460 630 ut

189 647 337 697 ἐστιν
356 646 386 698 6
406 645 578 714 Λόγος
595 645 687 697 καὶ
707 647 739 715 ἡ
768 644 949 713 σοφία,
965 644 1127 709 αὐτὸς
1143 646 1176 716 ή
1195 646 1455 717 φρόνησις
1470 647 1562 700 καὶ
1581 648 1614 718 ή
1630 646 1752 712 ζῶσε

1879 647 2172 719 Apostolus
2198 653 2267 706 ad
2286 651 2802 710 Thessalonicenses
2825 657 3036 723 scribit,
3077 658 3332 716 Voluntas
3355 662 3458 718 Dei

191 733 395 806 βουλή·
436 735 530 788 καὶ
582 737 640 789 ἐν
683 734 832 807 αὐτῷ
869 735 930 788 τὸ
982 734 1192 808 θέλημα
1215 736 1310 789 τοῦ
1347 737 1557 806 Πατρός
1607 739 1752 792 ἐστιν

1878 739 1935 792 in
1961 739 2172 796 Christo
2198 741 2328 797 Jesu
2357 753 2434 798 est
2463 746 2524 800 ³³.
2555 746 2727 817 Igitur
2752 746 2848 803 Dei
2879 748 3052 806 Filius
3080 751 3196 822 ipse
3217 761 3301 808 est
3323 752 3458 811 Ver-

185 825 353 889 αὐτὸς
393 825 643 895 ἀλήθεια,
683 825 777 879 καὶ
830 825 967 895 φῶς,
1025 828 1122 880 καὶ
1166 826 1394 898 δύναμις
1426 829 1520 880 τοῦ
1559 827 1752 900 Πατρὰ

1877 830 2008 886 bum
2039 841 2094 888 et
2121 835 2408 904 sapientia,
2438 837 2558 907 ipse
2594 839 2881 908 prudentia
2911 851 2967 896 et
2999 844 3185 900 vivens
3210 854 3296 901 est
3319 862 3457 902 con-

185 918 352 971 ἐστιν.
418 918 481 970 Εἰ
526 919 582 971 δὲ
633 920 666 988 ἡ
732 917 985 989 βούλησις
1019 917 1114 972 τοῦ
1171 918 1411 990 Θεοῦ,ή
1459 919 1620 989 σοφία
1658 922 1752 973 ὲστ

1876 922 2082 992 silium,
2113 934 2276 996 atque
2317 928 2373 982 in
2406 943 2471 983 eo
2504 930 2756 987 voluntas
2789 931 2968 989 Pat‘ris
3006 946 3110 992 est.
3155 939 3278 1007 Ipse
3313 941 3459 996 veri-

184 1011 280 1064 καὶ
320 1012 352 1081 ή
384 1011 670 1081 φρόνησις,
695 1011 724 1062 6
750 1011 805 1064 δὲ
838 1010 966 1074 Υἱός
1004 1013 1150 1064 ἐστιν
1179 1012 1212 1082 ἡ
1243 1013 1434 1079 σοφία·
1471 1013 1500 1064 ὁ
1534 1011 1643 1083 ἄρα
1681 1010 1774 1063 λέ-

183 1118 298 1169 γων
325 1101 442 1172 (77)
480 1101 733 1173 βουλήσει
759 1101 849 1155 τὸν
878 1102 1007 1155 Υἱὸν
1037 1102 1150 1155 ἴσον
1178 1101 1422 1173 λέγειτῷ
1448 1101 1547 1174 τὴν
1570 1101 1772 1172 Σοφίαν

184 1196 240 1246 ὲν
259 1194 434 1265 Σοφίᾳ
449 1195 753 1262 γεγονέναι,
774 1195 868 1248 καὶ
905 1193 996 1246 τὸν
1029 1193 1156 1246 Υἱὸν
1187 1195 1245 1246 ἐν
1275 1193 1390 1264 Υἱῷ
1419 1193 1771 1264 πεποιῆσθαι,

186 1285 386 1338 aut-.615:
413 1286 506 1338 τοῦ
528 1286 701 1354 Λόγου
731 1286 823 1339 τὸν
839 1286 1010 1354 Λόγον
1027 1286 1296 1340 ἐκτίσθαι.
1325 1285 1493 1340 Τοῦτο
1507 1287 1672 1340 δὲκαὶ
1690 1287 1769 1358 τῷ

178 1378 300 1446 Θεῷ
333 1379 588 1448 μάχεται,
617 1379 713 1432 καὶ
743 1382 861 1442 ταῖς
887 1381 1018 1449 παρ’
1036 1377 1198 1431 αὑτοῦ
1217 1379 1327 1450 (78)
1349 1379 1592 1450 Γραφαῖς
1611 1379 1770 1432 ὲναν-

177 1468 392 1521 τιοῦται
417 1485 430 1498 ·
468 1469 563 1520 καὶ
606 1468 716 1538 γὰρ
771 1469 865 1521 καὶ
907 1471 935 1522 6
972 1469 1291 1531 Ἀπόστολος
1316 1469 1375 1521 οὐ
1425 1468 1765 1540 βουλήσεως,

178 1560 318 1614 ἀλλὰ
357 1561 532 1630 αὐτῆς
560 1562 660 1631 τῆς
687 1561 958 1631 πατρικῆς
992 1561 1102 1632 (79)
1133 1561 1321 1624 οὐσίας
1360 1561 1488 1614 ἴδιον
1514 1561 1768 1630 ἀπαύγα-

179 1672 295 1725 σμα
324 1656 420 1708 καὶ
443 1655 772 1726 χαρακτῆρα
799 1655 888 1708 τὸν
921 1655 1048 1708 Υἱὸν
1072 1653 1352 1726 κηρύττει,
1402 1653 1576 1723 λέγων
1595 1671 1610 1688 ο
1663 1657 1768 1720 Ὃς

173 1747 264 1800 ὢν
289 1748 663 1816 ἀπαύγασμα
692 1746 801 1815 τῆς
829 1746 1018 1816 δόξης
1032 1747 1132 1801 καὶ
1156 1746 1461 1816 χαρακτὴρ
1490 1746 1600 1815 τῆς
1619 1749 1767 1802 ὑπο-

1877 1020 1980 1079 tas,
2011 1014 2104 1070 lux
2133 1025 2188 1070 et
2217 1017 2388 1074 virtus
2425 1028 2510 1074 est
2548 1018 2746 1077 Patris.
2795 1022 2953 1090 Quod
2985 1027 3033 1080 si
3071 1029 3325 1086 voluntas
3359 1032 3456 1088 Dei

1873 1113 1959 1161 est
1985 1108 2250 1177 sapientia
2281 1120 2335 1166 et
2356 1112 2664 1181 prudentia,
2698 1115 2743 1170 si
2773 1116 2903 1171 item
2925 1117 3098 1175 Filius
3129 1122 3246 1190 ipsa
3281 1125 3352 1179 sit
3371 1140 3456 1180 sa-

1871 1196 2114 1265 pientia:
2148 1200 2312 1271 igitur
2357 1204 2453 1272 qui
2499 1206 2776 1262 contendit
2808 1206 3008 1264 Filium
3055 1213 3330 1271 voluntate
3371 1216 3455 1272 fa-

1872 1297 2017 1342 ctum
2045 1305 2188 1355 esse,
2224 1292 2366 1348 idem
2396 1297 2621 1352 omnino
2668 1306 2753 1354 est
2792 1316 2856 1356 ac
2899 1303 2946 1357 si
2980 1303 3187 1359 diceret
3223 1305 3454 1377 Sapien-

1871 1379 2000 1434 tiam
2045 1381 2101 1434 in
2154 1381 2431 1453 Sapientia
2473 1386 2673 1443 factam
2719 1405 2860 1456 esse,
2901 1401 2955 1447 et
2993 1392 3190 1450 Filium
3221 1397 3275 1451 in
3317 1396 3454 1455 Filio

1869 1486 1990 1528 esse
2036 1473 2308 1543 eﬂectum,
2366 1493 2430 1532 ac
2476 1478 2716 1535 Verbum
2767 1498 2865 1553 per
2917 1485 3152 1542 Verbum
3210 1502 3453 1547 creatum

1868 1580 2020 1629 esse;
2072 1582 2195 1634 quae
2245 1569 2433 1639 utique
2479 1571 2592 1628 Deo
2637 1575 2946 1647 divinisque
2989 1579 3108 1649 ejus
3157 1578 3454 1652 Scripturis

1868 1658 2104 1714 maxime
2134 1675 2456 1730 repugnant.
2481 1664 2772 1723 Enimvero
2796 1670 3094 1739 Apostolus
3122 1672 3318 1729 Filium
3343 1692 3452 1731 non

1868 1749 2190 1818 voluntatis,
2227 1754 2321 1808 sed
2349 1756 2631 1824 proprium
2667 1767 2906 1827 paternae
2953 1770 3164 1817 naturae
3208 1766 3454 1833 splendo-

173 1838 457 1904 στάσεως
491 1838 699 1893 αὑτοῦ.
735 1839 799 1891 Et
837 1839 915 1902 δὲ,
941 1839 1018 1903 ὡς
1053 1840 1466 1910 προειρήκαμεν
1510 1839 1661 1910 (80),
1701 1841 1752 1892 ἐν

1869 1857 1986 1897 rem
2013 1853 2066 1898 et
2093 1844 2321 1914 ﬁguram
2353 1862 2473 1902 esse
2512 1848 2599 1903 his
2636 1851 2820 1906 verbis
2845 1852 3103 1920 praedicat
3138 1872 3152 1907 :
3203 1855 3310 1920 Qui
3334 1874 3455 1910 cum

175 1929 491 2002 βουλήσεως
514 1931 612 1983 οὐκ
641 1930 787 1983 ἔστιν
814 1933 846 2001 ἡ
870 1931 1108 2003 πατρική
1132 1930 1290 1984 οὐσία
1320 1931 1413 1984 καὶ
1443 1930 1762 1998 ὑπόστασις,

171 2022 422 2092 εὔδηλον,
444 2023 522 2086 ὡς
545 2022 669 2076 οὒτε
690 2023 749 2076 τὸ
777 2024 904 2076 ἴδιον
918 2023 1019 2094 τῆς
1041 2024 1312 2095 πατρικῆς
1334 2023 1683 2088 ὑποστάσεως
1701 2025 1766 2078 ἐκ

174 2115 486 2188 βουλήσεως
517 2115 580 2169 ἂν
608 2116 714 2187 εἴη.
733 2116 922 2169 Ὁποία
949 2117 1056 2188 γὰρ
1141 2117 1233 2170 καὶ
1263 2116 1338 2179 ὡς
1355 2115 1449 2169 ἐὰν
1531 2117 1564 2187 ἡ
1591 2132 1766 2186 μακα-

173 2208 269 2278 ρία
303 2207 416 2278 (81)
440 2208 625 2279 ἐκείνη
654 2208 971 2271 ὑπόστασις,
1011 2207 1253 2261 τοιοῦτον
1294 2207 1388 2260 καὶ
1429 2206 1602 2270 οὕτως
1630 2203 1771 2261 εἶναι

171 2300 267 2351 καὶ
289 2299 350 2351 τὸ
368 2299 500 2352 ἴδιον
537 2299 598 2363 ἐξ
644 2299 812 2370 αὐτῆς
858 2297 1104 2369 γέννημα
1126 2298 1224 2352 δεῖ,
1251 2299 1363 2352 Καὶ
1387 2299 1549 2362 αὐτὸς
1578 2298 1708 2367 γοῦν
1739 2297 1768 2350 6

167 2391 328 2462 Ila-ti;
337 2409 369 2462 ρ
386 2392 486 2445 οὐκ
506 2387 658 2446 εἶπεν
675 2411 687 2422 ·
713 2386 879 2456 Οὗτός
905 2395 1050 2444 ἐστιν
1071 2394 1098 2444 6
1119 2391 1368 2463 βουλήσει
1399 2409 1499 2462 μου
1529 2390 1768 2460 γεγονὼς

167 2483 324 2546 Υἱὸς,
347 2483 598 2548 οὐδὲ,⁶¹ον
627 2485 747 2536 κατ’
769 2483 1015 2536 εὐδοκίαν
1044 2483 1201 2554 ἔσχον
1235 2483 1384 2536 Υῐὸν·
1413 2482 1527 2537 ἀλλ’
1560 2483 1764 2548 ἅπλῶς,

179 2576 237 2628 Ὀ
263 2577 397 2642 Υἱός
421 2595 541 2645 μου
573 2577 707 2646 (82),
736 2577 826 2630 καὶ
851 2577 1070 2648 μᾶλλον,
1089 2578 1191 2630 Ἐν
1214 2568 1263 2642 ᾧ
1281 2575 1601 2645 ηὐδόκησα
1618 2593 1632 2606 ο
1663 2577 1765 2630 δει-

168 2666 308 2729 κνὺς
346 2668 413 2719 ἐκ
445 2667 670 2730 τούτων,
694 2669 796 2732 ὅτι,
821 2667 984 2721 Φύσει
1014 2667 1110 2738 μὲν
1138 2660 1290 2730 οὗτός
1341 2668 1490 2720 ἐστιν
1515 2667 1663 2733 Υἱὸς,
1701 2668 1760 2720 ὲν

167 2758 324 2829 αὐτῷ
343 2759 402 2811 δὲ
441 2760 692 2830 τῶν-ἐμοὶ
717 2760 1026 2828 ιδοκούντων
1068 2762 1101 2831 ἡ
1144 2760 1396 2831 βούλησις
1424 2760 1734 2815 ἀπόκειται.

1871 1934 1942 1988 sit
1979 1935 2228 2004 splendor
2257 1937 2443 2006 gloria!
2482 1947 2532 1992 et
2577 1941 2752 2010 ﬁgura
2799 1943 3107 1999 substantia
3143 1946 3255 2015 ejus
3286 1949 3352 2002 ¹⁰.
3392 1934 3453 2004 Si

1872 2040 2023 2096 ergo,
2059 2035 2119 2080 ut
2151 2043 2316 2096 supra
2339 2029 2601 2096 diximus,
2638 2041 2866 2101 paterna
2895 2043 3090 2090 natura
3117 2047 3170 2092 et
3203 2039 3453 2095 substan-

1872 2124 1948 2173 tia
1983 2134 2046 2172 ex
2089 2121 2364 2175 voluntate
2396 2137 2504 2177 non
2538 2133 2644 2190 est,
2672 2125 2846 2195 liquet
2873 2143 3052 2198 neque
3077 2130 3150 2194 id,
3181 2133 3327 2201 quod
3353 2148 3452 2203 pa-

1871 2217 2039 2266 ternae
2081 2213 2400 2268 substantiae
2440 2217 2719 2285 preprium
2763 2231 2882 2283 est,
2913 2237 2980 2275 ex
3015 2223 3297 2281 voluntate
3328 2241 3451 2282 esse

1869 2317 2051 2371 posse.
2101 2303 2380 2374 Siquidem
2422 2308 2601 2376 qualis
2643 2310 3019 2379 cujusvemodi
3079 2313 3242 2370 fuerit
3289 2317 3448 2374 beata

1869 2393 1959 2448 illa
1981 2403 2199 2462 natura,
2225 2398 2388 2452 talem
2417 2408 2470 2453 et
2498 2399 2768 2469 ejusmodi
2799 2419 3019 2460 necesse
3055 2417 3139 2461 est
3167 2423 3289 2462 esse
3319 2425 3450 2478 pro-

1868 2487 2049 2554 prium
2080 2503 2146 2541 ex
2178 2488 2296 2557 ipsa
2330 2499 2510 2544 ortum
2540 2490 2734 2548 fetum.
2768 2492 2906 2549 Hinc
2937 2495 3098 2552 Pater
3126 2514 3236 2553 non
3271 2501 3444 2557 dixit:
3472 2550 3476 2554 .

1869 2575 1969 2632 Hic
2014 2587 2097 2632 est
2132 2581 2410 2635 voluntate
2442 2597 2562 2637 mea
2601 2583 2776 2640 factus
2803 2585 2995 2652 Filius,
3033 2606 3238 2660 neque,
3273 2591 3447 2659 Quem

1867 2685 1993 2725 meo
2024 2671 2253 2726 arbitrio
2286 2673 2450 2726 habui
2494 2672 2715 2743 Filium,
2750 2678 2842 2732 sed
2885 2681 3222 2748 simpliciter,
3266 2681 3445 2736 Filius

1865 2776 2032 2823 meus,
2078 2770 2132 2816 et
2174 2761 2376 2829 potius,
2409 2761 2474 2816 In
2505 2779 2604 2832 quo
2633 2767 2762 2818 mihi
2795 2768 3088 2836 complacui
3109 2772 3186 2834 ²¹;
3212 2788 3446 2841 quorum

165 2853 394 2924 quidem
424 2854 717 2912 verborum
751 2854 1074 2923 signiﬁcatio
1110 2852 1383 2924 ejusmodi
1428 2862 1513 2910 est
1557 2871 1571 2908 :
1612 2850 1711 2908 Hic
1746 2856 1834 2908 est
1871 2861 2067 2909 natura
2111 2853 2303 2922 Filius,
2345 2856 2400 2910 in
2439 2873 2550 2928 quo
2596 2861 2840 2915 omnium
2885 2878 3007 2932 quae
3047 2866 3181 2920 mihi
3234 2867 3447 2935 placent;

165 2950 430 3002 voluntas
458 2950 698 3018 reposita
723 2959 825 3004 est.

242 3040 333 3094 66.
362 3035 490 3112 'Ap‘
515 3036 606 3094 οὖν
628 3041 747 3093 ἐπεὶ
776 3041 936 3111 φύσει
959 3043 1053 3096 καὶ
1085 3042 1158 3114 μὴ
1185 3041 1580 3115 ἐκῖβουλήσεώς
1609 3044 1752 3098 ἐστιν

1933 3037 2023 3093 66.
2056 3035 2198 3092 Num
2228 3054 2380 3110 ergo,
2411 3038 2541 3110 quia
2575 3055 2642 3095 ex
2674 3051 2867 3098 natura
2897 3059 3002 3100 non
3035 3055 3218 3102 autem
3251 3064 3316 3104 ex
3345 3067 3446 3104 vo-

162 3134 195 3184 6
223 3133 374 3196 Υἱὸς,
411 3132 513 3202 ήδη
539 3134 631 3186 καὶ
653 3133 911 3205 ἀθέλητός
935 3136 1052 3187 ἐστι
1085 3134 1161 3205 τῷ
1192 3135 1386 3206 Πατρὶ,
1419 3135 1514 3188 καὶ
1538 3134 1613 3206 μὴ
1639 3134 1760 3205 βου-

163 3223 401 3293 λομένου
429 3222 523 3275 τοῦ
556 3225 768 3295 Πατρός
784 3227 931 3278 ἐστιν
947 3227 974 3278 6
997 3225 1155 3291 Υἱός;
1179 3225 1474 3297 Οὑμενοῦν·
1497 3226 1632 3280 ἀλλὰ
1664 3227 1758 3280 καὶ

163 3314 461 3386 θελόμενός
490 3316 639 3368 ἐστιν
669 3315 777 3386 (85)
805 3318 832 3369 6
850 3316 979 3380 Υίὸς
997 3317 1146 3388 παρὰ
1171 3315 1264 3369 τοῦ
1283 3317 1518 3387 Πατρὸς,
1542 3317 1657 3380 καὶ,
1681 3316 1757 3380 ὠς

163 3408 336 3470 αὐτός
371 3424 557 3478 φησιν,
575 3407 637 3460 '0
660 3406 862 3477 Πατὴρ
884 3408 1052 3476 φιλεῖ
1087 3409 1192 3461 τὸν
1247 3409 1403 3471 Υἱὸν,
1432 3409 1530 3462 καὶ
1559 3408 1756 3462 πάντα

165 3498 492 3551 δείκνυσιν
509 3495 687 3562 αὐτῷ.
707 3497 793 3560 Ὠς
810 3496 918 3568 γὰρ
932 3498 993 3550 τὸ
1009 3493 1148 3550 εἶναι
1190 3497 1300 3569 (84)
1345 3497 1546 3566 ἀγαθὸς
1566 3498 1665 3551 οὐκ
1692 3499 1758 3551 ἐκ

167 3588 484 3659 βουλήσεως
509 3588 607 3658 μὲν
641 3587 862 3659 ἦρξατο,
896 3587 955 3640 οὐ
989 3588 1094 3659 μὴν
1119 3587 1430 3659 ἀϐουλήτως
1449 3588 1542 3641 καὶ
1560 3587 1756 3658 ἀθελή-

167 3697 286 3741 τως
310 3679 460 3730 ἐστὶν
489 3677 713 3746 ἀγαθός’
735 3678 764 3730 ὃ
783 3679 889 3750 γάρ
920 3679 1228 3742 ἐστι,τοῦτο
1257 3679 1350 3733 καὶ
1366 3679 1588 3749 θελητόν
1611 3681 1757 3732 ἐστιν

166 3770 324 3840 αὐτῷ
345 3787 358 3800 ’
376 3769 519 3822 οὑτω
547 3771 640 3822 καὶ
661 3771 724 3823 τὸ
744 3769 881 3824 εἶναι
904 3771 995 3824 τὸν
1023 3771 1175 3836 Υἰὸν,
1201 3772 1249 3824 εί
1270 3772 1361 3825 καὶ
1389 3771 1463 3842 μὴ
1490 3774 1553 3825 ὲκ
1573 3771 1756 3844 βουλή-

166 3879 310 3923 σεως
341 3860 566 3933 ἤρξατο,
593 3861 706 3915 ἀλλ’
728 3863 826 3915 οὐκ
851 3863 1107 3933 ἁθέλητον
1125 3903 1138 3924 ,
1178 3864 1297 3917 οὐδὲ
1345 3864 1498 3936 παρὰ
1529 3864 1754 3936 γνώμην

165 3955 322 4006 ἔστιν
343 3951 512 4023 αὐτῷ.
546 3953 755 4024 Ὥσπερ
779 3957 887 4025 γὰρ
928 3955 1026 4025 τῆς
1075 3954 1210 4018 ἰδίας
1243 3955 1592 4018 ὑποστάσεως
1637 3959 1754 4008 ἐστι

166 4045 425 4117 θελητὴς,
461 4043 605 4098 οὕτω
637 4047 729 4099 καὶ
757 4049 784 4100 6
805 4047 952 4111 Υἱὸς,
972 4048 1102 4111 ἴδιος
1129 4047 1202 4100 ὢν
1227 4047 1394 4102 αὐτοῦ
1426 4049 1524 4118 τῆς
1543 4048 1749 4114 οὐσίας,

161 4138 268 4189 οὐκ
299 4135 563 4208 ἁθέλήτός
595 4138 744 4190 ἐστιν
773 4137 939 4208 αὐτῷ.
969 4138 1218 4191 Θελέσθω
1243 4139 1338 4192 καὶ
1371 4137 1631 4208 φιλείσθω
1652 4140 1755 4192 τοί-

163 4246 262 4282 νυν
291 4229 322 4280 ὀ
356 4228 484 4292 Υἱὸς
508 4228 660 4300 παρὰ
682 4229 776 4282 τοὺ
805 4230 1048 4302 Πατρός·
1075 4231 1172 4284 καὶ
1200 4229 1340 4283 οὕτω
1371 4229 1434 4283 τὸ
1455 4229 1630 4284 θέλειν
1657 4231 1754 4284 καὶ

1859 3130 2070 3184 luntate
2111 3130 2183 3184 sit
2212 3129 2405 3196 Filius,
2443 3141 2640 3200 praeter
2681 3134 3016 3190 voluntatem
3049 3135 3227 3194 Patris
3261 3149 3316 3195 et
3343 3157 3447 3195 no-

1861 3220 2004 3275 lente
2051 3219 2214 3274 Patre
2263 3229 2349 3276 est
2389 3219 2596 3277 Filius?
2637 3222 2862 3280 Minime
2910 3242 3059 3283 vero.
3112 3228 3215 3284 Sed
3259 3234 3443 3300 potius

1859 3310 2021 3366 Pater
2052 3313 2168 3366 vult
2201 3311 2400 3365 Filium
2425 3352 2442 3379 ,
2484 3321 2668 3382 atque,
2723 3321 2782 3367 ut
2823 3316 2938 3384 ipse
2978 3317 3242 3387 loquitur,
3277 3322 3445 3376 Pater

1858 3403 2034 3473 diligit
2057 3401 2284 3466 Filium,
2315 3411 2367 3456 et
2399 3403 2578 3456 omnia
2607 3406 2834 3458 ostendit
2860 3407 2944 3460 illi
2965 3409 3030 3462 ²³.
3063 3409 3133 3464 Ut
3158 3413 3302 3466 enim
3331 3431 3442 3473 non

1861 3511 1925 3550 ex
1960 3495 2240 3550 voluntate
2289 3494 2466 3572 bonus
2505 3510 2625 3551 esse
2657 3497 2845 3565 coepit,
2890 3515 2990 3554 nec
3027 3512 3205 3557 tamen
3250 3517 3440 3564 contra

1863 3594 2098 3641 mentem
2133 3595 2187 3640 et
2219 3586 2545 3640 sententiam
2579 3595 2664 3641 est
2689 3587 2898 3657 bonus;
2933 3607 3170 3662 namque
3197 3595 3302 3651 hoc
3325 3600 3442 3668 ipse

1861 3679 1978 3732 vult
2021 3675 2164 3748 quod
2212 3688 2336 3732 est:
2373 3678 2449 3732 ita
2482 3678 2610 3733 licet
2652 3678 2828 3736 Filius
2879 3697 2948 3737 ex
2989 3686 3270 3744 voluntate
3316 3707 3442 3747 esse

1861 3791 1969 3830 non
2028 3773 2322 3843 inceperit,
2370 3789 2479 3828 non
2535 3784 2716 3830 tamen
2765 3787 2959 3846 praeter
3006 3783 3340 3840 voluntatem
3386 3796 3441 3843 et

1860 3876 2095 3922 mentem
2124 3864 2302 3920 Patris
2331 3875 2432 3920 est.
2463 3863 2598 3920 Nam
2631 3871 3094 3936 quemadmodum
3136 3891 3286 3930 suam
3324 3879 3441 3933 vult

1860 3959 1978 4028 ipse
2013 3958 2396 4024 substantiam,
2437 3960 2517 4016 sic
2560 3976 2684 4014 cum
2725 3961 2896 4020 Filius
2929 3968 3182 4036 proprius
3216 3971 3286 4025 sit
3317 3971 3439 4041 ejus

1861 4063 2090 4115 natura,
2125 4064 2233 4104 non
2277 4059 2476 4120 prater
2528 4055 2861 4111 voluntatem
2913 4058 3032 4129 ejus
3075 4070 3180 4116 est.
3236 4063 3438 4122 Filium

1859 4157 1990 4211 ergo
2039 4141 2166 4195 velit
2215 4149 2268 4195 et
2308 4141 2496 4212 diligat
2523 4143 2716 4210 Pater,
2750 4163 2919 4218 eaque
2953 4153 3165 4208 ratione
3199 4155 3286 4224 pie
3314 4159 3439 4227 quis

1860 4233 2060 4303 cogitet
2081 4232 2252 4287 Deum
2286 4248 2392 4288 non
2421 4237 2583 4303 nolle,
2616 4240 2710 4294 sed
2740 4241 2891 4297 velle.
2925 4241 3133 4300 Etenim
3158 4247 3330 4306 Filius
3353 4267 3440 4306 ea-

241 4340 475 4435 "!Esal.
501 4356 676 4409 In",
708 4342 764 4397 6.
842 4343 886 4376 “
922 4342 1067 4399 Psal.
1102 4360 1325 4410 cxxxrv,
1359 4343 1414 4398 6.
1493 4344 1579 4398 "1
1615 4345 1864 4402 Thessal.
1888 4365 1941 4416 v,
1978 4349 2063 4405 18.
2141 4349 2187 4380 ³ο
2229 4347 2392 4403 Hebr.
2423 4367 2461 4415 1,
2499 4352 2552 4406 5.
2630 4354 2674 4385 ’ί
2715 4354 2904 4410 Matth.
2939 4373 3022 4423 ιη,
3046 4361 3130 4415 l7.
3207 4363 3432 4435 "Joan.

161 4427 249 4476 Ill,
282 4411 374 4465 55.

161 4519 1427 4617 :éﬁe_§9s:_!biflem_eesaemeruisse
1458 4522 1665 4617 Pii}???
1689 4535 1746 4617 ς)

1868 4525 1983 4617 alii
2001 4537 2073 4617 ei
2091 4531 2248 4617 Δεξᾶιίιί,
2276 4533 2336 4617 οὐ
2377 4533 2682 4617 ἐσυλήσεώς
2713 4539 3191 4617 ἐστικΜοχ-λιὶθε.
3225 4548 3275 4606 1.
3332 4549 3434 4605 Se-

164 4594 542 4664 Seguerianus
572 4593 834 4648 omittunt
870 4594 899 4645 6
931 4591 1154 4663 Κύριος,
1188 4594 1334 4660 quod
1375 4593 1430 4645 in
1460 4592 1580 4648 aliis
1606 4603 1659 4648 et
1689 4595 1745 4648 in

161 4663 333 4720 editis
356 4663 574 4720 legitur.

240 4681 333 4748 ILIS
358 4681 596 4750 regnum.
1537 4733 1548 4746 .

240 4735 356 4804 (a7)
398 4743 728 4811 bleprtmus
747 4732 918 4788 codex
952 4731 1108 4811 R_eg._
1133 4730 1356 4811 seguer.
1392 4733 1745 4811 Anglic._§o-

160 4805 306 4859 bler.
338 4803 393 4858 et
425 4803 666 4859 Felckm.
705 4805 758 4870 l,
792 4813 956 4872 atque
989 4805 1063 4857 ita
1094 4803 1224 4872 legit
1253 4803 1520 4860 Nannius.
1557 4805 1663 4858 Alii
1691 4815 1744 4860 et

161 4875 345 4946 editio
374 4873 834 4946 gommeliniana,
865 4875 968 4946 ὅρα
999 4874 1072 4946 μὴ
1109 4873 1138 4924 6
1170 4873 1366 4946 λέγων.

393 4943 527 5026 Reg.
556 4945 610 5026 1,
645 4943 869 5026 S_eguer.
900 4943 1092 5026 'iiasil.”
1109 4944 1442 5026 et_Angn|ic..,
1483 4947 1615 5026 ποιρῖ
1647 4947 1741 5000 αὑ-

160 5011 280 5086 τοῦ.
320 5011 513 5070 Caeteri
546 5024 600 5070 et
620 5011 774 5086 editi,
797 5015 927 5086 παρ’
955 5011 1123 5086 αὐτῷ.
1145 5012 1268 5086 Mox
1296 5011 1502 5086 Regius
1534 5011 1745 5085 primus

160 5097 218 5139 et
251 5085 644 5156 Seguerianus,
675 5085 772 5140 καὶ
817 5083 926 5156 γάρ
976 5085 1071 5138 καὶ
1116 5086 1145 5137 6
1174 5083 1512 5148 Ἀπόστολος.
1534 5083 1657 5142 Alii
1691 5096 1746 5144 et

158 5154 455 5225 θόίιὶζκαί
488 5157 762 5225 posterius
788 5154 1066 5209 omittunt.

235 5225 352 5296 (79)
392 5223 503 5296 ,Sic'
521 5225 721 5295 Regius
757 5228 964 5294 primus
991 5235 1044 5296 et
1075 5223 1460 5296 Seguerianus.
1480 5225 1549 5282 At
1575 5227 1668 5281 alii
1691 5237 1745 5283 et

161 5295 664 5367 θάίιὶ,τῆςούσίας
697 5296 796 5367 τῆς
822 5295 1117 5367 πατρικῆς.
1153 5295 1275 5352 Mox
1306 5297 1508 5366 Regius
1531 5299 1742 5366 primus

157 5377 212 5420 et
251 5366 649 5438 Seguerianus,
672 5366 764 5420 τὸν
803 5366 948 5420 Υίὸν
977 5367 1256 5438 κηρύττει.
1287 5367 1476 5422 Caeteri
1505 5377 1558 5422 et
1589 5370 1738 5436 editi,

157 5436 267 5490 τὸν’
371 5453 486 5508 ριον
514 5454 582 5508 κη
591 5437 795 5508 ρύττει.

231 5505 488 5580 (8θ)“5ἰο
515 5505 647 5580 nes.
672 5508 736 5580 _1,
775 5507 1000 5580 Seguer.
1043 5507 1263 5580 Gobler.
1302 5517 1364 5580 et
1413 5509 1652 5565 Felckm.
1687 5509 1735 5563 l.

157 5577 353 5650 Atlalii
383 5577 626 5650 etgediti’,
654 5577 730 5650 ὡς
765 5577 1045 5650 προεῖπον.
1069 5579 1271 5650 Ibidem
1301 5578 1502 5650 Regius
1525 5581 1737 5650 primus

153 5657 211 5720 et
237 5648 631 5720 Seguerianus,
662 5649 726 5701 ἐκ
765 5648 1069 5720 βουλήσεως
1099 5650 1199 5702 οὐκ
1230 5648 1405 5720 ίέιςτιν.⁷
1431 5648 1594 5704 Basil.
1628 5649 1737 5703 Go-

157 5718 294 5776 bler.
322 5717 570 5775 Felckm.
600 5721 626 5774 1
667 5729 720 5776 et
766 5717 987 5791 Regi,
1015 5721 1117 5775 οὐκ
1144 5722 1210 5775 ὲκ
1241 5719 1553 5792 βουλήσεὼς
1587 5724 1736 5776 ἐστιν

1887 4613 2006 4685 uer.
2029 4599 2252 4685 iGobler.
2284 4611 2337 4657 et
2373 4599 2621 4685 _Fel_c_k_'m._
2648 4599 2698 4670 ι,
2728 4609 2978 4685 ᾡς-οὓ-τε.
3013 4599 3432 4685 Βοέῗέξᾘθξῖι.

1881 4668 2064 4792 iligna.
2097 4669 2335 4726 Felekm'
2366 4675 2392 4726 1
2424 4683 2478 4729 et
2503 4676 2558 4743 δ’
2592 4678 2667 4740 ὡς
2686 4668 2841 4733 Ξοῦδέ.
2871 4680 3065 4737 Caneri
3094 4668 3151 4741 ἓι

1849 4754 1993 4792 ουοε.

1919 4807 2031 4894 (8.1)
2075 4807 2167 4894 Sic
2203 4813 2596 4894 uterqueﬂReg.
2634 4817 3092 4894 _Seguer._Basil.
3142 4826 3430 4894 Anglican.

1847 4877 2227 4961 Felclg'mzzet
2252 4881 2309 4937 5.
2336 4877 2791 4961 AtGoblcrianus
2819 4899 2873 4945 et
2896 4877 3436 4961 εειριηὴξῐέτὸτὲὖὶᾶ

1848 4946 2174 5048 ﬁniti?!
2197 4953 2482 5048 t‘ﬁx‘i‘fi‘f:
2499 4955 2998 5048 Es‘et‘hetedéﬁ’
3017 4946 3221 5047 ὀέὲίῖ
3255 4946 3434 5048 eis

1849 5020 1944 5101 καὶ
2268 5025 2299 5093 ἡ
2337 5020 2600 5101 μξακαρία.
2632 5027 2758 5084 Mox
2783 5020 3134 5089 Felckmanni
3157 5020 3433 5098 secunda:

1848 5099 1901 5144 et
1922 5092 2086 5145 editio
2116 5092 2547 5151 Coinme'liniana
2577 5101 2836 5155 omittunt
2869 5102 2963 5156 καί
2994 5113 3118 5173 post
3145 5092 3317 5174 οὑτως
3339 5092 3432 5167 si:

1849 5178 1956 5214 ναι.

2073 5231 2276 5316 ﬁcgius
2310 5235 2521 5316 primus
2541 5248 2595 5293 et
2619 5239 2985 5316 Seglterianus
3018 5263 3119 5316 μου
3147 5247 3430 5308 omittunt.

2073 5301 2665 5391 Hterque'nﬁegius‘et.
2693 5301 3095 5391 'Seguerianus,
3143 5301 3433 5391 θελάμέῥξξ

1918 5327 2030 5372 (ου)
2077 5327 2312 5386 uterque
2359 5327 2561 5388 negtus
2605 5327 2658 5362 et
2707 5327 3095 5433 aeguerlanus,
3143 5327 3433 5391 θελόμενός

1845 5371 2167 5495 ἓῗέἴὴυιέιιι
2209 5383 2264 5430 et
2291 5377 2444 5443 edlll,
2482 5379 2770 5451 στελλόμεν
2803 5399 2831 5444 ς
2865 5384 3035 5451 ἐστιν,
3083 5396 3145 5442 ut
3192 5398 3247 5445 et
3302 5391 3433 5462 legit

1897 5457 2115 5497 anmus.

1918 5512 2032 5594 (84)
2062 5512 2275 5594 'Iiegius
2303 5516 2512 5594 primus
2542 5527 2597 5574 et
2636 5518 3026 5594 Seguerianus,
3059 5525 3120 5580 τὸ
3162 5525 3321 5586 εἶναι.
3352 5530 3427 5586 Ιί-

1845 5581 1966 5663 dem
2001 5581 2282 5665 ibidem-et
2303 5581 2521 5668 Regius
2555 5581 2847 5658 secundus,
2871 5595 2971 5648 οὐκ
3000 5581 3064 5650 ἐκ
3087 5581 3427 5726 ξουλήὲέαῐξ,

1845 5662 1904 5726 ut
1944 5661 2070 5726 item
2107 5655 2231 5723 legit
2259 5654 2524 5726 Nannius.
2554 5660 2660 5715 Alii
2689 5672 2742 5722 et
2761 5664 2912 5726 editi,
2937 5666 3031 5721 τοῦ
3060 5685 3086 5721 ε
3112 5686 3200 5726 ναι
3220 5670 3427 5726 ἀγαθὸς

1843 5662 1904 5742 ut
1939 5654 2087 5742 item!
2107 5654 2231 5742 legit
2259 5654 2524 5742 Nannius.
2554 5660 2660 5715 Alii
2689 5672 2742 5722 et
2761 5654 2912 5734 editi,
2937 5666 3031 5721 τοῦ
3060 5654 3200 5726 εἶναι
3220 5654 3428 5742 ἅγαθδξ

1843 5723 1906 5777 ἐκ
1938 5721 2238 5797 βουλήσεως
2270 5725 2371 5799 μὲν
2399 5726 2618 5803 ἤρξατο.
