3834 6220
408 286 517 348 466

1000 281 1057 337 S.
1093 279 1464 336 ATHANASII
1502 279 1654 336 OPP.
1696 277 1878 334 PARS
1915 278 1957 333 Ι.
1998 307 2069 320 -
2106 277 2481 337 HISTORICA
2515 279 2606 335 ET
2637 277 3065 337 DOGMATICA.

3553 281 3661 339 466

407 405 532 464 dem
560 404 855 469 voluntate,
891 402 1061 475 488
1095 416 1204 472 qua
1233 415 1359 458 eum
1387 401 1502 458 vult
1543 400 1727 467 Pater,
1754 400 1970 457 Patrem

2092 401 2136 456 πὸ
2161 401 2236 474 μὴ
2273 401 2569 472 ἀϐούλητον
2604 400 2699 454 τοῦ
2732 400 2868 454 Θεοῦ
2915 417 3001 463 τις
3037 397 3278 463 εὐσεϐῶς
3333 397 3663 469 λογιζέσθω.

408 497 528 568 ipse
570 503 736 561 amat,
786 492 902 549 vult
943 501 998 548 et
1045 495 1313 561 honorat,
1348 509 1569 566 unaque
1599 503 1686 551 est
1730 494 1983 551 voluntas

407 603 530 660 quae
556 603 624 644 ex
658 587 817 642 Patre
848 585 903 640 in
935 584 1076 641 Filio
1105 585 1341 651 exsistit,
1374 586 1450 641 ita
1489 593 1550 641 ut
1578 586 1703 642 inde
1732 585 1904 643 Filius
1927 588 1981 643 in

407 679 570 737 Patre
594 684 652 735 et
677 677 841 734 Pater
870 677 925 732 in
953 677 1095 734 Filio
1119 678 1509 750 conspiciatur.
1535 677 1708 735 Nemo
1730 679 1895 751 igitur
1915 694 1981 735 ex

407 772 678 852 Valentini
706 771 975 829 sententia
1019 770 1426 826 antecedentem
1474 770 1698 827 inducat
1731 771 1984 826 volunta-

405 873 537 928 tem,
569 863 882 934 nnlliusque
911 861 1319 919 deliberationis
1343 862 1567 918 obtentu
1599 862 1839 933 seipsum
1863 878 1980 918 me-

405 956 557 1013 dium
583 955 726 1011 inter
765 955 943 1011 solum
976 953 1194 1010 Patrem
1226 953 1517 1024 solumque
1550 953 1747 1010 Filium
1786 955 1980 1011 audeat

407 1049 707 1106 intrudere.
747 1046 1030 1119 Siquidem
1061 1047 1294 1104 insanus
1334 1047 1426 1103 ille
1466 1047 1631 1102 fuerit
1666 1048 1759 1118 qui
1787 1048 1983 1103 volun-

405 1149 574 1196 tatem
606 1147 661 1194 et
683 1138 1130 1194 deliberationem
1163 1137 1304 1192 inter
1329 1135 1546 1191 Patrem
1572 1145 1625 1192 et
1649 1135 1845 1191 Filium
1874 1137 1982 1192 eol-

404 1230 687 1286 locaverit.
729 1229 1020 1285 Enimvero
1067 1227 1214 1284 aliud
1256 1235 1342 1284 est
1377 1228 1424 1284 si
1470 1227 1621 1285 dicas
1647 1268 1662 1294 ,
1689 1227 1983 1284 Voluntate

405 1320 587 1378 factus
611 1329 716 1386 est,
748 1328 804 1377 et
829 1321 977 1376 aliud
1019 1319 1067 1375 si
1093 1319 1318 1385 dixeris,
1347 1319 1482 1374 Eum
1519 1319 1680 1376 Pater
1715 1320 1892 1390 diligit
1928 1329 1983 1375 et

404 1411 542 1477 vult,
578 1419 764 1480 utpote
790 1410 883 1480 qui
906 1418 1098 1464 natura
1121 1410 1376 1480 proprius
1405 1410 1490 1465 sui
1516 1409 1585 1465 sit
1619 1408 1811 1465 Filius.
1843 1411 1979 1464 Nam

406 1503 501 1572 qui
531 1502 688 1569 dixit,
721 1501 800 1556 Ex
835 1501 1111 1556 voluntate
1139 1501 1318 1557 factus
1350 1511 1454 1569 est,
1484 1501 1661 1572 primo
1699 1501 1846 1556 illum
1875 1502 1976 1556 ali-

405 1593 628 1665 quando
682 1610 789 1649 non
839 1593 1008 1649 fuisse
1047 1594 1335 1665 signiﬁcat.
1386 1593 1590 1649 Deinde
1626 1594 1880 1651 voluntas
1924 1593 1980 1649 in

2083 492 2196 546 Καὶ
2227 491 2336 563 γὰρ
2358 493 2387 545 6
2411 491 2542 554 Υἱὸς
2566 493 2631 562 τῇ
2659 483 2934 564 θελήσειῇ
2967 487 3179 544 θέλεται
3213 488 3326 560 (85)
3366 489 3520 562 παρά
3567 489 3665 545 τοῦ

2083 583 2320 654 Πατρὺς,
2346 581 2518 655 ταύτῃ
2557 583 2653 637 καὶ
2673 582 2836 646 αὐτὸς
2859 582 3070 654 ἀγαπᾷ,
3095 584 3190 636 καὶ
3218 582 3380 649 θέλει,
3407 584 3504 639 καὶ
3528 585 3670 656 τιμᾷ

2081 674 2175 728 τὸν
2203 675 2455 746 Πατέρα·
2504 674 2601 730 καὶ
2641 673 2703 728 έν
2734 676 2852 727 ἐστι
2891 672 3101 745 θέλημα
3131 673 3194 728 τὸ
3238 676 3303 728 ὲκ
3344 674 3565 748 Πατρὺς
3609 677 3670 729 ὲν

2084 767 2221 839 Υἰῷ,
2249 769 2325 833 ὡς
2357 768 2450 822 καὶ
2481 768 2548 822 ὲκ
2577 767 2772 822 τούτου
2822 766 3145 839 θεωρεῖσθαι
3184 767 3278 822 τὸν
3317 767 3447 822 Υἱδν
3491 769 3554 822 έν
3589 767 3670 840 τῷ

2083 859 2278 930 Πατρὶ,
2305 859 2402 914 καὶ
2429 859 2520 913 τὸν
2547 857 2767 930 Πατέρα
2805 859 2864 912 έν
2891 858 2970 930 τῷ
3002 858 3136 930 Υῐῷ.
3163 857 3255 930 Μὴ
3303 858 3487 930 μέντοι
3523 859 3670 914 κατά

2084 951 2436 1006 Οὑαλεντϊνον
2468 950 2886 1024 προηγουμένην
2913 968 2998 1014 τις
3022 950 3132 1022 (86)
3179 949 3431 1021 βούλησιν
3481 950 3670 1003 ἐπεισ-

2085 1043 2268 1112 αγέτω
2283 1059 2299 1075 σ
2333 1042 2467 1115 μηδὲ
2487 1043 2649 1113 μέσον
2672 1059 2756 1107 τις
2784 1043 2976 1097 ἑαυτὸν
3004 1041 3214 1096 ὠθεετω
3239 1041 3334 1096 τοῦ
3357 1042 3522 1114 μόνου
3553 1043 3673 1096 Πα-

2082 1134 2208 1205 τρὺς
2245 1133 2383 1206 πρὸς
2421 1133 2513 1187 τὸν
2551 1132 2711 1204 μόνον
2755 1133 2948 1201 Λόγον,
2989 1132 3260 1204 προφάσει
3287 1131 3383 1186 τοῦ
3419 1131 3673 1204 βουλεύε-

2083 1226 2208 1280 σθαι
2236 1225 2368 1297 (87).
2397 1224 2658 1279 Μαίνοιτο
2678 1225 2788 1295 γὰρ
2817 1224 2883 1278 ἄν
2907 1241 2990 1288 τις
3018 1223 3222 1294 μεταξὺ
3249 1223 3420 1288 τιθεὶς
3451 1223 3674 1297 Πατρδς

2082 1318 2178 1371 καὶ
2206 1317 2336 1370 Υἱοῦ
2363 1316 2616 1388 βούλησιν
2645 1317 2739 1370 καὶ
2766 1315 2978 1386 σκέψιν.
3030 1317 3141 1370 Καὶ
3186 1315 3296 1388 γὰρ
3327 1315 3517 1387 ἕτερόν
3550 1318 3670 1369 ἐστι

2081 1407 2284 1474 λέγειν,
2314 1405 2574 1478 Βουλήσει
2601 1406 2850 1475 γέγονεν,
2875 1405 3062 1478 ἕτερον
3095 1405 3186 1471 δὲ,
3213 1407 3295 1460 ὅτι
3342 1406 3505 1460 Ἰδιον
3536 1407 3673 1462 ὄντα

2083 1499 2241 1570 φύσει
2267 1500 2358 1553 τὸν
2383 1499 2512 1553 Υἱὸν
2543 1499 2708 1554 αὐτοῦ
2731 1501 2923 1570 ἀγαπᾷ
2949 1499 3041 1554 καὶ
3069 1499 3212 1553 θέλει
3238 1499 3421 1555 αὐτόν.
3463 1500 3541 1554 Τὸ
3568 1499 3672 1572 μὲν

2080 1591 2190 1665 γὰρ
2220 1590 2400 1660 λέγειν
2424 1629 2440 1657 ,
2494 1592 2586 1645 Ἐκ
2627 1589 2933 1662 βουλήσεως
2955 1591 3167 1662 γέγονε,
3200 1591 3417 1664 πρῶτον
3461 1591 3564 1663 μὲν
3605 1591 3673 1645 τὸ

405 1695 698 1756 utramque
722 1693 930 1754 partem
959 1685 1328 1756 propendendi
1353 1684 1464 1740 vim
1498 1685 1678 1752 habet,
1709 1686 1788 1741 uti
1816 1702 1980 1758 supra

2092 1684 2161 1754 μὴ
2197 1680 2336 1737 εἶναι
2369 1701 2501 1737 ποτε
2539 1682 2730 1738 τοῦτον
2757 1682 3043 1754 σημαίνεν
3071 1684 3260 1738 ἔπειτα
3304 1683 3382 1748 δὲ,
3422 1685 3519 1738 καὶ
3569 1683 3672 1756 τὴν

405 1779 614 1834 dictum
649 1787 752 1845 est,
782 1794 847 1834 ac
873 1780 1102 1848 proinde
1133 1779 1374 1851 cogitare
1405 1780 1610 1844 liceret,
1643 1777 1853 1834 Patrem
1883 1794 1980 1849 po-

2202 1777 2370 1847 ἄμφω
2397 1774 2567 1847 ῥοπὴν
2590 1773 2728 1844 ἔχει,
2762 1749 3017 1846 καθάπερ
3048 1775 3264 1846 εἴρηται
3288 1789 3304 1805 ⁶
3337 1773 3482 1829 ὥστε
3499 1749 3671 1830 δύνα-

407 1869 578 1927 tuisse
616 1870 762 1925 nolle
808 1868 1028 1926 Filium.
1073 1870 1239 1941 Atqui
1272 1871 1474 1936 dicere,
1505 1869 1702 1925 Filium
1739 1870 1982 1940 potuisse

404 1975 517 2015 non
561 1973 704 2028 esse,
742 1974 958 2014 summa
998 1968 1145 2016 certe
1194 1961 1446 2030 impietas
1493 1968 1549 2016 et
1603 1961 1829 2016 audacia
1875 1971 1978 2026 est,

403 2066 531 2122 quae
562 2051 736 2122 ipsam
769 2050 946 2107 Patris
983 2061 1236 2107 naturam
1267 2052 1534 2118 lacessat,
1565 2052 1612 2107 si
1642 2052 1898 2106 nimirum
1928 2052 1982 2106 id

405 2143 552 2212 quod
591 2143 870 2212 proprium
915 2144 1034 2214 ejus
1078 2153 1164 2199 est
1212 2144 1452 2213 potuerit
1499 2159 1609 2199 non
1652 2159 1794 2199 esse.
1835 2143 1980 2199 ldem

404 2235 553 2290 enim
586 2244 669 2290 est
697 2251 762 2291 ac
792 2236 839 2291 si
874 2237 1147 2292 diceretur
1173 2235 1390 2291 Patrem
1420 2237 1664 2306 potuisse
1703 2251 1810 2291 non
1859 2251 1982 2291 esse

404 2324 632 2381 bonum.
659 2324 859 2380 Verum
891 2328 1349 2397 quemadmodum
1378 2337 1431 2382 et
1464 2342 1680 2397 semper
1710 2335 1764 2382 et
1790 2336 1980 2384 natura

407 2416 588 2473 bonus
626 2425 710 2473 est
739 2417 922 2486 Pater,
975 2419 1050 2473 ita
1099 2435 1316 2490 semper
1347 2428 1541 2474 natura
1577 2429 1661 2475 est
1695 2435 1977 2491 generans.

407 2507 510 2564 Hic
544 2517 724 2566 autem
760 2510 1018 2581 loquendi
1059 2512 1276 2579 modus,
1319 2510 1481 2566 Pater
1508 2511 1624 2566 vult
1652 2510 1870 2577 Filium,
1901 2518 1978 2577 et',

405 2597 648 2654 Verbum
701 2601 820 2657 vult
859 2601 1111 2670 Patrem,
1149 2617 1262 2658 non
1307 2605 1715 2661 antecedentem
1760 2606 1983 2662 denotat

400 2690 763 2759 voluntatem,
791 2693 886 2748 sed
916 2702 1124 2749 natura:
1163 2697 1595 2765 germanitatem,
1627 2697 1984 2769 essentiaque

383 2785 794 2855 gproprietatem
821 2799 887 2839 ac
916 2785 1327 2842 similitudinem
1357 2787 1623 2858 designat.
1653 2787 1724 2844 Ut
1745 2790 1890 2845 enim
1915 2790 1983 2846 de

383 2875 696 2946 splendore
734 2885 788 2931 et
825 2878 945 2932 luce
985 2877 1093 2933 dici
1127 2887 1344 2949 potest:
1379 2878 1644 2951 Splendor
1673 2897 1783 2938 non
1819 2881 1984 2938 habet

381 2965 742 3021 'voluntatem
771 2965 826 3020 in
866 2967 987 3022 luce
1015 2968 1442 3038 antecedentem,
1475 2972 1571 3026 sed
1601 2981 1688 3028 est
1715 2975 1982 3030 naturalis

2083 1868 2208 1922 σθαί
2235 1886 2357 1922 τινα
2389 1870 2550 1931 νοεῖν,
2590 1868 2673 1922 ὅτι
2714 1866 2949 1938 ἠδύνατο
2981 1867 3074 1920 καὶ
3115 1868 3189 1938 μὴ
3241 1866 3530 1938 βούλεσθαι
3574 1864 3674 1924 τδν

2082 1959 2226 2013 Υἱόν.
2271 1958 2396 2012 Ἐπὶ
2443 1957 2575 2012 Υἱοῦ
2604 1958 2660 2011 δὲ
2709 1956 2890 2027 λέγειν
2915 1996 2931 2021 ,
2972 1957 3229 2013 Ἦδύνατο
3257 1959 3351 2013 καὶ
3385 1958 3461 2030 μὴ
3499 1951 3668 2023 εἶναι,

2079 2052 2338 2116 δυσσεϐὲς
2361 2053 2475 2104 ἐστι
2511 2051 2604 2104 καὶ
2637 2049 2837 2120 φθάνον
2859 2052 2939 2116 εἰς
2962 2052 3063 2122 τὴν
3087 2051 3182 2104 τοῦ
3223 2051 3436 2122 Πατρὸς
3473 2049 3670 2104 ούσίαν

2079 2144 2142 2197 τὸ
2179 2144 2468 2214 τόλμημα·
2497 2140 2613 2212 εἴγε
2658 2141 2720 2195 τὸ
2764 2141 2893 2195 ἴδιον
2951 2143 3120 2214 αὐτῆς
3165 2141 3396 2213 ἠδύνατο
3434 2141 3548 2212 (88)
3589 2141 3671 2214 μὴ

2080 2230 2238 2289 εἶναι.
2281 2236 2502 2306 Ὅμοιον
2540 2234 2649 2305 γὰρ
2673 2233 2749 2297 ὡς
2775 2234 2824 2286 εἰ
2860 2233 3112 2304 ἐλέγετο,
3167 2233 3428 2288 Ἢδύνατο
3456 2232 3554 2287 καὶ
3587 2233 3668 2305 μὴ

2081 2323 2218 2382 εἶναι
2253 2327 2456 2396 ἀγαθὸς
2491 2329 2520 2380 ὁ
2553 2329 2763 2399 Πατήρ.
2800 2327 2936 2382 Ἀλλ’
2965 2325 3154 2399 ὥσπερ
3202 2325 3403 2396 ἀγαθὸς
3448 2325 3538 2379 ἀεὶ
3569 2326 3674 2381 καὶ

2079 2421 2147 2490 τῇ
2176 2416 2354 2487 φύσει,
2383 2415 2555 2481 οὕτως
2575 2419 2662 2472 ἀεὶ
2689 2417 3005 2490 γεννητικὸς
3023 2420 3088 2488 τῇ
3114 2415 3272 2484 φύσει
3295 2417 3324 2468 ὁ
3347 2417 3537 2487 Πατήρ
3562 2431 3578 2446 ⁸
3607 2416 3674 2469 τὸ

2079 2509 2136 2562 δὲ
2159 2509 2356 2578 λέγειν,
2375 2510 2431 2563 Ὀ
2452 2510 2642 2582 Πατὴρ
2669 2511 2811 2565 θέλει
2826 2511 2917 2564 τὸν
2931 2509 3080 2575 Υιδν,
3109 2508 3226 2571 καὶ,
3255 2509 3314 2561 '0
3331 2507 3502 2576 Λόγος
3521 2507 3671 2561 θέλει

2078 2601 2171 2654 τὸν
2205 2603 2452 2674 Πατέρα,
2494 2603 2556 2656 ού
2609 2603 2862 2676 βούλησιν
2904 2607 3326 2674 προηγουμένην
3369 2599 3669 2664 δείκνυσιν,

2081 2692 2216 2746 ἀλλὰ
2238 2693 2451 2761 φύσεως
2477 2695 2845 2766 γνησιότητα,
2892 2694 2987 2748 καὶ
3036 2693 3224 2756 οὐσίας
3281 2691 3522 2762 ἰδιότητα
3572 2692 3674 2746 καὶ

2080 2783 2338 2855 ὁμοίωσιν
2369 2782 2646 2856 γνωρίζει.
2691 2785 2778 2848 Ὡς
2814 2783 2923 2855 γὰρ
2946 2781 3041 2836 καὶ
3066 2783 3160 2836 ἐπὶ
3197 2781 3290 2835 τοῦ
3330 2780 3442 2852 (89)
3482 2781 3671 2834 ἀπαυ-

2083 2875 2364 2946 γάσματος
2400 2875 2466 2930 ἄν
2511 2893 2597 2940 τις
2637 2876 2782 2929 εἴποι
2807 2875 2901 2930 καὶ
2928 2873 3024 2929 τοῦ
3055 2874 3252 2944 φωτὸς,
3284 2875 3366 2926 ὅτι
3401 2872 3465 2925 τὸ
3489 2870 3672 2926 ἀπαύ-

2081 2985 2270 3040 γασμα
2319 2967 2418 3021 οὐκ
2455 2967 2566 3038 ἔχει
2609 2967 2707 3039 μὲν
2745 2967 2996 3038 βούλησιν
3035 2964 3454 3039 προηγουμένην
3490 2965 3550 3016 ὲν
3588 2963 3670 3034 τῷ

381 3055 528 3125 μοῇυε
563 3055 724 3122 fetus,
757 3071 918 3126 quem
951 3057 1063 3112 vult
1105 3057 1197 3111 lux
1234 3072 1266 3112 a
1303 3075 1411 3130 qua
1448 3060 1706 3132 gignitur,
1741 3079 1849 3119 non
1880 3079 1980 3120 vo-

2092 3060 2251 3132 φωτί·
2286 3060 2480 3114 ἔστιδὲ
2505 3059 2662 3130 φύσει
2704 3059 2870 3114 αὑτοῦ
2901 3058 3144 3130 γέννημα
3181 3057 3469 3128 θελόμενον
3511 3055 3672 3129 παρά

405 3146 632 3200 luntatis
659 3146 1062 3214 deliberatione,
1092 3149 1185 3204 sed
1216 3158 1408 3204 natura
1447 3161 1502 3205 et
1528 3153 1787 3220 veritate;
1818 3155 1892 3210 ita
1918 3155 1986 3212 de

381 3235 570 3293 :Patre
598 3245 653 3293 et
678 3236 818 3293 Filio
847 3249 993 3294 recte
1027 3239 1131 3294 dici
1163 3241 1336 3308 possit
1367 3257 1382 3294 :
1415 3240 1577 3298 Pater
1613 3254 1762 3301 amat
1787 3253 1841 3303 et
1867 3247 1985 3304 vult

386 3326 628 3394 :Filium,
665 3338 740 3396 et,
764 3328 940 3386 Filius
977 3339 1124 3386 amat
1147 3340 1201 3388 et
1230 3333 1345 3388 vult
1368 3333 1608 3392 Patrem.

477 3589 566 3643 67.
616 3585 694 3642 Re
727 3588 891 3660 igitur
936 3589 1234 3647 voluntatis
1271 3606 1408 3662 opus
1439 3593 1741 3664 appelletur
1769 3595 1942 3653 Filius
1963 3639 1978 3663 ,

395 3695 510 3736 nec
540 3678 815 3735 Valentini
863 3696 1020 3737 error
1061 3682 1120 3737 in
1167 3681 1466 3740 Ecclesiam
1513 3685 1835 3754 inducatur;
1887 3691 1983 3745 sed

405 3774 594 3830 vivens
626 3773 716 3830 ille
753 3774 1044 3830 consilium
1087 3790 1360 3847 verusque
1405 3785 1460 3832 et
1501 3780 1768 3835 naturalis
1803 3779 1982 3838 Patris

405 3863 552 3921 fetus
584 3880 706 3922 esse
736 3865 970 3934 dicatur,
1001 3873 1066 3920 ut
1089 3865 1231 3922 lucis
1267 3868 1544 3938 splendor.
1589 3869 1681 3927 Sic
1705 3873 1850 3927 enim
1882 3872 1984 3929 Pa-

400 3967 492 4012 ter
528 3959 642 4028 ipse
681 3968 766 4014 est
801 3959 1042 4026 locutus,
1074 3957 1356 4015 Eructavit
1399 3977 1490 4016 cor
1533 3978 1706 4017 meum
1757 3963 1984 4020 Verbum

401 4050 601 4104 bonum
625 4051 671 4082 "
704 4067 724 4105 :
765 4053 855 4106 cui
894 4049 1067 4107 Filius
1101 4051 1189 4107 his
1228 4052 1409 4109 verbis
1461 4057 1720 4125 concinit,
1766 4057 1878 4128 Ego
1927 4059 1983 4112 in

404 4139 594 4207 Patre,
623 4148 674 4195 et
704 4139 870 4196 Pater
902 4143 959 4195 in
993 4158 1075 4196 me
1109 4151 1188 4196 est
1212 4142 1281 4200 “.
1315 4142 1502 4215 Itaque
1534 4147 1582 4201 si
1621 4145 1858 4204 Verbum
1901 4161 1984 4207 est

399 4233 463 4287 in
496 4233 682 4300 corde,
719 4234 811 4288 ubi
842 4243 927 4290 est
961 4235 1262 4291 voluntas?
1312 4235 1577 4293 Similiter
1615 4241 1660 4295 si
1697 4240 1870 4297 Filius
1900 4253 1983 4299 est

397 4325 460 4378 in
489 4323 674 4386 Patre.
708 4324 800 4378 ubi
832 4334 917 4380 est
940 4324 1270 4379 arbitrium?
1300 4323 1528 4392 Deinde,
1563 4327 1611 4383 si
1639 4327 1754 4400 ipse
1785 4341 1870 4386 est
1892 4346 1985 4388 vo-

471 4440 518 4474 ³⁸
551 4439 700 4497 Psal.
726 4455 873 4508 mv,
901 4441 956 4496 2.
1030 4441 1079 4474 "*
1105 4440 1274 4498 Joan.
1302 4458 1416 4509 χεν,
1443 4442 1532 4499 10.

441 4560 588 4642 ,(85)
626 4559 1102 4642 .Seguerﬁobler.
1133 4569 1188 4616 et
1217 4560 1455 4620 Fclckm.
1481 4563 1534 4630 1,
1585 4564 1837 4623 θελεῖται.
1870 4567 1975 4626 Re-
2011 4575 2056 4630 D

397 4632 524 4701 gius
558 4631 791 4701 primus,
823 4631 1065 4684 τέλυται.

474 4699 588 4778 (8_6)
625 4699 789 4778 Basil.
840 4703 941 4772 τήν
987 4715 1088 4778 pro
1127 4718 1217 4778 τις
1255 4702 1453 4778 habet._
1476 4703 1608 4778 _Mox
1639 4716 1764 4776 post
1791 4708 1980 4778 μέσον,

404 4770 606 4848 Regius
631 4771 860 4848 pr_i_mus_
889 4770 945 4826 et
989 4770 1362 4842 'Seguerianus
1387 4774 1595 4832 addunt
1617 4770 1724 4843 τίς,
1752 4770 1899 4848 quod
1924 4770 1982 4835 in

403 4839 527 4896 aliis
554 4851 608 4894 et
636 4839 802 4895 editis
831 4841 1005 4896 deest.

473 4911 589 4990 (βἸ)
628 4907 870 4990 Uterque
899 4909 1033 4990 Reg.
1057 4909 1284 4990 Seguer.
1315 4913 1536 4990 Gobler.
1571 4925 1627 4990 et
1657 4917 1898 4990 Felekm.
1926 4919 1980 4990 1,

400 4979 1007 5104 ἓυὲεύεσθαι.ϐίειει·ῐ
1048 4992 1103 5038 et
1135 4979 1317 5040 'editio
1343 4983 1818 5056 'Commeliniana,
1853 4979 1982 5058 βούὲ

465 5068 496 5104 σ
531 5068 608 5104 αι.

465 5068 608 5106 συαι.

475 5121 589 5196 (_88_)
626 5118 724 5196 Sic
748 5122 884 5196 Reg.
921 5123 974 5187 1,
1004 5121 1232 5196 S_eguer.
1260 5124 1482 5181 Gobler.
1531 5135 1589 5182 et
1632 5118 1872 5182 Felckm.
1923 5129 1974 5182 l.

403 5189 520 5266 Sed
542 5189 903 5266 Goblerianus
934 5201 990 5248 et
1019 5189 1372 5266 Fe'lckmanni
1417 5196 1633 5266 primus
1675 5197 1874 5252 habent
1901 5199 1978 5263 ὼς

403 5261 688 5337 ιιμέλεγεν,
716 5265 988 5337 iidemque
1033 5273 1087 5337 et
1122 5263 1325 5337 Regius
1357 5261 1588 5337 primus,
1617 5265 1859 5321 ἐδύνατο.
1907 5261 1976 5324 At

399 5330 495 5406 alii
520 5333 735 5406 etediti
766 5330 1023 5406 sic_|_iunc
1051 5330 1480 5406 locunlhab'enl,
1509 5336 1621 5406 εἴγε
1641 5337 1702 5391 τὺ
1725 5337 1855 5390 ἴδιον
1877 5339 1975 5392 αύ-

398 5401 502 5472 τῆς
531 5401 762 5477 λέγοιτο,
809 5403 1043 5477 ἠδύνατο
1091 5407 1166 5477 μὴ
1212 5401 1352 5460 εἶναι
1391 5401 1613 5475 ἀγαθός,
1647 5417 1754 5463 etc.
1801 5406 1974 5477 Paulo

399 5470 529 5548 post
557 5470 759 5548 Regius
786 5470 998 5548 primus
1027 5470 1654 5548 et'Seguerianu'smtet
1681 5475 1973 5548 legitNan-

387 5543 548 5622 anius,
590 5542 760 5622 οὕτως
787 5542 892 5597 ἀεὶ
913 5542 1340 5622 *γεννητικος-τῇ
1370 5542 1529 5622 φύσει
1560 5551 1595 5622 ὁ.
1624 5542 1833 5619 Πατῆρ.
1867 5546 1974 5603 Re-

401 5614 526 5684 gius
554 5615 847 5679 secundus,
880 5614 1023 5696 ούτω
1059 5614 1154 5668 καὶ
1193 5618 1281 5669 ἀεὶ
1305 5614 1398 5670 idat
1420 5621 1486 5690 τῇ
1528 5619 1688 5688 φύσει
1723 5614 1972 5689 γεννητι-

400 5682 496 5748 κὸς
524 5685 553 5736 6
584 5683 795 5754 Πατήρ.
825 5685 930 5740 Alu
961 5695 1143 5740 autem
1175 5696 1229 5741 et
1257 5688 1409 5758 editi,
1433 5689 1636 5756 ἀγαθὸς
1663 5690 1749 5743 ἀεὶ
1782 5689 1876 5742 καὶ
1905 5690 1970 5759 τῇ

782 5724 795 5738 ο
825 5724 930 5740 ιιιιι
961 5724 1143 5740 ανον-ιιι
1175 5724 1229 5741 υ.
1257 5724 1409 5758 νυιιι,
1663 5724 1749 5743 “55
1785 5724 1876 5742 hii
1915 5724 1953 5759 υς

2083 3153 2179 3207 τοῦ
2213 3153 2391 3224 φωτὸς
2439 3169 2535 3205 του
2570 3154 2664 3206 καὶ
2692 3153 3056 3224 γεννήσαντος
3109 3151 3218 3222 (90)
3260 3149 3412 3210 αὐτὸ,
3461 3149 3566 3201 οὐκ
3611 3150 3672 3202 έν

2085 3242 2275 3312 σκέψει
2312 3242 2650 3314 βουλήσεως,
2689 3241 2826 3297 ἀλλὰ
2865 3242 3025 3312 φύσει
3074 3241 3171 3296 καὶ¹
3223 3239 3484 3310 ἀληθείᾳ·
3520 3238 3674 3293 οὕτω

2082 3335 2178 3390 καὶ
2205 3336 2297 3388 ἐπὶ
2321 3335 2414 3388 τοῦ
2449 3335 2662 3405 Πατρὸς
2687 3337 2783 3390 καὶ
2807 3335 2902 3388 τοῦ
2927 3335 3057 3390 Υἱοῦ
3082 3332 3258 3405 ὀρθῶς
3293 3333 3358 3387 ἀν
3382 3349 3468 3396 τις
3496 3331 3670 3399 εἴποι,

2079 3427 2216 3480 ὅτιὸ
2262 3428 2452 3499 Πατὴρ
2495 3428 2686 3500 ἀγαπᾷ
2736 3429 2831 3481 καὶ
2865 3427 3008 3481 θέλει
3040 3429 3130 3481 τὸν
3155 3427 3304 3490 Υἱδν,
3334 3425 3430 3478 καὶ
3459 3425 3488 3476 6
3536 3424 3672 3487 Υἱδς

2082 3517 2274 3588 ἀγαπᾷ
2303 3519 2397 3572 καὶ⁹
2427 3519 2572 3572 θέλει
2601 3519 2693 3573 τὸν
2723 3520 2968 3591 Πατέρα.

2155 3607 2244 3662 67.
2279 3609 2489 3664 Ούκοῦν
2514 3611 2588 3682 μὴ
2613 3610 2857 3680 λεγέσθω
2887 3611 3196 3683 θελήματος
3222 3608 3619 3682 δημιούργημα
3638 3611 3670 3662 6

2082 3699 2233 3764 Υἱὸς,
2260 3701 2393 3772 μηδὲ
2412 3701 2483 3754 τὰ
2504 3701 2616 3772 (91)
2647 3701 3002 3757 Οὐαλεντίνου
3028 3700 3405 3770 ὲπεισαγέσθω
3433 3703 3500 3771 τῇ
3544 3701 3673 3754 Ἐκ-

2083 3791 2301 3863 κλησίᾳ,
2320 3791 2456 3847 ἀλλὰ
2472 3791 2636 3865 βουλὴ
2659 3793 2829 3858 ζῶσα,
2860 3794 2954 3847 καὶ
2970 3792 3190 3865 ἀληθῶς
3208 3792 3368 3862 φύσει
3393 3793 3669 3864 γέννημα,

2083 3883 2159 3948 ὡς
2183 3883 2274 3937 τοῦ
2304 3884 2482 3952 φωτὸς
2513 3885 2576 3938 τὸ
2621 3885 2983 3957 ἀπαύγασμα.
3019 3885 3176 3940 Οὕτω
3207 3885 3316 3957 γὰρ
3341 3885 3438 3940 καὶ
3481 3887 3510 3938 6
3568 3884 3671 3956 μὲν

2083 3976 2275 4046 Πατὴρ
2294 3976 2535 4048 εἴρηκεν,
2605 3978 2992 4048 Ἐξηρεύξατο
3027 3980 3066 4048 ἠ
3089 3979 3303 4048 καρδία
3320 3997 3442 4048 μου
3471 3979 3672 4047 Λόγον

2082 4068 2338 4138 ἀγαθόν’
2368 4071 2397 4123 6
2427 4069 2484 4122 δὲ
2507 4069 2636 4134 Υἱὸς
2658 4069 2985 4138 ἀκολούθως,
3029 4069 3172 4140 Ἐγὼ
3209 4071 3278 4124 ἐν
3322 4071 3403 4135 τῷ
3444 4069 3668 4138 Πατρὶ,

2083 4160 2182 4214 καὶ
2209 4163 2242 4215 ό
2270 4160 2473 4230 Πατὴρ
2497 4161 2568 4216 ἐν
2586 4161 2738 4234 ἐμοζ.
2767 4162 2832 4215 Εἰ
2856 4163 2914 4216 δὲ
2934 4165 2962 4217 6
2985 4162 3097 4234 (9‘2)
3132 4163 3307 4232 Λόγος
3347 4164 3405 4215 ὲν
3441 4162 3668 4232 καρδίᾳ,

2083 4249 2187 4304 ποῦ
2219 4253 2253 4323 ἡ
2292 4251 2574 4324 βούλησις;
2609 4232 2722 4306 Καί
2757 4255 2805 4306 ει
2832 4255 2861 4308 6
2891 4252 3022 4318 Υἱὸς
3062 4232 3120 4308 έν
3149 4252 3227 4324 τῷ
3254 4252 3448 4324 Πατρὶ,
3495 4252 3600 4305 ποῦ
3631 4254 3667 4325 ἡ

2085 4341 2336 4413 θέλησις;
2366 4345 2477 4398 Καὶ
2510 4345 2558 4397 ει
2592 4346 2626 4415 ἡ
2655 4343 2906 4417 βούλησις
2944 4345 3138 4410 αὐτὸς,
3168 4344 3288 4408 πῶς
3318 4347 3376 4398 ὲν
3410 4343 3671 4416 βουλήσει

2129 4572 2246 4624 ύσει
2276 4570 2594 4641 γεννητικὸς
2624 4572 2653 4624 6
2681 4570 2894 4641 Πατήρἶ
2940 4569 3158 4641 lbidem_
3188 4567 3389 4641 Regius
3424 4568 3668 4641 primus,

2129 4590 2246 4624 υσει
2276 4590 2403 4639 γενν
2442 4590 2594 4634 τικος
2624 4590 2653 4624 ο
2681 4590 2892 4641 ιιατηρ.
2940 4590 3143 4625 10108111
3188 4590 3266 4622 ne
3306 4590 3389 4621 Ius
3426 4590 3668 4637 primus,

2085 4590 2310 4712 ἔδευεν.
2337 4590 2646 4712 Go'iilerian.
2675 4649 2729 4694 et
2755 4638 2997 4712 Felckm.
3029 4641 3082 4706 1,
3110 4637 3172 4693 τὸ
3197 4639 3254 4692 δὲ
3270 4590 3479 4706 ἶλέγειν.
3509 4640 3583 4693 At
3611 4640 3668 4694 in

2083 4708 2294 4769 caeteris
2320 4719 2374 4764 et
2403 4710 2562 4766 editis
2587 4711 2739 4765 deest
2759 4708 2959 4779 λέγειν.
3097 4763 3101 4768 ⁸

2155 4781 2291 4852 (89)Δ
2310 4779 2514 4852 Regius
2542 4780 2756 4852 primus
2774 4776 2855 4852 _et
2913 4777 3402 4852 Segueriapus,'0c
3426 4776 3540 4850 γὰρ
3571 4779 3674 4834 καὶ

2084 4847 2179 4906 ὲπὶ
2208 4847 2338 4920 τοῦ,
2356 4847 2465 4904 Alii
2493 4847 2948 4920 et_editi,"0cmep
2977 4847 3069 4901 ἐπὶ
3098 4847 3216 4903 τοῦ.

2157 4921 2269 4992 (90)
2311 4918 2514 4992 Regius
2546 4919 2756 4992 primus
2787 4930 2855 4992 et_
2875 4915 3263 4992 Ségﬁuerianus,
3287 4915 3386 4992 τοῦ
3417 4918 3514 4971 καὶ
3542 4935 3672 4987 γεν-

2085 4986 2370 5063 νήσαντος.
2395 4986 2502 5044 Alii
2532 4986 2585 5063 et
2607 4990 2736 5045 editi
2747 4989 2856 5063 _xatl
2879 4986 3160 5063 omittunt;
3183 4986 3357 5063 Paulo
3372 4997 3496 5056 post
3510 4986 3670 5063 _uter_-

2085 5057 2422 5132 queﬁRegius
2447 5071 2500 5115 et
2535 5059 2923 5132 Seguerianus,
2953 5060 3046 5132 επὶ
3064 5057 3161 5132 τοῦ
3181 5057 3405 5132 Πατρος
3434 5058 3533 5132 καὶ
3568 5058 3670 5132 rex}

2086 5127 2240 5186 Ῡὶοὖ.
2272 5127 2462 5186 Caneri
2491 5139 2547 5185 et
2577 5127 2730 5197 editi,
2765 5129 2858 5182 ἐπὶ
2898 5127 2990 5183 τοῦ
3013 5127 3237 5199 Πατρὺς
3274 5127 3398 5199 ,παὶᾷ
3431 5127 3525 5180 ἐπὶ
3571 5128 3670 5199 τοῦ

2087 5200 2240 5256 Υἱοῦ.
2272 5201 2478 5255 Ibidem
2511 5195 2722 5270 Regius
2741 5199 2971 5270 primus,
2986 5269 2991 5270 ί
3005 5195 3229 5270 Seguer.
3253 5195 3672 5270 _Goblerian:'et

2082 5270 2321 5328 Felckm.
2352 5267 2781 5342 primusfei'rroi,
2803 5269 2905 5323 ὅτι.
2933 5269 3039 5324 Alii
3062 5267 3118 5324 et
3139 5267 3290 5332 editi,
3313 5267 3458 5320 εῐποι
3482 5267 3667 5336 τοῦτο,

2080 5343 2266 5483 alii-Sil)
2304 5409 2508 5483 Regius
2538 5411 2768 5483 primus
2803 5421 2870 5483 et
2923 5410 3314 5483 Seguerianus,
3341 5409 3428 5462 τά.
3463 5406 3573 5461 Alii
3611 5416 3670 5462 et

2081 5481 2344 5552 editiﬂtd.
2379 5481 2501 5538 Mox
2534 5481 2722 5546 Basil.,
2764 5482 2899 5536 ἀλλὰ
2922 5482 3022 5552 λια).
3049 5481 3234 5552 βουλή.

2922 5532 3060 5633 Reg:
3093 5532 3322 5621 Segiter.
3360 5532 3580 5604 Gobler.
3611 5555 3671 5604 et

2178 5621 2321 5678 ckm.
2359 5624 2408 5678 i.
2439 5625 2508 5678 At
2532 5639 2588 5677 in
2620 5622 2742 5678 alus
2767 5635 2819 5678 et
2855 5622 3017 5678 Cdllls
3044 5621 3072 5672 6
3101 5621 3269 5676 deest.

2081 5621 2321 5678 Fclckm.
2359 5624 2408 5678 i.
2439 5621 2508 5678 At
2532 5623 2588 5677 in
2620 5622 2742 5680 aliis
2767 5635 2819 5679 et
2855 5622 3017 5678 editis
3044 5621 3072 5672 6
3101 5621 3269 5676 deest.
