1917 3110
102 168 160 199 ωδ

660 168 789 197 ORATIO
807 168 841 196 111
857 167 1000 196 CONTRA
1017 166 1177 195 ARIANOS.

1680 164 1733 192 466

99 226 119 262 ἡ
134 225 232 261 βουλή;
250 225 368 251 ’Λτοπον
381 224 452 261 γάρ·
471 224 515 252 ἵνα
530 224 568 260 μὴ
579 224 627 252 καὶ
640 226 669 252 ὲν
677 226 758 262 Λόγῳ
772 226 786 252 ὁ
795 225 887 260 Λόγος1

944 225 1047 258 luntas,
1059 224 1198 260 quomodo
1214 224 1360 253 consilium
1376 223 1433 251 sive
1446 223 1572 251 voluntas
1586 222 1613 251 in
1631 222 1731 251 volun-

100 272 172 299 καὶὸ
183 270 249 303 Υίός
263 272 291 298 ὲν
299 270 366 306 Υίῷ,
384 271 431 298 καὶ
441 272 458 307 ἡ
469 271 555 306 Σοφία
568 272 598 298 ὲν
609 272 695 307 Σοφίᾳ.
706 272 815 308 γίνηται
827 272 895 307 (95),

102 317 230 353 καθάπερ
243 316 373 348 πολλάκις
382 316 502 353 εἴρηται.
516 317 610 344 Πάντα
634 317 688 354 γάρ
705 318 780 345 ὲστιν
797 319 812 345 ό
831 318 897 351 Υἱὸς

101 361 149 388 τοῦ
166 360 274 396 Πατρός
285 370 291 375 ·
306 361 354 387 καὶ
367 360 443 388 οὐδὲν
459 362 488 388 ὲν
500 361 540 397 τῷ
556 362 643 397 Πατρὶ
657 361 711 397 πρὸ
725 361 774 388 τοῦ
787 362 874 396 Λόγου
887 370 894 378 ·

101 407 159 434 ἀλλ’
169 409 200 434 ὲν
215 407 254 442 τῷ
264 407 342 442 Λόγῳ
354 407 402 434 καὶ
416 408 433 443 ἡ
447 407 573 443 βούλησις
582 416 588 422 ·
604 408 651 434 καὶ
662 407 694 435 δι’
709 408 791 435 αὑτοῦ
804 407 838 434 τὰ
847 407 895 435 τοῦ

103 452 276 488 βουλήματος
296 453 335 484 εἰς
351 452 432 488 ἔργον
441 452 602 484 τελειοῦται,
614 452 652 485 ὡς
670 452 774 485 ἔδειξαν
797 453 853 489 (94)
867 454 895 480 αἱ

101 498 173 524 θεῖαι
187 497 305 532 Γραφαί.
326 497 492 533 Ἐϐουλόμην
501 497 529 524 δὲ
546 499 610 530 τοὺς
623 498 731 530 ἀσεϐεῖς
742 498 829 530 οὕτως
855 500 896 531 εἰς

101 543 217 577 ἀλογίαν
230 544 418 576 πεπτωκότας,
436 544 484 571 καὶ
496 544 561 579 περὶ
577 543 730 580 βουλήσεως
742 544 895 580 σκεπτομέ-

102 598 178 621 νους,
195 588 243 616 νῦν
254 589 390 625 ἐρωτῆσαι
407 589 506 625 μηκέτι
520 590 571 622 τὰς
586 589 731 622 τικτούσας
745 589 835 617 αὐτῶν
846 598 896 624 γυ-

101 635 210 665 ναῖκας,
221 633 254 665 ἃς
265 631 337 661 οὗτοι
347 634 403 670 (95)
419 635 552 671 πρότερον
568 634 682 670 ἠρώτων
697 634 823 669 λέγοντες
834 655 841 666 ,
863 635 896 662 Εἰ

100 676 175 714 εἶχες
187 679 257 711 υἱὸν,
274 680 339 715 πρὶν
353 680 506 715 γεννήσῃς;
523 680 592 707 ἀλλὰ
604 680 669 712 τοὺς
689 680 822 715 πατέρας,
848 681 896 707 καὶ

100 725 191 751 εἰπεῖν
200 724 292 757 αὐτοῖς
302 733 308 740 ·
321 725 438 760 Πότερον
452 725 638 761 βουλευόμενοι
650 725 757 760 γίνεσθε
766 726 895 762 πατέρες,

99 768 118 804 ἢ
136 769 209 797 κατὰ
224 769 306 804 φύσιν
319 771 424 805 καὶτῆς
438 770 515 806 ὑμῶν
531 770 700 806 βουλήσεωςς
719 772 755 797 Ἣ
777 771 827 807 τῆς
842 771 895 806 φύ-

100 824 172 847 σεως
184 816 233 842 καὶ
246 815 340 848 οὐσίας
356 816 370 842 ὑ
375 816 433 852 μῶν
447 817 520 843 ἐστιν
532 817 612 852 ὃμοια
630 818 665 845 τὰ
680 817 775 851 τέκνα;
790 818 833 844 ἴνα
844 817 896 845 κᾶν

99 861 180 896 τῇρά
196 861 251 888 τῶν
264 861 365 896 γονέων
376 862 542 898 ὲντραπῶσι,
557 864 622 899 παρ’
636 859 674 890 ὧν
685 863 715 890 τὸ
733 863 830 899 λῆμμα
845 863 895 898 τῆς

947 274 1002 298 tate
1014 270 1077 298 est?
1092 269 1176 298 Valde
1191 270 1263 298 enim
1288 270 1340 298 hoc
1364 268 1512 297 absurdum
1529 273 1571 297 est
1587 278 1593 296 :
1612 276 1645 296 ne
1658 269 1734 297 scili-

946 319 989 343 cet
1007 314 1125 343 Verbum
1144 314 1171 342 in
1184 314 1282 347 Verbo,
1297 314 1382 342 Filius
1405 314 1432 341 in
1452 313 1531 347 Filio,
1548 318 1574 342 et
1596 313 1735 349 Sapientia

945 360 972 388 in
988 360 1125 395 Sapientia
1142 360 1198 387 ﬁeri
1210 360 1388 393 existimetur,
1401 360 1440 387 uti
1454 359 1552 395 saepius
1568 360 1668 388 dictum
1681 364 1733 389 est.

944 404 1067 440 Namque
1079 405 1164 433 Filius
1176 405 1267 432 omnia
1292 405 1351 440 ipse
1363 408 1406 432 est
1416 412 1476 439 quae
1491 404 1580 433 Patris
1597 409 1671 436 sunt,
1689 405 1734 432 ni-

945 451 1038 486 hilque
1057 455 1120 478 ante
1133 450 1252 477 Verbum
1274 455 1316 477 est
1335 450 1363 476 in
1387 449 1467 478 Patre
1488 458 1495 476 :
1525 450 1573 478 sed
1600 451 1625 477 in
1644 449 1733 477 Verbo

945 497 1028 525 etiam
1041 501 1084 524 est
1098 496 1235 528 voluntas,
1253 501 1280 523 et
1292 503 1341 531 per
1355 496 1442 531 ipsum
1457 504 1500 529 ea,
1514 504 1575 531 qua:
1586 497 1734 524 voluntatis

946 547 1020 576 sunt,
1037 550 1118 577 opere
1132 542 1322 576 perﬁciuntur,
1341 546 1372 569 ut
1388 549 1420 570 ex
1434 542 1524 569 divina
1538 541 1676 577 Scriptura
1690 543 1733 570 di-

945 589 1074 617 dicimus.
1088 588 1190 616 Vellem
1206 596 1272 616 vcro
1296 593 1327 615 ut
1350 588 1425 623 impii
1442 589 1489 623 qui
1512 597 1545 616 eo
1567 589 1735 617 devenerunt

946 634 1080 666 amentiae,
1092 638 1119 661 et
1131 633 1164 661 de
1176 633 1316 661 voluntate
1329 633 1479 668 disputant,
1491 634 1597 667 vellem,
1612 634 1733 669 inquam.

946 684 976 707 ut
991 687 1046 707 non
1059 679 1114 714 jam
1130 680 1329 714 interrogarent
1349 680 1492 713 mulieres,
1511 687 1579 715 quas
1600 680 1636 707 ita
1659 681 1736 715 prius
1785 708 1787 711 ,

946 725 1197 760 percontabantur,
1223 724 1384 752 Habuistine
1403 725 1488 752 lilium
1511 725 1672 760 priusquam
1686 733 1734 761 ge-

946 771 1074 798 nuisses?
1097 778 1188 798 verum
1211 775 1303 806 patres
1326 771 1417 806 potius
1440 771 1493 799 hoc
1513 771 1593 799 modo
1618 772 1736 799 interro-

946 821 1010 851 gent
1025 825 1031 844 :
1045 816 1086 844 An
1103 816 1278 844 deliberando
1296 822 1386 852 patres
1403 816 1551 849 el‘ﬁcimini,
1569 825 1603 844 an
1618 825 1682 845 vero
1693 825 1736 845 se-

946 862 1066 889 cundum
1080 867 1205 889 naturam
1219 867 1315 890 vestraa
1330 863 1412 890 etiam
1423 863 1589 890 voluntatis?
1603 863 1644 890 An
1657 863 1736 891 liberi

99 907 238 940 γενέσεως
250 908 405 943 ἀπῄτησαν,
419 909 466 936 καὶ
480 910 544 945 παρ’
560 905 597 936 ὧν
618 909 736 945 ἤλπισαν
750 910 822 945 ἔχειν
845 910 887 946 τὴι

944 907 1048 935 similes
1061 912 1125 935 sunt
1141 911 1237 935 vestrae
1250 914 1355 937 natura),
1367 914 1395 937 et
1410 909 1589 937 substantiae?
1604 909 1666 937 Haec
1683 910 1734 945 igi-

98 951 213 986 γνῶσιν.
229 953 472 990 ’Δποκριθήσονται
488 954 543 991 γὰρ
555 955 661 989 αὐτοῖς,
673 956 715 982 ὅτι
726 955 781 991 (96)
787 956 820 982 ’Δ
833 964 895 990 γεν-

98 998 205 1033 νῶμεν,
222 998 253 1024 ού
270 999 317 1025 τοῦ
332 998 483 1035 θελήματος
495 1019 502 1032 ,
519 1000 575 1027 ἀλλ’
599 1000 678 1036 ἡμῶν
700 1001 775 1027 ἐστιν
796 1001 892 1037 ὃμοια-

98 1043 162 1073 ούδὲ
187 1043 452 1080 προϐουλευσάμενοι
469 1046 602 1082 γινόμεθα
620 1047 723 1081 γονεῖς,
755 1046 823 1073 ἀλλά
843 1046 895 1082 τῆς

101 1089 214 1123 φύσεως
230 1089 295 1116 τδιόν
306 1091 363 1117 ἐστι
377 1091 407 1117 τὸ
421 1093 518 1127 γεννᾷν
530 1100 538 1107 ·
553 1092 615 1119 ἐπεὶ
628 1092 675 1119 καὶ
688 1093 769 1128 ἡμεῖς
784 1092 839 1119 τῶν
850 1101 894 1119 τε-

98 1134 205 1164 κόντων
223 1134 278 1170 (97)
294 1135 377 1170 ἐσμὲν
391 1136 504 1168 εἰκόνες.
532 1137 568 1163 Ἣ
587 1137 676 1164 τοίνυν
691 1137 895 1172 καταγινωσκέ-

98 1189 191 1207 τωο-αν
204 1180 320 1212 ἑαυτῶν,
336 1181 384 1207 καὶ
398 1181 578 1209 παυέσθωσαν
590 1182 788 1217 πυνθανόμενοι
800 1191 895 1217 γυναι-

98 1225 156 1252 ιῶν
170 1225 291 1261 περὶτοῦ
305 1225 370 1253 Υίοῧ
393 1226 441 1253 τοῦ
459 1226 537 1259 Θεοῦ,
559 1227 576 1263 ἢ
599 1227 809 1263 μανθανέτωσαν
828 1229 894 1264 παρ’

97 1273 189 1300 αὐτῶν
205 1272 280 1309 (98),
297 1274 338 1300 δτι
353 1274 384 1301 οὑ
409 1274 535 1310 βουλήσει
552 1276 678 1310 γεννᾶται
699 1276 714 1302 ό
737 1276 793 1307 υίὸς
803 1295 810 1308 ,
826 1274 895 1302 ἀλλὰ

98 1319 180 1353 φύσει
195 1318 242 1345 καὶ
257 1318 383 1354 ἀληθείᾳ.
401 1319 518 1356 Πρέπων
534 1320 563 1346 δὲ
584 1320 630 1347 καὶ
646 1320 775 1356 ἁρμόζων
788 1320 894 1353 τούτοις

95 1365 111 1390 ὁ
128 1364 159 1397 ἐξ
175 1363 327 1399 ἀνθρώπων
337 1364 457 1399 ἐλεγχος,
472 1365 566 1401 ἐπειδὴ
586 1365 633 1392 καὶ
650 1364 807 1402 ἀνθρώπινα
829 1365 894 1401 περὶ

96 1410 148 1445 τῆς
161 1409 286 1445 θεότητος
298 1409 494 1444 διαλογίζονται
511 1411 535 1437 οἱ
552 1411 729 1446 κακόφρονες.
753 1410 786 1438 Τί
802 1411 893 1438 τοίνυν

95 1455 139 1481 ἐτι
147 1454 204 1489 (99)
214 1454 353 1490 μαίνονται
369 1455 393 1481 οἱ
404 1454 607 1491 Χριπομάχοι;
621 1455 677 1482 Καὶ
687 1455 765 1482 τοῦτο
778 1456 833 1492 γὰρ
845 1456 894 1483 αι’)⁴

94 1500 154 1527 τῶν
170 1500 265 1537 ὥσπερ
280 1498 327 1527 οὖν
344 1501 392 1527 καὶ
415 1500 449 1527 τὰ
475 1501 542 1528 ἄλλα
560 1501 742 1537 προϐλήματα
760 1501 893 1528 δέδεικται

95 1546 146 1573 καὶ
159 1546 280 1582 ἠλέγχθη
308 1546 444 1581 φαντασία
470 1546 518 1573 καὶ
545 1546 734 1581 μυθοπλαστία
751 1547 789 1582 (1)
812 1547 892 1583 μόνον

94 1591 178 1618 ὕντα·
190 1593 237 1619 καὶ
248 1592 292 1619 διὰ
304 1592 385 1621 τοῦτο
399 1591 547 1627 ὀφείλουσι,
562 1592 614 1619 κᾶν
635 1592 684 1627 ὀψέ
707 1601 772 1619 ποτε
789 1593 893 1630 θεωρή-

96 1646 194 1669 σαντες
205 1638 244 1669 είς
257 1638 318 1664 ὅσον
330 1637 486 1673 ἀφροσύνης
501 1637 661 1664 πεπτώκασι
678 1638 811 1674 κρημνὸν,
827 1639 892 1666 ἀνα-

94 1683 172 1710 δῦναι
187 1683 235 1710 καὶ
250 1684 347 1718 φύγειν
363 1683 401 1720 (2)
414 1683 469 1710 ἀπὺ
489 1683 540 1718 τῆς
557 1683 605 1710 τοῦ
624 1683 749 1710 διαϐόλου
766 1684 892 1719 παγίδος,

95 1729 304 1765 νουθετούμενοι
320 1730 385 1765 παρ’
402 1729 491 1765 ἡμῶν.
507 1729 699 1765 Φιλάνθρωπος
715 1729 770 1766 γὰρ
790 1731 808 1766 ἡ
825 1731 890 1766 ἀλή-

94 1775 157 1802 θεια
172 1776 311 1811 κράζουσα
326 1775 473 1807 διαπαντός
486 1783 493 1790 ·
506 1776 542 1802 El
555 1775 621 1810 ἐμοὶ
631 1775 675 1810 μὴ
686 1776 842 1803 πιστεύετε
851 1777 889 1812 (5)

93 1819 140 1846 διὰ
153 1820 205 1855 τὴν
229 1819 276 1846 τοῦ
294 1820 421 1855 σώματος
448 1819 605 1856 περιϐολὴν,
635 1819 686 1847 κᾶν
714 1820 776 1853 τοῖς
790 1820 888 1855 ἔργοις

94 1865 298 1894 πιστεύσατε·
314 1865 365 1892 ἵνα
381 1864 485 1900 γνῶτε,
501 1865 545 1892 ὅτι
558 1865 615 1900 ἐγὼ
627 1865 662 1892 ἐν
672 1864 712 1898 τῷ
727 1866 887 1900 Πατρὶ,καὶ

94 1913 111 1940 ὁ
123 1911 273 1945 Πατόιρὲν
297 1911 362 1946 ἐμοί
369 1921 376 1927 ο
396 1912 460 1944 καὶ,
478 1911 552 1946 Ἐγὼ
571 1911 609 1947 (4)
626 1911 677 1938 καὶ
701 1913 717 1939 ό
731 1911 833 1946 Πατὴρ
855 1911 889 1939 ἓν

92 1956 190 1991 ἐσμεν
200 1965 206 1971 ·
224 1957 283 1990 καὶ,
303 1957 329 1982 '0
341 1957 477 1992 ἑωρακὼς
489 1957 553 1992 ἐμὲ,
570 1956 680 1991 ἑώρακε
695 1957 749 1983 τὸν
762 1957 887 1991 Πατέρα.

100 2002 171 2028 Ἀλλ’
188 2002 203 2028 ό
221 2002 271 2038 μὲν
288 2002 390 2039 Κύριος
410 2003 533 2038 συνήθως
551 2002 817 2038 φιλανθρωπεύεται,
841 2003 889 2030 καὶ

92 2048 166 2075 θέλει
183 2049 286 2080 πάντας
301 2049 481 2084 ἀνορθοῦσθαι
498 2049 562 2081 τοὺς
581 2049 829 2085 κατερραγμένους,
850 2050 889 2082 ὼς

91 2094 109 2128 ἠ
124 2093 228 2126 αἵνεσις
240 2094 314 2129 λέγει
324 2094 371 2121 τοῦ
386 2094 468 2121 Δαϐίδ
480 2095 518 2130 (5)
530 2103 537 2110 ·
550 2095 575 2121 ot
590 2095 618 2121 δὲ
633 2094 741 2126 ἀσεϐεῖς
751 2095 781 2121 οὐ
797 2095 887 2122 θέλον-

90 2147 139 2171 τες
158 2139 267 2166 ἀκούειν
280 2140 424 2175 Κυριακῆς
433 2140 536 2174 φωνῆς,
548 2139 609 2165 οὐδὲ
623 2139 750 2175 φέροντες
764 2140 829 2175 ὀρᾷν
841 2139 887 2166 τὸν

127 2207 153 2223 ’⁵
171 2205 252 2234 Joan.
272 2214 302 2240 x,
321 2206 366 2234 38.
406 2207 429 2223 ²⁶
448 2206 515 2234 ibid.
535 2205 580 2233 50.
618 2206 640 2222 "
659 2205 738 2233 Joan.
759 2214 814 2240 xlv,
835 2207 863 2234 9.

944 957 989 980 tur
1005 953 1145 989 inquirant
1166 963 1181 982 a
1204 955 1372 990 parentibus,
1390 959 1421 982 ut
1440 955 1474 982 ab
1493 955 1536 983 his
1553 956 1620 990 ipsis
1638 956 1736 983 confu-

944 1002 1045 1031 tentur,
1062 999 1146 1035 589
1160 1008 1175 1027 a
1190 1001 1289 1035 quibus
1309 1008 1369 1036 qua:
1382 1001 1514 1028 elicienda
1533 1006 1605 1029 esset
1627 1009 1659 1029 ex
1684 1009 1734 1030 sua

944 1044 978 1073 de
992 1046 1121 1073 nascendi
1133 1046 1214 1073 modo
1226 1047 1377 1082 quaestione
1390 1047 1530 1074 conclusio
1543 1051 1597 1074 tam
1612 1048 1735 1082 impense

944 1089 1113 1125 ﬂagitarunt,
1133 1095 1333 1126 speraruntque
1348 1099 1405 1119 rem
1419 1099 1452 1119 ex
1466 1092 1533 1127 ipsis
1545 1092 1625 1127 plane
1640 1093 1734 1128 cogni-

945 1140 1030 1164 turos.
1048 1135 1111 1164 Ilaec
1126 1136 1231 1164 scilicet
1255 1137 1293 1164 illi
1317 1142 1382 1165 sunt
1406 1139 1564 1173 responsuri
1583 1149 1590 1166 :
1611 1138 1650 1166 Ea
1672 1147 1734 1175 quae

944 1181 1091 1216 gignimus,
1107 1190 1160 1210 non
1174 1183 1323 1211 voluntatis
1336 1188 1410 1216 sunt,
1424 1184 1471 1212 sed
1484 1185 1570 1212 nostri
1584 1189 1648 1212 sunt
1658 1185 1734 1213 simi-

944 1226 1001 1253 lia:
1018 1234 1106 1262 neque
1122 1227 1197 1262 prius
1215 1228 1390 1256 deliberando
1414 1233 1504 1263 patres
1526 1229 1669 1263 eilicimur,
1685 1231 1733 1259 sed

944 1272 1054 1307 gignere
1077 1273 1218 1308 proprium
1242 1278 1284 1301 est
1309 1278 1424 1306 natum,
1442 1275 1663 1311 quandoquidem
1681 1284 1732 1305 nos

944 1325 1053 1353 quoque
1077 1318 1129 1354 ipsi
1152 1323 1295 1354 parentum
1319 1328 1415 1348 sumus
1439 1321 1581 1356 imagines.
1597 1321 1645 1349 νει
1666 1330 1733 1358 ergo

944 1363 1049 1398 seipsos
1065 1364 1257 1397 condemnent,
1273 1368 1300 1391 et
1320 1365 1448 1393 mulieres
1463 1365 1496 1392 de
1512 1365 1581 1393 Filio
1599 1365 1644 1393 Dei
1660 1366 1732 1394 desi-

943 1414 1010 1437 nant
1026 1409 1220 1446 interrogare:
1241 1411 1282 1438 vel
1307 1415 1380 1438 certe
1401 1411 1436 1439 ab
1459 1411 1526 1446 ipsis
1545 1411 1652 1439 discant
1676 1419 1731 1439 non

942 1455 1092 1488 voluntate,
1102 1455 1149 1483 sed
1158 1460 1255 1484 natura
1269 1460 1296 1484 et
1309 1465 1402 1485 revera
1415 1457 1498 1484 ﬁlium
1512 1457 1596 1492 gigni.
1610 1456 1731 1493 [Equum

942 1501 1015 1528 enim
1033 1505 1075 1529 est
1089 1508 1137 1528 eos
1153 1502 1321 1537 argumentis
1341 1510 1373 1529 ex
1389 1501 1531 1529 hominum
1549 1506 1646 1529 natura
1663 1502 1732 1537 peti-

945 1545 979 1573 tis
998 1545 1095 1577 refelli,
1114 1546 1161 1581 qui
1178 1546 1297 1574 humana
1316 1546 1350 1574 de
1363 1546 1504 1574 divinitate
1517 1547 1639 1581 improbe
1654 1547 1731 1583 cogi-

942 1594 1010 1617 tant.
1024 1590 1094 1624 Quid
1119 1591 1202 1626 igitur
1218 1591 1308 1618 adhuc
1331 1591 1474 1618 insaniunt
1492 1591 1595 1618 Christi
1616 1591 1731 1619 hostes!

939 1635 1008 1663 Nam
1038 1636 1110 1663 hanc
1139 1636 1249 1663 illorum
1276 1635 1409 1663 rationem
1433 1640 1464 1663 ut
1490 1640 1517 1663 et
1541 1635 1609 1663 alias
1633 1643 1730 1664 omne:

939 1681 1109 1709 ostendimus
1121 1689 1154 1710 ac
1167 1682 1336 1709 canvicimus
1350 1681 1418 1708 nihil
1432 1682 1484 1709 nisi
1501 1681 1606 1709 fabulas
1617 1686 1643 1709 et
1654 1689 1730 1709 mera

939 1731 1092 1754 commenta
1114 1735 1184 1754 esse.
1206 1728 1274 1755 Sero
1293 1727 1376 1763 igitur
1398 1728 1493 1755 saltem
1510 1727 1730 1755 animadvertant

939 1773 967 1800 in
980 1777 1109 1809 quantam
1131 1774 1296 1808 insipientia
1308 1774 1468 1810 voraginem
1492 1781 1553 1802 sese
1575 1773 1729 1809 praecipita-

939 1819 1037 1850 verint,
1067 1826 1099 1847 ac
1123 1820 1224 1848 nostris
1251 1820 1448 1848 monitionibus
1472 1820 1594 1853 excitati,
1618 1820 1728 1847 tandem

940 1864 1003 1892 inde
1024 1864 1153 1893 festinent
1173 1873 1322 1900 emergere,
1341 1874 1425 1902 seque
1445 1874 1479 1894 ex
1503 1866 1603 1894 diaboli
1623 1866 1728 1901 laqueis

940 1910 1076 1944 expedire.
1098 1910 1237 1946 Siquidem
1256 1912 1372 1947 benigna
1388 1916 1431 1939 est
1446 1911 1548 1939 veritas
1575 1918 1636 1946 quae
1654 1911 1728 1938 assi-

940 1955 993 1982 due
1007 1955 1108 1983 clamat
1124 1965 1130 1983 :
1148 1955 1178 1983 Si
1193 1956 1257 1983 mihi
1270 1957 1305 1984 ob
1321 1956 1444 1992 corporis
1457 1957 1585 1984 amictum
1599 1964 1651 1983 non
1668 1964 1727 1984 cra-

941 2001 1016 2035 ditis,
1034 2002 1155 2036 operibus
1176 2003 1272 2030 saltem
1291 2003 1398 2036 credite,
1421 2007 1451 2029 ut
1469 2002 1649 2038 cognoscatis,
1664 2003 1728 2037 quia

939 2056 985 2083 ego
1000 2048 1028 2075 in
1042 2048 1131 2082 Patre,
1145 2053 1170 2076 et
1188 2048 1273 2076 Pater
1289 2050 1316 2076 in
1331 2058 1371 2076 me
1386 2050 1468 2082 est“,
1484 2053 1520 2082 et,
1536 2048 1592 2084 Ego
1609 2052 1633 2075 et
1647 2048 1727 2075 Pater

939 2103 1022 2122 unum
1042 2103 1132 2122 sumus
1143 2096 1176 2129 ’⁸,
1192 2099 1229 2128 et,
1248 2096 1301 2128 Qui
1324 2096 1389 2122 vidit
1414 2103 1464 2129 me,
1484 2095 1550 2122 vidit
1570 2094 1679 2121 Patrem
1691 2094 1725 2120 ".

943 2139 1041 2167 Verum
1064 2139 1197 2168 Dominus
1217 2140 1327 2175 quidem
1344 2148 1394 2176 pro
1410 2147 1486 2168 more
1507 2147 1558 2167 suo
1579 2140 1727 2168 clementer

128 2291 186 2327 (93)
208 2291 254 2320 Sic
265 2291 484 2328 Regiusprimus
499 2296 526 2319 et
547 2291 742 2327 Seguerianus.
758 2291 793 2319 At
806 2292 882 2325 editi,
899 2295 922 2323 Ι)
938 2293 1008 2322 Felc.
1034 2295 1059 2322 1.
1086 2296 1120 2322 At
1141 2296 1185 2322 alii
1208 2299 1235 2322 et
1256 2295 1340 2323 editio
1362 2294 1508 2326 Commel.,
1528 2293 1644 2328 τέκνων.
1664 2293 1725 2321 Mnx

160 2335 216 2353 ται.

110 2328 253 2397 ἐῖἓςῖἵιὲίο
279 2361 386 2397 primus
409 2362 492 2390 codex
519 2361 585 2396 Reg.
602 2361 716 2397 Seguer.
732 2361 842 2397 Gobler.
858 2366 885 2389 et

90 2396 213 2424 Felckm.
230 2397 257 2427 L
282 2396 378 2425 Caneri
396 2401 487 2424 autem
503 2401 529 2423 et
545 2397 621 2429 editi,
636 2396 768 2430 ἐδίδαξαν.
784 2396 884 2424 Ibidem

90 2431 194 2466 Regius
209 2432 314 2467 primus
328 2435 356 2458 et
371 2430 752 2467 Seguerianus,_’E60uMp-qv
766 2431 796 2458 δὲ
811 2431 885 2463 τούς.

90 2465 194 2502 Regius
209 2465 359 2499 secundus,
377 2465 543 2502 Ἐϐουλόμην
558 2465 604 2493 οὖν
619 2465 754 2499 τούς.Μίἱ
769 2471 795 2494 et
809 2467 885 2499 editi,

96 2501 264 2533 Ἐϐουλόμην
277 2502 350 2533 τούς.

110 2536 185 2577 ’(95)
206 2536 534 2580 Ρείῐηυξοοόριιιῖςβ-ἰυε
555 2543 583 2565 et
601 2537 799 2580 ’Seguerianns,
819 2538 883 2580 egu-

87 2571 146 2598 τῶν
161 2571 294 2605 γυναῖκας
306 2571 341 2603 ἃς
355 2571 441 2599 αὐτοί.
457 2571 559 2600 Ibidem
574 2571 687 2609 πότερον
703 2572 780 2599 abest
797 2580 812 2600 a
829 2572 884 2600 Go-

88 2607 214 2648 bleriano
225 2606 402 2648 etii-etclam.“
402 2607 502 2647 primo,
519 2615 569 2648 pro
583 2615 639 2643 quo
649 2607 772 2648 Anglic"
784 2607 882 2648 πρότεο

123 2650 149 2683 v:
168 2641 234 2683 Item
257 2642 356 2683 ibidem
382 2641 484 2683 Regius
498 2641 603 2683 primus
622 2647 657 2683 _et
684 2641 879 2683 Segue‘rianus,

123 2651 149 2668 v.
170 2651 234 2668 Item
258 2651 356 2669 lDluem
382 2651 484 2677 negius
498 2651 603 2677 primus
629 2651 657 2670 et
684 2651 878 2683 Seguerianus,

89 2651 291 2713 Ξυλευόμενοι,
304 2681 334 2713 et
348 2684 423 2710 mox,
439 2677 486 2713 καὶ
507 2677 557 2713 τῆς
578 2677 666 2713 ὑμῶν.
681 2677 733 2708 Alii
748 2678 878 2713 edtttque,

89 2711 260 2746 βουλόμενοι,
274 2712 410 2746 iidemque
422 2712 469 2739 καί
483 2711 622 2740 omittunt.

123 2747 181 2782 (96)
202 2747 269 2781 Reg.
290 2747 345 2782 let
360 2747 473 2782 Seguer.
492 2748 596 2775 addunt
617 2748 669 2780 ὃτι,
686 2748 758 2776 quod
770 2748 797 2775 in
815 2747 877 2775 aliis

88 2786 116 2809 et
129 2781 218 2810 editis
232 2784 318 2809 deest.
338 2781 409 2809 lbidI
424 2782 496 2810 Felc.
514 2782 671 2812 2-eteditio
683 2782 830 2816 Commel.,
847 2782 878 2810 οὐ

88 2815 241 2856 Miser:
253 2817 331 2856 ἡμῶν
344 2817 418 2856 ἐστιν
433 2818 532 2856 ὅμοιον

124 2850 181 2888 (97)
194 2852 240 2880 Sic
258 2850 358 2887 llegius
373 2850 487 2887 primus,
505 2850 663 2889 Seguerian.
680 2853 835 2881 Goblerian.
850 2857 878 2881 et

935 2328 1001 2369 ﬁeg.
1021 2330 1033 2356 1
1049 2350 1056 2363 ,
1067 2329 1190 2369 __Seguer.
1216 2329 1325 2369 Gobler.
1340 2334 1368 2357 et
1384 2329 1456 2357 Felc.
1473 2329 1484 2356 1
1498 2348 1506 2361 ,
1533 2327 1724 2359 παυέσθωσαν.

934 2364 986 2391 Alii
1000 2369 1028 2391 et
1043 2364 1122 2397 editi,
1135 2365 1345 2393 παυσάσθωσαν.

971 2399 1027 2432 (98)
1047 2399 1093 2427 Sic
1105 2400 1209 2434 primus
1226 2401 1313 2427 codex
1339 2398 1457 2432 Regius,
1479 2400 1591 2434 Segucn.
1613 2399 1723 2428 Gobler.

934 2439 963 2462 et
979 2434 1049 2461 Felc.
1065 2436 1091 2461 1.
1107 2435 1141 2461 At
1157 2435 1202 2461 alii
1217 2439 1243 2462 et
1258 2436 1332 2466 editi,
1351 2436 1396 2461 καὶ
1418 2436 1483 2470 παρ’
1500 2435 1600 2461 αὐτῶν.

971 2469 1111 2506 (99)_'fEu
1126 2475 1152 2506 et
1168 2478 1230 2497 mox
1246 2471 1293 2506 καί
1310 2471 1410 2497 absunt
1423 2479 1437 2497 a
1448 2469 1518 2506 (Reg.
1535 2471 1545 2496 1
1562 2474 1590 2506 et
1608 2470 1721 2506 Segucr.

974 2504 1012 2539 (l)
1033 2504 1080 2532 Sic
1095 2505 1199 2540 primus
1212 2505 1298 2532 codex
1316 2505 1426 2539 Regius,
1444 2505 1557 2540 chucr.
1571 2504 1681 2533 Gobler.
1697 2510 1724 2532 et

938 2539 1010 2567 Felc.
1028 2540 1052 2567 1.
1070 2539 1105 2567 Αἱ
1121 2540 1165 2567 alii
1180 2544 1207 2575 et
1218 2540 1294 2571 editi,
1312 2540 1493 2575 μυθοπλασία.

972 2575 1010 2617 (2)
1031 2575 1133 2611 Regius
1148 2575 1173 2607 1.
1191 2574 1364 2611 Seguerian.,
1377 2578 1484 2610 φυγεῖν.
1496 2574 1593 2603 Caeteri
1608 2579 1635 2602 et
1645 2575 1722 2608 editi,

935 2618 1139 2681 φεῖὦειῖίεςὶυε
1155 2645 1277 2681 primus,
1296 2645 1468 2707 Segucrian.,
1492 2645 1523 2672 Εἰ
1538 2645 1600 2680 ἐμοὶ
1606 2644 1655 2707 Βμὴ
1678 2655 1723 2673 πι-

935 2680 1041 2707 στεύετε
1051 2701 1059 2707 .
1072 2686 1099 2707 et
1111 2688 1186 2707 mox.
1199 2680 1251 2707 κᾶν
1262 2682 1318 2707 τοῖς
1348 2690 1432 2707 ογοιε.
1446 2680 1555 2707 Gobler.
1568 2685 1596 2707 et
1629 2682 1679 2707 ele.
1694 2682 1723 2707 1.

932 2680 1041 2707 στεύετε
1051 2701 1059 2712 ,
1072 2680 1102 2716 et
1111 2680 1186 2712 mox,
1199 2680 1251 2708 κᾶν
1262 2682 1318 2712 τοῖς
1333 2680 1432 2716 ἔργοις.
1446 2680 1555 2708 Gobler.
1568 2685 1596 2708 et
1606 2680 1679 2708 Fele.
1694 2682 1724 2713 t,

931 2716 995 2743 item
1009 2715 1159 2752 πιστεύετε.
1168 2716 1221 2742 Alii
1232 2721 1259 2744 et
1269 2715 1352 2750 editi,
1363 2716 1425 2742 Ἐὰν
1437 2716 1498 2751 ἐμοὶ
1511 2716 1550 2752 μὴ
1563 2716 1721 2752 πιστεύητε,

933 2755 961 2778 et
976 2752 1106 2779 omittunt
1119 2750 1181 2778 κᾶν.

969 2786 1007 2821 (1)
1029 2786 1131 2821 Regius
1147 2787 1251 2820 primus
1264 2791 1291 2813 et
1308 2787 1432 2821 Segucr.,
1449 2786 1536 2820 κάγώ.

968 2821 1006 2856 (5)
1026 2821 1135 2849 Gobler.
1151 2825 1178 2848 et
1194 2821 1264 2849 F‘elc.
1284 2821 1308 2853 i,
1323 2822 1360 2853 ὡς
1377 2822 1447 2848 αἰνεῖ
1458 2821 1549 2849 Δαϐίδ.
