3834 6220
397 277 504 333 467

1003 275 1063 331 S.
1105 272 1484 328 ATHANASII
1519 273 1667 329 UPP.
1711 273 1890 332 PARS
1922 274 1962 329 1.

2089 273 2463 331 HISTORICA
2499 275 2587 329 ET
2623 271 3045 330 DOGMATICA.

3548 267 3657 328 468

397 395 531 466 agit,
571 402 626 448 et
653 407 844 449 omnes
867 391 1032 447 elisos
1060 393 1240 462 erigit,
1273 401 1332 446 ut
1360 393 1438 447 ait
1468 393 1637 448 David
1661 394 1708 425 ’⁸
1738 413 1751 448 :
1783 403 1840 448 at
1864 393 1962 448 im-

2073 393 2276 465 Κύριον
2306 392 2380 465 (6)
2413 394 2516 447 ὑπὸ
2544 393 2759 447 πάντων
2780 389 3210 460 ὁμολογούμενον
3231 388 3381 454 Θεὸν,
3403 388 3500 442 xui
3517 384 3658 441 Θεοῦ

395 486 474 554 pii
513 482 850 538 Dominicam
882 497 1071 536 vocem
1103 482 1352 536 nolentes
1384 482 1603 546 audire,
1636 498 1736 537 nec
1785 482 1968 537 feren-

393 585 478 632 tes
509 575 821 640 Dominum,
850 573 1017 628 Deum
1047 583 1102 629 et
1128 573 1222 628 Dei
1261 572 1458 628 Filium
1493 574 1672 645 palam
1697 575 1764 629 ab
1789 575 1968 628 omni-
1989 628 2013 662 ξ

394 667 498 720 bus
527 666 771 736 agnosci,
810 665 974 719 veluti
1019 665 1302 730 scarabaei,
1339 680 1466 719 cum
1504 680 1606 720 suo
1650 673 1803 734 patre
1849 664 1972 719 dia-
2013 693 2016 695 λ

393 757 520 812 bolo
557 755 744 810 miseri
789 755 1150 817 circumeunt,
1185 767 1244 810 ut
1273 771 1412 810 nova
1442 756 1738 827 impietatis
1772 755 1970 811 conﬁr-

393 850 605 903 mandae
645 849 922 919 reperiant
969 857 1310 918 argumenta.
1348 847 1490 915 Quid
1523 849 1686 919 igitur
1714 849 1857 903 ultra
1888 847 1970 902 vel

392 939 536 993 unde
575 940 821 994 invenire
851 939 1082 1008 possint,
1117 938 1222 993 nisi
1261 954 1292 994 a
1317 938 1518 994 Iudaeis
1547 949 1600 994 et
1627 939 1834 1009 Caipha
1868 939 1972 992 im-

391 1030 479 1101 pia
513 1040 832 1085 mutuentur
857 1031 1163 1096 maledicta,
1191 1038 1245 1084 et
1293 1046 1417 1085 cum
1453 1030 1744 1101 gentilibus
1777 1045 1969 1084 verum

397 1120 562 1175 Deum
606 1121 842 1191 negent?
885 1119 1165 1191 Siquidem
1225 1121 1425 1175 clausze
1464 1121 1571 1176 illis
1611 1130 1739 1176 sunt
1777 1120 1974 1176 divinae

2077 484 2230 548 Υίὸν,
2261 485 2643 555 περιέρχονται
2687 485 2736 536 oi
2791 482 2984 546 ἄθλιοι,
3015 482 3090 545 ὡς
3139 481 3216 551 (7)
3263 483 3310 534 οἱ
3364 480 3655 550 κάνθαροι,

2082 575 2221 645 μετὰ
2252 576 2347 629 τοῦ
2375 576 2578 646 πατρὸς
2605 577 2813 629 ἑαυτων
2838 573 2932 628 τοῦ
2963 573 3207 626 διαϐόλου
3235 573 3540 643 προφάσεις
3578 571 3658 634 είς

2078 666 2333 721 ἀσέϐειαν
2358 665 2665 740 ζητοῦντες.
2697 669 2862 731 Ποίας
2890 663 2984 720 οὖν
3012 666 3119 736 ἄρα
3155 663 3291 733 μετὰ
3337 661 3514 716 ταῦτα
3549 661 3659 714 πά-

2077 754 2161 809 λιν
2195 754 2297 825 (8),
2331 755 2364 825 ἢ
2394 755 2556 809 πόθεν
2589 757 2768 826 εὑρεῖν
2787 755 3122 826 δυνήσονται,
3147 755 3196 806 εί
3243 752 3316 822 μὴ
3351 752 3460 821 ἄρα
3502 748 3658 818 παρὰ

2083 844 2183 917 μὲν
2225 845 2492 900 Ἰουδαίων
2523 849 2617 900 xui
2641 846 2735 900 τοῦ
2773 847 3000 916 Καῖάφα
3041 845 3115 916 (9)
3158 842 3510 897 δανείσωνται
3557 841 3658 904 τὰς

2077 939 2408 1012 δυσφημίας,
2433 942 2562 1010 παρ’
2577 939 2840 1010 Ἑλλήνων
2855 939 2913 992 δὲ
2937 937 3140 992 λάϐωσι
3155 936 3254 1008 τὴν
3281 933 3550 1003 ἀθεότητα
3567 933 3657 995 ;ui

2074 1029 2187 1102 γὰρ
2203 1029 2342 1083 θεῖαι
2362 1030 2576 1100 Γραφαὶ
2603 1031 2810 1093 τούτοις
2829 1028 3184 1099 ἐκλείσθησαν
3203 1068 3218 1092 ,
3253 1025 3348 1079 xui
3380 1024 3662 1092 πανταχό-

2080 1120 2172 1176 θεν
2200 1121 2259 1189 ἐξ
2289 1123 2466 1176 αὐτῶν
2493 1123 2836 1194 ἠλέγχθησαν
2872 1122 3102 1191 ἄφρονες
3131 1119 3227 1172 xui
3252 1115 3655 1189 Χριστομάχοι.

393 1216 707 1286 Scriptura,
745 1233 811 1272 ex
856 1216 1054 1287 quibus
1092 1217 1340 1272 videlicet
1381 1225 1436 1272 et
1488 1217 1639 1272 stulti
1682 1228 1736 1272 et
1764 1214 1964 1272 Christi
1996 1216 2184 1274 hostes
2206 1233 2330 1274 esse
2353 1217 2501 1274 omni
2527 1232 2593 1273 ex
2619 1225 2772 1288 parte
2800 1225 2928 1272 sunt
2953 1213 3224 1271 convicti}

1008 1443 1240 1586 ’ΤΟΥ
1330 1500 1708 1588 ΑΥΤΟΥ
1804 1501 2170 1588 ΛΟΓΟΣ
2265 1500 2824 1586 ΤΕΤΑΡΤΟΣ
2859 1490 2972 1562 (ιο)
3015 1563 3034 1583 .

1172 1635 1713 1792 EJUSbEM
1787 1702 2253 1796 ORATIO
2330 1703 2854 1810 QUARTA.

463 1900 518 1953 1.
542 1899 622 1956 Ex
655 1900 765 1958 Deo
800 1901 944 1958 Deus
973 1910 1056 1958 est
1080 1901 1315 1958 Verbum
1368 1920 1382 1954 :
1414 1919 1649 1974 namque
1693 1903 1833 1959 Deus
1856 1913 1972 1958 erat

380 1986 628 2045 .Verbum
673 1993 752 2058 '9;
790 2002 845 2047 et
876 2008 1070 2047 rursus
1102 2011 1114 2046 :
1145 1991 1384 2058 Quorum
1407 2003 1676 2062 patres,et
1697 2009 1761 2046 ea:-
1782 1994 1970 2063 quibus

392 2079 632 2134 Christus
683 2082 774 2151 qui
823 2092 898 2135 est
945 2099 1100 2150 super
1139 2081 1518 2151 omnia‘Deus
1564 2081 1862 2136 benedictus
1915 2083 1970 2136 in

363 2167 608 2226 saecula.
649 2172 816 2227 Amen
859 2175 926 2226 ³⁰.
976 2173 1112 2239 Quia
1146 2189 1311 2243 porro
1344 2189 1413 2228 ex
1461 2171 1571 2228 Deo
1612 2171 1757 2228 Deus
1784 2183 1886 2238 est,
1917 2186 1972 2228 et

389 2260 486 2316 Dei
516 2261 776 2330 Verbum,
818 2262 1116 2333 Sapientia,
1143 2263 1315 2320 Filius
1351 2273 1406 2319 et
1446 2264 1631 2320 Virtus
1678 2273 1764 2319 est
1806 2264 1968 2318 Chri-

389 2363 530 2419 stus;
554 2355 758 2411 idcirco
788 2371 931 2410 unus
955 2353 1100 2409 Deus
1130 2356 1182 2408 in
1209 2355 1408 2410 divinis
1439 2354 1732 2424 Scripturis
1757 2369 1970 2406 annun-

388 2445 578 2500 tiatur.
623 2446 761 2503 Cum
791 2447 936 2503 enim
968 2444 1210 2502 Verbum
1253 2449 1416 2502 unius
1448 2445 1541 2502 Dei
1577 2448 1647 2502 sit
1670 2445 1861 2509 Filius,
1900 2447 1969 2500 ad

387 2537 543 2591 illum
596 2539 754 2609 cujus
801 2551 885 2596 est
925 2540 1194 2606 refertur,
1225 2541 1298 2594 ita
1340 2549 1403 2594 ut
1448 2541 1557 2594 duo
1598 2539 1816 2607 quidem
1860 2537 1970 2590 sint

387 2626 549 2684 Pater
573 2639 627 2685 et
666 2629 860 2699 Filius,
887 2634 1070 2688 unitas
1101 2647 1231 2686 vero
1262 2632 1560 2686 divinitatis
1596 2631 1871 2684 individua
1901 2629 1970 2684 sit

385 2719 649 2790 nulloque
697 2721 862 2777 modo
897 2724 1221 2791 separabilis
1257 2737 1381 2793 :_ac
1423 2720 1648 2790 proinde
1675 2721 1965 2775 dicendum

387 2822 473 2863 est
499 2826 669 2865 unum
698 2826 820 2867 esse
846 2812 1143 2868 divinitatis
1170 2813 1520 2882 principium,
1553 2828 1659 2866 non
1685 2811 1795 2866 duo
1817 2811 1969 2881 prin-

388 2899 529 2969 cipia
560 2917 574 2955 :
604 2903 748 2956 unde
787 2904 1004 2972 proprie
1033 2913 1088 2959 et
1121 2903 1436 2959 monarcbia
1468 2911 1570 2958 est.
1614 2901 1692 2955 Ex
1722 2902 1839 2971 ipso
1872 2917 1968 2955 au-

385 2999 497 3045 tem
549 2993 820 3062 principio
854 2993 1086 3050 Verbum
1133 2995 1305 3050 Filius
1343 3003 1536 3049 natura
1579 2994 1825 3059 exsistit,
1857 3007 1964 3046 non

387 3091 450 3136 ut
479 3083 625 3138 aliud
652 3085 980 3156 principium
1022 3102 1117 3156 per
1156 3087 1394 3156 seipsum
1429 3085 1754 3149 subsistens,
1791 3099 1967 3154 neque

385 3172 606 3228 aliunde
632 3190 795 3244 quam
827 3191 892 3230 ex
916 3177 1035 3246 ipso
1069 3192 1178 3231 uno
1200 3177 1467 3247 principio
1501 3186 1680 3239 natus,
1715 3191 1782 3228 ne
1806 3175 1966 3245 dyar-

2143 1903 2196 1957 1.
2244 1904 2339 1956 Ἐκ
2369 1899 2503 1956 Θεοῦ
2539 1902 2670 1966 Θεός
2702 1903 2848 1954 ἐστιν
2873 1903 2902 1953 6
2923 1909 3120 1970 Λογοςο
3147 1900 3240 1953 xui
3270 1899 3412 1965 Θεὸς
3440 1899 3551 1972 γὰρ
3579 1894 3660 1970 ἧι·

2075 1997 2107 2049 ό
2139 1995 2330 2064 Λόγος
2355 2010 2367 2024 ·
2393 1994 2488 2047 xui
2521 1993 2714 2046 πάλινο
2743 1987 2855 2045 Ὧν
2882 1992 2936 2043 οἱ
2957 1988 3226 2056 πατέρες,
3263 1989 3360 2041 καὶ
3400 1987 3472 2052 ἐξ
3499 1981 3591 2040 ὧν
3625 1987 3660 2042 ό
3717 2043 3730 2054 _

2071 2085 2347 2154 Χριστὸς,
2371 2088 2404 2138 ὁ
2418 2084 2503 2138 ὢν
2521 2085 2619 2138 ἐπὶ
2641 2083 2882 2138 πάντων
2905 2081 3047 2147 Θεὸς
3061 2079 3389 2150 εὐλογητὸς
3408 2082 3495 2144 εἰς
3511 2077 3660 2144 τοὺς

2071 2171 2312 2239 αἰῶνας.
2373 2170 2567 2242 Ἀμήν.
2598 2171 2708 2224 Καὶ
2739 2171 2853 2240 (11)
2881 2169 3066 2241 ἐπειδὴ
3089 2172 3153 2222 ὲκ
3186 2167 3320 2221 Θεοῦ
3347 2167 3479 2230 Θεός
3514 2170 3654 2229 ἐστι,

2072 2268 2167 2322 xui
2203 2266 2295 2320 τοῦ
2321 2264 2456 2318 Θεοῦ
2478 2264 2668 2332 Λόγος,
2693 2263 2885 2332 Σοφία,
2919 2262 3072 2325 Υἱὸς,
3114 2261 3209 2313 xui
3243 2260 3470 2330 δύναμίς
3503 2262 3659 2312 ἐστιν

2069 2362 2099 2412 6
2128 2358 2384 2430 Χριοτὸς,
2407 2356 2496 2410 διὰ
2519 2354 2678 2408 τοῦτο
2711 2349 2792 2417 εἷς
2813 2354 2946 2417 Θεὸς
2971 2355 3028 2407 ὲν
3051 2355 3169 2416 ταῖς
3195 2353 3365 2415 θείαις
3411 2351 3660 2421 Γραφαῖς

2071 2450 2518 2519 καταγγέλλεται.
2549 2447 2656 2501 Τοῦ
2689 2447 2807 2510 ἐνὸς
2831 2446 2940 2517 γὰρ
2969 2444 3103 2498 Θεοῦ
3129 2444 3255 2506 Υἱὸς
3287 2444 3361 2496 ὢν
3399 2445 3426 2496 6
3458 2443 3656 2510 Λόγος,

2071 2544 2151 2606 είς
2182 2543 2365 2606 αὑτὸν,
2395 2533 2455 2594 οῦ
2491 2541 2584 2593 xui
2613 2539 2782 2601 ἐστιν,
2805 2537 3136 2609 ἀναφέρεται
3156 2555 3170 2567 ⁸
3218 2536 3359 2589 ὥστε
3407 2537 3500 2589 δύο
3556 2538 3658 2606 μὲν

2071 2630 2211 2688 εῖναι
2241 2633 2462 2705 Πατέρα
2495 2633 2590 2686 xui
2620 2631 2767 2696 Υίὸν,
2797 2630 2999 2702 μονάδα
3025 2630 3080 2683 δὲ
3107 2629 3358 2699 θεότητος
3408 2629 3657 2700 ἀδιαίρε-

2068 2744 2160 2779 τον
2199 2727 2298 2780 xui
2342 2724 2617 2795 ἄσχιστον.
2653 2721 2887 2792 Λεχθείη
2917 2720 2961 2772 δ’
2991 2721 3057 2774 ἂν
3086 2721 3180 2774 xui
3224 2720 3335 2790 (12)
3370 2719 3510 2772 οὓτω
3556 2719 3658 2789 μία

2070 2818 2212 2889 ἀρχὴ
2241 2817 2514 2887 θεότητος,
2553 2815 2646 2868 xui
2674 2813 2736 2866 οὐ
2777 2812 2870 2864 δύο
2900 2813 3099 2884 ἀρχαί·
3144 2812 3264 2865 ὅθεν
3313 2811 3519 2882 κυρίως
3559 2811 3657 2864 xui

2073 2909 2341 2981 μοναρχία
2371 2908 2537 2960 ἐστίν.
2588 2907 2676 2970 Ἐξ
2715 2907 2884 2976 αὐτῆς
2907 2905 2963 2957 δὲ
2995 2905 3096 2975 τῆς
3124 2904 3296 2974 ἀρχῆς
3347 2905 3462 2954 ἐστι
3492 2901 3656 2969 φύσει

2070 3001 2199 3065 Υίὸς
2226 3004 2254 3055 6
2279 3002 2468 3069 Λόγος,
2499 3000 2596 3070 οὑχ
2633 2999 2710 3061 ὠς
2746 2999 2888 3069 ἀρχὴ
2939 2998 3100 3067 ἑτέρα
3135 2996 3257 3049 καθ’
3310 2995 3500 3048 ἑαυτὸν
3553 2995 3657 3063 ὑφ-

2071 3092 2248 3156 εστὼς
2273 3093 2380 3145 οὐδ’
2417 3091 2617 3159 ἔξωθεν
2638 3092 2842 3161 ταύτης
2880 3088 3137 3160 γεγονὼς,
3163 3089 3249 3141 ἵνα
3283 3088 3356 3158 μὴ
3379 3088 3450 3158 τῇ
3472 3085 3656 3157 ἐτερόο

2069 3202 2190 3256 τητι
2222 3184 2450 3256 δυαρχία
2492 3186 2585 3238 xui
2618 3184 2918 3256 πολυαρχία
2947 3183 3195 3252 γενηται,
3224 3179 3360 3233 ἀλλὰ
3383 3179 3482 3248 τῆς
3521 3180 3656 3248 μιᾶς

384 3263 565 3318 cbiam
592 3274 647 3319 et
667 3266 1058 3337 polyarchiam,
1087 3268 1140 3322 id
1175 3276 1260 3322 est
1292 3267 1401 3321 duo
1437 3267 1520 3321 vel
1548 3267 1782 3337 plurima
1815 3265 1962 3336 prin-

2073 3274 2243 3346 ἁρχῆς
2273 3273 2402 3336 ἴδιος
2430 3273 2588 3340 Υἱὸς,
2621 3274 2726 3327 ἰδία
2764 3273 2922 3342 σοφία
2953 3272 3086 3343 (15),
3144 3271 3274 3334 ἴδιος
3333 3271 3504 3338 Λόγος
3526 3309 3541 3333 ,
3595 3268 3655 3333 ἐξ

384 3356 527 3425 cipia
567 3355 856 3414 diversitas
902 3359 1145 3424 inducat,
1179 3360 1273 3414 sed
1325 3359 1487 3414 unius
1543 3358 1789 3429 principii
1839 3373 1967 3427 pro-

383 3447 540 3515 prius
579 3458 664 3504 est
711 3448 927 3518 Filius,
952 3452 1171 3522 prOpria
1220 3451 1519 3521 sapientia,
1575 3449 1966 3520 propriumque

391 3539 626 3596 Verbum
669 3558 736 3597 ex
779 3559 846 3598 eo
903 3543 1070 3616 490
1115 3544 1406 3600 exsistcns.
1465 3542 1633 3607 Nam,
1698 3557 1755 3598 ut
1809 3544 1967 3599 docet

379 3630 644 3695 Joannes,
686 3636 741 3687 in
782 3635 888 3690 isto
923 3636 1184 3704 principio
1222 3645 1338 3690 erat
1377 3634 1626 3697 Verbum,
1654 3646 1702 3690 et
1743 3633 1966 3689 Verbum

381 3734 497 3780 erat
525 3727 665 3796 apud
692 3726 861 3781 Deum
891 3729 956 3782 δι.
980 3728 1127 3784 Deus
1159 3729 1304 3783 enim
1331 3729 1657 3799 principium
1683 3737 1784 3784 est.
1811 3726 1966 3782 Unde

380 3818 509 3886 quia
530 3833 597 3874 ex
617 3821 720 3874 hoc
734 3822 1002 3891 principio
1021 3832 1124 3888 est,
1143 3823 1344 3876 idcirco
1360 3822 1522 3876 etiam
1540 3820 1680 3875 Deus
1697 3830 1811 3874 erat
1837 3820 1966 3874 Ver-

379 3907 605 3963 bum'".
645 3909 813 3966 Porro
840 3915 1295 3982 quemadmodum
1320 3930 1487 3968 unum
1513 3923 1597 3968 est
1617 3913 1961 3983 principium,

377 4010 434 4054 et
456 4003 684 4070 proinde
712 4020 855 4060 unus
885 4004 1029 4060 Deus
1059 4022 1071 4059 ;
1099 4005 1170 4060 ita
1205 4021 1328 4074 quae
1349 4006 1632 4060 verissime
1665 4013 1748 4059 est
1778 4020 1964 4060 essen-

378 4091 455 4144 tia
485 4099 540 4146 et
575 4093 899 4160 subSIantia,
948 4111 1055 4150 una
1087 4107 1170 4150 est
1198 4111 1321 4166 qua:
1361 4096 1493 4150 dicit
1524 4113 1537 4150 :
1586 4094 1698 4165 Ego
1725 4111 1841 4148 sum
1871 4096 1963 4164 qui

378 4200 499 4238 sum
531 4185 598 4252 ³³,
621 4201 730 4240 non
763 4197 945 4242 autem
975 4190 1117 4252 duae,
1149 4204 1217 4242 ne
1263 4189 1471 4243 scilicet
1508 4189 1618 4242 duo
1662 4189 1772 4242 sint
1812 4187 1962 4257 prin-

379 4276 540 4345 cipia.
583 4275 663 4331 Ex
697 4295 804 4333 una
837 4290 1018 4334 autem
1054 4280 1146 4334 illa
1187 4281 1494 4336 substantia
1525 4280 1740 4335 exsistit
1765 4287 1960 4334 natura

375 4376 431 4422 et
457 4384 584 4424 vere
611 4368 804 4435 Filius,
832 4371 1070 4427 Verbum
1093 4415 1108 4438 ,
1141 4374 1404 4442 sapientia
1425 4416 1440 4440 ,
1474 4374 1802 4444 propriaque
1839 4371 1959 4442 ejus

373 4461 571 4525 virtus,
605 4478 706 4518 nec
736 4464 806 4518 ab
843 4481 906 4520 ea
942 4467 1282 4535 separabilis.
1323 4465 1386 4521 Ut
1434 4481 1562 4520 vero
1597 4481 1704 4520 non
1740 4465 1839 4518 alia
1877 4473 1960 4520 est

373 4555 611 4609 essentia
651 4572 746 4611 seu
779 4558 1107 4624 substantia,
1139 4574 1208 4613 ne
1249 4560 1359 4614 duo
1391 4560 1503 4614 sint
1544 4557 1810 4628 principia
1837 4574 1848 4607 :
1879 4557 1959 4611 sic

2069 3366 2241 3435 αὑτῆς
2273 3365 2555 3436 ὑπάρχων.
2581 3365 2738 3420 Κατὰ
2772 3365 2880 3436 γὰρ
2916 3365 3006 3417 τὸν
3047 3363 3300 3432 Ἰωάννην
3324 3406 3336 3424 ,
3380 3361 3448 3414 ἐν
3478 3361 3654 3433 ταύτῃ

2067 3461 2133 3527 τῇ
2152 3456 2310 3526 ἀρχῇ
2324 3454 2402 3527 ἦν
2421 3461 2453 3510 ό
2468 3458 2676 3527 Λόγος,
2697 3458 2794 3511 καὶ
2825 3461 2858 3512 ό
2882 3458 3072 3524 Λόγος
3090 3451 3169 3524 ἦν
3187 3453 3335 3522 πρὸς
3349 3453 3455 3506 τὸν
3472 3455 3650 3506 Θεόνο

2069 3549 2199 3613 Θεὸς
2231 3551 2339 3620 γάρ
2371 3551 2518 3601 ἐστιν
2550 3551 2582 3620 ἡ
2616 3551 2792 3621 ἀρχή’
2831 3548 2926 3601 xui
2969 3547 3155 3618 ἐπειδὴ
3193 3546 3251 3611 ἐξ
3304 3547 3473 3617 αὑτῆς
3511 3548 3650 3610 ἐστι,

2065 3640 2153 3693 διὰ
2181 3640 2337 3694 τοῦτο
2364 3641 2458 3693 xui
2478 3641 2624 3704 Θεὸς
2653 3637 2732 3711 ἦν
2761 3644 2794 3694 ό
2816 3641 3026 3709 Λόγος.
3053 3639 3262 3710 Ὥσπερ
3282 3638 3337 3690 δὲ
3364 3638 3459 3708 μία
3481 3639 3650 3709 ἀρχή·

2067 3734 2160 3786 xui
2193 3734 2332 3788 κατὰ
2357 3733 2516 3786 τοῦτο
2537 3727 2616 3797 εἷς
2638 3733 2788 3797 Θεός·
2822 3733 3044 3804 οὕτωςὴ
3077 3731 3153 3803 τῷ
3172 3732 3284 3785 ὄντι
3312 3731 3406 3783 xui
3435 3731 3653 3800 ἀληθῶς

2066 3825 2358 3898 καὶκὸντως
2384 3820 2517 3878 οὖσα
2545 3824 2702 3877 οὑσία
2725 3825 2820 3878 xui
2855 3825 3153 3887 ὑπόστασις
3191 3824 3288 3894 μία
3321 3824 3467 3876 ἐστὶν
3499 3825 3532 3893 ἡ
3563 3821 3653 3875 λέ-

2064 3901 2235 3986 γουσα
2259 3956 2274 3980 ,
2313 3916 2460 3986 Ἐγώ
2485 3921 2601 3988 εὶμι
2627 3922 2659 3971 ὀ
2681 3917 2785 3982 ὢν,
2815 3917 2909 3969 xui
2941 3917 3002 3970 οὐ
3039 3916 3152 3981 δύο,
3187 3917 3276 3970 ἵνα
3313 3916 3388 3986 μὴ
3429 3915 3523 3968 δύο
3553 3917 3653 3987 ἀρ-

2065 4009 2176 4080 χαί*
2218 4011 2312 4062 Ἐκ
2337 4009 2392 4062 δὲ
2413 4011 2511 4080 τῆς
2537 4013 2664 4081 μιᾶς
2694 4010 2850 4079 φύσει
2869 4010 2961 4063 xui
2987 4007 3203 4081 άληθῶς
3231 4009 3378 4074 Υἱὸς,
3397 4008 3425 4060 6
3452 4008 3647 4074 Λόγος,

2065 4103 2098 4171 ἡ
2129 4101 2308 4169 σοφία,
2336 4103 2368 4172 ή
2397 4101 2623 4173 δύναμις
2648 4102 2750 4154 ἰδία
2775 4102 3096 4172 ὑπάρχουσα
3116 4100 3308 4170 αὐτῆς,
3329 4100 3422 4153 xui
3461 4098 3520 4162 ἐξ
3547 4100 3646 4151 αὐ·-

2062 4190 2164 4261 τῆς
2197 4190 2519 4262 ἀχώριστος.
2552 4192 2764 4262 Ὥσπερ
2791 4191 2849 4243 δὲ
2881 4191 2982 4243 οὑκ
3014 4189 3170 4260 ἄλλη,
3205 4189 3291 4242 ἵνα
3329 4189 3404 4260 μὴ
3430 4189 3524 4242 δύο
3549 4191 3650 4260 ἀρ-

2063 4283 2174 4352 χαί.
2199 4278 2372 4346 οὑτως
2397 4284 2426 4334 6
2447 4285 2510 4336 ἐκ
2533 4282 2633 4352 τῆς
2663 4283 2791 4354 μιᾶς
2811 4283 2982 4351 Λόγος
3010 4283 3071 4335 οὑ
3099 4280 3477 4350 διαλελυμένος
3509 4281 3647 4350 (14),

2061 4373 2096 4444 ἢ
2131 4373 2316 4437 ἁπλῶς
2345 4374 2494 4445 φωνὴ
2529 4373 2862 4444 σημαντικὴ,
2897 4371 3033 4426 ἀλλὰ
3059 4371 3322 4442 οὑσιώδης
3350 4372 3522 4440 Λόγος
3552 4374 3650 4425 καὶ

2063 4465 2326 4537 οὑσιώδης
2359 4467 2541 4536 σοφία,
2564 4467 2685 4537 ἥτις
2713 4467 2860 4519 ἐστὶν
2880 4466 2908 4518 6
2931 4465 3058 4528 Υἱὸς
3086 4463 3320 4534 ἀληθῶς.
3349 4465 3413 4517 Ei
3442 4465 3552 4536 γὰρ
3581 4465 3646 4535 δὴ

2067 4557 2140 4626 μὴ
2169 4554 2434 4626 οὑσιώδης
2463 4555 2572 4626 εἴη,
2605 4554 2758 4608 ἔσται
2790 4555 2819 4607 ὁ
2844 4555 2976 4618 Θεὸς
3002 4553 3177 4606 λαλῶν
3218 4556 3298 4617 είς
3332 4553 3471 4623 ἀέρα
3491 4594 3504 4616 ,
3552 4555 3646 4606 xui

372 4643 612 4702 Verbum
656 4649 801 4720 quod
837 4664 904 4704 ex
957 4666 1063 4705 una
1106 4651 1342 4714 exsistit,
1391 4652 1526 4706 nihil
1569 4651 1808 4716 ﬂuxum,
1854 4666 1958 4706 nec

2073 4649 2223 4720 σῶμα
2245 4649 2395 4703 οὐδὲν
2424 4649 2585 4703 πλέον
2615 4648 2754 4719 ἔχων
2785 4648 2892 4702 τῶν
2934 4646 3259 4718 ἀνθρώπων.
3321 4646 3537 4718 Ἐπειδὴ
3588 4647 3645 4699 δὲ

379 4763 382 4766 ’
449 4763 494 4795 ⁸⁸
531 4762 676 4818 Psal.
719 4781 879 4829 chv,
923 4766 975 4820 8.
1057 4768 1102 4798 ²⁹
1142 4766 1302 4822 Joan.
1346 4769 1398 4838 Il,
1443 4768 1493 4821 1.
1573 4767 1617 4800 ⁸⁰
1657 4766 1817 4822 ROm-
1861 4782 1938 4834 IX,

2115 4765 2158 4796 ³¹
2199 4763 2359 4819 Joan.
2401 4781 2440 4831 ι,
2483 4766 2532 4818 1.
2599 4765 2668 4796 ³¹⁶
2704 4765 2835 4819 ibid.
2917 4763 2961 4795 ³³
2998 4762 3171 4817 Exod.
3216 4779 3300 4828 ιιι,
3343 4762 3430 4816 14.

452 4885 522 4958 (ᾖ)
557 4881 751 4958 ᾕρει-..1
796 4895 849 4958 et
901 4884 1049 4956 Seg.,
1079 4887 1444 4958 Ku’ptovaAlii
1480 4897 1533 4941 et
1555 4886 1949 4958 ed.,X_pzac6v.

451 4954 524 5021 (7)
552 4953 642 5026 Sic
670 4954 782 5026 Reg
828 4955 851 5006 1
883 4965 937 5009 et
973 4953 1198 5026 Seguer.
1220 4959 1288 5009 At
1313 4957 1366 5010 in
1396 4957 1614 5011 Gobler.
1647 4967 1700 5008 et
1725 4953 1867 5009 Felc.
1896 4955 1951 5018 1,

370 5025 524 5078 deest
551 5024 648 5088 ὼς,
683 5025 735 5077 in
763 5026 884 5081 aliis
920 5024 1101 5080 autem
1134 5037 1188 5080 et
1214 5029 1375 5082 editis
1400 5031 1468 5081 oi.
1504 5027 1636 5081 Ibid.
1670 5027 1801 5094 Reg.
1835 5026 1860 5078 1
1900 5035 1955 5079 et

372 5095 609 5168 Seguet‘;
620 5096 879 5168 ,πατρὸς
900 5097 1128 5168 ἑαυτῷν.
1156 5097 1247 5151 Ca:
1286 5109 1351 5151 et"
1369 5099 1480 5163 ed.,
1501 5096 1721 5168 ’πατρὸς
1749 5095 1950 5150 αὑτῶν.

346 5213 350 5216 η
441 5167 520 5238 (ξ)
561 5165 733 5238 nam
765 5165 920 5238 abest
955 5183 987 5220 a
1022 5167 1154 5238 Reg.
1195 5169 1220 5220 1
1257 5177 1311 5222 et
1346 5168 1572 5238 Seguer.

444 5235 522 5308 (9)
566 5233 658 5308 Sic
695 5235 917 5308 Gobler.
966 5246 1020 5291 et
1060 5233 1206 5292 Felc.
1254 5238 1304 5290 1.
1357 5233 1445 5292 Δι’
1476 5239 1678 5307 Regius
1715 5239 1949 5308 primus,

371 5305 661 5381 παρα-μὲνΔ
686 5307 954 5381 Ἰουδαίων
981 5308 1352 5381 τοῦῌΚαῖάφα.
1389 5305 1636 5380 δοευθιτη
1674 5305 1826 5381 παρὰ
1852 5311 1952 5381 μὲν

368 5374 505 5449 τῶν-
535 5376 804 5449 Ἰουδαίων
850 5378 958 5431 τῶν
1002 5378 1145 5449 τοῦη
1179 5374 1285 5433 Alii
1342 5389 1396 5434 et
1445 5374 1612 5435 cilitio
1657 5374 1948 5449 Comu'tei.,

369 5445 534 5523 παρὰΔ
556 5446 820 5523 Ἰουδαίων
845 5450 942 5523 xui
963 5448 1079 5523 tofi.
1131 5448 1333 5503 Ibidem
1385 5450 1634 5523 Segucr.,
1660 5445 1949 5504 δανείσωνέ

368 5531 479 5568 ται.
508 5516 612 5581 Alii
643 5527 698 5570 et
728 5518 889 5582 editi,
919 5519 1270 5573 δανείσονται.

442 5585 555 5655 (10)
599 5587 969 5655 Seguerianus
1005 5590 1149 5644 hunc
1183 5591 1342 5646 habet
1386 5591 1602 5645 titulum
1639 5590 1747 5644 Τοῦ
1779 5591 1943 5644 αὑτοῦ

359 5654 524 5726 ,λόγος
575 5663 635 5714 ε’.
677 5654 882 5728 Regius
911 5675 1073 5730 quem
1109 5661 1345 5731 primum
1371 5660 1631 5718 Oratione
1663 5661 1945 5734 superiore

2058 4885 2487 4954 appellabamus,
2522 4883 2616 4936 τοῦ
2651 4882 3120 4954 αὑτοῦηιιιηιυιη,
3155 4878 3437 4954 sedAidem
3473 4878 3526 4954 in
3557 4877 3642 4954 ln—

2057 4948 2177 5009 diie
2203 4954 2352 5008 addit
2374 4954 2530 5022 λόγος
2558 4955 2834 5024 τέταρτος.
2864 4951 3214 5024 Haec_a_utem
3247 4948 3439 5024 Oratio
3461 4949 3531 5024 in
3564 4950 3643 5000 al-

2061 5035 2176 5079 tero
2223 5025 2393 5095 Regio
2416 5019 2586 5095 deest.
2617 5019 2834 5079 Gobler.
2883 5031 2938 5095 et
2971 5021 3130 5095 rFelc.
3165 5024 3217 5095 1,
3249 5019 3390 5095 κατὰ
3429 5019 3641 5095 tapetu-

2057 5095 2163 5148 νῶν
2185 5089 2340 5162 λόγος
2361 5101 2422 5148 ε’.
2441 5094 2777 5160 Basiliensis,
2797 5093 2938 5146 κατὰ
2968 5090 3258 5162 Ἀρειανῶν
3278 5090 3434 5162 λόγος
3460 5089 3637 5162 ἕκτος..

2058 5164 2195 5219 Vide
2223 5158 2658 5219 Admonitionem
2697 5158 2913 5231 p.318,
2945 5158 3101 5218 nuin.
3135 5162 3190 5216 2.
3225 5161 3462 5231 Anglic.,
3496 5158 3638 5210 κατὰ

2071 5236 2364 5307 ’Λρειανῷν
2388 5235 2566 5304 λόγος,
2595 5236 2747 5307 nullo
2774 5234 2957 5307 addito
2973 5248 3237 5307 _num_ero.

2131 5303 2242 5377 (11)
2281 5306 2498 5361 Gobler.
2537 5315 2591 5360 et
2623 5304 2766 5377 Felc.
2805 5306 2856 5377 1,
2890 5303 2983 5357 καί
3009 5304 3291 5357 omittunt.

2151 5375 2239 5442 i2)
2279 5378 2388 5430 Καί
2420 5378 2573 5431 abest
2603 5376 2675 5430 ab
2702 5375 2914 5444 Anglic.

2154 5440 2238 5516 15)
2300 5445 2390 5502 Sic
2436 5463 2569 5502 mss.
2621 5446 2688 5501 At
2733 5440 2896 5501 editio
2944 5443 3235 5512 Commel.,
3288 5442 3419 5506 Υἱὸς
3470 5440 3634 5507 εδιθς,

2053 5517 2200 5581 Υἱὸς,
2231 5517 2354 5581 ἰδία,
2384 5526 2489 5573 etc.

2125 5588 2240 5660 (14)
2281 5587 2370 5660 Sic
2407 5588 2630 5660 Seguer.
2664 5588 2830 5645 Basil.
2859 5593 2911 5642 et
2932 5585 3144 5659 Anglic.
3177 5587 3250 5642 At
3277 5585 3369 5642 alii
3391 5593 3447 5640 et
3475 5582 3644 5658 editi,‘

2051 5658 2464 5730 διαλελυμένως.
