3834 6220
216 293 327 353 469

1337 295 1621 366 ORATIO-
1638 295 1708 350 1V
1753 294 2038 351 CONTRA
2076 291 2398 349 ARIANOS.

3388 294 3494 351 470

215 419 320 473 οὐκ
346 416 496 470 ἔστιν
523 417 811 488 ἄνθρωπος
832 435 846 450 ·
885 419 986 474 οὐκ
1013 419 1080 474 ἂν
1100 421 1184 494 εἴη
1208 423 1333 476 οὐδὲ
1364 426 1393 478 6
1428 424 1602 492 Λόγος
1645 422 1812 478 αὐτοῦ

1928 440 2022 480 vox
2059 431 2267 478 tantum
2305 420 2620 492 signiﬁcans
2662 425 2768 479 est,
2800 413 2894 472 sed
2926 411 3215 470 essentiale
3256 408 3494 467 Verbum

218 507 365 564 κατὰ
389 507 487 577 τὴν
519 508 629 561 τῶν
660 508 962 580 ἀνθρώπων
985 511 1288 567 ἀσθένειαν.
1323 515 1532 586 Ὥσπερ
1557 513 1668 582 (15)
1700 513 1809 584 γὰρ

219 604 321 674 μία
355 603 518 657 οὐσία
541 607 575 676 ή
609 606 774 677 ἀρχὴ,
809 605 985 671 οὕτως
1017 601 1097 671 εἷς
1128 607 1390 680 οὐσιώδης
1431 609 1524 663 καὶ
1557 606 1805 678 ὑφεστὼς

216 695 246 748 6
272 694 482 767 ταύτης
509 695 680 766 Λόγος
708 699 801 751 καὶ
829 699 862 769 ἡ
906 698 1086 768 σοφίι..
1133 700 1220 764 Ὠς
1243 700 1358 772 γὰρ
1386 702 1452 755 ὲκ
1497 701 1632 755 Θεοῦ
1675 701 1809 765 Θεός

215 787 357 850 ἔστι,
387 789 485 842 καὶ
509 789 576 842 ὲκ
607 789 771 858 σοφοῦ
812 790 995 860 σοφία,
1032 792 1126 845 καὶ
1156 792 1224 845 ὲκ
1243 791 1462 862 λογικοῦ
1499 793 1690 862 Λόγος,
1715 793 1812 846 καὶ

217 879 283 931 ὲκ
299 879 517 950 Πατρὸς
533 880 660 944 Υἱός
681 897 695 911 ·
713 880 888 944 οὕτως
902 881 962 948 ἐξ
984 882 1337 947 ὑποστάσεως
1357 882 1657 946 ὐπόστατος
1676 881 1810 954 (16),

219 972 314 1024 καὶ
341 971 404 1038 ἐξ
424 972 616 1036 οὐσίας
635 972 902 1045 οὐσιώδης
920 975 1015 1027 καὶ
1043 975 1304 1042 ἐνούσιος,
1333 976 1428 1030 καὶ
1453 974 1513 1039 ἐξ
1527 974 1680 1039 ὄντος
1710 973 1810 1028 ὢν.

1916 523 1972 569 et
2013 512 2319 570 essentialis
2362 521 2446 566 est
2493 508 2794 580 sapientia,
2840 520 2962 576 quae
3007 519 3133 558 vere
3176 500 3347 558 Filius
3390 505 3492 558 est.

1917 604 2052 660 Nam
2080 605 2182 659 nisi
2208 603 2498 660 essentiale
2519 601 2758 656 Verbum
2786 604 2948 663 esset,
2975 604 3291 665 sequeretur
3325 593 3495 649 Deum

1918 696 2083 752 verba
2116 711 2341 764 sua-per
2373 710 2553 751 aerem
2599 692 2891 754 ell‘undere,
2925 701 3249 758 corpusque,
3291 694 3352 740 ut
3399 685 3497 738 ho-

1916 790 2114 852 mines,
2158 788 2380 843 habere.
2425 785 2691 853 Quoniam
2730 798 2864 838 vero
2899 782 3064 835 homo
3105 793 3214 834 non
3251 786 3351 842 est,
3399 791 3498 830 nec

1916 879 2046 934 item
2093 879 2213 949 ejus
2263 876 2502 932 Verbum
2536 877 2831 946 quidquam
2876 873 3157 928 hominum
3196 868 3497 923 inﬁrmitati

1917 970 2098 1027 simile
2133 969 2322 1024 habet.
2363 967 2434 1023 Ut
2459 968 2604 1023 enim
2634 965 2963 1036 principium
2999 978 3106 1016 una
3133 970 3215 1016 est
3239 959 3494 1020 essentia,

221 1063 296 1118 ita
323 1081 498 1120 unum
526 1073 613 1121 est
642 1065 932 1122 essentiale
972 1074 1027 1121 et
1065 1067 1372 1124 subsistens
1407 1053 1528 1139 ejus
1562 1066 1806 1124 Verbum
1838 1073 1893 1120 et
1928 1063 2216 1134 sapientia.
2268 1061 2404 1117 Nam
2439 1071 2498 1116 ut
2523 1076 2603 1115 ex,
2631 1058 2741 1113 Deo
2772 1057 2915 1112 Deus
2961 1063 3079 1120 est,
3129 1069 3195 1108 ex
3255 1053 3501 1120 sapiente

219 1159 516 1227 sapientia,
549 1174 618 1214 ex
649 1159 903 1244 rationali
929 1169 1111 1214 mente
1139 1158 1302 1214 Ratio
1333 1175 1431 1216 seu
1467 1160 1727 1224 Verbum,
1751 1165 1806 1213 et
1843 1172 1910 1212 ex
1939 1155 2100 1212 Patre
2130 1155 2305 1210 Filius
2331 1174 2344 1210 :
2370 1153 2467 1225 ita]
2486 1168 2556 1209 ex
2603 1149 2912 1207 substantia
2969 1145 3341 1202 substantialis
3394 1152 3493 1198 est’

220 1266 292 1306 ex
321 1251 562 1306 essentia
605 1251 943 1317 essentialis,
993 1267 1058 1308 ac
1091 1252 1327 1323 denique
1354 1268 1483 1308 vere
1517 1261 1602 1308 est
1634 1261 1694 1306 ut
1716 1249 1811 1321 qui
1852 1247 1922 1304 sit
1955 1249 2024 1303 ab
2060 1264 2126 1304 eo
2155 1249 2248 1318 qui
2275 1256 2377 1302 est.

293 1344 351 1398 2.
400 1343 554 1396 Ἐπεὶ
577 1345 626 1396 εί
663 1344 738 1414 μὴ
783 1343 1046 1416 οὐσιώδης
1078 1345 1242 1416 σοφία
1263 1386 1278 1407 ,
1307 1347 1405 1400 καὶ
1451 1345 1692 1410 ἐνούσιος
1713 1344 1815 1398 Λόλ-

223 1454 346 1505 γος,
382 1434 580 1488 καὶ-ὣν
613 1435 762 1500 Υἱὸς,
794 1435 929 1490 ἀλλὰ
953 1435 1141 1500 ἁπλῶς
1173 1437 1356 1506 σοφία,
1385 1439 1478 1492 καὶ
1505 1439 1697 1508 Λόγος,
1720 1441 1816 1493 καὶ

225 1527 359 1590 Υἱὸς
388 1529 448 1580 ὲν
474 1525 554 1597 τῷ
581 1527 757 1597 Πατρί
781 1545 794 1557 ·
829 1529 914 1598 εἴη
958 1528 1025 1582 ἂν
1054 1529 1217 1593 αὐτὸς
1260 1532 1289 1584 6
1326 1532 1516 1604 Πατὴρ
1565 1532 1817 1596 σύνθετος

223 1621 314 1672 in
335 1618 530 1686 σοφίας
558 1618 653 1672 καὶ
683 1619 880 1687 Λόγου.
914 1620 977 1672 Et
1002 1619 1058 1673 δὲ
1100 1620 1260 1674 τοῦτο
1284 1662 1300 1688 ,
1352 1621 1704 1693 ἀκολουθήσει
1747 1623 1818 1676 τὰ

225 1711 607 1782 προειρημένα
628 1711 839 1765 ἄτοπα·
870 1710 1023 1764 ἔσται
1056 1713 1114 1766 δὲ
1137 1713 1231 1766 καὶ
1271 1715 1430 1779 αὐτὸς
1469 1715 1664 1770 ἑαυτοῦ
1695 1718 1813 1770 Πα-

224 1803 352 1885 τὴρ,
391 1799 486 1855 καὶ
513 1803 542 1854 6
583 1802 710 1866 Υἱὸς
736 1802 900 1866 αὐτὸς
924 1803 1115 1856 ἑαυτὸν
1140 1805 1362 1872 γεννῶν,
1411 1807 1507 1860 καὶ
1538 1805 1814 1878 γεννώμε-

224 1912 318 1958 νος
337 1895 430 1963 ὑφ’
452 1893 645 1948 ἑαυτοῦ
669 1912 680 1925 ·
709 1894 743 1966 ἢ
771 1893 942 1965 ὄνομα
962 1895 1121 1966 μόνον
1147 1897 1276 1950 ἐστι
1291 1897 1483 1966 Λόγος,
1508 1899 1602 1951 καὶ
1624 1898 1816 1967 Σοφία,

1986 1342 2042 1396 2.
2082 1340 2340 1411 Alioquin
2373 1338 2481 1394 nisi
2530 1335 2842 1392 essentialis
2881 1342 3027 1389 esset
3069 1329 3333 1401 sapientia
3367 1329 3502 1384 Ver-

1917 1435 2159 1504 bumque
2191 1431 2508 1497 essentiale,
2542 1439 2598 1484 et
2623 1429 2797 1484 Filius
2821 1427 2918 1496 qui
2947 1440 3071 1480 vere
3115 1424 3204 1488 sit,
3246 1423 3338 1479 sed
3372 1423 3502 1478 sim-

1917 1527 2130 1596 pliciter
2155 1525 2442 1594 sapientia,
2483 1521 2740 1587 Verbum,
2788 1528 2845 1574 et
2870 1517 3042 1573 Filius
3071 1518 3127 1572 in
3162 1516 3341 1580 Patre,
3373 1530 3503 1569 sane

1918 1619 2036 1688 ipse
2078 1617 2237 1672 Pater
2281 1633 2346 1671 ex
2383 1614 2650 1685 sapientia
2682 1622 2737 1668 et
2762 1610 2941 1666 Verbo
2963 1618 3109 1666 esset
3145 1607 3500 1676 compositus.

1919 1709 2073 1776 Quod
2107 1709 2325 1779 quidem
2377 1709 2425 1764 si
2462 1706 2663 1762 verum‘
2691 1714 2794 1771 est,
2848 1718 3015 1773 supra
3065 1703 3227 1757 allata
3267 1698 3506 1754 absurda

1921 1810 2218 1870 sequentur
2257 1801 2570 1856 necessario
2599 1819 2612 1854 :
2654 1797 2769 1869 ipse
2799 1805 2980 1851 autem
3027 1794 3228 1850 suimet
3260 1791 3422 1844 Pater
3450 1798 3507 1844 et

1909 1895 2095 1952 'Filius
2131 1895 2350 1949 futurus
2377 1901 2479 1959 est,
2519 1893 2637 1962 ipse
2677 1889 2917 1959 seipsum
2945 1895 3029 1942 est
3061 1886 3362 1957 geniturus,
3393 1890 3446 1937 et
3473 1899 3506 1936 a

225 1987 323 2039 καὶ
355 1985 506 2049 Υἱὸς,
552 1987 652 2056 οὐχ
690 1986 967 2058 ὑφέστηκε
995 1987 1051 2040 δὲ
1075 2027 1090 2052 ,
1131 1988 1254 2042 καθ’
1285 1983 1347 2042 οὗ
1388 1989 1606 2058 λέγεται
1631 1991 1818 2057 ταῦτα,

1928 1988 2106 2058 seipso
2131 1987 2384 2057 gignetur
2417 1986 2539 2040 :vel
2569 1991 2716 2038 certe
2759 1995 2971 2036 merum
3017 1992 3214 2032 nomen
3239 1975 3342 2028 erit
3374 1973 3506 2027 Ver-

116 2089 130 2098 ‘
228 2078 434 2149 μᾶλλον
463 2079 520 2132 δὲ
541 2079 600 2142 ὃς
627 2081 740 2132 ἐστι
773 2079 964 2132 ταῦτα.
992 2075 1172 2134 Είκοῦν
1206 2081 1304 2152 οὐχ
1328 2082 1652 2153 ὑφέστηκεν,
1675 2083 1821 2154 ἀργὰ

226 2172 296 2224 ἆν
336 2171 424 2242 εἴη
453 2172 546 2224 καὶ
579 2171 712 2224 κενὰ
733 2171 804 2225 τὰ
832 2171 1094 2243 ὀνόματα,
1130 2173 1288 2238 ἐκτὸς
1311 2176 1358 2227 εί
1392 2175 1466 2245 μὴ
1491 2176 1556 2229 ἄν
1575 2193 1660 2240 τις
1679 2177 1821 2229 εἴποι

225 2259 562 2328 αὐτοσοφίαν
592 2253 731 2312 εἶναι
789 2260 881 2314 καὶ
932 2260 1232 2329 Αὐτολόγον
1267 2262 1360 2317 τὸν
1406 2262 1560 2316 Θεόν.
1602 2264 1740 2317 Ἀλλ’
1773 2267 1821 2318 εί

227 2349 409 2414 τοῦτο,
439 2347 524 2420 εἴη
548 2348 614 2402 ἂν
637 2349 798 2411 αὐτὸς
832 2349 1025 2402 ἑαυτοῦ
1071 2351 1262 2423 Πατὴρ
1298 2352 1393 2404 καὶ
1433 2351 1562 2416 Υἱός
1585 2371 1599 2386 ·
1631 2355 1823 2427 Πατὴρ

232 2441 354 2510 μὲν,
387 2441 476 2493 ὅτε
505 2441 687 2510 σοφὸς,
712 2440 840 2504 Υἱὸς
867 2441 944 2506 δὲ,
973 2441 1063 2494 ὅτε
1092 2442 1252 2510 σοφία
1287 2442 1421 2515 (17).
1459 2444 1622 2499 Ἀλλὰ
1649 2445 1722 2517 μὴ
1747 2446 1823 2511 ὡς

227 2531 459 2602 ποιότης
473 2547 556 2594 τις
577 2529 752 2584 ταῦτα
772 2533 828 2583 ὲν
851 2530 928 2600 τῷ
955 2531 1074 2602 Θεῷ
1094 2547 1107 2559 ·
1136 2531 1317 2601 ἄπαγε
1336 2534 1348 2586 !
1375 2534 1624 2604 ἀπρεπὲς
1641 2535 1818 2588 τοῦτο·

228 2621 593 2694 ἐύρεθήσεται
622 2621 732 2693 γὰρ
768 2621 1024 2685 σύνθετος
1052 2625 1080 2676 6
1115 2622 1246 2687 Θεὸς
1275 2623 1334 2688 ἐξ
1365 2626 1552 2690 οὐσίας
1585 2627 1679 2680 καὶ
1706 2644 1824 2680 ποι-

227 2716 444 2786 ότητος.
471 2716 629 2768 Πᾶσα
663 2713 772 2786 γὰρ
807 2714 1031 2785 ποιότης
1048 2715 1106 2767 ἐν
1138 2716 1296 2786 οὐσίᾳ
1327 2717 1463 2771 ἐστί.
1490 2717 1647 2770 Κατὰ
1666 2717 1824 2770 τοῦτο

226 2808 288 2862 δὲ
315 2809 350 2879 ἡ
384 2805 508 2860 Θεία
544 2807 731 2877 μονὰς,
769 2805 1072 2876 ἀδιαίρετος
1103 2802 1260 2871 οὖσα,
1297 2807 1552 2872 σύνθετος
1585 2811 1822 2882 φανήσε-

229 2918 345 2968 ται,
375 2899 686 2970 τεμνομένη
711 2901 792 2962 εἰς
823 2899 1012 2953 οὐσίαν
1033 2901 1127 2953 καὶ
1158 2900 1526 2972 συμϐεϐηκός.
1556 2903 1824 2958 Πευστέον

230 2989 327 3047 οὗν
356 2992 468 3046 τῶν
509 2990 832 3062 προπετῶνο
893 2992 951 3044 Ὁ
993 2992 1124 3056 Υἱὸς
1162 2992 1321 3061 σοφία
1354 2994 1450 3046 καὶ
1492 2995 1664 3063 Λόγος
1697 2997 1825 3066 ἑκη-

235 3085 412 3157 ρύχθη
438 3081 533 3136 τοῦ
555 3082 690 3135 Θεοῦ
711 3100 724 3112 ο
757 3081 876 3146 πῶς
900 3082 1081 3136 τοίνυν
1113 3084 1296 3150 ὲστίν;
1326 3085 1390 3137 Et
1432 3085 1529 3155 μὲν
1573 3087 1648 3150 ὡς
1676 3089 1826 3142 ποιό-

232 3195 354 3249 της,
387 3175 603 3246 ἐδείχθη
635 3175 695 3228 τὸ
725 3175 923 3230 ἄτοπον
945 3192 961 3208 ο
994 3177 1043 3228 εί
1066 3175 1122 3229 δὲ
1150 3177 1446 3247 αὐτοσοφία
1471 3179 1499 3230 6
1525 3179 1656 3242 Θεὸς
1680 3219 1694 3244 ,
1731 3183 1826 3235 καὶ

230 3269 296 3323 τὸ
321 3271 388 3322 ὲκ
416 3266 607 3320 τούτου
633 3266 834 3321 ἄτοπον
860 3267 1076 3338 εἴρηται
1101 3267 1254 3339 παρὰ
1290 3269 1579 3341 Σαδελλὶῳ.
1615 3273 1826 3327 Οὐκοῦν

233 3363 313 3425 ὡς
349 3359 598 3430 γέννημα
631 3360 839 3431 κυρίως
884 3360 944 3424 ἐξ
973 3360 1138 3414 αὐτοῦ
1185 3360 1278 3414 τοῦ
1315 3362 1526 3432 Πατρὸς
1546 3404 1560 3427 ,
1592 3365 1734 3420 κατὰ
1764 3366 1827 3419 τὸ
1853 3341 1895 3400 C

234 3453 330 3508 τοῦ
363 3452 543 3522 φωτὸς
597 3451 974 3522 παράδειγμα.
1022 3451 1110 3516 Ὦς
1141 3451 1253 3524 γὰρ
1311 3453 1418 3506 ἀπὸ
1463 3455 1634 3526 πυρὸς
1689 3457 1824 3526 φῶς,

233 3545 416 3608 οὕτως
458 3545 526 3596 ἐκ
566 3542 702 3596 Θεοῦ
740 3543 933 3612 Λόγος,
970 3544 1064 3597 καὶ
1091 3543 1254 3614 σοφία
1294 3545 1357 3597 ὲκ
1397 3546 1561 3618 σοφοῦ
1585 3587 1599 3610 ,
1633 3550 1727 3602 καὶ
1764 3551 1830 3604 ἐκ

238 3644 458 3715 Πατρὸς
487 3643 616 3706 Υἱός
637 3643 774 3714 (18).
802 3643 986 3716 Ταύτῃ
1017 3641 1125 3713 γὰρ
1152 3641 1298 3712 καὶὴ
1331 3641 1499 3712 μονὰς
1527 3641 1829 3714 ἀδιαίρετος

236 3736 336 3790 καὶ
369 3735 664 3807 ὁλόκληρος
701 3734 873 3806 μένει,
915 3735 1010 3788 καὶ
1051 3733 1080 3786 6
1120 3733 1326 3803 ταύτης
1371 3734 1500 3798 Υἱὸς
1537 3734 1706 3802 Λόγος
1729 3735 1829 3788 οὐκ

237 3826 512 3893 ἀνούσιος,
540 3825 658 3880 οὐδὲ
689 3827 788 3897 οὐχ
811 3824 1078 3894 ὑφεστὼς,
1123 3824 1239 3878 ἀλλ’
1280 3824 1545 3897 οὐσιὼδης
1592 3825 1825 3896 ἀληθῶς.

254 3919 412 3971 Ἐπεὶ
442 3918 493 3970 εί
520 3916 594 3988 μὴ
617 3914 804 3970 τοῦτον
823 3915 937 3987 ἔχει
961 3916 1052 3969 τὸν
1072 3915 1277 3987 τρόπον
1299 3957 1315 3980 ,
1351 3917 1436 3987 εἴη
1467 3915 1533 3970 ἂν
1561 3918 1759 3980 πάντα,
1793 3917 1830 3971 ἃ

238 4007 496 4076 λέγεται,
543 4008 665 4060 κατ’
714 4007 958 4060 ἐπίνοιαν
987 4007 1082 4059 καὶ
1105 4005 1293 4069 ἁπλῶς
1330 4006 1617 4078 λεγόμενα.
1665 4009 1728 4076 Ei
1772 4007 1830 4062 δὲ

240 4099 508 4169 φευκτέον
539 4099 598 4152 τὸ
625 4100 690 4152 ὲκ
721 4099 820 4170 τῆς
852 4099 1094 4162 ἐπινοίας
1116 4099 1338 4163 ἄτοπον,
1357 4100 1466 4170 ἄρα
1494 4099 1698 4171 ἀληθὴς
1729 4101 1830 4154 Λό-

242 4208 342 4260 γος
373 4189 639 4261 οὐσιὼδης
659 4189 825 4243 ἐστίν.
865 4189 1216 4261 Ὤσπερ,γὰρ
1247 4189 1463 4260 ἀληθῶς
1501 4189 1711 4261 Πατὴρ,
1739 4189 1830 4243 οὖ-

240 4301 355 4347 τως
386 4283 604 4354 ἀληθῶς
638 4282 831 4353 Σοφία.
866 4281 1029 4336 Κατὰ
1057 4281 1216 4335 τοῦτο
1246 4277 1340 4335 οὖν
1369 4281 1612 4352 δύο-μὲν,
1637 4282 1718 4335 ὅτι
1755 4281 1829 4354 μὴ

242 4376 389 4431 κατὰ
415 4375 702 4430 Σαῦέλλιον
733 4378 762 4429 6
792 4375 954 4438 αὐτὸς
982 4375 1172 4447 Πατὴρ
1199 4375 1295 4428 καὶ
1321 4374 1470 4439 Υἱὸς,
1499 4374 1637 4428 ἀλλὰ
1668 4378 1694 4429 6
1720 4378 1832 4430 Πα-

237 4467 346 4537 τὴρ
360 4465 570 4537 Πατὴρ,
600 4467 694 4520 καὶ
724 4466 753 4518 6
785 4466 917 4530 Υἱὸς
939 4466 1067 4530 Υἱός
1086 4484 1100 4499 ο
1134 4468 1192 4520 ἓν
1223 4466 1304 4532 δὲ,
1330 4468 1413 4520 ὅτι
1443 4466 1570 4531 Υἱὸς
1597 4467 1697 4537 τῆς
1740 4469 1832 4520 οὐ-

239 4558 368 4620 σίας
403 4557 500 4610 τοῦ
544 4558 759 4630 Πατρός
791 4559 907 4611 ἐστι
956 4557 1150 4628 φύσει,
1184 4558 1314 4622 ἴδιος
1357 4559 1618 4630 ὑπάρχων
1661 4559 1830 4628 Λόγος

237 4648 431 4703 αὐτοῦ.
452 4649 622 4703 Τοῦτο
642 4652 670 4703 6
699 4651 904 4722 Κύριος
919 4650 1124 4720 ἔλεγεν,
1171 4651 1324 4721 Ἐγὼ
1353 4651 1451 4705 καὶ
1475 4655 1507 4706 ὁ
1529 4651 1732 4720 Πατὴρ
1759 4652 1830 4706 ἓν

236 4745 449 4811 ἐσμεν.
493 4740 631 4795 Οὔτε
671 4742 780 4814 γὰρ
831 4743 1052 4812 ὁΛόγος
1093 4741 1422 4814 κεχώρισται
1471 4741 1566 4795 τοῦ
1591 4743 1823 4814 Πατρὸς,

1921 2081 2074 2147 bum,
2115 2079 2394 2150 Sapientia
2424 2086 2478 2132 et
2517 2075 2726 2140 Filius;
2769 2073 2860 2128 ille
2905 2080 3084 2127 autem
3109 2110 3123 2134 ,
3153 2068 3220 2122 de
3251 2081 3361 2136 quo
3391 2065 3506 2118 haec

1921 2173 2197 2236 dicuntur,
2228 2171 2312 2224 vel
2358 2167 2541 2239 potius
2569 2167 2662 2238 qui
2709 2166 2824 2221 haec
2863 2163 3047 2219 omnia
3093 2169 3194 2225 est,
3236 2158 3374 2212 nihil
3401 2157 3508 2211 erit

1922 2266 2246 2322 subsistens.
2283 2263 2341 2319 Si
2381 2265 2564 2329 itaque
2601 2260 2740 2316 nihil
2768 2267 2852 2314 est
2879 2256 3205 2318 subsistens,
3237 2268 3375 2306 vana
3400 2251 3505 2322 igiy

1924 2369 2012 2414 tur
2057 2367 2112 2414 et
2139 2357 2350 2411 inutilia
2379 2363 2508 2412 sunt
2539 2354 2632 2407 illa
2663 2351 2886 2407 nomina
2908 2389 2922 2415 ,
2956 2347 3063 2402 nisi
3097 2345 3238 2401 forte
3264 2343 3391 2413 quis
3419 2343 3505 2396 div

1922 2460 2008 2504 cat
2033 2449 2210 2519 ipsum
2233 2446 2403 2501 Deum
2429 2443 2753 2514 sapientiam
2781 2441 2956 2510 ipsam
2980 2445 3034 2493 et
3062 2434 3302 2489 Verbum
3325 2433 3504 2501 ipsum

1922 2556 2066 2596 esse.
2095 2539 2250 2606 Quod
2295 2538 2340 2593 si
2380 2536 2712 2593 concedatur
2738 2550 2750 2586 :
2780 2547 2908 2587 vere
2955 2530 3069 2600 ipse
3099 2523 3507 2583 subnet.Pater

1921 2645 1976 2690 et
2004 2633 2176 2688 Filius
2205 2633 2344 2698 erit;
2380 2630 2542 2684 Pater
2570 2627 2824 2683 videlicet
2852 2639 2978 2679 cum
3017 2621 3235 2688 sapiens
3263 2617 3464 2672 dicitur
3483 2633 3502 2671 ς

1921 2725 2117 2790 Filius,
2160 2739 2283 2778 eum
2320 2720 2609 2791 sapientia.
2659 2716 2826 2786 Atqui
2872 2730 2938 2770 ea
2987 2713 3042 2767 in
3079 2711 3204 2765 Deo.
3239 2725 3347 2763 non
3379 2716 3510 2763 sunt

1921 2826 1984 2872 ut
2019 2816 2273 2887 qualitas.
2309 2813 2491 2883 Apage
2519 2811 2722 2881 igitur!
2754 2809 2807 2863 id
2841 2806 3124 2876 indignum
3155 2801 3286 2857 Deo.
3312 2799 3394 2854 Ex
3424 2800 3510 2855 his

1923 2908 2069 2964 enim
2113 2906 2340 2961 efﬁcitur
2387 2903 2559 2958 Deum
2593 2917 2659 2957 ex
2693 2898 3024 2956 essentia.et
3061 2894 3323 2966 qualitate
3356 2906 3507 2946 com-

1923 3000 2163 3070 positum
2195 3013 2334 3053 esse.
2365 2993 2647 3066 Siquidem
2680 2991 2862 3047 omnis
2904 2987 3143 3059 qualitas
3182 2987 3238 3038 in
3272 2982 3512 3038 essentia

1925 3102 2009 3148 est
2040 3109 2051 3144 :
2082 3107 2146 3146 ae
2188 3089 2416 3160 proinde
2459 3089 2645 3144 divina
2691 3087 2896 3150 unitas,
2938 3098 3062 3154 quae
3095 3079 3376 3136 individua
3405 3085 3509 3142 est,

1926 3184 2227 3254 composita
2263 3182 2552 3244 videbitur,
2595 3186 2784 3249 utpote
2836 3178 2892 3230 in
2935 3175 3231 3230 essentiam
3275 3179 3330 3225 et
3368 3168 3513 3223 acci-

1927 3276 2061 3331 dens
2095 3275 2288 3330 divisa.
2331 3273 2423 3328 Sic
2464 3273 2646 3340 itaque
2685 3269 3006 3324 temerarios
3055 3266 3222 3319 hosce
3257 3260 3513 3316 homines

1929 3367 2330 3436 interrogemus
2367 3379 2380 3414 :
2414 3362 2586 3418 Filius
2614 3361 2880 3431 sapientia
2911 3367 2966 3414 et
2989 3355 3230 3432 Verbum
3261 3353 3355 3407 Dei
3389 3367 3512 3407 esse

1930 3459 2255 3530 praedicatus
2286 3465 2368 3511 εει
2401 3475 2414 3511 :
2446 3469 2685 3525 quonam
2735 3453 2899 3522 igitur
2951 3448 3115 3503 modo
3162 3446 3215 3500 i'd
3247 3445 3366 3514 ipse
3391 3444 3514 3498 est?

1935 3551 1990 3606 Si
2025 3559 2085 3605 ut
2117 3549 2384 3620 qualitas;
2423 3548 2477 3602 id
2506 3545 2807 3600 absurdum
2837 3557 2959 3597 esse
2999 3540 3114 3611 jam
3146 3536 3508 3593 ostendimus.

1935 3643 1992 3698 Si
2042 3658 2171 3698 vero
2216 3643 2333 3711 ipse
2379 3640 2524 3695 Deus
2565 3637 2834 3709 sapientia
2872 3636 2990 3704 ipsa
3033 3642 3156 3688 est:
3188 3639 3333 3687 certe
3363 3629 3512 3700 quod

1931 3734 2058 3788 inde
2085 3733 2305 3788 absurdi
2338 3731 2604 3800 sequitur,
2631 3729 2834 3783 dictum
2860 3741 2891 3780 a
2915 3723 3153 3779 Sabellio
3180 3731 3284 3779 est.
3312 3720 3514 3787 Quam-

1932 3826 2120 3879 obrem
2164 3823 2446 3878 fatendum
2485 3828 2570 3876 est
2607 3835 2733 3874 eum
2782 3827 3041 3887 tanquam
3078 3815 3249 3869 fetum
3291 3811 3512 3882 proprie

1930 3937 1995 3976 ex
2027 3921 2145 3992 ipso
2171 3920 2332 3974 Patre
2363 3934 2515 3982 esse,
2540 3918 2695 3988 juxta
2732 3915 2874 3970 lucis
2897 3913 3228 3982 exemplum.
3264 3907 3336 3964 Ut
3363 3909 3511 3964 enim

1931 4015 2000 4068 ab
2037 4015 2158 4082 igne
2211 4013 2304 4067 lux
2339 4012 2560 4066 oritur:
2608 4009 2684 4063 ita
2734 4006 2968 4062 Verbum
3015 4019 3082 4058 ex
3127 4001 3240 4056 Deo
3279 4009 3384 4066 est,
3422 4015 3508 4054 sa-

1931 4106 2134 4176 pientia
2165 4121 2232 4160 ex
2266 4105 2509 4175 sapiente
2530 4145 2546 4171 ,
2595 4111 2650 4159 et
2686 4118 2751 4173 ex
2786 4100 2949 4155 Patre
2981 4096 3174 4152 Filius.
3211 4093 3324 4148 Hac
3365 4094 3511 4146 enim

1931 4197 2144 4252 ratione
2170 4197 2352 4251 unitas
2384 4195 2662 4250 individua
2698 4201 2753 4248 et
2794 4194 3005 4262 integra
3048 4198 3250 4251 manet,
3283 4184 3513 4254 ejusque

1935 4272 2104 4345 Filius
2139 4288 2378 4344 Verbum
2405 4303 2514 4344 non
2551 4285 2757 4357 aliquid
2782 4292 2866 4340 est
2893 4281 3130 4338 essentia
3158 4293 3394 4334 vacuum
3429 4279 3513 4331 vel

1931 4398 2041 4436 non
2076 4383 2404 4448 subsistens,
2449 4381 2544 4438 sed
2589 4394 2718 4435 vere
2765 4375 3059 4433 essentiale
3106 4381 3212 4428 est.
3252 4368 3513 4439 Alioquin

1930 4474 2038 4528 nisi
2074 4473 2192 4529 haec
2238 4475 2310 4529 ita
2354 4489 2475 4530 esse
2523 4473 2875 4536 concedatur,
2922 4483 3053 4525 sane
3095 4464 3360 4538 quidquid
3395 4464 3514 4532 ipse

1931 4563 2154 4629 dicitur,
2199 4564 2527 4634 cogitatione
2565 4572 2620 4618 et
2651 4563 2819 4617 verbo
2864 4570 3022 4616 tenus
3069 4558 3342 4612 exsistet:
3391 4569 3514 4622 qua:

1935 4655 2203 4709 sententia
2235 4657 2282 4710 si
2327 4664 2412 4710 est
2443 4655 2813 4724 repudianda,
2851 4653 3015 4723 igitur
3047 4665 3238 4704 verum
3275 4646 3511 4700 Verbum

1933 4745 2226 4800 essentiale
2265 4754 2366 4800 est.
2413 4744 2659 4815 Namque
2703 4753 2765 4799 ut
2792 4759 2918 4798 vere
2949 4742 3111 4796 Pater
3142 4747 3244 4805 est,
3282 4739 3356 4792 ita
3383 4751 3514 4791 vere

235 4833 364 4888 οὐτε
394 4837 424 4887 6
451 4834 642 4906 Πατὴρ
676 4833 868 4903 ἄλογος
889 4834 1108 4888 πώποτε
1135 4830 1204 4906 ἦν
1228 4834 1262 4905 ἡ
1293 4837 1430 4889 ἐστι.
1459 4834 1572 4886 Καὶ
1595 4837 1624 4886 6
1655 4835 1818 4903 Λόγος

1933 4845 2017 4890 εει
2047 4833 2346 4905 Sapientia.
2373 4833 2529 4890 Unde
2557 4835 2789 4890 efﬁcitur
2809 4842 2870 4886 ut
2893 4833 3005 4887 duo
3033 4831 3141 4908 sint
3161 4828 3322 4882 Pater
3343 4834 3399 4881 et
3429 4824 3515 4879 Fi-

234 4920 336 4979 οὖν
369 4925 524 4991 Θεὸς,
553 4926 650 4979 καὶ
674 4928 703 4979 6
727 4925 918 4998 Πατὴρ
941 4927 1042 4980 οὐκ
1074 4925 1267 4995 ἄλογος
1291 4942 1304 4956 ⁸
1339 4925 1427 4980 διὰ
1457 4925 1635 4990 τοῦτο,
1679 4926 1818 4997 Ἐγὼ

1933 4927 2061 4992 lius,
2111 4943 2219 4981 non
2266 4942 2396 4982 vero
2430 4927 2604 4991 idem,
2646 4933 2708 4980 ut
2752 4915 3031 4979 contendit
3063 4919 3333 4976 Sabellius
3364 4932 3379 4971 :
3415 4917 3513 4974 sed

234 5017 310 5070 ἐν
327 5015 411 5082 τῷ
428 5017 634 5085 Πατρὶ,
664 5016 765 5070 καὶ
793 5020 827 5072 ό
847 5016 1052 5085 Πατὴρ
1072 5017 1143 5071 ἐν
1171 5016 1324 5086 ἐμοὶ,
1363 5017 1609 5088 εἴρηκεν.

1933 5018 2112 5084 Pater,
2159 5018 2320 5073 Pater
2363 5029 2478 5084 est;
2521 5026 2573 5072 et
2614 5016 2818 5083 Filius,
2863 5015 3054 5069 Filius.
3103 5010 3286 5068 Unum
3329 5019 3511 5064 autem

235 5121 391 5176 sunt,
427 5111 555 5182 quia
596 5111 771 5168 Filius
807 5121 1062 5168 essentne
1088 5111 1268 5168 Patris
1301 5121 1494 5166 natura
1559 5111 1732 5167 Filius
1796 5121 1900 5178 est,
1943 5115 2337 5185 propriumque
2389 5115 2509 5186 ejus
2555 5110 2792 5167 Verbum
2853 5110 3087 5165 exsistit.
3138 5104 3196 5160 1d
3247 5102 3512 5158 Dominus

233 5207 358 5276 ipse
390 5205 610 5260 aiebat:
638 5204 751 5276 Ego
776 5216 827 5260 ει
860 5205 1026 5260 Pater
1049 5222 1214 5259 unum
1237 5222 1418 5260 sumus
1443 5205 1509 5260 ³³.
1544 5203 1656 5261 Nec
1675 5206 1824 5262 enim
1863 5205 2102 5263 Verbum
2169 5217 2479 5278 separatum
2509 5222 2540 5262 a
2579 5187 2738 5260 Patre
2775 5212 2877 5270 est,
2910 5217 3009 5257 nec
3053 5215 3292 5269 unquam
3354 5195 3514 5252 Pater

235 5300 362 5362 sine
391 5296 625 5353 Ratione
657 5296 818 5369 49],
854 5298 970 5354 sive
991 5297 1171 5354 Verbo
1203 5297 1305 5353 fuit
1341 5298 1427 5353 vel
1457 5307 1559 5354 est.
1586 5297 1828 5354 Verbum
1866 5298 2035 5370 igitur
2085 5298 2230 5356 Deus
2273 5311 2376 5366 est,
2440 5315 2540 5355 nec
2605 5297 2768 5353 Pater
2819 5299 2940 5353 sine
2972 5293 3153 5348 Verbo
3192 5301 3274 5348 est
3314 5311 3326 5347 :
3369 5288 3517 5344 unde

233 5392 379 5448 dixit
417 5407 430 5442 :
459 5389 573 5459 Ego
605 5391 661 5442 in
687 5390 871 5456 Patre,
903 5401 953 5444 et
985 5389 1150 5444 Pater
1176 5392 1232 5444 in
1262 5406 1343 5444 me
1365 5400 1443 5444 est
1474 5391 1562 5443 ³³’.

307 5484 354 5516 ³³
389 5483 549 5539 Joan.
587 5498 642 5548 ι,
683 5482 772 5538 50.
853 5483 921 5515 ⁸³·
958 5488 1114 5538 Joan.
1157 5499 1271 5550 xw,
1307 5485 1392 5538 10.

310 5575 428 5714 (l5;
464 5575 819 5646 Anglicanus,
851 5577 1041 5648 Εἴπερ.

310 5647 405 5714 (16
471 5646 602 5714 Reg.
637 5655 694 5700 et
723 5646 975 5714 Seguer.,
1010 5648 1040 5699 ὐ

310 5646 428 5714 (16)
471 5646 602 5718 Reg.
637 5655 694 5700 et
723 5646 1345 5718 δεευει’.,⁷ὐποστατὸς,
1379 5648 1572 5718 ultima
1605 5647 1776 5718 gravi.

588 5686 602 5727 τ
637 5655 694 5700 ει
723 5642 1345 5727 δεευεικξύποστατὸλς,
1379 5648 1572 5727 ιιιιὶιηξιι
1601 5647 1776 5727 gravi.
1931 5644 2227 5727 ὃτισοφὸς,
2256 5643 2380 5704 Υἱὸς
2411 5642 2585 5727 δε,ότι
2619 5642 2796 5708 σοφία.

311 5717 427 5788 (17)
469 5717 694 5787 Regius,
766 5717 987 5788 Seguer.
1047 5716 1212 5772 Basil.
1265 5718 1474 5788 Anglic.
1518 5716 1734 5774 Goblcr.
1765 5724 1819 5772 et

1997 5706 2130 5786 (18)’
2149 5713 2237 5769 Sic
2273 5730 2402 5768 mss.
2425 5715 2491 5768 At
2521 5706 2701 5775 Com;
2727 5709 3000 5778 milesia
3045 5710 3105 5761 ἐκ
3134 5709 3345 5779 Πατρὶς
3365 5706 3509 5777 Υἱός,

1931 5573 2080 5630 Felc.
2116 5575 2167 5637 1,
2203 5575 2293 5626 ὅτε
2323 5571 2504 5640 σοφὸς,
2529 5571 2654 5632 Υἱὸς
2683 5569 2760 5631 δὲ,
2791 5570 2878 5622 ὅτε
2913 5568 3102 5637 σοφία.
3136 5567 3242 5620 Alii
3271 5575 3325 5621 et
3353 5564 3508 5634 editi,
3616 5620 3620 5625 ,
