3834 6220
348 301 446 360 471

949 303 1006 359 S.
1043 303 1419 361 ATHANASII
1457 303 1609 360 OPP.
1651 304 1835 361 PARS
1870 303 1914 360 I.
1954 335 2021 347 —
2063 299 2434 358 IllSTORlCA
2475 300 2563 356 ET
2603 295 3024 356 DOGMATICA.

3494 292 3606 350 472

417 418 473 474 5.
500 418 770 474 Praeterea
805 418 1058 474 Christus
1095 416 1330 475 Verbum
1358 418 1454 475 Dei
1475 431 1597 478 est:
1629 437 1758 476 num
1785 437 1916 492 ergo

2087 422 2140 475 5.
2174 421 2284 473 Καὶ
2313 419 2524 476 πάλινό
2548 417 2783 490 Χριστὸς
2805 415 2978 484 Λόγος
3011 410 3107 468 τοῦ
3141 413 3273 468 Θεοῦ
3322 413 3459 468 ἐστι.
3495 413 3603 467 116⁸

350 525 419 566 ex
461 509 644 580 seipso
676 511 898 577 exstitit,
934 511 1237 582 deindeque
1276 514 1548 569 exsistens
1589 529 1712 570 cum
1758 513 1919 568 Patre

347 609 434 658 est
473 601 794 671 copulatus?
822 602 906 658 An
935 618 1064 657 vero
1107 603 1252 660 Deus
1300 604 1480 675 ipsum
1525 603 1692 672 fecit,
1731 615 1786 660 et
1833 605 1920 661 sui

347 688 521 760 ipsius
557 689 795 746 Verbum
823 691 1148 762 appellavit?
1195 691 1253 747 Si
1297 694 1532 763 primum
1561 694 1916 759 concedatur,

348 783 400 838 id
418 791 520 848 est,
551 781 598 837 si
614 783 798 852 seipso
820 784 1029 839 exstitit
1058 793 1113 840 et
1140 795 1226 840 est
1253 784 1416 852 Deus,
1442 787 1548 842 duo
1567 786 1732 858 igitur
1758 793 1920 842 erunt

345 873 632 944 principia,
680 890 783 932 nec
836 875 928 930 ille
966 874 1147 929 Patris
1181 875 1434 946 proprius
1477 876 1601 942 erit,
1631 885 1686 931 et
1724 876 1919 932 merito

343 963 584 1031 quidem,
623 971 812 1034 utpote
838 965 930 1035 qui
953 980 1064 1022 non
1090 965 1262 1036 ipsius
1285 965 1486 1035 Patris,
1515 967 1610 1023 sed
1637 967 1723 1022 sui
1747 967 1919 1038 ipsius

345 1055 437 1111 sit.
468 1056 623 1122 Quod
659 1057 707 1112 si
741 1057 1081 1113 extrinsecus
1115 1057 1293 1114 factus
1319 1067 1422 1124 est,
1451 1073 1541 1114 res
1566 1067 1750 1114 creata
1773 1067 1920 1115 certe

342 1147 466 1204 erit.
501 1147 690 1204 Restat
731 1151 916 1220 itaque
943 1157 1005 1204 ut
1042 1165 1170 1206 eum
1205 1165 1273 1206 ex
1307 1150 1425 1220 ipso
1459 1149 1571 1205 Deo
1614 1165 1737 1206 esse
1766 1151 1918 1206 dica-

342 1257 468 1296 mus
501 1241 690 1312 tquod
724 1243 770 1298 si
816 1257 1004 1298 verum
1047 1251 1151 1308 est,
1184 1243 1329 1297 aliud
1353 1241 1466 1314 (l9)
1491 1258 1624 1298 sane
1663 1243 1828 1299 fuerit
1866 1244 1919 1299 id

342 1334 488 1402 quod
515 1341 599 1388 est
625 1350 692 1390 ex
724 1335 929 1404 aliquo,
957 1344 1012 1390 et
1035 1335 1183 1390 aliud
1224 1335 1277 1390 id
1312 1350 1376 1390 ex
1417 1350 1524 1405 quo
1550 1343 1633 1390 est
1656 1351 1669 1388 :
1695 1351 1759 1390 ac
1789 1351 1918 1406 pro-

341 1425 470 1480 inde
503 1424 782 1481 fatendum
810 1434 895 1483 est
925 1426 1035 1483 duo
1074 1443 1217 1483 esse.
1244 1426 1378 1482 Nam
1423 1429 1472 1483 si
1511 1428 1619 1484 duo
1647 1443 1757 1482 non
1800 1426 1920 1482 fue-

342 1517 474 1584 rint,
504 1517 598 1573 sed
639 1518 755 1574 haec
784 1519 850 1574 de
893 1519 1083 1574 eodem
1129 1519 1383 1575 dicantur
1414 1536 1428 1570 :
1466 1520 1608 1575 idem
1647 1520 1810 1591 igitur
1834 1519 1921 1574 sui

343 1623 512 1663 causa
545 1617 600 1665 et
623 1608 850 1665 eﬂectus
880 1610 1006 1677 erit,
1029 1610 1170 1666 idem
1201 1611 1347 1680 quod
1369 1609 1611 1682 gignitur
1636 1620 1691 1666 et
1717 1611 1917 1682 gignit;

343 1697 490 1768 quod
526 1698 744 1768 quidem
789 1698 1086 1754 absurdum
1119 1714 1188 1755 ex
1223 1699 1445 1756 Sabellii
1472 1716 1658 1757 errore
1697 1715 1922 1756 manare

2025 531 2180 584 τερον
2210 510 2306 567 οὖν
2356 515 2448 581 ἀφ’
2471 509 2664 567 ἑαυτοῦ
2695 509 2927 579 ὑπέστη,
2957 507 3051 560 καὶ
3084 506 3326 568 ὑποστὰς
3362 521 3604 577 προσκε-

2025 606 2278 676 κόλληται
2331 604 2409 675 τῷ
2441 603 2647 675 Πατρι;
2687 600 2720 673 ἢ
2767 603 2794 654 ό
2825 600 2956 662 Θεὸς
2987 598 3148 652 αὑτὸν
3196 597 3460 668 πεποίηκε
3507 597 3605 650 καὶ

2025 696 2306 767 ὠνόμασεν
2327 695 2439 765 (20)
2473 693 2666 752 ἑαυτοῦ
2699 694 2906 762 Λόγον;
2934 692 2998 744 Ei
3028 691 3127 762 μὲν
3149 685 3243 744 οὖν
3270 689 3331 742 τὸ
3361 689 3601 760 πρῶτον,

2025 786 2168 854 λέγω
2197 786 2261 856 δὴ
2283 785 2362 850 τὸ,
2395 783 2568 854 ἐαυτῷ
2593 783 2800 853 ὑπέστη
2827 782 2938 853 (21)
2969 783 3062 836 καὶ
3086 781 3218 844 Θεός
3249 783 3386 845 ἐστι,
3411 779 3504 834 δύο
3535 780 3604 833 ἂν

2024 875 2133 931 εἶεν
2158 877 2325 947 ἁρχαὶ
2348 915 2363 939 ,
2407 877 2506 930 οὐκ
2552 874 2700 927 ἔσται
2744 873 2803 928 δὲ
2843 873 3064 936 εἰκότως
3095 873 3218 926 οὐδὲ
3259 871 3352 925 τοῦ
3388 872 3604 942 Πατρὸς

2028 968 2176 1032 ἴδιος,
2209 968 2296 1022 διὰ
2315 968 2376 1020 τὸ
2399 967 2472 1039 μὴ
2499 965 2660 1019 αὑτοῦ
2687 965 2782 1019 τοῦ
2805 965 3038 1037 Πατρὸς,
3068 965 3182 1019 ἀλλ’
3213 963 3404 1018 ἑαυτοῦ
3435 960 3600 1017 εἶναι·

2025 1061 2075 1112 εί
2111 1059 2169 1112 δὲ
2203 1057 2398 1124 ἔξωθεν
2436 1057 2749 1127 πεποίηται,
2779 1059 2864 1126 εῐη
2885 1055 2950 1110 ἂν
2983 1056 3208 1126 κτίσμα.
3239 1055 3500 1108 Λείπεται
3535 1054 3605 1124 δὴ

2026 1151 2083 1217 ἐξ
2109 1149 2273 1204 αὐτοῦ
2299 1149 2392 1204 τοῦ
2419 1150 2555 1203 Θεοῦ
2579 1149 2758 1216 λέγειν
2790 1148 2952 1202 αὐτόν
2971 1164 2986 1178 °
3013 1149 3062 1200 εί
3089 1148 3146 1203 δὲ
3170 1144 3346 1210 τοῦτο,
3377 1145 3505 1199 ἄλλο
3535 1144 3607 1200 ἂν

2027 1244 2110 1313 εἴη
2135 1243 2196 1296 τὸ
2219 1242 2283 1296 ἐκ
2305 1260 2469 1308 τινος,
2506 1242 2601 1296 καὶ
2623 1240 2750 1295 ἄλλο
2792 1241 2857 1294 τὸ
2889 1239 2950 1306 ἐξ
2979 1233 3041 1294 οὗ
3084 1241 3228 1294 ἐστι·
3271 1237 3414 1293 κατὰ
3444 1237 3608 1292 τοῦτο

2025 1333 2135 1404 ἄρα
2153 1332 2266 1386 δύο.
2286 1333 2348 1386 El
2375 1332 2434 1385 δὲ
2463 1331 2536 1404 μὴ
2561 1332 2653 1386 δύο
2673 1333 2782 1402 εἴη,
2809 1331 2923 1385 ἀλλ’
2946 1330 3042 1383 ἐπὶ
3062 1327 3157 1383 τοῦ
3188 1329 3352 1384 αὐτοῦ
3367 1329 3605 1396 λέγοιτο,

2027 1425 2254 1478 ἐσταιτὺ
2283 1423 2415 1477 αὐτὸ
2443 1423 2616 1478 αἴτιον
2643 1423 2756 1493 (22)
2783 1423 2876 1476 καὶ
2898 1421 3162 1484 αἱτιατὸν,
3200 1420 3296 1474 καὶ
3329 1420 3610 1490 γεννώμε-

2027 1534 2116 1570 νον
2133 1517 2227 1572 καὶ
2249 1515 2471 1586 γεννῶν,
2497 1518 2636 1588 ὅπερ
2661 1515 2861 1570 ἄτοπον
2881 1514 2974 1567 ἐπὶ
3001 1512 3290 1569 Σαϐελλίω)
3315 1511 3604 1565 δέδεικται.

2027 1609 2091 1662 Ei
2118 1609 2177 1662 δὲ
2211 1609 2269 1675 ὲξ
2296 1609 2460 1662 αὐτοῦ
2513 1609 2613 1680 μὲν
2656 1607 2828 1672 ἐστιν,
2860 1607 2962 1660 οὐκ
2999 1605 3124 1659 ἄλλο
3156 1605 3215 1658 δέ
3237 1619 3253 1635 ο
3310 1603 3462 1657 ἔσται
3511 1604 3610 1656 καὶ

2027 1697 2230 1767 γεννῶν
2249 1739 2265 1762 ,
2304 1698 2400 1752 καὶ
2451 1697 2526 1769 μὴ
2570 1697 2774 1766 γεννῶν
2795 1713 2808 1730 ·
2842 1695 3046 1765 γεννῶν
3075 1696 3173 1766 μὲν
3196 1733 3212 1759 ,
3246 1695 3328 1748 ὅτι
3352 1694 3412 1758 ἐξ
3437 1693 3609 1747 αὐτοῦ

344 1801 622 1847 oStensum
651 1797 750 1844 est.
787 1788 942 1861 Quod
984 1790 1032 1845 si
1069 1805 1134 1845 ex
1165 1791 1282 1860 ipso
1312 1791 1529 1860 quidem
1571 1801 1674 1859 est,
1707 1808 1810 1849 nec
1837 1801 1917 1848 ta-

2026 1790 2302 1863 προιρέρει,
2338 1791 2411 1862 μὴ
2440 1789 2645 1858 γεννῶν
2679 1790 2769 1853 δὲ,
2805 1790 2890 1843 ὃτι
2918 1789 2992 1859 μὴ
3040 1787 3170 1842 ἄλλο
3218 1785 3384 1841 αὐτοῦ
3433 1786 3610 1838 ἐστιν.

343 1895 468 1935 men
504 1880 649 1938 aliud
679 1882 748 1936 ab
771 1895 836 1936 eo
864 1900 876 1935 :
903 1885 1150 1951 sequitur
1173 1891 1236 1937 ut
1262 1884 1404 1940 idem
1437 1885 1509 1939 sit
1538 1893 1593 1939 et
1615 1885 1841 1954 gignens
1865 1893 1920 1939 et

343 1986 453 2026 non
477 1973 737 2042 gignens;
769 1972 1018 2043 gignens,
1042 1975 1170 2043 quia
1193 1991 1261 2030 ex
1289 1991 1348 2031 se
1379 1976 1512 2030 illud
1545 1975 1784 2046 profert;
1809 1992 1916 2032 non

341 2065 590 2137 gignens,
621 2066 750 2135 quia
773 2067 920 2123 aliud
950 2067 1019 2124 ab
1039 2082 1106 2122 eo
1134 2083 1243 2123 non
1273 2077 1376 2123 est.
1403 2067 1556 2134 Quod
1580 2076 1916 2138 postremum

343 2159 392 2215 si
438 2159 780 2224 admittatur,
827 2159 1101 2229 colligitur
1139 2160 1390 2214 eumdem
1431 2159 1757 2230 cogitatione
1792 2167 1918 2214 tan-

341 2259 481 2316 tum,
528 2248 744 2306 Patrem
774 2259 828 2306 et
869 2251 1069 2308 Filium
1115 2252 1244 2306 dici.
1291 2250 1398 2306 Sed
1444 2252 1488 2306 si
1525 2251 1577 2305 id
1619 2252 1916 2307 absurdum

341 2353 445 2408 est,
497 2343 662 2414 igitur
704 2343 813 2398 duo
843 2353 1005 2398 erunt
1034 2343 1195 2399 Pater
1239 2353 1293 2399 et
1326 2343 1519 2399 Filius.
1559 2342 1739 2398 Unum
1788 2345 1917 2400 item

340 2434 503 2489 iidem
530 2443 710 2500 erunt,
736 2436 861 2502 quia
884 2435 1055 2490 Filius
1077 2451 1185 2489 non
1210 2435 1570 2498 extrinsecus,
1591 2435 1686 2490 sed
1710 2451 1775 2490 ex
1805 2435 1917 2490 Deo

342 2526 558 2597 genitus
589 2535 690 2582 est.
727 2526 784 2582 Si
823 2528 946 2597 quis
980 2536 1160 2582 autem
1188 2526 1449 2592 Verbum,
1479 2527 1647 2582 fctum
1681 2527 1796 2582 sive
1821 2542 1916 2597 ge-

342 2619 518 2673 nitum
568 2617 750 2674 dicere
784 2617 1119 2683 reformidat,
1149 2620 1440 2689 ipsumque
1473 2634 1599 2674 cum
1629 2617 1741 2674 Deo
1774 2619 1920 2673 exsi-

341 2715 485 2768 stere
518 2715 672 2776 putat
723 2708 1100 2764 tantummodo
1142 2707 1432 2764 dicendum
1465 2723 1479 2762 :
1515 2717 1703 2764 caveat
1732 2707 1820 2762 ille
1850 2723 1920 2764 ne

340 2797 564 2859 nomine
594 2797 890 2868 Scriptura:
926 2799 1128 2855 usitato
1175 2800 1254 2853 uti
1300 2798 1596 2869 refugiens,
1633 2801 1688 2854 in
1719 2800 1918 2855 absur-

341 2889 467 2949 dam
499 2891 702 2944 incidat
727 2891 1070 2960 Opinionem,
1101 2907 1209 2962 qua
1240 2890 1409 2946 Deum
1441 2892 1672 2962 duplicis
1705 2900 1915 2948 natura:

345 2979 592 3038 inducat.
623 2979 680 3034 Si
713 2981 858 3036 enim
904 2996 1011 3036 non
1055 2982 1303 3037 concedit
1329 2980 1568 3037 Verbum
1601 2999 1668 3037 ex
1709 2983 1918 3038 unitate

340 3087 484 3140 esse,
519 3073 612 3127 sed
639 3081 848 3127 tantum
870 3089 997 3129 cum
1026 3073 1187 3128 Patre
1217 3073 1386 3130 fuisse
1418 3074 1751 3144 copulatum,
1782 3076 1919 3130 duas

2020 1882 2082 1934 Εί
2104 1881 2162 1933 δὲ
2189 1879 2365 1943 τοῦτο,
2391 1878 2474 1950 εἴη
2505 1879 2570 1932 ἂν
2597 1881 2717 1932 κατ’
2749 1878 2990 1932 ἐπίνοιαν
3022 1877 3314 1948 λεγόμενος
3355 1879 3384 1930 ὁ
3430 1875 3604 1937 αὐτὸς

2020 1971 2207 2043 Πατὴρ
2229 1971 2324 2024 καὶ
2371 1971 2518 2034 Υἱός.
2551 1971 2611 2022 Εἰ
2641 1970 2696 2023 δὲ
2740 1971 2986 2041 ἀπρεπὲς
3035 1969 3228 2032 οὕτως,
3279 1969 3366 2039 είη
3392 1967 3462 2022 ἂν
3489 1967 3610 2033 δύο,

2019 2063 2209 2135 Πατὴρ
2237 2064 2330 2117 καὶ
2361 2063 2508 2126 Υἱόςο
2543 2062 2600 2116 ἓν
2622 2061 2697 2125 δὲ,
2727 2061 2808 2115 ὅτι
2828 2064 2856 2115 ὁ
2884 2061 3012 2124 Υἱὸς
3031 2061 3132 2114 οὐκ
3164 2059 3377 2125 ἔξωθεν,
3405 2059 3521 2113 ἀλλ’
3543 2060 3614 2113 ὲκ

2015 2155 2111 2208 τοῦ
2134 2153 2267 2209 Θεοῦ
2299 2156 2620 2224 γεγέννηται
2650 2153 2786 2224 (25).
2827 2153 2890 2205 Εἰ
2922 2152 2980 2206 δὲ
3011 2151 3202 2221 φεύγει
3232 2168 3316 2215 τις
3338 2151 3399 2204 τὸ
3426 2150 3612 2218 λέγειν

2017 2247 2285 2319 γέννημα,
2327 2247 2485 2318 μόνον
2503 2245 2561 2298 δὲ
2591 2243 2740 2312 λέγει
2773 2244 3040 2315 ὑπάρχειν
3071 2243 3164 2296 τὸν
3187 2242 3358 2310 Λόγον
3399 2243 3497 2295 σὺν
3529 2240 3614 2312 τῷ

2015 2338 2165 2410 Θεῷ·
2191 2338 2484 2409 φοϐηθήτω
2511 2340 2539 2390 ό
2564 2336 2806 2399 τοιοῦτος
2856 2337 2952 2407 μὴ,
2994 2335 3212 2405 φεύγων
3259 2335 3321 2388 τὺ
3373 2333 3480 2386 ὑπὸ
3506 2334 3612 2404 τῆς

2017 2431 2238 2504 Γραφῆς
2266 2431 2576 2501 λεγόμενον,
2608 2429 2824 2500 ἐμπέσῃ
2854 2432 2935 2492 εἰς
2965 2428 3217 2492 ἀτοπίαν,
3265 2427 3427 2498 διφυῆ
3482 2443 3613 2480 τινα

2017 2522 2254 2590 εἰσάγων
2275 2521 2368 2574 τὸν
2389 2522 2521 2574 Θεόν
2546 2537 2558 2551 ·
2587 2520 2658 2591 μὴ
2677 2520 2854 2583 διδοὺς
2874 2521 2983 2591 γὰρ
3007 2521 3071 2573 ἐκ
3092 2521 3192 2591 τῆς
3215 2519 3440 2590 μονάδος
3466 2515 3612 2573 εἶναι

2015 2612 2108 2665 τὸν
2135 2612 2330 2680 Λόγον,
2360 2610 2476 2663 ἀλλ’
2504 2609 2690 2673 ἁπλῶς
2724 2608 3078 2680 κεκολλῆσθαι
3109 2608 3187 2679 τῷ
3210 2608 3384 2679 Πατρὶ
3409 2608 3610 2676 Λόγον,

2017 2705 2186 2759 δυάδα
2216 2705 2405 2766 οὐσίας
2431 2704 2664 2770 εἰσάγει,
2706 2701 3006 2773 μηδετέραν
3042 2702 3142 2771 τῆς
3167 2699 3358 2771 ἑτέρας
3385 2700 3613 2772 Πατέρα

2016 2799 2410 2870 τυγχάνουσαν.
2447 2797 2520 2850 Τὸ
2536 2796 2668 2850 αὐτὸ
2694 2797 2752 2852 δὲ
2791 2795 2887 2850 καὶ
2925 2793 3054 2862 περὶ
3087 2793 3385 2862 δυνάμεως.
3434 2794 3610 2848 Φανε-

2021 2889 2256 2963 ρὼτερον
2292 2889 2336 2943 δ’
2370 2889 2436 2943 ἄν
2462 2905 2548 2952 τις
2581 2888 2680 2941 ἴδοι
2708 2887 2885 2949 τοῦτο,
2923 2888 2973 2940 εἰ
3010 2886 3104 2938 ἐπὶ
3153 2885 3366 2954 Πατρὸς
3411 2883 3570 2937 λάϐοι
3593 2899 3607 2914 ·

2020 2977 2101 3046 εἷς
2131 2983 2242 3054 γὰρ
2265 2981 2476 3052 Πατὴρ,
2505 2981 2600 3034 καὶ
2631 2981 2692 3033 οὐ
2721 2980 2834 3040 δύο,
2865 2979 2979 3034 ἀλλ’
3003 2979 3068 3031 ἐκ
3101 2976 3196 3030 τοῦ
3239 2977 3358 3040 ἐνὸς
3395 2977 3422 3028 ὁ
3458 2976 3608 3040 Υἱός.

2025 3073 2236 3144 Ὠσπερ
2273 3067 2366 3125 οὖν
2401 3072 2462 3124 οὐ
2491 3071 2585 3124 δύο
2614 3071 2860 3141 Πατέρες
2881 3109 2897 3133 ,
2923 3069 3039 3124 ἀλλ’
3064 3062 3166 3131 εἷς,
3203 3067 3375 3131 οὕτως
3408 3068 3470 3119 οὐ
3513 3067 3612 3122 δύο

339 3171 487 3219 certe
518 3163 752 3220 admittit
775 3164 1062 3229 essentias,
1089 3179 1321 3234 quarum
1352 3133 1547 3221 neutra
1578 3165 1802 3220 alterius
1825 3180 1917 3236 pa-

2026 3133 2218 3236 ἀρχαὶ,
2241 3163 2376 3218 ἀλλὰ
2412 3165 2534 3238 μία,
2573 3164 2667 3216 καὶ
2707 3133 2782 3215 ὲκ·
2802 3162 2903 3232 τῆς
2935 3163 3066 3233 μιᾶς
3094 3159 3357 3231 οὐσιώδης
3394 3163 3423 3214 ὁ
3456 3160 3607 3224 Υἱός.

342 3271 468 3314 rens
501 3265 602 3316 est,
639 3255 784 3311 Idem
816 3256 979 3310 etiam
1006 3256 1073 3310 de
1100 3255 1300 3310 virtute
1327 3255 1440 3310 sive
1470 3256 1707 3324 potentia
1735 3255 1917 3311 dicen-

2026 3256 2170 3328 Πρός
2212 3258 2521 3329 ’Λρειανοὺς
2543 3256 2600 3308 δὲ
2634 3254 2900 3309 ἀνάπαλιν
2934 3254 3240 3326 ὲρωτητέον
3263 3271 3277 3284 ο
3329 3253 3459 3316 τοὺς
3505 3253 3612 3323 μὲν

337 3351 470 3410 dum
500 3359 603 3406 est.
633 3348 691 3405 id
733 3357 914 3404 autem
962 3347 1178 3403 facilius
1231 3348 1429 3418 poterit
1478 3347 1724 3417 intelligi,
1775 3348 1822 3402 si
1864 3349 1917 3402 in

2026 3348 2133 3418 γάρ
2162 3347 2580 3412 Σαϐελλίζοντας
2606 3347 2711 3401 ἀπὸ
2731 3347 2830 3418 τῆς
2876 3347 3006 3417 περὶ
3054 3345 3184 3400 Υἱοῦ
3219 3344 3426 3408 ἐννοίας
3455 3344 3612 3414 ἐλεγ-

343 3440 504 3497 Patre
559 3449 853 3512 spectetur.
885 3438 1040 3495 Unus
1071 3441 1217 3494 enim
1267 3448 1352 3495 est
1394 3438 1588 3502 Pater,
1631 3455 1740 3492 non
1789 3440 1917 3504 duo,

2027 3442 2204 3504 κτέον,
2239 3442 2365 3504 τοὺς
2386 3440 2444 3494 δὲ
2488 3440 2799 3510 ’Δρειανοὺς
2817 3440 2926 3493 ἀπὸ
2952 3439 3052 3509 τῆς
3078 3439 3202 3511 περὶ
3225 3437 3464 3508 Πατρός.

340 3533 438 3592 sed
465 3547 532 3588 ex
565 3548 674 3588 uno
700 3542 784 3588 est
806 3532 996 3587 Filius.
1030 3530 1250 3602 Utergo
1274 3546 1383 3585 non
1417 3541 1544 3586 sunt
1565 3531 1673 3586 duo
1705 3531 1915 3596 Patres,
1949 3532 2044 3586 sed
2078 3549 2219 3587 unus
2252 3550 2266 3586 :
2300 3533 2371 3586 ita
2406 3549 2516 3586 non
2565 3532 2674 3587 duo
2717 3532 2983 3602 principia
3029 3543 3190 3598 sunt,
3243 3530 3337 3586 sed
3397 3545 3607 3590 unum.

339 3635 398 3686 et
443 3642 512 3682 ex
561 3642 675 3682 uno
705 3627 1014 3682 essentialis
1056 3627 1273 3683 exsistit
1314 3626 1504 3682 Filius.
1544 3626 1755 3683 Rursus
1788 3643 1920 3683 vero
1954 3629 2188 3684 Arianos
2218 3629 2635 3698 interrogemus.
2678 3626 2815 3682 Nam
2878 3627 3026 3698 quod
3052 3627 3119 3683 ad
3169 3626 3393 3682 Sabellii
3432 3635 3611 3683 secta.

343 3727 491 3777 tores
537 3718 761 3784 attinet,
807 3717 884 3772 illi
925 3733 991 3773 ex
1021 3717 1142 3771 Filii
1173 3716 1365 3772 notitia
1410 3715 1688 3772 refellendi
1738 3725 1868 3774 sunt
1905 3737 1918 3774 ι
1958 3719 2144 3772 Ariani
2174 3733 2324 3784 vero,
2360 3733 2425 3772 ex
2458 3719 2634 3773 Patris
2658 3718 2897 3773 notione.

411 3814 466 3870 4.
502 3811 594 3870 Sic
621 3812 786 3884 igitur
830 3813 1207 3868 disserendum
1246 3821 1330 3866 est
1358 3826 1372 3863 :
1399 3810 1497 3866 Vel
1525 3811 1669 3867 Deus
1712 3823 1797 3868 est
1830 3829 1917 3869 sa-

2094 3813 2149 3868 4.
2181 3814 2413 3867 Λεκτέον
2447 3808 2540 3867 οὖν
2563 3826 2579 3841 ⁸
2631 3813 2689 3867 '0
2726 3812 2858 3876 Θεὸς
2900 3811 3062 3882 σοφὸς
3116 3812 3214 3866 καὶ
3259 3813 3363 3867 οὐκ
3410 3812 3612 3881 ἄλογός

341 3905 519 3978 piens,
550 3920 653 3960 nec
675 3905 795 3960 sine
817 3903 995 3958 Verbo
1017 3906 1130 3959 sive
1159 3901 1426 3967 Ratione;
1455 3903 1538 3956 vel
1569 3913 1778 3966 contra,
1801 3905 1917 3959 sine

2026 3907 2192 3969 ἐστιν,
2225 3904 2257 3975 ἢ
2283 3905 2592 3958 τούναντίον
2610 3904 2812 3973 άσοφος
2836 3903 2932 3956 καὶ
2961 3903 3173 3972 ἄλογος.
3215 3904 3279 3957 Ei
3305 3904 3404 3974 μὲν
3428 3900 3521 3958 οὖν
3546 3907 3610 3958 τὸ

342 3997 609 4068 sapientia
647 4005 731 4052 est
771 4005 828 4052 et
858 3995 1037 4051 Verbo
1071 4011 1166 4050 seu
1211 3995 1464 4050 Ratione.
1515 3995 1570 4050 Si
1614 4001 1916 4052 secundum

2026 3998 2292 4069 δεύτερον,
2316 3997 2538 4050 αὐτόθεν
2563 3997 2673 4067 ἔχει
2695 3998 2794 4070 τὴν
2823 3997 3052 4050 ἀτοπίαν
3072 4014 3086 4027 ·
3114 3998 3164 4050 εί
3192 3997 3251 4050 δὲ
3282 3996 3344 4050 τὸ
3366 3997 3606 4068 πρῶτον,

342 4089 670 4156 admittitur,
701 4087 754 4142 id
781 4102 877 4158 per
909 4101 969 4142 se
995 4087 1296 4142 absurdum
1332 4101 1455 4142 esse
1485 4086 1654 4156 liquet
1686 4105 1699 4142 :
1735 4088 1779 4143 si
1807 4089 1917 4158 pri-

2026 4090 2345 4160 ὲρωτητέον,
2369 4090 2485 4153 πῶς
2513 4092 2629 4143 ἐστι
2657 4089 2840 4159 σοφὸς,
2869 4089 2965 4142 καὶ
2990 4089 3090 4142 οὐκ
3115 4089 3308 4156 ἄλογος
3337 4103 3350 4117 ·
3375 4089 3608 4160 πότερον

341 4197 494 4240 mum
526 4178 864 4245 conceditur,
895 4193 1087 4232 rursus
1116 4177 1504 4232 sciscitandum
1539 4187 1643 4243 est,
1673 4192 1914 4247 quonam

2026 4181 2221 4247 ἔξωθεν
2254 4179 2504 4252 ἐσχηκὼς
2525 4180 2616 4234 τὸν
2643 4182 2812 4249 Λόγον
2839 4181 2932 4234 καὶ
2955 4181 3055 4250 τὴν
3079 4179 3292 4250 σοφίαν,
3321 4180 3354 4252 ἢ
3387 4180 3444 4247 ἐξ
3480 4182 3609 4235 ἐαυ-

341 4273 507 4329 modo
537 4272 608 4328 sit
638 4271 875 4342 sapiens,
903 4284 1006 4325 nec
1028 4270 1146 4324 sine
1181 4267 1359 4324 Verbo
1388 4284 1484 4325 seu
1520 4269 1780 4325 Ratione:
1815 4286 1914 4326 ex-

2026 4273 2152 4336 τοῦς
2185 4274 2248 4324 Ei
2271 4272 2372 4342 μὲν
2393 4267 2485 4326 οὖν
2506 4271 2725 4338 ἔξωθεν,
2760 4270 2913 4325 ἔσται
2946 4288 3031 4333 τις
3055 4273 3084 4324 ὁ
3115 4270 3469 4340 προδεδωκὼς
3488 4271 3606 4344 (24)

341 4365 682 4423 trinsecusne
719 4361 1041 4432 sapientiam
1111 4368 1166 4415 et
1205 4358 1483 4423 Verbum,
1536 4375 1604 4414 an
1670 4376 1798 4415 vero
1849 4377 1917 4416 ex

2026 4362 2192 4434 αὐτῷ,
2227 4362 2323 4422 καὶ
2350 4363 2477 4434 πρὶν
2507 4361 2691 4415 λαϐεῖν
2731 4362 2931 4430 ἄσοφος
2977 4360 3072 4414 κα)¹
3104 4359 3330 4428 ἄλογοςο
3353 4362 3403 4413 εἰ
3431 4360 3489 4413 δὲ
3541 4362 3606 4429 ἐξ

341 4457 524 4527 seipso
557 4455 787 4510 habeat?
817 4451 875 4508 Si
905 4451 1248 4508 extrinsecus
1277 4452 1439 4509 habet
1474 4470 1488 4507 :
1521 4453 1720 4524 aliquis
1752 4453 1918 4525 igitur

339 4547 495 4620 prius
531 4545 607 4600 illi
637 4543 803 4608 dedit,
849 4543 1097 4613 ipseque,
1137 4551 1429 4614 antequam
1463 4546 1767 4615 acciperet,
1799 4547 1919 4602 sine

339 4637 608 4708 sapientia
631 4623 708 4692 ὀι
747 4634 925 4691 Verbo
967 4636 1080 4691 sive
1125 4634 1355 4693 Ratione
1397 4647 1532 4693 erat.
1565 4636 1718 4704 Quod
1763 4638 1809 4692 si
1850 4653 1918 4692 ex

342 4730 524 4800 seipso
557 4728 722 4784 habet
757 4727 1017 4794 Verbum,
1064 4725 1241 4797 palam
1286 4727 1446 4798 igitur
1501 4737 1585 4784 est
1638 4729 1816 4798 ipsum
1849 4745 1917 4784 ex

341 4821 512 4878 nihilo
549 4835 657 4876 non
695 4834 840 4884 esse,
887 4833 1066 4890 neque
1099 4818 1268 4876 fuisse
1309 4821 1602 4890 aliquando
1634 4837 1756 4876 cum
1804 4837 1914 4876 non

342 4921 506 4970 esset.
533 4911 814 4984 Siquidem
841 4926 1055 4982 semper
1082 4909 1206 4976 fuit,
1230 4912 1429 4982 quippe
1460 4929 1583 4968 cum
1612 4914 1722 4977 ille,
1758 4914 1916 4983 cujus

342 5006 522 5077 imago
539 5014 644 5071 est,
677 5020 892 5082 semper
911 5003 1156 5060 exsistat.
1183 5003 1252 5058 At
1276 5003 1322 5058 si
1347 5005 1723 5074 responderint
1745 5004 1913 5061 Deum

342 5097 641 5169 sapientem
668 5097 888 5168 quidem
913 5109 1034 5152 esse
1053 5110 1156 5151 nec
1181 5095 1299 5152 sine
1326 5093 1502 5150 Verbo
1530 5096 1644 5150 sive
1665 5095 1912 5164 Ratione,

415 5273 528 5347 (l9)
552 5275 660 5347 Sic
692 5277 785 5332 hic
813 5284 868 5332 et
894 5289 1022 5336 mox
1044 5313 1061 5338 ,
1087 5271 1334 5347 Graecum
1377 5270 1579 5347 secuti,
1615 5270 1916 5347 reddimus.

344 5339 476 5410 non,
506 5339 668 5413 alius,
692 5356 751 5401 ut
778 5347 954 5402 solent
984 5343 1134 5413 loqui
1158 5343 1211 5396 in
1244 5342 1449 5398 scholis
1476 5339 1757 5411 Theologi.
1781 5339 1916 5395 Vide

344 5427 532 5488 Supra,
562 5416 842 5488 pag.ﬁ458,
878 5431 1029 5488 n_um.
1067 5413 1123 5468 4.

418 5432 532 5481 pra.
600 5433 686 5488 ag.
714 5432 842 5478 ωδ,
878 5432 1029 5469 num.
1067 5432 1123 5468 4.

418 5483 528 5556 (20)
562 5432 769 5554 Regius
803 5496 858 5556 et
892 5481 1474 5556 Seguer.._¢bv§pqxsv.

417 5549 528 5624 (2t)
553 5549 772 5624 Regius.
797 5549 1013 5611 Gobler.
1043 5561 1100 5608 et
1124 5549 1384 5624 Felck'J,
1414 5550 1645 5624 ῥπέστη.
1685 5549 1910 5624 Seguer.

345 5621 596 5702 Bastlget
621 5621 858 5702 Anglic,
880 5623 1135 5702 βφέστῃ.
1181 5623 1321 5702 Editi
1342 5663 1358 5689 ,
1391 5621 1697 5702 tinearum.
1727 5621 1914 5702 ~Paulo

345 5704 468 5778 post
505 5691 739 5776 Regius,
768 5691 1294 5772 Basil,'et_x§ttglic.,
1344 5693 1420 5766 μὴ
1452 5691 1776 5774 αὺτοῦ-*τῷ
1798 5692 1910 5746 Πα-

2020 4453 2207 4517 αὺτοῦ,
2235 4453 2389 4522 δῆλον
2423 4451 2632 4520 ὃτι(2ἒ5)
2660 4453 2760 4509 οὐκ
2793 4451 2852 4518 ἐξ
2884 4453 2986 4505 οὐκ
3011 4450 3202 4515 ὄντων,
3229 4450 3340 4503 οὐδ’
3368 4445 3438 4520 ἦν
3466 4468 3606 4504 ποτε

2019 4547 2107 4599 ὅτε
2135 4544 2236 4598 οὐκ
2251 4541 2320 4616 ἦν
2339 4559 2354 4573 ⁸
2391 4546 2478 4598 ἀεὶ
2507 4546 2615 4615 γὰρ
2646 4539 2714 4615 ἦν
2733 4561 2748 4576 θ
2771 4543 2894 4596 ἐπεὶ
2920 4542 3013 4596 καὶ
3036 4537 3096 4596 οὗ
3122 4544 3270 4596 ἐστιν
3297 4541 3480 4606 εἰκὼν,
3512 4543 3607 4596 ἀεὶ

2021 4638 2274 4708 ὑπάρχει.
2326 4636 2451 4690 Ἐὰν
2479 4635 2537 4690 δὲ
2573 4636 2834 4704 λέγωσιν,
2868 4636 2950 4689 ὅτι
2995 4633 3156 4703 σοφὸς
3205 4633 3306 4704 μὲν
3353 4634 3468 4687 ἔστι
3506 4635 3607 4688 καὶ

2020 4727 2118 4781 οὐκ
2151 4727 2366 4796 ἄλογος,
2409 4727 2543 4780 ίδίαν
2572 4725 2626 4780 δὲ
2664 4719 2776 4796 ἔχει
2802 4727 2860 4787 έν
2884 4723 3062 4794 ἑαυτῷ
3106 4724 3296 4792 σοφίαν
3339 4722 3431 4776 καὶ
3469 4724 3606 4778 ἴδιον

2023 4819 2216 4886 Λόγον,
2247 4819 2308 4872 οὐ
2341 4819 2432 4871 τὸν
2454 4817 2689 4889 Χριστὸν
2709 4817 2788 4881 δὲ,
2812 4816 2927 4870 ἀλλ’
2955 4817 3013 4869 ἐν
3043 4808 3089 4883 ᾧ
3113 4815 3208 4869 καὶ
3241 4814 3332 4868 τὸν
3364 4814 3607 4886 Χριστὸν

2023 4909 2246 4980 ἐποίησε
2260 4925 2274 4939 ο
2306 4909 2545 4976 λεκτέον,
2561 4909 2664 4968 ὅτι,
2683 4910 2731 4962 εἰ
2756 4911 2784 4960 ὀ
2799 4908 3032 4980 Χριστὸς
3054 4910 3110 4960 ὲν
3138 4907 3333 4976 ἐκείνῳ
3348 4906 3428 4978 τῷ
3441 4907 3606 4978 Λόγῳ

2021 5002 2231 5069 γέγονε,
2263 5000 2420 5072 δῆλον
2445 5002 2528 5054 ὅτι
2553 5001 2649 5054 καὶ
2678 5001 2747 5054 τά
2773 5002 2983 5058 πάνταο
3016 4999 3112 5054 καὶ
3157 4997 3318 5062 αὐτὸς
3357 4997 3424 5052 ἂν
3463 4998 3548 5070 εἴη
3584 5039 3602 5064 ,

2023 5094 2152 5165 περὶ
2174 5087 2234 5147 οὗ
2262 5092 2411 5160 λέγει
2451 5093 2723 5163 Ἰωάννης,
2754 5091 2958 5152 Πάντα
2987 5091 3062 5144 δι’
3099 5090 3284 5150 αὐτοῦ
3325 5090 3563 5162 ἐγένετο
3581 5109 3595 5125 ο

2019 5272 2168 5335 τοὸς.
2200 5269 2258 5324 1η
2295 5271 2417 5328 aliis
2438 5281 2493 5327 et
2517 5271 2755 5326 editione
2780 5268 3234 5332 Commeliniana,
3274 5267 3368 5321 τοῦ
3416 5267 3592 5320 deest.
3653 5303 3655 5306 ι

2095 5341 2205 5413 (22)
2244 5339 2446 5412 Regius
2493 5342 2702 5412 primus
2737 5350 2791 5396 et
2821 5339 3157 5409 Seguerian.,
3187 5340 3248 5398 τὸ
3275 5337 3405 5398 αὐτὸ
3435 5337 3601 5390 αὐτο-

2020 5409 2212 5466 αίτιον.
2329 5409 2350 5412 “
2496 5409 2509 5412 ’

2091 5482 2203 5551 (23)
2246 5481 2581 5549 Basiliensis,
2607 5481 2918 5551 γεγένηται.

2091 5550 2201 5624 (24)
2240 5551 2460 5624 Regius,
2491 5550 2896 5624 προσδεδωκώς.

2091 5618 2204 5694 (25)
2245 5618 2446 5693 Regius
2480 5618 2814 5693 et'Seguer.,
2843 5618 3105 5692 δηλονότι.
