3834 6220
214 303 330 360 475

1323 307 1586 365 ORATIO
1624 308 1693 364 ιν
1732 307 2015 366 CONTRA
2049 309 2374 368 ARIANOS.

3387 303 3494 360 ιγι

217 421 320 472 καὶ
345 420 374 472 6
393 419 699 493 Ψώμοῢὸς
712 423 789 487 δὲ,
807 423 1011 480 Πάντα
1033 426 1146 495 (26)
1168 427 1239 480 ἐν
1275 429 1465 497 σοφίῃ
1499 428 1802 497 ἐποίησας.

1917 429 2008 484 sed
2055 429 2329 500 propriam
2385 428 2439 483 in
2487 426 2704 498 seipsof
2731 425 2932 481 habere
2977 421 3319 494 sapientiam,
3361 435 3492 490 pro-

216 509 598 581 Εὑρεθήσεται
627 512 686 565 δὲ
714 515 742 566 6
768 514 1000 584 Χριστὸς
1027 513 1377 586 ψευδόμενος,
1429 518 1570 587 Ἐγὼ
1618 519 1690 572 ἐν
1731 519 1812 584 τῷ

216 604 430 670 Πατρί,
457 603 610 668 ὄντος
633 605 820 677 ἑτέρου
855 608 913 659 ὲν
944 605 1023 677 τῷ
1053 609 1252 678 Πατρί.
1281 609 1412 676 Καὶ,
1459 609 1521 663 '0
1547 611 1737 680 Λόγος
1753 611 1811 665 δὲ

219 695 382 764 σὰρξ
403 697 663 766 ἐγένετο,
695 699 795 752 οὐκ
819 698 1018 770 ἀληθὲς
1045 701 1166 752 κατ’
1186 701 1412 764 αὐτούς’
1441 702 1492 754 εἱ
1520 702 1650 773 γὰρ,
1677 703 1736 756 ὲν

215 788 289 842 τὰ
315 789 498 843 πάντα
531 789 769 858 ἐγένετο,
806 793 968 856 αὐτὸς
987 793 1206 861 ἐγένετο
1239 793 1396 865 σὰρξ,
1431 797 1459 848 6
1485 795 1542 848 δὲ
1575 795 1812 866 Χριστὸς

216 882 322 935 οὐκ
350 881 502 935 ἔστιν
533 885 592 936 ὲν
629 883 706 954 τῷ
734 887 911 957 Ηατρὶ
939 886 1131 954 Λόγος,
1161 886 1228 940 δι’
1274 884 1334 942 οὗ
1374 888 1443 941 τὰ
1473 890 1654 942 πάντα
1689 888 1810 957 ἐγέ-

216 988 342 1025 νετο
364 988 380 1004 ο
410 973 520 1043 ἄρα
555 977 586 1028 6
611 975 846 1047 Χριστὸς
879 976 989 1046 (27)
1019 977 1080 1030 οὐ
1115 978 1306 1046 γέγονε
1345 978 1500 1050 σὰρξ,
1533 978 1648 1033 ἀλλ’
1679 981 1810 1043 ἴσως

215 1063 516 1137 ὠνομάσθη
551 1066 723 1135 Λόγος
774 1069 803 1120 6
831 1069 1084 1140 Χριστός.
1137 1071 1247 1124 Καὶ
1290 1072 1339 1123 εί
1364 1070 1556 1134 τοῦτο,
1592 1071 1808 1143 πρῶτον

219 1154 322 1224 μὲν
354 1155 515 1220 ἄλλος
548 1156 616 1209 ἂν
645 1155 730 1228 εἴη
760 1159 910 1230 παρὰ
933 1160 995 1213 τὸ
1016 1160 1217 1232 ὄνομα·
1245 1159 1437 1214 ἔπειτα
1463 1161 1524 1214 οὺ
1551 1161 1618 1214 δι’
1640 1161 1808 1216 αὐτοῦ

214 1245 440 1315 ἐγένετο
471 1249 540 1301 τὰ
588 1249 791 1314 πάντα,
824 1251 938 1305 ἀλλ’
969 1253 1026 1305 ὲν
1056 1253 1272 1324 ἐκείνῳ,
1306 1254 1364 1306 ἐν
1401 1248 1446 1322 ᾧ
1495 1254 1589 1308 καὶ
1613 1255 1640 1306 6
1673 1255 1810 1326 Χρι-

216 1337 365 1400 στός.
394 1337 460 1390 Ei
490 1337 547 1390 δὲ
578 1339 830 1409 φήσαιεν,
864 1341 941 1404 ὡς
969 1343 1231 1412 ποιότητα
1262 1338 1400 1394 εἶναι
1432 1344 1489 1396 ὲν
1513 1343 1592 1414 τῷ
1632 1342 1808 1414 Πατρὶ

213 1428 315 1498 τὴν
350 1428 567 1496 σοφίαν,
601 1429 633 1501 ἢ
667 1431 995 1501 αὒτοσοφίαν
1028 1429 1170 1486 εἶναι
1195 1450 1208 1464 ·
1234 1433 1589 1505 ἀκολουθήσει
1634 1435 1705 1488 τὰ
1747 1436 1807 1488 ὲν

213 1521 329 1582 τοῖς
350 1519 662 1590 ἔμπροσθεν
681 1522 857 1577 ἄτοπα
878 1526 926 1577 εί
934 1543 998 1596 ρη
1008 1525 1165 1595 μένα.
1187 1527 1380 1580 Ἔσται
1401 1529 1511 1598 γὰρ
1532 1526 1802 1593 σύνθετος,

215 1609 311 1660 καὶ
364 1609 533 1673 αὐτὸς
576 1611 774 1666 ἑαυτοῦ
809 1613 938 1677 Υἱὸς
973 1614 1081 1668 ’καὶ
1112 1615 1302 1686 Πατὴρ
1331 1615 1616 1687 γινόμενος
1665 1616 1803 1686 (98).

212 1699 362 1770 Πλὴν
395 1701 686 1770 ἐλεγκτέον
706 1705 802 1760 καὶ
821 1706 1170 1778 δυσωπητέον
1191 1708 1409 1772 αὐτοὺς,
1453 1709 1536 1761 ὅτι
1572 1710 1600 1761 6
1633 1709 1690 1760 ὲν
1725 1707 1803 1778 τῷ

1914 521 2200 592 priumque
2239 520 2509 582 Verbum,
2545 535 2655 574 non
2707 527 2885 573 autem
2937 516 3240 577 Christum,
3290 511 3384 568 sed
3434 511 3493 566 in

1911 629 2021 684 quo
2047 615 2223 684 ipsum
2246 615 2408 668 etiam
2440 613 2719 667 Christum
2757 610 2978 664 fecerit:
3008 606 3294 662 dicendum
3321 602 3492 673 quod,

1912 704 1960 760 si
2008 703 2263 760 Christus
2309 704 2363 758 in
2409 703 2505 758 illo
2555 703 2738 758 Verbo
2781 701 2959 756 factus
3001 700 3106 762 sit,
3156 698 3276 753 sine
3322 695 3490 752 dubio

1910 797 2093 851 omnia
2123 811 2344 867 quoque
2379 795 2437 850 in
2469 796 2659 850 eodem
2693 793 2834 848 facta
2867 801 3020 856 sunt,
3047 791 3334 861 ipsumque
3359 787 3490 842 illud

1909 893 1994 941 est
2013 884 2250 941 Verbum
2284 887 2351 940 de
2374 901 2482 955 quo
2512 885 2749 941 Joannes
2773 884 2904 938 dicit
2928 900 2943 937 :
2971 881 3164 936 Omnia
3197 897 3288 950 per
3316 881 3491 946 ipsum

1910 977 2057 1046 facta
2088 986 2209 1030 sunt
2241 977 2287 1008 “
2313 992 2332 1040 ;
2367 986 2421 1032 et
2453 976 2744 1032 Psalmista
2764 1014 2780 1038 ,
2811 972 3005 1029 Omnia
3033 973 3087 1026 in
3118 971 3380 1041 sapientia
3409 970 3492 1038 fe-

1909 1070 2031 1124 cisti
2061 1071 2126 1124 ’5.
2157 1068 2299 1136 Quin
2343 1078 2398 1123 et
2438 1070 2554 1139 ipse
2589 1069 2840 1124 Christus
2874 1067 3135 1123 mentitus
3177 1079 3300 1119 esse
3336 1078 3493 1131 repe-

1910 1163 2082 1216 rietur
2115 1177 2238 1216 cum
2275 1163 2380 1227 ait,
2417 1160 2528 1232 Ego
2573 1163 2626 1215 in
2659 1162 2839 1226 Patre,
2872 1157 3314 1230 quandoquidem
3350 1156 3493 1212 alius

1907 1259 1992 1305 est
2021 1251 2074 1304 in
2107 1249 2290 1306 Patre.
2336 1250 2557 1305 Falsum
2591 1250 2716 1304 item
2749 1266 2814 1304 ex
2849 1251 3064 1304 illorum
3098 1245 3360 1302 sententia
3388 1245 3495 1299 erit

1908 1341 2053 1410 quod
2093 1341 2326 1407 dicitur,
2367 1340 2589 1395 Verbum
2637 1357 2760 1394 caro
2797 1340 3000 1410 factum
3035 1347 3112 1392 est
3148 1337 3214 1391 ".
3244 1334 3493 1405 Namque

1907 1435 1956 1490 si
2017 1436 2149 1490 illud
2197 1436 2434 1491 Verbum
2491 1450 2620 1490 caro
2669 1434 2872 1489 factum
2939 1431 3103 1504 5.92
3145 1439 3228 1486 est
3272 1430 3324 1484 in
3381 1444 3493 1498 quo

1907 1529 2090 1583 omnia
2123 1527 2264 1583 facta
2315 1536 2472 1592 sunt,
2522 1542 2622 1581 nec
2653 1526 2902 1581 Christus
2947 1533 3032 1578 est
3065 1524 3118 1577 in
3171 1521 3332 1575 Patre
3355 1519 3494 1575 Ver-

1906 1621 2034 1675 bum
2068 1635 2164 1689 per
2207 1619 2354 1690 quod
2397 1619 2580 1673 omnia
2625 1618 2766 1671 facta
2817 1625 2946 1670 sunt
2996 1634 3009 1670 :
3044 1615 3209 1686 igitur
3237 1612 3493 1668 Christus

1908 1726 2016 1764 non
2044 1709 2222 1764 factus
2251 1719 2334 1765 est
2367 1725 2518 1773 caro,
2554 1709 2646 1764 sed
2677 1707 2817 1762 forte
2845 1705 3100 1760 Christus
3132 1703 3373 1759 Verbum
3404 1717 3494 1772 ap-

211 1787 333 1860 Θεῷ
353 1791 550 1859 Λόγος,
580 1793 682 1847 οὐκ
715 1793 783 1849 ἂν
815 1795 901 1867 εἴη
931 1796 1160 1868 κτίσμα,
1197 1797 1320 1850 οὐδὲ
1352 1799 1417 1850 ὲκ
1469 1797 1562 1851 τοῦ
1605 1796 1680 1870 μὴ
1712 1798 1802 1851 ὅν-

1907 1803 2139 1871 pellatus
2172 1809 2271 1855 est.
2309 1799 2466 1866 Quod
2499 1799 2718 1869 quidem
2768 1797 2815 1852 si
2866 1811 3057 1851 verum
3106 1803 3222 1858 est,
3275 1793 3487 1863 primo,

212 1896 305 1944 τος
323 1899 338 1912 ·
366 1881 524 1947 ὄντος
581 1884 637 1936 δὲ
667 1886 810 1952 ἅπαξ
860 1889 919 1938 ὲν
970 1887 1090 1959 Θεῷ
1113 1889 1286 1956 Λόγου
1313 1929 1327 1954 ,
1357 1888 1520 1952 αὐτὸς
1547 1888 1612 1942 ἂν
1663 1890 1747 1961 εἴη
1774 1891 1802 1943 6

212 1970 453 2041 Χριστὸς
477 1975 506 2026 6
533 1972 729 2042 λέγων,
771 1976 913 2046 Ἐγὼ
946 1977 1016 2031 ἐν
1058 1977 1138 2044 τῷ
1166 1978 1370 2047 Πατρί,
1394 1979 1494 2032 καὶ
1529 1982 1560 2034 ὀ
1599 1980 1802 2048 Πατὴρ

209 2061 282 2114 ἐν
302 2062 456 2131 ἐμοὶ,
479 2066 509 2116 6
535 2064 624 2119 διὰ
653 2064 810 2120 τοῦτο
844 2067 939 2120 καὶ
971 2069 1264 2140 μονογενὴς
1308 2067 1408 2134 ὢν,
1458 2071 1646 2142 ἐπειδὴ
1700 2071 1802 2124 οὐκ

209 2152 371 2217 ἄλλος
393 2171 478 2217 τις
499 2155 556 2222 ἐξ
578 2156 740 2209 αὐτοῦ
769 2159 1055 2230 ἐγεννήθη.
1082 2155 1180 2223 Εἷς
1215 2154 1371 2225 οὗτος
1399 2161 1528 2225 Υἱὸς
1549 2162 1658 2232 (99)
1689 2202 1704 2225 ,
1742 2163 1802 2225 ὃς

209 2244 326 2296 ἐστι
347 2245 539 2313 Λόγος,
572 2247 754 2316 σοφία,
786 2248 1041 2320 δύναμις·
1075 2251 1138 2304 οὐ
1160 2250 1269 2321 γὰρ
1302 2251 1555 2316 σύνθετος
1580 2254 1646 2306 ὲκ
1673 2251 1799 2306 τού-

207 2349 319 2387 των
344 2336 374 2386 6
415 2335 568 2399 Θεὸς,
608 2337 744 2391 ἀλλὰ
781 2343 1119 2411 γεννητικός.
1177 2343 1388 2413 ’Ὠσπερ
1423 2342 1534 2414 γὰρ
1573 2342 1643 2396 τὰ
1691 2343 1803 2396 κτί-

210 2441 396 2495 σματα
421 2427 579 2499 Λόγῳ
607 2429 954 2502 δημιουργεῖ,
987 2432 1128 2486 οὕτω
1163 2433 1302 2486 κατὰ
1337 2433 1497 2502 φύσιν
1535 2434 1632 2504 τῆς
1665 2434 1800 2498 ἰδίας

205 2517 398 2582 οὐσίας
426 2519 538 2592 ἔχει
556 2522 804 2593 γέννημα
822 2524 914 2576 τὸν
943 2525 1138 2594 Λόγον,
1154 2525 1222 2578 δι’
1244 2520 1305 2579 οὗ
1337 2527 1430 2580 καὶ
1455 2527 1796 2600 δημιουργεῖ,

207 2611 303 2664 καὶ
336 2612 538 2679 κτίζει,
571 2615 666 2667 καὶ
708 2618 986 2687 οἰκονομεῖ
1013 2616 1082 2670 τὰ
1126 2617 1326 2674 πάντα.
1370 2618 1460 2688 Τῷ
1502 2618 1612 2691 γὰρ
1640 2621 1798 2689 Λόγῳ

205 2705 298 2757 καὶ
329 2707 398 2774 τῇ
427 2706 590 2777 σοφίᾳ
613 2706 682 2760 τὰ
713 2707 892 2760 πάντα
915 2707 1124 2777 γέγονε,
1159 2711 1252 2762 καὶ
1274 2712 1341 2780 τῇ
1367 2708 1607 2773 διατάξει
1633 2711 1797 2764 αὑτοῦ

204 2795 448 2866 διαμένει
478 2796 547 2850 τὰ
574 2798 890 2868 σύμπαντα.
921 2801 994 2853 Τὸ
1023 2801 1158 2854 αὐτὸ
1184 2800 1241 2854 δὲ
1275 2801 1371 2853 καὶ
1398 2801 1526 2871 περὶ
1554 2801 1712 2853 Υἱοῦο
1748 2803 1798 2854 εἰ

203 2888 419 2960 ἄγονος,
445 2890 541 2944 καὶ
573 2891 937 2964 ἀνενέργητος
961 2894 990 2946 6
1018 2892 1151 2956 Θεός
1173 2910 1187 2925 ο
1216 2891 1466 2962 γέννημα
1497 2891 1606 2963 γὰρ
1631 2893 1796 2947 αὑτοῦ

203 2988 232 3038 ὁ
252 2984 382 3049 Υἱὸς
407 2984 518 3056 (50)
543 2983 612 3038 δι’
644 2977 706 3038 οὗ
738 2983 1048 3056 ἐργάζεται.
1082 2986 1144 3039 Ei
1169 2985 1226 3040 δὲ
1263 2985 1359 3056 μὴ,
1390 2987 1445 3038 αἱ
1467 2985 1631 3038 αὐταὶ
1659 2987 1796 3058 ὲρω·

204 3079 394 3148 τήςεις
416 3078 512 3130 καὶ
539 3076 608 3131 τὰ
635 3075 778 3130 αὐτὰ
806 3075 985 3130 ἄτοπα
1012 3079 1127 3140 τοῖς
1157 3075 1623 3147 ⁸ἀναισχυντοῦσιν
1666 3071 1796 3131 ἁκο-

1903 1895 2045 1948 alius
2088 1894 2193 1947 erit
2229 1908 2391 1962 quam
2442 1892 2535 1961 qui
2587 1891 2811 1944 nomine
2857 1889 3198 1958 signiﬁcatur
3227 1904 3241 1940 :
3271 1884 3488 1950 deinde,

1903 2002 2012 2040 non
2061 2001 2156 2054 per
2183 2002 2307 2040 eum
2345 1986 2530 2039 omnia
2563 1983 2704 2038 facta
2734 1992 2917 2047 erunt,
2945 1981 3040 2037 sed
3071 1981 3125 2034 in
3154 1980 3266 2045 illo,
3299 1979 3353 2032 in
3380 1993 3490 2046 quo

1902 2076 2156 2131 Christus
2178 2091 2398 2146 quoque
2436 2077 2550 2146 ipse
2577 2076 2755 2132 iactus
2782 2082 2885 2130 est.
2916 2072 3010 2128 Sin
3039 2081 3218 2128 autem
3250 2070 3491 2126 dixerint

1903 2170 2245 2240 sapientiam.
2279 2170 2334 2222 in
2371 2169 2530 2223 Patre
2562 2170 2736 2223 instar
2763 2165 3040 2236 qualitatis
3068 2179 3210 2230 esse,
3248 2165 3333 2218 vel
3361 2178 3489 2217 eum

1901 2259 2224 2329 sapientiam
2271 2259 2444 2328 ipsam
2495 2273 2668 2324 esse;
2721 2273 2844 2326 qua:
2895 2271 3064 2326 supra
3115 2254 3489 2309 recensuimus

1900 2351 2138 2405 absurda
2163 2391 2178 2416 ,
2231 2350 2542 2406 necessario
2592 2356 3002 2419 consequentur
3026 2389 3042 2413 ,
3084 2346 3334 2401 videlicet
3360 2359 3490 2398 eum

1899 2441 2262 2510 compositum
2297 2454 2450 2505 esse,
2483 2439 2680 2508 suique
2713 2438 2886 2507 ipsius
2909 2451 3032 2491 esse
3059 2433 3278 2489 Patrem
3309 2443 3363 2488 et
3393 2432 3487 2487 Fi-

1900 2530 2054 2584 lium.
2107 2528 2306 2584 Verum
2350 2528 2682 2600 coarguendi
2735 2528 2812 2582 illi
2860 2536 2987 2582 sunt
3033 2535 3089 2581 et
3144 2525 3486 2580 confutandi.

1901 2621 2180 2692 Siquidem
2217 2621 2474 2688 Verbum,
2517 2622 2664 2692 quod
2695 2621 2750 2674 in
2782 2620 2895 2676 Deo
2936 2628 3040 2682 est,
3076 2633 3176 2673 nec
3215 2628 3486 2684 creatum,

1898 2728 2000 2766 nec
2031 2727 2099 2766 ex
2149 2712 2321 2767 nihilo
2359 2720 2537 2783 potest
2578 2727 2720 2767 esse.
2761 2709 2818 2766 Si
2849 2711 2977 2765 item
3007 2708 3244 2764 Verbum
3288 2709 3340 2761 in
3378 2707 3489 2762 Deo

1897 2809 2014 2870 est;
2048 2803 2164 2873 ipse
2191 2813 2336 2859 certe
2365 2803 2619 2860 Christus
2662 2801 2845 2869 fuerit,
2869 2803 2963 2873 qui
3003 2803 3110 2866 ait,
3139 2800 3253 2872 Ego
3281 2802 3337 2854 in
3378 2798 3490 2852 Pa-

1899 2904 1997 2961 tre,
2029 2905 2078 2949 et
2115 2894 2281 2949 Pater
2321 2897 2483 2950 inme
2514 2905 2590 2950 est
2624 2896 2668 2928 ³⁷
2687 2913 2708 2962 ;
2741 2896 2836 2967 qui
2877 2895 3022 2950 idem
3066 2894 3272 2949 idcirco
3299 2894 3489 2962 unige-

1896 2987 2046 3042 nitus
2078 2997 2182 3051 est,
2214 2987 2343 3057 quia
2386 2987 2568 3043 nullus
2598 2987 2740 3043 alius
2765 3002 2834 3042 ex
2863 3001 2929 3042 eo
2959 2987 3031 3042 sit
3058 2986 3294 3058 genitus.
3331 2981 3487 3040 Unus

1898 3078 1989 3134 hic
2030 3087 2116 3134 est
2160 3078 2355 3145 Filius,
2387 3079 2482 3149 qui
2524 3087 2581 3134 et
2610 3077 2880 3148 Verbumf,
2916 3079 3182 3148 sapientia
3217 3087 3270 3132 et
3313 3078 3488 3132 virtus

205 3169 480 3241 λουθήσει.
1821 3167 1865 3225 C
1901 3172 2016 3228 sive
2050 3171 2296 3242 potentia
2335 3179 2438 3226 est.
2475 3170 2588 3226 Nec
2623 3171 2768 3226 enim
2795 3187 2863 3226 ex
2903 3171 2990 3226 his
3033 3180 3120 3226 est
3150 3170 3488 3240 compositus

207 3263 370 3327 Deus,
409 3263 504 3319 sed
538 3264 736 3318 horum
791 3272 878 3320 est
937 3265 1170 3335 genitor.
1200 3263 1448 3336 Namque
1477 3264 1940 3335 quemadmodum
1975 3281 2063 3322 res
2123 3276 2337 3322 creatas
2369 3263 2546 3322 Verbo
2603 3266 2872 3336 producit,
2912 3266 2987 3320 ita
3030 3265 3329 3320 secundum
3361 3279 3490 3334 pro-

205 3357 339 3427 pria:
393 3357 650 3411 essentia:
687 3365 938 3411 naturam
989 3355 1227 3412 Verbum
1281 3357 1484 3428 gignit,
1525 3353 1650 3427 per'
1682 3358 1826 3427 quod
1865 3359 2050 3413 omnia
2083 3358 2278 3424 eﬂicit,
2309 3369 2461 3414 creat
2491 3367 2546 3413 et
2573 3359 2936 3413 administrat.
2973 3357 3251 3428 Siquidem
3301 3357 3487 3427 omnia

204 3447 388 3506 Verbo
451 3458 506 3504 et
567 3449 832 3520 sapientia
900 3449 1042 3505 facta
1087 3459 1234 3516 sunt,
1268 3451 1498 3521 ejusque
1532 3451 1762 3521 imperio
1799 3451 2052 3506 universa
2088 3460 2438 3522 perseverant
2468 3451 2532 3505 ³⁸.
2580 3449 2722 3505 Idem
2773 3461 2952 3505 autem
3002 3450 3070 3504 de
3111 3447 3251 3502 Filio
3296 3447 3487 3501 dicen-

203 3545 333 3600 dum
366 3563 380 3598 :
414 3545 673 3599 nimirum
719 3545 765 3601 si
794 3545 929 3599 nihil
961 3545 1132 3616 gignit
1161 3543 1326 3610 Deus,
1358 3545 1495 3600 nihil
1563 3545 1691 3600 item
1757 3546 1868 3615 agit
1903 3547 2018 3602 sive
2065 3546 2270 3601 eﬂicit:
2323 3561 2450 3600 nam
2496 3545 2614 3615 ejus
2663 3544 2804 3600 fetus
2848 3553 2934 3599 est
2974 3542 3144 3597 Filius
3191 3556 3283 3611 per
3321 3553 3486 3610 quem

204 3638 333 3708 agit.
361 3635 458 3690 Sin
490 3637 674 3691 minus
705 3654 720 3692 :
753 3637 818 3690 ad
843 3637 1060 3691 easdem
1089 3637 1545 3704 interrogationes
1572 3637 1872 3706 eademque
1898 3638 2136 3692 absurda
2161 3637 2507 3706 impudentes
2535 3635 2590 3689 hi
2618 3637 2869 3690 homines
2900 3635 3268 3689 revolventur.

271 3728 326 3783 5.
370 3728 467 3780 Ἐκ
500 3726 594 3780 τοῦ
631 3727 1055 3798 Δευτερονομίου
1074 3740 1088 3754 ’
1143 3725 1330 3796 Ὑμεῖς
1357 3726 1427 3779 δὲ
1454 3729 1507 3780 οί
1526 3727 1802 3794 προσκεί-

1984 3726 2038 3780 5.
2071 3725 2149 3780 Ex
2197 3725 2655 3780 Deuteronomio:
2699 3724 2797 3778 Vos
2838 3733 3015 3778 autem
3035 3766 3049 3790 ,
3078 3725 3170 3794 qui
3201 3724 3482 3778 adhwretis

194 3835 374 3890 μενοι
400 3820 599 3890 Κυρίῳ
621 3817 701 3884 τῷ
735 3817 858 3883 Θεῷ
883 3818 1085 3888 ὑμῶν,
1129 3817 1264 3886 ζῆτε
1298 3817 1408 3888 (51)
1459 3817 1683 3884 πάντες
1733 3818 1802 3871 ὲν

1905 3817 2132 3872 Domino
2169 3817 2280 3872 Deo
2319 3827 2509 3882 vestro,
2534 3817 2708 3870 vivitis
2751 3817 2982 3870 universi
3019 3817 3274 3870 hodiema
3302 3817 3386 3868 die
3414 3816 3479 3869 '9.

202 3912 279 3984 τῇ
299 3913 590 3984 σήμερον.
641 3913 739 3967 Ἐκ
771 3911 961 3965 τούτου
1001 3911 1226 3964 δυνατὸν
1253 3911 1454 3964 εἰδέναι
1480 3910 1578 3982 τὴν
1611 3909 1801 3980 διαφο-

1905 3907 1983 3963 Ex
2021 3909 2107 3964 his
2146 3909 2327 3964 verbis
2365 3908 2660 3962 discrimen
2692 3906 2814 3962 Filii
2861 3915 2917 3962 et
2944 3922 3130 3962 rerum
3172 3915 3482 3961 creatarum

203 4005 325 4078 ρὰν,
351 4006 448 4060 καὶ
468 4005 696 4074 γνῶναι,
719 4005 802 4058 ὃτι
822 4005 923 4057 οὐκ
951 4003 1066 4056 ἐστι
1090 4004 1297 4073 κτίσμα
1315 4005 1344 4056 6
1369 4003 1495 4066 Υἱὸς
1519 4003 1612 4056 τοῦ
1636 4001 1794 4055 Θεοῦ.

1905 3995 2028 4050 licet
2070 3996 2399 4066 perspicere,
2445 3995 2858 4066 intelligereque
2887 3994 3085 4050 Filium
3116 3994 3212 4050 Dei
3235 4004 3480 4051 creatum

213 4097 270 4151 'O
302 4098 401 4168 μὲν
435 4097 548 4165 (52)
571 4097 682 4167 γὰρ
716 4096 848 4158 Υἱὸς
880 4095 1050 4163 λέγει,
1097 4093 1240 4164 Ἐγὼ
1278 4094 1378 4148 καὶ
1425 4098 1459 4148 ὁ
1491 4095 1695 4163 Πατὴρ
1725 4093 1796 4148 ἓν

1905 4087 2128 4142 minime
2165 4102 2306 4143 esse.
2348 4086 2639 4142 Enimvero
2675 4086 2849 4142 Filius
2875 4087 3042 4151 dicit,
3077 4085 3189 4157 Ego
3223 4091 3292 4141 et'
3318 4085 3482 4141 Pater

197 4188 422 4257 ἐσμεν·
447 4187 574 4246 καὶ.
615 4185 756 4254 Ἐγὼ
805 4185 877 4238 ἐν
924 4184 1005 4251 τῷ
1025 4187 1229 4254 Πατρί,
1269 4186 1368 4239 καὶ
1403 4189 1436 4240 ό
1484 4184 1688 4254 Πατὴρ
1727 4185 1798 4238 ἐν

1907 4196 2070 4233 unum
2097 4196 2279 4234 sumus
2308 4180 2374 4244 ⁸ο,
2400 4189 2471 4246 et,
2499 4178 2612 4250 Ego
2640 4181 2695 4234 in
2726 4180 2911 4246 Patre,
2934 4189 2982 4234 et
2998 4178 3160 4234 Pater
3184 4181 3240 4233 in
3261 4196 3340 4232 me
3363 4190 3480 4234 est:

194 4281 332 4351 ἐμοί
347 4297 360 4310 ·
401 4280 468 4332 τὰ
494 4279 552 4331 δὲ
578 4277 801 4348 γενητὰ,
836 4278 914 4330 ὅτ’
951 4277 1018 4330 ἂν
1040 4276 1344 4348 προκόπτῃ,
1366 4276 1687 4347 πρόσκειται
1715 4275 1794 4346 τῷ

1905 4285 1995 4326 res
2025 4279 2206 4325 autem
2241 4270 2397 4325 facta:
2424 4287 2548 4326 cum
2580 4272 2890 4341 proliciunt,
2918 4270 3151 4325 Domino
3177 4269 3479 4326 adhaerent.

197 4372 411 4444 Κυρίῳ.
453 4372 510 4424 'O
547 4371 645 4441 μὲν
678 4368 788 4442 γὰρ
844 4369 1036 4438 Λόγος,
1070 4369 1145 4432 ὡς
1180 4367 1329 4431 ἴδιος,
1369 4370 1427 4420 ὲν
1487 4366 1564 4438 τῷ
1613 4367 1788 4438 Πατρί

1905 4359 2102 4431 Nempe
2127 4359 2388 4426 Verbum,
2419 4371 2681 4432 tanquam
2719 4363 2999 4432 proprium
3022 4403 3036 4429 ,
3067 4371 3152 4417 est
3182 4363 3234 4416 in
3270 4361 3430 4417 Patre
3462 4382 3477 4418 :

196 4467 315 4518 ἐστι
334 4478 348 4490 ο
379 4461 449 4514 τὰ
469 4461 524 4513 δὲ
551 4459 777 4532 γενητὰ,
801 4459 999 4523 ἔξωθεν
1031 4457 1182 4523 ὄντα,
1212 4458 1558 4530 πρόσκειται,
1593 4456 1670 4520 ὡς
1716 4461 1783 4530 τῇ

1905 4463 1954 4509 ιι
1986 4468 2078 4508 res
2122 4451 2300 4518 factae,
2330 4461 2522 4522 utpote
2553 4469 2676 4520 quae
2699 4453 3037 4508 extrinsecus
3063 4453 3352 4517 exsistunt,
3381 4454 3478 4507 ad-

197 4555 300 4626 μὲν
325 4553 485 4624 φύσει
515 4551 794 4623 ἀλλότρια,
826 4553 892 4622 τῇ
927 4549 984 4602 δὲ
1031 4550 1351 4622 προαιρέσει
1386 4549 1776 4621 προσκείμενα.

1905 4553 2097 4599 maerent
2141 4560 2154 4596 :
2203 4543 2466 4598 nimirum
2515 4555 2711 4599 natura
2759 4545 2950 4600 aliena:
2999 4553 3146 4610 sunt,
3200 4545 3481 4601 voluntate

265 4713 315 4745 “
351 4712 513 4768 Joan.
557 4730 598 4778 I,
641 4714 696 4770 '5.
770 4711 814 4745 ⁸⁵
856 4711 997 4767 Psal.
1039 4727 1165 4778 Clit,
1208 4712 1300 4768 24.
1379 4713 1425 4744 ³⁸
1462 4710 1620 4768 Joan.
1662 4727 1716 4774 ι,
1759 4711 1802 4763 ιι

1925 4709 1970 4740 ³⁷
2008 4707 2166 4763 Joan.
2210 4723 2336 4771 xw,
2377 4707 2462 4760 10.
2540 4706 2584 4736 ³⁸
2624 4703 2769 4761 Psal.
2809 4721 2977 4760 cxvm
3003 4745 3018 4770 ,
3061 4706 3151 4760 9i.
3228 4706 3273 4736 ³³
3313 4703 3471 4763 Deut.

191 4799 270 4851 Iv,
309 4785 364 4840 4.
452 4783 500 4816 ’⁵⁸
536 4782 696 4840 Joan.
741 4799 798 4849 ι,
831 4783 923 4839 30.

263 4953 380 5024 (‘26)
423 4953 514 5008 Sic
545 4952 768 5024 Regius,
799 4953 1027 5024 Seguer.
1055 4952 1223 5009 Basil.
1257 4960 1313 5008 et
1341 4935 1554 5023 Anglic.
1581 4951 1652 5005 At
1683 4951 1776 5006 alii
1882 4953 2031 5004 hunc
2064 4948 2248 5024 locum
2277 4963 2564 5024 perperam
2593 4947 2864 5024 intellexit
2887 4945 3158 5024 Nannius,
3175 4941 3333 5024 cujus
3358 4943 3475 4996 hac

187 5035 244 5080 et
269 5013 424 5087 cdiii,
465 5025 561 5080 καὶ
591 5013 786 5078 Δάσίδλ
819 5013 1020 5088 πᾶντα,
1051 5033 1156 5081 etc.
1429 5013 1458 5023 ν

1905 5031 1969 5075 :st
1997 5020 2177 5074 versio
2220 5013 2543 5072 in-editione
2585 5018 2894 5088 CommeL:
2924 5017 3076 5088 Quod
3111 5013 3330 5088 si-iltud
3371 5029 3476 5088 non

262 5083 516 5168 (flia-Sic
549 5093 686 5168 Reg.
718 5095 948 5166 Seguer.
979 5083 1149 5152 Basil.
1178 5093 1394 5168 Anglic.
1426 5093 1496 5148 At
1527 5091 1776 5156 Gobler.,
1886 5091 2158 5168 admittes,
2193 5089 2392 5168 credent
2429 5089 2797 5168 controversia:
2829 5086 3132 5168 similesque
3162 5083 3476 5168 importuni:

187 5151 663 5238 iriéfxeméc."
752 5151 893 5238 ζ’,ζ
973 5235 991 5238 _
1070 5151 1078 5152 ί
1174 5235 1185 5238 -
1268 5151 1300 5168 ⁹
1761 5151 1772 5156 ⁷

1905 5170 2022 5238 ptes
2057 5151 2469 5238 impudentiitas
2505 5159 2614 5238 illis
2658 5167 2952 5210 occurrent.
3007 5151 3120 5208 Nos
3171 5151 3349 5207 autem
3385 5151 3476 5232 qni

259 5233 378 5306 (28)
410 5223 638 5306 Coble'r.
664 5245 727 5306 et
751 5235 934 5294 Felck.
967 5235 1020 5300 1,
1062 5235 1372 5306 γενόμενος.
1473 5298 1502 5306 _
1666 5305 1669 5306 ν
1715 5305 1721 5306 ί
1884 5230 1996 5306 Deo
2040 5223 2278 5306 appositi
2322 5230 2624 5306 addictique
2658 5244 2883 5306 sumas,
2918 5241 3220 5306 quaeramus
3260 5239 3377 5303 eunt
3417 5223 3475 5274 in

259 5293 376 5380 (29)
404 5293 889 5380 Regius,_Seguer.
908 5293 1087 5380 Bas“:
1103 5316 1158 5364 et
1177 5293 1417 5380 Anglic"
1445 5298 1599 5370 οὗτος
1629 5305 1777 5369 Υἱός.
1887 5301 1997 5380 Ιιοε-
2031 5293 2147 5370 ipso
2178 5302 2283 5380 die.
2327 5300 2384 5353 in
2436 5293 2558 5380 aliis
2596 5302 2721 5353 item
2757 5293 3091 5380 editionibns
3117 5310 3236 5380 non
3283 5293 3474 5380 .minus

187 5363 299 5430 Alii
332 5363 387 5430 εἰ
418 5363 572 5437 editi,
604 5363 760 5442 οὗτοξ
789 5380 818 5431 6
848 5379 998 5442 Υἱός.
1118 5363 1121 5364 ν
1267 5363 1298 5380 υ
1403 5363 1414 5370 ’
1580 5363 1595 5370 ⁷
1736 5363 1752 5369 ⁷

1905 5372 2033 5426 male
2054 5363 2404 5442 emendatum
2432 5381 2515 5424 est
2543 5370 2644 5423 hoc
2669 5369 2832 5423 modo
2861 5382 2876 5419 :
2902 5366 3125 5442 Qnodsi
3160 5363 3316 5423 illud,
3341 5372 3472 5442 etc"

257 5445 373 5518 (50)
411 5435 633 5503 Gobler.
668 5457 723 5503 et
740 5435 797 5501 ἰδ’
800 5435 1042 5512 εΙεΙί.’1,
1089 5449 1118 5500 6
1157 5447 1310 5512 Θεός.
1341 5447 1465 5502 Mox
1497 5445 1700 5518 Regius
1728 5454 1784 5500 et
1887 5442 2280 5518 {inpudentibus
2317 5441 2433 5518 istis
2465 5448 2779 5518 occurrent,
2811 5437 3000 5518 επὶὶίίο
3033 5435 3473 5518 Denteronmnii:

186 5507 647 5591 Seguer.,_at’aga‘t
674 5519 732 5572 ai
763 5507 1083 5591 éptgrﬁqetc.
1178 5587 1210 5591 __
1269 5507 1285 5512 ⁷
1493 5556 1510 5570 .
1551 5507 1637 5591 Αν-

1905 5507 1998 5591 tios
2033 5523 2217 5591 autem
2241 5511 2336 5591 qui
2371 5508 2481 5588 Deo
2514 5509 2745 5591 appositi
2773 5507 3080 5576 addictique
3122 5507 3254 5559 estis
3276 5545 3290 5568 ,
3323 5516 3474 5570 qua:-

256 5580 371 5659 (31)
415 5587 509 5644 Sic
560 5580 808 5659 Seguerf
837 5580 1004 5645 Basil.
1044 5580 1292 5659 ἈπεΙίοη
1346 5597 1406 5642 ιιι
1447 5597 1508 5659 ει,
1551 5587 1782 5641 habetur
1887 5580 2656 5659 rite_eun1_in_hocipso‘die.
2807 5647 2855 5659 ,Δ
3077 5655 3087 5659 Α

184 5641 1360 5728 Deute'ronttv,[Etaliieteditifhpéw.
1392 5641 1602 5713 ibidem
1640 5672 1775 5712 mss.
1958 5652 2070 5728 (se)
2115 5651 2205 5705 Sic
2251 5648 2380 5719 neg.
2422 5641 2474 5704 ἑτι
2524 5651 2746 5720 Srgncr.
2794 5647 2858 5700 ,ιι
2909 5646 2998 5700 alii
3041 5655 3095 5700 ct
3135 5641 3299 5706 editi,
3371 5641 3474 5715 μέν

182 5744 377 5784 omnes
403 5771 418 5796 ,
454 5729 607 5800 ζῆτε.
643 5729 784 5785 Editi
809 5771 823 5796 ,
860 5727 1072 5802 ζητεῖτε
1101 5769 1115 5794 ,
1151 5724 1310 5784 male.
1349 5728 1545 5785 Totum
1599 5737 1778 5784 autem

1905 5724 2163 5777 nnittunt.
