3834 6220
311 253 419 309 475

884 251 943 309 S.
988 244 1367 306 ATHANASII
1402 249 1571 307 OPP.
1596 249 1779 307 PARS
1815 251 1857 308 ῐ.
1897 283 1914 294 -

2030 253 2380 314 llSTORlCA
2421 255 2508 311 ΕΤ
2548 247 2997 312 1)Ο(.ἶΜΑΤΙ(ΖΛ.⁴

3473 255 3582 312 ιτο

312 378 494 424 autem
536 365 855 423 'adbaerent.
922 363 1139 421 Etenim
1187 366 1336 422 ﬁlius
1388 366 1483 437 qui
1538 376 1733 423 natura
1787 376 1892 434 est,

2028 371 2108 425 ἰαὶ
2133 375 2241 443 γὰρ
2275 372 2372 425 καὶ
2404 372 2518 435 υίὸς
2553 372 2667 441 (55)
2697 371 2797 443 μὲν
2823 373 2852 426 6
2875 370 3055 441 φύσει,
3084 369 3145 424 ἓν
3173 371 3291 424 ἐστι
3320 368 3461 443 μετὰ
3485 369 3582 425 τοῦ

313 477 487 517 unum
536 470 621 516 est
642 476 765 516 cum
814 457 1100 530 genitore:
1145 458 1240 529 qui
1266 474 1396 515 vero
1428 461 1772 515 extrinsecus
1805 460 1900 516 ad—

312 562 553 625 optatur,
580 552 762 626 generi
801 551 1116 622 adiungitur
1157 551 1273 606 sive
1317 553 1575 608 adhaeret.
1611 551 1750 607 Hinc
1789 561 1903 607 sta-

312 647 411 703 tim
443 646 628 702 subdit
656 664 670 700 :
710 644 842 711 Qut:
871 645 1021 699 natio
1069 661 1296 716 magna,
1329 645 1415 698 cui
1434 644 1585 723 ‘Deus
1619 646 1905 714 appropin-

313 738 555 812 quat“?
581 736 649 791 Et
677 737 804 792 alibi
836 755 849 793 :
895 735 1038 791 Deus
1078 738 1502 808 appropinquans
1544 754 1637 808 ego
1667 738 1732 790 θ’.
1763 735 1899 792 Nam

314 833 478 885 rebus
505 827 664 883 factis
689 827 1112 898 appropinquat,
1144 828 1343 897 quippe
1365 842 1488 882 cum
1522 828 1628 883 illa:
1658 828 1768 882 sint
1798 828 1905 898 ipsi

314 932 601 977 externae:
648 928 705 976 at
734 917 896 985 Filio,
928 926 1115 988 utpote
1162 920 1406 988 proprio,
1452 934 1562 972 non
1611 919 1905 989 appropin-

317 1020 468 1085 quat,
511 1013 605 1068 sed
638 1012 693 1065 in
734 1026 798 1066 eo
838 1019 922 1065 est
955 1025 1096 1064 :nec
1144 1009 1382 1064 adhaeret
1425 1008 1631 1077 Filius,
1662 1011 1756 1065 sed
1796 1026 1904 1065 una

316 1119 443 1160 eum
473 1101 634 1157 Patre
667 1110 768 1156 est.
803 1098 960 1156 Unde
987 1116 1180 1155 rursus
1212 1099 1424 1171 Moyses
1454 1100 1507 1155 in
1544 1100 1733 1155 eodem
1763 1100 1906 1156 Deu-

319 1193 623 1249 teronomio
667 1192 749 1247 sic
796 1191 1038 1260 loquitur
1082 1207 1096 1242 :
1143 1189 1331 1245 Vocem
1378 1191 1492 1256 eius
1541 1193 1808 1255 audietis,
1854 1202 1906 1247 et

315 1287 421 1356 ipsi
469 1302 558 1341 vos
608 1283 970 1353 adjungemini
1009 1281 1076 1335 ⁸³.
1126 1280 1284 1349 Quod
1334 1293 1517 1337 autem
1570 1282 1906 1354 adiungitur,

320 1378 666 1433 extrinsecus
700 1376 1037 1445 adjungitur.

391 1466 445 1521 6.
478 1466 596 1522 Jam
620 1466 766 1536 quod
797 1465 1029 1535 pertinet
1055 1463 1122 1518 ad
1152 1462 1324 1518 levem
1358 1472 1413 1518 et
1438 1465 1732 1519 humanam
1758 1463 1911 1520 Aria-

321 1576 515 1615 norum
548 1559 943 1629 opinationem,
979 1574 1087 1630 qua
1118 1573 1312 1629 nempe
1348 1557 1641 1614 Dominum
1677 1574 1909 1630 egenum

1999 462 2298 532 γεννῶντος
2317 479 2329 493 ο
2365 464 2394 515 6
2415 463 2471 516 δὲ
2500 461 2698 528 ἔξωθεν
2748 462 3154 534 υίοποιούμενος
3198 463 3585 535 προσκείσεται

2000 553 2078 625 τῷ
2102 553 2269 624 γένει.
2289 553 2387 607 Διὰ
2410 553 2566 607 τοῦτο
2594 555 2687 609 καὶ
2702 553 2863 619 εὐθὺς
2880 554 3152 627 ἐπιφέρει,
3173 555 3256 608 ὅτι
3270 554 3452 608 Ποῖον
3468 553 3586 625 (54)

2001 645 2177 713 ἔθνος
2205 648 2375 717 μέγα,
2397 638 2446 711 ᾧ
2470 647 2641 701 ἐστιν
2656 645 2815 712 αὺτῷ
2844 646 2987 713 Θεὸς
3005 643 3283 716 ἐγγίζων;
3306 647 3399 699 καὶ
3421 646 3591 700 ἀλλα-

2002 737 2126 809 χοῦ·
2160 738 2303 805 Θεὸς
2327 736 2571 808 enier
2600 737 2745 809 ἐφ’
2778 740 2891 803 τοῖς
2926 738 3036 809 γὰρ
3080 740 3326 809 γενητοῖς
3355 738 3588 807 ἐγγίζει,

2004 829 2079 893 ὡς
2113 828 2287 896 ξένοις
2308 828 2473 887 αὑτοῦ
2501 825 2622 884 οὖσι
2643 847 2659 861 ⁸
2687 830 2765 901 τῷ
2797 830 2855 883 δὲ
2882 829 3017 900 Υἱῷ,
3041 829 3116 893 ὡς
3139 828 3255 900 ίδίῳ
3282 829 3392 901 (55)
3417 870 3432 895 ,
3484 830 3593 883 οὐκ

2004 922 2234 991 ἐγγίζει,
2266 922 2379 975 ἀλλ’
2401 924 2458 975 ὲν
2497 922 2646 994 αὐτῷ
2666 924 2782 975 ὲστι
2803 939 2817 954 ο
2839 921 2933 975 καὶ
2952 923 2981 975 6
3005 921 3135 984 Υίδς
3156 923 3215 975 ού
3246 922 3592 994 πρόσκειται,

2004 1014 2144 1069 ἀλλὰ
2165 1015 2379 1069 σύνεστι
2413 1013 2492 1086 τῷ
2514 1014 2710 1085 Πατρί.
2748 1013 2909 1068 Ὅθεν
2935 1015 3030 1068 καὶ
3068 1013 3231 1068 πάλιν
3271 1014 3420 1082 λέγει
3459 1016 3596 1067 Μω-

2008 1108 2106 1178 σῆς
2128 1109 2185 1160 ὲν
2217 1106 2364 1178 αὐτῷ
2392 1105 2471 1178 τῷ
2503 1106 2905 1178 Δευτερονομίῳ
2935 1105 3079 1178 (56)·
3109 1104 3224 1174 Τῆς
3248 1104 3455 1176 φωνῆς
3481 1106 3595 1159 αὑ-

2006 1199 2113 1253 τοῦ
2137 1200 2496 1264 ἀκούσεσθε,
2536 1198 2637 1252 καὶ
2671 1196 2833 1265 αὐτῷ
2875 1196 3387 1267 προστεθήσεσθε.
3423 1197 3499 1251 Τδ
3534 1197 3597 1251 δὲ

2008 1289 2436 1345 ποοστιθέαενον
2469 1288 2669 1355 ἔξωθεν
2693 1288 3064 1360 προστίθεται.

2077 1464 2129 1520 6.
2165 1465 2309 1537 Πρὸς
2340 1464 2397 1518 δὲ
2418 1466 2516 1537 τὴν
2545 1463 2744 1538 ἀσθενῆ
2769 1467 2864 1519 καὶ
2886 1465 3235 1537 ἀνθρωπίνην
3257 1464 3463 1518 ἔννοιαν
3482 1465 3599 1519 τῶν

2021 1556 2317 1628 ’Δρειανῶν
2338 1596 2353 1621 ,
2389 1555 2476 1609 διὰ
2516 1556 2581 1609 τὸ
2626 1557 2875 1611 ὑπονοεῖν
2905 1556 2995 1610 τὸν
3026 1556 3230 1629 Κύριον
3269 1557 3426 1610 ἐνδεᾶ
3455 1556 3598 1627 (57),

321 1650 493 1705 fuisse
535 1665 605 1704 ex
659 1649 745 1703 his
788 1648 963 1717 ipsius
1001 1648 1182 1704 verbis
1230 1649 1613 1718 suspicantur,
1649 1647 1793 1701 Data
1831 1654 1910 1701 est

2028 1651 2138 1702 ὅταν
2164 1648 2320 1722 λέγῃ,
2358 1649 2569 1717 Ἐδόθη
2592 1668 2714 1720 μοι,
2764 1651 2879 1717 καὶ,
2909 1650 3133 1706 ἔλαϐον
3153 1666 3169 1681 ο
3200 1651 3295 1705 καὶ
3331 1651 3426 1705 ἐὰν
3457 1651 3603 1724 λέγῃ

320 1742 452 1796 mihi
477 1740 544 1805 “,
573 1742 766 1806 accepi,
797 1752 857 1795 ut
884 1751 939 1795 et
963 1755 1029 1794 ex
1074 1741 1161 1795 his
1190 1739 1345 1795 Pauli
1370 1739 1540 1804 locis,
1572 1738 1783 1793 Idcirco
1812 1755 1907 1794 ex-

2028 1721 2293 1807 illaﬁito;,
2311 1743 2415 1797 Διὰ
2445 1743 2619 1797 τοῦτο
2644 1745 3048 1814 ὑπερύψωσεν
3062 1743 3400 1811 αὐτόν,κα“ι,

324 1832 516 1888 attavit
547 1831 703 1886 illum
729 1834 796 1898 ⁸⁵,
826 1841 901 1897 et,
929 1830 1077 1887 Sedit
1114 1850 1147 1886 ιι
1175 1833 1377 1886 dextris
1401 1832 1469 1898 “,
1499 1832 1730 1902 aliisque
1757 1831 1910 1887 simi-

322 1925 505 1991 libus;
549 1924 990 1995 respondendum
1033 1935 1118 1978 est
1157 1924 1448 1978 Dominum
1497 1932 1768 1990 nostrum,
1814 1923 1909 1994 qui

322 2016 465 2070 idem
502 2012 739 2069 Verbum
771 2024 824 2069 et
852 2014 1026 2069 Filius
1061 2014 1156 2068 Dei
1199 2024 1302 2080 est,
1331 2030 1533 2085 corpus
1556 2024 1820 2085 gestasse,
1855 2024 1911 2072 et

321 2105 522 2166 Filium
569 2123 789 2178 quoque
839 2108 1079 2163 hominis
1119 2106 1325 2163 factum
1374 2107 1540 2180 493
1585 2108 1793 2175 fuisse,
1848 2117 1911 2164 ut

321 2200 536 2257 medius
590 2198 760 2254 Deum
796 2200 935 2254 inter
962 2208 1017 2255 et
1054 2200 1308 2254 homines
1357 2198 1600 2267 eﬂectus,
1643 2216 1764 2270 qua:
1814 2199 1908 2255 Dei

322 2301 472 2356 sunt,
506 2292 665 2348 nobis
704 2293 1157 2348 subministraret
1187 2309 1200 2346 :
1229 2308 1351 2363 quae
1378 2293 1572 2357 nostri,
1601 2291 1713 2348 Deo
1749 2292 1911 2348 otl‘er-

323 2392 427 2440 ret.
457 2383 727 2451 Quocirca
752 2401 878 2440 cum
909 2385 1143 2451 esurire,
1194 2384 1347 2453 ﬂere,
1382 2384 1670 2456 deiatigari
1707 2395 1762 2441 et
1798 2386 1912 2441 clau

322 2489 477 2531 mare
502 2473 645 2544 Eloi,
676 2472 821 2540 Eloi,
853 2475 1078 2541 dicitur,
1112 2490 1233 2546 quae
1262 2475 1485 2545 quidem
1517 2474 1774 2529 humanae
1802 2490 1907 2530 no-

323 2574 454 2624 strae
482 2574 612 2622 sunt
637 2566 951 2623 aﬂ'ectiones
977 2575 1033 2643 et
1063 2567 1318 2634 miseriae,
1343 2582 1437 2620 eas
1461 2582 1492 2620 a
1521 2566 1682 2622 nobis
1712 2566 1911 2636 accipit

324 2672 390 2715 ac
410 2657 561 2713 Patri
611 2657 810 2725 offert,
859 2666 917 2715 et
960 2673 1062 2729 pro
1095 2658 1254 2713 nobis
1280 2657 1585 2725 intercedit,
1614 2665 1675 2712 ut
1703 2657 1760 2711 in
1791 2658 1911 2727 ipso

323 2750 549 2821 penitus
580 2749 886 2805 deleantur.
921 2748 1020 2805 His
1047 2758 1228 2805 autem
1257 2749 1466 2814 verbis,
1494 2748 1636 2803 Data
1670 2758 1748 2804 est
1779 2750 1910 2803 mihi

325 2852 562 2914 potestas
591 2843 660 2910 "",
710 2851 799 2910 et,
831 2844 1008 2913 accepi
1036 2843 1103 2909 "‘,
1138 2851 1213 2907 et,
1247 2841 1461 2897 Idcirco
1504 2843 1759 2898 exultavit
1792 2860 1911 2901 eum

325 2936 471 2993 Deus
500 2937 569 3006 “,
602 2951 833 2992 munera
860 2937 916 2991 in
952 2952 1054 2992 nos
1077 2953 1108 2991 a
1139 2936 1251 2993 Deo
1296 2952 1393 3007 per
1420 2936 1575 2991 illum
1605 2937 1802 2992 collata
1836 2937 1911 2992 si-

2011 1834 2180 1885 θισεν
2204 1831 2274 1886 ἐν
2300 1829 2491 1899 δεξιᾷ,
2527 1832 2709 1886 καὶτὰ
2739 1832 2986 1899 τοιαῦτα,
3021 1832 3263 1897 λεκτέον,
3298 1834 3382 1889 ὅτι
3420 1836 3449 1888 6
3481 1833 3604 1887 Κύ-

2011 1942 2129 1999 ριος
2156 1925 2337 1997 ἡμῶν,
2361 1926 2536 1996 Λόγος
2567 1925 2643 1982 ὢν
2675 1926 2806 1991 Υἱὸς
2841 1926 2936 1980 τοῦ
2965 1925 3125 1993 Θεοῦ,
3156 1927 3383 1999 ὲφόρεσε
3408 1927 3601 1999 σῶμα,

2010 2014 2105 2069 καὶ
2127 2014 2316 2084 γέγονε
2349 2015 2443 2069 καὶ¹
2467 2015 2578 2085 (58)
2610 2016 2740 2080 Υἱὸς
2770 2015 3085 2088 ἀνθρώπου,
3114 2017 3220 2082 ἵνα,
3248 2016 3475 2088 μεσίτης
3502 2033 3602 2086 γε-

2009 2107 2233 2178 νόμενος
2260 2106 2396 2160 Θεοῦ
2429 2109 2523 2162 καὶ
2554 2106 2880 2182 ἀνθρώπων,
2914 2107 2986 2162 τὰ
3027 2109 3125 2179 μὲν
3161 2107 3296 2162 Θεοῦ
3332 2110 3487 2178 ἡμῖν,
3528 2108 3604 2163 τὰ

2009 2198 2067 2252 δὲ
2090 2197 2246 2270 ἡμῶν
2278 2198 2357 2270 τῷ
2388 2198 2507 2271 Θεῷ
2538 2199 2783 2274 διακονῇ.
2812 2201 2979 2255 Ὅταν
2999 2196 3092 2255 οὖν
3125 2199 3351 2273 λέγηται
3378 2203 3605 2272 πεινᾷν,

2010 2290 2106 2343 καὶ
2126 2289 2403 2362 δακρύειν,
2426 2292 2521 2345 καὶ
2552 2292 2770 2363 κοπιᾷν,
2797 2292 2892 2347 καὶ
2929 2291 3107 2359 Ἐλωῖ,
3164 2292 3322 2347 Ἐλωῒ
3341 2333 3356 2359 ,
3386 2291 3611 2364 ἀνθρώ-

2010 2400 2141 2436 πινα
2160 2383 2308 2449 ὄντα,
2336 2384 2429 2437 καὶ
2449 2384 2695 2456 ἡμέτερα
2717 2384 2863 2456 πάθη
2884 2385 3018 2456 (59),
3034 2386 3251 2458 δέχεται
3268 2387 3398 2458 παρ’
3414 2387 3604 2460 ἡμῶν,

2011 2475 2104 2527 καὶ
2124 2474 2201 2544 τῷ
2236 2476 2412 2546 Ila-cpi.
2441 2476 2726 2548 ἀναφέρει,
2751 2476 3068 2549 πρεσϐεύων
3097 2478 3238 2550 ὑπὲρ
3277 2478 3467 2550 ἡμῶν,
3512 2478 3609 2533 ἵνα

2011 2570 2068 2622 ὲν
2102 2568 2249 2640 αύτῷ
2267 2569 2598 2641 ἐξαφανισθῇ
2621 2586 2634 2600 ο
2665 2570 2791 2623 ὅταν
2810 2570 2898 2637 δὲ,
2926 2571 3008 2624 ὅτι
3054 2571 3263 2638 Ἐδόθη
3292 2589 3394 2640 μοι
3420 2570 3607 2634 ἐξου-

2011 2663 2139 2726 σία,
2163 2662 2280 2726 καὶ,
2305 2662 2547 2728 ἔλαϐον,
2579 2662 2694 2727 καὶ,
2718 2662 2822 2716 Διὰ
2846 2663 3023 2717 τοῦτο
3052 2665 3457 2732 ὑπερύψωσεν
3493 2664 3611 2720 αὐ-

2010 2752 2120 2807 τὸν
2144 2751 2256 2823 (40)
2289 2756 2323 2807 ό
2365 2753 2511 2820 Θεὸς
2536 2794 2552 2820 ,
2586 2752 2654 2806 τὰ
2690 2752 2841 2826 παρὰ
2865 2754 2959 2807 τοῦ
2986 2753 3122 2807 Θεοῦ
3166 2754 3247 2817 είς
3291 2755 3441 2824 ἡμᾶς
3482 2755 3609 2807 ἐστι

2010 2847 2328 2920 χαρίσματα
2354 2849 2420 2901 δι’
2459 2847 2623 2901 αὐτοῦ
2655 2847 2925 2919 διδόμενα.
2964 2848 3037 2901 Οὐ
3073 2845 3182 2918 γὰρ
3225 2849 3254 2901 6
3302 2846 3476 2914 Λόγος
3516 2850 3612 2901 ὲν-

2010 2939 2138 3011 δεὴς
2158 2935 2226 3012 ἢν
2271 2939 2305 3010 ἢ
2333 2939 2525 3009 γέγονε
2575 2938 2795 2993 πώποτε
2815 2956 2830 2971 ο
2883 2938 3008 2993 οὐδὲ
3043 2938 3205 2992 πάλιν
3238 2940 3288 2992 oi
3323 2938 3611 3010 ἄνθρωποι

327 3027 680 3099 gniﬁcantur.
728 3025 841 3083 Nec
897 3027 1044 3082 enim
1083 3027 1335 3099 indigens
1359 3036 1479 3082 erat
1529 3026 1765 3084 Verbum
1823 3027 1914 3083 vel

2028 3032 2192 3091 ἱκανοὶ
2238 3030 2379 3104 ἦσαν
2434 3034 2645 3097 ἑαυτοῖς
2688 3031 3010 3102 διακονῆσαι
3042 3032 3249 3085 ταῦτα’
3294 3030 3383 3084 διὰ
3413 3032 3470 3085 δὲ
3503 3031 3605 3086 τοῦ

328 3135 576 3191 unquam
630 3120 837 3176 factum
871 3129 996 3175 est:
1053 3135 1156 3175 nec
1195 3136 1388 3176 rursus
1422 3121 1673 3177 homines
1729 3119 1915 3175 idonei

328 3223 488 3266 erant
524 3211 616 3281 qui
643 3212 749 3266 ista
807 3211 911 3266 sibi
944 3218 1329 3280 compararent
1365 3228 1378 3265 :
1421 3210 1519 3266 sed
1552 3225 1648 3280 per
1675 3207 1917 3265 Verbum

329 3305 493 3360 nobis
517 3305 716 3360 donata
740 3312 899 3372 sunt;
929 3305 1073 3360 unde
1106 3305 1199 3359 illa
1231 3312 1493 3374 tanquam
1550 3302 1656 3374 ipsi
1690 3303 1916 3369 donata,

330 3397 492 3452 nobis
540 3396 945 3467 impertiuntur.
1006 3396 1289 3467 Siquidem
1331 3412 1453 3451 eam
1499 3395 1570 3449 ob
1602 3409 1719 3449 rem
1752 3394 1918 3449 homo

332 3486 512 3544 factus
534 3499 639 3557 est,
667 3498 726 3543 ut
754 3489 846 3544 illa
875 3490 1021 3545 velut
1041 3491 1147 3546 sibi
1172 3490 1323 3554 data,
1350 3489 1406 3543 in
1426 3502 1528 3543 nos
1546 3485 1916 3542 transferren-

333 3589 444 3636 tur.
466 3578 576 3635 Nec
603 3581 750 3636 enim
785 3598 958 3652 purus
996 3583 1165 3637 homo
1204 3582 1406 3652 dignus
1440 3594 1683 3651 unquam
1724 3577 1920 3633 fuisset

334 3673 428 3743 qui
461 3673 576 3728 haec
599 3674 900 3745 acciperet;
932 3690 1035 3731 nec
1054 3675 1180 3730 item
1210 3690 1410 3746 purum
1429 3672 1667 3730 Verbum
1694 3673 1779 3729 his
1800 3687 1920 3744 pos-

334 3774 420 3822 set
451 3765 691 3837 indigere
721 3785 735 3821 :
767 3766 1122 3836 coniunctum
1148 3767 1313 3837 igitur
1342 3766 1501 3821 nobis
1525 3776 1609 3821 est
1636 3764 1876 3820 Verbum
1897 3804 1914 3831 ,

338 3864 574 3926 tuncque
599 3874 698 3913 nos
722 3858 1007 3928 potestatis
1033 3859 1324 3928 participes
1360 3859 1595 3914 reddidit
1625 3867 1680 3914 et
1705 3859 1917 3914 exalta-

336 3948 433 4003 vit.
460 3948 695 4004 Verbum
713 3950 981 4019 siquidem
1006 3951 1061 4004 in
1088 3951 1309 4006 homine
1328 3952 1620 4017 exsistens,
1639 3950 1915 4005 hominem

338 4041 599 4095 exaltavit
632 4059 646 4095 :
687 4051 743 4096 et
772 4039 952 4097 Verbo
982 4043 1111 4096 item
1144 4042 1198 4096 in
1236 4044 1457 4099 homine
1496 4043 1793 4099 exsistente
1824 4058 1921 4098 ac-

340 4134 483 4203 cepit
505 4135 688 4187 homo.
711 4132 851 4199 Quia
876 4148 1006 4203 ergo
1025 4132 1204 4188 Verbo
1231 4135 1285 4188 in
1304 4150 1469 4189 carne
1491 4134 1809 4199 exsistente,
1827 4149 1925 4189 ex-

340 4226 541 4280 altatus
567 4225 730 4279 homo
752 4233 855 4292 est,
876 4226 1312 4296 potestatemque
1335 4224 1565 4294 accepit,
1583 4224 1789 4278 idcirco
1815 4223 1922 4279 ista

340 4318 410 4372 ad
435 4316 668 4372 Verbum
686 4316 1015 4384 referuntur,
1034 4317 1480 4387 quandoquidem
1501 4324 1718 4385 propter
1739 4316 1919 4385 ipsum

2017 3125 2192 3193 Λόγου
2219 3124 2420 3179 δίδοται
2460 3126 2628 3196 ἡμῖν’
2666 3124 2755 3177 διὰ
2782 3123 2972 3189 τοῦτο,
3017 3125 3095 3188 ὡς
3135 3122 3284 3195 αὐτῷ
3326 3124 3605 3195 διδόμενα,

2017 3217 2149 3289 ἡμῖν
2178 3216 2515 3288 μεταδίδοται
2550 3215 2696 3287 (41)’
2739 3214 2828 3269 διὰ
2856 3215 3016 3269 τοῦτο
3049 3216 3158 3288 γὰρ
3191 3217 3287 3270 καὶ
3324 3215 3606 3289 ὲνηνθρώ-

2019 3326 2215 3380 πησεν,
2252 3309 2361 3371 ἵνα,
2391 3309 2468 3372 ὡς
2496 3308 2646 3379 αὑτῷ
2673 3308 2948 3380 διδόμενα,
2978 3310 3057 3372 εἰς
3087 3310 3234 3380 ἡμᾶς
3262 3308 3443 3380 διαϐῇ.
3473 3310 3611 3362 ’Δνα

2019 3397 2235 3471 θρωπος
2254 3399 2364 3472 γὰρ
2394 3399 2549 3469 ψιλὸς
2592 3399 2694 3452 οὐκ
2720 3399 2787 3453 ἂν
2817 3398 3025 3468 ἠξιώθη
3068 3399 3270 3452 τούτων
3290 3416 3304 3430 ’
3338 3400 3514 3468 Λόγος
3545 3399 3608 3455 δδ

2020 3492 2183 3547 πάλιν
2227 3492 2411 3564 μόνος,
2445 3493 2545 3547 οὐκ
2594 3491 2661 3546 ἂν
2702 3491 2896 3563 ἐδεήθη
2937 3492 3162 3548 τούτων.
3221 3491 3475 3565 Συνήφθη
3507 3489 3606 3547 οῦν

2020 3581 2151 3651 ἡμῖν
2176 3582 2205 3640 6
2234 3581 2428 3650 Λόγος,
2453 3582 2549 3635 καὶ
2573 3580 2698 3634 τότε
2725 3580 2978 3647 ἐξουσίαν
3006 3583 3140 3653 ἡμῖν
3166 3581 3458 3643 μετέδωκε.
3504 3582 3607 3637 καὶ

2019 3671 2398 3743 ὑπερύψωσεν.
2429 3673 2517 3726 Ἐν
2540 3670 2813 3744 ἀνθρώπῳ
2832 3672 2943 3745 γὰρ
2966 3671 3042 3729 ὢν
3067 3674 3095 3726 6
3119 3673 3290 3743 Λόγος
3306 3673 3415 3745 (42)
3433 3674 3609 3747 ὑπερ-

2022 3762 2204 3840 ύψωσε
2234 3763 2327 3817 τὸν
2359 3763 2645 3836 ἄνθρωπον
2665 3782 2679 3795 ·
2704 3765 2799 3819 καὶ
2821 3767 2879 3819 ὲν
2906 3763 3178 3837 ἀνθρώπῳ
3200 3765 3354 3830 ὄντος
3376 3766 3469 3820 τοῦ
3496 3767 3607 3820 Λό-

2020 3870 2141 3924 γου,
2167 3853 2358 3908 ἔλαϐεν
2387 3855 2416 3907 ὁ
2440 3853 2748 3927 ἄνθρωπος.
2790 3855 2943 3908 Ἐπεὶ
2972 3851 3067 3909 οῦν
3092 3854 3188 3909 τοῦ
3231 3855 3405 3924 Λόγου
3449 3854 3607 3919 ὄντος

2021 3949 2082 4001 ὲν
2111 3945 2310 4018 σαρκὶ,
2349 3945 2539 4017 ὑψώθη
2556 3948 2585 3999 6
2614 3945 2900 4018 ἄνθρωπος
2924 3986 2939 4012 ,
2976 3947 3070 4001 καὶ
3096 3946 3287 4000 έλαόεν
3314 3946 3564 4014 ἐξουσίαν
3585 3963 3604 3980 ο

2022 4036 2112 4090 διὰ
2136 4036 2294 4091 τοῦτο
2322 4038 2401 4100 εἰς
2432 4036 2524 4090 τὸν
2568 4036 2743 4105 Λόγον
2795 4037 3129 4111 ἀναφέρεται
3170 4037 3343 4092 ταῦτα
3363 4080 3377 4101 ,
3414 4038 3606 4110 ἐπειδὴ

2022 4128 2090 4183 δι’
2117 4129 2277 4183 αὐτὸν
2303 4127 2458 4200 ἐδόθη
2476 4147 2489 4159 ·
2512 4127 2602 4182 διὰ
2622 4128 2733 4199 γὰρ
2753 4128 2845 4183 τὸν
2870 4131 2928 4183 ὲν
2956 4129 3228 4201 ἀνθρώπῳ
3250 4130 3422 4199 Λόγον
3446 4130 3603 4202 ἐδόθη

2023 4219 2194 4275 ταῦτα
2227 4219 2294 4274 τὰ
2316 4220 2651 4292 χαρίσματα.
2687 4220 2797 4274 Καὶ
2825 4219 3014 4293 ὥσπερ
3038 4223 3067 4275 6
3101 4221 3273 4290 Λόγος
3315 4221 3452 4293 σὰρξ
3481 4223 3609 4290 ἐγέ-

2026 4330 2170 4379 νετο,
2205 4311 2351 4369 οῦτω
2398 4312 2495 4366 καὶ
2527 4312 2555 4363 ὁ
2595 4310 2880 4383 ἄνθρωπος
2924 4311 2993 4365 τὰ
3024 4311 3112 4365 διὰ
3155 4312 3250 4365 τοῦ
3296 4313 3472 4383 Λόγου
3522 4313 3607 4366 ετ·-

342 4412 468 4469 ditia
494 4424 642 4468 sunt.
680 4411 808 4469 Haec
834 4413 982 4469 enim
1018 4413 1161 4468 dona
1193 4418 1414 4481 propter
1460 4407 1701 4464 Verbum
1732 4408 1787 4462 in
1815 4409 1914 4462 ho~

2028 4406 2182 4479 ληφε.
2209 4404 2396 4460 Πάντα
2442 4404 2553 4475 γὰρ
2584 4405 2686 4457 ὅσα
2724 4404 2754 4455 ό
2800 4403 3085 4475 ἄνθρωπος
3120 4402 3344 4474 εἴληφεν
3369 4443 3385 4467 ,
3425 4407 3453 4457 ὁ
3497 4407 3606 4459 Αὸ.

342 4503 491 4560 utine
518 4505 788 4561 exsistens
825 4520 1084 4562 concessa
1115 4512 1264 4561 sunt.
1293 4502 1444 4558 Unde
1459 4501 1924 4573 quemadmodum-

2025 4514 2122 4573 γος
2146 4496 2259 4570 (45)
2287 4496 2504 4565 λέγεται
2524 4494 2805 4566 εἰληφέναι
2823 4511 2839 4526 ο
2868 4495 2956 4548 ἵνα
2977 4493 3184 4566 δειχθῇ,
3216 4495 3299 4547 ὅτι
3334 4492 3435 4547 οὑκ
3454 4491 3606 4556 ἄξιος

416 4619 459 4651 ἰι
500 4616 659 4672 Deut.
698 4631 771 4683 tv,
814 4616 867 4671 7.
945 4615 990 4649 "
1028 4615 1139 4672 Jer.
1177 4630 1335 4678 nm,
1375 4613 1466 4668 25.
1546 4613 1784 4683 “Deut.
1826 4631 1914 4671 ιιι

2028 4653 2044 4668 .
2124 4608 2402 4683 “:Matth.
2442 4625 2639 4683 ιινιιι,
2684 4607 2772 4663 18.
2852 4609 2898 4641 ⁸⁸
2936 4606 3172 4678 Philipp.
3215 4623 3277 4672 ιι,
3316 4607 3371 4663 9.
3412 4607 3460 4640 “
3496 4608 3607 4664 Co-

344 4689 478 4745 loss.
521 4704 603 4753 ιιι,
647 4688 699 4743 1.
758 4678 819 4719 ’⁸⁷
861 4685 1055 4742 Matth.
1097 4687 1302 4752 xxvut‘,
1344 4684 1434 4740 18.
1511 4685 1560 4717 ⁸⁸
1594 4682 1756 4741 Joan.
1798 4702 1855 4753 ι,
1897 4686 1914 4739 1

2064 4684 2110 4718 ⁸⁸
2149 4680 2385 4753 Philipp.
2427 4696 2490 4747 tt,
2530 4678 2595 4738 9..

415 4802 531 4927 (35)
571 4799 794 4882 Regius,
819 4799 1066 4884 Καὶγὰρ
1089 4798 1236 4863 Υἱός.
1273 4797 1522 4868 Seguer.,
1553 4799 1666 4851 Καὶ
1692 4799 1801 4870 γὰρ
1827 4800 1921 4854 καὶ

343 4874 413 4927 Υἱ
446 4891 493 4927 ς.
535 4870 727 4926 Οιιιιθιι
772 4880 827 4925 et
872 4870 1196 4927 edttt.'Kat
1242 4873 1349 4927 γὰρ
1397 4868 1489 4920 καὶ
1528 4869 1557 4921 6
1605 4868 1750 4927 Υἱός.
1797 4869 1922 4925 Mox

355 4885 493 4936 ιἰος.
535 4885 727 4926 ueteri
772 4885 827 4952 et
872 4885 1196 4935 edlll,'l\at
1242 4885 1349 4991 γσὲρ
1397 4885 1489 4920 και
1528 4885 1557 4921 o
1612 4885 1750 4934 ιιος.
1797 4885 1917 4925 mox

346 4943 528 5020 Felclg.
559 4941 676 5020 ζει
713 4942 879 4995 editio
907 4939 1259 5020 Geminei”.
1385 4937 1917 5020 Egoieeu,_tnendo_se.

419 5013 533 5083 (54)
575 5011 667 5067 Sic
684 5011 1067 5094 ‘tnanuscripti
1118 5009 1355 5094 codices.
1404 5008 1688 5094 Λισερὶιξ,
1724 5010 1918 5094 ποιῷν.

348 5077 653 5154 perperam.
684 5080 932 5137 Nannius
986 5077 1115 5135 item
1157 5080 1352 5154 vertit,
1401 5077 1507 5143 Qui
1550 5078 1673 5147 fecit
1720 5091 1923 5151 gentem

348 5149 627 5224 ἱπαέιηαηι,
645 5154 730 5224 cu_i
760 5154 1141 5224 appropinquat
1172 5149 1333 5224 D_eus_.

421 5217 533 5296 (35)
549 5293 558 5296 _
577 5222 673 5296 Sic
695 5217 932 5296 Regius,
954 5217 1179 5292 Seguer.
1202 5217 1370 5275 Basil.
1398 5228 1452 5274 et
1473 5218 1690 5290 Anglic.
1725 5220 1797 5275 At
1825 5219 1919 5274 alii

348 5303 405 5350 et
433 5293 562 5347 editi
583 5332 598 5362 ,
630 5293 831 5362 οίιιείῳ.

422 5363 535 5434 (56)
577 5358 918 5434 ὃλοῆθᾲἱιιε,
943 5358 1366 5434 Seguer.-_Basi|.
1395 5367 1450 5434 et
1469 5359 1680 5434 Anglic.
1714 5358 1784 5413 At
1816 5360 1924 5434 (ξο-

351 5428 488 5489 hler.
517 5428 572 5488 et
600 5428 802 5487 Felek:
813 5428 1064 5503 primus',
1110 5432 1204 5485 καί
1227 5447 1391 5500 φησιν
1418 5431 1476 5484 ὲν
1497 5428 1920 5503 Δευτερονομίῳ.

353 5504 532 5581 Ed_iti_o
554 5499 858 5581 Olympici.)
882 5520 979 5581 vit
994 5502 1109 5581 eum
1135 5503 1193 5581 έν
1217 5499 1638 5581 Δεύτερονομίῳ.

426 5574 538 5645 (57)
579 5572 796 5645 Gobler.
827 5582 879 5628 et
916 5569 1108 5645 εει-εις
1137 5572 1202 5645 1,
1250 5569 1428 5642 ὲνδεῆ.
1464 5569 1600 5627 Μωί
1634 5570 1721 5625 διὰ
1769 5570 1926 5627 τοῦτο

355 5642 509 5701 abest
537 5660 567 5698 a
597 5642 815 5697 Gobler.
845 5651 900 5699 ct
931 5642 1109 5699 Fcick.
1145 5642 1193 5696 1.

2157 4795 2212 4867 8)
2255 4794 2346 4851 Sic
2388 4791 2591 4865 Regius
2610 4833 2627 4859 ,
2658 4794 2884 4866 Seguer.
2927 4793 3092 4850 Basil.
3124 4791 3181 4847 in
3213 4791 3335 4848 aliis
3358 4800 3415 4847 et
3443 4791 3607 4848 editis

2027 4867 2345 5006 “(tagiessti'c
2376 4933 2578 5006 Regius
2613 4934 2786 4991 codex
2812 4942 2875 4990 et
2898 4932 3123 5004 Seguer.
3150 4931 3221 4985 At
3246 4931 3336 4985 alii
3367 4939 3423 4986 et
3447 4931 3605 4997 editi,

2025 5005 2346 5149 τὰᾶθξηέίο
2372 5073 2596 5149 Regius,
2651 5071 2880 5146 Seguer.
2923 5082 2978 5130 et
3003 5071 3170 5128 Basil.
3200 5072 3395 5129 Caeteri
3419 5082 3607 5127 autem

2029 5156 2084 5203 et
2111 5145 2265 5211 editi,
2301 5145 2509 5200 ἑαυτόν.

2097 5216 2208 5289 (41)
2250 5216 2344 5289 Sic
2369 5231 2503 5270 mss.
2535 5230 2746 5289 omnes.
2784 5214 2926 5289 Editi
2958 5230 3112 5277 vero.
3138 5213 3360 5289 δίδοται.
3396 5211 3605 5289 Ibidem

2027 5282 2161 5372 ιιθς.
2190 5282 2248 5372 et
2273 5286 2530 5372 ‘Seguerq
2565 5284 2660 5339 καὶ
2689 5285 3127 5357 ὲνηνθοώπησεν.
3164 5286 3225 5339 In
3250 5285 3372 5339 aliis
3400 5294 3453 5338 et
3479 5282 3605 5337 edi-

2027 5361 2100 5414 tis
2133 5358 2227 5412 καί
2256 5358 2428 5411 deest.
2554 5404 2563 5412 .

2101 5428 2213 5497 (12)
2254 5427 2346 5481 Sic
2371 5426 2502 5497 Reg.
2519 5435 2591 5495 ,ει
2613 5425 2841 5497 Seguer.
2863 5426 2934 5480 At
2958 5424 3151 5497 Basil.,
3178 5425 3301 5478 τότε
3329 5421 3604 5490 ἐξουσίας.

2031 5495 2134 5565 Διῐὶ
2162 5495 2217 5551 et
2249 5497 2409 5567 editi,
2431 5495 2557 5550 τότε
2592 5500 2627 5567 ή
2662 5495 2761 5567 τῆς
2787 5495 3362 5567 ἐξουσίαςνιηειιιιοεε.
3387 5562 3422 5567 _
3467 5541 3476 5553 ,

2104 5567 2216 5637 (45)
2257 5566 2350 5621 Sic
2381 5565 2584 5637 Regius
2613 5562 2679 5622 "et
2699 5562 2948 5637 :Seguer.
2987 5565 3132 5637 Editi
3161 5580 3325 5637 vero,
3356 5562 3606 5633 εῐληφεψ

2033 5640 2132 5693 ὅσα
2160 5636 2266 5708 γὰρ
2293 5639 2320 5691 6
2344 5634 2626 5710 ἄνθρὶυπος
2653 5634 2865 5707 annos,
2898 5637 3073 5690 πάντα
3098 5636 3128 5691 6
3151 5634 3351 5703 Λόγος,
3387 5643 3493 5688 etc.
