3834 6220
243 324 357 380 67"

1354 323 1618 380 ORATIO
1656 322 1726 380 ιν
1762 323 2047 380 conm.
2082 306 2425 382 ΑιιιΑΝοςῗ

3400 321 3504 381 478

221 436 326 493 ,ὢν
349 438 379 490 6
414 435 700 509 ἄνθρωπος
728 437 938 501 λαϐεῖν,
971 439 1094 492 ὅσον
1115 431 1251 510 ἧκεν
1291 439 1372 503 εἰς
1396 439 1497 512 τὴν
1529 436 1695 493 αὐτοῦ
1731 437 1823 508 φύ-

1940 436 2177 493 Verbum
2204 455 2334 495 caro
2363 439 2563 494 factum
2593 447 2675 495 est
2703 457 2717 494 :
2750 439 2821 494 ita
2850 445 2905 494 et
2938 438 3103 493 homo
3129 453 3250 508 qua:
3273 438 3502 508 accepit,

247 543 359 590 σιν,
396 529 546 599 ὅμως
575 529 663 583 διὰ
711 530 805 583 τὸν
842 528 1135 599 γενόμενον
1167 529 1345 602 σάρκα
1372 531 1541 600 Λόγον
1586 530 1827 602 εἴληφεν.

247 619 417 672 Ὅθεν
442 620 538 673 ὲάν
563 638 614 674 τι
638 620 864 691 λέγηται
889 621 1123 675 δίδοσθαι
1148 620 1227 692 τῷ
1256 621 1469 693 Κυρίῳ,
1496 621 1530 693 ἦ
1570 639 1624 675 τι
1655 621 1830 675 τοιοῦ-

242 728 361 775 τον,
399 716 541 766 νοεῖν
563 712 648 766 δεῖ
679 712 754 784 μὴ
791 713 940 786 αὐτῷ
966 715 1043 778 ὡς
1089 713 1347 786 χρῄζοντι
1392 714 1625 769 δίδοσθαι
1672 714 1785 785 (44)
1809 753 1825 780 ,

244 803 385 857 ἀλλά
409 802 488 874 τῷ
512 803 782 876 ἀνθρώπῳ
802 805 891 859 διὰ
918 805 1012 859 τοῦ
1044 807 1237 875 Λόγου.
1274 807 1386 860 Kal.
1422 805 1530 878 γὰρ
1562 808 1672 870 πᾶς
1694 823 1828 877 πρε-

247 891 461 946 σϐεύων
484 894 622 963 ὑπὲρ
638 893 820 956 ἄλλον,
837 894 1001 959 αὐτὸς
1020 895 1117 967 τὴν
1132 894 1292 967 χάριν
1311 895 1600 967 λαμϐάνει,
1618 897 1677 950 οὐ
1702 894 1827 968 χρῄ-

244 985 377 1051 ζων,
419 986 557 1040 ἀλλά
578 985 666 1041 διὰ
694 988 786 1040 τὸν
817 988 958 1059 ὑπὲρ
992 981 1060 1042 οὗ
1088 989 1402 1061 πρεσϐεύει.

1932 544 2032 598 per
2057 528 2294 585 Verbum
2324 530 2551 601 accepit.
2580 529 2774 585 Omnia
2795 531 2939 585 enim
2970 545 3091 600 qua:
3130 530 3293 583 homo
3343 543 3503 603 accc;

1932 622 2035 691 pit,
2069 621 2306 677 Verbum
2345 624 2620 693 accrpisse
2642 624 2841 677 dicitur
2872 641 2884 676 :
2931 633 2989 677 ut
3036 621 3289 676 videlicet
3318 630 3503 675 osten-

1933 715 2172 780 deretur,
2202 717 2462 786 quoniam
2493 716 2654 771 homo
2683 730 2780 783 pro
2807 730 2920 768 suae
2956 721 3165 768 natura!
3192 712 3504 768 Conditione

1932 806 2131 877 dignus
2160 824 2267 862 non
2306 817 2470 871 esset,
2519 808 2611 877 qui
2681 807 2771 860 illa
2801 806 3090 876 acciperet,
3122 821 3217 875 per
3261 804 3501 860 Verbum

1932 914 2153 954 carnem
2196 898 2422 963 factum,
2459 914 2522 952 ea
2576 899 2727 951 illum
2779 898 3072 966 accepisse.
3130 896 3397 963 Quocirca
3452 894 3500 949 si

1939 991 2066 1062 quid
2093 990 2327 1046 Domino
2356 991 2541 1046 datum
2565 1005 2703 1054 esse,
2734 990 2819 1044 vel
2874 989 3077 1058 aliquid
3119 987 3498 1058 hujuscemodi

242 1077 468 1141 dicitur,
498 1079 904 1149 intelligendum
933 1089 1016 1134 est
1043 1095 1153 1134 non
1184 1080 1236 1135 ei
1271 1089 1529 1151 tanquam
1560 1079 1823 1151 indigenti
1858 1079 2034 1137 fuisse
2083 1082 2292 1147 datum,
2350 1080 2445 1135 sed
2479 1079 2689 1134 homini
2732 1094 2828 1147 per
2868 1078 3043 1149 ipsum
3086 1076 3346 1132 Verbum.
3374 1074 3502 1129 Ete-

243 1170 359 1223 nim
395 1168 643 1238 quisquis
669 1184 770 1239 pro
800 1168 907 1224 alio
935 1168 1239 1237 intercedit,
1279 1170 1512 1241 gratiam
1564 1169 1681 1241 ipse
1725 1169 1945 1241 accipit,
1980 1185 2088 1225 non
2130 1170 2260 1240 quia
2287 1168 2546 1241 indigeat,
2576 1169 2672 1223 sed
2709 1176 2929 1238 propter
2962 1168 3113 1222 illum
3148 1168 3305 1237 cujus
3332 1180 3499 1222 causa

243 1259 556 1314 intercedit.

314 1354 371 1406 7.
410 1353 622 1423 Ὠσπερ
648 1353 757 1423 γὰρ
784 1351 885 1415 τὰς
912 1351 1200 1416 ἀσθενείας
1230 1352 1342 1423 (45)
1371 1352 1532 1424 ἡμῶν
1560 1351 1824 1423 λαμϐάνει

241 1444 346 1497 οὐκ
375 1440 640 1509 ἀσθενῶν,
674 1443 769 1496 καὶ
811 1444 972 1513 πεινᾷ
1017 1442 1078 1495 οὐ
1118 1444 1340 1509 πεινῶν,
1384 1443 1522 1498 ἀλλά
1556 1443 1629 1499 τά
1668 1443 1825 1515 ἡμῶν

242 1534 564 1604 ἀναπέμπει
597 1535 679 1596 εἰς
705 1534 768 1587 τὸ
800 1531 1183 1605 ἐξαλειφθῆναι
1203 1551 1219 1567 ’
1256 1532 1399 1588 οὕτω
1435 1534 1535 1598 τὰς
1567 1535 1688 1589 ἀντὶ
1716 1534 1826 1588 τῶν

238 1624 540 1680 ’ἀσθενειῶν
572 1624 684 1697 (46)
714 1624 867 1696 παρὰ
886 1622 1021 1677 Θεοῦ
1050 1623 1262 1697 δωρεάς
1297 1624 1461 1679 πάλιν
1492 1625 1656 1688 αὐτὸς
1682 1624 1828 1695 δέχε-

241 1733 355 1781 ται,
380 1718 469 1770 ῖνα
497 1717 787 1786 συναφθεὶς
816 1717 1100 1788 ἄνθρωπος
1130 1716 1454 1788 μεταλαϐεῖν
1481 1715 1704 1788 δυνηθῇ.
1731 1714 1825 1770 Λέ-

240 1822 333 1875 γει
368 1805 500 1875 γοῦν
536 1808 565 1859 6
614 1806 850 1877 Κύριοςσ
899 1806 1107 1861 Πάντα
1146 1805 1265 1859 ὅσα
1289 1805 1552 1872 δέδωκάς
1571 1823 1696 1875 μοι,
1731 1804 1826 1859 δέ-

243 1893 411 1948 δωκα
460 1888 719 1960 αὐτοῖς(
750 1896 843 1948 καὶ
901 1894 1064 1948 πάλιν
1089 1936 1104 1959 ,
1151 1894 1319 1964 Ὑπὲρ
1362 1892 1563 1948 αὐτῶν
1609 1894 1819 1962 ἐρωτῶ.

257 1985 479 2058 Ἦρώτα
509 1987 620 2057 γὰρ
647 1986 787 2058 ὑπὲρ
821 1986 977 2058 ἡμῶν
1006 1986 1075 2040 τὰ
1101 1986 1258 2059 ήμῶν
1292 1986 1700 2057 ἀναδεχόμενος,
1728 1987 1824 2041 καὶ

243 2076 420 2131 ἐδίδου
453 2076 489 2130 ἂ
520 2076 843 2147 ἐλάμϐανεν.
886 2077 1104 2149 Ἐπειδὴ
1147 2073 1241 2132 οὖν
1264 2119 1280 2144 ,
1327 2076 1822 2148 συναφθέντοςίτοῦ

243 2168 423 2236 Λόγου
454 2168 534 2237 τῷ
566 2168 858 2240 ἀνθρώπῳ,
905 2171 985 2233 είς
1015 2170 1107 2222 τὸν
1133 2169 1304 2237 Λόγον
1345 2169 1664 2223 ἀποϐλέπων
1696 2168 1824 2240 ἐχαὲ

250 2260 431 2331 ρξζετο
457 2260 485 2311 6
518 2258 703 2332 Πατὴρ
731 2258 809 2330 τῷ
835 2258 1108 2331 ἀνθρώπῳ
1134 2258 1195 2312 τὸ
1235 2259 1537 2330 ὑψωθῆναι,
1578 2259 1640 2312 τὸ
1678 2259 1824 2330 ἔχειν

247 2348 433 2402 πᾶσαν
480 2347 748 2413 ἐξουσίαν,
794 2348 890 2400 καὶ
920 2348 1021 2400 ὅσα
1063 2345 1323 2400 τοιαῦταο
1352 2345 1443 2399 διά
1475 2346 1633 2400 τοῦτο
1673 2346 1822 2417 αὐτῷ

243 2439 326 2511 τῷ
351 2440 511 2509 Λόγῳ
545 2438 723 2492 πάντα
755 2439 1109 2510 ἀναφέρεται,
1140 2440 1230 2492 καὶ
1261 2438 1339 2502 ὡς
1376 2438 1527 2509 αὐτῷ
1568 2438 1823 2510 διδόμενά

246 2533 420 2596 ἐστιν,
467 2530 504 2584 ἂ
538 2531 605 2584 δι’
636 2530 803 2585 αὐτοῦ
851 2532 1013 2602 ἡμεῖς
1059 2531 1426 2603 λαμϐάνομεν.
1472 2532 1560 2595 Ὧς
1598 2531 1707 2603 γὰρ
1755 2530 1821 2585 δι’

243 2625 400 2694 ἡμᾶς
450 2623 869 2696 ὲνηνθρώπησεν
911 2623 1076 2686 αὐτὸς
1098 2664 1113 2689 ,
1150 2622 1323 2686 οὕτως
1364 2625 1525 2694 ἡμεῖς
1560 2622 1629 2676 δι’
1659 2622 1822 2676 αὑτὸν

243 2715 553 2786 ὑψούμεθα.
600 2715 765 2769 Οὐδὲν
803 2709 897 2768 οὖν
929 2714 1159 2779 ἄτοπον,
1201 2717 1287 2781 εἰ,
1329 2712 1630 2786 ῶσπερ’δι’
1674 2714 1823 2785 ἡμᾶς

243 2807 611 2860 ἐταπείνωσεν
638 2807 851 2871 ἑαυτὸν,
885 2807 979 2860 καὶ
1001 2807 1068 2861 δι’
1086 2809 1236 2877 ἡμᾶς
1262 2805 1372 2878 (47)
1405 2805 1624 2875 λέγεται
1656 2806 1825 2875 ὑπερ-

244 2897 515 2968 υψῶσθαι.
556 2898 910 2967 Ἐχαρίσατο
949 2894 1043 2952 οῦν
1076 2898 1258 2963 αὐτῷ,
1288 2898 1409 2951 ἀντὶ
1448 2895 1567 2959 τοῦ,
1597 2898 1731 2968 ἡμῖν
1748 2897 1817 2951 δι’

243 2988 435 3053 αὑτὸν,
483 2988 577 3040 καὶ
606 2989 1030 3080 ὑπερύψωσεν,
1056 2988 1209 3080 ἀντι
1232 2986 1357 3080 τοῦ,
1380 2989 1530 3059 ἡμᾶς
1557 2990 1615 3042 ὲν
1648 2986 1819 3058 αὐτῷ.
1848 3018 1895 3080 c

242 3082 360 3135 Καὶ
398 3079 560 3144 αὐτὸς
601 3079 659 3133 δὲ
687 3081 716 3133 6
742 3080 932 3149 Λόγος,
962 3078 1120 3151 ἡμῶν
1150 3078 1492 3150 ὐψουμένων,
1538 3081 1633 3134 καὶ
1682 3080 1824 3151 λαμ-

242 3171 537 3235 ϐανόντων,
578 3171 673 3225 καὶ
713 3170 1091 3242 βοηθουμένων
1114 3209 1130 3234 ,
1160 3170 1237 3235 ὡς
1270 3170 1449 3235 ,αὐτὸς
1495 3171 1821 3242 ὑψούμενος,

240 3262 343 3314 καὶ
380 3260 695 3330 λαμϐάνων,
726 3262 820 3314 καὶ
838 3259 1220 3331 βοηθούμενος,
1258 3260 1574 3334 εὐχαριστεῖ
1601 3262 1679 3333 τῷ
1708 3265 1825 3323 Πα-

239 3352 358 3423 τρὶ,
399 3350 470 3405 τὰ
514 3352 758 3423 ἡμέτερα
801 3354 881 3416 είς
927 3354 1120 3407 ἑαυτὸν
1157 3354 1444 3426 ἀναφέρων
1485 3354 1581 3408 καὶ
1623 3354 1821 3424 λέγων·

238 3439 453 3496 Πάντα
482 3440 601 3495 ὅσα
626 3440 891 3507 δέδωκάς
914 3459 1033 3510 μοι,
1062 3442 1291 3497 δέδωκα
1324 3442 1549 3509 αὐτοῖς.

316 3533 371 3587 8.
414 3534 476 3586 Οί
526 3534 656 3605 περὶ
697 3533 957 3587 Εὐσέϐιον
986 3536 1035 3587 οἱ
1067 3532 1177 3605 (48)
1234 3535 1672 3607 Ἀρειομανῖται,
1721 3536 1825 3609 ἀρ-

240 3623 347 3696 χὴν
377 3624 473 3677 τοῦ
512 3618 653 3677 εῖναι
694 3624 773 3695 τῷ
805 3623 921 3695 Υίῷ
958 3625 1227 3690 διδόντες,
1273 3625 1698 3696 προσποιοῦνται
1747 3626 1823 3699 μὴ

244 3715 540 3787 βούλεσθαι
567 3715 740 3786 ἀρχὴν
764 3716 925 3770 αὐτὸν
956 3715 1098 3786 ἔχειν
1131 3716 1426 3787 βασιλείας.
1463 3718 1620 3772 Ἔστι
1646 3718 1703 3772 δὲ
1731 3735 1826 3788 γε·

242 3808 414 3864 λοῖον.
455 3809 513 3861 ’0
545 3807 656 3879 γάρ
698 3807 875 3880 ἀρχὴν
915 3806 1009 3861 τοῦ
1040 3804 1177 3862 εἶναι
1206 3808 1381 3871 διδοὺς
1408 3808 1488 3879 τῷ
1517 3809 1652 3880 Υἱῷ,
1684 3811 1823 3882 πρό-

239 3901 424 3972 δηλον,
465 3902 547 3954 ὅτι
590 3898 802 3953 καὶτοῦ
847 3898 1147 3968 βασιλεύειν
1178 3896 1353 3972 ἀρχὴν
1389 3900 1603 3955 δίδωσιν
1644 3901 1817 3973 αὐτῷ’

240 3992 387 4047 ὥστε
421 3990 813 4063 ὁμολογοῦντες
855 3991 885 4044 ὃ
923 3990 1237 4063 ἀρνοῦνται,
1274 3990 1667 4060 τυφλώττουσι.
1710 3994 1824 4048 Καὶ

240 4083 406 4139 πάλιν
432 4084 480 4136 oi
511 4083 762 4151 λέγοντες
801 4083 960 4152 μόνον
1004 4081 1174 4153 ὄνομα
1203 4079 1342 4137 εἶναι
1384 4083 1540 4148 Υἱοῦ,
1575 4084 1823 4139 άνούσιον

238 4176 299 4231 δὲ
320 4176 415 4230 καὶ
444 4176 814 4230 ἀνυπόστατον
843 4172 981 4230 εἶναι
1001 4176 1093 4229 τὸν
1123 4176 1253 4230 Υἱὸν
1274 4174 1368 4228 τοῦ
1393 4175 1550 4240 Θεοῦ,
1577 4176 1821 4231 τουτέστι

238 4264 336 4317 τὸν
380 4265 553 4331 Λόγον
593 4263 688 4316 τοῦ
742 4263 956 4335 Πατρὸς
986 4304 1000 4328 ,
1033 4263 1457 4336 προσποιοῦνται
1507 4263 1619 4335 (49)
1648 4266 1822 4334 ἀγαν-

2003 1349 2054 1403 7.
2082 1347 2349 1402 Nimirum
2390 1345 2846 1416 quemadmodum
2894 1353 3112 1399 nostras
3152 1344 3494 1400 inﬁrmitates

1932 1441 2050 1511 ipse
2078 1454 2187 1493 non
2224 1439 2475 1493 inﬁrmus
2497 1437 2759 1507 suscepit,
2792 1443 2847 1490 et
2865 1436 3091 1491 esurivit
3114 1437 3363 1505 quamvis
3390 1451 3499 1489 non

1931 1530 2201 1595 esuriens,
2231 1537 2291 1582 ut
2319 1536 2509 1583 nostra
2553 1526 2703 1581 Patri
2734 1526 2969 1581 offerens
2995 1525 3197 1580 deleret
3226 1544 3239 1579 :
3276 1525 3349 1579 ita
3405 1541 3501 1588 pro

1930 1618 2360 1684 inﬁrmitatibus,
2393 1618 2537 1673 dona
2570 1632 2619 1671 «a
2666 1617 2778 1671 Deo
2816 1617 2933 1686 ipse
2980 1616 3197 1685 accipit,
3227 1624 3287 1669 ut
3336 1616 3500 1669 homo

1930 1712 2034 1785 ipsi
2067 1714 2393 1784 conjunctus
2424 1713 2621 1766 horum
2651 1710 2923 1780 particeps
2956 1723 3079 1764 esse
3126 1716 3309 1778 queat.
3361 1706 3501 1761 Hinc

1930 1805 2047 1875 ipse
2075 1805 2150 1859 ait
2174 1822 2187 1859 :
2215 1802 2408 1859 Omnia
2427 1818 2748 1873 quacunque
2771 1800 2967 1856 dedisti
2996 1800 3145 1864 mihi,
3171 1800 3293 1854 dedi
3321 1800 3396 1854 eis
3411 1800 3496 1853 '°:

1930 1903 1983 1952 et
2010 1896 2227 1961 iterum,
2261 1893 2370 1947 Pro
2396 1895 2470 1948 eis
2517 1909 2643 1963 rogo
2673 1892 2740 1946 ἰ.
2792 1890 2900 1945 Pro
2926 1891 3085 1945 nobis
3118 1905 3311 1960 nempe
3340 1904 3500 1959 roga-

1929 1986 2043 2050 bat,
2077 1984 2165 2039 his
2190 2000 2312 2054 qua:
2344 1992 2529 2038 nostra
2561 1991 2692 2037 sunt
2741 1982 3031 2051 susceptis,
3067 1989 3122 2035 et
3157 1980 3321 2034 dabat
3374 1995 3499 2050 qua:

1928 2077 2046 2148 ipse
2065 2076 2381 2145 accipiebat.
2395 2074 2662 2141 Quoniam
2685 2074 2850 2144 igitur
2865 2071 3044 2128 Verbo
3062 2071 3355 2141 conjuncta
3371 2087 3496 2126 cum

1928 2168 2169 2232 homine.
2194 2166 2357 2222 Pater
2386 2175 2607 2238 propter
2628 2168 2808 2236 ipsum
2825 2163 3065 2219 Verbum
3102 2163 3312 2219 homini
3334 2163 3498 2218 dabat

1928 2269 1990 2316 ut
2025 2261 2377 2328 exaltaretur,
2415 2276 2741 2331 omnemque
2783 2268 3107 2331 potestatem
3143 2259 3385 2325 haberet,
3443 2265 3498 2311 et

1929 2352 2035 2407 alia
2076 2351 2393 2423 bujusmodi
2434 2370 2450 2407 :
2489 2351 2693 2407 idcirco
2739 2352 2924 2407 omnia
2985 2352 3337 2407 ascribuntur
3389 2349 3497 2420 ipsi

1938 2442 2129 2509 Verbo,
2173 2445 2261 2499 cui
2294 2450 2349 2498 et
2392 2444 2558 2498 veluti
2613 2443 2812 2515 dantur
2860 2457 3201 2514 quacunque
3242 2457 3344 2497 nos
3402 2456 3499 2511 per

1928 2534 2107 2606 ipsum
2133 2534 2450 2604 accipimus.
2474 2532 2704 2590 Utenim
2736 2543 2960 2605 propter
2989 2548 3091 2589 nos
3121 2533 3286 2588 homo
3319 2531 3497 2587 factus

1928 2635 2017 2682 est
2047 2644 2061 2681 :
2090 2627 2164 2681 ita
2200 2641 2302 2682 nos
2333 2637 2554 2697 propter
2604 2641 2730 2681 eum
2777 2626 3101 2681 exaltamur.
3141 2622 3287 2679 Nihil
3332 2624 3498 2694 igitur

1929 2717 2150 2772 absurdi
2174 2726 2259 2773 est
2284 2717 2352 2777 si.
2385 2717 2844 2788 quemadmodum
2883 2716 3121 2787 seipsum
3152 2723 3374 2785 propter
3395 2726 3498 2767 nos

1930 2809 2259 2873 humiliavit,
2296 2809 2370 2864 ita
2399 2821 2455 2865 et
2479 2817 2701 2880 propter
2721 2824 2821 2865 nos
2850 2807 3079 2864 exaltari
3128 2808 3360 2862 dicatur.
3388 2804 3500 2859 Ita-

1930 2914 2037 2970 que
2067 2899 2285 2954 donavit
2337 2898 2442 2966 illi,
2475 2898 2530 2954 id
2578 2907 2682 2963 est,
2714 2898 2875 2954 nobis
2927 2905 3150 2969 propter
3193 2897 3371 2967 ipsum
3400 2936 3416 2962 ,
3443 2903 3500 2950 et

1928 2992 2204 3057 exultavit,
2240 2992 2293 3048 id
2315 3001 2418 3060 est,
2455 3006 2557 3047 nos
2606 2992 2660 3045 in
2700 2991 2839 3061 ipso.
2872 2988 3111 3046 Verbum
3140 3004 3327 3061 porro,
3372 3001 3498 3043 cum

1927 3099 2028 3141 nos
2070 3085 2400 3149 exaltamur,
2453 3082 2776 3153 accipimus,
2817 3091 2873 3137 et
2914 3083 3239 3153 adjuvamur
3271 3123 3288 3149 ,
3336 3077 3497 3150 quasi

1923 3178 2104 3249 ipsum
2132 3179 2482 3245 exaltaretur,
2517 3176 2786 3247 acciperet
2814 3183 2869 3231 et
2890 3175 3259 3245 adjuvaretur,
3293 3172 3497 3244 gratias

1925 3270 2037 3339 agit
2064 3268 2229 3336 Patri,
2268 3278 2563 3339 nostraque
2592 3270 2647 3324 in
2683 3270 2923 3339 seipsum
2959 3266 3241 3331 transfert,
3274 3274 3329 3321 et
3366 3264 3445 3319 ait
3477 3280 3495 3318 :

1930 3362 2124 3416 Omnia
2147 3377 2467 3432 quacunque
2490 3362 2686 3416 dedisti
2716 3361 2866 3429 mihi,
2910 3361 3033 3415 dedi
3058 3361 3131 3413 eis
3158 3358 3227 3413 ⁵².

1996 3537 2049 3592 8.
2068 3537 2279 3601 Ariani,
2311 3537 2532 3595 Eusebii
2558 3538 2822 3609 gregales,
2845 3553 2968 3593 eum
3003 3537 3144 3593 Filio
3167 3537 3496 3607 principium

1924 3629 2225 3684 exsistendi
2250 3629 2520 3696 tribuunt,
2553 3630 2813 3685 simulant
2854 3645 2912 3685 se
2970 3629 3114 3684 nolle
3167 3644 3292 3684 eum
3343 3628 3497 3698 regni

1924 3719 2253 3789 principium
2279 3720 2501 3776 habere.
2523 3721 2690 3791 Atqui
2707 3721 2857 3776 istud
2880 3719 3048 3792 494
3067 3721 3355 3775 ridiculum
3381 3721 3499 3775 fue-

1922 3810 2014 3864 rit.
2042 3809 2319 3881 Siquidem
2362 3812 2458 3881 qui
2492 3811 2633 3867 Filio
2676 3811 2769 3867 dat
2798 3811 3093 3867 cxsistendi
3125 3811 3451 3880 principium
3477 3851 3494 3876 ,

1923 3899 2212 3956 manifeste
2244 3900 2575 3971 principium
2607 3915 2827 3971 quoque
2854 3900 3117 3971 regnandi
3148 3900 3225 3954 illi
3266 3899 3359 3953 dat
3385 3917 3399 3966 ;
3430 3913 3496 3953 ac

1922 3993 2150 4063 proinde
2176 3992 2396 4048 latendo
2423 3993 2568 4062 quod
2596 4000 2817 4062 negant,
2872 4006 2932 4047 se
2976 4006 3152 4047 oecos
3204 3991 3308 4060 ipsi
3370 4005 3495 4045 esse

1924 4086 2181 4155 produnt.
2213 4085 2317 4152 Qui
2353 4086 2482 4140 item
2508 4086 2666 4140 aiunt
2696 4099 2910 4140 merum
2938 4098 3139 4139 nomen
3200 4081 3324 4137 Filii
3350 4097 3493 4149 esse,

1923 4177 2121 4232 Filium
2156 4187 2336 4232 autem
2365 4176 2482 4243 Dei,
2513 4177 2567 4232 id
2597 4185 2702 4241 est,
2749 4174 2990 4231 Verbum
3023 4174 3223 4242 Patris,
3260 4174 3497 4229 essentia

1925 4277 1982 4325 et
2013 4270 2321 4326 substantia
2352 4285 2587 4325 vacuum
2618 4284 2760 4333 esse,
2786 4269 2995 4339 ﬁngunt
3036 4282 3096 4323 se
3122 4268 3385 4322 adversus
3433 4266 3501 4320 il-

239 4358 434 4411 ακτεῖν
480 4354 622 4409 κατά
658 4353 766 4410 τῶν
813 4354 1099 4423 λεγόντων,
1132 4351 1241 4408 Ἦν
1274 4371 1425 4420 ποτε,
1470 4356 1559 4409 ὅτε
1597 4357 1698 4411 οὐκ
1727 4353 1818 4429 ἦν.

1934 4361 2012 4416 los
2044 4360 2318 4433 indignari
2352 4362 2447 4431 qui
2492 4361 2712 4427 dicunt,
2741 4359 2870 4414 Fuit
2890 4358 3184 4428 aliquando
3214 4374 3339 4413 cum
3387 4372 3499 4413 non

243 4447 407 4501 Ἔστι
434 4446 492 4499 δὲ
519 4447 613 4499 καὶ
657 4444 817 4499 τοῦτο
866 4445 1094 4515 γελοῖον.
1148 4448 1212 4499 Ol
1251 4447 1360 4518 γὰρ
1403 4446 1539 4511 ὅλως
1577 4448 1638 4502 τὸ
1680 4445 1821 4504 εἶναι

238 4539 397 4610 αὐτῷ
430 4537 505 4609 μὴ
532 4537 783 4601 διδόντες,
812 4537 1180 4607 ἀγανακτοῦσι
1218 4538 1362 4592 κατὰ
1386 4538 1494 4592 τῶν
1520 4540 1623 4593 κάν
1646 4540 1822 4613 χρόνῳ

235 4634 513 4689 διδόντων.
555 4631 666 4686 Καὶ
692 4625 837 4685 οὗτοι
858 4626 950 4684 οὖν
972 4631 1110 4703 ὅπερ
1131 4631 1441 4703 ἀρνοῦνται,
1472 4632 1563 4687 διὰ
1581 4632 1673 4687 τοῦ
1698 4634 1821 4687 επι-

239 4726 412 4795 τιμᾷν
439 4726 553 4787 τοῖς
581 4722 784 4789 ἀλλοις,
811 4720 1152 4794 ὁμολογοῦσι.
1192 4723 1362 4778 Πάλιν
1384 4742 1448 4778 τε
1479 4725 1528 4779 οἱ
1558 4724 1685 4797 περ)¹
1717 4725 1823 4778 Εὐ-

242 4815 448 4878 σέϐιον,
495 4812 624 4866 Υἱδν
667 4811 1078 4884 ὁμολογοῦντες,
1142 4811 1433 4882 ἀρνοῦνται
1481 4814 1643 4868 αὐτὸν
1685 4810 1822 4868 εῖναι

240 4907 406 4977 φύσει
441 4905 633 4974 Λόγον,
665 4906 759 4958 καὶ
795 4903 916 4958 κατ’
947 4904 1191 4958 ἐπίνοιαν
1221 4905 1392 4974 Λόγον
1431 4905 1687 4975 λέγεσθαι
1729 4907 1822 4961 τὸν

235 4999 376 5055 Υἷδν
416 4998 695 5069 βούλονται
714 5017 726 5028 ’
776 4999 826 5051 οἱ
867 4997 923 5051 δὲ
957 4997 1156 5069 ἕτεροι,
1194 4997 1367 5066 Λόγον
1414 4997 1820 5069 ὁμολογοῦντες,

316 5185 367 5219 ⁵⁸
402 5184 557 5239 Joan.
600 5200 733 5249 xvn,
774 5184 824 5239 7.
899 5184 945 5218 ⁸⁸
986 5185 1120 5240 ibid.
1162 5185 1214 5239 9.
1294 5185 1340 5217 "
1381 5183 1513 5240 ibid.
1555 5182 1607 5235 7.

301 5339 571 5426 .Sjc
599 5339 831 5411 Regius,
879 5339 1103 5410 Seguer.
1147 5348 1201 5393 et
1233 5338 1397 5393 editio
1433 5335 1701 5393 Commel.
1754 5335 1824 5391 At

236 5412 359 5471 alii.
391 5410 654 5464 δεδόσθαι.
692 5410 697 5411 “

315 5481 430 5615 (45;
473 5481 823 5561 A.ngtlcanus.
856 5479 952 5551 τὴν
984 5478 1287 5561 ἀσθένειαν.

315 5552 410 5615 (46
462 5548 552 5603 5η-
589 5551 718 5615 Reg.
749 5561 800 5605 et
824 5548 1045 5615 Seguer.
1078 5550 1148 5603 At
1174 5550 1264 5603 alii

315 5545 429 5619 (ιβ)
462 5545 718 5621 Sit-:lleg.
749 5561 800 5605 et
824 5545 1045 5619 Seguer.
1078 5550 1148 5621 At
1174 5550 1264 5603 alii
1294 5558 1347 5621 et
1379 5547 1531 5615 editi,
1556 5545 1821 5621 ἀσθενῶν.

316 5618 431 5691 (47)
473 5619 527 5674 In
560 5618 693 5691 Reg:
737 5618 1055 5691 ctﬂSeguer.
1086 5620 1284 5674 desunt
1312 5620 1426 5676 haec
1464 5620 1660 5686 urba,
1696 5618 1821 5671 ὲτα-

243 5693 513 5749 πείνωσεν
547 5690 735 5745 ἑαυτὸν
762 5690 1021 5746 οὕτωκαὶ
1049 5691 1116 5745 δι’
1148 5691 1315 5762 ἡμᾶς.

1928 4460 2094 4509 esset.
2126 4452 2291 4522 Atqui
2319 4453 2372 4507 id
2404 4452 2568 4507 etiam
2600 4451 2891 4507 ridiculum
2921 4459 3022 4506 est.
3053 4448 3188 4505 Nam
3219 4451 3314 4520 qui
3346 4450 3499 4504 illum

1929 4559 1999 4600 ne
2020 4560 2142 4601 esse
2170 4544 2389 4614 quidem
2420 4544 2636 4608 volunt,
2686 4544 2797 4599 illis
2833 4550 3182 4608 succensent,
3233 4542 3328 4610 qui
3371 4555 3497 4595 eum

1926 4637 2116 4692 saltem
2151 4638 2206 4691 in
2230 4648 2470 4706 tempore
2508 4651 2632 4691 esse
2670 4637 2998 4691 concedunt.
3023 4636 3208 4703 Itaque
3241 4634 3293 4687 lii
3336 4633 3497 4687 etiam

1928 4726 2254 4781 conﬁtentur
2284 4725 2429 4795 quod
2458 4734 2677 4795 negant,
2718 4740 2841 4779 cum
2891 4726 3026 4780 alios
3079 4723 3496 4793 reprehendunt.

1927 4814 2217 4881 Praeterea,
2235 4813 2529 4871 Eusebiani
2561 4814 2651 4883 qui
2673 4812 2872 4868 Filium
2891 4814 3236 4874 conﬁtentur,
3255 4827 3377 4866 eum
3402 4826 3499 4865 na-

1931 4917 2054 4964 tura
2074 4906 2313 4962 Verbum
2347 4920 2470 4962 esse
2492 4915 2711 4976 negant,
2740 4907 2964 4976 solaque
2991 4904 3317 4974 cogitatione
3334 4900 3498 4955 Verbi

1931 5018 2131 5060 nomen
2157 5000 2300 5056 Filio
2332 4999 2521 5054 volunt
2551 5000 2812 5055 concedi:
2847 5001 2942 5055 alii
2968 5016 3096 5054 vero
3147 4997 3239 5068 qui
3256 4995 3496 5051 Verbum

1999 5335 2111 5406 (48)
2148 5334 2244 5406 δίε
2288 5335 2419 5405 Reg.
2459 5343 2513 5406 et
2562 5333 2787 5406 Seguer.
2839 5335 2907 5388 At
2933 5336 2986 5389 in
3019 5333 3139 5406 aliis
3170 5344 3224 5406 et
3257 5336 3415 5406 editis
3442 5336 3493 5406 oi

1924 5403 2098 5478 deest.
2130 5405 2278 5478 ibid.
2315 5403 2453 5478 Reg.)
2476 5404 2700 5478 Seguer.
2735 5405 3133 5478 Rasil._Anglic.
3153 5445 3167 5467 ,
3199 5404 3371 5478 ἀρχὴν
3398 5403 3494 5461 τοῦ

1923 5473 2081 5531 εἶναι.
2112 5476 2214 5546 Alii
2244 5485 2307 5546 et,
2327 5471 2479 5539 editi,
2507 5471 2681 5546 ἀρχὴν
2710 5471 2869 5530 εἶναι.
2902 5471 3068 5529 Paulo
3091 5483 3213 5530 oost
3241 5471 3493 5543 Seguer.,

1924 5545 2743 5670 “Willéi’i‘iiféiéxi‘éaié‘ii

1994 5614 2106 5689 (49)
2150 5616 2240 5671 Sic
2270 5615 2401 5688 Reg.
2437 5614 2837 5689 et‘chuerian.
2868 5614 2937 5671 At
2966 5615 3057 5672 alii
3089 5622 3144 5670 ct
3176 5615 3331 5681 editi,
3357 5630 3493 5689 προ-

1923 5703 2219 5741 ποιουνται.
