3834 6220
219 309 310 365 481

1308 300 1567 357 ORATIO
1605 299 1671 354 lV
1709 298 1989 356 CONTRA
2029 298 2350 356 ARIANOS.

3361 305 3470 365 482

286 399 369 452 11.
405 398 504 461 Ei;
544 398 639 469 τὴν
672 394 841 467 αὐτὴν
870 394 969 466 μὲν
1004 395 1187 448 ἄνοιαν
1217 398 1330 459 τοῖς
1369 397 1662 468 Ἀρειανοῖς
1688 394 1776 447 πί-

1950 394 2114 466 495
2156 394 2237 448 Il.
2273 394 2417 448 Sane
2448 392 2523 447 illi
2557 393 2609 448 in
2655 394 2906 449 eamdem
2968 394 3301 452 dementiam
3333 397 3470 453 inci-

220 504 405 543 πτουσι
432 502 447 517 ⁸
494 487 735 539 κάκεῖνοι
782 482 890 554 γάρ
926 500 1059 552 φασι
1110 483 1177 535 δι’
1219 485 1369 553 ἡμᾶς
1417 483 1579 537 αὑτὸν
1638 481 1787 534 ἐκτί-

219 581 336 634 σθαι
369 578 503 649 (60),
533 578 617 630 ἵνα
643 578 789 647 ἡμᾶς
813 574 994 648 κτίσῃ,
1026 573 1213 645 ῶσπερ
1250 574 1345 627 τοῦ
1397 574 1529 626 Θεοῦ
1560 572 1791 645 περιμέ-

219 690 390 736 νοντος
419 670 522 741 τὴν
560 668 833 741 ἡμετέραν
877 669 1073 733 κτίσιν,
1116 668 1202 722 ἵνα
1229 667 1262 739 ἢ
1296 667 1635 739 προϐάληται
1666 667 1787 720 κατ’

218 764 473 827 ἐκείνους,
522 761 743 834 ἢκτίσῃ
771 760 912 815 κατὰ
952 760 1194 824 τούτους.
1249 760 1516 832 Ἀρειανο)⁸
1562 760 1660 832 μὲν
1693 758 1788 815 οὖν

218 855 369 910 πλέον
401 857 539 927 ἡμῖν
628 854 707 925 τῷ
751 853 866 925 Υίῷ
894 853 1240 925 χαρίζονται·
1273 853 1333 905 οὐ
1375 853 1483 924 γὰρ
1510 855 1673 924 ἡμεῖς
1718 854 1786 907 δι’

217 948 436 1013 ἐκεῖνον,
473 949 639 1018 φασὶν
667 947 801 1021 (61),
831 948 945 1001 ἀλλ’
984 950 1189 1011 ἐκεῖνος
1228 948 1296 1000 δι’
1338 949 1485 1018 ἡμᾶς
1523 948 1744 1017 γέγονεν
1770 968 1783 980 ·

218 1040 324 1110 εῖγε
345 1041 431 1094 διὰ
454 1040 617 1095 τοῦτο
639 1040 860 1111 ἐκτίσθη
892 1041 986 1094 καὶ
1017 1040 1246 1112 ὑπέστη,
1278 1041 1365 1094 ἵνα
1398 1044 1549 1113 ἡμᾶς
1585 1043 1652 1096 δι’
1684 1044 1786 1096 αῦ-

216 1131 303 1183 τοῦ
335 1131 498 1203 κτίσῃ
526 1134 555 1185 ὁ
581 1131 733 1195 Θεός.
771 1124 931 1185 Οὗτοι
967 1132 1045 1196 δὲ,
1085 1133 1146 1197 ἐξ
1178 1133 1292 1187 ἴσου
1323 1133 1355 1205 ἢ
1384 1137 1477 1187 καὶ
1525 1134 1788 1205 μειζόνως

219 1223 555 1287 ἀσεϐοῦντες,
588 1224 808 1278 ἔλαττον
832 1224 911 1295 τῷ
939 1224 1056 1295 Θεῷ
1084 1225 1117 1295 ἢ
1149 1227 1282 1295 ἡμῖν
1311 1224 1566 1279 διδόασιν.
1595 1225 1787 1295 Ἡμεῖς

217 1314 318 1383 γὰρ
343 1313 606 1376 πολλάκις
632 1314 726 1367 καὶ
762 1313 874 1385 (62)
901 1315 1213 1378 σιωπῶντες
1248 1315 1367 1385 μὲν,
1394 1314 1785 1387 ἐνθυμούμενοι

217 1406 270 1459 δὲ
290 1406 641 1477 ὲνεργοῦμεν,
666 1406 806 1461 ὥστε
827 1406 896 1459 τὰ
923 1408 988 1459 ὲκ
1012 1407 1112 1477 τῆς
1135 1407 1487 1479 ἐνθυμήσεως
1514 1408 1609 1461 καὶ
1642 1408 1786 1460 εἰδω·

218 1496 545 1551 λοποιεῖσθαι
573 1515 587 1529 ·
616 1498 708 1551 τὸν
734 1498 791 1551 δὲ
828 1498 982 1563 Θεὸν,
1014 1499 1303 1553 σιωπῶντα
1346 1500 1444 1570 μὲν
1485 1500 1784 1572 ἀνενέργη-

216 1605 320 1651 τον,
349 1588 616 1643 λαλοῦντα
642 1589 698 1643 δὲ
740 1589 944 1659 ἰσχύειν
972 1589 1135 1643 αὑτὸν
1164 1589 1442 1660 βούλονται
1470 1606 1481 1618 ·
1521 1591 1635 1658 εῐγε
1666 1608 1786 1647 σιω-

216 1679 323 1733 πιῖιν
350 1681 443 1752 μὲν
467 1680 574 1735 οὐκ
597 1680 827 1751 ἠδύνατο
848 1684 1041 1746 ποιεῖν,
1059 1680 1233 1736 λαλῶν
1255 1682 1311 1736 δὲ
1331 1680 1533 1746 κτίζειν
1558 1681 1779 1753 ἤρξατο.

228 1772 465 1844 Ἐρέσθαι
500 1772 618 1844 (65)
646 1773 753 1845 γὰρ
779 1774 973 1838 αὐτοὺς
994 1774 1223 1838 δίκαιον,
1255 1775 1303 1827 εἱ
1338 1774 1367 1825 ὁ
1400 1774 1592 1843 Λόγος,
1623 1776 1680 1827 ὲν
1706 1773 1782 1845 τῷ

217 1862 325 1934 Θεῷ
352 1862 448 1931 ὣν,
490 1864 700 1928 τέλειος
741 1861 830 1937 ἦν,
866 1864 1006 1918 ὥστε
1045 1866 1139 1919 καὶ
1176 1867 1345 1918 ποιεῖν
1383 1864 1664 1918 δύνασθαι.
1716 1862 1782 1917 El

221 1955 309 2025 μὲν
351 1952 443 2010 οῦν
483 1956 598 2027 (64)
634 1957 828 2028 ἀτελὴς
865 1952 967 2028 ἦν,
1015 1958 1072 2009 ἐν
1110 1955 1229 2027 Θεῷ
1271 1956 1368 2020 ὢν,
1408 1955 1686 2026 γεννηθεὶς
1722 1954 1781 2007 δὲ

216 2046 407 2110 τέλειος
448 2050 711 2117 γέγονεν’
766 2051 927 2120 ἡμεῖς
962 2050 1124 2103 αἴτιοι
1170 2049 1273 2120 τῆς
1314 2050 1650 2120 τελειότητος
1680 2049 1779 2102 αὐ-

217 2140 320 2207 τοῦ,
345 2142 458 2211 εἴγε
484 2143 555 2196 δι’
583 2144 730 2214 ἡμᾶς
754 2142 1076 2212 γεγέννηται
1096 2180 1109 2201 ,
1145 2142 1212 2194 δι’
1239 2143 1387 2212 ἡμᾶς
1416 2141 1525 2212 γὰρ
1549 2141 1643 2194 καὶ
1668 2140 1779 2211 (65)

218 2232 273 2285 τὸ
303 2231 563 2288 δύνασθαι
596 2235 768 2287 ποιεῖν
801 2233 1165 2305 προσείληφεν
1185 2248 1198 2262 ο
1225 2233 1274 2284 εἰ
1300 2232 1355 2285 δὲ
1386 2232 1590 2294 τέλειος
1621 2225 1689 2301 ἦν
1722 2233 1780 2283 ὲν

216 2323 344 2395 Θεῷ,
365 2325 506 2379 ὥστε
540 2327 637 2380 καὶ
667 2326 839 2379 ποιεῖν
876 2325 1154 2389 δύνασθαι,
1186 2324 1415 2396 περιττὴ
1450 2327 1482 2395 ή
1528 2324 1781 2394 γέννησις

217 2418 367 2472 αὐτοῦ
390 2436 404 2449 ·
447 2419 676 2473 ἐδύνατο
697 2418 826 2490 γὰρ,
852 2418 947 2473 καὶ
984 2420 1042 2471 ὲν
1071 2419 1247 2488 Πατρὶ
1267 2417 1365 2481 ὣν,
1392 2417 1741 2488 δημιουργεῖν
1762 2433 1775 2446 ·

216 2507 345 2561 ὥστε
383 2510 415 2580 ἢ
458 2512 521 2564 οὐ
568 2512 920 2583 γεγέννηται,
964 2510 998 2582 ἢ
1048 2510 1371 2580 γεγέννηται
1400 2508 1461 2560 οὐ
1492 2506 1560 2559 δι’
1591 2507 1738 2578 ἡμᾶς
1762 2546 1777 2571 ,

216 2600 320 2653 ἀλλ’
351 2601 429 2654 ὅτι
458 2603 552 2655 ἀεὶ
596 2605 661 2656 ὲκ
702 2603 796 2656 τοῦ
845 2602 1057 2674 Πατρός
1087 2603 1255 2655 ἐστιν.
1297 2600 1361 2652 Ἦ
1392 2599 1500 2671 γὰρ
1524 2598 1776 2667 γέννησις

216 2692 368 2746 αὑτοῦ
397 2695 457 2747 οὐ
480 2696 585 2767 τὴν
611 2694 768 2766 ἡμῶν
791 2694 968 2748 κτίσιν
991 2694 1284 2757 δείκνυσιν,
1314 2690 1450 2746 ἀλλὰ
1474 2690 1534 2745 τὸ
1559 2692 1623 2743 ὲκ
1641 2688 1775 2743 Θεοῦ

217 2779 344 2839 εἶναι
366 2803 380 2817 ο
407 2783 477 2859 ἦν
508 2788 622 2858 γὰρ
655 2788 751 2842 καὶ
774 2788 881 2860 πρὸ
908 2788 1006 2858 τῆς
1032 2787 1262 2848 κτίσεως
1290 2784 1468 2857 ἡμῶν.

1889 486 2025 541 dunt
2046 500 2110 539 ac
2134 484 2344 538 Ariani.
2372 482 2510 538 Nam
2540 494 2595 539 et
2620 484 2725 555 ipsi
2770 484 3010 539 Verbum
3065 487 3220 541 aiunt
3247 497 3471 559 pr0pter

1889 592 1991 631 nos
2012 584 2256 632 creatum
2294 591 2435 639 esse,
2468 585 2529 630 ut
2563 591 2665 631 nos
2695 576 2949 631 videlicet
2992 586 3205 632 crearet
3233 619 3247 643 ,
3308 582 3469 651 quasi

1888 668 2032 724 Deus
2063 678 2309 723 nostram
2336 677 2707 739 exspectasset
2734 671 3092 738 creationem,
3125 681 3188 727 ut
3238 672 3324 729 vel
3375 687 3468 730 se-

1889 763 2126 816 cundum
2152 762 2276 816 illos
2304 762 2484 831 ipsum
2512 762 2803 829 emitteret,
2832 763 2915 817 vel
2969 765 3273 819 secundum
3329 766 3467 823 istos

1888 864 2115 910 crearet.
2153 854 2283 911 Plus
2307 856 2475 927 igitur
2502 856 2661 911 nobis
2690 857 2937 913 tribuunt
2966 858 3156 915 Ariani
3186 877 3349 931 quam
3376 862 3467 917 Fi-

1887 946 1982 1002 lio.
2014 945 2125 1003 Nec
2157 950 2301 1002 enim
2332 963 2433 1002 nos
2485 957 2704 1018 propter
2727 949 2899 1015 illum,
2941 951 3214 1021 inquiunt,
3247 955 3343 1010 sed
3376 956 3466 1010 ille

1887 1050 2107 1110 propter
2135 1055 2236 1095 nos
2267 1039 2446 1096 factus
2498 1051 2582 1096 est
2611 1060 2623 1096 :
2683 1043 2729 1098 si
2765 1058 2959 1113 nempe
2988 1045 3193 1099 idcirco
3245 1055 3466 1103 creatus

1888 1142 1973 1187 est
2002 1141 2055 1187 et
2082 1132 2317 1200 exsistit,
2345 1142 2406 1187 ut
2435 1148 2538 1189 nos
2561 1132 2707 1189 Deus
2734 1149 2831 1204 per
2855 1150 2979 1189 eum
3011 1146 3243 1194 crearet.
3273 1136 3339 1192 Hi
3360 1154 3463 1193 au-

1888 1234 1997 1277 tem
2025 1223 2146 1292 pari
2200 1224 2286 1278 vel
2343 1224 2507 1279 etiam
2542 1225 2738 1295 majori
2782 1227 3061 1295 impietate
3119 1229 3301 1284 minus
3350 1229 3463 1285 Deo

1887 1331 2055 1385 quam
2085 1316 2244 1371 nobis
2268 1318 2596 1372 concedunt.
2621 1316 2729 1373 Nos
2753 1318 2899 1372 enim
2942 1334 3085 1389 saepe
3114 1321 3199 1374 vel
3244 1320 3465 1377 silentes

1884 1415 1941 1462 et
1968 1407 2143 1462 solum
2175 1408 2477 1478 cogitantes
2504 1409 2741 1478 agimus,
2788 1410 2863 1464 ita
2905 1419 3055 1464 utea
3102 1427 3224 1479 quae
3257 1413 3461 1483 cogita-

1884 1514 2033 1565 mus,
2064 1499 2228 1554 etiam
2253 1499 2584 1569 imaginibus
2610 1510 2664 1555 et
2695 1501 3008 1557 simulacris
3036 1504 3413 1572 exprimantur
3444 1522 3460 1570 ;

1886 1587 1941 1641 hi
1965 1603 2091 1642 vero
2125 1588 2295 1643 Deum
2319 1590 2567 1645 silentem
2619 1591 2756 1645 nihil
2787 1607 2966 1662 agere,
3002 1594 3096 1648 sed
3135 1602 3348 1648 tantum
3382 1594 3463 1649 lo-

1887 1690 2142 1748 quentem
2174 1680 2282 1734 vim
2319 1681 2519 1737 habere
2552 1683 2763 1747 volunt,
2796 1684 2842 1738 si
2894 1685 3084 1755 utique
3126 1687 3292 1743 silens
3322 1687 3461 1743 nihil

1816 1749 1857 1804 Β
1887 1773 2124 1842 potuerit
2178 1771 2407 1840 eﬂicere,
2475 1775 2571 1830 sed
2624 1775 2854 1846 loquens
2923 1749 3115 1833 creare
3166 1779 3454 1850 inceperit.

1887 1863 2178 1919 Enimvero
2234 1880 2451 1935 aequum
2487 1874 2571 1921 est
2602 1883 2702 1922 nos
2750 1868 2819 1922 ab
2850 1868 2959 1923 illis
3004 1885 3270 1938 quaerere,
3326 1888 3459 1928 num

1888 1956 2146 2020 Verbum,
2178 1970 2303 2011 cum
2328 1966 2473 2012 esset
2500 1958 2553 2011 in
2587 1958 2717 2025 Deo,
2738 1958 3036 2028 perfectum
3073 1960 3256 2027 fuerit,
3300 1964 3375 2018 ita
3402 1974 3463 2019 ut

1884 2057 2074 2117 posset
2094 2048 2288 2117 agere?
2311 2048 2368 2102 Si
2395 2049 2770 2119 imperfectum
2800 2060 2939 2113 erat.
2981 2069 3105 2108 cum
3154 2054 3207 2106 in
3236 2054 3345 2109 Deo
3370 2072 3463 2112 es-

1884 2147 1986 2203 set,
2014 2146 2252 2207 tuncque
2283 2138 2585 2209 peri'ectum
2613 2150 2717 2206 est,
2751 2158 2875 2197 cum
2917 2152 3001 2198 est
3026 2146 3304 2213 genitum;
3360 2162 3461 2201 nos

1883 2244 2013 2299 ergo
2040 2231 2159 2300 ejus
2187 2230 2541 2301 perfectionis
2568 2247 2733 2287 causa
2765 2249 2980 2298 sumus,
3021 2236 3068 2290 si
3111 2252 3304 2306 nempe
3328 2252 3459 2306 pro-

1882 2332 2000 2393 pter
2022 2340 2124 2380 nos
2155 2323 2395 2396 genitum
2420 2323 2606 2380 fuerit.
2639 2324 2715 2379 lta
2733 2327 2876 2380 enim
2893 2337 3113 2397 propter
3138 2344 3241 2384 nos
3262 2328 3458 2398 agendi

1887 2424 2206 2486 potestatem
2240 2416 2532 2486 acceperit.
2565 2416 2620 2470 Si
2644 2432 2776 2473 vero
2818 2418 3120 2488 perfectum
3156 2431 3297 2486 erat,
3330 2436 3457 2474 cum

1885 2508 1940 2562 in
1973 2507 2133 2563 Patre
2154 2516 2320 2575 esset,
2361 2508 2434 2563 ita
2458 2516 2516 2562 ut
2542 2507 2707 2564 etiam
2737 2510 2974 2579 potuerit
3020 2526 3202 2581 agere,
3252 2510 3459 2566 frustra

1883 2608 2029 2656 certe
2064 2599 2304 2669 genitum
2332 2608 2436 2665 est,
2489 2600 2759 2671 siquidem
2808 2616 2995 2656 creare
3032 2610 3267 2671 poterat,
3329 2618 3456 2657 cum

1881 2691 2061 2746 adhuc
2086 2690 2139 2743 in
2174 2690 2333 2748 Patre
2364 2700 2509 2747 esset
2535 2710 2549 2746 :
2578 2708 2641 2748 ac
2671 2692 2917 2762 proinde,
2952 2693 3036 2748 vel
3065 2709 3172 2749 non
3212 2694 3456 2765 genitum

1882 2791 2007 2847 est;
2058 2783 2142 2837 vel
2171 2798 2279 2836 non
2341 2792 2560 2853 propter
2613 2800 2717 2839 nos
2746 2784 2988 2854 genitum
3039 2792 3143 2851 est,
3197 2786 3291 2841 sed
3328 2787 3456 2857 quia

217 2887 417 2945 semper
448 2886 535 2932 est
560 2892 626 2931 ex
654 2875 834 2932 Patre.
873 2877 1005 2945 Ejus
1040 2876 1185 2930 enim
1242 2885 1397 2930 ortus
1450 2889 1558 2930 non
1590 2872 1765 2930 nostri
1799 2871 2158 2940 creationem,
2190 2873 2284 2929 sed
2344 2875 2524 2943 ipsum
2558 2890 2625 2930 ex
2669 2873 2781 2930 Deo
2803 2890 2940 2945 esse
2973 2876 3247 2945 signiﬁcat
3277 2897 3290 2933 :
3339 2886 3459 2934 erat

217 2967 467 3037 siquidem
494 2970 661 3024 etiam
691 2978 980 3038 antequam
1013 2982 1349 3023 crearemur.

279 3064 360 3117 12.
384 3064 457 3118 Τδ
485 3064 623 3119 αὐτὸ
644 3064 702 3118 δὲ
728 3064 823 3118 καὶ
856 3065 948 3118 ἐπὶ
971 3064 1065 3118 τοῦ
1097 3063 1312 3135 Πατρὸς
1337 3061 1642 3133 τολμῶντες
1669 3077 1776 3130 φα-

1953 3061 2041 3115 12.
2079 3058 2221 3126 Quin
2254 3059 2419 3113 etiam
2452 3059 2594 3114 idem
2630 3056 2875 3128 profecto
2914 3058 3194 3114 audebunt
3216 3057 3456 3113 dePatre

218 3154 469 3224 νήσονται.
499 3153 569 3208 Εί
592 3154 702 3225 γὰρ
722 3153 941 3219 σιωπῶν
968 3156 1068 3207 οὐκ
1087 3153 1318 3224 ἠδύνατο
1343 3155 1536 3218 ποιεῖν,
1562 3152 1779 3224 ἀνάγκη

219 3246 627 3317 προσειληφέναι
666 3245 830 3300 αὑτὸν
876 3244 1104 3315 δύναμιν
1134 3245 1503 3315 γεννήσαντα,
1555 3244 1583 3297 ὃ
1638 3244 1778 3309 ἐστι,

218 3334 533 3408 λαλήσαντα.
568 3337 681 3391 Καὶ
705 3336 868 3391 πόθεν
902 3335 1269 3409 προσείληφε;
1330 3336 1426 3388 καὶ
1475 3334 1564 3388 διὰ
1588 3334 1672 3400 τί;
1714 3335 1778 3387 Ei

214 3426 269 3478 δὲ
298 3429 544 3498 ἠδύνατο,
573 3429 711 3500 ἔχων
739 3431 797 3483 ὲν
830 3427 1010 3498 ἑαυτῷ
1034 3428 1125 3481 τὸν
1153 3427 1346 3496 Λόγον,
1377 3427 1572 3489 ποιεῖν,
1592 3442 1778 3497 περιτ-

218 3515 315 3579 τῶς
348 3522 531 3590 γεννᾷ,
566 3520 863 3589 δυνάμενος
904 3521 998 3573 καὶ
1034 3517 1252 3572 σιωπῶν
1281 3520 1475 3571 ποιεῖν.
1519 3518 1775 3583 Ἔπειτα,

220 3608 263 3658 εἰ
281 3610 377 3681 πρὸ
395 3612 486 3666 τοῦ
509 3612 840 3682 γεννηθῆναι
865 3611 999 3683 (66),
1016 3614 1073 3665 ὲν
1088 3611 1166 3682 τῷ
1196 3610 1313 3681 Θεῷ
1330 3605 1397 3681 ἦν
1412 3613 1440 3664 ὁ
1455 3610 1645 3678 Λόγος,
1672 3610 1779 3681 ἄρα

218 3702 479 3774 γεννηθεὶς
511 3706 671 3770 ἐκτὸς
696 3705 789 3760 καὶ
810 3705 915 3771 ἔξω
938 3704 1032 3759 τοῦ
1064 3704 1199 3758 Θεοῦ
1228 3705 1397 3758 ἐστιν.
1430 3704 1493 3757 Ei
1513 3703 1569 3755 δὲ
1598 3702 1775 3768 τοῦτο,

222 3791 322 3855 πῶς
350 3794 439 3848 νῦν
477 3795 667 3863 λέγει·
734 3796 875 3867 Ἐγὼ
906 3797 975 3850 ὲν
1010 3795 1092 3863 τῷ
1118 3796 1335 3864 Πατρὶ,
1376 3795 1477 3849 καὶ
1512 3798 1544 3849 ὀ
1576 3795 1777 3863 Πατὴρ

219 3882 281 3934 ἐν
301 3884 423 3953 ἐμοί
439 3903 456 3949 ;
485 3888 553 3941 Εἰ
582 3888 639 3940 δὲ
670 3886 764 3941 νῦν
789 3889 847 3941 ὲν
881 3887 959 3959 τῷ
986 3887 1159 3958 Πατρί
1194 3890 1363 3952 ἐστιν,
1407 3888 1515 3957 ἄρα
1544 3886 1631 3940 ἀεὶ
1666 3885 1775 3957 (67)

220 3966 280 4043 ἦν
307 3976 361 4029 ὲν
384 3977 460 4049 τῷ
489 3979 691 4050 Πατρὶ,
722 3977 914 4051 ῶσπερ
953 3979 1049 4032 καὶ
1092 3979 1185 4034 νῦν
1219 3982 1357 4044 ἐστι,
1403 3979 1499 4031 καὶ
1523 3977 1778 4050 περιττόν

221 4066 273 4118 τδ
302 4066 491 4136 λέγειν,
527 4071 607 4123 Δι’
632 4073 779 4143 ἡμᾶς
806 4072 1150 4142 γεγέννηται,
1177 4074 1275 4125 καὶ
1305 4073 1426 4143 μεθ’
1458 4074 1607 4144 ἡμᾶς
1641 4073 1775 4127 ἀνα-

220 4156 406 4229 τρέχει,
440 4162 527 4216 ἵνα
628 4161 817 4233 ὥσπερ
860 4158 949 4233 ἦν.
995 4164 1068 4217 Οὐ
1108 4162 1217 4234 γὰρ
1248 4159 1316 4234 ἦν
1357 4164 1494 4234 ὅπερ
1517 4164 1617 4216 οὐκ
1658 4162 1775 4215 ἐστι

221 4244 323 4310 νῦν,
350 4249 463 4303 οὐδέ
494 4254 644 4305 εστιν
672 4253 809 4323 ὅπερ
842 4254 941 4307 οὐκ
966 4248 1053 4324 ἦν’
1085 4253 1201 4306 ἀλλ’
1247 4252 1548 4324 gmw-(68)
1586 4251 1774 4324 ὥσπερ

219 4331 281 4407 ἦν
305 4340 403 4407 ἀεὶ,
434 4342 529 4395 καὶ
572 4342 834 4407 ὡσαύτως
862 4344 958 4397 καὶ
997 4344 1141 4398 κατὰ
1175 4344 1245 4398 τὰ
1286 4343 1425 4398 αὐτὰ
1448 4342 1586 4414 έχων
1605 4360 1618 4374 ·
1652 4342 1773 4395 ἐπεὶ

1883 3153 2004 3223 ipso
2033 3152 2231 3207 dicere.
2266 3149 2516 3220 Namque
2542 3150 2589 3205 si
2621 3152 2790 3206 silens
2821 3166 2982 3220 agere
3006 3167 3113 3205 non
3144 3152 3342 3219 potuit,
3369 3168 3459 3205 ne-

1880 3261 2034 3301 cesse
2070 3252 2154 3300 est
2181 3251 2240 3299 ut
2286 3243 2577 3314 gignendo,
2612 3243 2666 3297 id
2714 3251 2818 3308 est,
2850 3242 3146 3312 loquendo,
3198 3244 3451 3296 virtutem

1880 3335 2167 3405 acceperit.
2195 3335 2265 3388 At
2300 3335 2444 3389 unde
2494 3344 2550 3389 et
2588 3349 2684 3403 per
2719 3334 2852 3402 quid
2893 3332 3149 3402 accepit?
3202 3332 3356 3398 Quod
3406 3334 3453 3387 si

1878 3426 2117 3484 Verbum
2146 3425 2199 3480 in
2231 3440 2291 3481 se
2321 3426 2547 3489 habens,
2580 3426 2755 3493 potuit
2787 3439 2970 3494 agerc,
3026 3424 3296 3478 inutiliter
3321 3440 3452 3495 ergo

1877 3516 2066 3591 gignit,
2108 3529 2231 3570 cum
2261 3513 2425 3568 silens
2448 3513 2623 3584 possit
2648 3527 2830 3583 agere.
2865 3512 3092 3578 Deinde,
3129 3512 3174 3567 si
3208 3511 3451 3568 Verbum

1876 3607 2197 3678 priusquam
2228 3604 2469 3674 genitum
2500 3611 2608 3671 est,
2642 3603 2697 3657 in
2743 3602 2855 3658 Deo
2904 3612 3061 3669 erat;
3096 3602 3262 3673 igitur
3305 3607 3456 3675 geni-

1877 3707 1992 3754 tum
2022 3696 2157 3753 foris
2184 3705 2239 3751 et
2275 3704 2429 3750 extra
2479 3692 2649 3749 Deum
2676 3701 2779 3749 est.
2815 3692 2974 3759 Quod
3023 3695 3071 3750 si
3103 3710 3291 3751 verum
3327 3705 3449 3762 est,

1876 3804 2046 3861 quare
2089 3802 2219 3858 ergo
2261 3801 2408 3840 nunc
2454 3785 2583 3839 dicit
2613 3805 2625 3839 :
2676 3783 2791 3853 Ego
2819 3785 2873 3838 in
2901 3784 3086 3852 Patre,
3121 3796 3171 3840 et
3202 3786 3367 3846 Pater
3391 3786 3451 3840 in

1877 3896 1957 3934 me
1976 3888 2051 3933 est
2077 3878 2144 3928 ⁵⁸.
2180 3876 2239 3931 Si
2273 3891 2438 3946 porro
2462 3891 2606 3930 nunc
2627 3883 2712 3931 est
2737 3876 2792 3929 in
2819 3874 3002 3941 Patre,
3057 3891 3188 3946 ergo
3234 3892 3453 3946 semper

1877 3972 1981 4027 fuit
2013 3970 2067 4026 in
2096 3970 2279 4035 Patre,
2314 3970 2392 4025 uti
2419 3983 2565 4024 nunc
2598 3984 2819 4039 quoque
2850 3978 2955 4034 est,
2994 3968 3262 4039 futileque
3297 3969 3446 4026 dictu

1874 4072 1959 4120 est
1988 4063 2167 4133 ipsum
2192 4070 2412 4133 propter
2442 4078 2540 4117 nos
2579 4060 2820 4131 genitum
2865 4058 3057 4126 fuisse,
3091 4076 3155 4115 ac
3186 4070 3309 4130 post
3344 4076 3447 4117 nos

1874 4170 2183 4220 recurrere,
2224 4163 2285 4210 ut
2342 4154 2415 4211 sit
2466 4152 2931 4225 quemadmodum
2961 4162 3096 4208 erat.
3145 4152 3257 4209 Nec
3296 4156 3441 4209 enim

1873 4255 1990 4303 erat
2014 4244 2162 4316 quod
2202 4259 2350 4299 nunc
2383 4258 2493 4299 non
2542 4252 2664 4309 est;
2715 4257 2817 4298 nec
2846 4258 2993 4298 nunc
3020 4252 3103 4299 est
3130 4245 3275 4314 quod
3334 4260 3442 4299 non

1873 4348 1993 4395 erat
2024 4358 2037 4394 :
2066 4338 2162 4395 sed
2188 4346 2273 4393 est
2297 4335 2758 4406 quemadmodum
2793 4344 2913 4390 erat
2934 4350 3170 4406 semper,
3193 4336 3445 4407 idemque

221 4429 399 4503 ἀτελὴς
436 4432 532 4487 καὶ
570 4434 802 4506 τρεπτὺς
841 4436 1161 4506 φανήσεται.
1220 4436 1283 4488 Εἰ
1326 4434 1456 4506 γὰρ,
1501 4435 1639 4504 ὅπερ
1681 4427 1770 4504 ἧν.

1885 4446 1940 4486 ac
1963 4429 2156 4486 eodem
2190 4426 2352 4482 modo
2377 4439 2594 4495 semper
2622 4433 2730 4480 est.
2772 4422 3034 4495 Alioquin
3066 4423 3440 4495 imperfectum

284 4632 327 4664 “
360 4633 513 4691 Joan.
547 4650 656 4703 χιιι,
689 4634 776 4689 l0.

223 4812 295 4897 είς
324 4816 417 4897 τῂν
443 4817 641 4897 αὺτῄν,
671 4825 777 4872 etc.
804 4814 1055 4897 BasiILet
1079 4812 1288 4897 Anglic:
1312 4812 1432 4897 haec
1459 4812 1640 4897 verba,
1677 4813 1762 4897 in—

224 4891 334 4956 ξιιιι·Δ
350 4882 483 4941 tituli
502 4928 518 4953 ,
551 4882 880 4956 iiiterserunt
906 4903 919 4939 :
950 4885 1094 4956 Πρὸς
1116 4886 1244 4956 τοὺς
1268 4882 1554 4956 λέγονταςτ,
1583 4883 1663 4935 ὅτι
1683 4882 1762 4956 Δἦν

222 4951 267 5027 ξ
272 4954 426 5024 Λόγος
456 4951 514 5011 ὲν
549 4955 630 5027 τῷ
656 4956 775 5027 Θεῷ
810 4951 1190 5027 σιωπώμενοςς
1210 4951 1530 5027 ῦστερονμδὲ
1563 4951 1761 5027 προβέ-

224 4975 250 5003 ο
272 4975 426 5024 ιιογος
456 4975 514 5011 εν
549 4975 630 5027 τῳ
656 4975 727 5009 σε
810 4975 1190 5025 σιωπωμενος·
1220 4975 1445 5023 υστερον
1472 4975 1530 5005 οε
1563 4975 1761 5023 προθε-

224 5018 480 5095 σληταιόι’
508 4975 821 5110 ἡμᾷςηῖῦα
842 5026 1002 5148 ﬂvit;
1043 5022 1367 5105 κτισβῶμεν.
1416 5022 1615 5105 ldest,
1654 5022 1765 5104 Αμ-

225 5105 382 5148 versus
417 5114 500 5148 eos
526 5115 617 5148 am
656 5097 840 5148 dicunt
933 5094 1113 5148 erbum
1158 5110 1215 5146 ιη
1262 5092 1371 5145 Deo
1405 5092 1567 5148 fuisse
1605 5102 1761 5146 tacite

225 5092 500 5169 retineas
526 5092 617 5169 qui
656 5097 840 5150 dicunt
864 5092 1113 5148 'Verbum
1158 5095 1215 5146 in
1253 5092 1371 5145 Deo
1402 5092 1567 5161 fuisse
1605 5092 1761 5169 tacite

224 5162 318 5217 sive
352 5161 575 5234 silentio,
624 5175 805 5235 postea
835 5174 1011 5218 autem
1042 5172 1381 5235 propter_nos
1405 5205 1421 5228 ,
1458 5171 1515 5235 ut
1559 5161 1759 5235 scilicet

225 5245 513 5302 crearentur,
555 5232 804 5292 emissum
833 5252 925 5293 seu
950 5233 1214 5304 prolatum
1251 5233 1432 5304 fuisse.
1463 5232 1604 5304 _Quaa
1632 5232 1759 5285 item

224 5308 509 5428 gxstzli‘ntiad
542 5307 843 5379 marginem
881 5301 1055 5376 Regii,
1089 5303 1407 5373 Seguerian.
1447 5301 1660 5357 Gobler.
1710 5310 1764 5356 et

265 5388 335 5427 ec
375 5415 385 5427 .
451 5419 463 5428 .

265 5378 385 5428 elck.
414 5378 463 5432 1.

287 5444 388 5512 (60)
415 5443 1101 5518 ῌΑηειίοοιιιιξηκτίζεσᾷαι.
1133 5441 1305 5518 Paulo
1328 5448 1452 5511 post
1478 5440 1680 5518 Segius
1706 5448 1761 5494 et

287 5458 388 5512 (ου)
423 5458 769 5518 Anglicanus,
805 5458 1101 5510 κτιςεσυαι.
1134 5458 1305 5523 ramo
1328 5458 1452 5511 post
1482 5458 1680 5563 negxlus
1706 5458 1757 5494 et

227 5504 583 5589 Segyerianus,
614 5513 1329 5589 npoﬁdthqragAliietediti,
1362 5512 1571 5589 προὸἀλ
1605 5528 1757 5589 ητιιιιΖ

288 5580 868 5658 (61)_Regius,'cpqaiv'.
910 5583 1083 5641 Paulo
1129 5592 1252 5654 post
1301 5580 1654 5653 Anglicanus,
1703 5580 1763 5644 ἐξ

227 5643 328 5704 ῐσου
353 5643 440 5709 καὶ
472 5643 746 5727 μέιςόςρωξ.

1939 4810 2052 4930 (612)
2094 4808 2186 4930 Sic
2218 4806 2419 4930 Elegius
2439 4816 2494 4861 et
2518 4804 2904 4878 Seguerianus.
2938 4807 3004 4860 At
3035 4807 3089 4860 in
3113 4806 3234 4861 aliis
3255 4814 3309 4860 et
3331 4805 3442 4860 edi-

2008 4895 2099 4930 ees
2146 4895 2218 4930 κα
2245 4920 2259 4930 .

1868 4882 1938 4935 tis
1971 4882 2122 4935 deest
2146 4882 2259 4933 καί.

1892 4899 2302 5021 1⁵(ἓῖῗῖ5ἷὶέἔίιιε
2317 4957 2372 5021 ct
2389 4946 2790 5021 _Seguerianus,
2810 4946 3052 5017 ἐρέσθαι,
3072 4954 3229 5001 acuta
3244 4944 3439 5015 penul-

1870 5016 2169 5078 tin‘tafAlii
2187 5016 2251 5073 ’θι
2273 5018 2425 5081 editi,
2455 5016 2692 5081 ἔρεσθαι.

1941 5091 2055 5160 (64)
2094 5086 2201 5143 Θῦν
2229 5090 2383 5144 abest
2413 5086 2635 5160 aﬂBasil.
2655 5095 2720 5160 _et
2743 5086 3062 5160 Anglicano.

1936 5155 2050 5233 ('65)
2090 5160 2292 5233 Regius
2320 5167 2395 5233 _e!
2447 5155 2855 5233 Sesysrianrsi
2886 5158 2963 5233 Δι’
2996 5157 3142 5227 ἡμᾶς
3185 5156 3431 5233 χὰρρεαί-

1861 5226 1969 5287 Αιῑὶ
1992 5226 2047 5287 et
2072 5226 2223 5299 editi,
2256 5231 2332 5281 Δι’
2366 5226 2614 5299 ήμᾶςίδὲ
2659 5227 2773 5279 καί.
2822 5226 2990 5281 Paulo
3020 5226 3153 5296 post
3185 5226 3351 5282 Baisil.
3381 5235 3437 5279 et

1860 5302 2119 5372 Anglic.,_
2130 5297 2283 5372 ἧνλὲν
2312 5297 2396 5369 τῷ

1928 5366 2050 5442 ,(66)
2091 5366 2292 5442 Begius
2320 5366 2374 5423 et
2396 5366 3082 5442 βεέιιειξὶιιηιιεηγεννηθῇ.

1938 5437 2064 5562 (οέἔί
2090 5437 2290 5510 Regius
2314 5448 2367 5493 et
2392 5437 2777 5509 Seg'ueriauus,
2799 5437 2908 5508 ἄρα
2933 5441 3002 5501 εἰ,
3028 5437 3309 5499 mendose,
3332 5449 3435 5503 pro

1872 5530 2184 5653 Ριἤθρὲῗέίιι
2236 5595 2370 5638 mss,
2436 5580 2506 5633 At
2550 5577 2715 5635 editio
2753 5576 3182 5633 Commel'miana
3230 5574 3436 5632 omittit

1868 5652 2036 5705 ἐστιν.
