3834 6220
357 287 462 349 433

952 295 1010 348 S.
1051 294 1425 350 ATllANASll
1459 294 1607 350 ΟΡΡ.
1648 295 1832 353 PARS
1868 297 1910 353 Ι.
1955 328 2024 338 -
2061 296 2435 355 HISTORICA
2477 299 2565 354 ET
2599 298 3026 357 DOGMATICA.

3512 306 3632 364 484

354 409 688 465 etmutabile
718 425 838 466 esse
891 412 1186 467 videretur.
1231 411 1289 466 Si
1335 413 1482 467 enim
1513 415 1659 484 quod
1688 423 1827 481 erat,
1878 416 1922 470 id

2036 415 2178 470 τοῦτ’
2229 416 2382 471 ἔσται
2424 417 2562 488 μετὰ
2603 415 2778 470 ταῦτα
2806 459 2819 483 ,
2852 418 2928 482 ὡς
2977 418 3072 471 νῦν
3117 419 3217 472 οὐκ
3248 419 3326 473 ὢν
3351 436 3366 450 ⁸
3413 421 3580 493 δῆλον
3607 462 3632 491 ,

353 507 542 569 postea
572 500 695 565 erit,
736 501 894 570 quasi
930 519 1076 556 nunc
1103 518 1210 556 non
1235 502 1286 555 id
1315 502 1495 570 ipsum
1520 517 1665 559 esset
1693 523 1708 571 ;
1764 505 1932 574 igitur

356 606 501 643 nunc
530 607 634 644 non
656 601 739 645 est
763 592 906 661 quod
936 603 1051 646 erat
1073 602 1127 647 et
1153 595 1275 646 erit.
1297 592 1430 647 Rem
1463 595 1666 650 clarius
1697 610 1930 664 expono.

355 677 415 734 Si
443 682 494 733 in
524 681 634 734 Deo
664 692 819 736 antea
853 692 990 748 erat,
1024 693 1077 736 et
1106 694 1293 752 postea
1322 700 1514 738 rursus
1543 685 1646 739 erit
1674 703 1686 738 :
1722 685 1934 754 perspi-

353 789 514 828 cunm
545 782 628 828 est
655 773 893 828 Verbum
935 791 1080 829 nunc
1130 777 1183 828 in
1223 775 1334 830 Deo
1387 793 1494 830 nou
1538 793 1680 832 esse.
1731 775 1932 830 Verum

352 866 704 920 revincuntur
737 867 838 920 hac
859 866 1077 920 Domini
1114 883 1285 923 voce:
1322 867 1434 938 Ego
1455 870 1510 921 in
1534 868 1713 934 Patre,
1742 878 1791 923 et
1823 868 1935 922 Pa-

355 965 434 1008 ter
463 965 618 1010 inme
670 967 766 1011 est.
819 957 912 1013 Sic
943 961 1089 1012 enim
1119 975 1265 1013 nunc
1291 969 1398 1026 est,
1451 961 1530 1013 uti
1559 959 1662 1014 fuit
1694 976 1930 1030 semper.

354 1045 411 1101 Si
445 1064 606 1117 porro
638 1065 784 1104 nunc
817 1063 899 1103 est
924 1051 999 1104 uti
1033 1049 1135 1104 fuit
1170 1067 1428 1120 semper:
1471 1067 1582 1106 non
1622 1052 1788 1121 igitur
1829 1052 1933 1104 ali-

351 1142 571 1210 quando
599 1141 941 1210 gignebatur,
976 1151 1028 1196 et
1052 1142 1348 1210 aliquando
1399 1159 1508 1197 non
1560 1144 1885 1213 gignebatur
1915 1160 1930 1209 ;

350 1248 451 1287 nec
475 1235 602 1288 item
629 1235 922 1304 aliquando
947 1235 1003 1287 in
1038 1233 1148 1288 Deo
1173 1235 1476 1303 silentium}
1497 1243 1551 1288 et
1580 1235 1738 1304 quies
1787 1233 1889 1287 fuit
1915 1274 1930 1299 ,

352 1323 645 1393 aliquando
669 1334 849 1380 autem
891 1326 1030 1379 idem
1068 1325 1286 1379 locutus
1318 1332 1401 1379 est
1435 1343 1448 1378 :
1486 1326 1579 1379 sed
1607 1340 1822 1394 semper
1848 1331 1933 1379 est

351 1415 530 1481 Pater,
567 1427 619 1472 et
645 1418 816 1472 Filius
845 1418 963 1488 ejus
989 1417 1246 1482 Verbum,
1275 1418 1369 1487 qui
1424 1417 1598 1471 Filius
1657 1431 1766 1471 non
1817 1417 1933 1472 solo

351 1511 572 1564 nomine
604 1509 841 1564 Verbum
870 1521 972 1575 est,
1029 1527 1129 1565 nec
1156 1510 1395 1565 Verbum
1454 1509 1787 1578 cogitatione
1849 1515 1934 1562 est

349 1599 546 1662 Filius,
599 1600 694 1656 sed
729 1600 877 1655 Patri
911 1602 1401 1656 consubstantialis
1432 1600 1648 1655 exsistit
1675 1619 1688 1655 :
1716 1615 1816 1655 nec
1843 1599 1933 1654 ille

349 1702 573 1762 propter
608 1707 709 1748 nos
743 1703 826 1748 est
857 1695 1094 1763 genitus,
1130 1695 1225 1749 sed
1266 1709 1367 1749 nos
1406 1701 1630 1763 propter
1663 1693 1816 1746 illum
1844 1691 1930 1746 l‘a—

2039 509 2121 560 ὃτι
2157 507 2270 577 (70)
2305 510 2405 561 οὐκ
2433 509 2548 562 ἐστι
2579 509 2695 576 νῦν,
2727 513 2864 581 ὅπερ
2891 506 2960 580 ἦν
2996 511 3090 563 καὶ
3121 510 3295 566 ἔσται.
3334 512 3496 582 Λέγω
3519 514 3584 568 δέ
3607 529 3626 545 ⁶

2041 601 2103 652 Et
2134 601 2191 653 ἐν
2219 599 2338 670 Θεῷ
2365 596 2432 672 ἦν
2457 603 2744 674 πρότερον,
2773 605 2866 657 καὶ
2891 604 3027 673 μετὰ
3052 602 3224 657 ταῦτα
3246 605 3406 658 πάλιν
3432 606 3592 660 ἔσται
3612 623 3632 640 ο

2038 694 2217 764 δῆλον,
2254 695 2335 747 ὅτι
2363 696 2463 748 οὐκ
2500 695 2614 748 ἐστι
2657 696 2752 750 νῦν
2781 698 2838 750 ἐν
2865 697 2943 766 τῷ
2990 696 3109 767 Θεῷ
3153 700 3182 750 6
3231 697 3424 766 Λόγος.
3483 701 3633 755 Ἀλλ’

2042 786 2254 858 ἐλέγχει
2299 787 2519 852 τούτους
2551 791 2580 841 ό
2617 788 2822 860 Κύριος
2861 788 3037 857 λέγων
3063 807 3076 819 ο
3120 787 3262 858 Ἐγὼ
3304 791 3375 843 ἐν
3411 790 3491 855 τῷ
3513 796 3631 845 Πα-

2040 880 2154 946 rp),
2176 878 2275 934 καὶ
2293 883 2325 934 ὁ
2356 879 2559 948 Πατὴρ
2585 881 2654 934 ἐν
2679 881 2828 949 ἐμοί’
2856 881 2999 934 οὕτω
3022 881 3130 952 γάρ
3161 883 3278 935 ἐστι
3295 881 3409 948 νῦν,
3435 882 3635 956 ὥσπερ

2045 965 2115 1040 ἦν
2142 970 2247 1024 ἀεί,
2281 971 2344 1023 Et
2380 971 2436 1024 δέ
2465 970 2608 1024 οῦτω
2634 971 2727 1025 νῦν
2765 973 2936 1036 ἐστιν,
2975 972 3164 1043 ὥσπερ
3191 969 3260 1044 ἦν
3287 975 3371 1026 ἀεί
3391 993 3405 1006 ο
3440 975 3632 1044 δῆλον,

2039 1061 2120 1115 ὅτι
2148 1064 2208 1115 ού
2238 1064 2368 1116 ποτὲ
2397 1065 2495 1134 μὲν
2519 1065 2793 1132 ἐγεννᾶτο,
2824 1066 2954 1118 ποτέ
2980 1066 3037 1118 δέ
3062 1065 3123 1118 οὗ
3145 1084 3160 1111 ε
3197 1067 3320 1119 οὐδὲ
3352 1069 3486 1120 ποτέ
3528 1070 3634 1139 μὲν

2041 1155 2098 1207 ἐν
2125 1154 2245 1225 Θεῷ
2292 1156 2492 1226 ἡσυχία
2531 1152 2619 1226 ἦν,
2660 1157 2791 1210 ποτὲ
2835 1157 2891 1210 δέ
2932 1157 3145 1210 ἐλάλει·
3194 1159 3308 1211 ἀλλ’
3349 1159 3498 1212 ἔστιν
3540 1162 3635 1215 ἀεὶ

2041 1246 2250 1317 Πατὴρ,
2289 1248 2382 1300 καὶ
2417 1247 2546 1310 Υἱὸς
2570 1249 2599 1300 6
2635 1248 2823 1300 τούτου
2851 1248 3044 1316 Λόγος,
3076 1250 3176 1302 οὐκ
3210 1250 3435 1320 ὀνόματι
3463 1253 3633 1321 μόνον

2040 1337 2230 1405 Λόγος,
2267 1338 2389 1391 οὺδέ
2435 1338 2556 1390 κατ’
2599 1339 2840 1391 ἐπίνοιαν
2882 1339 3071 1403 -Υίὸςό
3107 1341 3278 1409 Λόγος
3326 1342 3461 1411 (71),
3508 1342 3630 1394 ἀλλ’

2041 1429 2300 1500 ὑπάρχων
2344 1430 2630 1499 ὁμοούσιος
2662 1429 2741 1500 τῷ
2789 1431 2998 1502 Πατρί·
3035 1433 3095 1484 οὐ
3136 1431 3200 1484 δι’
3239 1434 3387 1502 ἡμᾶς
3431 1451 3634 1504 γεννη-

2041 1520 2188 1584 θείς’
2239 1521 2400 1591 ἡμεῖς
2432 1520 2540 1592 γὰρ
2582 1521 2649 1574 δι’
2683 1523 2889 1574 ἐκεῖνον
2917 1523 3239 1592 γεγόναμεν.
3281 1525 3434 1575 Ἐπεὶ
3475 1527 3524 1576 εἰ
3558 1525 3631 1576 δι’

2039 1612 2189 1681 ἡμᾶς
2228 1611 2514 1682 ἐγεννήθη,
2555 1612 2648 1665 καὶ
2687 1614 2745 1666 ἐν
2773 1611 2851 1683 τῷ
2879 1613 3238 1682 γεγεννῆσθαι
3275 1614 3438 1667 αὑτὸν
3477 1617 3632 1667 ἐκτί-

2041 1702 2250 1774 σθημεν
2294 1702 2432 1774 (72),
2486 1703 2580 1756 καὶ
2617 1705 2681 1774 τῇ
2730 1705 2980 1774 γεννήσει
3017 1704 3182 1758 αὐτοῦ
3224 1705 3559 1775 συνέστηκεν
3591 1707 3628 1772 ἡ

348 1784 421 1838 cti
463 1799 672 1837 sumus.
701 1783 1004 1853 Caeteroqui
1029 1784 1074 1838 si
1110 1791 1331 1854 propter
1374 1799 1476 1838 nos
1499 1783 1717 1852 genitus
1741 1795 1844 1850 est,
1878 1793 1922 1839 el

2036 1795 2234 1860 κτίσις,
2275 1795 2566 1866 ἀνατρέχει
2605 1795 2662 1848 δέ
2702 1797 2789 1849 ἵνα
2877 1797 3014 1865 ὅπερ
3042 1796 3304 1868 πρότερον
3328 1791 3396 1867 ἦν
3419 1814 3433 1826 ·
3464 1797 3627 1866 πρῶ-

348 1889 449 1928 nos
477 1882 626 1938 tunc,
654 1889 778 1928 cum
827 1883 912 1929 est
940 1875 1176 1943 genitus,
1227 1873 1395 1928 creati
1448 1888 1660 1936 sumus,
1703 1872 1934 1943 ejusque

347 1975 469 2019 ortu
501 1965 810 2020 constituta:
843 1972 972 2020 sunt
1009 1979 1098 2018 res
1131 1973 1344 2028 creatae,
1377 1977 1440 2017 ac
1473 1961 1672 2032 deinde
1701 1962 1934 2017 recurrit

346 2058 463 2126 ipse
493 2067 549 2111 ut
577 2057 808 2127 sitquod
843 2056 998 2126 prius
1024 2063 1183 2122 erat;
1219 2055 1458 2124 primum
1497 2053 1664 2126 496
1701 2055 1828 2110 inde
1860 2053 1934 2109 ef-

347 2151 527 2204 ﬁcitur
557 2159 615 2202 ut
640 2150 877 2220 genitus,
937 2164 1134 2203 rursus
1181 2164 1290 2202 non
1339 2159 1650 2218 generetur.
1693 2145 1831 2200 Nam
1882 2147 1931 2203 si

343 2257 469 2298 cum
501 2241 814 2311 procedere,
843 2241 1024 2310 ipsum
1056 2249 1140 2295 est
1169 2239 1316 2310 gigni
1345 2259 1357 2293 :
1402 2240 1566 2310 igitur
1593 2255 1719 2294 cum
1750 2254 1934 2294 rever-

344 2336 497 2400 titur,
535 2334 682 2405 gigni
719 2334 938 2388 desinit.
957 2332 1256 2402 Postquam
1283 2332 1427 2385 enim
1464 2334 1529 2386 ad
1554 2331 1724 2385 Deum
1748 2347 1932 2386 rever-

343 2429 488 2493 terit,
521 2426 663 2481 Deus
689 2441 883 2482 rursus
915 2425 1115 2481 silebit.
1146 2424 1312 2494 Atqui
1346 2424 1391 2477 si
1416 2422 1616 2488 silebit,
1647 2425 1754 2478 erit
1782 2424 1930 2494 quod

343 2535 409 2573 eo
455 2519 651 2573 silente
686 2526 824 2584 erat,
892 2531 1087 2586 nempe
1137 2516 1318 2585 quies,
1357 2532 1465 2569 non
1501 2523 1684 2570 autem
1742 2529 1929 2568 rerum

343 2613 571 2679 creatio,
612 2627 734 2681 qua:
765 2609 993 2681 proinde
1038 2609 1203 2664 ﬁnem
1251 2609 1494 2664 habebit.
1539 2607 1676 2663 Nam
1713 2618 1772 2662 ut
1804 2623 1932 2678 pro-

344 2706 569 2760 cedente
588 2703 795 2767 Verbo,
818 2703 974 2757 facta:
1003 2710 1133 2757 sunt
1161 2710 1216 2755 et
1240 2702 1569 2756 exstiterunt
1586 2716 1674 2755 res
1689 2709 1886 2755 creata:
1913 2720 1926 2755 :

344 2797 419 2850 ita
439 2805 754 2851 recurrente
784 2793 984 2856 Verbo,
1010 2793 1122 2862 jam
1152 2808 1262 2846 non
1291 2793 1525 2862 amplius
1547 2794 1814 2848 exsistent
1840 2808 1929 2848 res

344 2899 559 2944 creatte.
598 2887 739 2954 Quid
773 2888 940 2958 igitur
978 2901 1073 2941 eas
1121 2887 1237 2940 tieri
1273 2901 1412 2955 opus
1439 2886 1562 2949 fuit,
1591 2886 1636 2941 si
1676 2900 1800 2941 esse
1828 2886 1927 2940 de—

232 2978 244 2988 ’
344 2979 558 3035 sinent?
581 2977 694 3042 Vel,
724 2993 896 3047 quare
926 2977 1144 3031 locutus
1166 2985 1249 3031 est
1274 2975 1441 3042 Deus,
1476 2985 1534 3031 ut
1559 2977 1822 3046 posthaec
1850 2977 1927 3032 si-

342 3071 514 3125 leret?
557 3069 668 3124 Cur
705 3084 832 3124 vero
862 3068 1090 3138 protulit
1116 3083 1278 3137 quem
1300 3068 1495 3122 deinde
1527 3068 1788 3122 revocat?
1815 3067 1926 3123 Cur

342 3182 466 3221 eum
504 3165 697 3236 gignit,
741 3164 896 3234 cujus
950 3163 1358 3234 generationem
1408 3162 1573 3216 tinem
1617 3161 1789 3216 voluit
1819 3161 1920 3216 ha-

339 3262 815 3318 bere?lncertum
865 3268 1046 3315 autem
1089 3269 1174 3313 est
1220 3258 1349 3328 quid
1413 3257 1612 3312 iterum
1667 3259 1791 3312 erit.
1825 3255 1923 3314 Vel

344 3354 490 3408 enim
523 3367 737 3422 semper
754 3351 1024 3405 taciturus
1045 3358 1150 3414 est,
1173 3349 1259 3403 vel
1281 3364 1475 3404 rursus
1501 3357 1583 3404 est
1615 3349 1918 3420 geniturus,

2032 1903 2125 1939 τον
2163 1887 2264 1957 μὲν
2293 1887 2444 1939 ἔσται
2489 1886 2652 1940 πάλιν
2693 1887 2767 1959 μὴ
2796 1904 3135 1957 γεννωμενος
3166 1890 3194 1940 ὁ
3219 1887 3521 1958 γεννηθείς.
3560 1889 3629 1942 Εἰ

2033 1979 2142 2051 γὰρ
2181 1981 2214 2050 ἡ
2264 1979 2489 2051 πρόοδος
2536 1980 2700 2032 αὐτοῦ
2746 1981 3000 2051 γέννησίς
3039 1984 3208 2044 ἐστιν,
3256 1983 3289 2051 ή
3335 1980 3625 2050 ἁναδρομὴ

2034 2071 2196 2125 πάλιν
2228 2071 2406 2124 παῦλα
2437 2071 2537 2141 τῆς
2579 2073 2914 2142 γεννήσεωςο
2961 2071 3254 2142 γενομένου
3293 2070 3401 2143 γὰρ
3451 2071 3624 2123 αὑτοῦ

2033 2165 2092 2216 ἐν
2121 2163 2199 2234 τῷ
2226 2161 2364 2234 Θεῷ,
2402 2164 2674 2233 σιωπήσει
2698 2161 2860 2216 πάλιν
2888 2163 2916 2214 ὁ
2950 2163 3101 2225 Θεός.
3132 2163 3195 2214 Εἰ
3233 2162 3290 2214 δὲ
3325 2165 3622 2232 σιωπήσει,

2034 2255 2184 2308 ἔσται
2215 2255 2374 2328 ⁵ὅπερ
2403 2250 2492 2326 ἦν,
2550 2255 2866 2318 σιωπῶντος
2897 2254 3085 2320 αὐτοῦ,
3138 2255 3339 2325 ἡσυχία
3365 2296 3380 2319 ,
3422 2256 3516 2307 καὶ
3558 2257 3622 2308 οὐ

2033 2350 2209 2411 κτίσις
2234 2366 2247 2378 ι
2278 2347 2547 2401 παύσεται
2576 2347 2684 2416 ἄρα
2721 2349 2754 2418 ή
2797 2348 2994 2411 κτίσις.
3037 2348 3248 2420 Ὥσπερ
3280 2348 3387 2419 γὰρ
3418 2349 3626 2418 προελ-

2033 2440 2216 2503 θόντος
2249 2438 2344 2492 τοῦ
2385 2439 2581 2507 Λόγου,
2631 2438 2854 2508 γέγονεν
2899 2441 2931 2509 ἠ
2982 2440 3179 2502 κτίσις,
3217 2441 3310 2492 καὶ¹
3343 2440 3615 2510 ὑπῆρξεψ

2039 2530 2184 2584 οῦτω
2226 2527 2722 2601 παλινδρομοῦντος
2769 2529 2864 2582 τοῦ
2912 2530 3110 2597 Λόγου,
3157 2530 3254 2600 οὐχ
3297 2529 3534 2600 ὑπάρξει
3579 2532 3612 2600 ἡ

2031 2624 2208 2686 κτίσις
2241 2622 2374 2693 (75).
2422 2623 2517 2686 Τίς
2549 2617 2642 2675 οῦν
2683 2623 2844 2695 χρεία
2890 2621 2984 2674 τοῦ
3021 2621 3314 2689 γενέσθαι,
3370 2625 3418 2674 εί
3473 2623 3619 2676 παύ-

2033 2732 2183 2768 σεται
2209 2732 2224 2780 ;
2255 2716 2327 2768 ’Ὴ
2358 2713 2410 2766 τί
2443 2715 2537 2768 καὶ
2560 2713 2738 2767 ἐλάλει
2769 2715 2797 2766 6
2825 2712 2977 2777 Θεὸς,
3005 2714 3092 2766 ἵνα
3126 2712 3264 2784 μετὰ
3288 2713 3466 2768 ταῦτα
3496 2733 3625 2769 σιω-

2030 2809 2224 2879 πήσῃ;
2261 2807 2326 2860 Τί
2366 2807 2423 2860 δέ
2462 2805 2824 2878 προεϐάλλετο
2848 2845 2863 2868 ,
2906 2806 2964 2859 ὃν
3012 2807 3400 2871 ἀνακαλεῖται;
3440 2805 3505 2858 Τί
3559 2805 3621 2860 δὲ

2030 2897 2126 2950 καὶ
2169 2897 2383 2965 ἐγέννα,
2415 2889 2476 2948 οὗ
2509 2894 2607 2965 τὴν
2645 2895 2898 2965 γέννησιν
2945 2895 3175 2948 παύσειν
3211 2894 3408 2966 ﬁet-:15;
3451 2896 3516 2948 Τί
3558 2896 3619 2949 δὲ

2030 2985 2193 3040 πάλιν
2227 2984 2403 3049 ἔσται,
2433 2983 2646 3053 ἄδηλον.
2683 2986 2754 3037 ’Ἡ
2782 2984 2890 3055 γὰρ
2922 2984 3190 3054 σιωπήσει
3231 2985 3349 3048 ἀεὶ,
3383 2985 3415 3055 ἦ
3451 2985 3618 3038 πάλιν

2029 3078 2319 3148 γεννήσει,
2356 3077 2450 3129 καὶ
2489 3077 2681 3146 ἑτέραν
2722 3076 2897 3129 κτίσιν
2931 3077 3207 3147 ἐπινοήσει
3229 3093 3242 3105 ·
3278 3077 3338 3129 οὐ
3371 3078 3481 3148 γὰρ
3513 3078 3619 3148 τὴν

2029 3168 2201 3236 αὐτὴν
2231 3166 2446 3238 ποιήσει
2470 3181 2485 3197 ο
2521 3166 2554 3236 ἢ
2589 3168 2698 3237 γὰρ
2732 3166 2798 3220 ἂν
2823 3167 3088 3237 διέμεινεν
3113 3170 3146 3238 ή
3169 3168 3432 3238 γενομένη
3457 3169 3571 3238 (74)
3599 3186 3614 3198 ·

2030 3258 2142 3312 ἀλλ’
2185 3258 2410 3329 ἑτέραν·
2442 3257 2750 3322 ἀκολούθως
2793 3258 2850 3311 δὲ
2894 3260 2988 3312 καὶ
3018 3259 3223 3329 ταύτην
3257 3260 3482 3324 παύσει,
3518 3262 3618 3315 καὶ

2030 3351 2226 3422 ἐτέραν
2256 3350 2554 3420 ἐπινοήσει,
2593 3350 2688 3404 καὶ
2714 3349 2874 3403 τοῦτο
2901 3353 2981 3416 εἰς
3011 3353 3256 3424 ἄπειρον.
3409 3353 3411 3356 ⁴

347 3449 592 3518 aliasque
634 3463 724 3501 res
761 3445 1026 3501 creandas
1061 3445 1433 3515 cogitaturus;
1498 3459 1600 3499 nec
1655 3445 1802 3498 enim
1841 3446 2059 3502 easdem
2091 3455 2175 3500 est
2225 3446 2544 3514 eﬂecturus,
2573 3446 2776 3516 quippe
2831 3463 2971 3516 quas
3017 3447 3190 3503 factas
3240 3449 3618 3518 permansisse

344 3545 517 3598 satius
539 3542 770 3598 fuisset:
803 3541 898 3596 sed
927 3542 1064 3596 alias
1093 3541 1468 3612 producturus
1495 3533 1602 3606 est,
1648 3557 1786 3611 quas
1842 3542 2045 3598 delebit
2102 3543 2377 3611 similiter,
2433 3543 2681 3612 aliasque
2717 3544 2914 3598 iterum
2972 3545 3252 3617 cogitabit,
3309 3546 3473 3615 idque
3527 3547 3619 3599 in—

344 3638 514 3692 ﬁnite.

413 3731 500 3783 l5.
535 3728 698 3784 Forte
751 3739 934 3783 autem
961 3728 1277 3798 hujusmodi
1304 3727 1490 3798 opinio
1512 3745 1576 3783 ex
1611 3727 1920 3785 Stoicorum

341 3821 527 3876 schola
549 3821 980 3891 emanavit(69),
1022 3821 1114 3890 qui
1147 3835 1344 3888 nempe
1377 3819 1547 3874 Deum
1579 3830 1771 3890 putant
1798 3837 1925 3876 con,

341 3907 482 3960 trahi
526 3923 829 3978 rursusque
858 3925 983 3962 cum
1028 3909 1194 3962 rebus
1226 3911 1425 3964 creatis
1460 3910 1699 3970 dilatari.
1735 3910 1920 3963 inlini—

339 4006 500 4066 teque
531 3997 831 4066 quiescere.
862 3997 1016 4063 Quod
1045 3998 1190 4050 enim
1238 3997 1518 4063 dilatatur,
1570 4005 1916 4051 contractum

339 4089 630 4152 dilatatur;
661 4097 714 4142 et
748 4087 893 4156 quod
921 4088 1255 4153 extenditur,
1297 4096 1637 4141 contractum
1667 4086 1916 4140 extendi-

338 4189 426 4232 tur
454 4199 466 4232 :
501 4162 664 4248 atque
701 4179 844 4233 idem
876 4179 1094 4248 quidem
1112 4187 1212 4238 est,
1238 4177 1378 4231 nihil
1403 4188 1584 4232 autem
1617 4177 1762 4231 aliud
1785 4192 1918 4246 prte-

341 4277 421 4322 ter
446 4267 787 4321 all‘ectionem
823 4265 1119 4336 quamdam
1152 4266 1374 4336 patitur.
1410 4264 1598 4334 Itaque
1627 4265 1674 4319 si
1721 4261 1917 4321 Unitas

337 4363 580 4425 dilatata,
613 4358 758 4413 facta
795 4368 880 4414 est
907 4357 1178 4424 Trinitas;
1206 4360 1252 4413 si
1288 4359 1416 4413 item
1440 4357 1636 4414 Unitas
1676 4371 1762 4417 est
1805 4359 1911 4415 Pa-

341 4463 439 4518 ter,
469 4451 710 4504 Trinitas
735 4464 861 4504 vero
885 4459 968 4503 est
1000 4447 1180 4514 Pater,
1213 4447 1407 4515 Filius,
1427 4456 1481 4503 et
1521 4447 1758 4518 Spiritus
1781 4466 1912 4507 san-

412 4585 523 4655 (69)
565 4583 873 4655 διοίερτυπι
901 4584 1225 4655 sententiam
1250 4583 1341 4655 sic
1373 4584 1606 4655 explicat
1641 4583 1908 4655 Diogenes
1940 4591 1993 4652 υ

338 4652 586 4735 Laertius
609 4655 664 4735 in
694 4653 901 4735 Zenone
920 4663 1131 4735 ,‘prout
1159 4653 1284 4735 legit
1303 4652 1734 4735 JurstusnLipsius
1750 4652 1908 4735 'Pth-

337 4726 572 4794 siologiaz
603 4724 903 4794 Stoicorum
943 4725 1039 4778 lib.
1078 4723 1457 4794 x1,dissertat.
1494 4723 1558 4778 6:
1584 4723 1822 4793 Λέγουσι
1850 4723 1910 4779 δὲ

336 4793 538 4866 κόσμον
579 4793 782 4867 τριχῶς
805 4809 818 4823 ·
854 4794 1014 4867 αὐτόν
1037 4793 1220 4867 τε-τὺν
1257 4793 1398 4867 ,Θεὸν
1446 4794 1550 4867 τὸν-
1564 4795 1662 4863 τῆς
1683 4795 1908 4867 λὰπάσης

336 4862 520 4928 οὐσίας
557 4862 825 4934 ἰδιοποιὸν,
855 4864 913 4927 ὃς
936 4865 999 4933 δὴ
1025 4862 1300 4934 ἄφθαρτός
1322 4866 1438 4917 ἐστι
1471 4865 1564 4934 καὶ
1594 4862 1907 4934 ἀγέννητος,

335 4935 666 5007 δημιουργὸςΔ
683 4933 761 5007 ὢν
784 4935 882 5007 τῆς
903 4933 1333 5007 διακοσμήσεως,
1357 4933 1496 5007 κατᾲ
1521 4933 1909 5007 χρόνων-ποιὰς

336 5002 614 5076 περιόδους
647 5003 956 5076 ἀναλίσκων
980 5005 1059 5066 είς
1089 5004 1277 5076 ἑαυτὸν
1296 5002 1413 5076 λτὴν
1453 5002 1670 5076 ἃπασαν
1696 5004 1904 5067 οὐσίαν,

337 5072 430 5127 καίι
461 5075 620 5127 πάλιν
665 5074 725 5137 ἐξ
769 5073 959 5126 ἐαυτοῦ
988 5073 1209 5140 γεννῶν.
1254 5072 1306 5124 ΙιΙ
1349 5083 1453 5134 est,
1489 5073 1747 5124 Mundam.
1789 5090 1907 5126 vero

337 5145 616 5212 triplicitcr
647 5145 828 5196 dicunt
863 5158 880 5195 :
921 5147 1092 5210 primo
1121 5145 1292 5211 ipsum
1318 5142 1503 5206 Deum,
1545 5144 1800 5196 universa:
1827 5159 1909 5196 es-

335 5219 516 5268 sentia:
546 5215 814 5282 proprium
845 5213 1162 5280 effectorem,
1187 5213 1418 5280 quisane
1447 5213 1798 5280 corruptionis
1819 5228 1912 5265 ex-

335 5301 450 5352 pers
484 5295 557 5336 est
596 5295 644 5336 et
689 5285 973 5350 ingenitus,
1001 5285 1203 5335 ordinis
1239 5294 1287 5334 et
1336 5284 1696 5350 dispositionis
1732 5299 1906 5336 rerum

336 5355 531 5424 opifex,
573 5370 663 5422 prr
696 5362 862 5406 certas
897 5363 1188 5421 temporum
1234 5353 1474 5424 periodos
1523 5354 1820 5406 universam
1851 5355 1906 5404 in

334 5423 554 5491 seipsun
595 5424 868 5476 absumens
903 5427 1202 5485 essentiam,
1223 5423 1514 5491 iterumque
1547 5437 1610 5475 ea:
1633 5423 1803 5489 seipso
1821 5424 1904 5492 gi-

333 5511 513 5564 gnens.
546 5493 761 5564 Sttitlas
791 5495 969 5564 habet,
1005 5493 1157 5555 Θεὸν,
1195 5493 1286 5545 καὶ
1315 5493 1406 5564 τὸν
1433 5495 1669 5564 ἁπάσης,
1704 5501 1817 5564 etc.
1840 5492 1897 5545 In

331 5561 569 5617 editione
603 5561 818 5615 Henrici
855 5562 1115 5631 Stephani
1148 5578 1276 5615 ann.
1309 5563 1466 5628 1570,
1516 5561 1777 5617 mendose
1807 5563 1902 5616 ha-

331 5633 509 5697 betur,
539 5632 628 5684 τὸν
649 5634 712 5684 ἐκ
734 5635 843 5702 τῆς
864 5633 1080 5701 ἁπάσης
1109 5632 1294 5696 οὐσίας
1319 5635 1488 5701 ποιόν,
1519 5635 1604 5688 vel
1636 5641 1692 5687 ttt
1725 5634 1779 5688 in
1808 5647 1904 5686 n0-

331 5705 403 5758 tis
434 5703 777 5768 emendatur,
793 5701 796 5702 ⁷
811 5701 955 5766 ἰδίως
989 5702 1161 5754 ποιόν.
1527 5708 1536 5715 ‘

2099 3730 2186 3783 15.
2231 3726 2401 3781 Τοῦτο
2441 3727 2499 3780 δέ
2555 3725 2687 3789 ἴσως
2725 3727 2834 3780 ἀπὸ
2879 3727 2988 3780 τῶν
3019 3727 3274 3781 Στωϊκῶν
3327 3727 3570 3781 ὑπέλαϐε
3597 3768 3612 3790 ,

2025 3818 2516 3889 διαϐεϐαιουμένων
2553 3817 2933 3871 συστέλλεσθαι
2966 3819 3060 3872 καὶ
3075 3820 3236 3872 πάλιν
3270 3819 3616 3872 ἐκτείνεσθαι

2022 3909 2115 3961 τὸν
2147 3907 2278 3960 Θεὸν
2310 3906 2447 3977 μετὰ
2483 3905 2583 3975 τῆς
2613 3906 2864 3971 κτίσεως,
2909 3909 3002 3961 καὶ
3039 3909 3284 3980 ἀπείρως
3312 3909 3608 3964 παύεσθαι.

2023 4000 2097 4053 Τὸ
2129 3999 2238 4070 γὰρ
2281 3998 2687 4069 πλατυνόμενον
2719 3998 2828 4051 ἀπὸ
2879 4000 3195 4070 στενότητος
3237 3999 3568 4054 πλατύνεται
3592 4019 3606 4032 ·

2024 4093 2119 4145 κα)¹
2150 4093 2211 4145 τὸ
2239 4092 2616 4161 ἐκτεινόμενον
2666 4093 3096 4162 συνεσταλμένον
3146 4093 3447 4146 ἐκτείνεται
3468 4112 3481 4123 ·
3512 4095 3611 4148 καὶ

2024 4181 2156 4234 αὐτῆ
2192 4181 2291 4252 μὲν
2315 4180 2453 4243 ἔστι,
2485 4181 2651 4234 πλέον
2677 4182 2734 4234 δὲ
2771 4181 2923 4235 οὐδὲν
2957 4183 2989 4252 ἢ
3017 4181 3188 4245 πάθος
3218 4183 3499 4252 ὑπομένει.
3540 4185 3608 4237 Εἰ

2023 4273 2202 4325 τοίνυν
2231 4274 2264 4342 ἡ
2299 4272 2503 4336 Μονὰς,
2551 4271 2938 4334 πλατυνθεῖσα,
2978 4272 3169 4340 γέγονε
3213 4272 3384 4343 Τριὰς
3408 4290 3422 4303 ·
3471 4275 3504 4344 ἡ
3547 4274 3608 4328 δὲ

2017 4363 2202 4425 Μονάς
2250 4363 2398 4415 ἐστιν
2451 4365 2478 4416 6
2534 4363 2724 4435 Πατὴρ
2760 4404 2774 4427 ,
2833 4365 3003 4434 Τριὰς
3053 4364 3109 4416 δέ
3167 4366 3392 4436 Πατὴρ,
3450 4366 3604 4430 Υἱὸς,

2018 4454 2172 4524 ἅγιον
2219 4455 2334 4525 (75)
2383 4456 2609 4527 Πνεῦμα
2646 4472 2661 4487 ο
2719 4455 2936 4528 πρῶτον
2993 4458 3090 4527 μὲν
3150 4457 3515 4511 πλατυνθεῖσα
3567 4471 3602 4538 ἡ
3652 4529 3660 4543 Ι

2086 4587 2198 4658 (70)
2227 4586 2601 4658 ,Goblerianus
2624 4596 2678 4643 et
2698 4587 3048 4643 Fclckmanni
3081 4587 3292 4658 primus
3313 4590 3404 4644 hic
3431 4601 3490 4645 et
3515 4592 3608 4645 in-

2019 4656 2126 4729 ira,
2155 4656 2420 4729 δηλονότι.

2091 4727 2217 4800 (τι)
2246 4727 2445 4800 Regius
2469 4738 2522 4783 et
2552 4727 2917 4800 Seguerianus
2951 4729 3155 4783 addunt
3180 4729 3208 4780 6
3236 4729 3427 4798 Λόγος,
3452 4732 3602 4800 quod

2019 4798 2074 4852 in
2109 4798 2230 4852 aliis
2259 4806 2314 4851 et
2343 4799 2504 4853 editis
2533 4799 2705 4852 deest.

2090 4867 2202 4936 (72)
2245 4865 2336 4936 Sic
2367 4884 2504 4923 mss.
2530 4876 2584 4922 et
2617 4868 3080 4931 editio‘jCommel.

2086 4935 2199 5011 (75)
2240 4935 2600 5011 Qoblerianus
2621 4946 2675 5011 et
2702 4938 3593 5011 Εθιειίιιιιιιιιιιρτίιηυε,ὑπῆρξεν.

2013 5005 2215 5080 Ibidem
2240 5005 2371 5080 Reg.
2407 5005 2572 5080 Basil.
2609 5007 2845 5080 Anglic.,
2878 5010 2974 5080 Τίς
3005 5005 3097 5062 οὖν
3127 5013 3162 5080 ἡ
3192 5010 3372 5080 χρεία.
3409 5005 3516 5063 Alii
3543 5022 3603 5066 et

2014 5077 2181 5148 editio
2227 5075 2678 5148 Commeliniana,
2704 5075 2802 5140 Τίς
2850 5075 2942 5132 οὖν
2985 5075 3162 5148 χρείαξ
3194 5075 3341 5134 item
3389 5081 3596 5134 ibidem

2015 5145 2321 5216 Gdbleraet
2347 5146 2582 5216 Fclckm.
2615 5147 2666 5206 1.
2696 5149 2888 5202 τούτου
2914 5145 3186 5216 γενέσθαι.

2083 5216 2213 5288 (74)(
2239 5214 2490 5288 SicRegI
2523 5215 2750 5288 S'eguer.
2780 5214 2945 5274 Basil'.
2977 5229 3031 5273 et
3061 5221 3272 5288 Anglic.
3309 5220 3379 5274 At
3409 5223 3595 5276 cancri

2013 5298 2067 5357 et
2091 5287 2248 5357 editi,
2273 5286 2367 5339 καὶ
2401 5288 2529 5357 γάρ,
2559 5298 2662 5340 etc.
2702 5287 2823 5342 Mox
2851 5289 2917 5342 ad
2954 5286 3251 5357 marginem
3283 5289 3416 5357 Reg.
3463 5291 3590 5357 Seg.

2015 5305 2067 5339 et
2091 5305 2242 5342 eutu.
2273 5305 2367 5339 και
2401 5305 2529 5409 γαρ,
2559 5305 2662 5340 etc.
2702 5305 2823 5342 mox
2851 5305 2917 5342 aa
2954 5305 3251 5357 marginem
3283 5305 3416 5359 ιιι-ς.
3463 5305 3590 5360 beg.

2015 5355 2179 5436 Dasil.
2211 5354 2368 5436 Go_bl.
2399 5368 2451 5409 et
2520 5357 2868 5436 elcknlﬁharc
2902 5360 3436 5436 legu_ntur;‘zdt_nap‘t
3461 5361 3598 5436 51_6—_

2012 5425 2193 5499 ϐάτων
2215 5427 2308 5478 καὶ
2339 5427 2685 5499 περιτομῆς(
2709 5425 2872 5482 Basil.
2905 5423 3076 5499 τομῆς
3101 5432 3117 5499 )
3146 5423 3248 5484 ὦδε
3272 5423 3500 5482 έκείντο.
3538 5430 3596 5484 Id

2009 5505 2110 5557 est,
2153 5495 2436 5549 Tractatus
2459 5495 2785 5551 de’subb‘atis
2824 5510 2873 5552 et
2926 5495 3326 5554 circumcisione
3367 5500 3452 5552 hic
3492 5515 3594 5553 cz-

2011 5569 2210 5618 stabat.
2248 5564 2323 5635 De
2349 5581 2415 5619 eo
2445 5583 2670 5635 agemus
2701 5585 2802 5622 suo
2823 5570 2966 5626 loco.

2017 5703 2040 5718 ν
2085 5635 2198 5704 (75)
2242 5633 2331 5691 Sic
2366 5633 2564 5708 Regius
2593 5646 2645 5692 et
2673 5637 2990 5708 Seguerian.
3021 5641 3090 5695 At
3116 5641 3209 5695 alii
3241 5649 3296 5695 et
3319 5639 3469 5707 editi,
3497 5637 3598 5695 καὶ

2015 5720 2186 5773 αγιον.
