3834 6220
227 297 336 356 ιεε

1351 287 1610 350 ORATIO
1647 296 1716 352 Ν
1754 295 2040 352 CONTRA
2077 297 2406 354 ARIANOS.

3402 292 3511 359 485

227 413 438 477 Μονὰς,
472 411 644 474 πάθος
684 413 964 482 ὑπέμεινε,
995 411 1090 464 καὶ
1122 409 1346 478 γέγονεν
1391 411 1529 481 ὅπερ
1565 409 1666 463 οὐκ
1700 405 1770 481 ἦν

1923 419 2080 466 ctus:
2115 412 2295 481 primo
2332 412 2581 480 sequitur
2637 421 2698 465 ut
2751 410 2975 465 dilatata
3023 407 3216 466 Unitas
3267 411 3508 482 aliquam

228 503 545 574 ὲπλατύνθη
580 505 688 574 γάρ
729 506 828 559 οὐκ
856 503 994 558 οὖσα
1023 504 1281 558 πλατεῖαο
1313 504 1504 557 ἔπειτα
1537 506 1585 556 εἰ
1618 504 1754 574 αὐτὴ
1784 505 1818 574 ἡ

228 598 419 660 Μονὰς
467 598 776 670 ὲπλατύνθη
809 599 889 662 εἰς
921 598 1150 669 Τριάδα,
1183 597 1356 668 Τριὰς
1385 598 1443 650 δέ
1484 599 1600 650 ἐστι
1628 598 1820 668 Πατὴρ

227 690 322 741 καὶ
350 688 480 752 Υἱὸς
516 688 627 759 (76)
658 691 754 742 καὶ
793 691 946 757 ἆγιον
983 688 1210 758 Πνεῦμα
1239 703 1251 715 ·
1304 690 1334 741 6
1373 687 1536 750 αὐτὸς
1576 688 1683 758 ἄρα
1709 689 1820 740 Πα-

225 781 334 850 τὴρ
365 779 564 847 γέγονε
615 782 710 833 καὶ
748 781 876 844 Υἱὸς
923 781 1017 835 καὶ
1055 779 1280 859 Πνεῦμα
1309 778 1450 832 κατὰ
1484 779 1769 833 Σαϐέλλιον
1801 796 1814 809 ·

226 871 388 934 ἐκτὸς
415 873 466 923 εἰ
501 871 574 943 μὴ
601 875 633 943 ὴ
664 873 932 942 λεγομένη
975 873 1106 944 παρ’
1143 873 1293 944 αὐτῷ
1322 871 1506 935 Μονάς
1547 873 1657 944 (77)
1690 874 1819 928 ἄλλο

224 961 278 1013 τί
312 964 433 1013 ἐστι
470 963 622 1033 παρὰ
657 962 750 1015 τὸν
779 963 1020 1035 Πατέρα.
1056 964 1169 1017 Οὐκ
1197 963 1278 1017 ἔτι
1310 959 1403 1017 οῦν
1450 963 1817 1018 πλατύνεσθαι

225 1052 334 1105 ἔδει
363 1053 547 1120 λέγειν
577 1053 715 1123 (78),
747 1053 861 1107 ἀλλ’
886 1056 920 1124 ἡ
944 1053 1126 1116 Μονὰς
1156 1053 1324 1124 τριῶν
1356 1054 1635 1125 ποιητικὴ,
1675 1053 1816 1107 ὥστε

224 1140 368 1198 εἶναι
394 1146 634 1209 Μονάδα,
669 1141 787 1200 εἶτα
816 1147 911 1200 καὶ
935 1147 1174 1218 Πατέρα,
1215 1147 1308 1199 καὶ
1340 1146 1489 1211 Υἱὸν,
1521 1147 1617 1200 καὶ
1649 1146 1818 1201 Πνεῦ-

227 1253 326 1304 μα.
366 1238 431 1288 Εἰ
464 1237 574 1308 γὰρ
618 1236 923 1307 ὲπλατύνθη
967 1237 1128 1310 αῦτη,
1163 1237 1258 1291 καὶ
1293 1237 1556 1304 ἐξέτεινεν
1592 1238 1813 1310 ἑαυτὴν,

224 1328 368 1398 αὐτὴ
406 1327 473 1380 ἂν
503 1329 610 1397 εἴη,
646 1329 782 1398 ὅπερ
823 1327 1074 1399 ἐξετάθη.
1108 1329 1218 1380 Καὶ
1259 1328 1427 1398 Τριὰς
1457 1329 1554 1399 μὲν
1586 1329 1818 1382 πλατυν-

225 1419 388 1472 θεῐσα
422 1420 526 1472 οὐκ
550 1419 630 1472 ἐτι
652 1419 840 1482 Μονάς
872 1421 989 1472 εστι
1010 1434 1023 1446 ·
1071 1420 1258 1482 Μονὰς
1297 1419 1352 1472 δὲ
1395 1415 1527 1472 οῦσα
1566 1419 1719 1474 οὔπω
1746 1417 1816 1492 ἦν

224 1513 424 1582 Τριὰς.
442 1512 588 1565 Καὶό
605 1512 796 1582 Πατὴρ
812 1511 921 1584 ἄρα
934 1512 1008 1566 ὢν
1024 1511 1082 1564 οὗ
1093 1531 1176 1565 πω
1199 1508 1266 1583 ἦν
1296 1512 1419 1575 Υἱὸς
1439 1514 1533 1566 καὶ
1552 1511 1778 1584 Πνεῦμα
1798 1531 1810 1543 ·

224 1604 524 1673 γενόμενος
549 1603 608 1656 δὲ
634 1603 828 1669 ταῦτα,
845 1605 947 1658 οὐκ
973 1604 1052 1657 ἔτι
1069 1604 1259 1676 Πατὴρ
1283 1605 1442 1675 μόνον
1472 1605 1606 1659 ἐστί.
1629 1605 1816 1659 Ταῦτα

221 1694 280 1747 δὲ
305 1695 780 1765 καταψευδόμενος
809 1695 874 1750 ἄν
913 1713 998 1759 τις
1029 1696 1172 1749 εἴποι
1193 1737 1208 1761 ,
1231 1695 1325 1748 τοῦ
1353 1695 1488 1749 Θεοῦ
1525 1695 1685 1767 σῶμα
1719 1696 1813 1749 καὶ

1922 518 2084 572 passa
2111 503 2182 556 sit
2213 501 2578 567 affectionem,
2615 499 2868 570 factaque
2924 500 2993 554 sit
3020 501 3168 570 quod
3209 516 3318 554 non
3346 511 3464 557 erat
3491 519 3505 556 :

1924 595 2193 664 siquidem
2218 595 2442 649 dilatata
2478 601 2561 648 est
2582 609 2704 663 qua:
2729 593 2838 647 lata
2874 608 2984 647 non
3017 602 3160 647 erat.
3193 591 3424 661 Deinde,
3455 595 3507 650 si

1921 687 2038 756 ipsa
2063 684 2257 740 Unitas
2288 687 2342 739 in
2369 685 2694 739 Trinitatem
2743 686 2966 739 dilatata
3012 695 3118 750 est,
3157 685 3508 756 Trinitasque

1919 778 2080 834 Pater
2107 789 2193 835 est
2236 789 2290 834 et
2320 779 2493 834 Filius
2523 790 2577 832 et
2622 779 2859 847 Spiritus
2892 789 3155 832 sanctus:
3209 779 3326 849 ipse
3374 795 3506 850 ergo

1920 870 2082 926 Pater
2109 870 2288 926 factus
2327 879 2412 925 est
2443 878 2497 924 et
2525 868 2699 924 Filius
2727 877 2782 922 et
2805 868 3062 938 Spiritus,
3110 877 3170 922 ut
3205 869 3371 925 sentit
3405 869 3508 924 Sa-

1920 963 2140 1028 bellius;
2167 963 2272 1016 nisi
2298 961 2439 1016 forte
2465 959 2661 1015 Unitas
2705 975 2871 1030 quam
2925 962 3014 1015 ille
3043 969 3371 1031 propugnat,
3406 963 3508 1016 ali--

1919 1056 2049 1126 quid
2078 1055 2150 1108 sit
2171 1053 2318 1108 aliud
2352 1061 2548 1122 prazter
2569 1051 2805 1106 Patrem.
2833 1053 3004 1123 igitur
3036 1068 3146 1107 non
3171 1053 3284 1122 jam
3312 1051 3506 1109 Unitas

1918 1145 2139 1199 dilatari
2163 1145 2389 1198 dicenda
2414 1151 2550 1208 erat,
2571 1141 2665 1196 scd
2684 1142 2849 1195 trium
2885 1140 3062 1210 potius
3085 1157 3207 1195 esse
3235 1141 3504 1209 effectrix,

1920 1238 1995 1291 ita
2032 1247 2088 1289 ut
2115 1235 2294 1305 primo
2318 1236 2389 1289 sit
2418 1234 2632 1300 Unitas,
2665 1234 2863 1289 deinde
2901 1242 2955 1287 et
2987 1233 3147 1288 Pater
3169 1275 3183 1298 ,
3232 1243 3286 1288 et
3334 1234 3506 1289 Filius

1918 1337 1972 1381 et
1996 1325 2250 1396 Spiritus.
2285 1325 2424 1380 Nam
2455 1327 2498 1381 si
2534 1326 2650 1396 ipsa
2693 1325 2921 1380 dilatata
2953 1336 3060 1391 εει,
3107 1341 3277 1394 seque
3330 1325 3504 1395 ipsam

1917 1419 2180 1486 extendit,
2206 1420 2324 1489 ipsa
2361 1435 2495 1474 sane
2527 1419 2695 1473 fuerit
2746 1419 2802 1473 id
2851 1419 3001 1489 quod
3062 1428 3351 1473 extensum
3399 1428 3502 1472 εει.

1918 1511 2150 1567 Dilatata
2179 1513 2410 1581 proinde
2441 1511 2706 1579 Trinitas,
2743 1528 2851 1567 non
2876 1511 3114 1581 amplius
3165 1519 3250 1565 est
3285 1508 3504 1588 Unitas,

1918 1620 2041 1674 quae
2071 1620 2195 1660 cum
2232 1613 2377 1660 esset
2399 1604 2616 1669 Unitas,
2643 1606 2885 1660 nondum
2914 1603 3158 1659 Trinitas
3197 1613 3315 1658 erat
3345 1623 3358 1658 :
3396 1604 3506 1674 igi-

1921 1705 2007 1749 tur
2038 1711 2162 1750 cum
2187 1696 2314 1750 item
2359 1696 2516 1750 Pater
2553 1706 2725 1764 esset,
2782 1697 3025 1750 nondum
3083 1704 3206 1750 erat
3244 1696 3418 1750 Filius
3451 1704 3507 1750 ct

223 1786 474 1856 παθητὸν
493 1787 654 1841 αὑτὸν
670 1787 904 1856 εἰσάγων
919 1805 933 1818 ο
951 1787 1004 1840 τί
1021 1787 1129 1856 γάρ
1147 1789 1263 1840 ἐστι
1285 1787 1644 1842 πλατύνεσθαι
1663 1789 1696 1860 ἢ
1715 1787 1789 1842 πά

1919 1785 2310 1858 Spiritus,-qui
2346 1789 2504 1844 Pater
2553 1799 2844 1858 postquam
2881 1788 2984 1842 ista
3042 1788 3222 1842 factus
3251 1797 3354 1854 est,
3391 1803 3503 1842 non

221 1879 316 1942 θος
333 1879 429 1932 τοῦ
448 1880 876 1950 πλατυνομένου;
897 1881 968 1933 Ἦ
982 1881 1035 1934 τί
1056 1882 1171 1934 ἐστι
1188 1881 1247 1934 τὸ
1262 1880 1660 1951 πλατυνόμενον
1674 1882 1808 1951 (79),

219 1971 255 2041 ἢ
284 1971 344 2024 τὸ
380 1973 643 2044 πρότερον
669 1972 743 2044 μὴ
793 1971 1047 2035 τοιοῦτον,
1084 1972 1221 2026 ἀλλὰ
1272 1973 1456 2026 στενὸν
1501 1973 1806 2044 τυγχάνον;

218 2063 422 2116 ταύτὸν
461 2064 571 2135 γάρ
603 2066 717 2116 ἐστι
745 2063 922 2136 χρόνῳ
963 2064 1119 2134 μόνον
1151 2064 1406 2134 διαφέρον
1438 2065 1632 2118 ἑαυτοῦ
1670 2065 1803 2136 (80),

1912 1879 2027 1949 jam
2059 1891 2273 1934 tantum
2330 1880 2495 1935 Pater
2520 1890 2625 1935 est.
2662 1881 2864 1937 Verum
2917 1897 3080 1936 nemo
3112 1883 3228 1936 haec
3261 1881 3459 1935 dixerit
3483 1919 3502 1941 ,

1918 1974 2024 2028 nisi
2051 1973 2144 2043 qui
2176 1989 2377 2043 corpus
2402 1973 2512 2028 Deo
2546 1975 2683 2029 false
2725 1973 2964 2043 aflingat,
3014 1989 3252 2044 eumque
3298 1972 3501 2042 patibi-

1914 2064 2018 2118 lem
2045 2072 2299 2118 naturam
2337 2065 2538 2118 habere
2561 2065 2882 2120 arbitretur.
2909 2063 3052 2129 Quid
3083 2064 3227 2119 enim
3253 2075 3334 2119 est
3362 2065 3502 2118 dila-

224 2160 327 2211 tari
358 2174 526 2228 quam
554 2160 738 2228 passio
765 2175 860 2214 seu
890 2160 1105 2214 affectio
1130 2161 1206 2214 rei
1244 2161 1516 2215 dilatatze?
1543 2160 1640 2214 Vel
1667 2161 1795 2230 quid
1837 2168 1922 2214 est
1950 2174 2038 2214 res
2060 2159 2308 2218 dilatata.
2371 2175 2536 2228 quam
2587 2175 2709 2228 qua:
2757 2169 2919 2213 antea
2971 2174 3079 2212 non
3133 2159 3450 2229 hujusmodi
3477 2199 3493 2225 ,

220 2253 317 2307 sed
343 2263 625 2308 contracta
650 2253 808 2306 erat?
841 2252 1038 2306 Eadem
1068 2253 1268 2322 quippe
1307 2263 1408 2318 est,
1444 2253 1670 2323 soloque
1704 2253 1963 2322 temporis
1996 2253 2170 2320 spatio
2198 2268 2228 2306 a
2253 2253 2431 2320 seipsa
2455 2251 2653 2305 differt.

295 2345 388 2398 14.
429 2344 600 2398 Τοῦτο
637 2344 732 2398 καὶ
762 2347 791 2397 6
829 2343 1258 2414 θεῖοςγινὼσκει
1299 2345 1620 2408 ’Λπόστολος
1665 2345 1803 2417 πρὸς

219 2434 549 2506 Κορινθίους
597 2435 924 2489 ἐπιστέλλων
963 2453 977 2468 ο
1037 2435 1136 2504 Μὴ
1206 2437 1678 2504 στενοχωρεῖσθε
1734 2437 1806 2490 ἐν

218 2527 402 2596 ἡμῖν·
439 2528 820 2592 πλατύνθητε
853 2526 921 2579 δὲ
950 2527 1048 2580 καὶ
1087 2527 1278 2596 ὑμεῖς,
1313 2528 1630 2596 Κορίνθιοι.
1666 2529 1805 2590 Τοὺς

218 2618 332 2689 γὰρ
359 2620 558 2681 αὐτοὺς
585 2619 694 2672 ἀπὸ
731 2619 1045 2690 στενότητος
1078 2621 1158 2683 εἰς
1189 2619 1503 2690 πλατυσμὸν
1541 2619 1806 2690 μεταϐάλ-

217 2705 336 2760 λειν
377 2705 761 2776 συμϐουλεύει.
799 2708 1009 2777 Ὥσπερ
1053 2707 1110 2761 δὲ
1153 2709 1202 2760 εἰ
1243 2707 1356 2778 (81)
1390 2707 1803 2778 ὲπλατύνθησαν

221 2795 389 2848 πάλιν
439 2795 716 2868 Κορίνθιοι
763 2797 856 2849 καὶ
903 2796 1440 2867 στενοχωρούμενοι,
1490 2798 1592 2850 ούκ
1654 2797 1804 2851 ἄλλοι

219 2886 540 2958 ἐτύγχανον,
582 2887 718 2941 ἀλλὰ
755 2887 917 2942 πάλιν
948 2883 1087 2958 ἦσαν
1125 2889 1401 2959 Κορίνθιοι
1423 2906 1436 2919 °
1481 2889 1654 2953 οὕτως
1692 2891 1740 2943 εἰ
1776 2893 1806 2944 6

219 2979 416 3048 Πατὴρ
449 2977 755 3048 ὲπλατύνθη
781 2978 860 3039 εἰς
881 2977 1107 3048 Τριάδα,
1133 2979 1166 3047 ἡ
1202 2977 1372 3049 Τριὰς
1405 2977 1566 3030 πάλιν
1600 2978 1746 3030 ἐστὶν
1775 2979 1803 3030 6

1982 2344 2070 2401 14.
2113 2343 2169 2397 ld
2196 2359 2304 2396 non
2329 2343 2613 2412 ignorabat
2637 2342 2857 2397 divinus
2885 2343 3178 2412 Apostolus
3207 2345 3301 2414 qui
3330 2345 3402 2400 ita
3429 2345 3499 2401 ad

1909 2435 2224 2490 Corinthios
2258 2436 2488 2490 scribit:
2548 2434 2670 2488 Non
2722 2437 3158 2505 coangustamiui
3207 2439 3260 2490 in
3293 2437 3442 2492 nobis
3477 2454 3498 2493 :

1909 2528 2218 2582 dilatamim’
2246 2543 2384 2592 vero,
2419 2537 2468 2580 et
2490 2543 2577 2582 vos
2607 2525 2872 2581 Corinthii
2897 2527 2962 2580 ⁸⁵.
2989 2526 3115 2582 111οε
3144 2529 3354 2583 scilicet
3379 2531 3499 2584 hor-

1908 2621 2126 2675 tabatur
2158 2630 2218 2673 ut
2266 2620 2334 2673 ab
2368 2620 2621 2689 angustia
2659 2620 2713 2672 in
2749 2619 3098 2673 latitudinem
3135 2635 3193 2674 se
3221 2619 3495 2676 transfer-

1909 2718 2053 2766 rent.
2085 2707 2154 2764 Ut
2205 2718 2385 2763 autem
2419 2710 2465 2763 si
2511 2712 2859 2790 coangustati
2903 2711 3220 2777 Corinthii,
3281 2712 3495 2768 dilatati

1910 2810 2098 2871 postea
2121 2811 2325 2864 essent,
2357 2815 2466 2855 non
2498 2802 2591 2855 alii
2630 2801 2794 2874 497
2827 2803 2921 2857 sed
2955 2802 3228 2857 Corinthii
3281 2820 3497 2874 semper

1911 2892 2184 2948 fuissent:
2219 2895 2288 2947 ita
2325 2894 2370 2948 si
2400 2893 2560 2948 Pater
2601 2895 2656 2948 in
2687 2894 3012 2949 Trinitatem
3061 2895 3321 2950 dilatatus
3365 2905 3450 2951 est
3475 2936 3492 2959 ,

1912 2995 2061 3040 certe
2091 2985 2332 3041 Trinitas
2365 2986 2516 3040 solus
2543 3001 2739 3042 rursus
2763 2996 2846 3041 est
2872 2986 3054 3041 Pater.
3095 2986 3241 3041 Idem
3295 2988 3493 3043 iterum
3589 3010 3600 3018 ·

219 3069 416 3138 Πατὴρ
452 3067 629 3137 μόνος.
678 3067 751 3119 Τὸ
781 3067 913 3121 αὐτὸ
946 3067 1003 3119 δὲ
1045 3067 1207 3120 πάλιν
1252 3068 1449 3139 φησὶν,
1494 3069 1554 3124 Ἠ
1591 3069 1789 3138 καρδία

1908 3078 2001 3142 ait,
2021 3077 2126 3131 Cor
2154 3085 2393 3131 nostrum
2417 3078 2707 3142 dilatatam
2734 3088 2812 3132 est
2843 3079 2910 3133 ⁵⁸.
2931 3078 3045 3134 Νοε
3065 3079 3194 3134 item
3224 3079 3376 3146 dicit,
3398 3079 3494 3134 Di-

216 3157 401 3228 midi-af
453 3159 864 3213 πεπλάτυνται
901 3157 1014 3228 (82)
1042 3175 1055 3188 ·
1092 3159 1185 3212 καὶ
1215 3160 1244 3211 ὁ
1286 3158 1408 3212 Νῶε
1441 3159 1608 3228 λέγει,
1639 3163 1789 3213 Πλα-

1908 3167 2031 3224 Ιαιει
2057 3167 2196 3220 Deus
2227 3166 2420 3237 Japltet
2455 3169 2524 3222 ⁵⁷.
2559 3168 2839 3237 Siquidem
2880 3169 3022 3223 idem
3065 3185 3181 3234 cor,
3237 3171 3493 3240 idemque

217 3253 396 3306 τύναι
429 3255 463 3305 ό
502 3251 647 3317 Θεὸς
666 3251 748 3315 τῷ
792 3250 978 3318 Ὶάφεθ
1001 3267 1014 3280 ⁶
1051 3252 1082 3323 ή
1117 3250 1254 3322 αὐτὴ
1277 3251 1384 3322 γὰρ
1410 3251 1606 3322 καρδία
1645 3252 1738 3306 καὶ
1771 3253 1789 3304 ἐ

1908 3267 1990 3313 εει
2021 3257 2216 3328 Japhet
2257 3261 2308 3312 in
2334 3261 2672 3315 dilatatione.
2702 3259 2757 3314 Si
2783 3277 2912 3331 ergo
2953 3259 3150 3316 Unitas
3199 3262 3490 3326 dilatavit,

216 3345 386 3407 αὐτὸς
432 3343 609 3412 Ἰάφεο
651 3344 799 3396 ἐστὶν
839 3345 898 3397 ὲν
935 3342 1014 3412 τῷ
1042 3343 1366 3414 ἰτλιιτυσμῷ⁵
1400 3345 1464 3396 Ei
1511 3345 1608 3415 μὲν
1642 3341 1732 3398 οῦν
1765 3347 1789 3416 ἦ

1908 3362 1970 3401 ea
1991 3363 2123 3402 sane
2148 3348 2309 3402 fuerit
2337 3349 2574 3418 idipsum
2598 3350 2744 3418 quod
2770 3351 3053 3404 dilatatum
3078 3359 3181 3404 est.
3202 3349 3340 3416 Quid
3359 3367 3490 3405 vero

215 3434 407 3498 Μονὰς
463 3434 779 3500 ἐπλάτυνεν,
833 3435 1012 3498 ἄλλοις
1057 3435 1124 3490 ἂν
1165 3436 1461 3490 ἐπλάτυνεν
1487 3453 1500 3466 ο
1539 3439 1587 3490 εἰ
1617 3437 1673 3490 δὲ
1704 3437 1789 3490 αύ-

1908 3439 2042 3493 illutl
2067 3450 2144 3494 est
2178 3448 2373 3509 praeter
2404 3441 2603 3494 Filium
2649 3450 2702 3496 et
2738 3440 3004 3511 Spiritum
3035 3444 3332 3498 sanctum?
3363 3443 3484 3502 Non

213 3525 286 3597 τὴ
310 3526 439 3596 ’(85)
484 3527 780 3582 ἐπλάτυνεν
819 3527 955 3599 (84),
997 3528 1133 3600 αὐτὴ
1171 3528 1237 3582 ἂν
1285 3529 1408 3601 εἴη,
1452 3529 1588 3600 ὅπερ
1629 3529 1789 3582 ὲπλα-

1908 3532 2006 3588 abs
2037 3547 2096 3587 re
2123 3543 2303 3586 autem
2332 3533 2436 3588 erit
2487 3549 2610 3588 eum
2665 3534 2757 3603 qui
2793 3536 2867 3589 ita
2901 3535 3067 3590 sentit
3106 3537 3444 3608 interrogare
3467 3579 3485 3607 ,

212 3615 408 3687 τύνθη.
439 3617 504 3670 Τί
535 3617 593 3670 δέ
614 3619 759 3671 ἐστιν
784 3618 817 3689 ἢ
846 3621 874 3672 6
902 3619 1030 3682 Υἱὸς
1052 3621 1144 3672 καὶ
1173 3620 1398 3691 Πνεῦμα
1421 3621 1608 3688 ἅγιον;
1650 3621 1789 3693 Ἐρέ·

1908 3624 2122 3692 quinam
2149 3625 2219 3677 sit
2244 3623 2559 3692 hujusmodi
2592 3624 2931 3681 dilatationis
2964 3627 3216 3692 effectus,
3262 3631 3348 3684 vel
3383 3646 3481 3699 po-

216 3707 342 3761 σθαι
387 3709 446 3762 δὲ
487 3708 596 3781 (85)
629 3709 791 3764 αὑτὸν
820 3709 1043 3763 τοιαῦτα
1083 3710 1332 3780 λέγοντα,
1377 3712 1576 3765 καλόν·
1633 3714 1728 3776 Τίς
1763 3715 1789 3784 ἡ

1908 3716 2008 3770 tius
2038 3715 2177 3786 (ipsa
2207 3717 2375 3770 veluti
2401 3733 2589 3772 coram
2618 3719 2896 3788 veritate),
2937 3735 3034 3774 cur
3084 3722 3312 3775 omnino
3342 3723 3482 3777 dila-

210 3800 471 3870 ὲνέργεια
497 3800 591 3854 τοῦ
629 3801 872 3855 τοιούτου
902 3801 1259 3873 πλατυσμοῦ;
1303 3803 1360 3873 ἢ,
1397 3803 1472 3866 ὡς
1510 3804 1598 3855 ἐπ’
1627 3803 1789 3873 αὐτῆς

1908 3815 2012 3861 tata
2035 3805 2230 3862 Uuitas
2267 3807 2383 3863 sit?
2414 3808 2570 3875 Quod
2597 3810 2740 3865 enim
2776 3826 2886 3864 non
2934 3811 3078 3866 idem
3114 3823 3318 3879 manet,
3385 3815 3481 3870 sed

207 3889 497 3961 ἀληθείας,
533 3889 622 3944 διὰ
651 3891 703 3943 τί
733 3890 871 3955 ὅλως
905 3891 1213 3964 ἑπλατύνθη
1237 3908 1252 3958 ;
1293 3892 1366 3945 Τὸ
1394 3892 1503 3964 γὰρ
1531 3892 1605 3964 μὴ
1633 3894 1789 3964 μένον

1908 3907 2087 3964 postea
2134 3896 2415 3963 dilatatur,
2457 3912 2680 3954 causam
2725 3899 2924 3954 habeat
2976 3915 3200 3955 necesse
3249 3911 3332 3956 est
3387 3919 3480 3972 per

281 4025 329 4060 ⁵⁵
367 4023 413 4077 11
439 4025 567 4080 Cor.
601 4042 674 4092 vi,
714 4027 796 4080 12.
874 4028 921 4060 ⁵⁸
959 4028 1091 4084 ibid.
1124 4029 1209 4084 11.
1287 4029 1335 4073 ⁸⁷
1373 4029 1508 4084 Gen.
1546 4047 1623 4098 Ix,
1651 4031 1741 4084 27.

285 4162 640 4237 (76)_Regius
671 4176 726 4222 et
760 4168 1148 4237 Seguerianus,
1178 4171 1271 4225 καὶ
1301 4171 1446 4236 Υἱός.
1484 4171 1543 4228 In
1576 4175 1697 4230 aliis
1732 4185 1787 4232 et

204 4231 563 4312 (ΞόίιίερεεεῖΔ
583 4239 695 4291 καί.
733 4231 934 4312 ibidem
970 4240 1101 4312 Reg.
1133 4231 1279 4312 'Seg.
1313 4231 1527 4298 Cobler.
1563 4247 1592 4298 6
1624 4231 1784 4311 αὐτὸς

205 4301 338 4372 ἄρα.
375 4303 564 4359 Οεειενί
596 4315 649 4360 ει
683 4309 810 4362 editi
839 4312 866 4362 6
893 4301 1171 4365 omittunt.

1964 4179 2078 4249 (82)
2121 4179 2212 4235 Sic
2263 4197 2398 4237 mss.
2431 4190 2487 4237 ει
2533 4183 2700 4238 cditio
2749 4182 3181 4238 Commeliniana
3227 4191 3286 4237 ut
3321 4183 3473 4239 Scri-

1888 4264 2087 4326 ptume
2109 4260 2308 4326 textus.
2341 4253 2953 4326 Editio_autern_l’aris.
2987 4263 3040 4308 et
3067 4253 3286 4326 Colon.,
3320 4255 3478 4326 ὑμῶν

1889 4321 2214 4394 ἐπλατύνθη.
2247 4321 2374 4394 Mox
2423 4322 2624 4394 [legitis
2648 4333 2700 4377 et
2731 4323 3118 4394 Seglterianus,
3145 4323 3224 4394 τῷ
3269 4321 3471 4394 ⁹1άῲεθ,

281 4373 634 4464 (77))ξεβίιιε
657 4386 722 4459 _et
747 4377 1134 4464 Seguerianus,
1160 4384 1478 4464 ﬁdp'ﬂd‘tq).
1511 4385 1702 4464 Caneri
1728 4396 1782 4464 et

1908 4400 1947 4445 ιι
1973 4373 2028 4446 et
2057 4373 2220 4446 habet
2247 4373 2439 4449 vaga;
2458 4373 3474 4464 εὲρἱᾱέίιίιξῗἹῆιὲἑρἶὲὶξῖὶιιίεἷἨὲὶ

205 4443 743 4528 εριιί,⁷παρ⁹αὐτῷν.
771 4443 1018 4528 Nannius
1046 4443 1258 4528 videtur
1286 4443 1503 4528 legisse,
1534 4459 1665 4528 παρ’
1682 4459 1781 4512 αὕη

202 4519 330 4589 τῷ)
356 4530 482 4589 nam
523 4519 708 4589 Avertit,
750 4519 892 4589 apud
921 4519 1110 4589 Deum,
1144 4522 1240 4578 sed
1288 4519 1429 4580 male
1453 4545 1466 4580 :
1490 4519 1586 4582 hic
1618 4519 1780 4581 'enim

205 4581 482 4638 sabellius
521 4581 813 4645 indicatur.

276 4653 406 4735 (78)
434 4653 523 4735 Sic
562 4655 693 4727 Reg.
735 4658 860 4735 Seg.
898 4659 1063 4735 Rasil.
1092 4670 1147 4716 et
1187 4661 1470 4735 Anglican.
1501 4665 1570 4719 At
1609 4666 1700 4720 alii
1727 4675 1782 4721 et

201 4723 570 4807 editi,_.l‘6~{ov,_
593 4723 872 4807 mEndos'e.
907 4729 1080 4807 Paulo
1111 4743 1236 4801 post
1266 4723 1432 4790 Basil.
1461 4745 1514 4790 et
1539 4736 1776 4807 Anglic.,

199 4795 464 4871 και-ξιον
474 4798 584 4871 Δκαὶ
611 4799 764 4871 ἅγιον
793 4800 1036 4871 Πνεῦμα.

276 4864 390 4940 (7-9)
431 4864 537 4940 Sic
553 4864 752 4940 Regius
778 4878 833 4923 et
859 4864 1246 4940 Seguerianus.
1267 4871 1335 4928 At
1359 4874 1412 4927 in
1445 4875 1565 4930 aliis
1586 4885 1640 4930 et
1661 4876 1774 4930 edi-

198 4935 275 5057 tids
307 4935 462 5058 deelstt
479 4937 559 5058 16‘.
579 4935 958 5004 lbidem,ante
974 4941 1258 5015 πρότερον,
1289 4941 1452 5000 Basil.
1487 4955 1542 5000 et
1561 4947 1768 5017 Anglic.

198 5021 230 5057 τ
287 5020 399 5057 omn
452 5022 520 5058 un
552 5047 566 5058 .

198 5015 262 5057 το
287 5015 566 5061 omittunt.

273 5074 558 5152 (8_0)_Reg.
593 5076 817 5152 Seguer.
851 5079 1018 5136 Basil.
1048 5082 1330 5152 Anglican.
1355 5083 1560 5138 addunt
1587 5085 1771 5152 μόνον,

194 5142 1114 5226 ςοωςιήῇεηιῖ-εημόνῳ,-υιηηιη‹ιυε
1134 5142 1321 5226 autem
1344 5155 1518 5226 abest
1549 5142 1618 5210 ab
1651 5142 1773 5211 aliis

192 5223 250 5292 et
282 5215 475 5292 editis.
526 5215 748 5292 Ibidem:
781 5219 984 5292 Regius
1026 5215 1085 5276 et
1131 5221 1520 5292 Seguerianus,
1553 5226 1768 5280 ἑαυτοῦ.

192 5283 580 5362 Coblerianus,
611 5289 779 5360 αὐτῷ.
806 5283 998 5346 Οῶιετί
1032 5300 1086 5346 ει
1115 5283 1266 5356 editi,
1291 5294 1476 5347 αὑτοῦ.
1508 5283 1640 5362 Qua:
1672 5298 1774 5350 ibi-

190 5355 320 5434 dem
350 5367 676 5434 sequuntur,
706 5355 778 5434 ita
803 5370 1023 5434 exstant
1047 5362 1102 5416 in
1129 5355 1261 5433 Reg.
1298 5363 1422 5434 Seg.
1460 5355 1624 5421 Basil.
1655 5367 1770 5420 An-

191 5425 312 5492 glic.
361 5437 414 5509 et
456 5425 795 5509 elckrn._f,_
819 5431 912 5485 ubi
941 5430 1089 5509 S_eg_.,
1117 5425 1542 5509 στενοχωρῆσθε.
1576 5437 1768 5491 Caeteri

189 5510 333 5570 vero
351 5505 406 5549 et
433 5496 564 5570 editi
598 5501 678 5555 sic
709 5503 929 5566 habent,
951 5496 1122 5557 Τοῦτο
1142 5505 1237 5557 καὶ
1261 5496 1624 5570 όἎπόστολος
1657 5509 1768 5560 Κο-

190 5565 771 5646 ρινθίριςῇέπιστέλλων
803 5573 927 5646 ἔφη.
964 5571 1340 5646 Goblerianus,
1368 5576 1518 5646 φησί.

264 5638 378 5712 (81)
421 5635 511 5690 Sic
545 5637 744 5712 Regius
787 5653 841 5700 et

367 5645 378 5717 ρ
421 5645 511 5690 Sic
545 5645 744 5712 Regius
787 5653 841 5700 et
881 5645 1266 5714 Seguerianus.
1304 5647 1370 5699 At
1397 5645 1488 5700 alii
1517 5657 1573 5704 et
1614 5647 1764 5716 editi,

187 5709 237 5760 εἰ
273 5709 547 5763 amittunt.

1882 4485 2089 4540 braaum
2134 4493 2362 4549 textum,
2409 4471 2546 4546 n51“)
2581 4469 2761 4544 nm‘m
2795 4495 2922 4546 τῶν.
2948 4485 3145 4540 Caeteri
3175 4501 3306 4540 vero
3335 4502 3468 4541 mss.

1883 4565 1937 4624 et
1960 4556 2110 4618 editi,
2136 4557 2227 4609 τὸν
2257 4554 2667 4624 ἸάφεθΝειῚιὴι
2698 4571 2823 4608 cum
2862 4557 3023 4609 iidem
3060 4573 3183 4609 mox
3211 4557 3468 4619 habeant,

1882 4623 2062 4694 ἄλλοις
2083 4625 2148 4678 ἂν
2169 4623 2487 4692 ἐπλάτυνεν,
2524 4641 2655 4688 non,
2684 4625 2892 4687 ἄλλους’
2948 4626 3231 4694 legendum
3264 4627 3469 4681 idcirco

1879 4696 1958 4765 τῷ
1990 4693 2188 4764 ’1ἁφεθ.
2223 4695 2386 4750 Recte
2422 4705 2604 4750 tamen
2638 4710 2733 4762 per
2762 4693 3136 4749 accusativum
3165 4697 3412 4748 redditur
3446 4715 3460 4751 :

1881 4763 2027 4835 hunc
2059 4767 2202 4835 enim
2234 4781 2423 4819 casum
2455 4767 2593 4835 regit
2617 4765 2841 4835 verbum
2865 4765 3138 4828 πλατύνω,
3163 4774 3238 4828 ει,
3268 4765 3456 4822 dilata.

1879 4833 2082 4916 ibidem
2118 4834 2320 4916 Regius
2351 4845 2405 4916 et
2440 4833 2891 4916 SeguerianusLﬁ
2934 4836 3071 4906 αὐτὴ
3103 4836 3211 4906 γὰρ
3243 4836 3459 4905 καρδία.

1877 4905 2065 4976 Aliiet
2093 4904 2246 4976 editi,
2276 4907 2308 4976 ἡ
2343 4904 2654 4976 αὐτοῦίγὰρ
2689 4904 2906 4975 καρδία.

1951 4975 2068 5046 (85)
2108 4975 2259 5046 Lege
2276 4975 2461 5029 αὐτοῦ.

1950 5045 2062 5116 (84)
2101 5045 2420 5117 Basiliensis
2454 5055 2508 5100 et
2539 5047 2892 5116 Anglicanus,
2927 5048 2975 5100 et
3006 5046 3062 5100 δὲ
3105 5049 3226 5117 τήν.
3264 5046 3460 5102 Οιειετὶ

1876 5115 2009 5189 mss.
2039 5127 2092 5170 et
2124 5115 2290 5189 editio
2317 5115 2748 5189 Commeliuiana
2791 5117 2994 5189 habent
3022 5115 3180 5189 αύτήζ
3222 5118 3330 5189 Sed
3355 5117 3455 5169 αὑ-

1873 5189 1947 5268 τῇ
1972 5187 2278 5268 legendum,
2302 5195 2360 5240 ut
2393 5196 2550 5241 antea
2587 5187 2784 5257 legitur
2809 5185 2888 5256 τῷ
2922 5186 3121 5255 meo,
3148 5185 3228 5245 ἐι.
3253 5187 3454 5270 ἄλλοις.

1873 5255 2075 5329 Ibidem
2110 5256 2275 5329 Basd.
2307 5265 2376 5329 et!
2396 5257 2749 5329 Anglicanus,
2774 5255 2912 5329 αῦτη
2947 5257 3145 5329 ἂνεῖη.
3174 5257 3335 5312 Forte
3357 5259 3454 5311 alt-

1874 5275 2075 5311 mluem
2110 5275 2275 5311 uasu.
2307 5275 2360 5309 et
2396 5275 2749 5326 nngncanus,
2774 5275 2912 5338 αυτη
2947 5275 3011 5310 αν
3039 5275 3145 5329 ειη.
3175 5275 3335 5312 rorte
3357 5275 3456 5311 an-

1872 5335 1955 5381 ter
1984 5327 2128 5381 hunc
2154 5328 2334 5397 locum
2366 5327 2494 5397 legit
2527 5327 2795 5389 Nannius,
2826 5343 2984 5393 CUJUS
3017 5328 3130 5382 haec
3164 5339 3247 5383 cst
3278 5330 3456 5382 versio

1872 5405 1996 5466 post
2024 5399 2081 5449 ὲν
2111 5396 2188 5467 τῷ
2222 5396 2524 5468 πλατυσμῷ
2560 5417 2572 5451 :
2609 5397 2750 5468 Ergo
2797 5398 2845 5450 si
2873 5397 3061 5451 Unitas
3095 5415 3149 5451 se
3186 5398 3453 5463 dilatarit,

1871 5469 2053 5521 eadem
2071 5469 2236 5540 fuerit
2253 5468 2368 5538 jam
2391 5467 2644 5531 dilatata,
2669 5467 2786 5540 qua:
2804 5477 2924 5522 ante
2947 5467 3315 5523 dilatatiouem
3341 5470 3456 5538 fue-

1873 5546 1975 5590 rat.

1943 5607 2065 5682 (8:5),
2098 5606 2188 5682 Sic
2216 5607 2344 5682 Reg.
2378 5618 2432 5662 et
2458 5608 2583 5682 Seg.
2621 5611 2689 5668 At
2717 5611 2807 5668 alii
2836 5621 2888 5667 ct
2921 5609 3071 5678 editi,
3095 5609 3332 5682 ἔρεσθαι.
3364 5607 3452 5663 lu-

1870 5676 1952 5733 fra
1982 5676 2209 5750 Regius,
2233 5676 2446 5753 ἀνάγκη
2473 5677 2575 5736 δεῖ.
