3834 6220
386 288 490 346 487

990 289 1048 346 S.
1089 287 1464 345 ATllANASlI
1501 285 1652 343 OPP.
1697 285 1877 342 PARS
1914 285 1958 341 Ι.
2000 316 2069 327 -
2107 284 2486 342 HISTORICA
2523 285 2613 339 ET
2653 284 3077 342 DOGMATICA.

3553 286 3664 342 488

387 427 554 483 quam
581 412 858 469 dilatetur.
899 412 959 468 Si
998 424 1058 468 ut
1087 410 1326 469 Verbum
1358 421 1414 468 et
1441 410 1683 482 Spiritus
1713 426 1840 466 cum
1876 409 1951 465 ἱΙΙι

2076 410 2137 463 τὸ
2165 408 2317 474 αὐτὸ,
2355 409 2469 462 ἀλλ’
2517 407 2741 479 ὕστερον
2776 408 3216 478 πλατυνόμενον,
3253 405 3396 477 ἔχειν
3441 405 3664 476 ἀνάγκῃ

385 517 550 574 esset,
610 517 1002 578 praeposterum
1041 516 1126 562 est
1155 507 1339 561 dicere
1384 505 1702 572 Unitatem;
1753 503 1971 569 deinde,

385 599 667 654 dilatatam
699 616 840 655 esse.
864 598 977 654 Nec
1011 600 1160 654 enim
1212 600 1489 670 posterius
1514 611 1599 655 est
1633 598 1874 654 Verbum
1920 607 1975 653 et

388 688 644 759 Spiritus,
674 691 769 745 sed
803 704 1043 760 semper,
1076 704 1144 744 ne
1167 689 1419 744 videlicet
1444 688 1590 744 Deus
1630 690 1748 744 sine
1795 685 1973 742 Verbo

385 799 482 837 seu
516 784 729 837 ratione
750 797 872 837 esse
900 791 1146 852 putetur,
1179 783 1259 836 uti
1290 781 1538 836 sentiunt
1575 781 1792 835 Ariani.
1834 779 1976 846 Quo-

383 877 552 938 circa,
603 873 650 929 si
700 889 915 943 semper
967 872 1072 928 fuit
1106 859 1344 928 Verhu'm
1381 881 1436 927 et
1457 870 1719 943 Spiritus,
1755 885 1973 940 semper

381 981 603 1036 quoque
628 966 851 1020 dilatata
884 963 1020 1027 fuit,
1058 981 1166 1019 non
1199 973 1380 1018 autem
1410 963 1650 1032 primum
1697 961 1801 1016 fuit
1832 960 1970 1016 Uni-

381 1069 486 1126 tas.
519 1058 676 1125 Quod
707 1059 752 1112 si
781 1058 1052 1127 posterius
1077 1057 1306 1111 dilatata
1347 1066 1452 1122 est,
1492 1057 1771 1126 posterius
1804 1055 1970 1125 igitur

380 1161 465 1206 est
491 1150 756 1205 Verbum.
792 1150 851 1204 Si
897 1166 1028 1204 vero
1053 1157 1278 1219 propter
1324 1149 1582 1202 humanae
1613 1159 1824 1202 naturae
1873 1163 1967 1202 as-

381 1243 749 1312 sumptionem
785 1242 1010 1295 dilatata
1049 1247 1154 1306 est,
1190 1247 1432 1309 tuncque
1486 1237 1634 1293 facta
1671 1249 1755 1293 est
1785 1236 1969 1290 Trini-

381 1343 506 1390 tas:
559 1334 725 1404 igitur
789 1343 913 1388 ante
969 1341 1221 1388 naturam
1285 1332 1583 1386 humanam
1625 1341 1965 1402 assumptam

381 1427 623 1482 nondum
656 1436 774 1481 erat
801 1427 1062 1481 Trinitas.
1093 1421 1227 1480 Inde
1253 1427 1381 1480 item
1409 1434 1672 1495 sequetur
1716 1435 1777 1478 ut
1810 1425 1968 1480 Pater

379 1528 512 1572 mro
547 1518 726 1573 factus
749 1519 838 1581 sit,
871 1519 917 1573 si
943 1533 1140 1588 nempe
1173 1518 1310 1588 ipse,
1342 1519 1436 1588 qui
1463 1515 1666 1573 Unitas
1693 1526 1832 1583 erat,
1865 1518 1968 1572 lio-

379 1609 582 1662 minem
616 1608 948 1662 assumendo
992 1608 1254 1662 dilatatus
1287 1617 1407 1664 est:
1459 1609 1554 1679 qui
1585 1616 1641 1662 et
1677 1607 1822 1664 idem
1852 1607 1967 1664 for-

380 1701 544 1755 tassis
565 1698 755 1756 Unitas
787 1710 973 1770 postea
999 1703 1123 1768 erit,
1163 1711 1218 1756 et
1251 1717 1404 1769 caro,
1439 1709 1514 1768 et,
1563 1701 1712 1772 quod
1743 1703 1964 1757 tertium

2073 502 2156 556 δεῖ
2176 502 2274 572 τὴν
2299 502 2502 565 αίτίαν,
2527 501 2594 554 δι’
2622 501 2690 572 ἣν
2723 503 2817 556 καὶ
2855 499 3187 570 ὲπλατύνθη.
3227 499 3291 552 El
3319 499 3419 570 μὲν
3447 495 3547 554 οὖν
3573 500 3665 552 ἶνα

2074 595 2245 664 Λόγος
2286 596 2380 647 καὶ
2421 593 2648 667 Πνεῦμα
2689 597 2821 666 συνῇ
2867 594 3038 664 αὐτῷ,
3080 592 3334 663 περιττὸν
3366 592 3427 644 τὸ
3453 591 3661 660 λέγειν,

2073 687 2258 750 Μονάς
2288 685 2421 758 (86)⁶
2445 682 2585 751 εἶτα,
2616 685 2942 758 ὲπλατὺνθη.
2969 687 3044 739 Οὐ
3070 685 3181 758 γὰρ
3220 684 3448 756 ὕστερον
3486 684 3662 751 Λόγος

2072 781 2168 833 καὶ
2210 779 2453 850 Πνεῦμα,
2483 779 2597 834 ἀλλ’
2631 780 2739 844 ἀεὶ,
2788 779 2876 833 ἵνα
2907 778 2982 849 μὴ
3024 778 3216 845 ἄλογος
3261 780 3289 830 6
3337 776 3470 839 Θεὸς
3517 776 3662 829 κατά

2070 873 2197 936 τοὺς
2225 871 2554 943 ’Λρειανούς.
2587 872 2775 936 Ὥστε,
2799 874 2848 926 εί
2881 867 3062 942 ἀε¹ιιῆν
3084 871 3253 938 Λόγος
3282 870 3375 922 καὶ
3403 867 3656 937 Πνεῦμα,

2071 966 2159 1018 ἀεὶ
2190 964 2420 1018 πλατεῖα
2446 1005 2461 1029 ,
2499 965 2593 1018 καὶ
2626 965 2687 1017 οὐ
2720 964 2937 1038 πρῶτον
2981 963 3186 1028 Μονάς.
3235 965 3300 1016 Εἰ
3331 961 3388 1015 δὲ
3432 961 3660 1032 ὕστερον

2071 1056 2404 1128 ὲπλατύνθη,
2443 1056 2670 1127 ὕστερον
2703 1057 2798 1110 καὶ
2830 1056 3022 1126 Λόγος.
3059 1057 3121 1108 Εἰ
3158 1055 3216 1108 δὲ
3249 1053 3338 1107 διὰ
3369 1054 3468 1123 τὴν
3495 1054 3660 1105 ὲναν-

2070 1149 2353 1222 θρὼπησιν
2389 1150 2718 1221 ὲπλατύνθη,
2759 1153 2853 1204 καὶ
2898 1150 3090 1218 γέγονε
3125 1147 3249 1200 τότε
3296 1146 3470 1217 Τριὰς
3496 1163 3508 1175 ·
3551 1145 3662 1216 ἄρα

2071 1241 2178 1314 πρὸ
2213 1242 2316 1311 τῆς
2345 1241 2815 1314 ἐνανθρωπήσεως
2854 1239 3009 1293 οὔπω
3033 1233 3100 1310 ἦν
3128 1239 3319 1309 Τριάς.
3349 1237 3662 1306 Φανήσεται

2067 1336 2126 1388 δὲ
2158 1337 2186 1389 6
2210 1335 2403 1407 Πατὴρ
2435 1335 2546 1406 (87)
2576 1334 2673 1388 καὶ
2703 1332 2943 1403 γεγονὼς
2982 1330 3140 1404 σάρξ,
3176 1332 3290 1400 εἴγε
3329 1329 3514 1392 αὐτὸς,
3545 1329 3663 1382 Μο-

2068 1428 2166 1492 νάς
2197 1427 2294 1492 ὣν,
2326 1429 2382 1480 ὲν
2404 1427 2482 1498 τῷ
2513 1424 2786 1498 ἀνθρώπῳ
2812 1423 3117 1494 ὲπλατύνθη
3146 1440 3159 1453 ·
3186 1421 3283 1476 καὶ
3306 1423 3446 1492 τάχα
3470 1421 3661 1474 λοιπὸν

2068 1515 2252 1580 Μονὰς
2276 1515 2429 1569 ἔσται
2458 1517 2554 1569 καὶ
2588 1515 2747 1587 σὰρξ,
2776 1515 2892 1577 καὶ,
2925 1513 2986 1568 τὸ
3013 1513 3218 1585 τρίτον,
3247 1512 3505 1581 Πνεῦμα·
3541 1510 3658 1578 εἴγε

2068 1609 2231 1672 αὐτὸς
2257 1607 2594 1680 ἐπλατύνθηο
2625 1607 2776 1662 ἔσται
2808 1607 2864 1660 δὲ
2889 1608 2984 1661 κα)⁴
3013 1606 3238 1678 ὀνόματι
3271 1604 3432 1677 μόνον
3461 1604 3656 1675 Τριὰς.

2069 1702 2132 1754 Εἰ
2161 1701 2216 1756 δὲ
2246 1701 2332 1755 διά
2353 1702 2413 1755 τὸ
2441 1702 2624 1754 κτίσαι
2655 1699 2990 1772 ὲπλατύνθη,
3022 1701 3242 1755 ἄτοπον.
3277 1697 3513 1751 Δυνατὸν
3549 1694 3658 1766 γάρ

377 1799 481 1855 est,
510 1790 769 1861 Spiritus,
817 1793 862 1847 si
896 1807 1092 1862 nempe
1122 1794 1237 1863 ipse
1275 1802 1359 1848 est
1395 1794 1492 1863 qui
1526 1793 1786 1850 dilatatus
1830 1804 1916 1850 est
1945 1815 1951 1850 :

2076 1791 2156 1866 ἦν,
2179 1795 2276 1849 καὶ
2300 1795 2521 1850 Μονάδα
2551 1794 2819 1866 μένουσαν
2855 1793 3024 1864 αὐτὴν
3057 1793 3191 1863 (88),
3223 1792 3404 1846 πάντα
3434 1791 3617 1842 ποιεῖν
3642 1805 3654 1817 ·

377 1898 442 1937 ac
471 1883 701 1952 proinde
727 1884 844 1939 solo
871 1887 1094 1940 nomine
1142 1883 1384 1941 Trinitas
1425 1885 1610 1940 futura
1643 1894 1746 1941 est.
1800 1885 1961 1954 Quod

376 1977 423 2030 si
448 1977 514 2030 ad
542 1977 837 2031 creandum
866 1977 1088 2032 dilatata
1124 1978 1370 2044 dicatur,
1411 1978 1465 2033 id
1510 1994 1734 2049 quoque
1772 1980 1962 2034 absur-

374 2069 504 2122 dum
533 2076 635 2123 est.
672 2069 816 2124 Fieri
847 2070 991 2124 enim
1021 2079 1235 2140 poterat
1256 2080 1316 2125 ut
1343 2070 1458 2140 ipsa
1483 2086 1714 2126 manens
1740 2067 1957 2133 Unitas,

374 2161 558 2215 omnia
589 2161 843 2216 elliceret.
861 2160 974 2216 Nec
996 2162 1142 2216 enim
1171 2160 1493 2217 dilatatione
1520 2163 1801 2234 indigebat
1833 2162 1962 2217 Uni-

373 2255 480 2312 tas,
516 2264 617 2304 nec
653 2250 867 2304 inlirma
919 2259 1039 2304 erat
1069 2251 1390 2322 priusquam
1425 2253 1770 2308 dilataretur.
1819 2252 1958 2308 Nam

372 2340 671 2395 absurdum
699 2351 753 2396 et
779 2342 1006 2412 impium
1041 2352 1127 2397 est
1150 2343 1204 2397 id
1228 2345 1294 2398 de
1317 2345 1429 2400 Deo
1443 2346 1646 2400 sentire
1673 2355 1728 2400 et
1751 2346 1954 2401 dicere.

371 2432 532 2486 Aliud
567 2433 791 2502 insuper
816 2434 1114 2487 absurdum
1151 2435 1276 2489 inde
1303 2446 1694 2507 consequetur.
1729 2436 1786 2492 Si
1807 2439 1955 2492 enim

371 2539 554 2578 rerum
597 2535 902 2579 creatarum
964 2527 1137 2596 gratia
1196 2529 1421 2583 dilatata
1450 2536 1568 2596 est;
1621 2529 1667 2584 si
1712 2530 1953 2600 quandiu

368 2626 488 2670 erat
520 2613 734 2677 Unitas,
776 2617 939 2672 nulla:
963 2629 1121 2673 erant
1145 2634 1233 2674 res
1263 2627 1460 2675 creata:
1487 2637 1500 2674 :
1539 2635 1664 2675 cum
1706 2630 1828 2691 post
1857 2620 1958 2674 ab-

2068 1887 2130 1940 οὐ
2163 1887 2272 1959 γὰρ
2305 1887 2491 1958 ἐνδεὴς
2515 1881 2584 1957 ἦν
2606 1885 2926 1956 πλατυσμοῦ
2956 1887 2988 1957 ἡ
3031 1884 3237 1949 Μονὰς,
3273 1882 3394 1937 οὐδὲ
3419 1881 3657 1952 ἀσθενὴς

2067 1975 2136 2050 ἦν
2169 1981 2275 2052 πρὸ
2305 1979 2412 2050 (89)
2442 1979 2537 2033 τοῦ
2572 1978 2968 2048 πλατυνθῆναι.
3006 1979 3240 2030 Ἀτοπον
3266 1975 3376 2048 γὰρ
3405 1975 3502 2027 καὶ
3522 1975 3655 2026 ἀσε-

2069 2071 2163 2135 ϐὲς
2195 2071 2352 2124 τοῦτό
2389 2071 2580 2139 γειέπὶ
2609 2068 2745 2123 Θεοῦ
2775 2071 2916 2123 νοεῖν
2961 2069 3054 2122 καὶ
3085 2066 3285 2136 λέγειν.
3330 2065 3657 2134 ’Λκολουθή-

2071 2177 2151 2214 σει
2188 2160 2245 2213 δὲ
2279 2160 2372 2214 καὶ
2407 2160 2536 2214 ἄλλο
2577 2160 2798 2215 ἄτοπον.
2840 2161 2904 2213 Et
2938 2158 3048 2230 γὰρ
3084 2157 3196 2229 (90)
3229 2157 3318 2211 διὰ
3348 2157 3447 2228 τὴν
3474 2155 3656 2208 κτίσιν

2067 2253 2398 2325 ὲπλατύνθη,
2430 2254 2537 2317 ἕως
2566 2253 2622 2306 δὲ
2644 2253 2827 2318 Μονὰς
2847 2246 2940 2324 ἦν,
2961 2252 3062 2306 οὐκ
3081 2247 3149 2324 ἦν
3183 2253 3216 2322 ἡ
3247 2249 3424 2314 κτίσις
3447 2267 3460 2280 ⁸
3486 2249 3654 2302 πάλιν

2063 2346 2121 2400 δὲ
2153 2347 2265 2417 (91)
2297 2346 2448 2400 ἔσται
2492 2346 2630 2417 μετὰ.
2670 2345 2770 2418 τὴν
2804 2345 3115 2400 συντέλειαν
3155 2343 3340 2406 Μονὰς
3370 2341 3480 2396 ἀπὸ
3509 2342 3652 2395 πλα-

2062 2436 2272 2509 τυσμοῦ
2303 2454 2317 2467 ·
2350 2437 2779 2508 ἀναιρεθήσεται
2827 2437 2924 2491 καὶ
2965 2438 3000 2508 ἡ
3053 2435 3250 2498 κτίσις.
3285 2433 3498 2505 Ὥσπερ
3543 2433 3655 2506 γὰρ

2062 2528 2154 2581 διὰ
2192 2529 2252 2581 τὸ
2294 2528 2474 2582 κτίσαι
2547 2526 2898 2600 ἐπλατύνθη,
2956 2524 3134 2580 οὕτωσ
3193 2523 3503 2595 παυομένου
3555 2521 3652 2576 τοῦ

2063 2619 2402 2692 πλατυσμοῦ,
2435 2619 2704 2674 παύσεται
2737 2619 2832 2673 καὶ
2857 2621 2891 2690 ἡ
2927 2617 3126 2682 κτίσις.

370 2711 607 2766 solutam
664 2713 1022 2776 creationem,
1052 2730 1244 2770 rursus
1278 2730 1309 2770 e
1355 2715 1581 2771 dilatata
1626 2716 1743 2771 ﬁeri
1790 2717 1987 2773 debeat
2023 2713 2261 2783 Unitas;
2299 2717 2488 2788 utique
2540 2714 2869 2770 delebuntur
2914 2727 3136 2784 quoque
3173 2726 3262 2767 res
3325 2721 3542 2765 creaue.
3583 2704 3654 2761 Ut

368 2809 514 2861 cnim
539 2808 764 2863 creandi
787 2824 952 2864 causa
975 2810 1202 2866 dilatata
1227 2820 1330 2878 est;
1359 2812 1432 2867 ita
1455 2827 1578 2868 cum
1597 2813 1822 2869 dilatata
1838 2829 1963 2870 esse
2001 2813 2238 2877 desinet,
2273 2813 2539 2868 exsistere
2569 2811 2822 2867 similiter
2840 2810 3094 2866 desinent
3119 2825 3209 2864 res
3239 2816 3453 2863 creatae.

443 2901 530 2956 15.
564 2899 690 2955 Haec
716 2902 899 2973 itaque
927 2904 1165 2959 absurda
1194 2921 1261 2959 ex
1285 2906 1374 2960 illa
1399 2907 1648 2962 orientur
1673 2910 1950 2980 opinione,

367 3007 477 3062 qua
510 2989 702 3046 Unitas
733 2992 789 3046 in
835 2989 1158 3048 Trinitatem
1205 2995 1421 3050 dilatari
1467 2998 1686 3054 dicitur.
1720 2998 1952 3066 Quando

2136 2909 2223 2964 15.
2258 2909 2496 2962 Τοιαῦτα
2525 2908 2623 2979 μὲν
2645 2902 2740 2960 οῦν
2765 2906 2942 2960 ἄτοπα
2963 2906 3029 2959 ἐκ
3049 2905 3144 2958 τοῦ
3171 2902 3535 2957 πλατύνεσθαι
3562 2901 3653 2954 λέ-

2059 3018 2176 3072 γειν
2210 3002 2291 3065 είς
2318 3000 2525 3072 Τριάδα
2553 3001 2652 3072 τὴν
2692 2999 2911 3055 Μονάδα
2953 2997 3274 3068 ἀπαντήσει.
3338 2993 3557 3065 Ἐπειδὴ
3596 2994 3654 3047 δὲ

371 3096 499 3135 vero
529 3081 622 3151 qui
677 3082 750 3136 ita
781 3082 1046 3146 sentiunt,
1078 3081 1317 3139 Verbum
1347 3094 1402 3140 et
1455 3085 1654 3141 Filium
1709 3088 1951 3144 dividere

2076 3093 2110 3146 ›ἱ
2142 3091 2254 3164 (9‘2)
2289 3091 2447 3145 τοῦτο
2489 3092 2743 3161 λέγοντες
2788 3089 3030 3162 τολμῶσι
3079 3089 3307 3160 διαιρεῖν
3337 3087 3508 3155 Λόγον
3559 3087 3654 3140 καὶ

369 3171 590 3238 audent,
620 3173 1070 3243 contenduntque
1094 3175 1242 3229 aliud
1269 3191 1390 3231 esse
1419 3175 1681 3245 Verbum,
1705 3189 1762 3234 et
1785 3181 1951 3236 alium

2076 3184 2188 3238 Γίὸν
2211 3223 2226 3247 ,
2263 3184 2358 3237 καὶ
2389 3184 2569 3253 λέγειν
2603 3183 2760 3238 ἀλλον
2793 3183 2891 3254 μὲν
2927 3177 3067 3236 εἶναι
3094 3181 3202 3233 τὸν.
3218 3179 3390 3247 Λόγον
3412 3217 3426 3241 ,
3461 3177 3654 3249 ἓτερον

370 3257 566 3314 Filium
594 3305 610 3326 ,
643 3261 798 3331 prius
831 3260 1070 3317 Verbum
1126 3279 1268 3330 esse,
1308 3265 1504 3323 deinde
1557 3267 1756 3324 Filium
1787 3287 1801 3324 :
1833 3287 1951 3341 age,

366 3352 474 3408 ista
502 3369 739 3425 quoque,
775 3354 822 3410 si
856 3354 1057 3426 placet,
1088 3358 1510 3427 perpendamus.
1566 3357 1734 3417 Varia
1767 3373 1952 3419 autem

371 3445 591 3500 illorum
627 3454 714 3502 est
765 3448 1064 3503 temeritas.
1114 3449 1220 3503 Alii
1271 3451 1417 3505 enim
1455 3453 1756 3518 hominem,
1788 3471 1953 3526 quem

375 3538 627 3593 Salvator
655 3541 974 3610 assumpsit,
1000 3540 1199 3597 Filium
1223 3558 1345 3599 esse
1367 3546 1560 3600 volunt
1584 3565 1598 3601 :
1621 3547 1714 3601 alii
1738 3555 1955 3603 utrum-

371 3646 499 3701 que,
533 3646 730 3700 nempe
762 3632 1039 3688 hominem
1079 3643 1133 3688 et
1166 3632 1423 3698 Verbum,
1470 3647 1602 3692 tunc
1629 3636 1828 3692 Filium
1869 3638 1955 3694 fa-

364 3729 514 3776 ctum
560 3719 736 3776 fuisse
784 3731 998 3790 putant,
1055 3740 1180 3779 cum
1219 3725 1364 3780 inter
1412 3741 1472 3782 se
1523 3729 1763 3798 copulati
1799 3740 1948 3786 sunt.

364 3815 472 3868 Alii
504 3821 688 3868 autem
729 3815 1066 3870 arbitrantur
1099 3817 1279 3886 ipsum
1307 3816 1548 3873 Verbum
1583 3829 1714 3877 tunc
1744 3820 1947 3877 Filium

365 3905 569 3961 factum
617 3920 760 3972 esse,
820 3921 947 3961 cum
998 3907 1165 3962 homo
1201 3907 1378 3964 factus
1410 3919 1494 3966 est
1520 3925 1536 3964 :
1566 3909 1854 3982 Siquidem
1880 3929 1945 3969 ex

364 3993 567 4060 Verbo,
607 3995 885 4066 inquiunt.
913 3994 1093 4052 factus
1120 4006 1208 4052 est
1258 3997 1453 4066 Filius,
1495 4002 1590 4071 qui
1620 4013 1780 4058 antea
1837 4019 1949 4058 non

363 4087 569 4154 Filius,
615 4090 710 4144 sed
750 4089 1018 4144 duntaxat
1052 4087 1288 4144 Verbum
1319 4100 1456 4146 erat.
1512 4092 1685 4148 Porro
1721 4103 1950 4165 uterque

363 4201 518 4240 error
554 4186 866 4240 Stoicorum
899 4194 1005 4251 est,
1045 4203 1156 4258 quo
1185 4197 1240 4243 et
1271 4188 1415 4244 Deus
1458 4189 1675 4244 dilatari
1724 4191 1947 4260 dicitur,

360 4287 415 4332 et
444 4276 614 4332 Filius
641 4277 810 4350 498
834 4287 1083 4350 negatur.
1115 4278 1289 4336 Valde
1317 4289 1501 4336 autem
1532 4282 1666 4338 illud
1701 4283 1947 4354 ineptum

361 4379 448 4426 est
493 4372 658 4441 quod,
713 4386 840 4426 cum
874 4369 1118 4426 Verbum
1167 4379 1469 4442 agnoscant
1520 4382 1574 4428 et
1607 4375 1940 4442 nominent,

2056 3277 2113 3330 δὲ
2145 3276 2236 3330 τὸν
2264 3275 2414 3338 Υίὸν,
2443 3277 2540 3329 καὶ
2566 3274 2832 3348 πρότερον
2869 3273 2966 3345 μὲν
2997 3269 3137 3326 εἶναι
3167 3271 3259 3325 τὸν
3288 3269 3481 3339 Λόγον,
3529 3265 3654 3323 εἶτα

2055 3367 2149 3422 τὸν
2178 3367 2306 3422 Υίόν
2345 3367 2458 3438 (95)
2482 3383 2495 3394 '
2516 3367 2682 3438 φέρε,
2712 3365 2809 3419 καὶ
2835 3363 3196 3437 περὶτούτων
3230 3363 3450 3433 ἴδωμεν.
3491 3362 3653 3415 Ἐστι

2055 3461 2112 3514 δὲ
2141 3460 2346 3515 τούτοιν
2376 3459 2633 3531 διάφορος
2665 3461 2698 3529 ἡ
2734 3458 2930 3529 τόλμα.
2959 3457 3022 3511 Οἱ
3051 3456 3156 3527 μὲν
3187 3455 3295 3526 γὰρ
3325 3455 3414 3508 τὸν
3437 3454 3654 3526 ἄνθρω-

2057 3569 2158 3606 πον
2177 3594 2192 3618 ,
2233 3553 2292 3607 ὃν
2324 3551 2586 3606 ἀνέλαϐεν
2611 3553 2639 3604 6
2664 3549 2853 3622 Σωτὴρ
2872 3589 2888 3615 ,
2917 3549 3078 3603 αὑτὸν
3110 3543 3251 3602 εῖναι
3280 3547 3371 3600 τὸν
3406 3547 3534 3600 Υἰὸν
3563 3547 3652 3601 λέ-

2055 3659 2244 3713 γουσιν
2263 3659 2277 3674 ·
2306 3644 2358 3696 οἱ
2381 3642 2438 3696 δὲ
2460 3642 2521 3696 τὸ
2556 3641 2984 3714 συναμφότερον,
3012 3639 3102 3694 τόν
3143 3657 3204 3694 τε
3239 3638 3530 3709 ἄνθρωπον
3557 3639 3652 3693 καὶ

2053 3735 2129 3788 τὸκ
2177 3735 2374 3804 Λόγον,
2407 3735 2535 3788 Υἰὸν
2567 3732 2690 3786 τότε
2727 3733 3212 3805 γεγενῆσθαι,ιότε
3270 3731 3647 3804 συνήφθησαν.

2058 3825 2245 3879 ’Ἄλλοι
2273 3826 2331 3879 δέ
2354 3829 2493 3880 εἰσιν
2515 3827 2566 3880 οἱ
2587 3825 2854 3893 λέγοντες,
2878 3823 3043 3879 αὑτὸν
3071 3823 3162 3878 τὸν
3181 3822 3354 3893 Λόγον
3369 3825 3495 3876 τότε
3519 3823 3650 3876 Υἱὸν

2053 3917 2402 3988 γεγενῆσθαι,
2423 3919 2512 3972 ὅτε
2529 3917 2686 3988 ὲνηνθ
2695 3915 2973 3989 ρώπησεν·
3005 3917 3137 3970 Ἀπὸ
3153 3916 3260 3988 γὰρ
3271 3917 3468 3985 Λόγου,
3488 3918 3646 3986 φασὶ,

2053 4009 2274 4079 γέγονεν
2308 4010 2460 4074 Υἱὸς,
2485 4012 2589 4065 οὐκ
2615 4010 2698 4067 ὣν,
2721 4011 2986 4083 πρότερον
3007 4010 3157 4074 Υἱὸς,
3191 4009 3328 4065 ἀλλά
3348 4011 3524 4080 Λόγος
3553 4012 3649 4081 μό-

2053 4118 2162 4155 νον.
2223 4101 2439 4154 Στωϊκὰ
2473 4101 2569 4172 μὲν
2610 4097 2703 4155 οῦν
2740 4103 3056 4175 ἀμφότερα,
3091 4100 3153 4154 τό
3183 4118 3243 4154 τε
3279 4101 3648 4156 πλατύνεσθαι
3741 4117 3743 4119 ‘

2052 4191 2234 4262 λέγειν
2256 4192 2348 4245 τὸν
2372 4190 2526 4258 Θεὸν,
2551 4193 2644 4246 καὶ
2672 4193 2953 4265 ἀρνεῖσθαι
2973 4192 3067 4246 τὸν
3095 4193 3244 4247 Υίόν.
3268 4193 3429 4246 Κατά
3456 4210 3648 4262 περιτ-

2026 4338 2029 4340 ,
2051 4283 2142 4337 τὸν
2171 4284 2228 4338 δὲ
2254 4284 2482 4355 ἀνόητον
2502 4325 2516 4350 ,
2547 4286 2630 4339 ὅτι
2650 4325 2666 4349 ,
2717 4283 3076 4356 ὀνομάζοντες
3102 4285 3276 4353 Λόγον
3295 4323 3310 4348 ,
3350 4284 3646 4357 ἀρνοῦνται

2051 4378 2214 4432 αὐτὸν
2253 4377 2383 4432 Υἱὸν
2410 4373 2572 4432 εἶναι.
2607 4379 2670 4432 Εἰ
2699 4379 2798 4450 μὲν
2831 4377 2940 4451 γάρ
2965 4380 3068 4432 οὐκ
3111 4378 3261 4432 ἐστιν
3286 4380 3351 4433 ὲκ
3379 4378 3475 4432 τοῦ
3505 4378 3646 4432 Θεοῦ

363 4464 542 4533 ipsum
572 4461 771 4517 Filium
794 4477 918 4518 esse
941 4462 1267 4518 inﬁtiantur.
1298 4462 1591 4520 Enimvero
1621 4466 1669 4521 si
1697 4465 1939 4523 Verbum

2076 4499 2078 4510 ›
2107 4467 2302 4537 Λόγος,
2332 4469 2559 4533 εἰκότως
2584 4468 2650 4523 ἂν
2681 4469 2845 4524 αὐτὸν
2871 4471 3118 4540 ἀρνοϊντο
3138 4464 3281 4524 εἶναι
3309 4470 3439 4523 Υίόν
3462 4487 3476 4500 ·
3509 4471 3559 4524 εί
3587 4471 3649 4524 δὲ

358 4569 426 4609 ex
460 4553 572 4610 Deo
621 4569 729 4610 non
775 4563 944 4622 esset,
997 4555 1142 4612 haud
1192 4555 1468 4612 immerito
1519 4557 1698 4628 ipsum
1746 4558 1944 4616 Filium

358 4664 483 4704 esse
509 4660 788 4720 negarent.
809 4647 880 4703 At
909 4647 957 4703 si
981 4662 1049 4704 ex
1070 4649 1182 4703 Deo
1205 4657 1309 4715 est,
1336 4665 1436 4704 cur
1461 4665 1570 4705 non
1600 4653 1946 4722 perspiciunt

358 4737 433 4800 id,
469 4738 615 4807 quod
638 4753 705 4792 ex
733 4737 920 4807 aliquo
941 4737 1190 4803 exsistit,
1222 4738 1395 4794 ﬁlium
1425 4739 1548 4809 ejus
1576 4757 1702 4798 esse
1724 4759 1792 4798 ex
1815 4760 1927 4815 quo

355 4828 482 4883 est?
521 4827 744 4892 Deinde,
769 4828 815 4883 si
856 4826 1014 4882 Verbi
1041 4826 1184 4883 Deus
1220 4827 1380 4882 Pater
1427 4839 1531 4892 est,
1567 4830 1761 4901 quidni
1799 4829 1942 4886 Ver-

431 5054 539 5126 186)
578 5051 902 5128 ξὶεείιιξ-ειΔ
929 5051 1318 5128 Seguerianus,
1371 5056 1589 5121 Μονάςο
1627 5055 1765 5122 εἶτα,
1795 5068 1926 5128 ειε.,

353 5119 556 5195 puncto
576 5119 730 5196 inter
760 5124 942 5188 Μονάς
973 5119 1028 5180 εἰ
1057 5119 1178 5179 εἶτα
1223 5119 1565 5196 ἰηιενροεὶιο.
1593 5130 1698 5182 Alii
1724 5119 1779 5184 et
1810 5119 1927 5185 edi;

353 5189 416 5272 ᾖ,
446 5194 632 5272 Μονὰς
669 5189 978 5272 ἐξτα,ειε.,
1004 5189 1383 5272 conjunctimf
1399 5195 1570 5272 Paulo
1602 5208 1750 5272 post
1791 5199 1927 5272 Reg.

356 5266 481 5336 δεῖς.
506 5275 560 5320 ει
585 5264 768 5336 Gobl.,
787 5265 980 5336 ἄλογος
995 5265 1204 5336 όίΘεός.
1223 5267 1327 5321 Alii
1353 5277 1408 5320 et
1436 5268 1565 5322 editi
1589 5264 1923 5336 6_omittunt.

353 5334 486 5410 ibid.
519 5336 652 5410 μεθ’.
833 5334 1184 5410 Qobl._B_asil.
1214 5347 1268 5392 et
1296 5338 1608 5408 Anglican.,
1639 5335 1708 5410 ἧν
1727 5339 1922 5410 Λόγος.

352 5406 543 5477 (lateri
572 5403 627 5477 et
656 5403 815 5477 edit],
834 5403 903 5477 ἦν
927 5407 956 5458 6
987 5407 1178 5476 Λόγος.

423 5475 536 5551 _(8_7)
574 5475 664 5551 Sic
691 5475 891 5551 {legitis
913 5475 1085 5551 codex
1107 5488 1162 5532 et
1185 5476 1576 5551 Seguerianus.
1599 5479 1669 5534 At
1686 5481 1777 5536 alii
1799 5496 1925 5537 cum

423 5492 536 5557 sui)
574 5492 664 5530 Sic
691 5492 891 5597 heims
913 5492 1038 5532 coue

349 5545 532 5607 editis,
567 5547 663 5618 καὶ
688 5545 747 5618 ρὲ
796 5546 1038 5618 ί-Πατήρ.

426 5618 536 5685 (88)
565 5615 1076 5692 _Sie_Basiliensi's'_et
1100 5618 1432 5692 Anglicanus
1456 5630 1618 5692 atque
1643 5621 1716 5677 ita
1735 5637 1926 5678 emen-

350 5686 538 5765 datum
563 5688 618 5742 in
650 5686 926 5770 liegio._At
950 5689 1040 5772 alii
1069 5699 1122 5744 ει
1147 5686 1312 5748 editio
1339 5686 1920 5754 Comufeliuianaduév

2053 4561 2118 4613 ἐκ
2141 4559 2236 4613 τοῦ
2261 4559 2394 4614 Θεοῦ
2424 4563 2558 4625 ἐστι,
2582 4560 2670 4614 διὰ
2698 4560 2750 4614 τί
2775 4562 2849 4632 μὴ
2874 4561 3192 4635 συνορῶσιν,
3215 4564 3297 4617 ὅτι
3321 4562 3382 4615 τὸ
3411 4562 3475 4616 ἔκ
3500 4581 3648 4628 τινος

2053 4653 2298 4724 ὑπάρχον
2330 4653 2445 4717 υἱός
2489 4655 2637 4709 ἐστιν
2672 4655 2882 4709 ἐκείνου
2903 4695 2918 4718 ,
2967 4655 3028 4722 ἐξ
3056 4648 3118 4709 οῦ
3154 4656 3251 4710 καὶ
3279 4655 3460 4722 ἔστιν;
3508 4651 3648 4709 Εῐτα

2051 4746 2100 4798 εί
2140 4744 2236 4798 τοῦ
2271 4746 2446 4815 Λόγου
2480 4747 2674 4818 Πατήρ
2700 4748 2847 4800 ἐστιν
2892 4749 2922 4800 ὁ
2953 4731 3120 4811 Θεὸς,
3159 4747 3248 4800 διὰ.
3281 4748 3333 4800 τί
3366 4747 3442 4820 μὴ
3476 4749 3571 4801 καὶ
3618 4752 3647 4804 ό

2050 4836 2223 4905 Λόγος
2256 4836 2384 4901 Υἱὸς
2417 4837 2481 4891 ἂν
2528 4837 2616 4909 εἴη
2646 4837 2743 4891 τοῦ
2773 4837 2968 4892 ἑαυτοῦ
2999 4838 3247 4910 Πατρός;
3301 4841 3495 4912 Πατὴρ
3532 4839 3647 4912 γὰρ

2041 5079 2235 5259 ἓξὲξ)
2277 5132 2369 5190 Sic
2417 5151 2551 5192 mss.
2607 5136 2666 5192 In
2716 5137 2959 5193 editione
3011 5147 3192 5193 autem
3223 5137 3490 5194 Commel.
3530 5142 3642 5213 πρό

2111 5273 2226 5352 (90)
2263 5276 2378 5352 Γάρ
2404 5278 2612 5352 abesta
2648 5277 2815 5352 Dasil.
2845 5288 2901 5335 et
2929 5278 3270 5352 Anglican");
3303 5280 3396 5350 qui
3419 5280 3637 5352 Anglic.

2038 5347 2511 5422 mo§_habet,_xa‘t_
2541 5349 2616 5412 ὡς
2649 5349 2926 5422 δὲγΜονάς
2953 5347 3044 5422 ἦν.

2109 5416 2242 5492 (9-ξ)
2265 5417 2358 5492 Sic
2383 5417 2587 5489 Regius
2613 5429 2669 5474 et
2697 5416 3076 5492 Seguerianns
3105 5420 3312 5491 aliique
3338 5437 3474 5492 mss.
3504 5437 3641 5492 prte-

2036 5494 2122 5540 ter
2154 5485 2394 5543 Felckm.
2425 5485 2685 5547 primum.
2719 5485 2934 5547 ln'aliis
2958 5485 3390 5546 et'editis'deest
3411 5491 3490 5546 δέ.

2036 5505 2122 5540 ιει-
2154 5505 2394 5543 ιιειειιιη.
2465 5506 2685 5546 ramum.
2719 5505 2777 5544 In
2809 5505 2934 5547 alus
2958 5505 3204 5546 et'euttts
3235 5505 3390 5545 ueeSt
3411 5505 3490 5546 οε.

2585 5569 2639 5615 ει
2666 5562 2905 5633 Auglic.,
2925 5562 3143 5635 Ἐπειδὴ
3179 5562 3237 5615 δὲ
3261 5562 3334 5614 οἱ.
3366 5561 3563 5618 Ceteri
3583 5571 3641 5619 et

2103 5667 2571 5769 ίδέΓιῖᾶέίίῖεηνέίς
2605 5713 2658 5759 ει
2690 5702 3048 5776 Anglicanus,
3081 5699 3200 5758 εἶτα
3225 5702 3283 5758 δὲ
3315 5701 3407 5757 τὸν
3443 5701 3599 5762 Υῑόνο
