3834 6220
141 314 254 376 489

1279 306 1540 376 ORATIO
1577 319 1645 375 ιν
1683 317 1964 379 CONTRA
2003 305 2326 383 animos.

3310 310 3436 389 ἐπ’

140 429 227 492 τίς
254 430 375 481 ἐστι
411 427 505 483 καὶ
534 428 752 498 λέγεται
772 459 794 511 ,·
815 424 876 486 οὗ
907 431 1057 486 ἐστιν
1095 434 1124 485 6
1167 434 1311 498 υἱός·
1368 437 1462 490 καὶ
1492 437 1606 500 υἱός
1649 436 1726 500 τίς

1837 439 1990 506 bum,
2021 441 2106 495 sui
2140 440 2316 497 Patris
2352 440 2524 498 Filius
2567 441 2775 500 fuerit?
2820 427 3088 514 siquidem
3129 452 3286 514 pater
3327 422 3421 503 ilio

141 521 258 574 ἐστι
292 522 392 574 καὶ
420 521 636 588 λέγεται
658 507 889 590 ἐκείνου,
914 540 976 578 ου
1004 526 1194 580 ἐστινὸ
1216 528 1416 598 πατήρ.
1449 529 1510 581 Εἰ
1550 528 1732 581 τοίνυν

143 609 238 664 τοῦ
267 611 511 682 Χριστοῦ
537 613 638 666 οὐκ
669 611 783 665 ἔστι
816 613 1006 686 Πατὴρ
1039 615 1068 666 6
1108 615 1272 679 Θεὸς,
1318 616 1438 669 οὐδὲ
1483 619 1512 669 6
1560 617 1734 683 Λόγος

147 702 273 767 Υἱὸς
301 703 370 756 ἂν
391 703 478 773 εἴη
497 719 511 734 ⁸
542 691 594 756 εί
616 691 673 757 δὲ
699 703 890 775 Πατὴρ
916 707 944 758 6
969 705 1100 768 Θεὸς
1134 707 1241 776 (94)
1263 750 1277 772 ,
1296 708 1518 771 εἰκότως
1551 707 1618 760 ἂν
1648 709 1732 780 εἴη

146 794 240 850 καὶ
271 795 300 846 6
329 795 504 863 Λόγος
520 786 666 858 Υίός.
697 797 760 850 Εἰ
781 796 839 849 δὲ
865 795 1090 868 ὕστερον
1122 799 1221 867 μὲν
1245 798 1433 870 Πατὴρ
1461 801 1553 853 καὶ
1583 800 1736 872 πρῶ-

146 903 235 940 τον
263 884 433 950 Θεὸς,
491 886 784 957 Ἀρειανῶν
813 887 913 957 μὲν
952 887 1064 959 (95)
1105 889 1167 942 τὸ
1205 890 1493 961 φρόνημα⁸
1540 890 1732 944 ἔπειτα

145 977 346 1031 ἄτοπον
379 975 808 1047 μεταϐάλλεσθαι
838 977 930 1032 τὸν
955 977 1119 1032 Θεόν⁶
1157 980 1469 1050 σωματικὸν
1498 980 1609 1051 γάρ
1628 997 1642 1011 ⁸
1683 983 1734 1033 εί

145 1068 202 1122 δὲ
232 1066 427 1142 ὥσπερ
461 1069 554 1122 ἐπὶ
583 1067 686 1139 τῆς
716 1068 947 1133 κτίσεως
995 1067 1220 1144 ὕστερον
1252 1071 1502 1144 ποιητὴς,
1535 1071 1731 1137 ἰστέον,

141 1165 226 1219 ὅτι
271 1165 386 1219 τῶν
433 1163 734 1235 γινομένων
762 1163 875 1238 (96)
915 1163 1140 1238 ὕστερόν
1182 1167 1330 1220 ἐστιν
1372 1168 1416 1238 ἡ.
1438 1160 1731 1239 μεταϐολὴ,

143 1259 264 1329 οὐχὶ
287 1256 388 1311 τοῦ
417 1255 577 1312 Θεοῦ.

1841 544 1925 587 εει
1949 543 2003 588 ει
2039 535 2238 589 dicitur
2267 541 2406 605 ejus,
2431 538 2524 606 qui
2559 553 2693 593 suus
2725 548 2809 594 est
2839 539 2985 596 ﬁlius
3012 559 3026 596 :
3069 550 3123 595 et
3164 539 3421 596 similiter

1843 625 1988 681 ﬁlius
2033 626 2121 682 ille
2153 636 2237 682 est
2277 637 2330 682 et
2365 629 2566 683 dicitur
2613 630 2754 700 ejus,
2802 631 2897 701 qui
2947 648 3082 688 suus
3127 641 3213 688 est
3241 641 3422 702 pater;

1843 716 2185 786 Quapropter
2208 719 2253 774 si
2284 718 2429 774 Deus
2457 735 2566 775 non
2595 731 2679 777 est
2701 721 2906 779 Christi
2933 722 3114 789 Pater,
3149 740 3252 780 nec
3281 723 3422 780 Ver-

1844 808 1970 861 bum
2000 807 2171 864 Filius
2204 825 2326 864 esse
2350 821 2548 880 potest.
2578 797 2683 868 Sed
2711 813 2757 868 si
2785 813 2946 870 Pater
2964 824 3050 870 est
3077 815 3242 882 Deus,
3289 828 3420 870 vere

1842 906 1897 978 et
1929 896 2170 954 Verbum
2225 887 2399 979 Filius
2439 911 2544 961 est.
2572 902 2729 969 Quod
2777 906 2822 960 si
2858 917 3044 976 postea
3091 906 3253 963 Pater
3295 919 3423 964 esse

1841 982 2075 1053 dicatur,
2108 1003 2233 1042 cum
2285 991 2527 1060 primum
2580 992 2724 1049 Deus
2757 986 2946 1061 esset,
3001 982 3117 1053 haec
3165 998 3284 1068 ipsa
3332 987 3419 1054 est

1841 1073 2172 1132 Arianorum
2217 1079 2490 1136 doctrina.
2543 1081 2649 1138 Sed
2681 1095 2940 1154 praeterea
2984 1085 3284 1143 absurdum
3332 1085 3420 1146 est

1841 1165 2010 1221 Deum
2041 1170 2242 1252 mutari
2271 1189 2284 1224 :
2319 1188 2454 1252 nam,
2495 1174 2547 1228 id
2581 1190 2904 1245 corporeum
2946 1187 3047 1234 est.
3089 1177 3146 1234 Si
3170 1194 3300 1234 vero
3333 1195 3422 1236 re-

1844 1261 2147 1332 spondeant
2167 1249 2382 1321 Patrem
2406 1247 2528 1321 Filii
2552 1261 2756 1324 factum
2778 1287 2920 1336 esse,
2942 1280 3003 1326 ut
3023 1269 3215 1342 postea'
3232 1287 3419 1327 rerum

144 1363 457 1408 creatarum
504 1351 683 1408 factus
708 1359 793 1410 est
819 1350 1004 1423 opifex
1028 1385 1050 1422 ,-
1099 1352 1243 1410 seire
1270 1361 1451 1424 opem
1477 1353 1714 1425 pretium
1751 1364 1836 1412 est
1864 1359 2223 1415 mutationem
2252 1375 2360 1416 non
2383 1361 2450 1418 ad
2483 1351 2676 1430 Deum,
2718 1350 2817 1420 sed.
2841 1365 2913 1420 ad
2945 1380 3031 1431 ea,
3075 1381 3197 1437 quae
3214 1360 3420 1437 :postea'

143 1447 306 1515 ﬁunt,
347 1447 641 1518 pertinere.

214 1538 304 1594 16.
351 1539 416 1592 ΕΞ
447 1538 548 1610 μὲν
573 1535 674 1592 οὖν
697 1540 905 1611 ποίημα
928 1540 1024 1593 καὶ
1056 1541 1084 1593 6
1115 1538 1246 1602 Υἱὸς
1275 1528 1386 1612 (97)
1409 1579 1424 1605 ,
1455 1529 1637 1605 καλῶς
1665 1529 1731 1595 ἂν

145 1630 378 1703 ὕστερον
400 1630 588 1704 Πατὴρ
621 1619 715 1684 καῖ
737 1633 823 1685 ἐπ’
844 1632 1008 1686 αὑτοῦ
1028 1650 1042 1662 ·
1067 1633 1116 1685 εί
1133 1631 1188 1684 δὲ
1204 1632 1265 1686 οὐ
1293 1632 1504 1703 ποίημα
1524 1633 1553 1685 6
1578 1633 1728 1699 Υἱὸς,

142 1723 229 1778 ἀεὶ
249 1723 363 1794 ἄρα
380 1723 410 1774 6
424 1722 632 1794 Πατὴρ,
663 1723 749 1777 ἀεὶ
779 1724 873 1777 καὶ
899 1725 928 1776 6
947 1724 1095 1788 Υἱός.
1124 1725 1188 1777 Εἰ
1209 1723 1266 1777 δὲ
1290 1725 1378 1777 ἀεὶ
1398 1723 1427 1776 ὁ
1447 1708 1578 1788 Υίδς
1601 1725 1731 1798 (98),

1907 1541 2000 1627 16.
2029 1524 2370 1612 Quapropter
2405 1543 2452 1598 si
2487 1525 2659 1600 Filius
2687 1555 2833 1602 esset
2877 1562 3060 1617 opus;
3102 1557 3249 1622 recte
3276 1561 3420 1618 quod

1835 1647 1942 1704 que
1972 1630 2132 1688 Pater
2173 1633 2290 1704 ejus
2335 1647 2521 1704 postea
2548 1635 2868 1693 eiIiceretur.
2903 1638 3009 1694 Sed
3038 1638 3084 1694 si
3110 1637 3282 1694 Filius
3305 1636 3426 1696 non'

1837 1731 1924 1779 est
1956 1732 2096 1793 opus
2120 1762 2142 1790 ,-
2178 1740 2396 1794 semper
2427 1741 2557 1794 ergo
2575 1723 2755 1792 Pater,
2780 1742 2994 1798 semper
3017 1736 3072 1783 et
3102 1726 3276 1783 Filius
3307 1720 3414 1784 est.

143 1817 308 1881 αὐτὸς
339 1815 408 1870 ἂν
433 1815 519 1888 εἴη
552 1817 580 1868 6
607 1815 838 1916 Λόγος...
856 1816 920 1868 Ei
950 1815 1058 1887 γὰρ
1101 1815 1177 1888 μὴ
1212 1815 1342 1916 Υἱὸς
1369 1816 1454 1888 εἴη
1487 1806 1517 1870 6
1542 1818 1726 1888 Λόγος,

1844 1814 1901 1869 Si
1930 1830 2097 1885 porro
2125 1831 2339 1886 semper
2361 1827 2445 1890 est
2469 1803 2694 1916 Filius,“
2692 1817 2868 1888 ipsum
2903 1834 3037 1875 sane
3065 1806 3230 1874 fuerit
3279 1820 3418 1876 Ver-

142 1909 236 1962 καὶ
263 1906 425 1961 τοῦτό
447 1923 533 1970 τις
558 1900 880 1976 ἀπστολμῶν
909 1905 1052 1959 εἴποι
1069 1923 1084 1937 ο
1115 1905 1151 1977 ἢ
1189 1899 1281 1959 τὸν
1313 1906 1486 1975 Λόγον
1511 1907 1734 1979 Πατέρα

142 1999 374 2071 λέγει,..ἢ
398 1999 489 2054 τὸν
515 1999 644 2052 Υἱὸν
665 1997 949 2070 κρείττονα
977 1997 1070 2052 τοῦ
1095 1992 1292 2067 Λόγου.
1320 1989 1428 2052 Τοῦ
1458 2000 1566 2073 γὰρ
1600 2000 1733 2055 Υἱοῦ

142 2093 201 2146 ὲν
225 2091 454 2153 κόλποις
479 2089 633 2152 ὄντος
651 2087 746 2142 τοῦ
777 2089 1011 2160 Πατρὺς,
1042 2089 1264 2162 ἀνάγκη
1287 2091 1329 2162 ἣ⁴
1355 2089 1439 2163 μὴ.
1463 2087 1602 2145 εἶναι
1626 2093 1734 2164 πρὸ

144 2182 277 2239 Υἱοῦ
308 2183 403 2236 τὸν
436 2181 549 2251 (99)
586 2173 791 2250 Λόγον·
819 2175 971 2235 οὐδέν
993 2175 1101 2253 γάρ
1130 2184 1247 2236 ἐστι
1293 2183 1401 2255 πρὸ
1441 2183 1536 2238 τοῦ
1583 2185 1735 2245 ὄντος

144 2276 202 2328 ὲν
224 2271 306 2344 τῷ
335 2271 514 2343 Πατρί
532 2287 547 2302 ·
581 2270 616 2341 ἢ
642 2273 690 2324 εί
718 2259 748 2323 6
771 2271 942 2340 Λόγος
966 2260 1124 2336 ἄλλος
1144 2272 1261 2326 ἐστὶ
1290 2273 1442 2346 παρὰ
1467 2274 1565 2328 τὺν
1583 2275 1730 2339 Υἱὸν,

141 2369 172 2421 6
201 2366 382 2435 Λόγος
412 2364 481 2420 ἃν
504 2364 590 2435 εἴη
619 2365 648 2417 6
675 2353 884 2436 Πατὴρ,
914 2365 972 2417 ἔν
993 2357 1038 2432 ᾧ
1065 2367 1212 2418 ἐστιν
1237 2366 1266 2418 6
1288 2365 1438 2430 Υἱός.
1465 2368 1530 2422 Ei
1555 2367 1612 2421 δὲ
1632 2369 1733 2423 οὐκ

142 2455 293 2511 ἐστιν
313 2459 346 2511 6
366 2455 540 2524 Λόγος
567 2453 777 2528 Πατὴρ,
805 2454 940 2510 ἀλλὰ
968 2455 1159 2523 Λόγος,
1183 2455 1340 2522 ἐκτὸς
1372 2457 1440 2512 ἂν
1466 2459 1550 2532 εἴη
1580 2461 1608 2514 6
1631 2461 1734 2514 A6-

143 2566 239 2620 γος
269 2547 370 2602 τοῦ
398 2545 641 2618 Πατρὸς,
676 2545 827 2610 ὄντος
851 2545 947 2599 τοῦ
986 2545 1117 2599 Υίοῦ
1145 2548 1204 2598 ὲν
1226 2549 1340 2611 τοῖς
1386 2547 1607 2615 κόλποις
1636 2549 1731 2604 τοῦ

144 2639 386 2714 Πατρός.
408 2640 485 2694 Οὐ
507 2641 616 2713 γὰρ
642 2638 946 2710 ἀμφότερα,
981 2637 1010 2690 ὅ
1041 2655 1101 2690 τε
1124 2638 1298 2707 Λόγος
1325 2633 1420 2693 καῖ
1439 2642 1468 2694 6
1489 2640 1637 2707 Υἱὸς,
1673 2644 1733 2697 ὲν

141 2732 258 2794 τοῖς
285 2729 529 2794 κόλποις,
559 2728 675 2782 ἀλλ’
700 2727 798 2782 ἕνα
829 2724 968 2782 εἶναι
995 2728 1096 2794 δεῖ,
1122 2716 1216 2783 καί
1240 2727 1428 2785 τοῦτον
1457 2730 1548 2786 τὸν
1576 2732 1726 2798 Υἱὸν,

143 2822 204 2887 ὃς
242 2822 366 2875 ἔστι
407 2821 719 2892 μονογενής.
771 2812 883 2873 Καῖ
917 2820 1112 2885 πάλιν,
1145 2822 1194 2873 εί
1215 2819 1371 2885 ἄλλος
1394 2817 1539 2876 ἐστὶν
1569 2824 1598 2877 6
1628 2826 1732 2878 A6-

143 2929 242 2982 γος
271 2910 382 2984 (1),
410 2912 505 2966 καὶ
532 2911 690 2975 ἄλλος
735 2911 764 2964 6
793 2905 955 2980 Υίδς,
987 2912 1250 2985 κρείττων
1301 2902 1657 2987 εὗρεθήσεται
1701 2913 1731 2970 ό

143 3004 278 3069 Υἱὸς
323 3003 422 3056 τοῦ
460 3002 668 3071 Λόγου·
717 3003 893 3068 οὐδεὶς
924 3003 1034 3075 γὰρ
1075 3001 1330 3072 γινώσκει
1360 3004 1453 3058 τὸν
1488 3007 1726 3080 Πατέρα,

142 3100 193 3152 εί
221 3096 299 3170 μὴ
330 3099 361 3151 6
383 3095 532 3161 Υἱὸς,
565 3097 663 3168 οὐχ
692 3099 721 3150 6
745 3096 935 3166 Λόγος.
975 3097 1046 3150 Ἢ
1065 3095 1243 3150 τοίνυν
1273 3097 1373 3152 οὐκ
1399 3094 1548 3152 οἶδεν
1568 3102 1598 3153 6
1627 3101 1730 3153 A6-

141 3205 263 3259 γος,
284 3188 320 3262 ἢ
346 3189 396 3242 εἰ
417 3185 524 3242 οἶδε
547 3188 739 3258 ψεῦδος
756 3187 837 3253 τὸ,
863 3185 1073 3255 οὐδεῖς
1096 3187 1394 3258 γινώσκει.
1425 3191 1499 3244 T6
1519 3191 1653 3244 αὐτὸ
1674 3191 1732 3244 δὲ

143 3281 240 3336 καὶ
269 3281 365 3335 ἐπὶ
391 3279 508 3344 τοῦ,
549 3279 612 3333 '0
643 3278 916 3349 ἑωρακὼς
940 3271 1065 3350 ἐμὲ,
1095 3281 1317 3352 ἑώρακε
1343 3283 1450 3336 τὸν
1470 3284 1724 3353 Πατέρα,

142 3373 262 3436 καὶ,
278 3370 424 3442 Ἐγὼ
450 3369 552 3425 καὶ
573 3373 606 3426 6
632 3369 834 3440 Πατὴρ
853 3369 922 3425 ἐν
948 3372 1162 3442 ἐσμεν-ο
1194 3368 1325 3427 Υίοῦ
1347 3374 1456 3446 γάρ
1484 3376 1590 3428 εἰσι
1613 3393 1727 3445 φω-

149 3467 273 3530 δαὶ,
318 3465 418 3518 καὶ
449 3464 508 3517 οὐ
554 3463 730 3533 Λόγου
783 3464 903 3518 κατ’
936 3463 1134 3529 αὐτούς
1153 3481 1170 3498 ο
1201 3465 1360 3536 δῆλον
1390 3467 1448 3522 δὲ
1476 3456 1586 3520 ἀπό
1616 3466 1727 3520 τῶν

139 3556 512 3626 Εὐαγγελίων.
535 3555 692 3610 Κατὰ
717 3554 827 3627 γὰρ
849 3555 939 3610 τὸν
973 3556 1225 3630 Ἰωάννην
1250 3553 1346 3630 (2),
1363 3557 1611 3627 λέγοντος
1631 3549 1726 3612 τοῦ

139 3647 375 3718 Κυρίου,
417 3644 565 3716 Ἐγὼ
592 3645 691 3699 καὶ
724 3649 757 3699 6
788 3644 991 3715 Πατὴρ
1029 3645 1101 3700 ἐν
1128 3643 1351 3716 ἐσμεν,
1380 3646 1729 3701 ἐϐάστασαν

139 3744 357 3809 λίθους
385 3744 440 3796 οι
490 3745 780 3810 Ἰουδαῖοι,
807 3746 905 3798 ἵνα
930 3744 1267 3801 λιθάσωσιν
1293 3735 1496 3799 αὐτόν.
1562 3745 1729 3797 Ἀπε-

139 3835 316 3903 κρίθη
350 3835 555 3902 αὐτοῖς
581 3839 614 3890 6
655 3837 926 3906 Ἰησοῦς⁹
961 3836 1171 3891 Πολλὰ
1202 3836 1347 3906 ἔργα
1387 3835 1544 3890 καλὰ
1574 3834 1725 3889 ἐδει-

141 3926 222 3992 ξα
239 3926 388 3996 ὑμῖν
407 3927 476 3980 ἐκ
500 3926 606 3981 τοῦ
629 3929 858 3996 Πατρός
872 3945 887 3959 ο
918 3927 1016 3982 διὰ
1034 3927 1209 3981 ποῖον
1227 3916 1427 3982 αὑτῶν
1452 3927 1529 3998 (5)
1552 3926 1729 3996 ἔργον

137 4017 248 4088 ἐμὲ
301 4017 601 4083 λιθάζετε;
637 4020 1065 4089 Ἀπεκρίθησαν
1111 4007 1271 4086 αὐτῷ
1298 4022 1353 4074 οι
1417 4012 1723 4075 Ἰουδαῖοιο

138 4109 287 4179 Περὶ
343 4110 539 4166 καλοῦ
570 4110 748 4181 ἔργου
797 4113 870 4166 οὐ
914 4108 1227 4181 λιθάζομέν
1266 4127 1372 4176 σε,
1409 4101 1570 4166 ἀλλὰ
1595 4109 1729 4178 περὶ

133 4203 557 4273 βλασφημίας,
590 4203 689 4260 καί
711 4202 788 4274 (4)
810 4203 900 4257 ὅτι
925 4203 1028 4270 σὺ,
1059 4203 1368 4272 ἅνθρωπος
1394 4199 1512 4268 ὢν,
1540 4202 1729 4268 ποιεῖς

139 4293 410 4350 σεαυτὸν
445 4295 612 4350 Θεόν.
659 4295 972 4365 ’Δπεκρίθη
1004 4295 1210 4362 αὐτοῖς
1236 4298 1270 4349 6
1308 4294 1547 4363 Ἰησοῦς
1566 4310 1579 4324 ·
1605 4296 1728 4348 Οὐκ

139 4385 278 4439 ἔστι
300 4388 706 4456 γεπραμμένον
728 4386 799 4440 ἐν
824 4383 906 4451 τῷ
928 4387 1089 4455 νόμῳ
1107 4384 1293 4456 ὑμῶν,
1319 4384 1410 4439 ὅτι
1431 4385 1544 4454 ἐγὼ
1563 4379 1724 4449 εἷπα,

125 4475 282 4546 ,Θεοί
316 4475 458 4528 ἐστε
469 4490 490 4540 ;
519 4477 590 4528 Et
619 4474 891 4542 ἐκείνους
932 4471 1062 4529 εἷπε
1086 4473 1292 4540 θεοὺς,
1337 4473 1486 4542 πρὸς
1533 4471 1640 4538 οὓς
1694 4475 1728 4526 6

1839 1906 1992 1980 bum.
2021 1903 2138 1962 Nisi
2164 1907 2310 1961 enim
2347 1905 2582 1962 Verbum
2647 1894 2821 1963 Filius
2851 1902 3055 1963 fuerit:
3090 1909 3181 1980 qui
3209 1908 3262 1964 id
3310 1925 3414 1965 au-

1836 1973 1992 2050 debit
2010 2011 2232 2067 negare,
2269 1994 2430 2052 fateri
2486 2013 2610 2051 eum
2662 1997 2895 2053 necesse
2914 2001 2998 2052 est
3046 1973 3131 2053 vel
3172 1995 3424 2054 Verbum‘

1835 2086 2052 2143 Patrem
2073 2102 2196 2144 esse
2221 2106 2236 2154 ;
2267 2089 2352 2143 vel
2375 2087 2576 2144 Filium
2603 2086 2788 2144 Verbo
2810 2103 2932 2144 esse
2952 2089 3414 2159 praestantiorem:

1837 2177 1973 2234 Nam
2000 2195 2128 2236 cum
2163 2178 2337 2236 Filius
2391 2181 2462 2237 sit
2512 2181 2567 2235 in
2600 2181 2725 2236 sinu
2753 2179 2930 2237 Patris
2955 2179 3022 2249 ⁸⁸,
3075 2197 3302 2238 necesse
3330 2178 3423 2238 est

1834 2270 1920 2326 vel
1949 2268 2188 2326 Verbum
2234 2279 2360 2325 ante
2405 2269 2604 2325 Filium
2640 2287 2750 2326 non
2781 2287 2903 2328 esse
2929 2289 2944 2342 ;
2973 2264 3114 2328 nihil
3153 2274 3300 2330 enim
3331 2269 3421 2331 est

1837 2369 1965 2414 ante
1987 2375 2113 2414 eum
2140 2360 2235 2429 qui
2261 2361 2316 2414 in
2354 2358 2515 2415 Patre
2539 2369 2623 2416 est
2650 2380 2664 2416 ε
2697 2362 2781 2417 vel
2811 2363 2858 2417 si
2886 2360 3123 2418 Verbum
3149 2364 3298 2420 aliud
3331 2368 3419 2421 est

1835 2458 2032 2522 praeter
2062 2448 2284 2532 Filium,
2325 2451 2575 2522 sequitur
2605 2463 2667 2508 ut
2717 2452 2954 2509 Verbum
3002 2455 3074 2510 sit
3105 2455 3221 2526 ipse
3255 2454 3417 2512 Pater

1837 2544 1891 2598 in
1929 2560 2038 2615 quo
2067 2554 2153 2600 est
2181 2542 2375 2600 Filius.
2407 2545 2564 2612 Quod
2617 2547 2662 2602 si
2697 2547 2935 2602 Verbum
2977 2547 3089 2603 non
3115 2557 3202 2605 est
3231 2548 3417 2620 Pater;

1837 2636 1932 2691 sed
1982 2635 2270 2692 Verbum:
2311 2636 2478 2708 igitur
2530 2620 2765 2693 Verbum
2827 2649 2910 2694 est
2956 2644 3112 2695 ex’t’ra
3159 2639 3417 2710 Patrem,

1834 2727 2037 2798 quippe
2068 2724 2204 2782 cum“
2243 2727 2416 2784 Filius
2463 2728 2520 2782 in
2573 2729 2697 2784 sinu
2744 2720 2924 2787 Patris
2971 2732 3062 2787 sit.
3108 2729 3220 2788 Nec
3265 2734 3422 2788 enim‘

1835 2820 2019 2888 ambo,
2050 2834 2246 2890 nempe
2267 2818 2504 2875 Verbum
2530 2831 2585 2875 et
2606 2819 2778 2877 Filius
2812 2823 2868 2876 in
2898 2822 3025 2879 sinu
3059 2821 3240 2880 Patris
3262 2835 3412 2892 sunt,

1835 2912 1932 2967 sed
1973 2927 2144 2966 unum
2184 2927 2308 2968 esse
2353 2921 2587 2982 Oportet,
2641 2928 2878 2984 eumque
2927 2904 3150 2984 Filium,
3201 2917 3297 2987 qui
3333 2917 3419 2972 est

1834 2987 2180 3076 Unigenitus.
2219 3003 2454 3072 Rursus,
2498 3005 2546 3060 si
2594 3003 2743 3060 aliud
2776 3015 2864 3061 est
2893 3006 3132 3064 Verbum
3171 3017 3227 3064 et
3273 3010 3417 3066 alius

1835 3094 2029 3161 Filius,
2070 3095 2244 3152 Filius
2283 3079 2466 3152 Verbo
2507 3097 2854 3167 praestantior
2903 3099 3028 3155 erit.
3059 3098 3233 3158 Nemo
3265 3102 3422 3156 enim‘

1759 3203 1805 3265 ο
1835 3187 2054 3244 Patrem
2076 3189 2361 3260 cognoscit
2380 3188 2488 3245 nisi
2511 3187 2686 3246 Filius
2709 3192 2780 3256 ",
2801 3190 2912 3246 non
2942 3201 3126 3247 autem
3151 3190 3415 3249 Verbum.

1830 3271 1932 3334 Vel
1965 3280 2132 3351 igitur
2162 3275 2379 3334 Patrem
2402 3295 2512 3334 non
2549 3281 2700 3335 novit
2735 3279 2969 3337 Verbum
3001 3299 3016 3348 ;
3045 3282 3130 3337 vel
3158 3282 3206 3338 si
3234 3283 3411 3349 novit,

1827 3363 1966 3428 false
1991 3362 2210 3440 dicitur,
2235 3369 2404 3425 Nemo
2427 3372 2593 3427 novit.
2627 3373 2785 3440 Quod
2819 3373 2963 3428 idem
2995 3374 3299 3444 urgendum
3327 3372 3418 3432 est

1829 3461 1900 3518 de
1927 3462 2079 3518 hisce
2115 3463 2320 3529 verbis,
2361 3461 2467 3528 Qui
2501 3457 2640 3517 vidit
2681 3480 2782 3531 me,
2820 3463 2951 3518 vidit
2991 3461 3301 3532 Patrem“,
3331 3474 3411 3534 et,

1831 3551 1945 3624 Ego
1973 3563 2024 3608 et
2051 3553 2217 3609 Pater
2241 3571 2404 3608 unum
2427 3570 2608 3610 sumus
2627 3555 2694 3610 ⁶¹.
2718 3554 2968 3628 Namque
2992 3557 3077 3614 hae
3101 3574 3264 3615 voces
3282 3556 3414 3617 Filii

1830 3653 1979 3710 sunt,
2016 3659 2128 3699 non
2154 3643 2342 3710 Verbi,
2373 3653 2435 3700 ut
2461 3646 2658 3715 putant
2684 3646 2784 3712 illi,
2812 3643 2975 3718 idque
3001 3650 3068 3704 ei
3095 3647 3164 3703 Ει
3177 3650 3415 3720 a'ngeliis'

1830 3737 2132 3793 dilucidum
2163 3747 2266 3792 est.
2319 3733 2456 3792 Nam
2495 3733 2760 3805 Domino,
2801 3738 2861 3793 ut
2903 3751 3093 3795 narrat
3143 3739 3410 3808 Joannes,

1828 3829 2062 3894 dicente,
2095 3828 2210 3900 Ego
2235 3839 2285 3884 et
2317 3824 2484 3884 Pater
2500 3827 2673 3883 unum
2692 3846 2898 3898 sumus,
2921 3830 3249 3886 sustulerunt
3269 3833 3412 3903 lapi-

1830 3919 1919 3973 des
1952 3917 2152 3985 Judwi,
2189 3929 2247 3972 ut
2277 3915 2582 3989 tapid'arent'
2607 3921 2747 3974 eum.
2777 3917 3068 3988 Respondit
3099 3921 3175 3976 eis
3201 3919 3358 3976 Jes'us
3385 3924 3414 3975 :'

1833 4008 2010 4062 Multa
2037 4025 2198 4079 Opera
2232 4011 2368 4063 b'ona
2417 4009 2626 4064 ostendi
2656 4010 2802 4064 vobis
2850 4025 2916 4064 ea:
2959 4009 3143 4078 Patre,
3187 4015 3410 4080 propt‘e‘r'

1829 4102 1967 4172 quod
2019 4100 2212 4154 bonum
2249 4112 2379 4171 opus
2431 4101 2512 4154 me
2562 4100 2821 4172 lapidatis
2846 4099 2881 4156 1"
2917 4100 3318 4172 Responderunt
3357 4104 3411 4158 ei

1829 4192 2050 4248 Judaei:
2086 4187 2166 4248 De
2211 4195 2343 4249 bono
2383 4197 2534 4264 opere
2574 4211 2681 4248 non
2728 4193 3031 4264 lapidamus
3081 4205 3150 4261 te,
3198 4196 3296 4250 sed
3340 4197 3412 4250 de

1830 4283 2176 4357 blasphemia,
2205 4297 2256 4342 et
2285 4287 2413 4357 quia
2443 4296 2500 4340 tu
2531 4286 2686 4339 homo
2721 4288 2848 4340 cu'm'
2885 4289 2980 4353 sis,
3013 4286 3149 4356 [adis
3179 4289 3409 4358 teipsum

1829 4381 2021 4435 Deum.
2062 4379 2352 4450 Respondit
2372 4381 2447 4434 eis
2477 4379 2635 4436 Iesus
2657 4397 2676 4434 .'
2719 4378 2909 4435 Nonne
2953 4382 3216 4451 scriptum
3242 4392 3320 4437 est
3349 4384 3411 4437 in"

1830 4471 1939 4543 lege
1967 4480 2161 4537 vestra,
2211 4472 2340 4542 quia
2374 4488 2466 4542 ego
2498 4473 2637 4539 dixi,
2671 4471 2760 4525 Dii
2789 4472 2962 4527 estis?
3005 4470 3066 4526 Si
3099 4472 3224 4527 illos
3267 4475 3413 4529 dixit
3499 4493 3501 4495 ί

125 4549 337 4637 ’Λόγος
364 4565 472 4620 τοῦ
500 4566 649 4621 Θεοῦ
677 4567 936 4637 ἐγένετο,
964 4567 1064 4620 καὶ
1088 4569 1160 4621 οὑ
1192 4565 1442 4621 δύναται
1466 4564 1724 4634 λυθῆναι

1835 4564 1952 4618 deos
1982 4565 2052 4618 ad
2091 4581 2220 4634 quos
2259 4562 2483 4617 Verbum
2517 4563 2613 4617 Dei
2637 4564 2840 4634 factum
2869 4573 2968 4629 est,
3007 4575 3058 4619 et
3091 4581 3198 4618 non
3235 4570 3410 4635 potest

125 4659 182 4728 ⁹ἠ
221 4658 435 4728 Γραφῇ
456 4676 470 4690 ο
497 4659 570 4716 6r
593 4662 626 4714 6
645 4660 846 4729 Πατὴρ
874 4660 1090 4731 ἡγίασε
1121 4659 1219 4714 καὶ
1243 4658 1602 4717 ἀπέστειλεν
1635 4660 1724 4724 εἰς

1831 4657 1963 4713 solvi
1991 4643 2274 4726 Scriptura
2297 4671 2316 4708 :
2346 4671 2500 4726 quem
2527 4654 2692 4710 Pater
2717 4656 3078 4726 sanctiﬁcavit
3102 4666 3153 4711 et
3180 4658 3324 4712 misit
3351 4659 3413 4711 in

210 4843 262 4877 "
299 4842 461 4901 Joan.
490 4861 532 4913 ι,
565 4845 653 4901 18.
728 4847 775 4878 ⁵⁵
813 4844 1003 4900 Matth.
1033 4860 1110 4911 ιι,
1138 4845 1229 4899 27.
1305 4840 1351 4876 ⁸⁸
1389 4843 1548 4899 Joan.
1580 4857 1692 4910 xw,
1725 4853 1726 4865 ‘

1857 4842 1900 4874 ⁶¹
1939 4839 2100 4896 Joan.
2132 4855 2189 4907 ι,
2221 4822 2310 4894 '30.

232 5057 326 5130 95)
367 5057 684 5130 Rasiliensis
701 5068 764 5130 et
783 5057 1444 5130 Anglicanus,’Apemv6v4
1466 5057 1585 5127 μέν,
1611 5066 1715 5130 etc.

233 5126 326 5198 96)
368 5127 501 5200 Reg.
540 5126 668 5199 Seg.
700 5126 964 5185 Basil.—et
1000 5126 1231 5199 Anglic.
1256 5126 1576 5200 γινομένων.
1612 5127 1720 5182 Alii

127 5211 273 5265 .‘vero
298 5208 353 5254 et
376 5199 528 5268 editi.
557 5200 887 5268 γενομένων.

208 5268 328 5340 (97)
368 5266 461 5324 Sic
493 5266 628 5340 Reg.
667 5266 791 5342 Seg.
822 5279 876 5325 et
906 5267 1125 5324 Gobler.
1163 5266 1223 5323 in
1251 5269 1375 5325 aliis
1414 5279 1470 5324 et
1496 5268 1659 5324 editis
1687 5271 1718 5323 6

127 5347 315 5395 :ueest.

206 5409 326 5482 (98)
363 5408 566 5482 Regius
614 5419 670 5466 et
713 5405 1100 5480 Seguerianus,
1142 5411 1230 5465 ἀεὶ
1260 5402 1408 5475 Υἱός.
1441 5409 1633 5466 Caeteri
1660 5417 1715 5465 et

128 5464 664 5552 sanguine:
1220 5464 1225 5465 ⁷

229 5551 757 5624 εἷθλυεείιίεηείελει
782 5552 1136 5624 Anglicanus,
1165 5553 1276 5624 πρὸ
1301 5550 1395 5605 τοῦ
1415 5551 1570 5624 Υίοῢ.

234 5621 535 5693 URegius
580 5633 635 5677 et
675 5621 1040 5693 Seguer’ianus
1061 5621 1223 5676 ἐστίν’
1238 5624 1515 5678 omittunt.
1543 5621 1712 5678 Iidem

128 5689 348 5764 ibidem,
377 5689 543 5764 Basil.
578 5704 632 5747 et
655 5689 862 5764 Anglic.
888 5695 982 5748 καὶ
1005 5693 1161 5758 ἄλλος
1189 5694 1338 5757 Υίός.

205 5763 290 5834 (2)
328 5763 462 5838 Reg.
507 5763 633 5835 Seg.
663 5761 825 5818 Basil.
854 5765 1141 5833 Anglican.
1187 5764 1395 5827 addunt
1422 5762 1582 5821 Κατὰ
1607 5763 1714 5833 γὰο

455 5862 730 5925 Pauor”
769 5861 890 5925 Gn.
921 5861 1172 5946 XXVI.-

214 4957 328 5058 Ὧι)
369 4985 592 5057 Regius,
620 4989 670 5040 εἰ
698 4987 758 5041 δὲ
789 4988 818 5040 6
845 4987 1035 5059 Πατὴρ
1065 4989 1094 5040 6
1127 4986 1280 5052 Θεός.

367 5057 684 5113 Basiliensis
709 5068 764 5112 et
783 5058 1278 5146 Anglicaiuls,"Ape

233 5126 304 5182 9b
368 5127 501 5197 Reg.
540 5126 668 5197 Seg.
700 5128 865 5184 Basnl.
909 5137 964 5185 et
1000 5129 1213 5197 Anglic.
1256 5142 1280 5197 γ

1817 4986 1908 5059 τὸν
1945 4985 2219 5059 Ἰωάννην,
2254 4979 2728 5059 quaa‘absuntab
2773 4981 2898 5037 aiiis
2951 4975 3243 5059 etheditis’:
3276 4975 3404 5059 Mog

1818 5045 2330 5128 Reg.Sﬁeg."Basil.
2371 5050 2932 5128 Anglic_._§66tcracav
2970 5049 3172 5112 λίθους.
3203 5045 3402 5102 Caneri

1815 5137 1870 5182 et
1897 5121 2391 5189 εάἰιὶ,’ὲ6άσδτασαν
2423 5121 2532 5192 γὰρ
2560 5121 2760 5186 λίθους.
3107 5163 3109 5192 ς

1887 5197 1964 5268 (5)
2007 5195 2345 5268 SicLRegius
2384 5188 2577 5268 cedes,
2613 5193 2738 5264 Seg.
2780 5193 2948 5249 Basil.
2987 5201 3042 5248 et
3091 5188 3305 5262 Anglic.
3336 5188 3402 5246 In

1815 5263 1955 5323 aliis
1970 5275 2024 5322 et
2058 5263 2392 5322 editis'deest
2416 5263 2616 5318 αὐτῶν.
2696 5263 2707 5264 “
3401 5293 3404 5295 λ

1889 5337 1969 5462 (4)
2010 5338 2102 5392 Sic
2144 5337 2350 5409 Regius
2395 5344 2448 5389 et
2498 5333 2998 5410 SeguerianussAt
3029 5332 3120 5387 alii
3153 5341 3207 5387 et
3239 5332 3395 5414 editi,

1944 5411 2224 5462 omittunt.
2259 5406 2392 5462 Quae
2419 5404 2615 5458 ibidem
2648 5415 2973 5462 sequuntur.
2996 5405 3075 5457 ita:
3097 5410 3316 5458 exstant
3339 5419 3395 5458 in

1817 5403 1911 5462 καί
1944 5403 2392 5473 ὸπιὶιιυηιῖριιὲε
2419 5404 2615 5458 ibidem
2648 5405 2973 5475 sequuntur,
2996 5405 3075 5457 ita:
3097 5410 3316 5475 exstant
3339 5403 3397 5475 in

1818 5478 1951 5550 Reg.
1986 5477 2110 5550 Seg.
2145 5477 2309 5533 Basil.
2341 5485 2396 5550 et
2426 5476 2634 5550 Anglic.
2671 5473 2770 5550 sed
2793 5476 2846 5528 in
2891 5475 3102 5550 Anglic.
3139 5483 3190 5550 et
3222 5473 3394 5550 Basil.

1817 5541 1972 5605 abest
2005 5541 2088 5603 ὄτῖ
2116 5559 2241 5603 ante
2267 5545 2377 5617 ἐγὼ
2404 5541 2551 5598 εἷποῐ.
2581 5545 2773 5601 Caneri
2814 5555 2867 5600 et
2897 5541 3026 5617 editi
3059 5545 3138 5617 sic
3169 5545 3399 5617 habent,

1816 5621 1911 5700 6m~
1926 5620 2025 5700 σὺ,Δ
2046 5615 2330 5700 ᾷνθρωξος
2348 5615 2444 5699 ι’ἓζν,
2466 5618 2640 5700 πριεῖς
2668 5617 2892 5700 usa-.6163;
3093 5615 3205 5667 Καὶ
3231 5615 3400 5700 6‘31—

1820 5690 1946 5817 σῗῢς
2000 5685 2177 5760 λέγεὺ
2228 5686 2415 5760 Ἐντῷ
2462 5686 2611 5759 νόμῳ
2659 5687 2814 5759 ὑμῶν
2873 5687 3207 5758 γέγραπται,
3255 5685 3403 5754 Ἐγὼ

1820 5782 1841 5817 ε
1872 5780 1965 5816 πα.

1818 5780 1965 5817 ειπα.

2975 5854 3049 5914 l6
