  <div class='ocr_page' id='page_1' title='image "/cluster/home/n/w/nwhite01/storage/ocr_20150623/26/nnc1.0046978577/253.png"; bbox 0 0 3834 6220; ppageno 0'>
   <div class='ocr_carea' id='block_1_1' title="bbox 401 306 505 369">
    <p class='ocr_par' dir='ltr' id='par_1_1' title="bbox 401 306 505 369">
     <span class='ocr_line' id='line_1_1' title="bbox 401 306 505 369; baseline 0.058 -5"><span class='ocrx_word' id='word_1_1' title='bbox 401 306 505 369; x_wconf 75' lang='grc'><strong><em>491</em></strong></span> 
     </span>
    </p>
   </div>
   <div class='ocr_carea' id='block_1_2' title="bbox 1018 296 3080 360">
    <p class='ocr_par' dir='ltr' id='par_1_2' title="bbox 1018 296 3080 360">
     <span class='ocr_line' id='line_1_2' title="bbox 1018 296 3080 360; baseline -0.002 0"><span class='ocrx_word' id='word_1_2' title='bbox 1018 304 1074 360; x_wconf 90' lang='lat' dir='ltr'><strong><em>S.</em></strong></span> <span class='ocrx_word' id='word_1_3' title='bbox 1116 302 1484 359; x_wconf 81' lang='lat' dir='ltr'><strong><em>ATHANASII</em></strong></span> <span class='ocrx_word' id='word_1_4' title='bbox 1525 301 1678 359; x_wconf 89' lang='lat' dir='ltr'><strong><em>OPP.</em></strong></span> <span class='ocrx_word' id='word_1_5' title='bbox 1713 301 1896 358; x_wconf 79' lang='lat' dir='ltr'><strong><em>PARS</em></strong></span> <span class='ocrx_word' id='word_1_6' title='bbox 1933 300 1975 356; x_wconf 84' lang='grc'><em>1.</em></span> <span class='ocrx_word' id='word_1_7' title='bbox 2015 331 2085 346; x_wconf 90' lang='lat'><strong><em>—-</em></strong></span> <span class='ocrx_word' id='word_1_8' title='bbox 2125 298 2501 358; x_wconf 80' lang='lat' dir='ltr'><strong><em>HISTORICA</em></strong></span> <span class='ocrx_word' id='word_1_9' title='bbox 2537 296 2629 355; x_wconf 84' lang='lat' dir='ltr'><strong><em>ET</em></strong></span> <span class='ocrx_word' id='word_1_10' title='bbox 2661 297 3080 356; x_wconf 78' lang='lat' dir='ltr'><strong><em>DOGMATICA.</em></strong></span> 
     </span>
    </p>
   </div>
   <div class='ocr_carea' id='block_1_3' title="bbox 3540 276 3686 356">
    <p class='ocr_par' dir='ltr' id='par_1_3' title="bbox 3540 276 3686 356">
     <span class='ocr_line' id='line_1_3' title="bbox 3540 276 3686 356; baseline 0 0"><span class='ocrx_word' id='word_1_11' title='bbox 3540 276 3686 356; x_wconf 68' lang='lat' dir='ltr'><strong><em>is:</em></strong></span> 
     </span>
    </p>
   </div>
   <div class='ocr_carea' id='block_1_4' title="bbox 406 402 1979 490">
    <p class='ocr_par' dir='ltr' id='par_1_4' title="bbox 406 414 1979 490">
     <span class='ocr_line' id='line_1_4' title="bbox 406 414 1979 490; baseline -0.008 -8"><span class='ocrx_word' id='word_1_12' title='bbox 406 424 696 486; x_wconf 86' lang='lat' dir='ltr'><strong><em>mundum.</em></strong></span> <span class='ocrx_word' id='word_1_13' title='bbox 736 438 825 478; x_wconf 78' lang='lat' dir='ltr'><strong><em>vos</em></strong></span> <span class='ocrx_word' id='word_1_14' title='bbox 878 419 1057 474; x_wconf 88' lang='lat' dir='ltr'><strong><em>dicitis</em></strong></span> <span class='ocrx_word' id='word_1_15' title='bbox 1102 420 1229 490; x_wconf 85' lang='lat' dir='ltr'><strong><em>quia</em></strong></span> <span class='ocrx_word' id='word_1_16' title='bbox 1272 416 1644 487; x_wconf 84' lang='lat' dir='ltr'><strong><em>Btasphemas,</em></strong></span> <span class='ocrx_word' id='word_1_17' title='bbox 1676 416 1805 487; x_wconf 84' lang='lat' dir='ltr'><strong><em>quia</em></strong></span> <span class='ocrx_word' id='word_1_18' title='bbox 1848 414 1979 481; x_wconf 70' lang='lat' dir='ltr'><strong><em>dixi,</em></strong></span> 
     </span>
    </p>
   </div>
   <div class='ocr_carea' id='block_1_5' title="bbox 2123 402 3687 490">
    <p class='ocr_par' dir='ltr' id='par_1_5' title="bbox 2123 402 3687 484">
     <span class='ocr_line' id='line_1_5' title="bbox 2123 402 3687 484; baseline 0 -16"><span class='ocrx_word' id='word_1_19' title='bbox 2123 413 2198 468; x_wconf 58' lang='grc' dir='ltr'><strong><em>’ὸν</em></strong></span> <span class='ocrx_word' id='word_1_20' title='bbox 2227 415 2493 484; x_wconf 80' lang='grc' dir='ltr'><em>κόσμον,</em></span> <span class='ocrx_word' id='word_1_21' title='bbox 2524 402 2693 483; x_wconf 74' lang='grc' dir='ltr'><em>ὑμεῖς</em></span> <span class='ocrx_word' id='word_1_22' title='bbox 2710 413 2945 483; x_wconf 76' lang='grc' dir='ltr'><em>λέγετε,</em></span> <span class='ocrx_word' id='word_1_23' title='bbox 2993 406 3085 467; x_wconf 78' lang='grc' dir='ltr'><em>ὅτι</em></span> <span class='ocrx_word' id='word_1_24' title='bbox 3128 410 3555 482; x_wconf 72' lang='grc' dir='ltr'><em>Βλασφημεῖς,</em></span> <span class='ocrx_word' id='word_1_25' title='bbox 3592 412 3687 469; x_wconf 79' lang='grc' dir='ltr'><em>ὅτι</em></span> 
     </span>
    </p>
   </div>
   <div class='ocr_carea' id='block_1_6' title="bbox 402 507 1987 587">
    <p class='ocr_par' dir='ltr' id='par_1_6' title="bbox 402 507 1987 587">
     <span class='ocr_line' id='line_1_6' title="bbox 402 507 1987 587; baseline -0.008 -13"><span class='ocrx_word' id='word_1_26' title='bbox 402 518 581 574; x_wconf 76' lang='lat' dir='ltr'><strong><em>Filius</em></strong></span> <span class='ocrx_word' id='word_1_27' title='bbox 607 515 705 571; x_wconf 88' lang='lat' dir='ltr'><strong><em>Dei</em></strong></span> <span class='ocrx_word' id='word_1_28' title='bbox 741 529 859 587; x_wconf 67' lang='lat' dir='ltr'><strong><em>sunt</em></strong></span> <span class='ocrx_word' id='word_1_29' title='bbox 882 513 908 566; x_wconf 87' lang='lat'><strong><em>.’</em></strong></span> <span class='ocrx_word' id='word_1_30' title='bbox 935 509 995 566; x_wconf 84' lang='lat' dir='ltr'><strong><em>Si</em></strong></span> <span class='ocrx_word' id='word_1_31' title='bbox 1040 526 1147 565; x_wconf 81' lang='lat' dir='ltr'><strong><em>non</em></strong></span> <span class='ocrx_word' id='word_1_32' title='bbox 1191 508 1332 579; x_wconf 81' lang='lat' dir='ltr'><strong><em>facio</em></strong></span> <span class='ocrx_word' id='word_1_33' title='bbox 1375 523 1535 579; x_wconf 83' lang='lat' dir='ltr'><strong><em>opera</em></strong></span> <span class='ocrx_word' id='word_1_34' title='bbox 1579 507 1788 569; x_wconf 90' lang='lat' dir='ltr'><strong><em>Patris,</em></strong></span> <span class='ocrx_word' id='word_1_35' title='bbox 1823 507 1987 562; x_wconf 81' lang='lat' dir='ltr'><strong><em>nolite</em></strong></span> 
     </span>
    </p>
   </div>
   <div class='ocr_carea' id='block_1_7' title="bbox 402 600 1985 672">
    <p class='ocr_par' dir='ltr' id='par_1_7' title="bbox 402 600 1985 672">
     <span class='ocr_line' id='line_1_7' title="bbox 402 600 1985 672; baseline -0.009 -6"><span class='ocrx_word' id='word_1_36' title='bbox 402 611 612 666; x_wconf 81' lang='lat' dir='ltr'><strong><em>credere</em></strong></span> <span class='ocrx_word' id='word_1_37' title='bbox 640 605 792 661; x_wconf 83' lang='lat' dir='ltr'><strong><em>mihi.</em></strong></span> <span class='ocrx_word' id='word_1_38' title='bbox 827 602 927 659; x_wconf 83' lang='lat' dir='ltr'><strong><em>Sin</em></strong></span> <span class='ocrx_word' id='word_1_39' title='bbox 961 611 1138 657; x_wconf 90' lang='lat' dir='ltr'><strong><em>autem</em></strong></span> <span class='ocrx_word' id='word_1_40' title='bbox 1160 601 1323 672; x_wconf 80' lang='lat' dir='ltr'><strong><em>facio,</em></strong></span> <span class='ocrx_word' id='word_1_41' title='bbox 1356 610 1405 655; x_wconf 90' lang='lat' dir='ltr'><strong><em>et</em></strong></span> <span class='ocrx_word' id='word_1_42' title='bbox 1436 602 1482 655; x_wconf 90' lang='lat' dir='ltr'><strong><em>si</em></strong></span> <span class='ocrx_word' id='word_1_43' title='bbox 1525 601 1656 654; x_wconf 82' lang='lat' dir='ltr'><strong><em>mihi</em></strong></span> <span class='ocrx_word' id='word_1_44' title='bbox 1691 615 1797 654; x_wconf 87' lang='lat' dir='ltr'><strong><em>non</em></strong></span> <span class='ocrx_word' id='word_1_45' title='bbox 1825 600 1985 653; x_wconf 85' lang='lat' dir='ltr'><strong><em>vultis</em></strong></span> 
     </span>
    </p>
   </div>
   <div class='ocr_carea' id='block_1_8' title="bbox 403 692 1984 767">
    <p class='ocr_par' dir='ltr' id='par_1_8' title="bbox 403 692 1984 767">
     <span class='ocr_line' id='line_1_8' title="bbox 403 692 1984 767; baseline -0.006 -12"><span class='ocrx_word' id='word_1_46' title='bbox 403 699 635 763; x_wconf 80' lang='lat' dir='ltr'><strong><em>credere,</em></strong></span> <span class='ocrx_word' id='word_1_47' title='bbox 687 693 931 767; x_wconf 75' lang='lat' dir='ltr'><strong><em>operibus</em></strong></span> <span class='ocrx_word' id='word_1_48' title='bbox 971 693 1187 761; x_wconf 77' lang='lat' dir='ltr'><strong><em>credite,</em></strong></span> <span class='ocrx_word' id='word_1_49' title='bbox 1231 700 1289 747; x_wconf 92' lang='lat' dir='ltr'><strong><em>ut</em></strong></span> <span class='ocrx_word' id='word_1_50' title='bbox 1332 692 1520 747; x_wconf 92' lang='lat' dir='ltr'><strong><em>sciatis</em></strong></span> <span class='ocrx_word' id='word_1_51' title='bbox 1563 700 1615 747; x_wconf 87' lang='lat' dir='ltr'><strong><em>et</em></strong></span> <span class='ocrx_word' id='word_1_52' title='bbox 1655 693 1984 764; x_wconf 86' lang='lat' dir='ltr'><strong><em>cognoscatis</em></strong></span> 
     </span>
    </p>
   </div>
   <div class='ocr_carea' id='block_1_9' title="bbox 393 782 1988 863">
    <p class='ocr_par' dir='ltr' id='par_1_9' title="bbox 393 782 1988 863">
     <span class='ocr_line' id='line_1_9' title="bbox 393 782 1988 863; baseline -0.005 -18"><span class='ocrx_word' id='word_1_53' title='bbox 393 791 532 863; x_wconf 91' lang='lat' dir='ltr'><strong><em>quia</em></strong></span> <span class='ocrx_word' id='word_1_54' title='bbox 555 788 722 844; x_wconf 90' lang='lat' dir='ltr'><strong><em>Pater</em></strong></span> <span class='ocrx_word' id='word_1_55' title='bbox 751 788 809 841; x_wconf 85' lang='lat' dir='ltr'><strong><em>in</em></strong></span> <span class='ocrx_word' id='word_1_56' title='bbox 830 802 910 842; x_wconf 88' lang='lat' dir='ltr'><strong><em>me</em></strong></span> <span class='ocrx_word' id='word_1_57' title='bbox 936 794 1035 853; x_wconf 88' lang='lat' dir='ltr'><strong><em>est,</em></strong></span> <span class='ocrx_word' id='word_1_58' title='bbox 1062 794 1111 839; x_wconf 93' lang='lat' dir='ltr'><strong><em>et</em></strong></span> <span class='ocrx_word' id='word_1_59' title='bbox 1137 801 1229 856; x_wconf 89' lang='lat' dir='ltr'><strong><em>ego</em></strong></span> <span class='ocrx_word' id='word_1_60' title='bbox 1253 785 1308 838; x_wconf 82' lang='lat' dir='ltr'><strong><em>in</em></strong></span> <span class='ocrx_word' id='word_1_61' title='bbox 1333 783 1499 839; x_wconf 80' lang='lat' dir='ltr'><strong><em>Patre</em></strong></span> <span class='ocrx_word' id='word_1_62' title='bbox 1522 783 1586 837; x_wconf 80' lang='lat'><strong><em>“.</em></strong></span> <span class='ocrx_word' id='word_1_63' title='bbox 1610 782 1796 854; x_wconf 82' lang='lat' dir='ltr'><strong><em>Atqui,</em></strong></span> <span class='ocrx_word' id='word_1_64' title='bbox 1823 791 1988 854; x_wconf 81' lang='lat' dir='ltr'><strong><em>prout</em></strong></span> 
     </span>
    </p>
   </div>
   <div class='ocr_carea' id='block_1_10' title="bbox 398 874 1985 952">
    <p class='ocr_par' dir='ltr' id='par_1_10' title="bbox 398 874 1985 952">
     <span class='ocr_line' id='line_1_10' title="bbox 398 874 1985 952; baseline -0.004 -13"><span class='ocrx_word' id='word_1_65' title='bbox 398 889 603 939; x_wconf 86' lang='lat' dir='ltr'><strong><em>sonant</em></strong></span> <span class='ocrx_word' id='word_1_66' title='bbox 638 881 757 952; x_wconf 88' lang='lat' dir='ltr'><strong><em>ipsa</em></strong></span> <span class='ocrx_word' id='word_1_67' title='bbox 786 880 974 945; x_wconf 91' lang='lat' dir='ltr'><strong><em>verba,</em></strong></span> <span class='ocrx_word' id='word_1_68' title='bbox 1002 893 1113 934; x_wconf 89' lang='lat' dir='ltr'><strong><em>non</em></strong></span> <span class='ocrx_word' id='word_1_69' title='bbox 1141 877 1298 945; x_wconf 83' lang='lat' dir='ltr'><strong><em>dixit,</em></strong></span> <span class='ocrx_word' id='word_1_70' title='bbox 1326 875 1471 933; x_wconf 91' lang='lat' dir='ltr'><strong><em>Deus</em></strong></span> <span class='ocrx_word' id='word_1_71' title='bbox 1498 891 1644 941; x_wconf 86' lang='lat' dir='ltr'><strong><em>sum,</em></strong></span> <span class='ocrx_word' id='word_1_72' title='bbox 1676 875 1783 945; x_wconf 89' lang='lat' dir='ltr'><strong><em>vel,</em></strong></span> <span class='ocrx_word' id='word_1_73' title='bbox 1810 874 1985 932; x_wconf 89' lang='lat' dir='ltr'><strong><em>Filius</em></strong></span> 
     </span>
    </p>
   </div>
   <div class='ocr_carea' id='block_1_11' title="bbox 398 970 1676 1046">
    <p class='ocr_par' dir='ltr' id='par_1_11' title="bbox 398 970 1676 1046">
     <span class='ocr_line' id='line_1_11' title="bbox 398 970 1676 1046; baseline -0.006 -13"><span class='ocrx_word' id='word_1_74' title='bbox 398 970 499 1033; x_wconf 83' lang='lat' dir='ltr'><strong><em>Dei</em></strong></span> <span class='ocrx_word' id='word_1_75' title='bbox 535 990 686 1043; x_wconf 88' lang='lat' dir='ltr'><strong><em>sum,</em></strong></span> <span class='ocrx_word' id='word_1_76' title='bbox 716 972 835 1041; x_wconf 87' lang='lat' dir='ltr'><strong><em>sed,</em></strong></span> <span class='ocrx_word' id='word_1_77' title='bbox 861 972 976 1046; x_wconf 85' lang='lat' dir='ltr'><strong><em>Ego</em></strong></span> <span class='ocrx_word' id='word_1_78' title='bbox 1003 981 1052 1028; x_wconf 87' lang='lat' dir='ltr'><strong><em>et</em></strong></span> <span class='ocrx_word' id='word_1_79' title='bbox 1083 971 1246 1027; x_wconf 87' lang='lat' dir='ltr'><strong><em>Pater</em></strong></span> <span class='ocrx_word' id='word_1_80' title='bbox 1272 986 1433 1025; x_wconf 89' lang='lat' dir='ltr'><strong><em>unum</em></strong></span> <span class='ocrx_word' id='word_1_81' title='bbox 1471 985 1676 1026; x_wconf 90' lang='lat' dir='ltr'><strong><em>sumus.</em></strong></span> 
     </span>
    </p>
   </div>
   <div class='ocr_carea' id='block_1_12' title="bbox 467 1147 1983 1228">
    <p class='ocr_par' dir='ltr' id='par_1_12' title="bbox 467 1147 1983 1228">
     <span class='ocr_line' id='line_1_12' title="bbox 467 1147 1983 1228; baseline -0.003 -21"><span class='ocrx_word' id='word_1_82' title='bbox 467 1152 634 1228; x_wconf 62' lang='lat'><strong><em>499</em></strong></span> <span class='ocrx_word' id='word_1_83' title='bbox 659 1152 747 1207; x_wconf 81' lang='lat' dir='ltr'><strong><em>i7.</em></strong></span> <span class='ocrx_word' id='word_1_84' title='bbox 781 1149 952 1208; x_wconf 83' lang='lat' dir='ltr'><strong><em>Judaei</em></strong></span> <span class='ocrx_word' id='word_1_85' title='bbox 980 1149 1199 1221; x_wconf 87' lang='lat' dir='ltr'><strong><em>quidem</em></strong></span> <span class='ocrx_word' id='word_1_86' title='bbox 1225 1148 1331 1204; x_wconf 89' lang='lat' dir='ltr'><strong><em>hac</em></strong></span> <span class='ocrx_word' id='word_1_87' title='bbox 1359 1147 1617 1216; x_wconf 83' lang='lat' dir='ltr'><strong><em>dictione,</em></strong></span> <span class='ocrx_word' id='word_1_88' title='bbox 1646 1162 1833 1211; x_wconf 89' lang='lat' dir='ltr'><strong><em>unum,</em></strong></span> <span class='ocrx_word' id='word_1_89' title='bbox 1856 1160 1983 1202; x_wconf 87' lang='lat' dir='ltr'><strong><em>eum</em></strong></span> 
     </span>
    </p>
   </div>
   <div class='ocr_carea' id='block_1_13' title="bbox 395 1237 1986 1309">
    <p class='ocr_par' dir='ltr' id='par_1_13' title="bbox 395 1237 1986 1309">
     <span class='ocr_line' id='line_1_13' title="bbox 395 1237 1986 1309; baseline -0.006 -7"><span class='ocrx_word' id='word_1_90' title='bbox 395 1238 626 1302; x_wconf 60' lang='lat' dir='ltr'><strong><em>se&#39;esse</em></strong></span> <span class='ocrx_word' id='word_1_91' title='bbox 658 1240 878 1297; x_wconf 85' lang='lat' dir='ltr'><strong><em>Patrem</em></strong></span> <span class='ocrx_word' id='word_1_92' title='bbox 917 1239 1124 1295; x_wconf 86' lang='lat' dir='ltr'><strong><em>dixisse</em></strong></span> <span class='ocrx_word' id='word_1_93' title='bbox 1165 1238 1595 1304; x_wconf 81' lang='lat' dir='ltr'><strong><em>arbitrabantur,</em></strong></span> <span class='ocrx_word' id='word_1_94' title='bbox 1627 1237 1986 1309; x_wconf 89' lang='lat' dir='ltr'><strong><em>quemadmo-</em></strong></span> 
     </span>
    </p>
   </div>
   <div class='ocr_carea' id='block_1_14' title="bbox 397 1330 1982 1401">
    <p class='ocr_par' dir='ltr' id='par_1_14' title="bbox 397 1330 1982 1401">
     <span class='ocr_line' id='line_1_14' title="bbox 397 1330 1982 1401; baseline -0.006 -8"><span class='ocrx_word' id='word_1_95' title='bbox 397 1336 531 1394; x_wconf 87' lang='lat' dir='ltr'><strong><em>dum</em></strong></span> <span class='ocrx_word' id='word_1_96' title='bbox 566 1335 734 1392; x_wconf 83' lang='lat' dir='ltr'><strong><em>sentit</em></strong></span> <span class='ocrx_word' id='word_1_97' title='bbox 768 1333 1041 1389; x_wconf 86' lang='lat' dir='ltr'><strong><em>Sabellius</em></strong></span> <span class='ocrx_word' id='word_1_98' title='bbox 1066 1351 1079 1387; x_wconf 91' lang='lat'><strong>:</strong></span> <span class='ocrx_word' id='word_1_99' title='bbox 1111 1341 1169 1388; x_wconf 87' lang='lat' dir='ltr'><strong><em>at</em></strong></span> <span class='ocrx_word' id='word_1_100' title='bbox 1199 1330 1453 1387; x_wconf 83' lang='lat' dir='ltr'><strong><em>Salvator</em></strong></span> <span class='ocrx_word' id='word_1_101' title='bbox 1477 1338 1665 1387; x_wconf 83' lang='lat' dir='ltr'><strong><em>noster</em></strong></span> <span class='ocrx_word' id='word_1_102' title='bbox 1693 1338 1982 1401; x_wconf 87' lang='lat' dir='ltr'><strong><em>peccatum</em></strong></span> 
     </span>
    </p>
   </div>
   <div class='ocr_carea' id='block_1_15' title="bbox 394 1422 1985 1499">
    <p class='ocr_par' dir='ltr' id='par_1_15' title="bbox 394 1422 1985 1499">
     <span class='ocr_line' id='line_1_15' title="bbox 394 1422 1985 1499; baseline -0.005 -14"><span class='ocrx_word' id='word_1_103' title='bbox 394 1429 616 1486; x_wconf 86' lang='lat' dir='ltr'><strong><em>illorum</em></strong></span> <span class='ocrx_word' id='word_1_104' title='bbox 644 1426 894 1499; x_wconf 80' lang='lat' dir='ltr'><strong><em>coarguit</em></strong></span> <span class='ocrx_word' id='word_1_105' title='bbox 922 1426 1240 1497; x_wconf 87' lang='lat' dir='ltr'><strong><em>hujusmodi</em></strong></span> <span class='ocrx_word' id='word_1_106' title='bbox 1275 1422 1566 1480; x_wconf 86' lang='lat' dir='ltr'><strong><em>ratiocinio</em></strong></span> <span class='ocrx_word' id='word_1_107' title='bbox 1592 1439 1608 1478; x_wconf 86' lang='lat'><strong>:</strong></span> <span class='ocrx_word' id='word_1_108' title='bbox 1636 1422 1867 1479; x_wconf 83' lang='lat' dir='ltr'><strong><em>Etiamsi</em></strong></span> <span class='ocrx_word' id='word_1_109' title='bbox 1896 1436 1985 1477; x_wconf 89' lang='lat' dir='ltr'><strong><em>me</em></strong></span> 
     </span>
    </p>
   </div>
   <div class='ocr_carea' id='block_1_16' title="bbox 390 1516 1987 1590">
    <p class='ocr_par' dir='ltr' id='par_1_16' title="bbox 390 1516 1987 1590">
     <span class='ocr_line' id='line_1_16' title="bbox 390 1516 1987 1590; baseline -0.008 -8"><span class='ocrx_word' id='word_1_110' title='bbox 390 1516 567 1582; x_wconf 82' lang='lat' dir='ltr'><strong><em>Deum</em></strong></span> <span class='ocrx_word' id='word_1_111' title='bbox 587 1524 868 1588; x_wconf 83' lang='lat' dir='ltr'><strong><em>dixissem,</em></strong></span> <span class='ocrx_word' id='word_1_112' title='bbox 885 1537 980 1578; x_wconf 90' lang='lat' dir='ltr'><strong><em>vos</em></strong></span> <span class='ocrx_word' id='word_1_113' title='bbox 996 1532 1176 1578; x_wconf 88' lang='lat' dir='ltr'><strong><em>tamen</em></strong></span> <span class='ocrx_word' id='word_1_114' title='bbox 1200 1518 1463 1590; x_wconf 90' lang='lat' dir='ltr'><strong><em>scriptum</em></strong></span> <span class='ocrx_word' id='word_1_115' title='bbox 1488 1517 1805 1572; x_wconf 89' lang='lat' dir='ltr'><strong><em>meminisse</em></strong></span> <span class='ocrx_word' id='word_1_116' title='bbox 1821 1530 1987 1586; x_wconf 90' lang='lat' dir='ltr'><strong><em>opor-</em></strong></span> 
     </span>
    </p>
   </div>
   <div class='ocr_carea' id='block_1_17' title="bbox 390 1607 1986 1690">
    <p class='ocr_par' dir='ltr' id='par_1_17' title="bbox 390 1607 1986 1690">
     <span class='ocr_line' id='line_1_17' title="bbox 390 1607 1986 1690; baseline -0.008 -15"><span class='ocrx_word' id='word_1_117' title='bbox 390 1619 572 1675; x_wconf 80' lang='lat' dir='ltr'><strong><em>tebat:</em></strong></span> <span class='ocrx_word' id='word_1_118' title='bbox 590 1616 700 1690; x_wconf 86' lang='lat' dir='ltr'><strong><em>Ego</em></strong></span> <span class='ocrx_word' id='word_1_119' title='bbox 716 1617 853 1682; x_wconf 80' lang='lat' dir='ltr'><strong><em>dixi,</em></strong></span> <span class='ocrx_word' id='word_1_120' title='bbox 874 1614 961 1669; x_wconf 87' lang='lat' dir='ltr'><strong><em>Dii</em></strong></span> <span class='ocrx_word' id='word_1_121' title='bbox 977 1616 1122 1669; x_wconf 83' lang='lat' dir='ltr'><strong><em>estis.</em></strong></span> <span class='ocrx_word' id='word_1_122' title='bbox 1142 1612 1344 1668; x_wconf 79' lang='lat' dir='ltr'><strong><em>Deinde</em></strong></span> <span class='ocrx_word' id='word_1_123' title='bbox 1360 1611 1475 1667; x_wconf 63' lang='lat' dir='ltr'><strong><em>haec</em></strong></span> <span class='ocrx_word' id='word_1_124' title='bbox 1486 1608 1794 1682; x_wconf 86' lang='lat' dir='ltr'><strong><em>verba,Ego</em></strong></span> <span class='ocrx_word' id='word_1_125' title='bbox 1808 1617 1859 1664; x_wconf 90' lang='lat' dir='ltr'><strong><em>et</em></strong></span> <span class='ocrx_word' id='word_1_126' title='bbox 1875 1607 1986 1663; x_wconf 89' lang='lat' dir='ltr'><strong><em>Pa-</em></strong></span> 
     </span>
    </p>
   </div>
   <div class='ocr_carea' id='block_1_18' title="bbox 395 1699 1986 1780">
    <p class='ocr_par' dir='ltr' id='par_1_18' title="bbox 395 1699 1986 1780">
     <span class='ocr_line' id='line_1_18' title="bbox 395 1699 1986 1780; baseline -0.006 -14"><span class='ocrx_word' id='word_1_127' title='bbox 395 1720 478 1766; x_wconf 91' lang='lat' dir='ltr'><strong><em>ter</em></strong></span> <span class='ocrx_word' id='word_1_128' title='bbox 505 1725 667 1763; x_wconf 88' lang='lat' dir='ltr'><strong><em>unum</em></strong></span> <span class='ocrx_word' id='word_1_129' title='bbox 697 1724 900 1771; x_wconf 90' lang='lat' dir='ltr'><strong><em>sumus,</em></strong></span> <span class='ocrx_word' id='word_1_130' title='bbox 937 1705 1259 1780; x_wconf 66' lang='lat' dir='ltr'><strong><em>expiaturus,</em></strong></span> <span class='ocrx_word' id='word_1_131' title='bbox 1291 1710 1538 1759; x_wconf 89' lang='lat' dir='ltr'><strong><em>mutuam</em></strong></span> <span class='ocrx_word' id='word_1_132' title='bbox 1566 1700 1693 1756; x_wconf 79' lang='lat' dir='ltr'><strong><em>Filii</em></strong></span> <span class='ocrx_word' id='word_1_133' title='bbox 1721 1710 1776 1757; x_wconf 89' lang='lat' dir='ltr'><strong><em>et</em></strong></span> <span class='ocrx_word' id='word_1_134' title='bbox 1801 1699 1986 1756; x_wconf 87' lang='lat' dir='ltr'><strong><em>Patris</em></strong></span> 
     </span>
    </p>
   </div>
   <div class='ocr_carea' id='block_1_19' title="bbox 390 1770 2059 1863">
    <p class='ocr_par' dir='ltr' id='par_1_19' title="bbox 390 1770 2059 1863">
     <span class='ocr_line' id='line_1_19' title="bbox 390 1770 2059 1863; baseline -0.008 -5"><span class='ocrx_word' id='word_1_135' title='bbox 390 1802 660 1859; x_wconf 89' lang='lat' dir='ltr'><strong><em>unitatem</em></strong></span> <span class='ocrx_word' id='word_1_136' title='bbox 682 1770 891 1856; x_wconf 89' lang='lat' dir='ltr'><strong><em>eisdem</em></strong></span> <span class='ocrx_word' id='word_1_137' title='bbox 917 1770 1148 1853; x_wconf 76' lang='lat' dir='ltr'><strong><em>indicari</em></strong></span> <span class='ocrx_word' id='word_1_138' title='bbox 1168 1796 1346 1863; x_wconf 88' lang='lat' dir='ltr'><strong><em>docet,</em></strong></span> <span class='ocrx_word' id='word_1_139' title='bbox 1383 1810 1510 1851; x_wconf 91' lang='lat' dir='ltr'><strong><em>cum</em></strong></span> <span class='ocrx_word' id='word_1_140' title='bbox 1543 1794 1639 1862; x_wconf 89' lang='lat' dir='ltr'><strong><em>ait,</em></strong></span> <span class='ocrx_word' id='word_1_141' title='bbox 1674 1792 1815 1859; x_wconf 84' lang='lat' dir='ltr'><strong><em>Quia</em></strong></span> <span class='ocrx_word' id='word_1_142' title='bbox 1845 1792 1982 1860; x_wconf 75' lang='lat' dir='ltr'><strong><em>dixi,</em></strong></span> <span class='ocrx_word' id='word_1_143' title='bbox 2014 1770 2059 1827; x_wconf 77' lang='grc' dir='ltr'>Β</span> 
     </span>
    </p>
   </div>
   <div class='ocr_carea' id='block_1_20' title="bbox 390 1884 1983 1955">
    <p class='ocr_par' dir='ltr' id='par_1_20' title="bbox 390 1884 1983 1955">
     <span class='ocr_line' id='line_1_20' title="bbox 390 1884 1983 1955; baseline -0.008 -4"><span class='ocrx_word' id='word_1_144' title='bbox 390 1893 575 1951; x_wconf 80' lang='lat' dir='ltr'><strong><em>Filius</em></strong></span> <span class='ocrx_word' id='word_1_145' title='bbox 595 1892 690 1948; x_wconf 89' lang='lat' dir='ltr'><strong><em>Dei</em></strong></span> <span class='ocrx_word' id='word_1_146' title='bbox 706 1887 999 1947; x_wconf 87' lang='lat' dir='ltr'><strong><em>sum.Nam</em></strong></span> <span class='ocrx_word' id='word_1_147' title='bbox 1021 1889 1239 1945; x_wconf 87' lang='lat' dir='ltr'><strong><em>tametsi</em></strong></span> <span class='ocrx_word' id='word_1_148' title='bbox 1270 1887 1452 1944; x_wconf 80' lang='lat' dir='ltr'><strong><em>verbis</em></strong></span> <span class='ocrx_word' id='word_1_149' title='bbox 1482 1885 1536 1941; x_wconf 86' lang='lat' dir='ltr'><strong><em>id</em></strong></span> <span class='ocrx_word' id='word_1_150' title='bbox 1555 1900 1663 1941; x_wconf 91' lang='lat' dir='ltr'><strong><em>non</em></strong></span> <span class='ocrx_word' id='word_1_151' title='bbox 1692 1884 1983 1955; x_wconf 83' lang='lat' dir='ltr'><strong><em>expressit,</em></strong></span> 
     </span>
    </p>
   </div>
   <div class='ocr_carea' id='block_1_21' title="bbox 390 1976 1985 2056">
    <p class='ocr_par' dir='ltr' id='par_1_21' title="bbox 390 1976 1985 2056">
     <span class='ocr_line' id='line_1_21' title="bbox 390 1976 1985 2056; baseline -0.007 -13"><span class='ocrx_word' id='word_1_152' title='bbox 390 1996 575 2043; x_wconf 80' lang='lat' dir='ltr'><strong><em>tamen</em></strong></span> <span class='ocrx_word' id='word_1_153' title='bbox 592 1984 737 2056; x_wconf 91' lang='lat' dir='ltr'><strong><em>quod</em></strong></span> <span class='ocrx_word' id='word_1_154' title='bbox 756 1983 842 2038; x_wconf 89' lang='lat' dir='ltr'><strong><em>his</em></strong></span> <span class='ocrx_word' id='word_1_155' title='bbox 856 1982 1106 2048; x_wconf 84' lang='lat' dir='ltr'><strong><em>vocibus,</em></strong></span> <span class='ocrx_word' id='word_1_156' title='bbox 1127 1997 1292 2035; x_wconf 89' lang='lat' dir='ltr'><strong><em>unum</em></strong></span> <span class='ocrx_word' id='word_1_157' title='bbox 1310 1995 1517 2044; x_wconf 87' lang='lat' dir='ltr'><strong><em>sumus,</em></strong></span> <span class='ocrx_word' id='word_1_158' title='bbox 1537 1977 1898 2050; x_wconf 82' lang='lat' dir='ltr'><strong><em>signiﬁcatur,</em></strong></span> <span class='ocrx_word' id='word_1_159' title='bbox 1916 1976 1985 2032; x_wconf 89' lang='lat' dir='ltr'><strong><em>ad</em></strong></span> 
     </span>
    </p>
   </div>
   <div class='ocr_carea' id='block_1_22' title="bbox 388 2066 1986 2150">
    <p class='ocr_par' dir='ltr' id='par_1_22' title="bbox 388 2066 1986 2150">
     <span class='ocr_line' id='line_1_22' title="bbox 388 2066 1986 2150; baseline -0.006 -17"><span class='ocrx_word' id='word_1_160' title='bbox 388 2076 573 2150; x_wconf 85' lang='lat' dir='ltr'><strong><em>ipsum</em></strong></span> <span class='ocrx_word' id='word_1_161' title='bbox 589 2074 777 2131; x_wconf 86' lang='lat' dir='ltr'><strong><em>retulit</em></strong></span> <span class='ocrx_word' id='word_1_162' title='bbox 790 2069 1009 2128; x_wconf 89' lang='lat' dir='ltr'><strong><em>Filium.</em></strong></span> <span class='ocrx_word' id='word_1_163' title='bbox 1030 2068 1178 2135; x_wconf 80' lang='lat' dir='ltr'><strong><em>Nihil</em></strong></span> <span class='ocrx_word' id='word_1_164' title='bbox 1206 2085 1378 2125; x_wconf 89' lang='lat' dir='ltr'><strong><em>unum</em></strong></span> <span class='ocrx_word' id='word_1_165' title='bbox 1406 2078 1491 2125; x_wconf 89' lang='lat' dir='ltr'><strong><em>est</em></strong></span> <span class='ocrx_word' id='word_1_166' title='bbox 1520 2082 1645 2122; x_wconf 91' lang='lat' dir='ltr'><strong><em>cum</em></strong></span> <span class='ocrx_word' id='word_1_167' title='bbox 1674 2066 1857 2133; x_wconf 87' lang='lat' dir='ltr'><strong><em>Patre,</em></strong></span> <span class='ocrx_word' id='word_1_168' title='bbox 1875 2067 1986 2123; x_wconf 88' lang='lat' dir='ltr'><strong><em>nisi</em></strong></span> 
     </span>
    </p>
   </div>
   <div class='ocr_carea' id='block_1_23' title="bbox 391 2154 1986 2241">
    <p class='ocr_par' dir='ltr' id='par_1_23' title="bbox 391 2154 1986 2241">
     <span class='ocr_line' id='line_1_23' title="bbox 391 2154 1986 2241; baseline -0.007 -18"><span class='ocrx_word' id='word_1_169' title='bbox 391 2167 538 2240; x_wconf 90' lang='lat' dir='ltr'><strong><em>quod</em></strong></span> <span class='ocrx_word' id='word_1_170' title='bbox 562 2182 629 2222; x_wconf 82' lang='lat' dir='ltr'><strong><em>ex</em></strong></span> <span class='ocrx_word' id='word_1_171' title='bbox 648 2168 766 2236; x_wconf 90' lang='lat' dir='ltr'><strong><em>ipso</em></strong></span> <span class='ocrx_word' id='word_1_172' title='bbox 779 2163 944 2219; x_wconf 83' lang='lat' dir='ltr'><strong><em>Patre</em></strong></span> <span class='ocrx_word' id='word_1_173' title='bbox 957 2171 1061 2219; x_wconf 90' lang='lat' dir='ltr'><strong><em>est.</em></strong></span> <span class='ocrx_word' id='word_1_174' title='bbox 1076 2160 1217 2230; x_wconf 86' lang='lat' dir='ltr'><strong><em>Quid</em></strong></span> <span class='ocrx_word' id='word_1_175' title='bbox 1234 2175 1399 2233; x_wconf 88' lang='lat' dir='ltr'><strong><em>porro</em></strong></span> <span class='ocrx_word' id='word_1_176' title='bbox 1415 2175 1482 2216; x_wconf 78' lang='lat' dir='ltr'><strong><em>ex</em></strong></span> <span class='ocrx_word' id='word_1_177' title='bbox 1499 2159 1620 2230; x_wconf 90' lang='lat' dir='ltr'><strong><em>ipso</em></strong></span> <span class='ocrx_word' id='word_1_178' title='bbox 1637 2154 1800 2241; x_wconf 75' lang='lat' dir='ltr'><strong><em>Patre</em></strong></span> <span class='ocrx_word' id='word_1_179' title='bbox 1818 2157 1986 2213; x_wconf 80' lang='lat' dir='ltr'><strong><em>fuerit</em></strong></span> 
     </span>
    </p>
   </div>
   <div class='ocr_carea' id='block_1_24' title="bbox 390 2249 1983 2332">
    <p class='ocr_par' dir='ltr' id='par_1_24' title="bbox 390 2249 1983 2332">
     <span class='ocr_line' id='line_1_24' title="bbox 390 2249 1983 2332; baseline -0.009 -15"><span class='ocrx_word' id='word_1_180' title='bbox 390 2270 593 2332; x_wconf 66' lang='lat' dir='ltr'><strong><em>praeter</em></strong></span> <span class='ocrx_word' id='word_1_181' title='bbox 642 2254 891 2313; x_wconf 84' lang='lat' dir='ltr'><strong><em>Filium?</em></strong></span> <span class='ocrx_word' id='word_1_182' title='bbox 932 2255 1121 2326; x_wconf 88' lang='lat' dir='ltr'><strong><em>Itaque</em></strong></span> <span class='ocrx_word' id='word_1_183' title='bbox 1159 2253 1458 2320; x_wconf 87' lang='lat' dir='ltr'><strong><em>concludit,</em></strong></span> <span class='ocrx_word' id='word_1_184' title='bbox 1524 2249 1592 2306; x_wconf 87' lang='lat' dir='ltr'><strong><em>Ut</em></strong></span> <span class='ocrx_word' id='word_1_185' title='bbox 1653 2249 1983 2321; x_wconf 80' lang='lat' dir='ltr'><strong><em>cognoscatis</em></strong></span> 
     </span>
    </p>
   </div>
   <div class='ocr_carea' id='block_1_25' title="bbox 288 2340 1985 2425">
    <p class='ocr_par' dir='ltr' id='par_1_25' title="bbox 288 2340 1985 2425">
     <span class='ocr_line' id='line_1_25' title="bbox 288 2340 1985 2425; baseline -0.006 -17"><span class='ocrx_word' id='word_1_186' title='bbox 288 2416 290 2418; x_wconf 24' lang='grc' dir='ltr'><strong><em>τ</em></strong></span> <span class='ocrx_word' id='word_1_187' title='bbox 391 2353 522 2425; x_wconf 87' lang='lat' dir='ltr'><strong><em>quia</em></strong></span> <span class='ocrx_word' id='word_1_188' title='bbox 547 2366 641 2425; x_wconf 86' lang='lat' dir='ltr'><strong><em>ego</em></strong></span> <span class='ocrx_word' id='word_1_189' title='bbox 667 2352 725 2405; x_wconf 87' lang='lat' dir='ltr'><strong><em>in</em></strong></span> <span class='ocrx_word' id='word_1_190' title='bbox 751 2349 937 2419; x_wconf 88' lang='lat' dir='ltr'><strong><em>Patre,</em></strong></span> <span class='ocrx_word' id='word_1_191' title='bbox 963 2358 1013 2404; x_wconf 89' lang='lat' dir='ltr'><strong><em>et</em></strong></span> <span class='ocrx_word' id='word_1_192' title='bbox 1036 2347 1205 2403; x_wconf 90' lang='lat' dir='ltr'><strong><em>Pater</em></strong></span> <span class='ocrx_word' id='word_1_193' title='bbox 1232 2346 1289 2401; x_wconf 86' lang='lat' dir='ltr'><strong><em>in</em></strong></span> <span class='ocrx_word' id='word_1_194' title='bbox 1314 2361 1395 2400; x_wconf 82' lang='lat' dir='ltr'><strong><em>me</em></strong></span> <span class='ocrx_word' id='word_1_195' title='bbox 1424 2352 1525 2401; x_wconf 88' lang='lat' dir='ltr'><strong><em>est.</em></strong></span> <span class='ocrx_word' id='word_1_196' title='bbox 1547 2340 1662 2399; x_wconf 84' lang='lat' dir='ltr'><strong><em>Nec</em></strong></span> <span class='ocrx_word' id='word_1_197' title='bbox 1682 2344 1829 2397; x_wconf 88' lang='lat' dir='ltr'><strong><em>enim</em></strong></span> <span class='ocrx_word' id='word_1_198' title='bbox 1852 2340 1985 2413; x_wconf 89' lang='lat' dir='ltr'><strong><em>quid</em></strong></span> 
     </span>
    </p>
   </div>
   <div class='ocr_carea' id='block_1_26' title="bbox 391 2422 1983 2513">
    <p class='ocr_par' dir='ltr' id='par_1_26' title="bbox 391 2422 1983 2513">
     <span class='ocr_line' id='line_1_26' title="bbox 391 2422 1983 2513; baseline -0.007 -13"><span class='ocrx_word' id='word_1_199' title='bbox 391 2422 561 2500; x_wconf 61' lang='lat' dir='ltr'><strong><em>unum</em></strong></span> <span class='ocrx_word' id='word_1_200' title='bbox 581 2422 742 2501; x_wconf 80' lang='lat' dir='ltr'><strong><em>istud</em></strong></span> <span class='ocrx_word' id='word_1_201' title='bbox 775 2451 921 2500; x_wconf 89' lang='lat' dir='ltr'><strong><em>esset</em></strong></span> <span class='ocrx_word' id='word_1_202' title='bbox 953 2441 1260 2513; x_wconf 64' lang='lat' dir='ltr'><strong><em>esplicans,</em></strong></span> <span class='ocrx_word' id='word_1_203' title='bbox 1297 2437 1436 2494; x_wconf 85' lang='lat' dir='ltr'><strong><em>dixit</em></strong></span> <span class='ocrx_word' id='word_1_204' title='bbox 1475 2437 1532 2491; x_wconf 88' lang='lat' dir='ltr'><strong><em>in</em></strong></span> <span class='ocrx_word' id='word_1_205' title='bbox 1582 2449 1649 2491; x_wconf 90' lang='lat' dir='ltr'><strong><em>eo</em></strong></span> <span class='ocrx_word' id='word_1_206' title='bbox 1679 2450 1802 2491; x_wconf 88' lang='lat' dir='ltr'><strong><em>esse</em></strong></span> <span class='ocrx_word' id='word_1_207' title='bbox 1835 2432 1983 2504; x_wconf 90' lang='lat' dir='ltr'><strong><em>quod</em></strong></span> 
     </span>
    </p>
   </div>
   <div class='ocr_carea' id='block_1_27' title="bbox 391 2525 1984 2607">
    <p class='ocr_par' dir='ltr' id='par_1_27' title="bbox 391 2525 1984 2607">
     <span class='ocr_line' id='line_1_27' title="bbox 391 2525 1984 2607; baseline -0.008 -14"><span class='ocrx_word' id='word_1_208' title='bbox 391 2537 541 2595; x_wconf 87' lang='lat' dir='ltr'><strong><em>idem</em></strong></span> <span class='ocrx_word' id='word_1_209' title='bbox 573 2537 710 2593; x_wconf 86' lang='lat' dir='ltr'><strong><em>illud</em></strong></span> <span class='ocrx_word' id='word_1_210' title='bbox 741 2537 813 2592; x_wconf 88' lang='lat' dir='ltr'><strong><em>sit</em></strong></span> <span class='ocrx_word' id='word_1_211' title='bbox 856 2549 1097 2607; x_wconf 89' lang='lat' dir='ltr'><strong><em>quocum</em></strong></span> <span class='ocrx_word' id='word_1_212' title='bbox 1136 2547 1308 2588; x_wconf 89' lang='lat' dir='ltr'><strong><em>unum</em></strong></span> <span class='ocrx_word' id='word_1_213' title='bbox 1347 2539 1473 2586; x_wconf 88' lang='lat' dir='ltr'><strong><em>est:</em></strong></span> <span class='ocrx_word' id='word_1_214' title='bbox 1514 2527 1612 2585; x_wconf 89' lang='lat' dir='ltr'><strong><em>sed</em></strong></span> <span class='ocrx_word' id='word_1_215' title='bbox 1650 2527 1707 2581; x_wconf 91' lang='lat' dir='ltr'><strong><em>in</em></strong></span> <span class='ocrx_word' id='word_1_216' title='bbox 1740 2541 1807 2581; x_wconf 90' lang='lat' dir='ltr'><strong><em>eo</em></strong></span> <span class='ocrx_word' id='word_1_217' title='bbox 1835 2525 1984 2596; x_wconf 78' lang='lat' dir='ltr'><strong><em>quod</em></strong></span> 
     </span>
    </p>
   </div>
   <div class='ocr_carea' id='block_1_28' title="bbox 392 2618 1984 2701">
    <p class='ocr_par' dir='ltr' id='par_1_28' title="bbox 392 2618 1984 2701">
     <span class='ocr_line' id='line_1_28' title="bbox 392 2618 1984 2701; baseline -0.008 -15"><span class='ocrx_word' id='word_1_218' title='bbox 392 2629 514 2701; x_wconf 88' lang='lat' dir='ltr'><strong><em>ipse</em></strong></span> <span class='ocrx_word' id='word_1_219' title='bbox 558 2629 632 2686; x_wconf 90' lang='lat' dir='ltr'><strong><em>sit</em></strong></span> <span class='ocrx_word' id='word_1_220' title='bbox 678 2629 736 2683; x_wconf 90' lang='lat' dir='ltr'><strong><em>in</em></strong></span> <span class='ocrx_word' id='word_1_221' title='bbox 765 2625 951 2694; x_wconf 85' lang='lat' dir='ltr'><strong><em>Patre,</em></strong></span> <span class='ocrx_word' id='word_1_222' title='bbox 984 2633 1040 2681; x_wconf 89' lang='lat' dir='ltr'><strong><em>et</em></strong></span> <span class='ocrx_word' id='word_1_223' title='bbox 1089 2622 1252 2679; x_wconf 86' lang='lat' dir='ltr'><strong><em>Pater</em></strong></span> <span class='ocrx_word' id='word_1_224' title='bbox 1288 2622 1346 2678; x_wconf 90' lang='lat' dir='ltr'><strong><em>in</em></strong></span> <span class='ocrx_word' id='word_1_225' title='bbox 1374 2620 1539 2687; x_wconf 84' lang='lat' dir='ltr'><strong><em>Filio,</em></strong></span> <span class='ocrx_word' id='word_1_226' title='bbox 1591 2633 1702 2692; x_wconf 89' lang='lat' dir='ltr'><strong><em>qna</em></strong></span> <span class='ocrx_word' id='word_1_227' title='bbox 1733 2618 1984 2674; x_wconf 85' lang='lat' dir='ltr'><strong><em>videlicet</em></strong></span> 
     </span>
    </p>
   </div>
   <div class='ocr_carea' id='block_1_29' title="bbox 393 2710 1984 2786">
    <p class='ocr_par' dir='ltr' id='par_1_29' title="bbox 393 2710 1984 2786">
     <span class='ocr_line' id='line_1_29' title="bbox 393 2710 1984 2786; baseline -0.008 -8"><span class='ocrx_word' id='word_1_228' title='bbox 393 2722 614 2778; x_wconf 85' lang='lat' dir='ltr'><strong><em>ratione</em></strong></span> <span class='ocrx_word' id='word_1_229' title='bbox 656 2719 799 2775; x_wconf 88' lang='lat' dir='ltr'><strong><em>inter</em></strong></span> <span class='ocrx_word' id='word_1_230' title='bbox 829 2734 889 2775; x_wconf 91' lang='lat' dir='ltr'><strong><em>se</em></strong></span> <span class='ocrx_word' id='word_1_231' title='bbox 922 2725 1053 2775; x_wconf 88' lang='lat' dir='ltr'><strong><em>sunt</em></strong></span> <span class='ocrx_word' id='word_1_232' title='bbox 1081 2713 1384 2786; x_wconf 83' lang='lat' dir='ltr'><strong><em>conjuncti,</em></strong></span> <span class='ocrx_word' id='word_1_233' title='bbox 1418 2729 1523 2769; x_wconf 91' lang='lat' dir='ltr'><strong><em>nec</em></strong></span> <span class='ocrx_word' id='word_1_234' title='bbox 1569 2729 1600 2768; x_wconf 88' lang='lat' dir='ltr'><strong><em>a</em></strong></span> <span class='ocrx_word' id='word_1_235' title='bbox 1649 2730 1708 2771; x_wconf 91' lang='lat' dir='ltr'><strong><em>se</em></strong></span> <span class='ocrx_word' id='word_1_236' title='bbox 1740 2710 1984 2784; x_wconf 88' lang='lat' dir='ltr'><strong><em>separari</em></strong></span> 
     </span>
    </p>
   </div>
   <div class='ocr_carea' id='block_1_30' title="bbox 396 2804 1984 2885">
    <p class='ocr_par' dir='ltr' id='par_1_30' title="bbox 396 2804 1984 2885">
     <span class='ocr_line' id='line_1_30' title="bbox 396 2804 1984 2885; baseline -0.006 -17"><span class='ocrx_word' id='word_1_237' title='bbox 396 2820 633 2885; x_wconf 89' lang='lat' dir='ltr'><strong><em>queunt.</em></strong></span> <span class='ocrx_word' id='word_1_238' title='bbox 663 2809 913 2881; x_wconf 82' lang='lat' dir='ltr'><strong><em>Namque</em></strong></span> <span class='ocrx_word' id='word_1_239' title='bbox 937 2809 1118 2880; x_wconf 89' lang='lat' dir='ltr'><strong><em>ipsum</em></strong></span> <span class='ocrx_word' id='word_1_240' title='bbox 1148 2821 1370 2879; x_wconf 84' lang='lat' dir='ltr'><strong><em>quoque</em></strong></span> <span class='ocrx_word' id='word_1_241' title='bbox 1396 2804 1620 2861; x_wconf 87' lang='lat' dir='ltr'><strong><em>Sabellii</em></strong></span> <span class='ocrx_word' id='word_1_242' title='bbox 1649 2806 1755 2862; x_wconf 91' lang='lat' dir='ltr'><strong><em>hoc</em></strong></span> <span class='ocrx_word' id='word_1_243' title='bbox 1780 2806 1837 2860; x_wconf 89' lang='lat' dir='ltr'><strong><em>in</em></strong></span> <span class='ocrx_word' id='word_1_244' title='bbox 1862 2804 1984 2860; x_wconf 89' lang='lat' dir='ltr'><strong><em>loco</em></strong></span> 
     </span>
    </p>
   </div>
   <div class='ocr_carea' id='block_1_31' title="bbox 394 2896 1981 2971">
    <p class='ocr_par' dir='ltr' id='par_1_31' title="bbox 394 2896 1981 2971">
     <span class='ocr_line' id='line_1_31' title="bbox 394 2896 1981 2971; baseline -0.007 -9"><span class='ocrx_word' id='word_1_245' title='bbox 394 2902 596 2962; x_wconf 81' lang='lat' dir='ltr'><strong><em>evertit</em></strong></span> <span class='ocrx_word' id='word_1_246' title='bbox 631 2916 901 2966; x_wconf 90' lang='lat' dir='ltr'><strong><em>errorem,</em></strong></span> <span class='ocrx_word' id='word_1_247' title='bbox 936 2900 1140 2971; x_wconf 84' lang='lat' dir='ltr'><strong><em>quippe</em></strong></span> <span class='ocrx_word' id='word_1_248' title='bbox 1170 2897 1265 2970; x_wconf 90' lang='lat' dir='ltr'><strong><em>qui</em></strong></span> <span class='ocrx_word' id='word_1_249' title='bbox 1295 2912 1407 2953; x_wconf 89' lang='lat' dir='ltr'><strong><em>non</em></strong></span> <span class='ocrx_word' id='word_1_250' title='bbox 1437 2896 1659 2962; x_wconf 84' lang='lat' dir='ltr'><strong><em>dixerit,</em></strong></span> <span class='ocrx_word' id='word_1_251' title='bbox 1712 2896 1827 2968; x_wconf 79' lang='lat' dir='ltr'><strong><em>Ego</em></strong></span> <span class='ocrx_word' id='word_1_252' title='bbox 1859 2910 1981 2952; x_wconf 88' lang='lat' dir='ltr'><strong><em>sum</em></strong></span> 
     </span>
    </p>
   </div>
   <div class='ocr_carea' id='block_1_32' title="bbox 392 2987 1984 3061">
    <p class='ocr_par' dir='ltr' id='par_1_32' title="bbox 392 2987 1984 3061">
     <span class='ocr_line' id='line_1_32' title="bbox 392 2987 1984 3061; baseline -0.005 -8"><span class='ocrx_word' id='word_1_253' title='bbox 392 2992 582 3061; x_wconf 80' lang='lat' dir='ltr'><strong><em>Pater,</em></strong></span> <span class='ocrx_word' id='word_1_254' title='bbox 622 2994 740 3059; x_wconf 88' lang='lat' dir='ltr'><strong><em>sed,</em></strong></span> <span class='ocrx_word' id='word_1_255' title='bbox 769 2991 947 3047; x_wconf 88' lang='lat' dir='ltr'><strong><em>Filius</em></strong></span> <span class='ocrx_word' id='word_1_256' title='bbox 970 2991 1069 3046; x_wconf 88' lang='lat' dir='ltr'><strong><em>Dei</em></strong></span> <span class='ocrx_word' id='word_1_257' title='bbox 1096 3007 1235 3047; x_wconf 86' lang='lat' dir='ltr'><strong><em>sum.</em></strong></span> <span class='ocrx_word' id='word_1_258' title='bbox 1262 2989 1454 3045; x_wconf 84' lang='lat' dir='ltr'><strong><em>Arium</em></strong></span> <span class='ocrx_word' id='word_1_259' title='bbox 1499 2991 1703 3061; x_wconf 87' lang='lat' dir='ltr'><strong><em>pariter</em></strong></span> <span class='ocrx_word' id='word_1_260' title='bbox 1729 2987 1984 3060; x_wconf 83' lang='lat' dir='ltr'><strong><em>proﬂigat</em></strong></span> 
     </span>
    </p>
   </div>
   <div class='ocr_carea' id='block_1_33' title="bbox 393 3077 2056 3175">
    <p class='ocr_par' dir='ltr' id='par_1_33' title="bbox 393 3077 2056 3175">
     <span class='ocr_line' id='line_1_33' title="bbox 393 3077 2056 3175; baseline -0.007 -31"><span class='ocrx_word' id='word_1_261' title='bbox 393 3101 524 3151; x_wconf 69' lang='lat' dir='ltr'><strong><em>cum</em></strong></span> <span class='ocrx_word' id='word_1_262' title='bbox 555 3087 653 3153; x_wconf 91' lang='lat' dir='ltr'><strong><em>ait,</em></strong></span> <span class='ocrx_word' id='word_1_263' title='bbox 686 3083 861 3140; x_wconf 88' lang='lat' dir='ltr'><strong><em>Unum</em></strong></span> <span class='ocrx_word' id='word_1_264' title='bbox 885 3100 1087 3139; x_wconf 88' lang='lat' dir='ltr'><strong><em>sumus.</em></strong></span> <span class='ocrx_word' id='word_1_265' title='bbox 1119 3080 1391 3150; x_wconf 86' lang='lat' dir='ltr'><strong><em>Quocirca</em></strong></span> <span class='ocrx_word' id='word_1_266' title='bbox 1425 3081 1473 3139; x_wconf 87' lang='lat' dir='ltr'><strong><em>si</em></strong></span> <span class='ocrx_word' id='word_1_267' title='bbox 1498 3079 1647 3136; x_wconf 86' lang='lat' dir='ltr'><strong><em>aliud</em></strong></span> <span class='ocrx_word' id='word_1_268' title='bbox 1674 3088 1758 3136; x_wconf 89' lang='lat' dir='ltr'><strong><em>est</em></strong></span> <span class='ocrx_word' id='word_1_269' title='bbox 1783 3077 1977 3144; x_wconf 89' lang='lat' dir='ltr'><strong><em>Filius,</em></strong></span> <span class='ocrx_word' id='word_1_270' title='bbox 2007 3110 2056 3175; x_wconf 66' lang='grc' dir='ltr'>ο</span> 
     </span>
    </p>
   </div>
   <div class='ocr_carea' id='block_1_34' title="bbox 394 3171 1978 3238">
    <p class='ocr_par' dir='ltr' id='par_1_34' title="bbox 394 3171 1978 3238">
     <span class='ocr_line' id='line_1_34' title="bbox 394 3171 1978 3238; baseline -0.005 -6"><span class='ocrx_word' id='word_1_271' title='bbox 394 3188 452 3232; x_wconf 90' lang='lat' dir='ltr'><strong><em>et</em></strong></span> <span class='ocrx_word' id='word_1_272' title='bbox 483 3172 634 3232; x_wconf 86' lang='lat' dir='ltr'><strong><em>aliud</em></strong></span> <span class='ocrx_word' id='word_1_273' title='bbox 666 3183 751 3231; x_wconf 89' lang='lat' dir='ltr'><strong><em>est</em></strong></span> <span class='ocrx_word' id='word_1_274' title='bbox 778 3172 1019 3229; x_wconf 77' lang='lat' dir='ltr'><strong><em>Verbum</em></strong></span> <span class='ocrx_word' id='word_1_275' title='bbox 1047 3212 1064 3238; x_wconf 93' lang='lat'><strong><em>,</em></strong></span> <span class='ocrx_word' id='word_1_276' title='bbox 1119 3187 1232 3228; x_wconf 89' lang='lat' dir='ltr'><strong><em>non</em></strong></span> <span class='ocrx_word' id='word_1_277' title='bbox 1265 3171 1503 3228; x_wconf 84' lang='lat' dir='ltr'><strong><em>Verbum</em></strong></span> <span class='ocrx_word' id='word_1_278' title='bbox 1536 3186 1708 3227; x_wconf 92' lang='lat' dir='ltr'><strong><em>unum</em></strong></span> <span class='ocrx_word' id='word_1_279' title='bbox 1742 3177 1828 3225; x_wconf 90' lang='lat' dir='ltr'><strong><em>est</em></strong></span> <span class='ocrx_word' id='word_1_280' title='bbox 1853 3184 1978 3225; x_wconf 90' lang='lat' dir='ltr'><strong><em>cum</em></strong></span> 
     </span>
    </p>
   </div>
   <div class='ocr_carea' id='block_1_35' title="bbox 395 3260 1984 3336">
    <p class='ocr_par' dir='ltr' id='par_1_35' title="bbox 395 3260 1984 3336">
     <span class='ocr_line' id='line_1_35' title="bbox 395 3260 1984 3336; baseline -0.006 -10"><span class='ocrx_word' id='word_1_281' title='bbox 395 3262 583 3334; x_wconf 84' lang='lat' dir='ltr'><strong><em>Patre,</em></strong></span> <span class='ocrx_word' id='word_1_282' title='bbox 624 3268 723 3324; x_wconf 89' lang='lat' dir='ltr'><strong><em>sed</em></strong></span> <span class='ocrx_word' id='word_1_283' title='bbox 764 3266 981 3322; x_wconf 87' lang='lat' dir='ltr'><strong><em>Filius:</em></strong></span> <span class='ocrx_word' id='word_1_284' title='bbox 1030 3280 1205 3336; x_wconf 86' lang='lat' dir='ltr'><strong><em>neque</em></strong></span> <span class='ocrx_word' id='word_1_285' title='bbox 1234 3263 1331 3336; x_wconf 90' lang='lat' dir='ltr'><strong><em>qui</em></strong></span> <span class='ocrx_word' id='word_1_286' title='bbox 1374 3260 1616 3318; x_wconf 83' lang='lat' dir='ltr'><strong><em>Verbum</em></strong></span> <span class='ocrx_word' id='word_1_287' title='bbox 1647 3261 1805 3328; x_wconf 90' lang='lat' dir='ltr'><strong><em>vidit,</em></strong></span> <span class='ocrx_word' id='word_1_288' title='bbox 1848 3260 1984 3316; x_wconf 87' lang='lat' dir='ltr'><strong><em>vidit</em></strong></span> 
     </span>
    </p>
   </div>
   <div class='ocr_carea' id='block_1_36' title="bbox 398 3350 1982 3430">
    <p class='ocr_par' dir='ltr' id='par_1_36' title="bbox 398 3350 1982 3430">
     <span class='ocr_line' id='line_1_36' title="bbox 398 3350 1982 3430; baseline -0.006 -12"><span class='ocrx_word' id='word_1_289' title='bbox 398 3358 646 3429; x_wconf 77' lang='lat' dir='ltr'><strong><em>Patrem,</em></strong></span> <span class='ocrx_word' id='word_1_290' title='bbox 678 3360 773 3417; x_wconf 88' lang='lat' dir='ltr'><strong><em>sed</em></strong></span> <span class='ocrx_word' id='word_1_291' title='bbox 803 3359 899 3430; x_wconf 91' lang='lat' dir='ltr'><strong><em>qui</em></strong></span> <span class='ocrx_word' id='word_1_292' title='bbox 926 3355 1129 3413; x_wconf 86' lang='lat' dir='ltr'><strong><em>Filium</em></strong></span> <span class='ocrx_word' id='word_1_293' title='bbox 1161 3355 1322 3411; x_wconf 84' lang='lat' dir='ltr'><strong><em>vidit.</em></strong></span> <span class='ocrx_word' id='word_1_294' title='bbox 1366 3352 1659 3422; x_wconf 57' lang='lat' dir='ltr'><strong><em>Praeterea,</em></strong></span> <span class='ocrx_word' id='word_1_295' title='bbox 1694 3353 1780 3410; x_wconf 89' lang='lat' dir='ltr'><strong><em>vel</em></strong></span> <span class='ocrx_word' id='word_1_296' title='bbox 1808 3350 1982 3408; x_wconf 90' lang='lat' dir='ltr'><strong><em>Filius</em></strong></span> 
     </span>
    </p>
   </div>
   <div class='ocr_carea' id='block_1_37' title="bbox 395 3443 1985 3524">
    <p class='ocr_par' dir='ltr' id='par_1_37' title="bbox 395 3443 1985 3524">
     <span class='ocr_line' id='line_1_37' title="bbox 395 3443 1985 3524; baseline -0.006 -16"><span class='ocrx_word' id='word_1_297' title='bbox 395 3452 579 3524; x_wconf 83' lang='lat' dir='ltr'><strong><em>major</em></strong></span> <span class='ocrx_word' id='word_1_298' title='bbox 609 3460 696 3507; x_wconf 91' lang='lat' dir='ltr'><strong><em>est</em></strong></span> <span class='ocrx_word' id='word_1_299' title='bbox 737 3447 943 3516; x_wconf 89' lang='lat' dir='ltr'><strong><em>Verbo,</em></strong></span> <span class='ocrx_word' id='word_1_300' title='bbox 976 3448 1062 3504; x_wconf 88' lang='lat' dir='ltr'><strong><em>vel</em></strong></span> <span class='ocrx_word' id='word_1_301' title='bbox 1101 3445 1341 3503; x_wconf 80' lang='lat' dir='ltr'><strong><em>Verbum</em></strong></span> <span class='ocrx_word' id='word_1_302' title='bbox 1379 3444 1517 3500; x_wconf 84' lang='lat' dir='ltr'><strong><em>nihil</em></strong></span> <span class='ocrx_word' id='word_1_303' title='bbox 1552 3444 1788 3516; x_wconf 90' lang='lat' dir='ltr'><strong><em>amplius</em></strong></span> <span class='ocrx_word' id='word_1_304' title='bbox 1819 3443 1985 3499; x_wconf 87' lang='lat' dir='ltr'><strong><em>habet</em></strong></span> 
     </span>
    </p>
   </div>
   <div class='ocr_carea' id='block_1_38' title="bbox 396 3536 1985 3617">
    <p class='ocr_par' dir='ltr' id='par_1_38' title="bbox 396 3536 1985 3617">
     <span class='ocr_line' id='line_1_38' title="bbox 396 3536 1985 3617; baseline -0.006 -17"><span class='ocrx_word' id='word_1_305' title='bbox 396 3559 563 3617; x_wconf 87' lang='lat' dir='ltr'><strong><em>quam</em></strong></span> <span class='ocrx_word' id='word_1_306' title='bbox 585 3541 779 3600; x_wconf 89' lang='lat' dir='ltr'><strong><em>Filius.</em></strong></span> <span class='ocrx_word' id='word_1_307' title='bbox 811 3538 1023 3612; x_wconf 85' lang='lat' dir='ltr'><strong><em>Ecquid</em></strong></span> <span class='ocrx_word' id='word_1_308' title='bbox 1050 3538 1197 3596; x_wconf 90' lang='lat' dir='ltr'><strong><em>enim</em></strong></span> <span class='ocrx_word' id='word_1_309' title='bbox 1226 3536 1408 3609; x_wconf 88' lang='lat' dir='ltr'><strong><em>majus</em></strong></span> <span class='ocrx_word' id='word_1_310' title='bbox 1436 3537 1519 3594; x_wconf 91' lang='lat' dir='ltr'><strong><em>vel</em></strong></span> <span class='ocrx_word' id='word_1_311' title='bbox 1542 3536 1839 3608; x_wconf 80' lang='lat' dir='ltr'><strong><em>perfectius</em></strong></span> <span class='ocrx_word' id='word_1_312' title='bbox 1860 3549 1985 3592; x_wconf 87' lang='lat' dir='ltr'><strong><em>esse</em></strong></span> 
     </span>
    </p>
   </div>
   <div class='ocr_carea' id='block_1_39' title="bbox 396 3627 1980 3706">
    <p class='ocr_par' dir='ltr' id='par_1_39' title="bbox 396 3627 1980 3706">
     <span class='ocr_line' id='line_1_39' title="bbox 396 3627 1980 3706; baseline -0.006 -15"><span class='ocrx_word' id='word_1_313' title='bbox 396 3634 594 3706; x_wconf 81' lang='lat' dir='ltr'><strong><em>possit,</em></strong></span> <span class='ocrx_word' id='word_1_314' title='bbox 628 3649 794 3706; x_wconf 90' lang='lat' dir='ltr'><strong><em>quam</em></strong></span> <span class='ocrx_word' id='word_1_315' title='bbox 837 3631 985 3704; x_wconf 92' lang='lat' dir='ltr'><strong><em>quod</em></strong></span> <span class='ocrx_word' id='word_1_316' title='bbox 1029 3629 1369 3703; x_wconf 78' lang='lat' dir='ltr'><strong><em>signiﬁcatur</em></strong></span> <span class='ocrx_word' id='word_1_317' title='bbox 1413 3627 1569 3685; x_wconf 88' lang='lat' dir='ltr'><strong><em>hisce</em></strong></span> <span class='ocrx_word' id='word_1_318' title='bbox 1611 3627 1980 3693; x_wconf 89' lang='lat' dir='ltr'><strong><em>dictionibus,</em></strong></span> 
     </span>
    </p>
   </div>
   <div class='ocr_carea' id='block_1_40' title="bbox 403 3719 1984 3797">
    <p class='ocr_par' dir='ltr' id='par_1_40' title="bbox 403 3719 1984 3797">
     <span class='ocr_line' id='line_1_40' title="bbox 403 3719 1984 3797; baseline -0.005 -16"><span class='ocrx_word' id='word_1_319' title='bbox 403 3724 581 3781; x_wconf 82' lang='lat' dir='ltr'><strong><em>Unum</em></strong></span> <span class='ocrx_word' id='word_1_320' title='bbox 606 3726 673 3792; x_wconf 79' lang='lat'><strong><em>“,</em></strong></span> <span class='ocrx_word' id='word_1_321' title='bbox 706 3723 821 3797; x_wconf 86' lang='lat' dir='ltr'><strong><em>Ego</em></strong></span> <span class='ocrx_word' id='word_1_322' title='bbox 862 3724 917 3778; x_wconf 85' lang='lat' dir='ltr'><strong><em>in</em></strong></span> <span class='ocrx_word' id='word_1_323' title='bbox 939 3722 1126 3789; x_wconf 84' lang='lat' dir='ltr'><strong><em>Patre,</em></strong></span> <span class='ocrx_word' id='word_1_324' title='bbox 1158 3732 1208 3776; x_wconf 92' lang='lat' dir='ltr'><strong><em>et</em></strong></span> <span class='ocrx_word' id='word_1_325' title='bbox 1235 3720 1403 3776; x_wconf 89' lang='lat' dir='ltr'><strong><em>Pater</em></strong></span> <span class='ocrx_word' id='word_1_326' title='bbox 1437 3720 1496 3774; x_wconf 87' lang='lat' dir='ltr'><strong><em>in</em></strong></span> <span class='ocrx_word' id='word_1_327' title='bbox 1524 3737 1605 3774; x_wconf 86' lang='lat' dir='ltr'><strong><em>me</em></strong></span> <span class='ocrx_word' id='word_1_328' title='bbox 1643 3719 1879 3784; x_wconf 84' lang='lat' dir='ltr'><strong><em>est:Qui</em></strong></span> <span class='ocrx_word' id='word_1_329' title='bbox 1907 3721 1984 3774; x_wconf 79' lang='lat' dir='ltr'><strong><em>ci-</em></strong></span> 
     </span>
    </p>
   </div>
   <div class='ocr_carea' id='block_1_41' title="bbox 397 3809 1978 3885">
    <p class='ocr_par' dir='ltr' id='par_1_41' title="bbox 397 3809 1978 3885">
     <span class='ocr_line' id='line_1_41' title="bbox 397 3809 1978 3885; baseline -0.007 -10"><span class='ocrx_word' id='word_1_330' title='bbox 397 3820 479 3875; x_wconf 87' lang='lat' dir='ltr'><strong><em>dit</em></strong></span> <span class='ocrx_word' id='word_1_331' title='bbox 505 3836 608 3885; x_wconf 87' lang='lat' dir='ltr'><strong><em>me,</em></strong></span> <span class='ocrx_word' id='word_1_332' title='bbox 637 3816 766 3874; x_wconf 81' lang='lat' dir='ltr'><strong><em>vidit</em></strong></span> <span class='ocrx_word' id='word_1_333' title='bbox 794 3815 1018 3871; x_wconf 87' lang='lat' dir='ltr'><strong><em>Patrem</em></strong></span> <span class='ocrx_word' id='word_1_334' title='bbox 1038 3814 1134 3869; x_wconf 56' lang='grc' dir='ltr'><em>ἐἳ</em></span> <span class='ocrx_word' id='word_1_335' title='bbox 1169 3811 1266 3869; x_wconf 74' lang='lat' dir='ltr'><strong><em>Ha:</em></strong></span> <span class='ocrx_word' id='word_1_336' title='bbox 1306 3811 1455 3868; x_wconf 88' lang='lat' dir='ltr'><strong><em>enim</em></strong></span> <span class='ocrx_word' id='word_1_337' title='bbox 1481 3827 1648 3868; x_wconf 85' lang='lat' dir='ltr'><strong><em>voces</em></strong></span> <span class='ocrx_word' id='word_1_338' title='bbox 1676 3809 1801 3866; x_wconf 88' lang='lat' dir='ltr'><strong><em>Filii</em></strong></span> <span class='ocrx_word' id='word_1_339' title='bbox 1830 3819 1978 3867; x_wconf 88' lang='lat' dir='ltr'><strong><em>sunt.</em></strong></span> 
     </span>
    </p>
   </div>
   <div class='ocr_carea' id='block_1_42' title="bbox 397 3899 1982 3981">
    <p class='ocr_par' dir='ltr' id='par_1_42' title="bbox 397 3899 1982 3981">
     <span class='ocr_line' id='line_1_42' title="bbox 397 3899 1982 3981; baseline -0.007 -16"><span class='ocrx_word' id='word_1_340' title='bbox 397 3909 491 3965; x_wconf 80' lang='lat' dir='ltr'><strong><em>Ait</em></strong></span> <span class='ocrx_word' id='word_1_341' title='bbox 520 3924 651 3981; x_wconf 83' lang='lat' dir='ltr'><strong><em>ergo</em></strong></span> <span class='ocrx_word' id='word_1_342' title='bbox 681 3907 826 3962; x_wconf 89' lang='lat' dir='ltr'><strong><em>idem</em></strong></span> <span class='ocrx_word' id='word_1_343' title='bbox 858 3903 1098 3960; x_wconf 82' lang='lat' dir='ltr'><strong><em>Joannes</em></strong></span> <span class='ocrx_word' id='word_1_344' title='bbox 1125 3922 1140 3959; x_wconf 91' lang='lat'><strong>:</strong></span> <span class='ocrx_word' id='word_1_345' title='bbox 1172 3901 1277 3968; x_wconf 85' lang='lat' dir='ltr'><strong><em>Qui</em></strong></span> <span class='ocrx_word' id='word_1_346' title='bbox 1306 3902 1437 3956; x_wconf 83' lang='lat' dir='ltr'><strong><em>vidit</em></strong></span> <span class='ocrx_word' id='word_1_347' title='bbox 1457 3916 1556 3969; x_wconf 89' lang='lat' dir='ltr'><strong><em>me,</em></strong></span> <span class='ocrx_word' id='word_1_348' title='bbox 1585 3899 1717 3955; x_wconf 76' lang='lat' dir='ltr'><strong><em>uidit</em></strong></span> <span class='ocrx_word' id='word_1_349' title='bbox 1754 3916 1872 3955; x_wconf 89' lang='lat' dir='ltr'><strong><em>eum</em></strong></span> <span class='ocrx_word' id='word_1_350' title='bbox 1892 3900 1982 3971; x_wconf 89' lang='lat' dir='ltr'><strong><em>qui</em></strong></span> 
     </span>
    </p>
   </div>
   <div class='ocr_carea' id='block_1_43' title="bbox 400 3992 1983 4065">
    <p class='ocr_par' dir='ltr' id='par_1_43' title="bbox 400 3992 1983 4065">
     <span class='ocr_line' id='line_1_43' title="bbox 400 3992 1983 4065; baseline -0.006 -9"><span class='ocrx_word' id='word_1_351' title='bbox 400 4003 546 4056; x_wconf 84' lang='lat' dir='ltr'><strong><em>misit</em></strong></span> <span class='ocrx_word' id='word_1_352' title='bbox 576 4017 658 4055; x_wconf 86' lang='lat' dir='ltr'><strong><em>me</em></strong></span> <span class='ocrx_word' id='word_1_353' title='bbox 676 3992 746 4053; x_wconf 70' lang='lat'><strong><em>&quot;.</em></strong></span> <span class='ocrx_word' id='word_1_354' title='bbox 781 3992 870 4065; x_wconf 85' lang='lat' dir='ltr'><strong><em>Et,</em></strong></span> <span class='ocrx_word' id='word_1_355' title='bbox 907 3993 1014 4062; x_wconf 82' lang='lat' dir='ltr'><strong><em>Qui</em></strong></span> <span class='ocrx_word' id='word_1_356' title='bbox 1041 4011 1122 4050; x_wconf 85' lang='lat' dir='ltr'><strong><em>me</em></strong></span> <span class='ocrx_word' id='word_1_357' title='bbox 1160 3994 1368 4064; x_wconf 84' lang='lat' dir='ltr'><strong><em>recipit,</em></strong></span> <span class='ocrx_word' id='word_1_358' title='bbox 1407 3993 1593 4065; x_wconf 83' lang='lat' dir='ltr'><strong><em>recipit</em></strong></span> <span class='ocrx_word' id='word_1_359' title='bbox 1621 4009 1741 4047; x_wconf 81' lang='lat' dir='ltr'><strong><em>eum</em></strong></span> <span class='ocrx_word' id='word_1_360' title='bbox 1766 3993 1857 4064; x_wconf 89' lang='lat' dir='ltr'><strong><em>qui</em></strong></span> <span class='ocrx_word' id='word_1_361' title='bbox 1882 3993 1983 4046; x_wconf 90' lang='lat' dir='ltr'><strong><em>mi-</em></strong></span> 
     </span>
    </p>
   </div>
   <div class='ocr_carea' id='block_1_44' title="bbox 399 4082 1982 4160">
    <p class='ocr_par' dir='ltr' id='par_1_44' title="bbox 399 4082 1982 4160">
     <span class='ocr_line' id='line_1_44' title="bbox 399 4082 1982 4160; baseline -0.007 -10"><span class='ocrx_word' id='word_1_362' title='bbox 399 4097 472 4151; x_wconf 87' lang='lat' dir='ltr'><strong><em>sit</em></strong></span> <span class='ocrx_word' id='word_1_363' title='bbox 496 4109 576 4148; x_wconf 89' lang='lat' dir='ltr'><strong><em>me</em></strong></span> <span class='ocrx_word' id='word_1_364' title='bbox 600 4092 667 4145; x_wconf 83' lang='grc'><strong><em>⁸⁸.</em></strong></span> <span class='ocrx_word' id='word_1_365' title='bbox 696 4089 785 4158; x_wconf 90' lang='lat' dir='ltr'><strong><em>Et,</em></strong></span> <span class='ocrx_word' id='word_1_366' title='bbox 815 4088 926 4160; x_wconf 89' lang='lat' dir='ltr'><strong><em>Ego</em></strong></span> <span class='ocrx_word' id='word_1_367' title='bbox 953 4082 1048 4142; x_wconf 66' lang='lat' dir='ltr'><strong><em>lux</em></strong></span> <span class='ocrx_word' id='word_1_368' title='bbox 1074 4087 1131 4141; x_wconf 84' lang='lat' dir='ltr'><strong><em>in</em></strong></span> <span class='ocrx_word' id='word_1_369' title='bbox 1151 4085 1407 4140; x_wconf 87' lang='lat' dir='ltr'><strong><em>mundum</em></strong></span> <span class='ocrx_word' id='word_1_370' title='bbox 1431 4087 1566 4151; x_wconf 79' lang='lat' dir='ltr'><strong><em>ueni,</em></strong></span> <span class='ocrx_word' id='word_1_371' title='bbox 1608 4096 1667 4140; x_wconf 89' lang='lat' dir='ltr'><strong><em>ut</em></strong></span> <span class='ocrx_word' id='word_1_372' title='bbox 1692 4086 1862 4141; x_wconf 85' lang='lat' dir='ltr'><strong><em>omnis</em></strong></span> <span class='ocrx_word' id='word_1_373' title='bbox 1891 4084 1982 4155; x_wconf 87' lang='lat' dir='ltr'><strong><em>qui</em></strong></span> 
     </span>
    </p>
   </div>
   <div class='ocr_carea' id='block_1_45' title="bbox 399 4173 1984 4246">
    <p class='ocr_par' dir='ltr' id='par_1_45' title="bbox 399 4173 1984 4246">
     <span class='ocr_line' id='line_1_45' title="bbox 399 4173 1984 4246; baseline -0.008 -6"><span class='ocrx_word' id='word_1_374' title='bbox 399 4184 569 4240; x_wconf 89' lang='lat' dir='ltr'><strong><em>credit</em></strong></span> <span class='ocrx_word' id='word_1_375' title='bbox 596 4183 649 4238; x_wconf 84' lang='lat' dir='ltr'><strong><em>in</em></strong></span> <span class='ocrx_word' id='word_1_376' title='bbox 684 4197 786 4245; x_wconf 87' lang='lat' dir='ltr'><strong><em>me,</em></strong></span> <span class='ocrx_word' id='word_1_377' title='bbox 812 4180 867 4233; x_wconf 88' lang='lat' dir='ltr'><strong><em>in</em></strong></span> <span class='ocrx_word' id='word_1_378' title='bbox 895 4176 1119 4233; x_wconf 87' lang='lat' dir='ltr'><strong><em>tenebris</em></strong></span> <span class='ocrx_word' id='word_1_379' title='bbox 1140 4192 1245 4230; x_wconf 85' lang='lat' dir='ltr'><strong><em>non</em></strong></span> <span class='ocrx_word' id='word_1_380' title='bbox 1264 4183 1497 4230; x_wconf 86' lang='lat' dir='ltr'><strong><em>maneat.</em></strong></span> <span class='ocrx_word' id='word_1_381' title='bbox 1528 4173 1617 4242; x_wconf 88' lang='lat' dir='ltr'><strong><em>Et,</em></strong></span> <span class='ocrx_word' id='word_1_382' title='bbox 1646 4174 1710 4232; x_wconf 88' lang='lat' dir='ltr'><strong><em>Si</em></strong></span> <span class='ocrx_word' id='word_1_383' title='bbox 1747 4177 1863 4246; x_wconf 89' lang='lat' dir='ltr'><strong><em>quis</em></strong></span> <span class='ocrx_word' id='word_1_384' title='bbox 1893 4191 1984 4229; x_wconf 85' lang='lat' dir='ltr'><strong><em>au-</em></strong></span> 
     </span>
    </p>
   </div>
   <div class='ocr_carea' id='block_1_46' title="bbox 397 4266 1981 4339">
    <p class='ocr_par' dir='ltr' id='par_1_46' title="bbox 397 4266 1981 4339">
     <span class='ocr_line' id='line_1_46' title="bbox 397 4266 1981 4339; baseline -0.006 -8"><span class='ocrx_word' id='word_1_385' title='bbox 397 4275 558 4331; x_wconf 84' lang='lat' dir='ltr'><strong><em>dierit</em></strong></span> <span class='ocrx_word' id='word_1_386' title='bbox 593 4273 747 4328; x_wconf 78' lang='lat' dir='ltr'><strong><em>verba</em></strong></span> <span class='ocrx_word' id='word_1_387' title='bbox 772 4266 919 4339; x_wconf 83' lang='lat' dir='ltr'><strong><em>mea,</em></strong></span> <span class='ocrx_word' id='word_1_388' title='bbox 948 4279 1123 4324; x_wconf 83' lang='lat' dir='ltr'><strong><em>etnon</em></strong></span> <span class='ocrx_word' id='word_1_389' title='bbox 1166 4267 1499 4335; x_wconf 81' lang='lat' dir='ltr'><strong><em>custodierit,</em></strong></span> <span class='ocrx_word' id='word_1_390' title='bbox 1529 4284 1621 4339; x_wconf 90' lang='lat' dir='ltr'><strong><em>ego</em></strong></span> <span class='ocrx_word' id='word_1_391' title='bbox 1652 4284 1760 4323; x_wconf 85' lang='lat' dir='ltr'><strong><em>non</em></strong></span> <span class='ocrx_word' id='word_1_392' title='bbox 1795 4267 1981 4338; x_wconf 87' lang='lat' dir='ltr'><strong><em>judico</em></strong></span> 
     </span>
    </p>
   </div>
   <div class='ocr_carea' id='block_1_47' title="bbox 397 4359 1982 4431">
    <p class='ocr_par' dir='ltr' id='par_1_47' title="bbox 397 4359 1982 4431">
     <span class='ocr_line' id='line_1_47' title="bbox 397 4359 1982 4431; baseline -0.005 -7"><span class='ocrx_word' id='word_1_393' title='bbox 397 4385 541 4425; x_wconf 82' lang='lat' dir='ltr'><strong><em>eum.</em></strong></span> <span class='ocrx_word' id='word_1_394' title='bbox 586 4365 710 4420; x_wconf 80' lang='lat' dir='ltr'><strong><em>Non</em></strong></span> <span class='ocrx_word' id='word_1_395' title='bbox 759 4365 899 4419; x_wconf 84' lang='lat' dir='ltr'><strong><em>enim</em></strong></span> <span class='ocrx_word' id='word_1_396' title='bbox 930 4362 1047 4418; x_wconf 79' lang='lat' dir='ltr'><strong><em>veni</em></strong></span> <span class='ocrx_word' id='word_1_397' title='bbox 1092 4370 1153 4416; x_wconf 87' lang='lat' dir='ltr'><strong><em>ut</em></strong></span> <span class='ocrx_word' id='word_1_398' title='bbox 1181 4359 1423 4431; x_wconf 84' lang='lat' dir='ltr'><strong><em>judicem</em></strong></span> <span class='ocrx_word' id='word_1_399' title='bbox 1476 4362 1752 4429; x_wconf 85' lang='lat' dir='ltr'><strong><em>mundum,</em></strong></span> <span class='ocrx_word' id='word_1_400' title='bbox 1787 4361 1878 4415; x_wconf 90' lang='lat' dir='ltr'><strong><em>sed</em></strong></span> <span class='ocrx_word' id='word_1_401' title='bbox 1922 4370 1982 4416; x_wconf 88' lang='lat' dir='ltr'><strong><em>ut</em></strong></span> 
     </span>
    </p>
   </div>
   <div class='ocr_carea' id='block_1_48' title="bbox 2086 503 3685 575">
    <p class='ocr_par' dir='ltr' id='par_1_48' title="bbox 2086 503 3685 575">
     <span class='ocr_line' id='line_1_48' title="bbox 2086 503 3685 575; baseline -0.001 -15"><span class='ocrx_word' id='word_1_402' title='bbox 2086 503 2279 571; x_wconf 80' lang='grc' dir='ltr'><em>εἷπον,</em></span> <span class='ocrx_word' id='word_1_403' title='bbox 2302 506 2434 572; x_wconf 78' lang='grc' dir='ltr'><strong><em>Υἱὸς</em></strong></span> <span class='ocrx_word' id='word_1_404' title='bbox 2458 504 2565 559; x_wconf 88' lang='grc' dir='ltr'><em>τοῦ</em></span> <span class='ocrx_word' id='word_1_405' title='bbox 2597 504 2744 560; x_wconf 85' lang='grc' dir='ltr'><strong><em>Θεοῦ</em></strong></span> <span class='ocrx_word' id='word_1_406' title='bbox 2769 507 2883 574; x_wconf 79' lang='grc' dir='ltr'><em>ειμι</em></span> <span class='ocrx_word' id='word_1_407' title='bbox 2900 520 2918 568; x_wconf 84' lang='lat'><strong><em>;</em></strong></span> <span class='ocrx_word' id='word_1_408' title='bbox 2934 505 3005 559; x_wconf 83' lang='lat' dir='ltr'><strong><em>Et</em></strong></span> <span class='ocrx_word' id='word_1_409' title='bbox 3032 504 3104 559; x_wconf 86' lang='grc' dir='ltr'><strong><em>οὐ</em></strong></span> <span class='ocrx_word' id='word_1_410' title='bbox 3128 503 3277 559; x_wconf 82' lang='grc' dir='ltr'><em>ποιῶ</em></span> <span class='ocrx_word' id='word_1_411' title='bbox 3300 504 3373 559; x_wconf 85' lang='grc' dir='ltr'><strong><em>τὰ</em></strong></span> <span class='ocrx_word' id='word_1_412' title='bbox 3397 505 3545 575; x_wconf 73' lang='grc' dir='ltr'>ἔργα</span> <span class='ocrx_word' id='word_1_413' title='bbox 3569 504 3685 560; x_wconf 85' lang='grc' dir='ltr'><em>τοῦ</em></span> 
     </span>
    </p>
   </div>
   <div class='ocr_carea' id='block_1_49' title="bbox 2088 593 3684 669">
    <p class='ocr_par' dir='ltr' id='par_1_49' title="bbox 2088 593 3684 669">
     <span class='ocr_line' id='line_1_49' title="bbox 2088 593 3684 669; baseline -0.001 -17"><span class='ocrx_word' id='word_1_414' title='bbox 2088 597 2336 667; x_wconf 82' lang='grc' dir='ltr'><strong><em>Πατρός,</em></strong></span> <span class='ocrx_word' id='word_1_415' title='bbox 2361 596 2448 668; x_wconf 81' lang='grc' dir='ltr'><em>μὴ</em></span> <span class='ocrx_word' id='word_1_416' title='bbox 2469 594 2544 669; x_wconf 79' lang='grc'>(5)</span> <span class='ocrx_word' id='word_1_417' title='bbox 2568 597 2880 651; x_wconf 83' lang='grc' dir='ltr'><em>πιστεύετέ</em></span> <span class='ocrx_word' id='word_1_418' title='bbox 2899 613 3030 668; x_wconf 79' lang='grc' dir='ltr'><em>μοι’</em></span> <span class='ocrx_word' id='word_1_419' title='bbox 3054 599 3108 651; x_wconf 78' lang='grc' dir='ltr'><strong><em>ει</em></strong></span> <span class='ocrx_word' id='word_1_420' title='bbox 3128 595 3197 649; x_wconf 83' lang='grc' dir='ltr'><strong><em>δὲ</em></strong></span> <span class='ocrx_word' id='word_1_421' title='bbox 3218 593 3386 660; x_wconf 87' lang='grc' dir='ltr'><em>ποιῶ,</em></span> <span class='ocrx_word' id='word_1_422' title='bbox 3410 595 3529 650; x_wconf 82' lang='grc' dir='ltr'><strong><em>κᾶν</em></strong></span> <span class='ocrx_word' id='word_1_423' title='bbox 3547 595 3684 667; x_wconf 76' lang='grc' dir='ltr'><em>ἐμοὶ</em></span> 
     </span>
    </p>
   </div>
   <div class='ocr_carea' id='block_1_50' title="bbox 2082 687 3685 761">
    <p class='ocr_par' dir='ltr' id='par_1_50' title="bbox 2082 687 3685 761">
     <span class='ocr_line' id='line_1_50' title="bbox 2082 687 3685 761; baseline 0.001 -18"><span class='ocrx_word' id='word_1_424' title='bbox 2082 689 2170 761; x_wconf 78' lang='grc' dir='ltr'><em>μὴ</em></span> <span class='ocrx_word' id='word_1_425' title='bbox 2200 691 2543 758; x_wconf 81' lang='grc' dir='ltr'><strong><em>πιστεύητε,</em></strong></span> <span class='ocrx_word' id='word_1_426' title='bbox 2566 690 2692 756; x_wconf 82' lang='grc' dir='ltr'><em>τοῖς</em></span> <span class='ocrx_word' id='word_1_427' title='bbox 2713 689 2910 761; x_wconf 76' lang='grc' dir='ltr'><em>ἔργοις</em></span> <span class='ocrx_word' id='word_1_428' title='bbox 2942 691 3327 755; x_wconf 83' lang='grc' dir='ltr'><strong><em>πιστεύσατε,</em></strong></span> <span class='ocrx_word' id='word_1_429' title='bbox 3358 690 3461 744; x_wconf 78' lang='grc' dir='ltr'><strong><em>ἵνα</em></strong></span> <span class='ocrx_word' id='word_1_430' title='bbox 3488 687 3685 760; x_wconf 73' lang='grc' dir='ltr'><em>τνῶτε</em></span> 
     </span>
    </p>
   </div>
   <div class='ocr_carea' id='block_1_51' title="bbox 2086 780 3686 852">
    <p class='ocr_par' dir='ltr' id='par_1_51' title="bbox 2086 780 3686 852">
     <span class='ocr_line' id='line_1_51' title="bbox 2086 780 3686 852; baseline -0.001 -17"><span class='ocrx_word' id='word_1_431' title='bbox 2086 781 2186 835; x_wconf 79' lang='grc' dir='ltr'><strong><em>καὶ</em></strong></span> <span class='ocrx_word' id='word_1_432' title='bbox 2216 781 2568 851; x_wconf 78' lang='grc' dir='ltr'><em>γινώσκητε,</em></span> <span class='ocrx_word' id='word_1_433' title='bbox 2608 780 2699 835; x_wconf 81' lang='grc' dir='ltr'><em>ὅτι</em></span> <span class='ocrx_word' id='word_1_434' title='bbox 2730 782 2801 835; x_wconf 85' lang='grc' dir='ltr'><strong><em>ἐν</em></strong></span> <span class='ocrx_word' id='word_1_435' title='bbox 2828 780 2962 851; x_wconf 77' lang='grc' dir='ltr'><em>ἐμοὶ</em></span> <span class='ocrx_word' id='word_1_436' title='bbox 2999 784 3032 835; x_wconf 87' lang='grc' dir='ltr'><strong><em>ό</em></strong></span> <span class='ocrx_word' id='word_1_437' title='bbox 3058 780 3282 851; x_wconf 76' lang='grc' dir='ltr'><em>Πατὴρ,</em></span> <span class='ocrx_word' id='word_1_438' title='bbox 3314 780 3479 852; x_wconf 73' lang='grc' dir='ltr'><strong><em>κάγὼ</em></strong></span> <span class='ocrx_word' id='word_1_439' title='bbox 3504 780 3576 834; x_wconf 85' lang='grc' dir='ltr'><strong><em>ἐν</em></strong></span> <span class='ocrx_word' id='word_1_440' title='bbox 3599 780 3686 846; x_wconf 78' lang='grc' dir='ltr'><em>τῷ</em></span> 
     </span>
    </p>
   </div>
   <div class='ocr_carea' id='block_1_52' title="bbox 2086 870 3684 946">
    <p class='ocr_par' dir='ltr' id='par_1_52' title="bbox 2086 870 3684 946">
     <span class='ocr_line' id='line_1_52' title="bbox 2086 870 3684 946; baseline -0.001 -19"><span class='ocrx_word' id='word_1_441' title='bbox 2086 875 2289 942; x_wconf 80' lang='grc' dir='ltr'><em>Πατρί.</em></span> <span class='ocrx_word' id='word_1_442' title='bbox 2322 874 2545 941; x_wconf 79' lang='grc' dir='ltr'><strong><em>Καίτοι,</em></strong></span> <span class='ocrx_word' id='word_1_443' title='bbox 2576 874 2700 928; x_wconf 85' lang='grc' dir='ltr'>ὅσον</span> <span class='ocrx_word' id='word_1_444' title='bbox 2724 875 2789 928; x_wconf 84' lang='grc' dir='ltr'><strong><em>ὲκ</em></strong></span> <span class='ocrx_word' id='word_1_445' title='bbox 2816 872 2908 927; x_wconf 79' lang='grc' dir='ltr'><strong><em>τοῦ</em></strong></span> <span class='ocrx_word' id='word_1_446' title='bbox 2935 872 3247 946; x_wconf 76' lang='grc' dir='ltr'><strong><em>προφανοῦς</em></strong></span> <span class='ocrx_word' id='word_1_447' title='bbox 3268 873 3349 926; x_wconf 84' lang='grc' dir='ltr'><strong><em>δεῖ</em></strong></span> <span class='ocrx_word' id='word_1_448' title='bbox 3377 874 3540 939; x_wconf 83' lang='grc' dir='ltr'>νοεῖν,</span> <span class='ocrx_word' id='word_1_449' title='bbox 3563 870 3684 927; x_wconf 71' lang='lat'><em>060&#39;</em></span> 
     </span>
    </p>
   </div>
   <div class='ocr_carea' id='block_1_53' title="bbox 2085 960 3683 1038">
    <p class='ocr_par' dir='ltr' id='par_1_53' title="bbox 2085 960 3683 1038">
     <span class='ocr_line' id='line_1_53' title="bbox 2085 960 3683 1038; baseline -0.001 -19"><span class='ocrx_word' id='word_1_450' title='bbox 2085 965 2167 1019; x_wconf 79' lang='grc' dir='ltr'><em>ὅτι</em></span> <span class='ocrx_word' id='word_1_451' title='bbox 2194 966 2325 1032; x_wconf 83' lang='grc' dir='ltr'><em>Θεός</em></span> <span class='ocrx_word' id='word_1_452' title='bbox 2355 968 2471 1038; x_wconf 78' lang='grc' dir='ltr'><em>εἰμι</em></span> <span class='ocrx_word' id='word_1_453' title='bbox 2490 1008 2505 1031; x_wconf 89' lang='grc'><strong><em>,</em></strong></span> <span class='ocrx_word' id='word_1_454' title='bbox 2550 966 2661 1019; x_wconf 77' lang='grc' dir='ltr'><strong><em>οὐδ’</em></strong></span> <span class='ocrx_word' id='word_1_455' title='bbox 2693 966 2774 1020; x_wconf 83' lang='grc' dir='ltr'><em>ὅτι</em></span> <span class='ocrx_word' id='word_1_456' title='bbox 2813 965 2945 1030; x_wconf 76' lang='grc' dir='ltr'><strong><em>Υἱὸς</em></strong></span> <span class='ocrx_word' id='word_1_457' title='bbox 2973 965 3107 1019; x_wconf 82' lang='grc' dir='ltr'><em>Θεοῦ</em></span> <span class='ocrx_word' id='word_1_458' title='bbox 3135 967 3251 1037; x_wconf 71' lang='grc' dir='ltr'><em>εἰμι</em></span> <span class='ocrx_word' id='word_1_459' title='bbox 3271 1007 3284 1029; x_wconf 89' lang='grc'><strong><em>,</em></strong></span> <span class='ocrx_word' id='word_1_460' title='bbox 3316 960 3504 1032; x_wconf 79' lang='grc' dir='ltr'><em>εἶπεν,</em></span> <span class='ocrx_word' id='word_1_461' title='bbox 3537 965 3683 1032; x_wconf 76' lang='grc' dir='ltr'><em>ἀλλ’,</em></span> 
     </span>
    </p>
   </div>
   <div class='ocr_carea' id='block_1_54' title="bbox 2099 1057 2991 1129">
    <p class='ocr_par' dir='ltr' id='par_1_54' title="bbox 2099 1057 2991 1129">
     <span class='ocr_line' id='line_1_54' title="bbox 2099 1057 2991 1129; baseline 0.001 -19"><span class='ocrx_word' id='word_1_462' title='bbox 2099 1057 2240 1129; x_wconf 75' lang='grc' dir='ltr'><strong><em>Ἐγὼ</em></strong></span> <span class='ocrx_word' id='word_1_463' title='bbox 2264 1059 2362 1113; x_wconf 80' lang='grc' dir='ltr'><strong><em>καὶ</em></strong></span> <span class='ocrx_word' id='word_1_464' title='bbox 2388 1062 2421 1113; x_wconf 85' lang='grc' dir='ltr'><strong><em>ό</em></strong></span> <span class='ocrx_word' id='word_1_465' title='bbox 2454 1058 2659 1127; x_wconf 79' lang='grc' dir='ltr'><em>Πατὴρ</em></span> <span class='ocrx_word' id='word_1_466' title='bbox 2689 1057 2758 1112; x_wconf 77' lang='grc' dir='ltr'><strong><em>ἓν</em></strong></span> <span class='ocrx_word' id='word_1_467' title='bbox 2782 1058 2991 1128; x_wconf 85' lang='grc' dir='ltr'><em>ἐσμεν.</em></span> 
     </span>
    </p>
   </div>
   <div class='ocr_carea' id='block_1_55' title="bbox 2157 1144 3685 1231">
    <p class='ocr_par' dir='ltr' id='par_1_55' title="bbox 2157 1144 3685 1231">
     <span class='ocr_line' id='line_1_55' title="bbox 2157 1144 3685 1231; baseline -0.001 -27"><span class='ocrx_word' id='word_1_468' title='bbox 2157 1151 2244 1205; x_wconf 79' lang='grc'><strong><em>17.</em></strong></span> <span class='ocrx_word' id='word_1_469' title='bbox 2269 1152 2332 1231; x_wconf 75' lang='grc' dir='ltr'><strong><em>Οἱ</em></strong></span> <span class='ocrx_word' id='word_1_470' title='bbox 2361 1151 2457 1223; x_wconf 79' lang='grc' dir='ltr'>μὲν</span> <span class='ocrx_word' id='word_1_471' title='bbox 2480 1146 2573 1205; x_wconf 75' lang='grc' dir='ltr'>οὖν</span> <span class='ocrx_word' id='word_1_472' title='bbox 2599 1150 2842 1205; x_wconf 84' lang='grc' dir='ltr'>Ἰουδαῖοι</span> <span class='ocrx_word' id='word_1_473' title='bbox 2866 1153 2922 1204; x_wconf 80' lang='grc' dir='ltr'>ὲν</span> <span class='ocrx_word' id='word_1_474' title='bbox 2944 1148 3022 1222; x_wconf 80' lang='grc' dir='ltr'><em>τῷ</em></span> <span class='ocrx_word' id='word_1_475' title='bbox 3041 1148 3398 1214; x_wconf 78' lang='grc' dir='ltr'><strong><em>ἀκοῦσαι,ἒν,</em></strong></span> <span class='ocrx_word' id='word_1_476' title='bbox 3428 1144 3685 1220; x_wconf 69' lang='grc' dir='ltr'><em>ἐνόμιζον</em></span> 
     </span>
    </p>
   </div>
   <div class='ocr_carea' id='block_1_56' title="bbox 2086 1239 3685 1315">
    <p class='ocr_par' dir='ltr' id='par_1_56' title="bbox 2086 1239 3685 1315">
     <span class='ocr_line' id='line_1_56' title="bbox 2086 1239 3685 1315; baseline -0.002 -18"><span class='ocrx_word' id='word_1_477' title='bbox 2086 1244 2228 1298; x_wconf 82' lang='grc' dir='ltr'><strong><em>κατὰ</em></strong></span> <span class='ocrx_word' id='word_1_478' title='bbox 2258 1244 2545 1298; x_wconf 80' lang='grc' dir='ltr'><em>Σαὸέλλιον</em></span> <span class='ocrx_word' id='word_1_479' title='bbox 2573 1244 2736 1298; x_wconf 81' lang='grc' dir='ltr'>αὐτὸν</span> <span class='ocrx_word' id='word_1_480' title='bbox 2764 1243 3045 1315; x_wconf 77' lang='grc' dir='ltr'><strong><em>εἰρηκέναι</em></strong></span> <span class='ocrx_word' id='word_1_481' title='bbox 3079 1239 3216 1297; x_wconf 77' lang='grc' dir='ltr'><em>εἶναι</em></span> <span class='ocrx_word' id='word_1_482' title='bbox 3242 1242 3334 1296; x_wconf 78' lang='grc' dir='ltr'>τὸν</span> <span class='ocrx_word' id='word_1_483' title='bbox 3359 1241 3582 1313; x_wconf 78' lang='grc' dir='ltr'><strong><em>Πατέρα.</em></strong></span> <span class='ocrx_word' id='word_1_484' title='bbox 3600 1257 3617 1273; x_wconf 73' lang='grc' dir='ltr'><strong>ο</strong></span> <span class='ocrx_word' id='word_1_485' title='bbox 3653 1244 3685 1295; x_wconf 86' lang='lat'><strong><em>6</em></strong></span> 
     </span>
    </p>
   </div>
   <div class='ocr_carea' id='block_1_57' title="bbox 2084 1332 3687 1408">
    <p class='ocr_par' dir='ltr' id='par_1_57' title="bbox 2084 1332 3687 1408">
     <span class='ocr_line' id='line_1_57' title="bbox 2084 1332 3687 1408; baseline -0.002 -18"><span class='ocrx_word' id='word_1_486' title='bbox 2084 1336 2143 1390; x_wconf 87' lang='grc' dir='ltr'><em>δέ</em></span> <span class='ocrx_word' id='word_1_487' title='bbox 2165 1353 2230 1407; x_wconf 89' lang='grc' dir='ltr'><em>γε</em></span> <span class='ocrx_word' id='word_1_488' title='bbox 2256 1335 2445 1408; x_wconf 85' lang='grc' dir='ltr'><em>Σωτὴρ</em></span> <span class='ocrx_word' id='word_1_489' title='bbox 2467 1336 2625 1408; x_wconf 79' lang='grc' dir='ltr'>ἡμῶν</span> <span class='ocrx_word' id='word_1_490' title='bbox 2646 1333 3013 1405; x_wconf 79' lang='grc' dir='ltr'><em>συλλογίζεται</em></span> <span class='ocrx_word' id='word_1_491' title='bbox 3040 1334 3137 1406; x_wconf 81' lang='grc' dir='ltr'><strong><em>μὲν</em></strong></span> <span class='ocrx_word' id='word_1_492' title='bbox 3164 1333 3343 1388; x_wconf 74' lang='grc' dir='ltr'>αὐτῶν</span> <span class='ocrx_word' id='word_1_493' title='bbox 3372 1332 3469 1406; x_wconf 80' lang='grc' dir='ltr'><strong><em>τὴν</em></strong></span> <span class='ocrx_word' id='word_1_494' title='bbox 3490 1334 3687 1405; x_wconf 69' lang='grc' dir='ltr'><em>ἀμαρα-</em></span> 
     </span>
    </p>
   </div>
   <div class='ocr_carea' id='block_1_58' title="bbox 2084 1408 3685 1498">
    <p class='ocr_par' dir='ltr' id='par_1_58' title="bbox 2084 1408 3685 1498">
     <span class='ocr_line' id='line_1_58' title="bbox 2084 1408 3685 1498; baseline -0.003 -14"><span class='ocrx_word' id='word_1_495' title='bbox 2084 1429 2204 1484; x_wconf 84' lang='grc' dir='ltr'>τίαν</span> <span class='ocrx_word' id='word_1_496' title='bbox 2238 1429 2322 1483; x_wconf 74' lang='grc' dir='ltr'><em>ὅτι</em></span> <span class='ocrx_word' id='word_1_497' title='bbox 2344 1444 2360 1459; x_wconf 80' lang='grc' dir='ltr'><strong>ο</strong></span> <span class='ocrx_word' id='word_1_498' title='bbox 2396 1430 2461 1483; x_wconf 80' lang='lat' dir='ltr'><strong><em>Et</em></strong></span> <span class='ocrx_word' id='word_1_499' title='bbox 2505 1428 2600 1481; x_wconf 79' lang='grc' dir='ltr'><strong><em>καὶ</em></strong></span> <span class='ocrx_word' id='word_1_500' title='bbox 2644 1426 2777 1481; x_wconf 79' lang='grc' dir='ltr'><em>Θεὸν</em></span> <span class='ocrx_word' id='word_1_501' title='bbox 2830 1421 2983 1480; x_wconf 73' lang='grc' dir='ltr'><em>εἶπον</em></span> <span class='ocrx_word' id='word_1_502' title='bbox 3006 1469 3021 1494; x_wconf 88' lang='grc'><strong><em>,</em></strong></span> <span class='ocrx_word' id='word_1_503' title='bbox 3080 1426 3187 1480; x_wconf 75' lang='grc' dir='ltr'><em>ἔδει</em></span> <span class='ocrx_word' id='word_1_504' title='bbox 3218 1427 3363 1498; x_wconf 79' lang='grc' dir='ltr'><strong><em>ὑμᾶς</em></strong></span> <span class='ocrx_word' id='word_1_505' title='bbox 3392 1408 3590 1481; x_wconf 65' lang='grc' dir='ltr'><em>εἰδέναι</em></span> <span class='ocrx_word' id='word_1_506' title='bbox 3617 1423 3685 1479; x_wconf 65' lang='grc' dir='ltr'><em>τὸ</em></span> 
     </span>
    </p>
   </div>
   <div class='ocr_carea' id='block_1_59' title="bbox 2085 1511 3677 1594">
    <p class='ocr_par' dir='ltr' id='par_1_59' title="bbox 2085 1511 3677 1594">
     <span class='ocr_line' id='line_1_59' title="bbox 2085 1511 3677 1594; baseline -0.003 -18"><span class='ocrx_word' id='word_1_507' title='bbox 2085 1520 2506 1594; x_wconf 77' lang='grc' dir='ltr'><strong><em>γεγραμμένον,</em></strong></span> <span class='ocrx_word' id='word_1_508' title='bbox 2553 1517 2694 1589; x_wconf 64' lang='grc' dir='ltr'><strong><em>Ἐγὼ</em></strong></span> <span class='ocrx_word' id='word_1_509' title='bbox 2732 1514 2872 1573; x_wconf 82' lang='grc' dir='ltr'><em>εἶπα</em></span> <span class='ocrx_word' id='word_1_510' title='bbox 2909 1516 3020 1587; x_wconf 85' lang='grc' dir='ltr'>(ϐ),</span> <span class='ocrx_word' id='word_1_511' title='bbox 3061 1518 3195 1572; x_wconf 78' lang='grc' dir='ltr'><em>Θεοί</em></span> <span class='ocrx_word' id='word_1_512' title='bbox 3222 1518 3397 1572; x_wconf 73' lang='grc' dir='ltr'><em>ἐστεο</em></span> <span class='ocrx_word' id='word_1_513' title='bbox 3431 1511 3556 1571; x_wconf 85' lang='grc' dir='ltr'><em>εῐτα</em></span> <span class='ocrx_word' id='word_1_514' title='bbox 3584 1517 3677 1583; x_wconf 79' lang='grc' dir='ltr'><em>τὸ,</em></span> 
     </span>
    </p>
   </div>
   <div class='ocr_carea' id='block_1_60' title="bbox 2099 1607 3682 1684">
    <p class='ocr_par' dir='ltr' id='par_1_60' title="bbox 2099 1607 3682 1684">
     <span class='ocr_line' id='line_1_60' title="bbox 2099 1607 3682 1684; baseline -0.003 -16"><span class='ocrx_word' id='word_1_515' title='bbox 2099 1614 2241 1684; x_wconf 74' lang='grc' dir='ltr'><strong><em>Ἐγὼ</em></strong></span> <span class='ocrx_word' id='word_1_516' title='bbox 2272 1613 2370 1667; x_wconf 77' lang='grc' dir='ltr'><strong><em>καὶ</em></strong></span> <span class='ocrx_word' id='word_1_517' title='bbox 2400 1616 2433 1667; x_wconf 86' lang='grc' dir='ltr'><strong><em>ό</em></strong></span> <span class='ocrx_word' id='word_1_518' title='bbox 2460 1610 2664 1680; x_wconf 82' lang='grc' dir='ltr'><em>Πατὴρ</em></span> <span class='ocrx_word' id='word_1_519' title='bbox 2683 1610 2752 1665; x_wconf 84' lang='grc' dir='ltr'><strong><em>ἓν</em></strong></span> <span class='ocrx_word' id='word_1_520' title='bbox 2776 1610 2982 1680; x_wconf 81' lang='grc' dir='ltr'><em>ἐσμεν,</em></span> <span class='ocrx_word' id='word_1_521' title='bbox 3015 1610 3346 1680; x_wconf 77' lang='grc' dir='ltr'>σαφηνίζων,</span> <span class='ocrx_word' id='word_1_522' title='bbox 3375 1611 3433 1663; x_wconf 77' lang='grc' dir='ltr'>ἐν</span> <span class='ocrx_word' id='word_1_523' title='bbox 3453 1608 3536 1682; x_wconf 82' lang='grc' dir='ltr'><em>τῷ</em></span> <span class='ocrx_word' id='word_1_524' title='bbox 3558 1607 3682 1684; x_wconf 79' lang='grc' dir='ltr'><strong>Υιῷ</strong></span> 
     </span>
    </p>
   </div>
   <div class='ocr_carea' id='block_1_61' title="bbox 2086 1702 3685 1779">
    <p class='ocr_par' dir='ltr' id='par_1_61' title="bbox 2086 1702 3685 1779">
     <span class='ocr_line' id='line_1_61' title="bbox 2086 1702 3685 1779; baseline -0.003 -19"><span class='ocrx_word' id='word_1_525' title='bbox 2086 1708 2187 1779; x_wconf 83' lang='grc' dir='ltr'><strong><em>τὴν</em></strong></span> <span class='ocrx_word' id='word_1_526' title='bbox 2219 1706 2357 1779; x_wconf 76' lang='grc' dir='ltr'><em>πρὸς</em></span> <span class='ocrx_word' id='word_1_527' title='bbox 2381 1704 2472 1759; x_wconf 82' lang='grc' dir='ltr'><strong><em>τὸν</em></strong></span> <span class='ocrx_word' id='word_1_528' title='bbox 2496 1704 2715 1774; x_wconf 81' lang='grc' dir='ltr'><strong><em>Πατέρα</em></strong></span> <span class='ocrx_word' id='word_1_529' title='bbox 2739 1703 2968 1774; x_wconf 76' lang='grc' dir='ltr'><em>ἑνότητα</em></span> <span class='ocrx_word' id='word_1_530' title='bbox 2993 1702 3300 1756; x_wconf 84' lang='grc' dir='ltr'><strong><em>ἀποδέδωκε</em></strong></span> <span class='ocrx_word' id='word_1_531' title='bbox 3328 1703 3524 1773; x_wconf 84' lang='grc' dir='ltr'>λέγων,</span> <span class='ocrx_word' id='word_1_532' title='bbox 3558 1703 3685 1757; x_wconf 83' lang='grc' dir='ltr'><em>Ὀτι</em></span> 
     </span>
    </p>
   </div>
   <div class='ocr_carea' id='block_1_62' title="bbox 2085 1795 3687 1870">
    <p class='ocr_par' dir='ltr' id='par_1_62' title="bbox 2085 1795 3687 1870">
     <span class='ocr_line' id='line_1_62' title="bbox 2085 1795 3687 1870; baseline -0.006 -13"><span class='ocrx_word' id='word_1_533' title='bbox 2085 1799 2281 1857; x_wconf 61' lang='grc' dir='ltr'><em>εἴποιμ</em></span> <span class='ocrx_word' id='word_1_534' title='bbox 2313 1801 2446 1867; x_wconf 81' lang='grc' dir='ltr'><strong><em>Υἱός</em></strong></span> <span class='ocrx_word' id='word_1_535' title='bbox 2483 1802 2601 1870; x_wconf 80' lang='grc' dir='ltr'><em>εἰμι</em></span> <span class='ocrx_word' id='word_1_536' title='bbox 2632 1795 2739 1852; x_wconf 84' lang='grc' dir='ltr'><em>τοῦ</em></span> <span class='ocrx_word' id='word_1_537' title='bbox 2770 1797 2919 1852; x_wconf 82' lang='grc' dir='ltr'><em>Θεοῦ</em></span> <span class='ocrx_word' id='word_1_538' title='bbox 2944 1796 3042 1869; x_wconf 85' lang='grc'>(7).</span> <span class='ocrx_word' id='word_1_539' title='bbox 3075 1796 3139 1850; x_wconf 85' lang='lat' dir='ltr'><strong><em>Ei</em></strong></span> <span class='ocrx_word' id='word_1_540' title='bbox 3172 1796 3280 1869; x_wconf 74' lang='grc' dir='ltr'>γὰρ</span> <span class='ocrx_word' id='word_1_541' title='bbox 3300 1799 3368 1867; x_wconf 79' lang='grc' dir='ltr'><em>τῇ</em></span> <span class='ocrx_word' id='word_1_542' title='bbox 3402 1795 3546 1863; x_wconf 83' lang='grc' dir='ltr'>λέξει</span> <span class='ocrx_word' id='word_1_543' title='bbox 3574 1795 3687 1849; x_wconf 81' lang='grc' dir='ltr'><strong><em>οὐκ</em></strong></span> 
     </span>
    </p>
   </div>
   <div class='ocr_carea' id='block_1_63' title="bbox 2086 1888 3683 1965">
    <p class='ocr_par' dir='ltr' id='par_1_63' title="bbox 2086 1888 3683 1965">
     <span class='ocr_line' id='line_1_63' title="bbox 2086 1888 3683 1965; baseline -0.005 -15"><span class='ocrx_word' id='word_1_544' title='bbox 2086 1891 2260 1960; x_wconf 75' lang='grc' dir='ltr'><em>εἶπεν,</em></span> <span class='ocrx_word' id='word_1_545' title='bbox 2287 1892 2424 1948; x_wconf 81' lang='grc' dir='ltr'><em>ἀλλὰ</em></span> <span class='ocrx_word' id='word_1_546' title='bbox 2445 1894 2546 1965; x_wconf 80' lang='grc' dir='ltr'>τὴν</span> <span class='ocrx_word' id='word_1_547' title='bbox 2578 1892 2820 1947; x_wconf 83' lang='grc' dir='ltr'>διάνοιαν</span> <span class='ocrx_word' id='word_1_548' title='bbox 2849 1888 2943 1945; x_wconf 82' lang='grc' dir='ltr'><strong><em>τοῦ</em></strong></span> <span class='ocrx_word' id='word_1_549' title='bbox 2968 1930 2983 1953; x_wconf 93' lang='grc'><strong><em>,</em></strong></span> <span class='ocrx_word' id='word_1_550' title='bbox 3015 1889 3085 1944; x_wconf 83' lang='grc' dir='ltr'><strong><em>ἓν</em></strong></span> <span class='ocrx_word' id='word_1_551' title='bbox 3116 1891 3304 1959; x_wconf 83' lang='grc' dir='ltr'><em>ἐσμεν</em></span> <span class='ocrx_word' id='word_1_552' title='bbox 3324 1929 3339 1954; x_wconf 90' lang='grc'><strong><em>,</em></strong></span> <span class='ocrx_word' id='word_1_553' title='bbox 3366 1888 3683 1943; x_wconf 71' lang='grc' dir='ltr'><strong><em>ἀποδέδωκε</em></strong></span> 
     </span>
    </p>
   </div>
   <div class='ocr_carea' id='block_1_64' title="bbox 2083 1978 3687 2059">
    <p class='ocr_par' dir='ltr' id='par_1_64' title="bbox 2083 1978 3687 2059">
     <span class='ocr_line' id='line_1_64' title="bbox 2083 1978 3687 2059; baseline -0.006 -17"><span class='ocrx_word' id='word_1_554' title='bbox 2083 1987 2163 2059; x_wconf 83' lang='grc' dir='ltr'><em>τῷ</em></span> <span class='ocrx_word' id='word_1_555' title='bbox 2184 1986 2297 2057; x_wconf 85' lang='grc' dir='ltr'><strong><em>Υὶῷ</em></strong></span> <span class='ocrx_word' id='word_1_556' title='bbox 2328 1986 2427 2057; x_wconf 89' lang='lat'><strong><em>(8).</em></strong></span> <span class='ocrx_word' id='word_1_557' title='bbox 2459 1984 2624 2039; x_wconf 79' lang='grc' dir='ltr'>Οὐδὲν</span> <span class='ocrx_word' id='word_1_558' title='bbox 2659 1984 2767 2056; x_wconf 83' lang='grc' dir='ltr'><strong><em>γὰρ</em></strong></span> <span class='ocrx_word' id='word_1_559' title='bbox 2799 1982 2858 2036; x_wconf 80' lang='grc' dir='ltr'>ἒν</span> <span class='ocrx_word' id='word_1_560' title='bbox 2884 1981 3021 2054; x_wconf 75' lang='grc' dir='ltr'><em>πρὸς</em></span> <span class='ocrx_word' id='word_1_561' title='bbox 3042 1982 3133 2036; x_wconf 79' lang='grc' dir='ltr'><strong><em>τὸν</em></strong></span> <span class='ocrx_word' id='word_1_562' title='bbox 3161 1981 3405 2051; x_wconf 77' lang='grc' dir='ltr'><strong><em>Πατέρα,</em></strong></span> <span class='ocrx_word' id='word_1_563' title='bbox 3428 1978 3589 2051; x_wconf 71' lang='grc' dir='ltr'><em>εἶ’μὴ</em></span> <span class='ocrx_word' id='word_1_564' title='bbox 3617 1979 3687 2032; x_wconf 75' lang='grc' dir='ltr'><em>τὸ</em></span> 
     </span>
    </p>
   </div>
   <div class='ocr_carea' id='block_1_65' title="bbox 2085 2069 3683 2147">
    <p class='ocr_par' dir='ltr' id='par_1_65' title="bbox 2085 2069 3683 2147">
     <span class='ocr_line' id='line_1_65' title="bbox 2085 2069 3683 2147; baseline -0.006 -15"><span class='ocrx_word' id='word_1_565' title='bbox 2085 2079 2145 2146; x_wconf 77' lang='grc' dir='ltr'><strong><em>ἐξ</em></strong></span> <span class='ocrx_word' id='word_1_566' title='bbox 2173 2077 2360 2132; x_wconf 81' lang='grc' dir='ltr'><em>αὐτοῦ.</em></span> <span class='ocrx_word' id='word_1_567' title='bbox 2384 2076 2449 2130; x_wconf 81' lang='lat' dir='ltr'><strong><em>Ti</em></strong></span> <span class='ocrx_word' id='word_1_568' title='bbox 2478 2076 2522 2129; x_wconf 87' lang='grc' dir='ltr'>δ’</span> <span class='ocrx_word' id='word_1_569' title='bbox 2553 2074 2620 2130; x_wconf 80' lang='grc' dir='ltr'>ἂν</span> <span class='ocrx_word' id='word_1_570' title='bbox 2641 2076 2725 2147; x_wconf 74' lang='grc' dir='ltr'><em>εἴη</em></span> <span class='ocrx_word' id='word_1_571' title='bbox 2754 2075 2815 2129; x_wconf 76' lang='grc' dir='ltr'><em>τὸ</em></span> <span class='ocrx_word' id='word_1_572' title='bbox 2836 2073 2896 2139; x_wconf 78' lang='grc' dir='ltr'><strong>ἐξ</strong></span> <span class='ocrx_word' id='word_1_573' title='bbox 2927 2071 3093 2127; x_wconf 80' lang='grc' dir='ltr'>αὐτοῦ</span> <span class='ocrx_word' id='word_1_574' title='bbox 3126 2071 3159 2145; x_wconf 81' lang='grc' dir='ltr'>ἢ</span> <span class='ocrx_word' id='word_1_575' title='bbox 3193 2074 3223 2127; x_wconf 90' lang='lat'><strong><em>6</em></strong></span> <span class='ocrx_word' id='word_1_576' title='bbox 3247 2071 3409 2138; x_wconf 83' lang='grc' dir='ltr'>Υἱός;</span> <span class='ocrx_word' id='word_1_577' title='bbox 3449 2069 3683 2141; x_wconf 79' lang='grc' dir='ltr'><em>Ἐπιφέ-</em></span> 
     </span>
    </p>
   </div>
   <div class='ocr_carea' id='block_1_66' title="bbox 2086 2150 3680 2242">
    <p class='ocr_par' dir='ltr' id='par_1_66' title="bbox 2086 2150 3680 2242">
     <span class='ocr_line' id='line_1_66' title="bbox 2086 2150 3680 2242; baseline -0.004 -19"><span class='ocrx_word' id='word_1_578' title='bbox 2086 2188 2174 2242; x_wconf 83' lang='grc' dir='ltr'><strong><em>ρει</em></strong></span> <span class='ocrx_word' id='word_1_579' title='bbox 2203 2167 2335 2238; x_wconf 75' lang='grc' dir='ltr'>γοῦν</span> <span class='ocrx_word' id='word_1_580' title='bbox 2359 2210 2374 2235; x_wconf 89' lang='grc'><strong><em>,</em></strong></span> <span class='ocrx_word' id='word_1_581' title='bbox 2428 2167 2556 2223; x_wconf 78' lang='grc' dir='ltr'><strong><em>Ἵνα</em></strong></span> <span class='ocrx_word' id='word_1_582' title='bbox 2592 2167 2928 2239; x_wconf 75' lang='grc' dir='ltr'><em>γινώσκητε</em></span> <span class='ocrx_word' id='word_1_583' title='bbox 2949 2207 2964 2229; x_wconf 87' lang='grc'><strong><em>,</em></strong></span> <span class='ocrx_word' id='word_1_584' title='bbox 3006 2150 3098 2220; x_wconf 74' lang='grc' dir='ltr'><em>ὅτι</em></span> <span class='ocrx_word' id='word_1_585' title='bbox 3121 2163 3237 2234; x_wconf 75' lang='grc' dir='ltr'><strong><em>ἐγὼ</em></strong></span> <span class='ocrx_word' id='word_1_586' title='bbox 3266 2162 3337 2218; x_wconf 77' lang='grc' dir='ltr'><strong><em>ἐν</em></strong></span> <span class='ocrx_word' id='word_1_587' title='bbox 3358 2161 3440 2229; x_wconf 82' lang='grc' dir='ltr'><em>τῷ</em></span> <span class='ocrx_word' id='word_1_588' title='bbox 3466 2162 3680 2231; x_wconf 63' lang='grc' dir='ltr'><em>Πατρῒ.</em></span> 
     </span>
    </p>
   </div>
   <div class='ocr_carea' id='block_1_67' title="bbox 2084 2252 3682 2329">
    <p class='ocr_par' dir='ltr' id='par_1_67' title="bbox 2084 2252 3682 2329">
     <span class='ocr_line' id='line_1_67' title="bbox 2084 2252 3682 2329; baseline -0.006 -13"><span class='ocrx_word' id='word_1_589' title='bbox 2084 2262 2183 2316; x_wconf 77' lang='grc' dir='ltr'><strong><em>καὶ</em></strong></span> <span class='ocrx_word' id='word_1_590' title='bbox 2210 2264 2242 2316; x_wconf 85' lang='grc' dir='ltr'><em>ὀ</em></span> <span class='ocrx_word' id='word_1_591' title='bbox 2262 2259 2465 2328; x_wconf 81' lang='grc' dir='ltr'><em>Πατὴρ</em></span> <span class='ocrx_word' id='word_1_592' title='bbox 2489 2260 2558 2314; x_wconf 82' lang='grc' dir='ltr'><strong><em>ἐν</em></strong></span> <span class='ocrx_word' id='word_1_593' title='bbox 2577 2258 2729 2328; x_wconf 82' lang='grc' dir='ltr'><em>ἐμοί.</em></span> <span class='ocrx_word' id='word_1_594' title='bbox 2764 2256 2838 2311; x_wconf 81' lang='lat' dir='ltr'><em>T6</em></span> <span class='ocrx_word' id='word_1_595' title='bbox 2865 2256 2975 2329; x_wconf 74' lang='grc' dir='ltr'>γὰρ</span> <span class='ocrx_word' id='word_1_596' title='bbox 3002 2255 3060 2310; x_wconf 76' lang='grc' dir='ltr'>ἓν</span> <span class='ocrx_word' id='word_1_597' title='bbox 3092 2252 3548 2327; x_wconf 73' lang='grc' dir='ltr'><em>ὲπεξηγούμενος,</em></span> <span class='ocrx_word' id='word_1_598' title='bbox 3574 2253 3682 2307; x_wconf 72' lang='grc' dir='ltr'><strong><em>οὐκ</em></strong></span> 
     </span>
    </p>
   </div>
   <div class='ocr_carea' id='block_1_68' title="bbox 2083 2343 3683 2424">
    <p class='ocr_par' dir='ltr' id='par_1_68' title="bbox 2083 2343 3683 2424">
     <span class='ocr_line' id='line_1_68' title="bbox 2083 2343 3683 2424; baseline -0.004 -18"><span class='ocrx_word' id='word_1_599' title='bbox 2083 2353 2141 2406; x_wconf 78' lang='grc' dir='ltr'>ὲν</span> <span class='ocrx_word' id='word_1_600' title='bbox 2167 2351 2244 2424; x_wconf 80' lang='grc' dir='ltr'><em>τῷ</em></span> <span class='ocrx_word' id='word_1_601' title='bbox 2266 2351 2397 2405; x_wconf 78' lang='grc' dir='ltr'><strong><em>αὐτὸ</em></strong></span> <span class='ocrx_word' id='word_1_602' title='bbox 2419 2346 2559 2404; x_wconf 85' lang='grc' dir='ltr'><em>εἶναι</em></span> <span class='ocrx_word' id='word_1_603' title='bbox 2577 2352 2653 2423; x_wconf 84' lang='grc'>(9)</span> <span class='ocrx_word' id='word_1_604' title='bbox 2671 2350 2848 2403; x_wconf 81' lang='grc' dir='ltr'><strong><em>ἐκεῖνο</em></strong></span> <span class='ocrx_word' id='word_1_605' title='bbox 2870 2348 3007 2420; x_wconf 77' lang='grc' dir='ltr'><strong><em>πρὸς</em></strong></span> <span class='ocrx_word' id='word_1_606' title='bbox 3030 2347 3060 2402; x_wconf 86' lang='grc' dir='ltr'><strong>ὃ</strong></span> <span class='ocrx_word' id='word_1_607' title='bbox 3086 2348 3148 2401; x_wconf 80' lang='grc' dir='ltr'>ἓν</span> <span class='ocrx_word' id='word_1_608' title='bbox 3177 2349 3323 2400; x_wconf 74' lang='grc' dir='ltr'><em>ἐστιν</em></span> <span class='ocrx_word' id='word_1_609' title='bbox 3354 2343 3529 2411; x_wconf 77' lang='grc' dir='ltr'><em>εἶπεν,</em></span> <span class='ocrx_word' id='word_1_610' title='bbox 3556 2344 3683 2401; x_wconf 79' lang='grc' dir='ltr'><em>ἀλλ’</em></span> 
     </span>
    </p>
   </div>
   <div class='ocr_carea' id='block_1_69' title="bbox 2083 2433 3679 2511">
    <p class='ocr_par' dir='ltr' id='par_1_69' title="bbox 2083 2433 3679 2511">
     <span class='ocr_line' id='line_1_69' title="bbox 2083 2433 3679 2511; baseline -0.003 -17"><span class='ocrx_word' id='word_1_611' title='bbox 2083 2442 2143 2494; x_wconf 80' lang='grc' dir='ltr'>ἐν</span> <span class='ocrx_word' id='word_1_612' title='bbox 2176 2439 2254 2511; x_wconf 84' lang='grc' dir='ltr'><em>τῷ</em></span> <span class='ocrx_word' id='word_1_613' title='bbox 2278 2438 2440 2494; x_wconf 82' lang='grc' dir='ltr'>αὑτὸν</span> <span class='ocrx_word' id='word_1_614' title='bbox 2468 2440 2525 2493; x_wconf 77' lang='grc' dir='ltr'>ὲν</span> <span class='ocrx_word' id='word_1_615' title='bbox 2546 2439 2624 2510; x_wconf 83' lang='grc' dir='ltr'><em>τῷ</em></span> <span class='ocrx_word' id='word_1_616' title='bbox 2651 2438 2847 2511; x_wconf 72' lang='grc' dir='ltr'><em>Πατρὶ,</em></span> <span class='ocrx_word' id='word_1_617' title='bbox 2874 2438 2965 2492; x_wconf 70' lang='grc' dir='ltr'><strong><em>καὶ</em></strong></span> <span class='ocrx_word' id='word_1_618' title='bbox 2992 2438 3082 2491; x_wconf 82' lang='grc' dir='ltr'><strong><em>τὸν</em></strong></span> <span class='ocrx_word' id='word_1_619' title='bbox 3105 2439 3323 2510; x_wconf 79' lang='grc' dir='ltr'><strong><em>Πατέρα</em></strong></span> <span class='ocrx_word' id='word_1_620' title='bbox 3346 2439 3403 2490; x_wconf 81' lang='grc' dir='ltr'>ὲν</span> <span class='ocrx_word' id='word_1_621' title='bbox 3434 2434 3512 2508; x_wconf 81' lang='grc' dir='ltr'><em>τῷ</em></span> <span class='ocrx_word' id='word_1_622' title='bbox 3535 2433 3679 2507; x_wconf 78' lang='grc' dir='ltr'><strong><em>Υῑῷ,</em></strong></span> 
     </span>
    </p>
   </div>
   <div class='ocr_carea' id='block_1_70' title="bbox 2083 2527 3681 2605">
    <p class='ocr_par' dir='ltr' id='par_1_70' title="bbox 2083 2527 3681 2605">
     <span class='ocr_line' id='line_1_70' title="bbox 2083 2527 3681 2605; baseline -0.003 -18"><span class='ocrx_word' id='word_1_623' title='bbox 2083 2532 2182 2605; x_wconf 78' lang='grc' dir='ltr'><strong><em>τὴν</em></strong></span> <span class='ocrx_word' id='word_1_624' title='bbox 2216 2532 2510 2602; x_wconf 66' lang='grc' dir='ltr'>συνάφειαν</span> <span class='ocrx_word' id='word_1_625' title='bbox 2529 2571 2544 2597; x_wconf 92' lang='grc'><strong><em>,</em></strong></span> <span class='ocrx_word' id='word_1_626' title='bbox 2582 2531 2675 2585; x_wconf 76' lang='grc' dir='ltr'><strong><em>καὶ</em></strong></span> <span class='ocrx_word' id='word_1_627' title='bbox 2706 2529 2767 2584; x_wconf 81' lang='grc' dir='ltr'><em>τὸ</em></span> <span class='ocrx_word' id='word_1_628' title='bbox 2799 2529 3122 2603; x_wconf 84' lang='grc' dir='ltr'><em>ἀχώριστον.</em></span> <span class='ocrx_word' id='word_1_629' title='bbox 3160 2529 3271 2583; x_wconf 73' lang='grc' dir='ltr'><strong><em>Καὶ</em></strong></span> <span class='ocrx_word' id='word_1_630' title='bbox 3299 2527 3409 2599; x_wconf 82' lang='grc' dir='ltr'><strong><em>γὰρ</em></strong></span> <span class='ocrx_word' id='word_1_631' title='bbox 3437 2528 3533 2582; x_wconf 63' lang='grc' dir='ltr'><strong><em>καὶ⁵</em></strong></span> <span class='ocrx_word' id='word_1_632' title='bbox 3566 2527 3681 2582; x_wconf 70' lang='grc' dir='ltr'><strong><em>Σαι-</em></strong></span> 
     </span>
    </p>
   </div>
   <div class='ocr_carea' id='block_1_71' title="bbox 2084 2618 3685 2694">
    <p class='ocr_par' dir='ltr' id='par_1_71' title="bbox 2084 2618 3685 2694">
     <span class='ocr_line' id='line_1_71' title="bbox 2084 2618 3685 2694; baseline -0.002 -17"><span class='ocrx_word' id='word_1_633' title='bbox 2084 2620 2292 2677; x_wconf 83' lang='grc' dir='ltr'><em>6έλλιον</em></span> <span class='ocrx_word' id='word_1_634' title='bbox 2317 2625 2376 2678; x_wconf 85' lang='grc' dir='ltr'>ὲν</span> <span class='ocrx_word' id='word_1_635' title='bbox 2405 2622 2578 2694; x_wconf 85' lang='grc' dir='ltr'><em>τούτῳ</em></span> <span class='ocrx_word' id='word_1_636' title='bbox 2599 2622 2915 2692; x_wconf 82' lang='grc' dir='ltr'><strong><em>ἀνατρέπει,</em></strong></span> <span class='ocrx_word' id='word_1_637' title='bbox 2949 2623 3007 2675; x_wconf 77' lang='grc' dir='ltr'>ἐν</span> <span class='ocrx_word' id='word_1_638' title='bbox 3033 2621 3109 2693; x_wconf 79' lang='grc' dir='ltr'><em>τῷ</em></span> <span class='ocrx_word' id='word_1_639' title='bbox 3133 2621 3308 2674; x_wconf 74' lang='grc' dir='ltr'><em>εἰπεῖν</em></span> <span class='ocrx_word' id='word_1_640' title='bbox 3330 2621 3450 2691; x_wconf 80' lang='grc' dir='ltr'><strong><em>οὐχ,</em></strong></span> <span class='ocrx_word' id='word_1_641' title='bbox 3480 2618 3544 2674; x_wconf 83' lang='grc' dir='ltr'>Ὀ</span> <span class='ocrx_word' id='word_1_642' title='bbox 3565 2620 3685 2675; x_wconf 68' lang='grc' dir='ltr'><strong><em>Ῑίαὁ</em></strong></span> 
     </span>
    </p>
   </div>
   <div class='ocr_carea' id='block_1_72' title="bbox 2082 2711 3684 2788">
    <p class='ocr_par' dir='ltr' id='par_1_72' title="bbox 2082 2711 3684 2788">
     <span class='ocr_line' id='line_1_72' title="bbox 2082 2711 3684 2788; baseline -0.004 -17"><span class='ocrx_word' id='word_1_643' title='bbox 2082 2717 2187 2788; x_wconf 83' lang='grc' dir='ltr'><em>τήρ</em></span> <span class='ocrx_word' id='word_1_644' title='bbox 2216 2717 2330 2786; x_wconf 84' lang='grc' dir='ltr'><em>εἰμι</em></span> <span class='ocrx_word' id='word_1_645' title='bbox 2352 2755 2368 2781; x_wconf 94' lang='grc'><strong><em>,</em></strong></span> <span class='ocrx_word' id='word_1_646' title='bbox 2412 2713 2577 2785; x_wconf 71' lang='grc' dir='ltr'><em>ἀλλὰ,</em></span> <span class='ocrx_word' id='word_1_647' title='bbox 2626 2714 2680 2767; x_wconf 89' lang='lat'><strong><em>&#39;0</em></strong></span> <span class='ocrx_word' id='word_1_648' title='bbox 2724 2713 2858 2781; x_wconf 86' lang='grc' dir='ltr'><strong><em>Υἱὸς</em></strong></span> <span class='ocrx_word' id='word_1_649' title='bbox 2898 2712 3004 2769; x_wconf 85' lang='grc' dir='ltr'><em>τοῦ</em></span> <span class='ocrx_word' id='word_1_650' title='bbox 3033 2711 3184 2769; x_wconf 84' lang='grc' dir='ltr'><em>Θεοῦ</em></span> <span class='ocrx_word' id='word_1_651' title='bbox 3204 2729 3217 2743; x_wconf 89' lang='grc'><strong>·</strong></span> <span class='ocrx_word' id='word_1_652' title='bbox 3248 2713 3341 2766; x_wconf 74' lang='grc' dir='ltr'><strong><em>καὶ</em></strong></span> <span class='ocrx_word' id='word_1_653' title='bbox 3372 2713 3593 2784; x_wconf 81' lang='grc' dir='ltr'><em>Ἀρειον</em></span> <span class='ocrx_word' id='word_1_654' title='bbox 3621 2713 3684 2765; x_wconf 69' lang='grc' dir='ltr'>ἓν</span> 
     </span>
    </p>
   </div>
   <div class='ocr_carea' id='block_1_73' title="bbox 2082 2811 3684 2884">
    <p class='ocr_par' dir='ltr' id='par_1_73' title="bbox 2082 2811 3684 2884">
     <span class='ocr_line' id='line_1_73' title="bbox 2082 2811 3684 2884; baseline 0 -17"><span class='ocrx_word' id='word_1_655' title='bbox 2082 2812 2161 2884; x_wconf 82' lang='grc' dir='ltr'><em>τῷ</em></span> <span class='ocrx_word' id='word_1_656' title='bbox 2190 2815 2392 2878; x_wconf 80' lang='grc' dir='ltr'><em>εἰπεῖν,</em></span> <span class='ocrx_word' id='word_1_657' title='bbox 2424 2813 2538 2867; x_wconf 84' lang='grc' dir='ltr'><strong><em>’Ἐν</em></strong></span> <span class='ocrx_word' id='word_1_658' title='bbox 2564 2812 2772 2882; x_wconf 81' lang='grc' dir='ltr'><em>ἐσμεν.</em></span> <span class='ocrx_word' id='word_1_659' title='bbox 2805 2812 2869 2867; x_wconf 81' lang='lat' dir='ltr'><strong><em>Et</em></strong></span> <span class='ocrx_word' id='word_1_660' title='bbox 2898 2812 3078 2869; x_wconf 75' lang='grc' dir='ltr'>τοίνυν</span> <span class='ocrx_word' id='word_1_661' title='bbox 3108 2815 3135 2866; x_wconf 97' lang='lat'><strong><em>6</em></strong></span> <span class='ocrx_word' id='word_1_662' title='bbox 3161 2811 3289 2877; x_wconf 80' lang='grc' dir='ltr'>Υἱὸς</span> <span class='ocrx_word' id='word_1_663' title='bbox 3322 2811 3451 2868; x_wconf 81' lang='grc' dir='ltr'><em>ἄλλο</em></span> <span class='ocrx_word' id='word_1_664' title='bbox 3471 2851 3487 2876; x_wconf 89' lang='grc'><strong><em>,</em></strong></span> <span class='ocrx_word' id='word_1_665' title='bbox 3522 2811 3623 2866; x_wconf 71' lang='grc' dir='ltr'><strong><em>καὶ</em></strong></span> <span class='ocrx_word' id='word_1_666' title='bbox 3650 2814 3684 2867; x_wconf 85' lang='lat'><strong><em>6</em></strong></span> 
     </span>
    </p>
   </div>
   <div class='ocr_carea' id='block_1_74' title="bbox 2083 2902 3683 2975">
    <p class='ocr_par' dir='ltr' id='par_1_74' title="bbox 2083 2902 3683 2975">
     <span class='ocr_line' id='line_1_74' title="bbox 2083 2902 3683 2975; baseline 0.001 -18"><span class='ocrx_word' id='word_1_667' title='bbox 2083 2903 2254 2971; x_wconf 86' lang='grc' dir='ltr'><strong><em>Λόγος</em></strong></span> <span class='ocrx_word' id='word_1_668' title='bbox 2270 2902 2417 2965; x_wconf 81' lang='grc' dir='ltr'><em>ἄλλο,</em></span> <span class='ocrx_word' id='word_1_669' title='bbox 2437 2902 2536 2974; x_wconf 82' lang='grc' dir='ltr'><strong><em>οὐχ</em></strong></span> <span class='ocrx_word' id='word_1_670' title='bbox 2558 2903 2587 2956; x_wconf 97' lang='lat'><strong><em>6</em></strong></span> <span class='ocrx_word' id='word_1_671' title='bbox 2609 2902 2783 2972; x_wconf 85' lang='grc' dir='ltr'>Λόγος</span> <span class='ocrx_word' id='word_1_672' title='bbox 2805 2903 2864 2957; x_wconf 75' lang='grc' dir='ltr'>ἓν</span> <span class='ocrx_word' id='word_1_673' title='bbox 2887 2905 3004 2957; x_wconf 75' lang='grc' dir='ltr'><em>ἐστι</em></span> <span class='ocrx_word' id='word_1_674' title='bbox 3031 2903 3170 2975; x_wconf 76' lang='grc' dir='ltr'><em>πρὸς</em></span> <span class='ocrx_word' id='word_1_675' title='bbox 3191 2903 3281 2957; x_wconf 75' lang='grc' dir='ltr'><strong><em>τὸν</em></strong></span> <span class='ocrx_word' id='word_1_676' title='bbox 3296 2903 3538 2975; x_wconf 81' lang='grc' dir='ltr'><em>Πατέρα,</em></span> <span class='ocrx_word' id='word_1_677' title='bbox 3560 2902 3683 2958; x_wconf 80' lang='grc' dir='ltr'><em>ἀλλ’</em></span> 
     </span>
    </p>
   </div>
   <div class='ocr_carea' id='block_1_75' title="bbox 2081 2991 3684 3066">
    <p class='ocr_par' dir='ltr' id='par_1_75' title="bbox 2081 2991 3684 3066">
     <span class='ocr_line' id='line_1_75' title="bbox 2081 2991 3684 3066; baseline 0.001 -18"><span class='ocrx_word' id='word_1_678' title='bbox 2081 2995 2112 3048; x_wconf 92' lang='lat'><strong><em>6</em></strong></span> <span class='ocrx_word' id='word_1_679' title='bbox 2157 2993 2285 3057; x_wconf 85' lang='grc' dir='ltr'>Υἱός</span> <span class='ocrx_word' id='word_1_680' title='bbox 2303 3009 2318 3023; x_wconf 89' lang='grc'><strong>·</strong></span> <span class='ocrx_word' id='word_1_681' title='bbox 2348 2993 2471 3047; x_wconf 84' lang='grc' dir='ltr'><strong><em>οὐδὲ</em></strong></span> <span class='ocrx_word' id='word_1_682' title='bbox 2498 2996 2528 3047; x_wconf 91' lang='lat'><strong><em>6</em></strong></span> <span class='ocrx_word' id='word_1_683' title='bbox 2572 2993 2665 3048; x_wconf 83' lang='grc' dir='ltr'><strong><em>τὸν</em></strong></span> <span class='ocrx_word' id='word_1_684' title='bbox 2695 2995 2865 3064; x_wconf 83' lang='grc' dir='ltr'>Λόγον</span> <span class='ocrx_word' id='word_1_685' title='bbox 2901 2993 3163 3066; x_wconf 77' lang='grc' dir='ltr'>ἑωρακὼς</span> <span class='ocrx_word' id='word_1_686' title='bbox 3193 2992 3407 3066; x_wconf 77' lang='grc' dir='ltr'><strong><em>ἑώρακε</em></strong></span> <span class='ocrx_word' id='word_1_687' title='bbox 3439 2991 3534 3047; x_wconf 81' lang='grc' dir='ltr'>τὸν</span> <span class='ocrx_word' id='word_1_688' title='bbox 3563 2994 3684 3049; x_wconf 82' lang='grc' dir='ltr'><strong><em>Πα-</em></strong></span> 
     </span>
    </p>
   </div>
   <div class='ocr_carea' id='block_1_76' title="bbox 2082 3085 3683 3160">
    <p class='ocr_par' dir='ltr' id='par_1_76' title="bbox 2082 3085 3683 3160">
     <span class='ocr_line' id='line_1_76' title="bbox 2082 3085 3683 3160; baseline 0.002 -21"><span class='ocrx_word' id='word_1_689' title='bbox 2082 3086 2235 3158; x_wconf 84' lang='grc' dir='ltr'><em>τέρα,</em></span> <span class='ocrx_word' id='word_1_690' title='bbox 2266 3086 2380 3140; x_wconf 84' lang='grc' dir='ltr'><em>ἁλλ’</em></span> <span class='ocrx_word' id='word_1_691' title='bbox 2404 3088 2433 3140; x_wconf 89' lang='lat'><strong><em>6</em></strong></span> <span class='ocrx_word' id='word_1_692' title='bbox 2460 3085 2552 3141; x_wconf 79' lang='grc' dir='ltr'><strong><em>τὸν</em></strong></span> <span class='ocrx_word' id='word_1_693' title='bbox 2581 3085 2729 3141; x_wconf 88' lang='grc' dir='ltr'><em>Υἱόν.</em></span> <span class='ocrx_word' id='word_1_694' title='bbox 2762 3086 2980 3140; x_wconf 82' lang='grc' dir='ltr'><strong><em>Τούτων</em></strong></span> <span class='ocrx_word' id='word_1_695' title='bbox 2999 3086 3055 3140; x_wconf 87' lang='grc' dir='ltr'><strong><em>δὲ</em></strong></span> <span class='ocrx_word' id='word_1_696' title='bbox 3083 3087 3467 3159; x_wconf 77' lang='grc' dir='ltr'><strong><em>δεικνυμένων,</em></strong></span> <span class='ocrx_word' id='word_1_697' title='bbox 3491 3088 3528 3159; x_wconf 75' lang='grc' dir='ltr'>ἢ</span> <span class='ocrx_word' id='word_1_698' title='bbox 3555 3088 3683 3160; x_wconf 77' lang='grc' dir='ltr'><em>μεί-</em></span> 
     </span>
    </p>
   </div>
   <div class='ocr_carea' id='block_1_77' title="bbox 2085 3176 3682 3250">
    <p class='ocr_par' dir='ltr' id='par_1_77' title="bbox 2085 3176 3682 3250">
     <span class='ocr_line' id='line_1_77' title="bbox 2085 3176 3682 3250; baseline 0.001 -18"><span class='ocrx_word' id='word_1_699' title='bbox 2085 3177 2194 3242; x_wconf 73' lang='grc' dir='ltr'><strong><em>ζων</em></strong></span> <span class='ocrx_word' id='word_1_700' title='bbox 2238 3180 2268 3233; x_wconf 96' lang='lat'><strong><em>6</em></strong></span> <span class='ocrx_word' id='word_1_701' title='bbox 2299 3176 2430 3243; x_wconf 79' lang='grc' dir='ltr'><strong><em>Υἱὸς</em></strong></span> <span class='ocrx_word' id='word_1_702' title='bbox 2472 3177 2565 3232; x_wconf 81' lang='grc' dir='ltr'><strong><em>τοῦ</em></strong></span> <span class='ocrx_word' id='word_1_703' title='bbox 2599 3177 2808 3249; x_wconf 82' lang='grc' dir='ltr'><em>Λόγου,</em></span> <span class='ocrx_word' id='word_1_704' title='bbox 2841 3179 2875 3250; x_wconf 80' lang='grc' dir='ltr'>ἢ</span> <span class='ocrx_word' id='word_1_705' title='bbox 2921 3176 3104 3232; x_wconf 87' lang='grc' dir='ltr'>πλεῖον</span> <span class='ocrx_word' id='word_1_706' title='bbox 3132 3177 3286 3232; x_wconf 81' lang='grc' dir='ltr'>οὐδὲν</span> <span class='ocrx_word' id='word_1_707' title='bbox 3317 3181 3347 3232; x_wconf 92' lang='lat'><strong><em>6</em></strong></span> <span class='ocrx_word' id='word_1_708' title='bbox 3378 3177 3555 3247; x_wconf 79' lang='grc' dir='ltr'>Λόγος</span> <span class='ocrx_word' id='word_1_709' title='bbox 3582 3180 3682 3233; x_wconf 77' lang='grc' dir='ltr'><strong><em>τοῦ</em></strong></span> 
     </span>
    </p>
   </div>
   <div class='ocr_carea' id='block_1_78' title="bbox 2085 3268 3680 3343">
    <p class='ocr_par' dir='ltr' id='par_1_78' title="bbox 2085 3268 3680 3343">
     <span class='ocr_line' id='line_1_78' title="bbox 2085 3268 3680 3343; baseline -0.001 -18"><span class='ocrx_word' id='word_1_710' title='bbox 2085 3270 2217 3325; x_wconf 86' lang='grc' dir='ltr'>Υἱοῦ</span> <span class='ocrx_word' id='word_1_711' title='bbox 2245 3270 2377 3342; x_wconf 77' lang='grc' dir='ltr'><em>ἔχει.</em></span> <span class='ocrx_word' id='word_1_712' title='bbox 2408 3270 2474 3324; x_wconf 84' lang='grc' dir='ltr'><strong><em>Τί</em></strong></span> <span class='ocrx_word' id='word_1_713' title='bbox 2496 3269 2606 3343; x_wconf 85' lang='grc' dir='ltr'>γὰρ</span> <span class='ocrx_word' id='word_1_714' title='bbox 2637 3269 2874 3343; x_wconf 77' lang='grc' dir='ltr'><em>μεῖζονῆ</em></span> <span class='ocrx_word' id='word_1_715' title='bbox 2901 3270 3235 3342; x_wconf 84' lang='grc' dir='ltr'><em>τελειότερον</em></span> <span class='ocrx_word' id='word_1_716' title='bbox 3257 3268 3374 3335; x_wconf 79' lang='grc' dir='ltr'><em>τοῦ,</em></span> <span class='ocrx_word' id='word_1_717' title='bbox 3402 3270 3509 3322; x_wconf 79' lang='grc' dir='ltr'><strong><em>Ἓν</em></strong></span> <span class='ocrx_word' id='word_1_718' title='bbox 3538 3268 3680 3342; x_wconf 72' lang='grc'>(10),</span> 
     </span>
    </p>
   </div>
   <div class='ocr_carea' id='block_1_79' title="bbox 2085 3352 3680 3434">
    <p class='ocr_par' dir='ltr' id='par_1_79' title="bbox 2085 3352 3680 3434">
     <span class='ocr_line' id='line_1_79' title="bbox 2085 3352 3680 3434; baseline 0 -19"><span class='ocrx_word' id='word_1_719' title='bbox 2085 3352 2179 3415; x_wconf 46' lang='lat' dir='ltr'><strong><em>iam</em></strong></span> <span class='ocrx_word' id='word_1_720' title='bbox 2209 3361 2304 3416; x_wconf 79' lang='grc' dir='ltr'><strong><em>τοῦ</em></strong></span> <span class='ocrx_word' id='word_1_721' title='bbox 2324 3403 2339 3429; x_wconf 94' lang='grc'><strong><em>,</em></strong></span> <span class='ocrx_word' id='word_1_722' title='bbox 2384 3362 2531 3434; x_wconf 78' lang='grc' dir='ltr'><strong><em>Ἐγὼ</em></strong></span> <span class='ocrx_word' id='word_1_723' title='bbox 2561 3364 2630 3416; x_wconf 82' lang='grc' dir='ltr'><strong><em>ἐν</em></strong></span> <span class='ocrx_word' id='word_1_724' title='bbox 2654 3362 2733 3428; x_wconf 84' lang='grc' dir='ltr'><em>τῷ</em></span> <span class='ocrx_word' id='word_1_725' title='bbox 2764 3363 2971 3431; x_wconf 83' lang='grc' dir='ltr'><em>Πατρὶ,</em></span> <span class='ocrx_word' id='word_1_726' title='bbox 2995 3362 3095 3416; x_wconf 80' lang='grc' dir='ltr'><strong><em>καὶ</em></strong></span> <span class='ocrx_word' id='word_1_727' title='bbox 3122 3364 3155 3417; x_wconf 87' lang='grc' dir='ltr'><strong><em>ό</em></strong></span> <span class='ocrx_word' id='word_1_728' title='bbox 3183 3360 3386 3431; x_wconf 79' lang='grc' dir='ltr'><em>Πατὴρ</em></span> <span class='ocrx_word' id='word_1_729' title='bbox 3423 3361 3495 3416; x_wconf 78' lang='grc' dir='ltr'><strong><em>ἐν</em></strong></span> <span class='ocrx_word' id='word_1_730' title='bbox 3520 3362 3680 3432; x_wconf 72' lang='grc' dir='ltr'><em>ἐμοὶ,</em></span> 
     </span>
    </p>
   </div>
   <div class='ocr_carea' id='block_1_80' title="bbox 2085 3452 3682 3525">
    <p class='ocr_par' dir='ltr' id='par_1_80' title="bbox 2085 3452 3682 3525">
     <span class='ocr_line' id='line_1_80' title="bbox 2085 3452 3682 3525; baseline 0.001 -18"><span class='ocrx_word' id='word_1_731' title='bbox 2085 3453 2179 3507; x_wconf 71' lang='grc' dir='ltr'><strong><em>καὶ</em></strong></span> <span class='ocrx_word' id='word_1_732' title='bbox 2206 3453 2324 3519; x_wconf 79' lang='grc' dir='ltr'><em>τοῦ,</em></span> <span class='ocrx_word' id='word_1_733' title='bbox 2363 3455 2428 3508; x_wconf 84' lang='lat'><strong><em>&#39;0</em></strong></span> <span class='ocrx_word' id='word_1_734' title='bbox 2458 3454 2730 3524; x_wconf 83' lang='grc' dir='ltr'>ἑωρακὼς</span> <span class='ocrx_word' id='word_1_735' title='bbox 2750 3454 2873 3524; x_wconf 87' lang='grc' dir='ltr'><em>ἐμὲ,</em></span> <span class='ocrx_word' id='word_1_736' title='bbox 2896 3452 3116 3525; x_wconf 79' lang='grc' dir='ltr'><strong><em>ἑώρακε</em></strong></span> <span class='ocrx_word' id='word_1_737' title='bbox 3142 3454 3250 3509; x_wconf 84' lang='grc' dir='ltr'><em>τὸν</em></span> <span class='ocrx_word' id='word_1_738' title='bbox 3269 3454 3500 3523; x_wconf 84' lang='grc' dir='ltr'><em>Πατέρα</em></span> <span class='ocrx_word' id='word_1_739' title='bbox 3514 3470 3535 3520; x_wconf 87' lang='grc'><strong><em>;</em></strong></span> <span class='ocrx_word' id='word_1_740' title='bbox 3564 3452 3682 3508; x_wconf 62' lang='grc' dir='ltr'><strong><em>Καὶ</em></strong></span> 
     </span>
    </p>
   </div>
   <div class='ocr_carea' id='block_1_81' title="bbox 2084 3542 3679 3619">
    <p class='ocr_par' dir='ltr' id='par_1_81' title="bbox 2084 3542 3679 3619">
     <span class='ocr_line' id='line_1_81' title="bbox 2084 3542 3679 3619; baseline 0.001 -20"><span class='ocrx_word' id='word_1_741' title='bbox 2084 3545 2192 3618; x_wconf 87' lang='grc' dir='ltr'>γὰρ</span> <span class='ocrx_word' id='word_1_742' title='bbox 2222 3546 2319 3602; x_wconf 75' lang='grc' dir='ltr'><strong><em>καὶ</em></strong></span> <span class='ocrx_word' id='word_1_743' title='bbox 2345 3546 2460 3618; x_wconf 82' lang='grc' dir='ltr'>(Η)</span> <span class='ocrx_word' id='word_1_744' title='bbox 2477 3542 2636 3602; x_wconf 74' lang='grc' dir='ltr'>αὗται</span> <span class='ocrx_word' id='word_1_745' title='bbox 2665 3548 2721 3603; x_wconf 89' lang='grc' dir='ltr'>αἱ</span> <span class='ocrx_word' id='word_1_746' title='bbox 2748 3549 2924 3619; x_wconf 78' lang='grc' dir='ltr'>φωναὶ</span> <span class='ocrx_word' id='word_1_747' title='bbox 2948 3547 3042 3602; x_wconf 77' lang='grc' dir='ltr'><strong><em>τοῦ</em></strong></span> <span class='ocrx_word' id='word_1_748' title='bbox 3067 3548 3198 3601; x_wconf 81' lang='grc' dir='ltr'>Υἱοῦ</span> <span class='ocrx_word' id='word_1_749' title='bbox 3223 3550 3351 3602; x_wconf 76' lang='grc' dir='ltr'><em>εἱσι.</em></span> <span class='ocrx_word' id='word_1_750' title='bbox 3374 3547 3515 3618; x_wconf 78' lang='grc' dir='ltr'><strong><em>Φησὶ</em></strong></span> <span class='ocrx_word' id='word_1_751' title='bbox 3539 3545 3679 3617; x_wconf 76' lang='grc' dir='ltr'>γοῦν</span> 
     </span>
    </p>
   </div>
   <div class='ocr_carea' id='block_1_82' title="bbox 2083 3637 3683 3710">
    <p class='ocr_par' dir='ltr' id='par_1_82' title="bbox 2083 3637 3683 3710">
     <span class='ocr_line' id='line_1_82' title="bbox 2083 3637 3683 3710; baseline 0.003 -21"><span class='ocrx_word' id='word_1_752' title='bbox 2083 3637 2112 3689; x_wconf 93' lang='lat'><strong><em>6</em></strong></span> <span class='ocrx_word' id='word_1_753' title='bbox 2129 3637 2290 3701; x_wconf 81' lang='grc' dir='ltr'>αὐτὸς</span> <span class='ocrx_word' id='word_1_754' title='bbox 2324 3637 2578 3710; x_wconf 85' lang='grc' dir='ltr'><strong><em>Ἰωάννης</em></strong></span> <span class='ocrx_word' id='word_1_755' title='bbox 2592 3658 2605 3669; x_wconf 89' lang='grc'><strong>·</strong></span> <span class='ocrx_word' id='word_1_756' title='bbox 2643 3640 2706 3693; x_wconf 85' lang='lat'><strong><em>&#39;0</em></strong></span> <span class='ocrx_word' id='word_1_757' title='bbox 2727 3639 3000 3707; x_wconf 81' lang='grc' dir='ltr'>ἑωρακὼς</span> <span class='ocrx_word' id='word_1_758' title='bbox 3022 3640 3146 3710; x_wconf 84' lang='grc' dir='ltr'><em>ἐμὲ,</em></span> <span class='ocrx_word' id='word_1_759' title='bbox 3174 3639 3399 3709; x_wconf 84' lang='grc' dir='ltr'><strong><em>ἑώρακε</em></strong></span> <span class='ocrx_word' id='word_1_760' title='bbox 3413 3639 3522 3694; x_wconf 86' lang='grc' dir='ltr'><em>τὸν</em></span> <span class='ocrx_word' id='word_1_761' title='bbox 3536 3639 3683 3710; x_wconf 81' lang='grc' dir='ltr'><em>πέμ-</em></span> 
     </span>
    </p>
   </div>
   <div class='ocr_carea' id='block_1_83' title="bbox 2082 3729 3681 3802">
    <p class='ocr_par' dir='ltr' id='par_1_83' title="bbox 2082 3729 3681 3802">
     <span class='ocr_line' id='line_1_83' title="bbox 2082 3729 3681 3802; baseline 0.002 -19"><span class='ocrx_word' id='word_1_762' title='bbox 2082 3729 2285 3797; x_wconf 70' lang='grc' dir='ltr'><em>ψαντά</em></span> <span class='ocrx_word' id='word_1_763' title='bbox 2303 3747 2398 3801; x_wconf 74' lang='grc' dir='ltr'><strong><em>με’</em></strong></span> <span class='ocrx_word' id='word_1_764' title='bbox 2427 3731 2540 3797; x_wconf 71' lang='grc' dir='ltr'><strong><em>καὶ,</em></strong></span> <span class='ocrx_word' id='word_1_765' title='bbox 2558 3731 2611 3785; x_wconf 86' lang='lat'><strong><em>&#39;0</em></strong></span> <span class='ocrx_word' id='word_1_766' title='bbox 2634 3731 2739 3802; x_wconf 86' lang='grc' dir='ltr'><strong><em>ἐμὲ</em></strong></span> <span class='ocrx_word' id='word_1_767' title='bbox 2763 3730 3106 3802; x_wconf 82' lang='grc' dir='ltr'><em>δεχόμενος,</em></span> <span class='ocrx_word' id='word_1_768' title='bbox 3136 3731 3374 3802; x_wconf 84' lang='grc' dir='ltr'><em>δέχεται</em></span> <span class='ocrx_word' id='word_1_769' title='bbox 3394 3734 3503 3786; x_wconf 85' lang='grc' dir='ltr'><em>τὸν</em></span> <span class='ocrx_word' id='word_1_770' title='bbox 3533 3732 3681 3786; x_wconf 78' lang='grc' dir='ltr'><strong><em>ἀπο⁴</em></strong></span> 
     </span>
    </p>
   </div>
   <div class='ocr_carea' id='block_1_84' title="bbox 2083 3820 3683 3894">
    <p class='ocr_par' dir='ltr' id='par_1_84' title="bbox 2083 3820 3683 3894">
     <span class='ocr_line' id='line_1_84' title="bbox 2083 3820 3683 3894; baseline 0.003 -21"><span class='ocrx_word' id='word_1_771' title='bbox 2083 3820 2412 3876; x_wconf 81' lang='grc' dir='ltr'><em>στείλαντά</em></span> <span class='ocrx_word' id='word_1_772' title='bbox 2453 3839 2564 3893; x_wconf 87' lang='grc' dir='ltr'><strong><em>με·</em></strong></span> <span class='ocrx_word' id='word_1_773' title='bbox 2617 3823 2746 3887; x_wconf 69' lang='grc' dir='ltr'><strong><em>καὶ,</em></strong></span> <span class='ocrx_word' id='word_1_774' title='bbox 2798 3823 2959 3894; x_wconf 80' lang='grc' dir='ltr'>Ἐγὼ·</span> <span class='ocrx_word' id='word_1_775' title='bbox 2983 3822 3110 3893; x_wconf 78' lang='grc' dir='ltr'><strong><em>ςρῶς</em></strong></span> <span class='ocrx_word' id='word_1_776' title='bbox 3143 3825 3231 3889; x_wconf 81' lang='grc' dir='ltr'><strong><em>εὶς</em></strong></span> <span class='ocrx_word' id='word_1_777' title='bbox 3279 3824 3389 3877; x_wconf 87' lang='grc' dir='ltr'><em>τὸν</em></span> <span class='ocrx_word' id='word_1_778' title='bbox 3440 3822 3683 3893; x_wconf 78' lang='grc' dir='ltr'><em>κόσμον</em></span> 
     </span>
    </p>
   </div>
   <div class='ocr_carea' id='block_1_85' title="bbox 2082 3910 3681 3983">
    <p class='ocr_par' dir='ltr' id='par_1_85' title="bbox 2082 3910 3681 3983">
     <span class='ocr_line' id='line_1_85' title="bbox 2082 3910 3681 3983; baseline 0.001 -17"><span class='ocrx_word' id='word_1_779' title='bbox 2082 3912 2378 3979; x_wconf 81' lang='grc' dir='ltr'><strong><em>ἐλήλυθα,</em></strong></span> <span class='ocrx_word' id='word_1_780' title='bbox 2406 3913 2508 3967; x_wconf 77' lang='grc' dir='ltr'><strong><em>ἵνα</em></strong></span> <span class='ocrx_word' id='word_1_781' title='bbox 2541 3912 2660 3980; x_wconf 85' lang='grc' dir='ltr'><strong><em>πᾶς</em></strong></span> <span class='ocrx_word' id='word_1_782' title='bbox 2684 3917 2717 3969; x_wconf 86' lang='grc' dir='ltr'><strong><em>ό</em></strong></span> <span class='ocrx_word' id='word_1_783' title='bbox 2748 3914 3054 3968; x_wconf 83' lang='grc' dir='ltr'><em>πιστεύων</em></span> <span class='ocrx_word' id='word_1_784' title='bbox 3083 3916 3171 3980; x_wconf 82' lang='grc' dir='ltr'><strong><em>εἱς</em></strong></span> <span class='ocrx_word' id='word_1_785' title='bbox 3199 3912 3305 3983; x_wconf 72' lang='grc' dir='ltr'><strong><em>ἐμὲ</em></strong></span> <span class='ocrx_word' id='word_1_786' title='bbox 3329 3910 3490 3982; x_wconf 79' lang='grc' dir='ltr'><em>ἐντῇ</em></span> <span class='ocrx_word' id='word_1_787' title='bbox 3524 3926 3681 3967; x_wconf 79' lang='grc' dir='ltr'><em>σκο-</em></span> 
     </span>
    </p>
   </div>
   <div class='ocr_carea' id='block_1_86' title="bbox 2083 4002 3676 4075">
    <p class='ocr_par' dir='ltr' id='par_1_86' title="bbox 2083 4002 3676 4075">
     <span class='ocr_line' id='line_1_86' title="bbox 2083 4002 3676 4075; baseline 0 -17"><span class='ocrx_word' id='word_1_788' title='bbox 2083 4003 2180 4071; x_wconf 78' lang='grc' dir='ltr'><strong><em>τίᾳ</em></strong></span> <span class='ocrx_word' id='word_1_789' title='bbox 2197 4002 2285 4074; x_wconf 84' lang='grc' dir='ltr'><em>μὴ</em></span> <span class='ocrx_word' id='word_1_790' title='bbox 2307 4004 2518 4074; x_wconf 81' lang='grc' dir='ltr'><em>μείνῃ·</em></span> <span class='ocrx_word' id='word_1_791' title='bbox 2548 4003 2666 4069; x_wconf 74' lang='grc' dir='ltr'>καὶ,</span> <span class='ocrx_word' id='word_1_792' title='bbox 2712 4003 2855 4058; x_wconf 81' lang='grc' dir='ltr'><strong><em>Ἐάν</em></strong></span> <span class='ocrx_word' id='word_1_793' title='bbox 2877 4005 2972 4073; x_wconf 81' lang='grc' dir='ltr'><em>τίς</em></span> <span class='ocrx_word' id='word_1_794' title='bbox 2997 4022 3118 4075; x_wconf 85' lang='grc' dir='ltr'><em>μου</em></span> <span class='ocrx_word' id='word_1_795' title='bbox 3143 4005 3381 4075; x_wconf 78' lang='grc' dir='ltr'><strong><em>ἀκούσῃ</em></strong></span> <span class='ocrx_word' id='word_1_796' title='bbox 3408 4004 3532 4059; x_wconf 84' lang='grc' dir='ltr'><em>τῶν</em></span> <span class='ocrx_word' id='word_1_797' title='bbox 3561 4005 3676 4060; x_wconf 82' lang='grc' dir='ltr'><em>λό-</em></span> 
     </span>
    </p>
   </div>
   <div class='ocr_carea' id='block_1_87' title="bbox 2083 4095 3678 4168">
    <p class='ocr_par' dir='ltr' id='par_1_87' title="bbox 2083 4095 3678 4168">
     <span class='ocr_line' id='line_1_87' title="bbox 2083 4095 3678 4168; baseline 0.003 -19"><span class='ocrx_word' id='word_1_798' title='bbox 2083 4113 2223 4167; x_wconf 77' lang='grc' dir='ltr'>γων,</span> <span class='ocrx_word' id='word_1_799' title='bbox 2242 4095 2342 4150; x_wconf 77' lang='grc' dir='ltr'><strong><em>καὶ</em></strong></span> <span class='ocrx_word' id='word_1_800' title='bbox 2365 4095 2452 4167; x_wconf 80' lang='grc' dir='ltr'><em>μὴ</em></span> <span class='ocrx_word' id='word_1_801' title='bbox 2481 4095 2746 4166; x_wconf 74' lang='grc' dir='ltr'><em>φυλάξῃ,</em></span> <span class='ocrx_word' id='word_1_802' title='bbox 2773 4095 2889 4168; x_wconf 73' lang='grc' dir='ltr'><strong><em>ἐγὼ</em></strong></span> <span class='ocrx_word' id='word_1_803' title='bbox 2914 4098 2986 4152; x_wconf 85' lang='grc' dir='ltr'><strong><em>οὐ</em></strong></span> <span class='ocrx_word' id='word_1_804' title='bbox 3008 4097 3191 4166; x_wconf 84' lang='grc' dir='ltr'><em>κρίνω</em></span> <span class='ocrx_word' id='word_1_805' title='bbox 3212 4097 3401 4151; x_wconf 83' lang='grc' dir='ltr'><em>αὐτόν</em></span> <span class='ocrx_word' id='word_1_806' title='bbox 3417 4112 3432 4125; x_wconf 90' lang='grc'><strong>·</strong></span> <span class='ocrx_word' id='word_1_807' title='bbox 3464 4099 3537 4152; x_wconf 86' lang='grc' dir='ltr'><strong><em>οὐ</em></strong></span> <span class='ocrx_word' id='word_1_808' title='bbox 3557 4097 3678 4167; x_wconf 75' lang='grc' dir='ltr'><em>τὰρ</em></span> 
     </span>
    </p>
   </div>
   <div class='ocr_carea' id='block_1_88' title="bbox 2082 4182 3683 4259">
    <p class='ocr_par' dir='ltr' id='par_1_88' title="bbox 2082 4182 3683 4259">
     <span class='ocr_line' id='line_1_88' title="bbox 2082 4182 3683 4259; baseline 0.001 -17"><span class='ocrx_word' id='word_1_809' title='bbox 2082 4182 2273 4258; x_wconf 80' lang='grc' dir='ltr'><em>ἦλθον</em></span> <span class='ocrx_word' id='word_1_810' title='bbox 2297 4187 2398 4242; x_wconf 78' lang='grc' dir='ltr'><strong><em>ἵνα</em></strong></span> <span class='ocrx_word' id='word_1_811' title='bbox 2422 4187 2604 4257; x_wconf 80' lang='grc' dir='ltr'><em>κρίνω</em></span> <span class='ocrx_word' id='word_1_812' title='bbox 2625 4187 2733 4243; x_wconf 80' lang='grc' dir='ltr'><em>τὸν</em></span> <span class='ocrx_word' id='word_1_813' title='bbox 2758 4188 3012 4259; x_wconf 82' lang='grc' dir='ltr'><em>κόσμον,</em></span> <span class='ocrx_word' id='word_1_814' title='bbox 3045 4188 3183 4242; x_wconf 82' lang='grc' dir='ltr'><em>ἀλλ’</em></span> <span class='ocrx_word' id='word_1_815' title='bbox 3214 4189 3321 4242; x_wconf 72' lang='grc' dir='ltr'><strong><em>ἵνα</em></strong></span> <span class='ocrx_word' id='word_1_816' title='bbox 3346 4188 3528 4243; x_wconf 84' lang='grc' dir='ltr'><em>σώσω</em></span> <span class='ocrx_word' id='word_1_817' title='bbox 3560 4187 3683 4245; x_wconf 79' lang='grc' dir='ltr'><em>τὸν</em></span> 
     </span>
    </p>
   </div>
   <div class='ocr_carea' id='block_1_89' title="bbox 2083 4275 3687 4350">
    <p class='ocr_par' dir='ltr' id='par_1_89' title="bbox 2083 4275 3687 4350">
     <span class='ocr_line' id='line_1_89' title="bbox 2083 4275 3687 4350; baseline 0.003 -21"><span class='ocrx_word' id='word_1_818' title='bbox 2083 4275 2337 4347; x_wconf 79' lang='grc' dir='ltr'><em>κόσμον.</em></span> <span class='ocrx_word' id='word_1_819' title='bbox 2374 4276 2428 4330; x_wconf 91' lang='lat'><strong><em>&#39;0</em></strong></span> <span class='ocrx_word' id='word_1_820' title='bbox 2448 4280 2631 4348; x_wconf 79' lang='grc' dir='ltr'><em>λόγος</em></span> <span class='ocrx_word' id='word_1_821' title='bbox 2650 4276 2719 4331; x_wconf 83' lang='grc' dir='ltr'><em>δὲ</em></span> <span class='ocrx_word' id='word_1_822' title='bbox 2738 4277 2810 4332; x_wconf 81' lang='grc' dir='ltr'><strong><em>ὃν</em></strong></span> <span class='ocrx_word' id='word_1_823' title='bbox 2840 4278 3046 4333; x_wconf 84' lang='grc' dir='ltr'><em>ἀκούει</em></span> <span class='ocrx_word' id='word_1_824' title='bbox 3065 4277 3176 4350; x_wconf 75' lang='grc'>(12)</span> <span class='ocrx_word' id='word_1_825' title='bbox 3194 4318 3210 4342; x_wconf 87' lang='grc'><strong><em>,</em></strong></span> <span class='ocrx_word' id='word_1_826' title='bbox 3229 4278 3463 4346; x_wconf 80' lang='grc' dir='ltr'><strong><em>ἐκεῖνος</em></strong></span> <span class='ocrx_word' id='word_1_827' title='bbox 3483 4278 3687 4348; x_wconf 79' lang='grc' dir='ltr'><em>κρινεῖ</em></span> 
     </span>
    </p>
   </div>
   <div class='ocr_carea' id='block_1_90' title="bbox 2085 4366 3681 4442">
    <p class='ocr_par' dir='ltr' id='par_1_90' title="bbox 2085 4366 3681 4442">
     <span class='ocr_line' id='line_1_90' title="bbox 2085 4366 3681 4442; baseline 0.003 -21"><span class='ocrx_word' id='word_1_828' title='bbox 2085 4366 2271 4422; x_wconf 82' lang='grc' dir='ltr'><em>αὑτὸν</em></span> <span class='ocrx_word' id='word_1_829' title='bbox 2289 4367 2361 4421; x_wconf 81' lang='grc' dir='ltr'><strong><em>ἐν</em></strong></span> <span class='ocrx_word' id='word_1_830' title='bbox 2385 4366 2461 4438; x_wconf 75' lang='grc' dir='ltr'><em>τῇ</em></span> <span class='ocrx_word' id='word_1_831' title='bbox 2486 4367 2716 4439; x_wconf 82' lang='grc' dir='ltr'><em>ἐσχάτῃ</em></span> <span class='ocrx_word' id='word_1_832' title='bbox 2743 4368 2934 4439; x_wconf 81' lang='grc' dir='ltr'><em>ἡμέρᾳ</em></span> <span class='ocrx_word' id='word_1_833' title='bbox 2949 4385 2964 4401; x_wconf 72' lang='grc' dir='ltr'><strong>ο</strong></span> <span class='ocrx_word' id='word_1_834' title='bbox 2990 4368 3079 4423; x_wconf 84' lang='grc' dir='ltr'><em>ὅτι</em></span> <span class='ocrx_word' id='word_1_835' title='bbox 3101 4369 3218 4442; x_wconf 77' lang='grc' dir='ltr'><strong><em>ἐγὼ</em></strong></span> <span class='ocrx_word' id='word_1_836' title='bbox 3248 4369 3401 4441; x_wconf 83' lang='grc' dir='ltr'><em>πρὸς</em></span> <span class='ocrx_word' id='word_1_837' title='bbox 3425 4371 3533 4426; x_wconf 85' lang='grc' dir='ltr'><em>τὸν</em></span> <span class='ocrx_word' id='word_1_838' title='bbox 3553 4372 3681 4425; x_wconf 77' lang='lat' dir='ltr'><strong><em>Ha-</em></strong></span> 
     </span>
    </p>
   </div>
   <div class='ocr_carea' id='block_1_91' title="bbox 398 4451 1979 4535">
    <p class='ocr_par' dir='ltr' id='par_1_91' title="bbox 398 4452 1979 4529">
     <span class='ocr_line' id='line_1_91' title="bbox 398 4452 1979 4529; baseline -0.006 -11"><span class='ocrx_word' id='word_1_839' title='bbox 398 4461 602 4519; x_wconf 76' lang='lat' dir='ltr'><strong><em>salvum</em></strong></span> <span class='ocrx_word' id='word_1_840' title='bbox 630 4458 828 4529; x_wconf 76' lang='lat' dir='ltr'><strong><em>faciam</em></strong></span> <span class='ocrx_word' id='word_1_841' title='bbox 853 4453 1108 4509; x_wconf 82' lang='lat' dir='ltr'><strong><em>mundum</em></strong></span> <span class='ocrx_word' id='word_1_842' title='bbox 1132 4469 1150 4507; x_wconf 94' lang='lat'><em>:</em></span> <span class='ocrx_word' id='word_1_843' title='bbox 1179 4452 1271 4508; x_wconf 89' lang='lat' dir='ltr'><strong><em>sed</em></strong></span> <span class='ocrx_word' id='word_1_844' title='bbox 1299 4469 1471 4509; x_wconf 87' lang='lat' dir='ltr'><strong><em>sermo</em></strong></span> <span class='ocrx_word' id='word_1_845' title='bbox 1498 4469 1649 4525; x_wconf 87' lang='lat' dir='ltr'><strong><em>quem</em></strong></span> <span class='ocrx_word' id='word_1_846' title='bbox 1687 4452 1862 4519; x_wconf 91' lang='lat' dir='ltr'><strong><em>audit,</em></strong></span> <span class='ocrx_word' id='word_1_847' title='bbox 1889 4452 1979 4509; x_wconf 75' lang='lat' dir='ltr'><strong><em>ille</em></strong></span> 
     </span>
    </p>
   </div>
   <div class='ocr_carea' id='block_1_92' title="bbox 2123 4451 3681 4535">
    <p class='ocr_par' dir='ltr' id='par_1_92' title="bbox 2123 4457 3681 4535">
     <span class='ocr_line' id='line_1_92' title="bbox 2123 4457 3681 4535; baseline 0.003 -22"><span class='ocrx_word' id='word_1_848' title='bbox 2123 4457 2224 4529; x_wconf 83' lang='grc' dir='ltr'><strong><em>ἐρα</em></strong></span> <span class='ocrx_word' id='word_1_849' title='bbox 2249 4461 2594 4531; x_wconf 80' lang='grc' dir='ltr'><em>πορεύομαι.</em></span> <span class='ocrx_word' id='word_1_850' title='bbox 2651 4459 2728 4514; x_wconf 86' lang='grc' dir='ltr'><strong><em>Τὸ</em></strong></span> <span class='ocrx_word' id='word_1_851' title='bbox 2767 4461 3027 4534; x_wconf 78' lang='grc' dir='ltr'><strong><em>κήρυγμα</em></strong></span> <span class='ocrx_word' id='word_1_852' title='bbox 3065 4462 3124 4516; x_wconf 87' lang='grc' dir='ltr'><em>δέ</em></span> <span class='ocrx_word' id='word_1_853' title='bbox 3167 4478 3299 4535; x_wconf 83' lang='grc' dir='ltr'><em>φησι</em></span> <span class='ocrx_word' id='word_1_854' title='bbox 3335 4463 3542 4535; x_wconf 78' lang='grc' dir='ltr'><em>κρίνειν</em></span> <span class='ocrx_word' id='word_1_855' title='bbox 3579 4463 3681 4519; x_wconf 78' lang='grc' dir='ltr'><strong><em>τὸν</em></strong></span> 
     </span>
    </p>
   </div>
   <div class='ocr_carea' id='block_1_93' title="bbox 389 4543 1980 4625">
    <p class='ocr_par' dir='ltr' id='par_1_93' title="bbox 389 4543 1980 4625">
     <span class='ocr_line' id='line_1_93' title="bbox 389 4543 1980 4625; baseline -0.01 -17"><span class='ocrx_word' id='word_1_856' title='bbox 389 4550 662 4625; x_wconf 74' lang='lat' dir='ltr'><strong><em>judicabit</em></strong></span> <span class='ocrx_word' id='word_1_857' title='bbox 697 4564 816 4603; x_wconf 88' lang='lat' dir='ltr'><strong><em>eum</em></strong></span> <span class='ocrx_word' id='word_1_858' title='bbox 838 4547 897 4600; x_wconf 83' lang='lat' dir='ltr'><strong><em>in</em></strong></span> <span class='ocrx_word' id='word_1_859' title='bbox 926 4544 1207 4600; x_wconf 83' lang='lat' dir='ltr'><strong><em>novissimo</em></strong></span> <span class='ocrx_word' id='word_1_860' title='bbox 1244 4543 1328 4599; x_wconf 85' lang='lat' dir='ltr'><strong><em>die</em></strong></span> <span class='ocrx_word' id='word_1_861' title='bbox 1350 4561 1368 4598; x_wconf 92' lang='lat'><strong><em>:</em></strong></span> <span class='ocrx_word' id='word_1_862' title='bbox 1401 4545 1528 4616; x_wconf 87' lang='lat' dir='ltr'><strong><em>quia</em></strong></span> <span class='ocrx_word' id='word_1_863' title='bbox 1549 4562 1643 4617; x_wconf 85' lang='lat' dir='ltr'><strong><em>ego</em></strong></span> <span class='ocrx_word' id='word_1_864' title='bbox 1667 4546 1736 4600; x_wconf 84' lang='lat' dir='ltr'><strong><em>ad</em></strong></span> <span class='ocrx_word' id='word_1_865' title='bbox 1757 4545 1980 4603; x_wconf 71' lang='lat' dir='ltr'><strong><em>Patrem</em></strong></span> 
     </span>
    </p>
   </div>
   <div class='ocr_carea' id='block_1_94' title="bbox 396 4634 1983 4711">
    <p class='ocr_par' dir='ltr' id='par_1_94' title="bbox 396 4634 1983 4711">
     <span class='ocr_line' id='line_1_94' title="bbox 396 4634 1983 4711; baseline -0.003 -10"><span class='ocrx_word' id='word_1_866' title='bbox 396 4645 535 4701; x_wconf 71' lang='lat' dir='ltr'><strong><em>uado</em></strong></span> <span class='ocrx_word' id='word_1_867' title='bbox 561 4643 626 4696; x_wconf 81' lang='grc'><strong><em>⁸⁷.</em></strong></span> <span class='ocrx_word' id='word_1_868' title='bbox 662 4634 826 4704; x_wconf 89' lang='lat' dir='ltr'><strong><em>Eum,</em></strong></span> <span class='ocrx_word' id='word_1_869' title='bbox 865 4640 962 4710; x_wconf 89' lang='lat' dir='ltr'><strong><em>qui</em></strong></span> <span class='ocrx_word' id='word_1_870' title='bbox 987 4636 1306 4695; x_wconf 88' lang='lat' dir='ltr'><strong><em>mandatum</em></strong></span> <span class='ocrx_word' id='word_1_871' title='bbox 1348 4652 1460 4693; x_wconf 87' lang='lat' dir='ltr'><strong><em>non</em></strong></span> <span class='ocrx_word' id='word_1_872' title='bbox 1491 4639 1812 4706; x_wconf 87' lang='lat' dir='ltr'><strong><em>servaverit,</em></strong></span> <span class='ocrx_word' id='word_1_873' title='bbox 1844 4655 1983 4711; x_wconf 73' lang='lat' dir='ltr'><strong><em>prae-</em></strong></span> 
     </span>
    </p>
   </div>
   <div class='ocr_carea' id='block_1_95' title="bbox 397 4727 1981 4806">
    <p class='ocr_par' dir='ltr' id='par_1_95' title="bbox 397 4727 1981 4806">
     <span class='ocr_line' id='line_1_95' title="bbox 397 4727 1981 4806; baseline -0.003 -12"><span class='ocrx_word' id='word_1_874' title='bbox 397 4736 676 4796; x_wconf 74' lang='lat' dir='ltr'><strong><em>dicatione</em></strong></span> <span class='ocrx_word' id='word_1_875' title='bbox 690 4732 1053 4806; x_wconf 87' lang='lat' dir='ltr'><strong><em>judicandum</em></strong></span> <span class='ocrx_word' id='word_1_876' title='bbox 1076 4746 1201 4789; x_wconf 88' lang='lat' dir='ltr'><strong><em>esse</em></strong></span> <span class='ocrx_word' id='word_1_877' title='bbox 1236 4730 1498 4788; x_wconf 83' lang='lat' dir='ltr'><strong><em>declarat.</em></strong></span> <span class='ocrx_word' id='word_1_878' title='bbox 1534 4727 1659 4787; x_wconf 87' lang='lat' dir='ltr'><strong><em>Nisi</em></strong></span> <span class='ocrx_word' id='word_1_879' title='bbox 1685 4733 1855 4799; x_wconf 90' lang='lat' dir='ltr'><strong><em>enim,</em></strong></span> <span class='ocrx_word' id='word_1_880' title='bbox 1895 4734 1981 4792; x_wconf 86' lang='lat' dir='ltr'><strong><em>in-</em></strong></span> 
     </span>
    </p>
   </div>
   <div class='ocr_carea' id='block_1_96' title="bbox 463 4847 1545 4921">
    <p class='ocr_par' dir='ltr' id='par_1_96' title="bbox 463 4847 1545 4921">
     <span class='ocr_line' id='line_1_96' title="bbox 463 4847 1545 4921; baseline -0.003 -12"><span class='ocrx_word' id='word_1_881' title='bbox 463 4851 706 4921; x_wconf 76' lang='lat' dir='ltr'><strong><em>”_Joan.</em></strong></span> <span class='ocrx_word' id='word_1_882' title='bbox 749 4868 819 4919; x_wconf 73' lang='grc' dir='ltr'><em>ι,</em></span> <span class='ocrx_word' id='word_1_883' title='bbox 861 4849 1053 4921; x_wconf 69' lang='grc'><strong><em>30-58.</em></strong></span> <span class='ocrx_word' id='word_1_884' title='bbox 1174 4847 1392 4921; x_wconf 71' lang='lat' dir='ltr'><strong><em>“ibid.</em></strong></span> <span class='ocrx_word' id='word_1_885' title='bbox 1453 4847 1545 4906; x_wconf 74' lang='lat'><strong><em>50.</em></strong></span> 
     </span>
    </p>
   </div>
   <div class='ocr_carea' id='block_1_97' title="bbox 407 4917 1307 4989">
    <p class='ocr_par' dir='ltr' id='par_1_97' title="bbox 407 4917 1307 4989">
     <span class='ocr_line' id='line_1_97' title="bbox 407 4917 1307 4989; baseline -0.008 -9"><span class='ocrx_word' id='word_1_886' title='bbox 407 4925 455 4961; x_wconf 82' lang='grc'><strong>⁸⁷</strong></span> <span class='ocrx_word' id='word_1_887' title='bbox 494 4917 655 4980; x_wconf 72' lang='lat' dir='ltr'><strong><em>Joan.</em></strong></span> <span class='ocrx_word' id='word_1_888' title='bbox 690 4917 1022 4989; x_wconf 53' lang='lat'><strong><em>311.1648;</em></strong></span> <span class='ocrx_word' id='word_1_889' title='bbox 1060 4930 1174 4986; x_wconf 79' lang='lat' dir='ltr'><strong><em>xtv,</em></strong></span> <span class='ocrx_word' id='word_1_890' title='bbox 1213 4917 1307 4974; x_wconf 71' lang='lat' dir='ltr'><strong><em>ﬁ.</em></strong></span> 
     </span>
    </p>
   </div>
   <div class='ocr_carea' id='block_1_98' title="bbox 470 5030 1974 5111">
    <p class='ocr_par' dir='ltr' id='par_1_98' title="bbox 470 5030 1974 5111">
     <span class='ocr_line' id='line_1_98' title="bbox 470 5030 1974 5111; baseline 0.001 -17"><span class='ocrx_word' id='word_1_891' title='bbox 470 5038 549 5111; x_wconf 84' lang='lat'><strong><em>(5)</em></strong></span> <span class='ocrx_word' id='word_1_892' title='bbox 590 5036 910 5111; x_wconf 58' lang='lat' dir='ltr'><strong><em>Basiliensis</em></strong></span> <span class='ocrx_word' id='word_1_893' title='bbox 949 5043 1035 5111; x_wconf 81' lang='lat' dir='ltr'><strong><em>et_</em></strong></span> <span class='ocrx_word' id='word_1_894' title='bbox 1049 5030 1532 5111; x_wconf 55' lang='lat' dir='ltr'><strong><em>Anglicanus,;roﬁ</em></strong></span> <span class='ocrx_word' id='word_1_895' title='bbox 1575 5034 1794 5110; x_wconf 84' lang='grc' dir='ltr'><em>Πατρός</em></span> <span class='ocrx_word' id='word_1_896' title='bbox 1823 5055 1974 5111; x_wconf 20' lang='grc' dir='ltr'><em>λμου.</em></span> 
     </span>
    </p>
   </div>
   <div class='ocr_carea' id='block_1_99' title="bbox 398 5104 1980 5195">
    <p class='ocr_par' dir='ltr' id='par_1_99' title="bbox 398 5104 1980 5195">
     <span class='ocr_line' id='line_1_99' title="bbox 398 5104 1980 5195; baseline -0.001 1"><span class='ocrx_word' id='word_1_897' title='bbox 398 5104 605 5195; x_wconf 56' lang='lat' dir='ltr'><strong><em>mam</em></strong></span> <span class='ocrx_word' id='word_1_898' title='bbox 654 5106 955 5195; x_wconf 55' lang='lat' dir='ltr'><strong><em>398‘th</em></strong></span> <span class='ocrx_word' id='word_1_899' title='bbox 990 5104 1751 5195; x_wconf 14' lang='lat' dir='ltr'><strong><em>.Sss&#39;ieréaes&#39;ebisskmo&#39;x</em></strong></span> <span class='ocrx_word' id='word_1_900' title='bbox 1776 5104 1980 5195; x_wconf 68' lang='grc' dir='ltr'><strong><em>μὴ’πι-</em></strong></span> 
     </span>
    </p>
   </div>
   <div class='ocr_carea' id='block_1_100' title="bbox 400 5175 1979 5265">
    <p class='ocr_par' dir='ltr' id='par_1_100' title="bbox 400 5175 1979 5265">
     <span class='ocr_line' id='line_1_100' title="bbox 400 5175 1979 5265; baseline 0.001 -32"><span class='ocrx_word' id='word_1_901' title='bbox 400 5179 640 5265; x_wconf 61' lang='grc' dir='ltr'><em>στεύετε,</em></span> <span class='ocrx_word' id='word_1_902' title='bbox 670 5175 1101 5265; x_wconf 63' lang='grc' dir='ltr'><em>δι’γινώσκετεῖ</em></span> <span class='ocrx_word' id='word_1_903' title='bbox 1120 5175 1227 5231; x_wconf 81' lang='lat' dir='ltr'><strong><em>Alii</em></strong></span> <span class='ocrx_word' id='word_1_904' title='bbox 1269 5183 1325 5232; x_wconf 84' lang='lat' dir='ltr'><strong><em>et</em></strong></span> <span class='ocrx_word' id='word_1_905' title='bbox 1366 5176 1520 5242; x_wconf 77' lang='lat' dir='ltr'><strong><em>editi,</em></strong></span> <span class='ocrx_word' id='word_1_906' title='bbox 1552 5176 1628 5248; x_wconf 81' lang='grc' dir='ltr'><em>μὴ</em></span> <span class='ocrx_word' id='word_1_907' title='bbox 1662 5175 1979 5252; x_wconf 78' lang='grc' dir='ltr'><em>πιστεύητε,</em></span> 
     </span>
    </p>
   </div>
   <div class='ocr_carea' id='block_1_101' title="bbox 399 5262 1982 5405">
    <p class='ocr_par' dir='ltr' id='par_1_101' title="bbox 399 5262 1982 5405">
     <span class='ocr_line' id='line_1_101' title="bbox 399 5262 807 5371; baseline -0.007 -64"><span class='ocrx_word' id='word_1_908' title='bbox 399 5262 454 5307; x_wconf 92' lang='lat' dir='ltr'><strong><em>et</em></strong></span> <span class='ocrx_word' id='word_1_909' title='bbox 478 5262 807 5371; x_wconf 59' lang='grc' dir='ltr'><strong><em>γινωσκηῆε.</em></strong></span> 
     </span>
     <span class='ocr_line' id='line_1_102' title="bbox 448 5315 1982 5405; baseline 0.003 -33"><span class='ocrx_word' id='word_1_910' title='bbox 581 5320 744 5405; x_wconf 40' lang='lat' dir='ltr'><strong><em>&quot;Sic.&quot;</em></strong></span> <span class='ocrx_word' id='word_1_911' title='bbox 765 5333 848 5405; x_wconf 64' lang='lat' dir='ltr'><strong><em>eg.</em></strong></span> <span class='ocrx_word' id='word_1_912' title='bbox 880 5317 1106 5405; x_wconf 43' lang='lat' dir='ltr'><strong><em>bleguctr.</em></strong></span> <span class='ocrx_word' id='word_1_913' title='bbox 1139 5315 1304 5405; x_wconf 52' lang='lat' dir='ltr'><strong><em>Das“.</em></strong></span> <span class='ocrx_word' id='word_1_914' title='bbox 1336 5323 1392 5372; x_wconf 91' lang='lat' dir='ltr'><strong><em>et</em></strong></span> <span class='ocrx_word' id='word_1_915' title='bbox 1420 5315 1752 5405; x_wconf 29' lang='lat' dir='ltr'><strong><em>Anglicum</em></strong></span> <span class='ocrx_word' id='word_1_916' title='bbox 1801 5319 1893 5405; x_wconf 81' lang='lat' dir='ltr'><strong><em>alii</em></strong></span> <span class='ocrx_word' id='word_1_917' title='bbox 1926 5328 1982 5377; x_wconf 87' lang='lat' dir='ltr'><strong><em>et</em></strong></span> 
     </span>
    </p>
   </div>
   <div class='ocr_carea' id='block_1_102' title="bbox 396 5383 1907 5455">
    <p class='ocr_par' dir='ltr' id='par_1_102' title="bbox 396 5383 1907 5455">
     <span class='ocr_line' id='line_1_103' title="bbox 396 5383 1907 5455; baseline -0.003 -7"><span class='ocrx_word' id='word_1_918' title='bbox 396 5383 553 5455; x_wconf 75' lang='lat' dir='ltr'><strong><em>editi,</em></strong></span> <span class='ocrx_word' id='word_1_919' title='bbox 578 5391 660 5443; x_wconf 86' lang='grc' dir='ltr'><em>ὅτι</em></span> <span class='ocrx_word' id='word_1_920' title='bbox 688 5383 830 5455; x_wconf 88' lang='grc' dir='ltr'><strong><em>Ἐγῶ</em></strong></span> <span class='ocrx_word' id='word_1_921' title='bbox 865 5383 1017 5454; x_wconf 69' lang='grc' dir='ltr'><em>εἶπα,</em></span> <span class='ocrx_word' id='word_1_922' title='bbox 1046 5389 1171 5443; x_wconf 80' lang='grc' dir='ltr'><em>Θεοί</em></span> <span class='ocrx_word' id='word_1_923' title='bbox 1193 5389 1316 5441; x_wconf 74' lang='grc' dir='ltr'><em>ἐστε</em></span> <span class='ocrx_word' id='word_1_924' title='bbox 1350 5388 1445 5442; x_wconf 79' lang='grc' dir='ltr'><strong><em>καὶ</em></strong></span> <span class='ocrx_word' id='word_1_925' title='bbox 1476 5383 1604 5450; x_wconf 63' lang='lat' dir='ltr'><strong><em>utut,</em></strong></span> <span class='ocrx_word' id='word_1_926' title='bbox 1632 5383 1772 5451; x_wconf 80' lang='grc' dir='ltr'><em>εἶτα,</em></span> <span class='ocrx_word' id='word_1_927' title='bbox 1802 5400 1907 5444; x_wconf 90' lang='lat' dir='ltr'><strong><em>etc.</em></strong></span> 
     </span>
    </p>
   </div>
   <div class='ocr_carea' id='block_1_103' title="bbox 471 5458 1972 5532">
    <p class='ocr_par' dir='ltr' id='par_1_103' title="bbox 471 5458 1972 5532">
     <span class='ocr_line' id='line_1_104' title="bbox 471 5458 1972 5532; baseline 0.003 -20"><span class='ocrx_word' id='word_1_928' title='bbox 471 5459 724 5532; x_wconf 12' lang='lat' dir='ltr'><strong><em>(7)7»Reg.</em></strong></span> <span class='ocrx_word' id='word_1_929' title='bbox 749 5458 1067 5532; x_wconf 73' lang='lat' dir='ltr'><strong><em>seguerian.</em></strong></span> <span class='ocrx_word' id='word_1_930' title='bbox 1100 5458 1265 5532; x_wconf 63' lang='lat' dir='ltr'><strong><em>Basil.</em></strong></span> <span class='ocrx_word' id='word_1_931' title='bbox 1293 5458 1658 5532; x_wconf 20' lang='lat' dir='ltr'><strong><em>etAAngli‘can.</em></strong></span> <span class='ocrx_word' id='word_1_932' title='bbox 1689 5458 1972 5532; x_wconf 37' lang='lat'><em>1:066:06.</em></span> 
     </span>
    </p>
   </div>
   <div class='ocr_carea' id='block_1_104' title="bbox 397 5526 1978 5604">
    <p class='ocr_par' dir='ltr' id='par_1_104' title="bbox 397 5526 1978 5604">
     <span class='ocr_line' id='line_1_105' title="bbox 397 5526 1978 5604; baseline -0.002 -17"><span class='ocrx_word' id='word_1_933' title='bbox 397 5526 459 5587; x_wconf 88' lang='lat' dir='ltr'><strong><em>In</em></strong></span> <span class='ocrx_word' id='word_1_934' title='bbox 475 5526 491 5604; x_wconf 60' lang='grc' dir='ltr'><em>ξ</em></span> <span class='ocrx_word' id='word_1_935' title='bbox 509 5530 633 5604; x_wconf 82' lang='lat' dir='ltr'><strong><em>aliis</em></strong></span> <span class='ocrx_word' id='word_1_936' title='bbox 660 5526 715 5585; x_wconf 74' lang='lat' dir='ltr'><strong><em>et</em></strong></span> <span class='ocrx_word' id='word_1_937' title='bbox 741 5526 900 5585; x_wconf 75' lang='lat' dir='ltr'><strong><em>editis</em></strong></span> <span class='ocrx_word' id='word_1_938' title='bbox 945 5531 1098 5586; x_wconf 86' lang='lat' dir='ltr'><strong><em>deest</em></strong></span> <span class='ocrx_word' id='word_1_939' title='bbox 1141 5527 1255 5582; x_wconf 82' lang='grc' dir='ltr'><em>τοῦ.</em></span> <span class='ocrx_word' id='word_1_940' title='bbox 1289 5526 1495 5585; x_wconf 80' lang='lat' dir='ltr'><strong><em>Ibidem</em></strong></span> <span class='ocrx_word' id='word_1_941' title='bbox 1523 5528 1748 5600; x_wconf 76' lang='lat' dir='ltr'><strong><em>Regius,</em></strong></span> <span class='ocrx_word' id='word_1_942' title='bbox 1775 5530 1839 5584; x_wconf 82' lang='lat' dir='ltr'><strong><em>Et</em></strong></span> <span class='ocrx_word' id='word_1_943' title='bbox 1865 5531 1978 5604; x_wconf 84' lang='grc' dir='ltr'>γὰρ</span> 
     </span>
    </p>
   </div>
   <div class='ocr_carea' id='block_1_105' title="bbox 399 5601 1977 5793">
    <p class='ocr_par' dir='ltr' id='par_1_105' title="bbox 399 5601 1977 5793">
     <span class='ocr_line' id='line_1_106' title="bbox 399 5601 1977 5793; baseline -0.004 0"><span class='ocrx_word' id='word_1_944' title='bbox 399 5601 1520 5793; x_wconf 51' lang='grc' dir='ltr'><strong><em>ῗῖἓῗοξξξςιξίξξ·τιξθεε¹ξαξξ¹διδέδεξο·</em></strong></span> <span class='ocrx_word' id='word_1_945' title='bbox 1552 5673 1623 5727; x_wconf 59' lang='grc' dir='ltr'><em>λι</em></span> <span class='ocrx_word' id='word_1_946' title='bbox 1656 5670 1747 5726; x_wconf 60' lang='grc' dir='ltr'><strong><em>διίί</em></strong></span> <span class='ocrx_word' id='word_1_947' title='bbox 1781 5679 1835 5727; x_wconf 74' lang='grc' dir='ltr'><strong><em>ει</em></strong></span> <span class='ocrx_word' id='word_1_948' title='bbox 1857 5671 1977 5728; x_wconf 67' lang='grc' dir='ltr'><strong><em>θαί-</em></strong></span> 
     </span>
    </p>
   </div>
   <div class='ocr_carea' id='block_1_106' title="bbox 400 5740 1484 5812">
    <p class='ocr_par' dir='ltr' id='par_1_106' title="bbox 400 5740 1484 5812">
     <span class='ocr_line' id='line_1_107' title="bbox 400 5740 1484 5812; baseline -0.005 -12"><span class='ocrx_word' id='word_1_949' title='bbox 400 5742 464 5812; x_wconf 78' lang='lat' dir='ltr'><strong><em>ti,</em></strong></span> <span class='ocrx_word' id='word_1_950' title='bbox 486 5740 809 5797; x_wconf 67' lang='grc' dir='ltr'><em>ἀποδέδωκε</em></span> <span class='ocrx_word' id='word_1_951' title='bbox 838 5740 917 5811; x_wconf 82' lang='grc' dir='ltr'><em>τῷ</em></span> <span class='ocrx_word' id='word_1_952' title='bbox 949 5740 1068 5811; x_wconf 81' lang='grc' dir='ltr'><em>Θεῷ</em></span> <span class='ocrx_word' id='word_1_953' title='bbox 1096 5740 1215 5811; x_wconf 73' lang='grc' dir='ltr'><em>ἦτοι</em></span> <span class='ocrx_word' id='word_1_954' title='bbox 1243 5740 1321 5811; x_wconf 85' lang='grc' dir='ltr'><em>τῷ</em></span> <span class='ocrx_word' id='word_1_955' title='bbox 1352 5740 1484 5811; x_wconf 78' lang='grc' dir='ltr'><strong><em>Υἱῴ.</em></strong></span> 
     </span>
    </p>
   </div>
   <div class='ocr_carea' id='block_1_107' title="bbox 1630 4848 2321 4925">
    <p class='ocr_par' dir='ltr' id='par_1_107' title="bbox 1630 4848 2321 4925">
     <span class='ocr_line' id='line_1_108' title="bbox 1630 4848 2321 4925; baseline 0.013 -21"><span class='ocrx_word' id='word_1_956' title='bbox 1630 4912 1635 4921; x_wconf 48' lang='grc'>,</span> <span class='ocrx_word' id='word_1_957' title='bbox 1691 4848 1738 4881; x_wconf 76' lang='grc'><strong>⁸⁸</strong></span> <span class='ocrx_word' id='word_1_958' title='bbox 1773 4849 1933 4907; x_wconf 87' lang='lat' dir='ltr'><strong><em>Joan.</em></strong></span> <span class='ocrx_word' id='word_1_959' title='bbox 1976 4870 2091 4921; x_wconf 73' lang='lat' dir='ltr'><strong><em>xiv,</em></strong></span> <span class='ocrx_word' id='word_1_960' title='bbox 2135 4856 2192 4925; x_wconf 88' lang='lat'><strong><em>9,</em></strong></span> <span class='ocrx_word' id='word_1_961' title='bbox 2232 4856 2321 4913; x_wconf 85' lang='grc'><strong><em>10.</em></strong></span> 
     </span>
    </p>
   </div>
   <div class='ocr_carea' id='block_1_108' title="bbox 2087 4549 3677 4626">
    <p class='ocr_par' dir='ltr' id='par_1_108' title="bbox 2087 4549 3677 4626">
     <span class='ocr_line' id='line_1_109' title="bbox 2087 4549 3677 4626; baseline 0.004 -22"><span class='ocrx_word' id='word_1_962' title='bbox 2087 4549 2164 4623; x_wconf 79' lang='grc' dir='ltr'><em>μὴ</em></span> <span class='ocrx_word' id='word_1_963' title='bbox 2192 4549 2501 4620; x_wconf 78' lang='grc' dir='ltr'><strong><em>φυλάξαντα</em></strong></span> <span class='ocrx_word' id='word_1_964' title='bbox 2527 4551 2627 4625; x_wconf 85' lang='grc' dir='ltr'><strong><em>τὴν</em></strong></span> <span class='ocrx_word' id='word_1_965' title='bbox 2656 4551 2895 4625; x_wconf 71' lang='grc' dir='ltr'><strong><em>ἐντολήν.</em></strong></span> <span class='ocrx_word' id='word_1_966' title='bbox 2927 4553 2991 4607; x_wconf 82' lang='lat' dir='ltr'><strong><em>Et</em></strong></span> <span class='ocrx_word' id='word_1_967' title='bbox 3022 4554 3132 4626; x_wconf 86' lang='grc' dir='ltr'><strong><em>γάρ</em></strong></span> <span class='ocrx_word' id='word_1_968' title='bbox 3165 4571 3319 4626; x_wconf 81' lang='grc' dir='ltr'><em>φησι,</em></span> <span class='ocrx_word' id='word_1_969' title='bbox 3345 4554 3434 4626; x_wconf 85' lang='grc' dir='ltr'><em>μὴ</em></span> <span class='ocrx_word' id='word_1_970' title='bbox 3456 4551 3677 4626; x_wconf 79' lang='grc' dir='ltr'><em>ἦλθον,</em></span> 
     </span>
    </p>
   </div>
   <div class='ocr_carea' id='block_1_109' title="bbox 2083 4642 3681 4717">
    <p class='ocr_par' dir='ltr' id='par_1_109' title="bbox 2083 4642 3681 4717">
     <span class='ocr_line' id='line_1_110' title="bbox 2083 4642 3681 4717; baseline 0.004 -21"><span class='ocrx_word' id='word_1_971' title='bbox 2083 4643 2185 4697; x_wconf 74' lang='grc' dir='ltr'><strong><em>καὶ</em></strong></span> <span class='ocrx_word' id='word_1_972' title='bbox 2213 4642 2490 4712; x_wconf 80' lang='grc' dir='ltr'><em>ἐλάλησα</em></span> <span class='ocrx_word' id='word_1_973' title='bbox 2515 4644 2741 4713; x_wconf 83' lang='grc' dir='ltr'><em>αὐτοῖς,</em></span> <span class='ocrx_word' id='word_1_974' title='bbox 2773 4646 3067 4715; x_wconf 76' lang='grc' dir='ltr'><em>ἁμαρτίαν</em></span> <span class='ocrx_word' id='word_1_975' title='bbox 3088 4647 3203 4701; x_wconf 84' lang='grc' dir='ltr'><strong><em>οὐκ</em></strong></span> <span class='ocrx_word' id='word_1_976' title='bbox 3227 4642 3397 4717; x_wconf 81' lang='grc' dir='ltr'><em>εἶχον</em></span> <span class='ocrx_word' id='word_1_977' title='bbox 3413 4663 3428 4679; x_wconf 80' lang='grc'><em>’</em></span> <span class='ocrx_word' id='word_1_978' title='bbox 3448 4647 3569 4702; x_wconf 80' lang='grc' dir='ltr'><strong><em>νῦν</em></strong></span> <span class='ocrx_word' id='word_1_979' title='bbox 3600 4647 3681 4703; x_wconf 76' lang='grc' dir='ltr'><strong><em>δὲ</em></strong></span> 
     </span>
    </p>
   </div>
   <div class='ocr_carea' id='block_1_110' title="bbox 2084 4736 3678 4812">
    <p class='ocr_par' dir='ltr' id='par_1_110' title="bbox 2084 4736 3678 4812">
     <span class='ocr_line' id='line_1_111' title="bbox 2084 4736 3678 4812; baseline 0.005 -23"><span class='ocrx_word' id='word_1_980' title='bbox 2084 4736 2396 4807; x_wconf 76' lang='grc' dir='ltr'><em>πρόφασιν</em></span> <span class='ocrx_word' id='word_1_981' title='bbox 2421 4737 2535 4807; x_wconf 79' lang='grc' dir='ltr'><strong><em>οὐχ</em></strong></span> <span class='ocrx_word' id='word_1_982' title='bbox 2564 4736 2848 4803; x_wconf 79' lang='grc' dir='ltr'><em>ἕξουσιν,</em></span> <span class='ocrx_word' id='word_1_983' title='bbox 2880 4740 3013 4810; x_wconf 78' lang='grc' dir='ltr'><strong><em>φησὶ</em></strong></span> <span class='ocrx_word' id='word_1_984' title='bbox 3037 4777 3053 4806; x_wconf 92' lang='grc'><strong><em>,</em></strong></span> <span class='ocrx_word' id='word_1_985' title='bbox 3084 4738 3384 4812; x_wconf 80' lang='grc' dir='ltr'><em>ἀκηκοότες</em></span> <span class='ocrx_word' id='word_1_986' title='bbox 3428 4757 3528 4812; x_wconf 83' lang='grc' dir='ltr'><em>μου</em></span> <span class='ocrx_word' id='word_1_987' title='bbox 3560 4738 3678 4797; x_wconf 73' lang='grc' dir='ltr'>τῶν</span> 
     </span>
    </p>
   </div>
   <div class='ocr_carea' id='block_1_111' title="bbox 2463 4855 3667 4927">
    <p class='ocr_par' dir='ltr' id='par_1_111' title="bbox 2463 4855 3667 4927">
     <span class='ocr_line' id='line_1_112' title="bbox 2463 4855 3667 4927; baseline 0.001 -14"><span class='ocrx_word' id='word_1_988' title='bbox 2463 4856 2509 4889; x_wconf 81' lang='grc'><strong><em>⁸⁸</em></strong></span> <span class='ocrx_word' id='word_1_989' title='bbox 2547 4855 2707 4913; x_wconf 79' lang='lat' dir='ltr'><strong><em>Joan.</em></strong></span> <span class='ocrx_word' id='word_1_990' title='bbox 2743 4872 2844 4923; x_wconf 81' lang='lat' dir='ltr'><strong><em>xu,</em></strong></span> <span class='ocrx_word' id='word_1_991' title='bbox 2878 4856 2970 4913; x_wconf 69' lang='grc'><strong><em>45.</em></strong></span> <span class='ocrx_word' id='word_1_992' title='bbox 3137 4856 3184 4889; x_wconf 78' lang='grc'><strong><em>⁸⁸</em></strong></span> <span class='ocrx_word' id='word_1_993' title='bbox 3218 4855 3410 4914; x_wconf 75' lang='lat' dir='ltr'><strong><em>Matth.</em></strong></span> <span class='ocrx_word' id='word_1_994' title='bbox 3456 4873 3513 4927; x_wconf 73' lang='grc' dir='ltr'><em>ι,</em></span> <span class='ocrx_word' id='word_1_995' title='bbox 3567 4855 3667 4914; x_wconf 73' lang='grc'><strong><em>40.</em></strong></span> 
     </span>
    </p>
   </div>
   <div class='ocr_carea' id='block_1_112' title="bbox 2157 5039 3680 5126">
    <p class='ocr_par' dir='ltr' id='par_1_112' title="bbox 2157 5039 3680 5126">
     <span class='ocr_line' id='line_1_113' title="bbox 2157 5039 3680 5126; baseline 0.001 -25"><span class='ocrx_word' id='word_1_996' title='bbox 2157 5044 2236 5126; x_wconf 76' lang='grc'>(9)</span> <span class='ocrx_word' id='word_1_997' title='bbox 2259 5042 2560 5126; x_wconf 49' lang='grc' dir='ltr'><strong><em>ΔῙὶθβίιιεριι</em></strong></span> <span class='ocrx_word' id='word_1_998' title='bbox 2582 5044 2974 5126; x_wconf 60' lang='grc' dir='ltr'><em>ὃςςυςτξξιιιρε,</em></span> <span class='ocrx_word' id='word_1_999' title='bbox 3008 5045 3068 5099; x_wconf 78' lang='grc' dir='ltr'>ἐν</span> <span class='ocrx_word' id='word_1_1000' title='bbox 3090 5041 3170 5115; x_wconf 83' lang='grc' dir='ltr'><em>τῷ</em></span> <span class='ocrx_word' id='word_1_1001' title='bbox 3192 5044 3325 5098; x_wconf 76' lang='grc' dir='ltr'><strong><em>αὐτὸ</em></strong></span> <span class='ocrx_word' id='word_1_1002' title='bbox 3360 5039 3522 5100; x_wconf 78' lang='grc' dir='ltr'><em>εἶναι.</em></span> <span class='ocrx_word' id='word_1_1003' title='bbox 3551 5042 3680 5102; x_wconf 82' lang='lat' dir='ltr'><strong><em>Cae-</em></strong></span> 
     </span>
    </p>
   </div>
   <div class='ocr_carea' id='block_1_113' title="bbox 2086 5109 3026 5186">
    <p class='ocr_par' dir='ltr' id='par_1_113' title="bbox 2086 5109 3026 5186">
     <span class='ocr_line' id='line_1_114' title="bbox 2086 5109 3026 5186; baseline 0 -17"><span class='ocrx_word' id='word_1_1004' title='bbox 2086 5109 2190 5186; x_wconf 69' lang='lat' dir='ltr'><strong><em>teri</em></strong></span> <span class='ocrx_word' id='word_1_1005' title='bbox 2216 5109 2275 5186; x_wconf 68' lang='lat' dir='ltr'><strong><em>et</em></strong></span> <span class='ocrx_word' id='word_1_1006' title='bbox 2298 5109 2452 5186; x_wconf 65' lang='lat' dir='ltr'><strong><em>editi,</em></strong></span> <span class='ocrx_word' id='word_1_1007' title='bbox 2487 5116 2547 5169; x_wconf 76' lang='grc' dir='ltr'>ὲν</span> <span class='ocrx_word' id='word_1_1008' title='bbox 2575 5109 2837 5186; x_wconf 51' lang='grc' dir='ltr'><strong><em>τῷᾟύτῷ</em></strong></span> <span class='ocrx_word' id='word_1_1009' title='bbox 2868 5109 3026 5186; x_wconf 63' lang='grc' dir='ltr'><em>εἶναι.</em></span> 
     </span>
    </p>
   </div>
   <div class='ocr_carea' id='block_1_114' title="bbox 2158 5183 3678 5259">
    <p class='ocr_par' dir='ltr' id='par_1_114' title="bbox 2158 5183 3678 5259">
     <span class='ocr_line' id='line_1_115' title="bbox 2158 5183 3678 5259; baseline 0.003 -20"><span class='ocrx_word' id='word_1_1010' title='bbox 2158 5184 2273 5259; x_wconf 69' lang='grc' dir='ltr'><strong><em>(ω)</em></strong></span> <span class='ocrx_word' id='word_1_1011' title='bbox 2312 5184 2416 5259; x_wconf 69' lang='lat' dir='ltr'><strong><em>Sic</em></strong></span> <span class='ocrx_word' id='word_1_1012' title='bbox 2436 5201 2573 5259; x_wconf 80' lang='lat' dir='ltr'><strong><em>mss.</em></strong></span> <span class='ocrx_word' id='word_1_1013' title='bbox 2607 5183 2663 5259; x_wconf 61' lang='lat' dir='ltr'><strong><em>et</em></strong></span> <span class='ocrx_word' id='word_1_1014' title='bbox 2700 5185 2875 5259; x_wconf 78' lang='lat' dir='ltr'><strong><em>editio</em></strong></span> <span class='ocrx_word' id='word_1_1015' title='bbox 2902 5183 3359 5242; x_wconf 83' lang='lat' dir='ltr'><strong><em>Commeliuiana.</em></strong></span> <span class='ocrx_word' id='word_1_1016' title='bbox 3387 5184 3461 5243; x_wconf 75' lang='lat' dir='ltr'><strong><em>At</em></strong></span> <span class='ocrx_word' id='word_1_1017' title='bbox 3495 5184 3678 5243; x_wconf 77' lang='lat' dir='ltr'><strong><em>editio</em></strong></span> 
     </span>
    </p>
   </div>
   <div class='ocr_carea' id='block_1_115' title="bbox 2087 5251 2885 5341">
    <p class='ocr_par' dir='ltr' id='par_1_115' title="bbox 2087 5251 2885 5341">
     <span class='ocr_line' id='line_1_116' title="bbox 2087 5251 2885 5341; baseline 0 0"><span class='ocrx_word' id='word_1_1018' title='bbox 2087 5251 2270 5341; x_wconf 56' lang='lat' dir='ltr'><strong><em>Paris;</em></strong></span> <span class='ocrx_word' id='word_1_1019' title='bbox 2295 5254 2572 5341; x_wconf 59' lang='lat'><strong><em>91.0210&quot;:</em></strong></span> <span class='ocrx_word' id='word_1_1020' title='bbox 2604 5255 2664 5310; x_wconf 72' lang='grc' dir='ltr'><em>εν</em></span> <span class='ocrx_word' id='word_1_1021' title='bbox 2695 5257 2885 5341; x_wconf 52' lang='lat' dir='ltr'><strong><em>iit“-</em></strong></span> 
     </span>
    </p>
   </div>
   <div class='ocr_carea' id='block_1_116' title="bbox 2160 5324 3679 5399">
    <p class='ocr_par' dir='ltr' id='par_1_116' title="bbox 2160 5324 3679 5399">
     <span class='ocr_line' id='line_1_117' title="bbox 2160 5324 3679 5399; baseline 0.002 -19"><span class='ocrx_word' id='word_1_1022' title='bbox 2160 5325 2275 5399; x_wconf 73' lang='grc'>(11)</span> <span class='ocrx_word' id='word_1_1023' title='bbox 2315 5325 2642 5399; x_wconf 74' lang='lat' dir='ltr'><strong><em>Sic_l&#39;le_gius</em></strong></span> <span class='ocrx_word' id='word_1_1024' title='bbox 2658 5336 2723 5399; x_wconf 61' lang='grc' dir='ltr'><strong><em>ει</em></strong></span> <span class='ocrx_word' id='word_1_1025' title='bbox 2750 5324 3138 5399; x_wconf 62' lang='lat' dir='ltr'><strong><em>Seguerianug.</em></strong></span> <span class='ocrx_word' id='word_1_1026' title='bbox 3175 5324 3235 5399; x_wconf 74' lang='lat' dir='ltr'><strong><em>In</em></strong></span> <span class='ocrx_word' id='word_1_1027' title='bbox 3268 5326 3403 5399; x_wconf 74' lang='lat' dir='ltr'><strong><em>aliis</em></strong></span> <span class='ocrx_word' id='word_1_1028' title='bbox 3420 5333 3478 5382; x_wconf 87' lang='lat' dir='ltr'><strong><em>et</em></strong></span> <span class='ocrx_word' id='word_1_1029' title='bbox 3496 5325 3679 5399; x_wconf 64' lang='lat' dir='ltr'><strong><em>editis</em></strong></span> 
     </span>
    </p>
   </div>
   <div class='ocr_carea' id='block_1_117' title="bbox 2086 5394 3673 5469">
    <p class='ocr_par' dir='ltr' id='par_1_117' title="bbox 2086 5394 3673 5469">
     <span class='ocr_line' id='line_1_118' title="bbox 2086 5394 3673 5469; baseline 0.002 -19"><span class='ocrx_word' id='word_1_1030' title='bbox 2086 5397 2183 5469; x_wconf 53' lang='lat' dir='ltr'><strong><em>{cui</em></strong></span> <span class='ocrx_word' id='word_1_1031' title='bbox 2199 5394 2383 5469; x_wconf 78' lang='lat' dir='ltr'><strong><em>deest.</em></strong></span> <span class='ocrx_word' id='word_1_1032' title='bbox 2412 5394 2627 5469; x_wconf 79' lang='lat' dir='ltr'><strong><em>Ibidem</em></strong></span> <span class='ocrx_word' id='word_1_1033' title='bbox 2658 5394 2794 5466; x_wconf 77' lang='lat' dir='ltr'><strong><em>Reg.</em></strong></span> <span class='ocrx_word' id='word_1_1034' title='bbox 2816 5394 3055 5469; x_wconf 12' lang='lat' dir='ltr'><strong><em>iSeguer.</em></strong></span> <span class='ocrx_word' id='word_1_1035' title='bbox 3085 5396 3253 5452; x_wconf 84' lang='lat' dir='ltr'><strong><em>Basil.</em></strong></span> <span class='ocrx_word' id='word_1_1036' title='bbox 3284 5395 3673 5469; x_wconf 34' lang='lat' dir='ltr'><strong><em>ethAnglican,</em></strong></span> 
     </span>
    </p>
   </div>
   <div class='ocr_carea' id='block_1_118' title="bbox 2084 5466 3673 5540">
    <p class='ocr_par' dir='ltr' id='par_1_118' title="bbox 2084 5466 3673 5540">
     <span class='ocr_line' id='line_1_119' title="bbox 2084 5466 3673 5540; baseline 0.003 -21"><span class='ocrx_word' id='word_1_1037' title='bbox 2084 5466 2223 5540; x_wconf 63' lang='grc' dir='ltr'><em>φησι</em></span> <span class='ocrx_word' id='word_1_1038' title='bbox 2255 5466 2387 5538; x_wconf 82' lang='grc' dir='ltr'>γοῦν</span> <span class='ocrx_word' id='word_1_1039' title='bbox 2407 5538 2415 5540; x_wconf 21' lang='grc' dir='ltr'><strong>Α</strong></span> <span class='ocrx_word' id='word_1_1040' title='bbox 2438 5467 2468 5520; x_wconf 86' lang='lat'><strong><em>6</em></strong></span> <span class='ocrx_word' id='word_1_1041' title='bbox 2511 5467 2674 5540; x_wconf 65' lang='grc' dir='ltr'>αῷτὺς</span> <span class='ocrx_word' id='word_1_1042' title='bbox 2698 5466 2984 5540; x_wconf 58' lang='lat' dir='ltr'><strong><em>ficosiqu</em></strong></span> <span class='ocrx_word' id='word_1_1043' title='bbox 3012 5481 3265 5540; x_wconf 88' lang='lat' dir='ltr'><strong><em>pro_quo</em></strong></span> <span class='ocrx_word' id='word_1_1044' title='bbox 3305 5467 3396 5522; x_wconf 86' lang='lat' dir='ltr'><strong><em>alii</em></strong></span> <span class='ocrx_word' id='word_1_1045' title='bbox 3422 5466 3490 5540; x_wconf 64' lang='lat' dir='ltr'><strong><em>etw</em></strong></span> <span class='ocrx_word' id='word_1_1046' title='bbox 3508 5467 3673 5540; x_wconf 68' lang='lat' dir='ltr'><strong><em>editi</em></strong></span> 
     </span>
    </p>
   </div>
   <div class='ocr_carea' id='block_1_119' title="bbox 2083 5535 3679 5610">
    <p class='ocr_par' dir='ltr' id='par_1_119' title="bbox 2083 5535 3679 5610">
     <span class='ocr_line' id='line_1_120' title="bbox 2083 5535 3679 5610; baseline 0.002 -19"><span class='ocrx_word' id='word_1_1047' title='bbox 2083 5535 2295 5610; x_wconf 77' lang='lat' dir='ltr'><strong><em>habent</em></strong></span> <span class='ocrx_word' id='word_1_1048' title='bbox 2334 5538 2430 5610; x_wconf 69' lang='grc' dir='ltr'>κα).</span> <span class='ocrx_word' id='word_1_1049' title='bbox 2474 5538 2656 5610; x_wconf 66' lang='grc' dir='ltr'><em>πάλιν.</em></span> <span class='ocrx_word' id='word_1_1050' title='bbox 2698 5535 3085 5610; x_wconf 64' lang='lat' dir='ltr'><strong><em>Ibidem&#39;post</em></strong></span> <span class='ocrx_word' id='word_1_1051' title='bbox 3119 5535 3371 5610; x_wconf 50' lang='grc' dir='ltr'><strong><em>ὲῴριιικει</em></strong></span> <span class='ocrx_word' id='word_1_1052' title='bbox 3391 5537 3522 5592; x_wconf 89' lang='lat' dir='ltr'><strong><em>editi</em></strong></span> <span class='ocrx_word' id='word_1_1053' title='bbox 3556 5536 3679 5610; x_wconf 5' lang='lat' dir='ltr'><strong><em>gad-</em></strong></span> 
     </span>
    </p>
   </div>
   <div class='ocr_carea' id='block_1_120' title="bbox 2083 5606 3674 5682">
    <p class='ocr_par' dir='ltr' id='par_1_120' title="bbox 2083 5606 3674 5682">
     <span class='ocr_line' id='line_1_121' title="bbox 2083 5606 3674 5682; baseline 0.001 -19"><span class='ocrx_word' id='word_1_1054' title='bbox 2083 5606 2342 5682; x_wconf 55' lang='lat' dir='ltr'><strong><em>duiil_ftb:J</em></strong></span> <span class='ocrx_word' id='word_1_1055' title='bbox 2368 5608 2607 5682; x_wconf 73' lang='grc' dir='ltr'><em>Πατέρα,</em></span> <span class='ocrx_word' id='word_1_1056' title='bbox 2639 5607 2786 5682; x_wconf 82' lang='lat' dir='ltr'><strong><em>quod</em></strong></span> <span class='ocrx_word' id='word_1_1057' title='bbox 2819 5606 2972 5682; x_wconf 65' lang='lat' dir='ltr'><strong><em>abest</em></strong></span> <span class='ocrx_word' id='word_1_1058' title='bbox 2995 5624 3027 5663; x_wconf 71' lang='grc' dir='ltr'><strong><em>ε</em></strong></span> <span class='ocrx_word' id='word_1_1059' title='bbox 3055 5606 3225 5680; x_wconf 72' lang='lat' dir='ltr'><strong><em>Regio</em></strong></span> <span class='ocrx_word' id='word_1_1060' title='bbox 3252 5617 3309 5665; x_wconf 87' lang='lat' dir='ltr'><strong><em>et</em></strong></span> <span class='ocrx_word' id='word_1_1061' title='bbox 3338 5606 3674 5681; x_wconf 65' lang='lat' dir='ltr'><strong><em>Segueriu.</em></strong></span> 
     </span>
    </p>
   </div>
   <div class='ocr_carea' id='block_1_121' title="bbox 2154 5677 3064 5751">
    <p class='ocr_par' dir='ltr' id='par_1_121' title="bbox 2154 5677 3064 5751">
     <span class='ocr_line' id='line_1_122' title="bbox 2154 5677 3064 5751; baseline -0.002 -18"><span class='ocrx_word' id='word_1_1062' title='bbox 2154 5678 2267 5751; x_wconf 71' lang='lat'><strong><em>(12)</em></strong></span> <span class='ocrx_word' id='word_1_1063' title='bbox 2304 5677 2471 5737; x_wconf 65' lang='lat' dir='ltr'><strong><em>Bai].</em></strong></span> <span class='ocrx_word' id='word_1_1064' title='bbox 2502 5677 2560 5736; x_wconf 76' lang='lat' dir='ltr'><strong><em>et</em></strong></span> <span class='ocrx_word' id='word_1_1065' title='bbox 2581 5677 2794 5751; x_wconf 72' lang='lat' dir='ltr'><strong><em>Anglic.</em></strong></span> <span class='ocrx_word' id='word_1_1066' title='bbox 2824 5678 3064 5745; x_wconf 83' lang='grc' dir='ltr'><strong><em>ἀκούεις.</em></strong></span> 
     </span>
    </p>
   </div>
  </div>
