3834 6220
443 333 552 391 ιθε

1054 333 1110 389 S.
1152 330 1527 388 ATHANASI]
1563 331 1718 390 OPP.
1756 329 1941 388 PARS
1976 331 2018 386 1.
2059 360 2130 414 -τ-
2165 330 2539 388 HISTORICA
2578 331 2666 387 ET
2701 331 3132 389 DOGMATICA.

3604 328 3710 386 696

445 457 634 527 quitur
683 461 742 509 ut
787 467 884 525 per
936 449 1136 508 Filium
1177 452 1352 507 factus
1406 448 1574 506 fuerit
1617 449 1875 506 mundus.
1927 447 2021 505 Sic

2141 450 2356 518 ;γένετο.
2406 449 2494 504 Ἐν
2536 449 2644 522 γὰρ
2675 452 2740 521 τῇ
2773 450 2914 522 ἀρχῇ
2959 449 3054 503 τοῦ
3085 446 3420 518 Εὑαγγελὶου
3453 446 3586 520 περὶ
3619 446 3692 500 to?

441 547 592 602 enim
621 545 962 616 evangelista
991 543 1150 598 initio
1181 540 1461 614 Evangelii
1489 542 1566 597 ita
1595 542 1662 597 de
1691 539 1902 600 Joanne
1923 539 2027 595 Ba-

443 637 610 710 ptista
644 635 890 706 loquitur
921 652 934 688 :
970 631 1096 687 Non
1137 642 1252 687 erat
1281 633 1372 687 ille
1399 631 1518 700 lux,
1557 630 1648 688 sed
1689 640 1746 685 ut
1789 633 2025 686 testimo-

442 729 596 784 nium
619 727 912 799 perhiberet
938 725 1003 780 de
1024 725 1226 780 lumine
1248 725 1316 779 ⁷³.
1351 722 1579 796 Nempe,
1609 733 1670 778 ut
1691 732 1850 778 antea
1879 722 2025 778 dixi-

445 835 604 886 mus,
653 817 771 888 ipse
819 816 1074 872 Christus
1124 816 1218 871 tua:
1264 832 1390 870 vera
1439 823 1546 882 est,
1596 829 1714 885 qua
1754 814 2028 869 illuminat

443 925 648 965 omnem
677 907 938 962 hominem
958 906 1244 962 uenientem
1274 906 1328 959 in
1355 905 1605 959 mundum
1622 903 1690 958 ⁷⁵.
1713 901 1959 974 Namque
1979 902 2027 959 si

445 999 504 1056 in
533 999 738 1055 mundo
767 998 885 1068 ipse
906 1004 1044 1062 erat,
1072 1005 1128 1052 et
1159 996 1396 1052 mundus
1421 1011 1518 1067 per
1540 1011 1667 1052 eum
1694 993 1870 1050 factus
1899 1001 1985 1049 est
2009 1010 2024 1048 :

443 1107 673 1150 necesse
699 1092 866 1163 igitur
889 1099 973 1145 est
994 1089 1174 1162 ipsum
1199 1088 1298 1144 Dei
1321 1087 1560 1144 Verbum
1589 1101 1732 1155 esse,
1760 1101 1857 1157 per
1881 1083 2029 1156 quod

441 1185 630 1240 omnia
664 1183 808 1240 facta
861 1181 1033 1238 fuisse
1064 1181 1209 1237 idem
1264 1188 1518 1235 testatur.
1568 1177 1668 1234 Vel
1715 1177 1860 1234 enim
1885 1177 2028 1232 duos

442 1275 682 1332 mundos
710 1274 1002 1329 admittere
1037 1281 1323 1342 cogentur,
1357 1278 1418 1324 ut
1465 1284 1610 1324 unus
1662 1282 1759 1339 per
1803 1264 2024 1332 Filium,

442 1377 499 1423 et
527 1368 667 1442 alius
696 1381 794 1438 per
845 1364 1086 1419 Verbum
1127 1362 1304 1418 factus
1359 1355 1474 1418 sit:
1525 1361 1611 1416 vel
1663 1359 1710 1415 si
1745 1373 1891 1415 unus
1942 1363 2028 1414 est

444 1459 708 1526 mundus,
755 1465 806 1512 et
843 1471 952 1510 una
988 1463 1174 1510 creata
1211 1464 1430 1520 natura,
1480 1451 1728 1522 sequitur
1766 1457 1822 1505 et
1855 1461 2025 1503 unum

443 1561 500 1608 et
524 1552 775 1607 eumdem
803 1547 1004 1604 Filium
1037 1562 1102 1602 ac
1123 1545 1364 1601 Verbum
1395 1552 1523 1602 ante
1546 1557 1764 1598 omnem
1787 1549 2025 1596 creatam

445 1653 700 1699 naturam
735 1640 1032 1704 exstitisse,
1087 1639 1288 1708 quippe
1333 1652 1456 1707 qua:
1502 1651 1600 1707 per
1653 1635 1831 1704 ipsum
1883 1631 2025 1687 facta

447 1736 632 1793 fuerit.
651 1735 943 1802 Quocirca,
987 1733 1034 1788 si
1065 1729 1526 1803 quemadmodum
1555 1742 1650 1798 per
1665 1725 1929 1790 Verbum,
1952 1725 2024 1779 ita

444 1839 502 1886 et
533 1844 627 1899 per
662 1799 860 1882 Pilium
889 1799 1101 1880 omnia'
1122 1825 1262 1878 facta
1308 1829 1458 1888 sunt,
1517 1820 1656 1875 nihil
1683 1818 2020 1876 contrarium
2054 1799 2097 1854 Β

442 1937 567 1978 esse
597 1919 902 1991 apparebit,
937 1917 1030 1974 sed
1051 1917 1237 1987 potius
1263 1915 1406 1971 idem
1438 1913 1662 1968 omnino
1697 1913 1800 1971 erit
1818 1913 2018 1979 dicere,

445 2014 516 2070 In
559 2013 820 2084 principio
865 2019 982 2066 erat
1048 2007 1313 2076 Verbum,
1369 2014 1444 2072 et,
1491 2003 1552 2061 In
1584 2004 1854 2076 principio
1905 2012 2024 2060 erat

442 2104 640 2160 Filius.
698 2102 804 2158 Sed
837 2101 906 2167 si,
954 2116 1022 2157 eo
1074 2098 1223 2172 quod
1272 2113 1383 2154 non
1434 2097 1634 2153 dixerit
1667 2095 1932 2161 Joannes,
1962 2092 2020 2149 In

441 2195 716 2269 principio
752 2202 872 2250 erat
917 2191 1114 2261 Filius,
1164 2197 1369 2263 negant
1400 2188 1542 2245 Filio
1571 2188 1866 2245 convenire
1901 2199 2025 2257 qum

444 2288 610 2346 Verbi
635 2286 857 2361 propria
881 2291 1012 2342 sunt
1036 2326 1052 2352 ,
1081 2281 1335 2340 similiter
1355 2280 1522 2352 igitur
1545 2277 1727 2336 Verbo
1751 2292 1862 2334 non
1886 2291 2023 2332 con-

445 2383 678 2438 veniunt
701 2394 826 2450 qua:
842 2376 1066 2449 propria
1089 2373 1374 2432 suntFilii.
1401 2371 1569 2446 Atqui
1593 2371 2025 2430 demonstratum

445 2481 534 2530 est
576 2470 646 2528 ad
686 2469 887 2525 Filium
942 2469 1060 2524 haec
1105 2466 1378 2537 pertinere
1409 2464 1599 2532 verba,
1639 2465 1752 2533 Ego
1781 2470 1832 2516 et
1858 2461 2027 2516 Pater

445 2580 614 2620 unum
643 2577 826 2618 sumus
850 2559 920 2625 ⁷⁸,
949 2559 1243 2630 ipsumque
1270 2570 1414 2622 esse,
1443 2555 1536 2626 qui
1560 2562 1638 2610 est
1659 2553 1715 2608 in
1750 2554 1872 2608 sinu
1915 2549 2028 2606 Pa-

447 2658 548 2713 tris
571 2656 658 2724 ";
689 2655 791 2710 has
821 2651 1078 2709 similiter
1108 2663 1268 2705 voces
1292 2648 1414 2719 ejus
1454 2661 1598 2711 esse,
1629 2645 1722 2716 qui
1752 2644 1890 2700 videt
1921 2661 2023 2711 me,

445 2749 714 2804 eideteum
731 2739 820 2809 qui
830 2743 974 2797 misit
997 2757 1079 2796 me
1090 2741 1135 2772 ⁷⁷
1154 2737 1354 2795 :Verbo
1367 2739 1497 2794 item
1513 2746 1568 2794 et
1579 2735 1720 2791 Filio
1736 2749 2028 2791 commune

445 2853 574 2895 esse
587 2837 733 2908 quod
749 2834 972 2903 dicitur,
988 2831 1258 2888 mundum
1274 2845 1469 2900 nempe
1489 2843 1580 2900 per
1599 2829 1780 2899 ipsum
1818 2825 2027 2882 factum

445 2941 610 2984 esse:
643 2940 712 2981 ex
739 2924 941 2997 quibus
976 2923 1200 2979 evidens
1234 2921 1307 2978 sit
1342 2917 1546 2975 Filium
1593 2927 1720 2975 ante
1759 2918 2027 2974 mundum

445 3018 746 3083 exstitisse,
777 3015 1051 3088 siquidem
1078 3029 1304 3072 necesse
1331 3018 1416 3069 est
1433 3011 1684 3083 opiﬁcem
1707 3019 1834 3067 ante
1861 3025 2027 3081 opera

445 3124 590 3166 esse.
615 3107 822 3163 Deinde
849 3121 919 3164 ex
956 3105 1181 3162 illorum
1213 3103 1484 3160 sententia
1519 3101 1768 3172 sequitur
1801 3101 1856 3156 id
1880 3098 2026 3171 quod

446 3201 518 3258 ad
553 3200 866 3272 Philippum
909 3197 1120 3254 dictum
1148 3206 1252 3266 est,
1287 3209 1400 3251 non
1432 3193 1502 3250 ad
1530 3192 1793 3260 Verbum,
1826 3192 1923 3247 sed
1956 3191 2026 3247 ad

444 3293 647 3350 Filium
673 3293 968 3366 pertinere.
993 3289 1154 3358 Nam,
1196 3299 1259 3347 ut
1289 3297 1479 3346 narrat
1509 3287 1862 3360 evangelista,
1890 3285 2029 3342 dixit

446 3387 647 3445 Jesus:
683 3384 854 3442 Tanto
880 3397 1108 3456 tempore
1133 3384 1400 3440 uobiscum
1429 3399 1570 3448 sum,
1613 3398 1706 3437 nec
1734 3381 2025 3452 cognovisti

447 3494 552 3546 me,
580 3476 825 3547 Philippe
844 3477 871 3530 .9
893 3474 1002 3541 Qui
1035 3473 1168 3530 uidit
1194 3490 1296 3542 me,
1341 3472 1470 3527 vidit
1497 3469 1740 3527 Patrem.
1785 3469 1858 3526 Et
1895 3487 2028 3542 quo-

447 3565 604 3622 modo
645 3574 703 3621 tu
741 3567 902 3634 dicis,
933 3563 1162 3620 Ostende
1187 3563 1337 3618 nobis
1371 3560 1632 3616 Patrem?
1671 3559 1798 3616 Non
1834 3561 2026 3629 credis,

445 3659 576 3731 quia
593 3675 687 3731 ego
715 3659 774 3714 in
799 3656 966 3713 Patre
1010 3667 1062 3712 et
1094 3655 1256 3712 Pater
1295 3656 1356 3710 in
1396 3670 1478 3710 me
1503 3655 1631 3709 est?
1682 3651 1874 3720 Verba,
1909 3668 2029 3724 qua:

445 3769 544 3826 ego
574 3753 766 3824 loquor
788 3751 958 3818 vobis,
982 3767 1017 3804 a
1037 3766 1119 3805 me
1145 3750 1259 3820 ipso
1279 3765 1386 3803 non
1413 3747 1602 3820 loquor
1620 3763 1639 3802 :
1661 3746 1826 3802 Pater
1849 3755 2027 3801 autem

445 3845 541 3916 qui
567 3843 625 3898 in
649 3858 731 3898 me
756 3849 956 3906 manet,
983 3838 1141 3912 501
1166 3839 1278 3910 ipse
1302 3837 1435 3908 facit
1465 3852 1645 3907 opera.
1667 3833 1878 3890 Credite
1899 3834 2029 3889 mihi

445 3935 588 4008 quod
631 3949 727 4006 ego
753 3933 810 3987 in
845 3929 1014 3985 Patre
1051 3944 1192 3993 sum,
1237 3935 1290 3983 et
1333 3926 1500 3982 Pater
1540 3927 1598 3980 in
1637 3941 1738 3980 me.
1771 3923 2026 3994 Alioquin

446 4034 662 4098 propter
695 4039 856 4094 opera
901 4022 1020 4090 ipsa
1062 4018 1258 4074 credite
1287 4018 1439 4072 mihi.
1489 4016 1678 4084 Amen,
1722 4030 1876 4070 amen
1907 4013 2026 4066 dico

447 4117 616 4185 uobis,
643 4115 736 4187 qui
765 4113 934 4170 credit
967 4113 1024 4168 in
1051 4126 1154 4179 me,
1198 4125 1357 4181 opera
1382 4125 1500 4180 qua:
1527 4125 1620 4178 ego
1660 4106 1801 4177 facio
1829 4114 1881 4161 et
1917 4106 2027 4176 ipse

449 4210 634 4282 faciet,
657 4217 707 4263 et
730 4206 940 4276 majora
958 4205 1040 4259 his
1065 4203 1245 4274 faciet,
1273 4202 1400 4273 quia
1429 4217 1519 4272 ego
1541 4199 1608 4254 ad
1632 4199 1848 4254 Patrem
1870 4199 2022 4252 vado.

448 4301 522 4357 Et
549 4301 893 4373 quodcunque
920 4295 1184 4368 petieritis
1209 4295 1267 4348 in
1289 4295 1500 4349 nomine
1522 4309 1657 4357 meo,
1680 4292 1778 4346 hac
1804 4293 2023 4361 faciam,

448 4403 508 4447 ut
537 4392 864 4464 gloriﬁcetur
889 4387 1055 4443 Pater
1085 4388 1142 4440 in
1191 4384 1332 4440 Filio
1352 4384 1420 4441 ⁷⁸.
1453 4384 1641 4456 Itaque
1682 4384 1730 4440 si
1775 4381 1938 4438 Pater
1968 4384 2026 4438 in

2127 543 2429 596 Βαπτιστοῦ
2451 542 2624 611 λέγων
2652 542 2898 596 Ἰωάννου
2915 541 3028 613 (24)
3044 543 3072 594 6
3092 539 3494 611 Εὑαγγελιστής
3515 557 3683 610 φησιν
3701 556 3714 569 ·

2130 637 2251 690 Οὐκ
2275 631 2356 706 ἧν
2381 635 2612 702 ἐκεῖνος
2637 634 2700 688 τὸ
2724 633 2871 704 φῶς,
2901 633 3037 689 ἀλλ’
3063 635 3164 687 ἵνα
3187 632 3546 703 μαρτυρήσῃ
3577 627 3716 698 περὶ

2125 727 2235 783 τοῦ
2263 729 2475 799 φωτός.
2509 724 2618 781 Ἦν
2640 728 2750 801 γὰρ
2771 767 2786 792 ,
2811 727 2888 793 ὡς
2911 728 3236 800 προέφημεν
3255 766 3271 792 ,
3297 726 3366 780 τὸ
3391 724 3519 795 φῶς
3548 723 3719 786 αὐτὸς

2124 824 2154 876 6
2178 823 2410 894 Χριστὸς
2436 821 2504 876 τὸ
2537 821 2848 890 ἀληθινὸν,
2883 820 2950 876 τὸ
2975 819 3227 891 φωτίζον
3255 818 3451 872 πάντα
3488 817 3720 885 ἄνθρω-

2127 928 2246 968 πον
2266 913 2374 967 τὸν
2394 913 2721 983 ἐρχόμενον
2744 915 2832 979 εὶς
2873 912 2982 966 τὸν
3006 913 3240 980 κόσμον
3270 909 3405 980 (25).
3430 910 3495 964 Ei
3518 907 3633 980 γὰρ
3660 908 3723 960 ὲν

2126 1004 2204 1076 τῷ
2224 1004 2414 1076 κόσμῳ
2436 999 2526 1077 ἦν,
2561 1004 2655 1058 καὶ
2675 1006 2704 1058 6
2729 1003 2932 1074 κόσμος
2953 1003 3020 1056 δι’
3043 1001 3206 1055 αὐτοῦ
3228 1001 3444 1070 ἐγένετο
3459 1040 3474 1064 ,
3498 999 3721 1069 ἀνάγκη

2125 1093 2220 1148 οὖν
2250 1093 2412 1148 αὑτὸν
2443 1089 2580 1148 εἶναι
2607 1094 2698 1148 τὸν
2723 1094 2895 1162 Λόγον
2919 1091 3012 1148 τοῦ
3035 1091 3191 1158 Θεοῦ,
3226 1092 3355 1165 περὶ
3373 1082 3434 1144 οὗ
3458 1089 3555 1144 καὶ
3576 1090 3723 1144 πάν-

2125 1204 2194 1240 τα
2217 1186 2284 1240 δι’
2308 1185 2472 1240 αὑτοῦ
2499 1185 2826 1257 γεγενῆσθαι
2853 1184 3073 1256 ἔφησεν.
3107 1183 3176 1238 Ἦ
3207 1182 3317 1254 γὰρ
3349 1182 3445 1236 δύο
3475 1182 3726 1252 κόσμους

2127 1276 2633 1348 ἀναγκασθήσονται
2661 1276 2840 1345 λέγειν
2859 1316 2874 1341 ,
2907 1276 2974 1329 ἵν’
3000 1277 3028 1329 6
3059 1275 3158 1346 μὲν
3190 1273 3260 1327 δι’
3283 1273 3413 1328 Υἱοῦ
3431 1312 3446 1337 ,
3479 1274 3510 1326 6
3539 1273 3600 1326 δὲ
3634 1271 3728 1326 διὰ

2125 1370 2220 1425 τοῦ
2248 1370 2422 1438 Λόγου
2449 1367 2536 1440 εἴη
2558 1366 2797 1438 γεγονὼς
2816 1385 2829 1397 ο
2873 1367 2906 1439 ἢ
2928 1409 2942 1433 ,
2972 1368 3020 1419 εἰ
3045 1360 3125 1430 εἷς
3153 1367 3300 1419 ἐστιν
3325 1367 3354 1418 6
3378 1363 3586 1435 κόσμος
3620 1364 3726 1418 καὶ

2130 1463 2228 1533 μία
2260 1463 2294 1532 ἡ
2325 1461 2501 1524 κτίσις
2521 1501 2536 1524 ,
2569 1459 2860 1513 ἀκόλουθον
2887 1459 2982 1512 καὶ
3010 1458 3121 1529 (26)
3145 1458 3259 1511 ’ἕνα
3287 1457 3383 1510 καὶ
3425 1457 3516 1510 τὸν
3546 1456 3723 1510 αὐτὸν

2127 1554 2256 1608 Υἱὸν
2301 1554 2398 1606 καὶ
2430 1553 2601 1620 Λόγον
2637 1551 2744 1622 πρὸ
2783 1554 2964 1623 πάσης
3011 1551 3270 1614 κτίσεως·
3315 1549 3382 1602 δι’
3411 1549 3576 1604 αὑτοῦ
3608 1549 3723 1619 γὰρ

2125 1645 2366 1714 γέγονεν.
2398 1642 2608 1697 Οὐκοῦν
2635 1644 2683 1696 εξ
2711 1642 2787 1706 ὡς
2819 1641 2932 1712 (27)
2957 1641 3046 1696 διὰ
3089 1641 3182 1695 τοῦ
3213 1641 3411 1711 Λόγου,
3438 1640 3585 1694 οὕτω
3623 1640 3724 1692 καὶ

2125 1737 2213 1791 διὰ
2239 1734 2367 1790 Υἱοῦ
2388 1733 2457 1788 τὰ
2481 1735 2657 1788 πάντα
2682 1733 2922 1802 γέγονεν,
2943 1731 3096 1785 οὐδὲν
3116 1731 3355 1786 ἐναντίον
3379 1731 3713 1801 φανήσεται,

2126 1829 2262 1885 ἀλλά
2294 1829 2388 1883 καὶ
2415 1827 2608 1880 ταύτὸν
2640 1825 2726 1896 εἴη
2769 1825 2835 1880 ἂν
2875 1827 3080 1889 εἰπεῖν,
3112 1824 3223 1893 ὡς,
3265 1825 3361 1878 Ἐν
3385 1821 3547 1892 ἀρχῇ
3573 1818 3660 1892 ἦν
3686 1824 3724 1876 ό

2128 1925 2338 1993 Λόγος,
2368 1920 2454 1973 Ἐν
2469 1920 2611 1992 ἀρχῇ
2639 1914 2706 1990 ἦν
2729 1919 2758 1971 6
2789 1919 2936 1981 Υἱός.
2963 1917 3026 1970 El
3051 1917 3127 1982 δὲ,
3147 1918 3229 1971 ὅτι
3257 1915 3333 1988 μὴ
3361 1912 3514 1978 εἶπεν
3533 1915 3564 1968 6
3598 1915 3719 1968 Ἰω-

2129 2015 2325 2085 άννης,
2369 2014 2459 2067 Ἐν
2491 2014 2631 2084 ἀρχῇ
2665 2007 2734 2082 ἦν
2777 2011 2806 2063 6
2853 2010 2979 2073 Υἱὸς
3002 2048 3018 2074 ,
3053 2010 3153 2079 οὐχ
3183 2007 3446 2079 ἁρμόζειν
3475 2007 3719 2079 φήσουσι

2127 2107 2205 2178 τῷ
2233 2106 2346 2178 Υιῷ
2379 2105 2448 2160 τὰ
2476 2103 2572 2158 τοῦ
2601 2103 2774 2172 Λόγου
2794 2141 2809 2166 ,
2836 2101 2954 2174 ὥρα
2983 2100 3078 2154 καὶ
3105 2100 3174 2154 τὰ
3199 2099 3296 2154 τοῦ
3329 2098 3460 2153 Υἱοῦ
3499 2098 3577 2171 μὴ
3609 2100 3717 2170 ἁρ-

2132 2161 2330 2271 μὲξεικί
2346 2197 2424 2268 τῷ
2453 2196 2630 2265 Λόγῳ.
2659 2161 2765 2247 Ἰζοῦ
2795 2161 2856 2247 ei
2885 2161 3021 2245 Υἱοῦ
3061 2190 3272 2263 ἐδείχθη
3303 2190 3385 2256 τδ,
3434 2161 3588 2259 ἐὶτῶ
3615 2161 3722 2243 κὶιι
3795 2161 3809 2240 <

2130 2293 2165 2345 ὁ
2199 2288 2400 2357 Πατὴρ
2421 2288 2490 2342 ἐν
2511 2287 2716 2356 ἐσμεν,
2757 2285 2852 2338 καὶ
2873 2283 2934 2337 τὸ
2965 2283 3106 2352 (28),
3135 2285 3169 2337 ό
3197 2282 3284 2336 ὢν
3319 2281 3391 2336 ἐν
3419 2281 3546 2348 τοῖς
3569 2283 3720 2336 κόλ-

2131 2395 2266 2448 ποις
2291 2380 2398 2435 τοῦ
2430 2377 2658 2448 Πατρός
2677 2417 2692 2442 ,
2720 2376 2985 2447 ὑπάρχειν
3007 2373 3173 2428 αὐτόν
3191 2391 3206 2406 ο
3241 2373 3337 2426 καὶ
3364 2372 3424 2426 τὸ
3441 2413 3457 2436 ,
3491 2373 3549 2425 '0
3578 2375 3724 2426 θεω-

2122 2473 2252 2544 ρῶν
2291 2472 2417 2542 ἐμὲ,
2452 2469 2656 2539 θεωρεῖ
2672 2467 2781 2522 τὸν
2811 2465 3131 2538 πέμψαντά
3159 2482 3236 2536 με
3257 2481 3271 2495 ο
3309 2463 3485 2518 κοινὸν
3532 2463 3724 2534 μέντοι

2131 2565 2269 2636 πρός
2290 2581 2349 2617 τε
2375 2563 2465 2616 τὸν
2488 2562 2658 2630 Λόγον
2687 2561 2783 2615 καὶ
2811 2559 2902 2613 τὸν
2925 2558 3050 2612 Υἱὺν
3078 2557 3140 2610 τὸ
3161 2555 3260 2610 *τὸν
3289 2555 3492 2626 κόσμον
3516 2554 3587 2608 δι’
3616 2554 3722 2607 αὒ-

2132 2655 2224 2710 τοῠ
2267 2653 2626 2725 γεγενῆσθαιο
2681 2653 2756 2717 ὡς
2811 2653 2878 2704 ὲκ
2909 2649 3099 2703 τούτου
3137 2646 3446 2702 δείκνυσθαι
3479 2645 3590 2718 πρὸ
3624 2644 3724 2698 τοῦ

2132 2748 2338 2819 κόσμου
2366 2740 2506 2800 εἶναι
2532 2745 2622 2798 τὸν
2658 2743 2804 2798 Υἱόν.
2845 2741 3084 2812 Ἀνάγκη
3115 2739 3224 2812 γὰρ
3248 2738 3342 2793 τὸν
3378 2735 3726 2810 δημιουργὸν

2133 2838 2241 2912 πρὸ
2263 2838 2370 2892 τῶν
2398 2835 2695 2909 γινομένων
2723 2835 2838 2906 (29)
2869 2829 3030 2888 εἶναι.
3065 2833 3178 2886 Καὶ
3209 2831 3268 2884 τὸ
3291 2829 3430 2902 πρὸς
3450 2827 3726 2882 Φίλιππον

2133 2931 2191 2986 δὲ
2229 2931 2520 3003 λεγόμενον
2561 2929 2623 2983 οὐ
2657 2928 2749 2982 τοῦ
2780 2926 2956 2996 Λόγου
2987 2924 3110 2980 κατ’
3137 2924 3333 2986 αὐτοὺς
3362 2921 3429 2976 ἂν
3462 2920 3552 2991 εἴη
3580 2919 3726 2974 ἀλλὰ

2131 3024 2226 3078 τοῦ
2256 3023 2406 3078 Υἱοῦ.
2440 3020 2580 3078 Eine
2613 3020 2746 3093 γὰρ,
2775 3020 2961 3092 φησὶν,
2991 3020 3021 3073 6
3057 3016 3259 3090 Ἰησοῦς
3285 3015 3398 3086 (50)
3419 3031 3433 3046 ⁸
3492 3012 3724 3070 Τοσοῦ-

2133 3133 2241 3170 τσν
2263 3117 2484 3185 χρόνον
2506 3115 2635 3186 μεθ’
2661 3111 2830 3183 ὑμῶν
2854 3114 2972 3182 ειμι
2989 3150 3006 3176 ,
3054 3109 3154 3164 καὶ
3184 3109 3296 3163 οὐκ
3325 3104 3594 3177 ἔγνωκάς
3618 3121 3721 3174 με,

2131 3209 2422 3270 stillasse;
2449 3207 2512 3260 '0
2531 3204 2802 3275 ἑωρακὼς
2818 3201 2944 3274 ἐμὲ,
2964 3200 3184 3270 ἑόρακε
3205 3198 3314 3254 τὸν
3330 3195 3585 3266 Πατέρα.
3604 3195 3725 3251 Kal

2131 3300 2259 3367 πῶς
2286 3298 2369 3354 σὺ
2393 3297 2611 3370 λέγεις,
2651 3295 2859 3360 Δεῖξον
2885 3292 3030 3364 ἡμῖν
3059 3291 3167 3346 τὸν
3185 3291 3415 3364 Πατᾴρα
3446 3288 3602 3359 (3i);
3634 3290 3726 3343 οὐ

2131 3391 2466 3457 πιστεύεις,
2497 3388 2587 3443 ὅτι
2611 3389 2727 3460 ἐγὼ
2751 3388 2822 3442 ἐν
2844 3385 2926 3454 τῷ
2961 3383 3146 3453 Πατρὶ
3167 3423 3183 3447 ,
3218 3381 3317 3437 καὶ
3348 3385 3382 3437 ὁ
3407 3379 3616 3450 Πατὴρ
3649 3380 3725 3436 ἐν

2130 3482 2261 3552 ἐμοὶ
2280 3482 2444 3546 eam;
2474 3480 2551 3535 Τὰ
2568 3479 2829 3550 ῥήματα,
2851 3476 2891 3532 d
2911 3475 3026 3548 ἐγὼ
3045 3473 3215 3530 λαλῶ
3237 3472 3401 3544 ὑμῖν,
3423 3471 3525 3528 ἀπ’
3541 3472 3724 3543 ἐμαυ-

2131 3572 2331 3628 τοῦού
2367 3569 2566 3628 ,καλᾶν
2603 3574 2637 3627 ὁ
2666 3567 3008 3637 δὲ’Πατὴρ,
3039 3563 3726 3635 όένὲμοὶμένων,αῠ-

2131 3662 2234 3730 τὸς
2260 3661 2372 3733 (52)
2401 3660 2560 3715 ποιεῖ
2577 3660 2650 3715 τὰ
2674 3659 2838 3730 ἔργα.
2867 3653 3188 3712 Πιστεύετέ
3212 3672 3316 3726 μοι
3334 3693 3350 3720 ,
3378 3653 3469 3708 ὅτι
3497 3652 3618 3723 ἐγὼ
3645 3653 3726 3707 ἐν

2130 3753 2212 3820 τῷ
2243 3753 2424 3823 Πατρὶ
2443 3795 2458 3820 ,
2484 3752 2582 3807 καὶ
2620 3754 2654 3807 ό
2681 3749 2882 3818 Πατὴρ
2905 3749 2976 3803 ἐν
2996 3747 3129 3818 ἐμοί
3135 3788 3149 3802 .
3180 3748 3251 3802 ει
3282 3745 3352 3800 δὲ
3373 3746 3478 3816 μὴ,
3513 3744 3616 3799 διὰ
3644 3745 3722 3799 τὰ

2130 3843 2274 3913 ἔργα
2296 3841 2448 3898 αὐτὰ
2470 3839 2780 3898 πιστεύετέ
2798 3856 2920 3909 μοι.
2970 3838 3166 3908 Ἀμὴν,
3183 3835 3350 3907 ἀμὴν
3369 3835 3525 3904 λέγω
3546 3834 3719 3904 ὑμῖν,

2132 3939 2166 3992 ό
2197 3935 2494 3990 πιστεύων
2516 3936 2604 4000 εις
2634 3931 2760 4002 ἐμὲ,
2789 3931 2864 3986 τὰ
2887 3931 3065 4001 ἔργα,
3089 3928 3130 3986 ἆ
3158 3929 3272 3999 ἐγὼ
3308 3925 3478 3994 ποιῶ,
3507 3926 3720 3980 κάκεῖ-

2131 4046 2238 4095 νος
2260 4027 2530 4096 ποιήσει,
2563 4026 2662 4081 καὶ
2681 4025 2923 4097 μείζονα
2950 4025 3176 4080 τούτων
3201 4021 3461 4088 ποιήσει,
3490 4017 3724 4088 ὅτιὲγὼ

2132 4120 2282 4190 πρὸς
2305 4117 2412 4173 τὸν
2429 4117 2657 4188 Πατέρα
2682 4117 3025 4186 πορεύομαι.
3049 4112 3161 4168 Καὶ
3183 4112 3218 4167 ὅ
3243 4129 3300 4166 τι
3322 4109 3400 4165 ἂν
3423 4108 3742 4176 αἰτήσητε.

2131 4212 2201 4264 ἐν
2222 4209 2303 4276 τῷ
2339 4209 2582 4278 ὀνόματί
2603 4223 2722 4278 μου
2742 4247 2757 4268 ,
2786 4207 2962 4262 τοῦτο
2994 4205 3225 4272 ποιήσω
3247 4243 3262 4268 ,
3295 4204 3397 4257 ἵνα
3438 4198 3721 4267 δοξασθῇ

2133 4304 2166 4354 ὀ
2196 4297 2397 4368 Πατὴρ
2415 4299 2485 4352 ἐν
2509 4295 2589 4363 τῷ
2619 4296 2747 4362 Υὶῷ.
2775 4295 2982 4351 Οὐκοῦν
3004 4296 3053 4348 εἰ
3076 4295 3105 4346 6
3133 4294 3322 4365 Πατὴρ
3344 4289 3626 4356 δοξάζεται
3655 4289 3722 4341 ὲν

2133 4390 2212 4463 τῷ
2243 4389 2376 4460 req),
2399 4391 2427 4442 6
2460 4389 2587 4453 Υἱὸς
2618 4387 2684 4442 ἂν
2709 4389 2794 4460 εἴη
2825 4390 2854 4442 6
2885 4387 3091 4456 ὶέγων·
3140 4384 3289 4454 Ἐγὼ
3326 4383 3397 4436 ἐν
3421 4381 3501 4444 τῷ
3526 4379 3723 4448 Πατρι

446 4483 590 4540 Filio
624 4482 982 4556 gloriﬁcatur,
1016 4477 1188 4535 Filius
1217 4479 1339 4534 sine
1385 4477 1554 4532 dubio
1586 4476 1753 4532 fuerit
1777 4478 1872 4547 qui
1907 4478 2023 4534 ait:

2141 4481 2231 4536 καὶ
2259 4483 2291 4534 ὀ
2314 4479 2516 4548 Πατὴρ
2561 4481 2630 4532 ἐν
2654 4479 2786 4549 ἐμοί
2807 4494 2823 4509 ο
2871 4478 3033 4541 αὐτὸς
3064 4476 3157 4530 καὶ
3184 4475 3268 4540 τὸ,
3308 4475 3372 4527 '0
3399 4473 3504 4542 ἐμὲ
3533 4471 3722 4539 ἑώρα-

449 4575 564 4649 Ego
597 4577 657 4631 in
680 4572 865 4642 Patre,
889 4580 940 4627 et
973 4569 1140 4626 Pater
1170 4569 1227 4624 in
1261 4585 1344 4623 me
1379 4577 1479 4635 est,
1504 4577 1579 4635 et,
1622 4567 1728 4634 Qui
1763 4585 1844 4622 me
1874 4569 2024 4636 vidit,

2133 4572 2273 4638 κὼς,
2301 4569 2518 4640 ἑώρακε
2550 4569 2655 4623 τὸν
2679 4570 2928 4640 Πατέρα.
2964 4566 3136 4630 Αὐτὸς
3159 4565 3268 4638 γὰρ
3287 4566 3316 4618 6
3335 4563 3507 4618 ταῦτα
3536 4563 3720 4631 λέγων

522 4735 569 4768 ⁷⁸
601 4733 758 4789 Joan.
793 4748 832 4798 ι,
863 4731 919 4786 8.
993 4729 1042 4762 ⁷⁸
1078 4727 1209 4784 ibid.
1239 4727 1294 4783 9.
1367 4729 1416 4760 ⁷⁸
1453 4725 1610 4784 Joan.
1641 4744 1696 4792 ι,
1734 4729 1822 4784 50.
1899 4732 1946 4763 ⁷⁸
1981 4748 2025 4786 ,ι

2167 4747 2207 4798 ι,
2239 4729 2323 4786 l8.
2405 4731 2448 4762 ⁷⁷
2489 4728 2648 4784 Joan.
2685 4744 2783 4797 xu,
2815 4727 2905 4782 45.
2984 4727 3030 4759 ⁷⁸
3067 4725 3226 4783 Joan.
3257 4741 3370 4790 xrv,
3397 4722 3550 4779 9-l'5.

612 4875 747 4958 )Sjc
771 4871 910 4958 .3664
943 4867 1764 4958 SEsP°.E-,1}ssilrsinsine:
1791 4872 1884 4958 ε»ςά
1915 4872 2025 4952 duo

448 4939 629 5005 ultimi
669 4939 922 5012 ἰωάννὴς
970 4955 1070 5010 pro
1094 4939 1359 5012 jlwdtwou
1403 4939 1622 5012 liabent.
1657 4940 1727 5012 At
1759 4943 2027 5012 caateri_et

447 5018 600 5084 editi,
626 5016 701 5081 ὼς
734 5016 762 5067 6
795 5007 1044 5082 Ἰωάννῖης
1091 5007 1195 5080 ἔφη
1245 5010 1374 5079 περὶ
1417 5009 1749 5064 Βαπτιστοῦ·
1785 5013 1899 5065 Οὐκ
1932 5008 2024 5084 ἦν,

447 5100 636 5230 meS)
678 5153 770 5210 Sic
786 5152 1004 5230 ﬁegius
1031 5160 1084 5230 et
1117 5150 1510 5230 Seguenanus:
1535 5148 1605 5230 iri
1625 5150 1832 5230 aliis‘ct
1857 5153 2025 5230 editis

448 5219 541 5282 τόν
586 5219 757 5282 deest.
786 5219 990 5278 Ibidem
1032 5221 1172 5292 Reg.
1200 5219 1425 5290 Seguer.
1458 5219 1631 5292 βδεῖ).
1659 5230 1713 5274 et
1735 5222 2021 5292 Anglican.

449 5298 673 5376 κόσμον.
689 5295 778 5376 ςΕν
819 5293 928 5364 γὰρ
973 5291 1048 5363 τῷ
1081 5289 1297 5362 κόσμῳ,
1318 5301 1421 5345 etc.
1454 5289 1545 5344 Sic
1586 5291 1712 5345 item
1745 5289 1898 5346 Gobl.
1930 5293 2024 5349 sed

448 5368 564 5440 γάρ
593 5368 820 5421 omisso.

523 5437 634 5508 (26)
675 5434 843 5508 Gobl.
867 5444 922 5488 et
953 5431 1248 5508 Felcltm.__l
1277 5429 1370 5484 καί
1401 5430 1678 5485 omittunt.

525 5503 637 5577 (27)
689 5505 777 5568 Ὠς
799 5507 952 5560 abest
979 5504 1049 5556 ab
1070 5503 1389 5572 Anglicano.

525 5576 638 5646 (28)
678 5574 750 5630 Τό
799 5579 961 5646 θυεειῄ
1001 5575 1070 5646 ab
1115 5572 1432 5646 Anglicano.
1482 5569 1604 5625 Mox
1646 5569 1778 5646 Reg.
1813 5570 1953 5646 Seg.
1968 5583 2025 5646 et

524 5588 638 5646 (28)
679 5588 750 5630 ϊο
799 5588 953 5630 abest
1001 5588 1070 5628 au
1115 5588 1432 5641 nugncano.
1483 5588 1604 5625 mox
1647 5588 1778 5643 neg.
1813 5588 1937 5643 beg.
1971 5588 2024 5627 et

450 5645 873 5772 ῗῗῶίέίυὲριιιωι
943 5644 1206 5713 ὑπάρχειν
1247 5642 1428 5704 αὐτόν,
1478 5657 1600 5712 qua:
1646 5643 1738 5696 alii
1786 5653 1840 5698 et
1893 5644 2024 5698 editi

451 5732 731 5774 omittunt.

2159 4943 2170 4954 .
2203 4872 2315 4943 (29)
2357 4871 2488 4954 Reg.
2520 4871 2644 4943 Seg.
2673 4879 2727 4926 et
2755 4869 2911 4926 Gobl.
2949 4866 3269 4938 γινομένων.
3304 4862 3496 4919 Caeteri
3523 4872 3581 4918 et
3601 4865 3726 4920 edi-

2132 4943 2195 5009 ti,
2220 4943 2548 5012 γενομένων.

2205 5002 2317 5085 (30)
2352 5002 2453 5085 'Sic
2481 5012 2616 5085 Reg.
2653 5009 2792 5085 seg._
2813 5008 2983 5085 Basili
3019 5018 3070 5085 e_t
3097 5007 3334 5085 Anglic;
3362 5004 3455 5085 sed
3469 5002 3720 5085 μου-μζ-

2133 5074 2403 5154 ιὶιῐὶί,ίί)ι“ο
2437 5074 2664 5154 Ἰλησόυς,
2709 5074 2909 5154 Habent
2947 5074 3219 5149 Ἰωάννηςῖ
3247 5076 3438 5134 Caeteri
3467 5074 3520 5129 et
3554 5074 3718 5139 editi,

2135 5151 2398 5224 Teani:qu
2420 5151 2551 5224 γὰρ,
2583 5152 2710 5222 ἔφη,
2738 5151 2949 5224 χρόνον.

2203 5225 2313 5295 (51)
2355 5212 2987 5295 Editioconime'liniana
3011 5229 3066 5295 e_t
3089 5219 3458 5295 aliquotAmss.
3476 5212 3570 5267 τὸν
3599 5213 3720 5264 Πα-

2131 5288 2411 5365 τέραίκαῖ
2456 5293 2522 5346 τὰ
2569 5291 2716 5362 ἑξῆς.
2763 5294 2826 5344 Εἰ
2865 5293 2962 5365 μὲν
2994 5288 3086 5365 οὖν
3115 5288 3206 5365 τὸν
3239 5288 3545 5365 άνῆρωτξον,
3577 5295 3718 5365 ctu,

2130 5355 2351 5420 omissis
2381 5355 2737 5426 inter-mediis,
2768 5355 2890 5432 qua}
2915 5364 2968 5417 in
2999 5361 3131 5432 Reg.
3171 5359 3295 5432 Seg.
3325 5355 3488 5432 Βεὶξίις
3512 5365 3571 5432 gi
3598 5355 3719 5432 Αμι·

2131 5435 2257 5503 glic.
2284 5442 2520 5489 exstant.
2552 5434 2656 5488 Sed
2689 5433 2744 5486 in
2774 5426 2897 5501 Seg.
2935 5442 3056 5502 post
3082 5426 3173 5483 ῗνα
3199 5426 3490 5503 δοξασθῇό
3515 5426 3716 5503 lla-.39

2132 5493 2189 5556 ἓν
2220 5503 2298 5574 τῷ
2331 5504 2463 5574 Υιῷ,
2500 5505 2698 5559 desunt
2724 5493 3181 5573 quaa'se'quuntur
3221 5511 3347 5554 ante
3387 5493 3451 5549 Et
3481 5496 3583 5565 μὲν
3612 5493 3714 5550 οὖν

2130 5559 2560 5646 τὸνγᾷνθρωᾶτον.
2652 5642 2661 5646 Α
2884 5643 2892 5646 Α
2956 5559 2990 5636 ⁸,

2203 5645 2314 5714 (32)
2356 5639 2520 5699 Basil.
2555 5653 2608 5697 et
2636 5642 2844 5714 Anglic.
2873 5643 2901 5694 6
2928 5649 2982 5697 et
3014 5641 3197 5704 αὐτός,
3229 5639 3506 5706 omittunt,
3539 5649 3602 5695 ut
3651 5646 3714 5697 et

2133 5715 2273 5769 αὐτά
2300 5713 2440 5770 infra
2469 5724 2587 5784 post
2613 5713 2680 5766 τὰ
2710 5713 2866 5782 ἔργα.
