3834 6220
105 293 214 350 497

1217 303 1471 360 ORATIO
1505 305 1573 360 1v
1611 303 1892 361 CONTRA
1926 279 2267 361 Animos)

3255 304 3360 364 I98

105 407 235 464 Υιὸν
267 409 468 464 ἑαυτὸν
495 411 764 468 δείκνυσιν
795 416 1050 486 ἐπάγων,
1083 419 1184 473 ἵνα
1206 407 1477 491 δοξασθῇ
1506 425 1538 475 ό
1567 425 1674 476 Πα-

1783 423 1916 476 vidit
1937 408 2178 476 Patrem.
2196 419 2300 488 Qui
2316 418 2458 477 enim
2474 417 2592 476 hac
2605 419 2865 492 loquitur,
2896 420 3134 493 seipsum
3157 419 3358 481 Filium

105 497 218 568 τὴρ
253 499 328 552 ὲν
359 499 441 564 τῷ
477 502 604 566 Υιῷ.

175 589 270 643 20.
306 592 372 644 El
398 593 498 662 μὲν
521 590 615 647 οὖν
646 595 738 649 τὸν
793 596 1098 669 ἄνθρωπον,
1159 598 1218 652 6v
1245 599 1500 670 ὲφόρεσεν
1530 601 1558 652 6
1581 599 1686 652 Λό-

105 694 221 748 γος,
249 681 418 736 αὐτὸν
461 680 601 738 εἶναι
638 685 857 754 λέγουσι
885 687 974 740 τὸν
999 688 1124 740 Υἱδν
1176 689 1267 742 τοῦ
1300 690 1431 742 Θεοῦ
1460 689 1551 742 τὸν
1590 706 1686 760 μο-

106 773 326 842 νογενῆ,
360 775 454 827 καὶ
483 776 558 847 μὴ
587 776 677 828 τὸν
716 779 886 847 Λόγον
943 780 1089 834 Υἱόν·
1117 784 1144 836 6
1173 782 1454 854 ἄνθρωπος
1481 781 1546 835 ἂν
1596 782 1684 852 εἴη

106 864 420 929 ἀκολούθως
449 868 477 920 6
507 869 564 920 ὲν
591 867 670 940 τῷ
702 870 897 942 Πατρὶ,
929 873 986 926 ὲν
1005 865 1049 940 ᾧ
1087 875 1179 927 καὶ
1205 876 1234 927 6
1282 873 1468 945 Πατὴρ
1496 875 1554 926 ἐν
1586 875 1685 926 αὐ-

106 955 182 1026 τῷ
209 957 344 1028 (53)'
371 956 466 1011 καὶ
495 961 523 1012 6
549 959 832 1032 ἄνθρωπος
864 961 930 1016 ἂν
967 964 1074 1035 εἴη,
1106 967 1134 1018 6
1158 965 1215 1019 ἒν
1247 965 1321 1019 ὢν
1353 966 1514 1030 αὐτὸς
1537 967 1630 1020 καὶ
1657 970 1686 1021 6

106 1048 318 1120 Πατὴρ,
356 1050 451 1102 καὶ
478 1052 507 1104 6
545 1052 602 1103 ὲν
654 1053 766 1115 τοῖς
813 1052 1033 1118 κόλποις
1087 1055 1181 1108 τοῦ
1212 1055 1442 1128 Πατρὸς,
1483 1058 1578 1111 καὶ
1624 1058 1685 1112 τὸ

105 1137 220 1205 φῶς
240 1139 304 1190 τὸ
336 1138 608 1209 ἀληθινόν.
660 1141 1189 1213 Ἀναγκασθήσονται
1240 1142 1297 1196 δὲ
1320 1144 1412 1196 καὶ
1433 1143 1500 1196 δι’
1521 1144 1682 1198 αὑτοῦ

103 1228 195 1282 τοῦ
234 1229 526 1301 ἀνθρώπου
555 1232 726 1286 εἰπεῖν
778 1232 869 1286 τὸν
931 1235 1132 1305 κόσμον
1191 1235 1536 1305 γεγενῆσθαι,
1584 1238 1680 1290 καὶ

103 1320 194 1373 τὸν
222 1320 512 1392 ἄνθρωπον
532 1318 670 1376 εἶναι
711 1324 804 1378 τὸν
844 1324 1070 1380 ἐλθόντα
1109 1326 1184 1398 μὴ
1232 1329 1413 1397 κρῖναι
1443 1327 1536 1381 τὸν
1599 1327 1683 1380 κό-

105 1429 262 1480 σμον,
295 1412 437 1466 ἀλλὰ
464 1413 629 1467 σῶσαι
681 1416 860 1468 αὐτόν’
921 1417 1081 1470 αὑτὸν
1123 1417 1179 1470 δὲ
1235 1413 1374 1471 εἶναι
1417 1420 1508 1471 καὶ
1555 1419 1682 1490 πρὶν

114 1497 368 1570 Ἀϐραὰμ.
398 1501 668 1569 γενέσθαι.
721 1503 950 1571 Ἰησοῦς
987 1506 1115 1577 γὰρ,
1160 1508 1322 1577 φησὶν
1356 1507 1490 1578 (54),
1515 1504 1684 1563 εἶπεν

96 1589 326 1654 αὐτοῖς’
373 1589 569 1660 Ἀμὴν,
595 1591 756 1660 ἀμὴν
776 1593 931 1663 λέγω
956 1594 1116 1664 ὑμῖν,
1148 1595 1290 1664 πρὶν
1315 1597 1568 1667 Ἀϐραὰμ
1587 1615 1680 1668 γε·

93 1679 332 1746 νέσθαι,
370 1681 484 1750 ἐγώ
511 1683 648 1751 εἰμι.
676 1683 787 1737 Καὶ
819 1683 936 1748 πῶς
959 1685 1060 1739 οὑκ
1101 1686 1300 1742 ἄτοπον
1333 1689 1452 1743 κατ’
1484 1691 1682 1755 αὐτοὺς

1789 530 1910 570 esse
1939 515 2292 586 probat,cum
2327 513 2495 580 addit,
2511 521 2570 567 ut
2588 513 2914 584 gloriﬁcetur
2934 513 3099 569 Pater
3111 514 3167 569 in
3191 513 3355 570 Filio.

1857 603 1948 657 20.
1982 601 2039 656 Si
2083 604 2250 673 igitur
2281 601 2617 658 contendunt
2645 603 2944 668 hominem,
2976 618 3142 673 quem
3171 611 3356 674 gesta-

1786 692 1864 746 vit
1894 691 2150 760 Verbum,
2199 693 2400 749 Filium
2433 693 2529 749 Dei
2564 693 2903 765 unigenitum
2933 708 3075 760 esse,
3106 709 3216 751 non
3251 709 3356 749 au-

1788 783 2157 854 temVerbum
2185 803 2198 840 :
2231 785 2476 856 sequitur
2502 794 2563 840 ut
2595 787 2760 841 homo
2795 785 2866 842 sit
2901 786 2991 842 ille
3021 786 3113 856 qui
3164 786 3220 840 in
3247 784 3354 842 Pa-

1787 883 1871 929 tre
1899 884 2002 940 est,
2055 885 2109 930 et
2138 875 2191 930 in
2223 891 2334 947 quo
2358 875 2520 931 Pater
2547 884 2669 932 est:
2717 876 2883 932 homo
2907 877 3037 932 item
3070 877 3162 932 ille
3190 875 3356 932 fuerit

1785 966 1880 1036 qui
1909 982 2076 1020 unum
2106 967 2221 1036 ipse
2248 975 2301 1022 et
2334 965 2496 1020 Pater
2526 973 2629 1033 est,
2660 967 2864 1037 quique
2895 966 2949 1021 in
2980 967 3104 1022 sinu
3140 975 3224 1024 est
3249 966 3356 1022 Pa-

1787 1056 1906 1119 tris,
1937 1063 1991 1109 et
2021 1056 2116 1109 lux
2143 1071 2270 1110 vera
2300 1063 2402 1112 est.
2435 1054 2572 1110 Hinc
2609 1053 2767 1110 fateri
2796 1064 3058 1126 cogentur
3086 1057 3352 1113 mundum

1784 1159 1882 1214 per
1911 1143 2191 1198 hominem
2246 1143 2452 1198 factum
2495 1157 2636 1207 esse,
2666 1150 2722 1196 et
2751 1142 3026 1198 hominem
3057 1158 3182 1198 eum
3230 1157 3356 1198 esse

1785 1235 1878 1304 qui
1904 1236 2052 1291 venit
2084 1249 2194 1290 non
2224 1243 2286 1290 ut
2307 1235 2596 1306 judicaret,
2628 1234 2723 1290 sed
2758 1242 2819 1290 ut
2849 1233 3112 1289 mundum
3141 1233 3353 1290 salvum

1783 1325 1984 1382 faceret
2015 1345 2028 1379 :
2067 1326 2247 1397 ipsum
2279 1325 2516 1396 denique
2555 1339 2677 1381 esse
2713 1325 2866 1395 prius
2889 1339 3051 1394 quam
3076 1325 3352 1383 Abraham

1783 1417 1956 1473 ﬁeret.
1990 1416 2147 1473 Iesus
2169 1417 2337 1486 enim,
2377 1417 2576 1488 inquit,
2627 1416 2766 1470 dixit
2793 1416 2902 1471 illis
2925 1433 2944 1470 :
2970 1417 3158 1485 Amen,
3201 1434 3354 1473 amen

1783 1507 1903 1563 dico
1949 1508 2114 1572 vobis,
2145 1517 2427 1581 antequam
2467 1507 2740 1562 Abraham
2784 1507 2970 1576 ﬁeret,
3019 1524 3113 1578 ego
3141 1525 3259 1562 sum
3280 1509 3347 1564 τ’.

1784 1599 1866 1652 An
1899 1615 2009 1654 non
2039 1615 2169 1654 vero
2194 1599 2592 1670 perabsurdum
2622 1599 2772 1656 dictu
2797 1607 2881 1655 est
2909 1614 3034 1654 eum
3065 1599 3353 1670 exsistere,

1784 1697 2077 1760 antequam
2104 1691 2254 1746 ﬁeret
2278 1691 2577 1758 Abraham,
2602 1706 2762 1761 quem
2794 1706 2862 1746 ex
2891 1691 3098 1746 semine
3119 1691 3352 1748 Abraha:

93 1773 184 1825 τὸν
210 1771 278 1824 ἐκ
303 1771 623 1842 σπέρματος
655 1773 908 1844 Ἀϐραὰμ
957 1777 1098 1845 μετὰ
1148 1777 1242 1832 δύο
1291 1779 1386 1832 καὶ
1420 1751 1674 1852 τεσσαράξ

1784 1788 1905 1848 post
1929 1751 2305 1850 quadraginta
2347 1780 2483 1835 duas
2513 1751 2702 1836 aetates
2733 1786 2924 1834 natum
2969 1794 3091 1835 esse
3115 1781 3304 1835 volunt
3327 1780 3354 1834 τ

92 1878 262 1916 κοντα
290 1861 488 1930 γενεὰς
523 1862 814 1934 γενόμενον
845 1865 958 1936 (55)
989 1865 1164 1936 λέγειν
1189 1910 1206 1935 ,
1260 1870 1388 1941 πρὶν
1434 1871 1681 1944 Ἀϐραὰμ

91 1950 376 2021 γενέσθαι,
403 1953 710 2025 ὑπάρχειν;
772 1955 899 2021 Πῶς
929 1957 986 2010 δὲ
1019 1958 1118 2012 οὐκ
1149 1960 1368 2026 ἄτοπον,
1417 1964 1464 2016 εἰ
1505 1965 1538 2036 ἡ
1566 1963 1677 2034 (ὖϐ)

90 2040 249 2116 σὰρξ,
267 2043 341 2116 ἢν
375 2043 632 2115 ἑφόρεσεν
653 2047 682 2098 6
710 2045 902 2116 Λόγος,
935 2047 1072 2121 αὕτη
1111 2049 1257 2104 ἐστὶν
1286 2053 1315 2105 6
1345 2051 1488 2118 Υἱὸς,
1501 2053 1680 2120 λέγειν

89 2134 187 2206 τὴν
221 2137 289 2188 ὲκ
327 2135 552 2204 Μαρίας
583 2135 762 2209 σάρκα
789 2138 995 2209 ταύτην
1024 2135 1186 2206 εἶναι,
1241 2143 1308 2196 δι’
1335 2139 1403 2217 ἧς
1423 2146 1452 2198 6
1477 2145 1680 2216 κόσμος

88 2224 343 2292 δγένετος
378 2225 503 2290 Πῶς
526 2226 829 2297 δὲφήσουσι
859 2230 954 2284 καὶ
986 2231 1064 2297 τὸ,
1106 2232 1208 2288 Ἐν
1233 2233 1314 2301 τῷ
1353 2237 1557 2306 κόσμῳ
1576 2234 1677 2308 ἦν;

87 2315 161 2370 T6
192 2316 310 2389 γὰρ
333 2317 442 2388 πρὸ
461 2317 561 2388 τῆς
601 2319 743 2372 κατὰ
768 2319 949 2392 σάρκα
977 2323 1244 2390 γενέσεως
1271 2325 1367 2378 τοῦ
1417 2327 1549 2383 Υἱοῦ
1577 2345 1676 2400 ση-

87 2407 301 2478 μαίνων
325 2409 358 2462 6
388 2408 796 2481 εὐαγγελιστὴς,
836 2412 1083 2484 ἐπήγαγε
1118 2415 1314 2484 λέγων,
1347 2416 1444 2471 Ἐν
1466 2417 1547 2484 τῷ
1580 2421 1679 2473 κό-

84 2514 222 2570 σμῳ
237 2497 344 2571 ἦν.
374 2501 499 2566 Πῶς
530 2501 587 2556 δὲ
634 2505 684 2558 εἰ
719 2504 793 2577 μὴ
821 2508 850 2560 6
899 2507 1072 2574 Λόγος
1109 2508 1239 2570 Υἱός
1296 2511 1465 2576 ἐστιν,
1503 2511 1618 2567 ἀλλ’
1647 2515 1677 2570 6

84 2590 383 2664 ἄνθρωπος
422 2592 573 2659 Υἱὸς,
607 2594 829 2650 δύναται
877 2597 971 2652 τὸν
1007 2598 1212 2670 κόσμον
1249 2600 1440 2668 σῶσαι,
1475 2597 1554 2668 εἷς
1599 2603 1676 2659 ὢν

84 2682 180 2737 καὶ
207 2683 383 2748 αὐτὸς
405 2684 500 2738 τοῦ
530 2686 770 2758 κόσμους
808 2689 872 2743 Εἰ
897 2690 954 2744 δὲ
994 2691 1395 2762 ἀναισχυντοῖεν
1428 2696 1521 2749 ἐπὶ
1547 2698 1673 2751 τού-

83 2792 217 2840 Ισοις,
250 2773 360 2828 ποῦ
379 2775 532 2831 ἔσται
563 2780 593 2833 6
615 2779 804 2849 Λόγος,
852 2779 949 2835 τοῦ
981 2781 1270 2855 ἀνθρώπου
1299 2783 1450 2850 ὄντος
1491 2787 1551 2841 ὲν
1599 2787 1675 2858 τῷ

83 2865 306 2937 Πατρε;
336 2867 543 2933 Πόστος
576 2868 686 2942 (57)
709 2869 766 2923 δὲ
812 2870 965 2925 ἔσται
1000 2875 1028 2926 6
1063 2874 1233 2943 Λόγος
1263 2875 1397 2945 πρὸς
1444 2876 1536 2930 τὸν
1570 2879 1676 2933 Πα-

81 2957 240 3028 τέρα,
270 2956 370 3010 τοῦ
399 2957 687 3031 ἀνθρώπου
711 2963 806 3015 καὶ
835 2961 928 3014 τοῦ
952 2963 1166 3036 Πατρὸς
1212 2964 1270 3018 ἓν
1302 2965 1503 3032 δντων;
1532 2969 1593 3022 El
1616 2969 1673 3024 δὲ

80 3045 438 3152 ἰανρρωῖιος
477 3051 773 3152 μονογενής
802 3053 966 3152 sese.
988 3052 1186 3152 πόστος
1209 3053 1361 3108 ἔσται
1388 3058 1416 3110 6
1463 3057 1668 3126 Λόγος;
1696 3093 1740 3152 c

86 3138 151 3190 Ἦ
180 3137 298 3206 γὰρ
326 3137 579 3211 δεύτερον
598 3134 736 3193 εῖναι
758 3140 921 3196 αὑτὸν
949 3141 1124 3206 λέξειέ
1146 3159 1251 3207 τις·
1271 3143 1304 3215 ἢ
1325 3145 1371 3198 εξ
1397 3143 1511 3216 (58)
1529 3145 1670 3218 ὑπὲρ

81 3229 141 3282 τὸ
154 3229 474 3298 Μονογενές
489 3232 656 3297 ἐστιν,
679 3233 841 3297 αὐτὸς
859 3232 924 3288 ἂν
948 3233 1032 3305 εἴη
1058 3237 1086 3288 6
1106 3236 1314 3308 Πατήρ.
1338 3236 1550 3310 Ὥσπερ
1565 3238 1672 3310 γὰρ

83 3315 158 3386 εἷς
185 3323 343 3375 ἐστιν
369 3322 628 3394 ὁΠατὴρ,
667 3323 839 3389 οὕτως
885 3323 943 3378 ἓν
981 3326 1076 3379 καὶ
1111 3325 1173 3380 τὺ
1204 3325 1264 3392 ὲξ
1312 3327 1476 3382 αὐτοῦ
1504 3330 1674 3383 Μονο-

80 3413 262 3481 γενές.
290 3413 358 3466 Τί
383 3413 440 3467 δὲ
471 3415 566 3470 καὶ
605 3416 770 3470 πλέον
814 3419 842 3472 6
889 3419 1062 3489 Λόγος
1093 3419 1206 3490 ἔχει
1235 3419 1328 3474 τοῦ
1362 3419 1669 3492 ἀνθρώπου,

83 3507 137 3559 cl
161 3522 230 3576 γε
256 3505 358 3576 οὐχ
389 3507 418 3559 6
439 3505 611 3575 Λόγος
636 3506 766 3572 Υἱός
790 3508 935 3574 seu;
973 3509 1073 3563 Διὰ
1102 3511 1200 3580 μὲν
1250 3510 1360 3584 γὰρ
1395 3511 1526 3566 Υἰοῦ
1578 3513 1673 3567 καὶ

81 3595 178 3650 τοῦ
203 3595 390 3666 Λόγου
417 3598 446 3650 6
470 3597 671 3669 κόσμος
699 3600 1026 3672 γεγενῆσθαι
1071 3601 1399 3674 γέγραπται,
1433 3605 1528 3658 καὶ
1559 3622 1672 3659 κοι-

81 3690 170 3743 νόν
199 3691 325 3743 ἐστι
358 3688 439 3759 τῷ
471 3707 529 3743 τε
556 3690 714 3762 Λόγῳ
743 3692 838 3746 καὶ
858 3692 936 3764 τῷ
971 3692 1086 3763 Υἱῷ
1115 3695 1177 3748 τὸ
1202 3694 1552 3768 δημιουργεῖν
1577 3697 1670 3751 τὸν

81 3783 310 3853 κόσμον·
348 3779 415 3833 τδ
435 3779 492 3834 δὲ
512 3782 644 3853 ὁρᾷν
687 3781 782 3836 τὸν
812 3783 1031 3855 Πατέρα
1056 3787 1156 3839 οὐκ
1196 3786 1276 3839 ἔτι
1317 3788 1373 3841 ὲν
1394 3787 1471 3859 τῷ
1511 3787 1669 3860 Λόγῳ

80 3871 418 3942 γέγραπται,
441 3870 558 3924 ἀλλ’
586 3873 644 3926 ὲν
671 3872 750 3944 τῷ
802 3873 940 3944 Υξῷο
989 3877 1086 3930 καὶ
1140 3877 1203 3930 τὸ
1229 3875 1422 3942 σώζειν
1462 3879 1553 3934 τὸν
1579 3879 1670 3933 κό-

81 3977 218 4032 σμον
249 3959 440 4016 οὐκέτι
465 3959 554 4014 διὰ
575 3961 669 4016 τοῦ
700 3962 874 4032 Λόγου
903 3963 1121 4036 ἐλέχθη,
1156 3965 1292 4019 ἀλλὰ
1323 3965 1412 4020 διὰ
1437 3967 1532 4020 τοῦ
1572 3986 1668 4041 μο-

79 4051 338 4120 νογενοῦς
359 4052 512 4108 Υἱοῦ.
538 4049 688 4108 Ehe
719 4053 848 4126 γὰρ,
873 4056 1058 4125 φησὶν,
1081 4059 1114 4110 ό
1176 4057 1426 4125 Ἰησοῦςο
1447 4056 1669 4114 Τοσοῦ-

79 4160 186 4197 τον
218 4145 452 4214 χρόνον
491 4144 620 4214 μεθ’
643 4143 812 4214 ὑμῶν
848 4149 984 4215 ειμι,
1011 4147 1109 4200 καὶ
1147 4149 1258 4202 οὐκ
1289 4147 1553 4217 ἔγνωκάς
1567 4167 1666 4219 με,

78 4235 384 4298 Φιλίππω
428 4234 481 4287 '0
532 4235 804 4304 ἑωρακὼς
826 4237 948 4306 ἐμὲ,
988 4236 1207 4307 ἑώρακε
1260 4238 1367 4293 τόν
1409 4241 1662 4311 Πατέρα.

77 4324 190 4380 Καὶ
213 4325 311 4379 τὸν
327 4325 549 4396 Πατέρα
574 4325 632 4378 δὲ
659 4327 758 4396 οὐχ
776 4329 804 4380 6
827 4327 998 4396 Λόγος
1021 4327 1326 4400 γέγραπται
1355 4329 1664 4400 γινώσκειν,

1781 1869 1842 1926 Si
1890 1871 2018 1926 item
2056 1887 2207 1939 caro,
2240 1886 2404 1942 quam
2462 1869 2694 1926 Verbum
2738 1872 2987 1943 gestavit,
3026 1870 3197 1928 Filius
3225 1881 3346 1929 est:

1780 1975 1848 2016 an
1876 1975 1985 2016 non
2009 1961 2358 2017 vehementer
2376 1967 2641 2032 repugnat
2663 1962 2988 2018 contendere
3009 1962 3151 2018 hanc
3174 1963 3349 2034 ipsam

1779 2067 2020 2117 carnem,
2065 2068 2230 2122 quam
2275 2067 2342 2108 ex
2391 2052 2563 2108 Maria
2594 2053 2822 2123 accepit,
2878 2067 3002 2109 esse
3034 2068 3131 2123 per
3181 2068 3381 2122 quaint

1777 2142 2016 2197 mundus
2045 2141 2224 2198 factus
2257 2143 2382 2198 est?
2414 2141 2556 2209 Quid
2578 2157 2708 2198 vero
2735 2142 2803 2198 de
2836 2142 2920 2198 his
2941 2143 3123 2199 verbis
3151 2143 3349 2199 dicturi

1779 2243 1929 2298 sunt,
1947 2232 2014 2290 In
2040 2234 2234 2288 mundo
2264 2235 2423 2288 erat?
2447 2232 2694 2305 Namque
2719 2234 3070 2305 evangelista,
3097 2241 3158 2290 ut
3177 2234 3348 2305 signi-

1779 2323 1972 2380 ﬁcaret
1999 2325 2276 2380 exstitisse
2303 2323 2523 2391 Filium,
2553 2325 2874 2396 priusquam
2905 2323 3204 2380 secundum
3227 2340 3347 2380 ear-

1777 2431 1900 2471 nem
1921 2423 2260 2482 nasceretur,
2277 2417 2392 2470 haec
2406 2415 2638 2486 subjecit
2652 2415 2838 2482 verba,
2853 2414 2920 2470 In
2937 2415 3132 2485 mundo
3147 2424 3263 2470 erat
3275 2415 3342 2472 ⁸⁸.

1774 2504 1946 2560 Porro
1976 2506 2023 2560 si
2057 2520 2167 2560 non
2198 2503 2430 2560 Verbum
2459 2515 2542 2561 est
2578 2503 2772 2572 Filius,
2805 2505 2904 2562 sed
2931 2505 3099 2561 homo
3140 2514 3224 2562 est
3254 2505 3344 2561 Fi-

1775 2596 1903 2663 lius,
1937 2594 2214 2667 quomodo
2261 2594 2526 2650 mundum
2573 2597 2748 2666 possit
2779 2609 3018 2663 servare,
3063 2610 3190 2652 eum
3229 2596 3348 2667 ipse

1773 2700 1994 2756 quoque
2023 2685 2095 2740 sit
2127 2699 2194 2739 ex
2224 2685 2470 2740 mundo?
2498 2683 2656 2752 Quod
2688 2685 2736 2741 si
2765 2699 2868 2740 nec
2898 2684 2986 2742 his
3013 2685 3342 2754 rationibus,

1773 2791 1962 2832 eorum
1996 2775 2391 2846 comprimetur
2422 2775 2781 2846 impudentia,
2815 2775 3183 2846 respondeant
3218 2777 3345 2833 ubi.

1773 2883 1902 2923 nam
1948 2866 2194 2922 futurum
2243 2867 2316 2922 sit
2346 2865 2603 2934 Verbum,
2643 2869 2690 2923 si
2722 2868 2889 2922 homo
2922 2875 3006 2923 est
3035 2867 3092 2922 in
3139 2867 3300 2925 Patre
3322 2869 3348 2923 ἲ

1772 2955 2010 3024 Quotum
2040 2965 2220 3012 autem
2248 2955 2486 3012 Verbum
2515 2957 2620 3013 erit
2645 2971 2771 3013 cum
2808 2956 2990 3025 Patre,
3022 2973 3148 3013 cum
3178 2958 3346 3015 homo

1771 3057 1826 3105 et
1849 3048 2008 3104 Pater
2035 3064 2205 3104 unum
2246 3048 2400 3104 sint?
2425 3047 2581 3114 Quod
2613 3048 2658 3104 si
2697 3048 2863 3104 homo
2892 3048 3207 3122 unigenitus
3225 3058 3342 3118 est;

1775 3151 2022 3212 quotum,
2057 3156 2267 3214 quaeso,
2301 3142 2406 3197 erit
2435 3139 2674 3197 Verbum
2697 3142 2721 3196 ‘l
2741 3140 2838 3197 Vel
2863 3142 3008 3197 enim
3039 3142 3343 3198 secundum

1772 3247 1893 3289 esse
1929 3233 2279 3303 respondebit
2311 3232 2510 3301 aliquis
2541 3250 2556 3288 :
2589 3233 2674 3287 vel
2711 3232 2759 3288 si
2795 3247 2961 3304 supra
2991 3231 3344 3305 Unigenitum

1770 3331 1894 3388 est,
1939 3323 2054 3392 ipse
2081 3331 2228 3378 certe
2275 3321 2437 3378 Pater
2469 3321 2654 3378 fuerit.
2688 3321 3154 3389 Quemadmodum
3193 3323 3342 3380 enim

1771 3428 1915 3468 unus
1946 3421 2032 3468 est
2063 3413 2226 3468 Pater
2251 3457 2266 3481 ,
2297 3413 2372 3468 ita
2412 3412 2736 3486 Unigenitus
2768 3429 2834 3468 ex
2873 3428 2939 3469 eo
2979 3422 3162 3480 natus,
3195 3431 3340 3472 unus

1769 3502 2048 3570 est.'Quid
2082 3511 2344 3575 praeterea
2375 3503 2614 3582 Verbum
2641 3503 2861 3561 homine
2891 3505 3126 3574 amplius
3151 3505 3338 3572 habet,

1769 3595 1819 3652 si
1849 3593 2090 3652 Verbum
2119 3595 2292 3652 Filius
2316 3610 2427 3651 non
2455 3596 2526 3652 sit
2550 3597 2574 3651 ἲ
2601 3595 2864 3652 Mundum
2889 3595 3105 3667 quidem
3128 3612 3226 3668 per
3249 3595 3339 3653 Fi-

1768 3690 1903 3746 lium
1943 3699 1998 3744 et
2039 3687 2280 3744 Verbum
2322 3687 2526 3744 factum
2567 3703 2687 3745 esse
2737 3690 3000 3759 scriptum
3031 3698 3135 3754 est,
3183 3704 3337 3746 com-

1768 3795 2043 3851 muneque
2093 3788 2177 3836 est
2226 3777 2407 3835 Verbo
2452 3788 2507 3835 et
2543 3777 2681 3837 Filio
2729 3779 2994 3836 mundum
3023 3795 3249 3837 creare:
3282 3789 3340 3836 at

1768 3873 1986 3929 Patrem
2036 3887 2146 3928 non
2187 3887 2219 3927 a
2270 3869 2450 3927 Verbo
2484 3872 2580 3928 sed
2610 3887 2642 3926 a
2689 3869 2830 3927 Filio
2879 3871 3051 3928 videri
3099 3872 3340 3929 declarat

1771 3959 2054 4036 Scriptura
2080 3983 2096 4034 ;
2127 3979 2229 4019 nec
2256 3963 2387 4020 item
2417 3963 2657 4020 mundus
2695 3979 2790 4036 per
2815 3963 3076 4030 Verbum,
3118 3963 3213 4020 sed
3241 3979 3340 4036 per

1768 4057 2106 4128 unigenitum
2149 4054 2344 4110 Filium
2397 4057 2586 4112 salvus
2627 4056 2746 4111 ﬁeri
2792 4056 3012 4115 dicitur.
3058 4054 3335 4128 Namque,

1767 4148 1964 4219 inquit,
1996 4146 2148 4201 Dixit
2169 4145 2356 4200 Iesus:
2380 4144 2550 4201 Tanto
2581 4156 2806 4217 tempore
2830 4147 3095 4201 vobiscum
3116 4163 3255 4213 sum,
3286 4155 3338 4201 et

1768 4255 1874 4294 non
1900 4237 2189 4307 cognouisti
2207 4252 2308 4303 me,
2335 4234 2580 4306 Philippe
2602 4237 2628 4290 7
2660 4235 2765 4300 Qui
2791 4237 2920 4292 uidit
2946 4254 3047 4303 me,
3070 4237 3202 4292 vidit
3223 4235 3338 4292 Pa-

1769 4342 1902 4386 trem
1923 4331 1990 4384 “.
2015 4326 2126 4384 Nec
2157 4329 2322 4383 etiam
2344 4343 2374 4381 a
2405 4326 2604 4395 Verbo,
2644 4328 2738 4384 sed
2775 4344 2805 4383 a
2834 4326 2972 4384 Filio
3003 4327 3216 4384 Patrem
3243 4344 3338 4384 co-

75 4419 194 4472 ὰλλ’
234 4417 434 4480 όΥἱός·
466 4419 598 4488 όρᾷν
629 4418 742 4488 (59)
785 4418 842 4472 δὲ
889 4419 982 4473 τὸν
1010 4419 1230 4489 Πατέρα
1273 4421 1370 4491 οὐχ
1414 4423 1442 4474 ό
1492 4421 1664 4491 Λόγος

1778 4423 1956 4494 gnosci
1986 4422 2265 4492 legimus:
2314 4419 2392 4474 uti
2437 4435 2537 4476 nec
2597 4417 2837 4475 Verbum
2886 4419 3072 4476 videre
3118 4419 3336 4476 Patrem

77 4510 326 4582 εἴρηται,
368 4507 483 4561 ἀλλ’
510 4511 539 4562 6
568 4510 862 4581 μονογενὴς
891 4510 1020 4574 Υἱὸς
1054 4511 1083 4564 6
1113 4511 1188 4564 ὢν
1215 4512 1296 4576 εἰς
1345 4512 1435 4566 τὸν
1465 4513 1662 4567 κόλπον

75 4602 172 4658 τοῦ
198 4600 438 4673 Πατρός.

145 4693 245 4747 21.
282 4692 350 4745 Τί
384 4693 441 4745 δὲ
465 4691 625 4746 πλέον
645 4695 724 4756 εἰς
762 4693 1037 4765 σωτηρίαν
1064 4691 1221 4765 ἡμῶν
1248 4693 1277 4746 6
1318 4693 1489 4762 Λόγος
1525 4711 1662 4766 συμ-

77 4784 342 4838 ϐάλλεται
372 4783 573 4854 μᾶλλον
625 4785 718 4838 τοῦ
745 4785 897 4850 Υἱοῦ,
929 4786 982 4839 ετ
1009 4802 1074 4854 γε
1097 4785 1215 4837 κατ’
1253 4784 1451 4848 αὐτοὺς
1503 4785 1662 4856 ἄλλος

75 4876 232 4929 ἐστὶν
261 4877 292 4928 6
317 4874 465 4939 Υἱὸς,
492 4876 587 4928 καὶ
618 4876 773 4940 ἄλλος
801 4879 830 4930 6
853 4875 1056 4945 Λόγος;
1081 4875 1364 4930 Πιστεύειν
1385 4876 1494 4948 γὰρ
1512 4877 1664 4948 ἡμᾶς

73 4967 177 5020 οὐκ
197 4966 284 5029 εἰς
303 4965 398 5018 τὸν
438 4966 634 5034 Λόγον,
677 4968 791 5021 ἀλλ’
833 4969 913 5032 εἰς
933 4967 1026 5020 τὸν
1054 4967 1182 5020 Υἰὸν
1211 4966 1502 5038 πρόσταξις
1520 4969 1658 5034 ἔστι.

148 5127 196 5158 τ’
231 5125 398 5184 Joan.
429 5145 549 5194 vm,
587 5129 676 5185 58.
756 5130 802 5161 ⁸ο
839 5127 998 5184 Joan.
1023 5145 1062 5194 ι,
1100 5129 1188 5183 10.
1265 5128 1308 5161 ⁸¹
1351 5128 1508 5186 Joan.
1544 5146 1657 5198 xlv,
1685 5131 1738 5188 9.

151 5267 268 5337 ('53)
310 5267 403 5323 Sic
430 5286 563 5324 mss.
595 5287 806 5325 omnes.
843 5269 1021 5324 Editio
1062 5269 1513 5335 Comineliniana,
1541 5271 1570 5324 6
1598 5273 1656 5326 ὲν

72 5337 158 5407 τῷ
174 5339 388 5412 llam},
425 5340 519 5412 καὶ
556 5342 585 5393 6
615 5341 803 5412 Πατὴρ
837 5342 894 5392 ὲν
921 5340 1090 5412 αὐτῷ.

151 5408 399 5481 (ἆυ-δῖε
436 5408 566 5476 Reg.
621 5408 946 5481 Seg.'Basil.
978 5408 1354 5481 et'Anglican.
1385 5411 1454 5464 At
1487 5411 1581 5465 alii
1606 5421 1660 5466 et

77 5478 424 5551 aliI_i1_’A11.i;v
455 5481 585 5550 γὰρ,
614 5478 716 5551 ἔφή
743 5483 772 5532 6
809 5481 1034 5550 Ἰησοῦς,
1071 5478 1235 5551 λέγὶυ,
1269 5489 1374 5534 etc.

153 5496 232 5538 In,
268 5496 424 5598 Αὲην
455 5497 585 5550 γαρ,
614 5496 716 5551 εφη
743 5496 772 5532 ο
815 5496 1034 5550 ἰησους,
1072 5496 1232 5548 Λεγω,
1269 5496 1374 5534 8w.

152 5548 265 5622 (ξῦ)
347 5550 487 5622 asili'
508 5551 622 5622 usis
651 5562 705 5603 et
720 5551 1082 5622 Anglicanus,
1114 5550 1422 5622 γενόμενον.
1457 5549 1659 5622 Regius

79 5626 135 5672 ot.
169 5617 562 5696 Seguerianus,
605 5617 913 5691 λεγόμενον.
954 5620 1058 5676 Alii
1106 5617 1342 5690 cdiliQUe
1365 5617 1658 5692 utrumque

76 5696 362 5745 αιωιιυηι.

1769 4513 2007 4577 dicitur,“
2041 4511 2152 4582 sed
2209 4507 2537 4580 Unigenitus
2590 4506 2762 4566 Filius
2817 4510 2912 4580 qui
2966 4520 3051 4565 est
3107 4509 3163 4564 in
3209 4509 3335 4566 sinu

1770 4604 2174 4762 Paélllfhcquid
2219 4705 2384 4762 porro
2419 4689 2658 4746 Verbum
2701 4691 2770 4746 ad
2810 4698 3051 4748 nostram
3103 4691 3335 4750 salutem

1767 4785 2004 4854 amplius
2043 4783 2221 4854 possit
2249 4780 2498 4838 conferre
2527 4798 2694 4853 quam
2730 4780 2922 4847 Filius,
2953 4784 3002 4840 si
3027 4799 3240 4854 nempe,
3274 4793 3338 4841 ut

1767 4877 2121 4941 arbitrantur,
2154 4874 2296 4930 alius
2329 4883 2413 4930 est
2441 4872 2634 4941 Filius,
2663 4883 2716 4930 et
2739 4874 2888 4930 aliud
2915 4874 3154 4932 Verbum
3175 4877 3200 4930 τ
3221 4874 3335 4934 Nos

1768 4967 1913 5023 enim
1950 4981 2060 5021 non
2095 4966 2150 5022 in
2186 4963 2447 5032 Verbum,
2482 4966 2577 5022 sed
2616 4966 2673 5021 in
2705 4963 2906 5022 Filium
2933 4965 3156 5022 credere
3176 4965 3333 5037 jube-

1828 5270 1941 5342 (56)
1983 5268 2074 5326 Sic
2103 5269 2304 5340 Regius
2334 5279 2388 5342 et
2416 5267 2802 5342 Seguerianus,
2828 5278 2890 5325 ut
2916 5280 2970 5326 et
2986 5268 3230 5329 Nannius
3257 5271 3336 5330 le-

1757 5339 1854 5411 git.
1887 5339 1990 5394 Alii
2022 5351 2077 5395 et
2103 5339 2254 5404 editi,
2289 5341 2342 5392 ετ
2381 5379 2396 5402 ,
2431 5339 2708 5395 mendose.

1827 5410 1939 5464 (57)
1979 5359 2452 5464 ϐοΜετίεηυεἸιίο
2478 5417 2532 5464 et
2554 5425 2702 5464 mox.

1827 5410 1939 5481 (57)
1979 5410 2334 5481 Gohlerianus
2361 5407 2453 5481 hic
2478 5407 2918 5481 ειίωοχηπόσος.

1828 5477 1941 5549 (58)
1981 5478 2072 5534 Sic
2102 5478 2232 5550 Reg.
2267 5479 2390 5550 Seg.
2420 5479 2586 5534 Basil.
2621 5489 2675 5534 et
2697 5477 2907 5550 Anglic.
2942 5478 3010 5533 At
3040 5480 3094 5534 in
3129 5480 3254 5538 aliis
3275 5486 3336 5540 et

1758 5549 1920 5604 editis
1943 5550 2095 5603 deest
2119 5551 2188 5601 εἰ.

1835 5619 1944 5690 (59)
1985 5617 2302 5676 Basiliensis
2329 5628 2382 5675 et
2405 5617 2758 5688 Anglicanus,
2791 5618 2883 5671 καὶ
2909 5619 3059 5692 ὁρᾷν.
