  <div class='ocr_page' id='page_1' title='image "/cluster/home/n/w/nwhite01/storage/ocr_20150623/26/nnc1.0046978577/257.png"; bbox 0 0 3834 6220; ppageno 0'>
   <div class='ocr_carea' id='block_1_1' title="bbox 438 318 543 373">
    <p class='ocr_par' dir='ltr' id='par_1_1' title="bbox 438 318 543 373">
     <span class='ocr_line' id='line_1_1' title="bbox 438 318 543 373; baseline 0.01 -1"><span class='ocrx_word' id='word_1_1' title='bbox 438 318 543 373; x_wconf 68' lang='grc'><strong>499</strong></span> 
     </span>
    </p>
   </div>
   <div class='ocr_carea' id='block_1_2' title="bbox 1023 305 3096 374">
    <p class='ocr_par' dir='ltr' id='par_1_2' title="bbox 1023 305 3096 374">
     <span class='ocr_line' id='line_1_2' title="bbox 1023 305 3096 374; baseline -0.002 -10"><span class='ocrx_word' id='word_1_2' title='bbox 1023 319 1091 374; x_wconf 89' lang='lat' dir='ltr'><strong>.S.</strong></span> <span class='ocrx_word' id='word_1_3' title='bbox 1129 311 1504 370; x_wconf 78' lang='lat' dir='ltr'><strong>ATHANASII</strong></span> <span class='ocrx_word' id='word_1_4' title='bbox 1544 311 1694 367; x_wconf 87' lang='lat' dir='ltr'><strong>OPP.</strong></span> <span class='ocrx_word' id='word_1_5' title='bbox 1734 311 1914 366; x_wconf 79' lang='lat' dir='ltr'><strong>PARS</strong></span> <span class='ocrx_word' id='word_1_6' title='bbox 1954 308 1994 363; x_wconf 92' lang='grc' dir='ltr'><strong>Ι.</strong></span> <span class='ocrx_word' id='word_1_7' title='bbox 2034 339 2105 351; x_wconf 89' lang='grc'><strong><em>-</em></strong></span> <span class='ocrx_word' id='word_1_8' title='bbox 2141 305 2513 365; x_wconf 77' lang='lat' dir='ltr'><strong>HISTORICA</strong></span> <span class='ocrx_word' id='word_1_9' title='bbox 2552 305 2640 362; x_wconf 84' lang='lat' dir='ltr'><strong>ET</strong></span> <span class='ocrx_word' id='word_1_10' title='bbox 2679 305 3096 362; x_wconf 80' lang='lat' dir='ltr'><strong>DOGMATICA.</strong></span> 
     </span>
    </p>
   </div>
   <div class='ocr_carea' id='block_1_3' title="bbox 3571 306 3686 363">
    <p class='ocr_par' dir='ltr' id='par_1_3' title="bbox 3571 306 3686 363">
     <span class='ocr_line' id='line_1_3' title="bbox 3571 306 3686 363; baseline 0 0"><span class='ocrx_word' id='word_1_11' title='bbox 3571 306 3686 363; x_wconf 80' lang='lat'><strong>500</strong></span> 
     </span>
    </p>
   </div>
   <div class='ocr_carea' id='block_1_4' title="bbox 431 399 2020 498">
    <p class='ocr_par' dir='ltr' id='par_1_4' title="bbox 431 423 2002 495">
     <span class='ocr_line' id='line_1_4' title="bbox 431 423 2002 495; baseline -0.009 -6"><span class='ocrx_word' id='word_1_12' title='bbox 431 445 584 495; x_wconf 84' lang='lat' dir='ltr'><strong>mur,</strong></span> <span class='ocrx_word' id='word_1_13' title='bbox 619 436 680 485; x_wconf 91' lang='lat' dir='ltr'><strong>ut</strong></span> <span class='ocrx_word' id='word_1_14' title='bbox 707 431 945 486; x_wconf 76' lang='lat' dir='ltr'><strong>Joannes</strong></span> <span class='ocrx_word' id='word_1_15' title='bbox 977 429 1064 485; x_wconf 82' lang='lat' dir='ltr'><strong>his</strong></span> <span class='ocrx_word' id='word_1_16' title='bbox 1106 428 1288 482; x_wconf 82' lang='lat' dir='ltr'><strong>verbis</strong></span> <span class='ocrx_word' id='word_1_17' title='bbox 1309 428 1549 484; x_wconf 74' lang='lat' dir='ltr'><strong>declarat</strong></span> <span class='ocrx_word' id='word_1_18' title='bbox 1582 447 1596 483; x_wconf 89' lang='lat'>:</span> <span class='ocrx_word' id='word_1_19' title='bbox 1632 425 1738 492; x_wconf 81' lang='lat' dir='ltr'><strong>Qui</strong></span> <span class='ocrx_word' id='word_1_20' title='bbox 1765 424 1929 479; x_wconf 80' lang='lat' dir='ltr'><strong>credit</strong></span> <span class='ocrx_word' id='word_1_21' title='bbox 1949 423 2002 476; x_wconf 83' lang='lat' dir='ltr'><strong>in</strong></span> 
     </span>
    </p>
   </div>
   <div class='ocr_carea' id='block_1_5' title="bbox 2116 399 3696 498">
    <p class='ocr_par' dir='ltr' id='par_1_5' title="bbox 2116 399 3696 498">
     <span class='ocr_line' id='line_1_5' title="bbox 2116 399 3696 498; baseline 0.006 -23"><span class='ocrx_word' id='word_1_22' title='bbox 2116 422 2367 498; x_wconf 73' lang='grc' dir='ltr'><strong>ιησιγάρ</strong></span> <span class='ocrx_word' id='word_1_23' title='bbox 2393 425 2423 477; x_wconf 92' lang='lat'><strong>6</strong></span> <span class='ocrx_word' id='word_1_24' title='bbox 2476 425 2725 494; x_wconf 80' lang='grc' dir='ltr'><strong>Ἰωάννης</strong></span> <span class='ocrx_word' id='word_1_25' title='bbox 2775 421 2907 495; x_wconf 70' lang='grc' dir='ltr'><strong>(ιο)-</strong></span> <span class='ocrx_word' id='word_1_26' title='bbox 2982 423 3044 476; x_wconf 84' lang='lat' dir='ltr'><strong>&#39;o</strong></span> <span class='ocrx_word' id='word_1_27' title='bbox 3093 423 3392 478; x_wconf 72' lang='grc' dir='ltr'><strong>πιστεύων</strong></span> <span class='ocrx_word' id='word_1_28' title='bbox 3437 428 3527 493; x_wconf 81' lang='grc' dir='ltr'><strong>εις</strong></span> <span class='ocrx_word' id='word_1_29' title='bbox 3572 399 3696 484; x_wconf 22' lang='grc' dir='ltr'><strong>τὸν.</strong></span> 
     </span>
    </p>
   </div>
   <div class='ocr_carea' id='block_1_6' title="bbox 438 514 2020 591">
    <p class='ocr_par' dir='ltr' id='par_1_6' title="bbox 438 516 2005 591">
     <span class='ocr_line' id='line_1_6' title="bbox 438 516 2005 591; baseline -0.007 -14"><span class='ocrx_word' id='word_1_30' title='bbox 438 523 665 587; x_wconf 73' lang='lat' dir='ltr'><strong>Filium,</strong></span> <span class='ocrx_word' id='word_1_31' title='bbox 693 521 862 576; x_wconf 74' lang='lat' dir='ltr'><strong>habet</strong></span> <span class='ocrx_word' id='word_1_32' title='bbox 895 522 1059 578; x_wconf 80' lang='lat' dir='ltr'><strong>vitam</strong></span> <span class='ocrx_word' id='word_1_33' title='bbox 1091 531 1347 577; x_wconf 67' lang='lat' dir='ltr'><strong>internum</strong></span> <span class='ocrx_word' id='word_1_34' title='bbox 1370 537 1389 574; x_wconf 88' lang='lat'><strong><em>:</em></strong></span> <span class='ocrx_word' id='word_1_35' title='bbox 1418 521 1509 591; x_wconf 82' lang='lat' dir='ltr'><strong>qui</strong></span> <span class='ocrx_word' id='word_1_36' title='bbox 1530 527 1706 573; x_wconf 75' lang='lat' dir='ltr'><strong>autem</strong></span> <span class='ocrx_word' id='word_1_37' title='bbox 1734 516 1876 570; x_wconf 74' lang='lat' dir='ltr'><strong>Filio</strong></span> <span class='ocrx_word' id='word_1_38' title='bbox 1901 529 2005 568; x_wconf 84' lang='lat' dir='ltr'><strong>non</strong></span> 
     </span>
    </p>
   </div>
   <div class='ocr_carea' id='block_1_7' title="bbox 2116 514 3687 591">
    <p class='ocr_par' dir='ltr' id='par_1_7' title="bbox 2116 514 3687 586">
     <span class='ocr_line' id='line_1_7' title="bbox 2116 514 3687 586; baseline 0.007 -20"><span class='ocrx_word' id='word_1_39' title='bbox 2116 515 2240 569; x_wconf 78' lang='grc' dir='ltr'><strong>Γιὸν</strong></span> <span class='ocrx_word' id='word_1_40' title='bbox 2274 515 2398 584; x_wconf 75' lang='grc' dir='ltr'><strong>ἔχει</strong></span> <span class='ocrx_word' id='word_1_41' title='bbox 2427 516 2580 584; x_wconf 79' lang='grc' dir='ltr'><em>ζωὴν</em></span> <span class='ocrx_word' id='word_1_42' title='bbox 2610 515 2916 569; x_wconf 66' lang='grc' dir='ltr'><strong>αὶώνιονό</strong></span> <span class='ocrx_word' id='word_1_43' title='bbox 2943 514 3013 568; x_wconf 80' lang='grc' dir='ltr'><strong>δὲ</strong></span> <span class='ocrx_word' id='word_1_44' title='bbox 3041 514 3301 570; x_wconf 78' lang='grc' dir='ltr'><strong>ἀπειθῶν</strong></span> <span class='ocrx_word' id='word_1_45' title='bbox 3321 517 3402 584; x_wconf 81' lang='grc' dir='ltr'><strong>τῷ</strong></span> <span class='ocrx_word' id='word_1_46' title='bbox 3431 517 3541 586; x_wconf 86' lang='grc' dir='ltr'><strong>Υιῷ</strong></span> <span class='ocrx_word' id='word_1_47' title='bbox 3569 522 3687 576; x_wconf 74' lang='grc' dir='ltr'><strong>οὐκ</strong></span> 
     </span>
    </p>
   </div>
   <div class='ocr_carea' id='block_1_8' title="bbox 430 605 2004 682">
    <p class='ocr_par' dir='ltr' id='par_1_8' title="bbox 430 605 2004 682">
     <span class='ocr_line' id='line_1_8' title="bbox 430 605 2004 682; baseline -0.007 -11"><span class='ocrx_word' id='word_1_48' title='bbox 430 616 623 679; x_wconf 70' lang='lat' dir='ltr'><strong>credit,</strong></span> <span class='ocrx_word' id='word_1_49' title='bbox 673 631 777 668; x_wconf 84' lang='lat' dir='ltr'><strong>non</strong></span> <span class='ocrx_word' id='word_1_50' title='bbox 821 613 1013 668; x_wconf 77' lang='lat' dir='ltr'><strong>videbit</strong></span> <span class='ocrx_word' id='word_1_51' title='bbox 1044 615 1207 668; x_wconf 82' lang='lat' dir='ltr'><strong>vitam</strong></span> <span class='ocrx_word' id='word_1_52' title='bbox 1223 613 1291 668; x_wconf 80' lang='lat'><strong>“.</strong></span> <span class='ocrx_word' id='word_1_53' title='bbox 1335 613 1565 682; x_wconf 84' lang='lat' dir='ltr'><strong>Insuper</strong></span> <span class='ocrx_word' id='word_1_54' title='bbox 1609 621 1856 666; x_wconf 88' lang='lat' dir='ltr'><strong>sanctum</strong></span> <span class='ocrx_word' id='word_1_55' title='bbox 1904 605 2004 661; x_wconf 87' lang='lat' dir='ltr'><strong>ba-</strong></span> 
     </span>
    </p>
   </div>
   <div class='ocr_carea' id='block_1_9' title="bbox 433 701 2010 776">
    <p class='ocr_par' dir='ltr' id='par_1_9' title="bbox 433 701 2010 776">
     <span class='ocr_line' id='line_1_9' title="bbox 433 701 2010 776; baseline -0.007 -17"><span class='ocrx_word' id='word_1_56' title='bbox 433 707 656 776; x_wconf 84' lang='lat' dir='ltr'><strong>ptisma,</strong></span> <span class='ocrx_word' id='word_1_57' title='bbox 690 705 745 759; x_wconf 93' lang='lat' dir='ltr'><strong>in</strong></span> <span class='ocrx_word' id='word_1_58' title='bbox 781 717 895 774; x_wconf 83' lang='lat' dir='ltr'><strong>quo</strong></span> <span class='ocrx_word' id='word_1_59' title='bbox 922 703 1090 759; x_wconf 91' lang='lat' dir='ltr'><strong>totius</strong></span> <span class='ocrx_word' id='word_1_60' title='bbox 1133 712 1340 759; x_wconf 74' lang='lat' dir='ltr'><strong>nostra:</strong></span> <span class='ocrx_word' id='word_1_61' title='bbox 1375 702 1500 756; x_wconf 91' lang='lat' dir='ltr'><strong>ﬁdei</strong></span> <span class='ocrx_word' id='word_1_62' title='bbox 1543 701 1719 771; x_wconf 90' lang='lat' dir='ltr'><strong>posita</strong></span> <span class='ocrx_word' id='word_1_63' title='bbox 1767 707 1849 753; x_wconf 92' lang='lat' dir='ltr'><strong>est</strong></span> <span class='ocrx_word' id='word_1_64' title='bbox 1876 711 2010 751; x_wconf 49' lang='lat' dir='ltr'><strong>con.-</strong></span> 
     </span>
    </p>
   </div>
   <div class='ocr_carea' id='block_1_10' title="bbox 436 787 2005 860">
    <p class='ocr_par' dir='ltr' id='par_1_10' title="bbox 436 787 2005 860">
     <span class='ocr_line' id='line_1_10' title="bbox 436 787 2005 860; baseline -0.006 -10"><span class='ocrx_word' id='word_1_65' title='bbox 436 796 669 860; x_wconf 76' lang='lat' dir='ltr'><strong>stitutio,</strong></span> <span class='ocrx_word' id='word_1_66' title='bbox 702 810 811 850; x_wconf 92' lang='lat' dir='ltr'><strong>non</strong></span> <span class='ocrx_word' id='word_1_67' title='bbox 839 794 894 848; x_wconf 85' lang='lat' dir='ltr'><strong>in</strong></span> <span class='ocrx_word' id='word_1_68' title='bbox 921 793 1183 860; x_wconf 82' lang='lat' dir='ltr'><strong>Verbum,</strong></span> <span class='ocrx_word' id='word_1_69' title='bbox 1233 793 1328 850; x_wconf 90' lang='lat' dir='ltr'><strong>sed</strong></span> <span class='ocrx_word' id='word_1_70' title='bbox 1361 793 1416 848; x_wconf 92' lang='lat' dir='ltr'><strong>in</strong></span> <span class='ocrx_word' id='word_1_71' title='bbox 1449 791 1666 847; x_wconf 87' lang='lat' dir='ltr'><strong>Patrem</strong></span> <span class='ocrx_word' id='word_1_72' title='bbox 1711 797 1766 846; x_wconf 92' lang='lat' dir='ltr'><strong>et</strong></span> <span class='ocrx_word' id='word_1_73' title='bbox 1808 787 2005 842; x_wconf 83' lang='lat' dir='ltr'><strong>Filium</strong></span> 
     </span>
    </p>
   </div>
   <div class='ocr_carea' id='block_1_11' title="bbox 437 877 2008 955">
    <p class='ocr_par' dir='ltr' id='par_1_11' title="bbox 437 877 2008 955">
     <span class='ocr_line' id='line_1_11' title="bbox 437 877 2008 955; baseline -0.006 -15"><span class='ocrx_word' id='word_1_74' title='bbox 437 894 494 940; x_wconf 89' lang='lat' dir='ltr'><strong>et</strong></span> <span class='ocrx_word' id='word_1_75' title='bbox 527 893 778 940; x_wconf 87' lang='lat' dir='ltr'><strong>sanctum</strong></span> <span class='ocrx_word' id='word_1_76' title='bbox 824 884 1093 955; x_wconf 85' lang='lat' dir='ltr'><strong>Spiritum</strong></span> <span class='ocrx_word' id='word_1_77' title='bbox 1144 885 1323 939; x_wconf 88' lang='lat' dir='ltr'><strong>datur.</strong></span> <span class='ocrx_word' id='word_1_78' title='bbox 1375 881 1716 952; x_wconf 85' lang='lat' dir='ltr'><strong>Quapropter</strong></span> <span class='ocrx_word' id='word_1_79' title='bbox 1749 878 1911 948; x_wconf 80' lang='lat'><strong>502</strong></span> <span class='ocrx_word' id='word_1_80' title='bbox 1962 877 2008 930; x_wconf 91' lang='lat' dir='ltr'><strong>si</strong></span> 
     </span>
    </p>
   </div>
   <div class='ocr_carea' id='block_1_12' title="bbox 435 969 2007 1037">
    <p class='ocr_par' dir='ltr' id='par_1_12' title="bbox 435 969 2007 1037">
     <span class='ocr_line' id='line_1_12' title="bbox 435 969 2007 1037; baseline -0.007 -5"><span class='ocrx_word' id='word_1_81' title='bbox 435 975 737 1032; x_wconf 75' lang='lat' dir='ltr'><strong>secundum</strong></span> <span class='ocrx_word' id='word_1_82' title='bbox 782 976 906 1031; x_wconf 90' lang='lat' dir='ltr'><strong>illos</strong></span> <span class='ocrx_word' id='word_1_83' title='bbox 948 976 1096 1030; x_wconf 86' lang='lat' dir='ltr'><strong>aliud</strong></span> <span class='ocrx_word' id='word_1_84' title='bbox 1130 984 1216 1030; x_wconf 85' lang='lat' dir='ltr'><strong>est</strong></span> <span class='ocrx_word' id='word_1_85' title='bbox 1250 973 1506 1037; x_wconf 87' lang='lat' dir='ltr'><strong>Verbum,</strong></span> <span class='ocrx_word' id='word_1_86' title='bbox 1542 982 1596 1028; x_wconf 90' lang='lat' dir='ltr'><strong>et</strong></span> <span class='ocrx_word' id='word_1_87' title='bbox 1637 971 1776 1026; x_wconf 89' lang='lat' dir='ltr'><strong>alius</strong></span> <span class='ocrx_word' id='word_1_88' title='bbox 1818 969 2007 1033; x_wconf 87' lang='lat' dir='ltr'><strong>Filius,</strong></span> 
     </span>
    </p>
   </div>
   <div class='ocr_carea' id='block_1_13' title="bbox 434 1062 2012 1122">
    <p class='ocr_par' dir='ltr' id='par_1_13' title="bbox 434 1062 2012 1122">
     <span class='ocr_line' id='line_1_13' title="bbox 434 1062 2012 1122; baseline -0.003 -2"><span class='ocrx_word' id='word_1_89' title='bbox 434 1077 538 1120; x_wconf 87' lang='lat' dir='ltr'><strong>nec</strong></span> <span class='ocrx_word' id='word_1_90' title='bbox 571 1062 813 1121; x_wconf 81' lang='lat' dir='ltr'><strong>Verbum</strong></span> <span class='ocrx_word' id='word_1_91' title='bbox 841 1075 926 1121; x_wconf 84' lang='lat' dir='ltr'><strong>est</strong></span> <span class='ocrx_word' id='word_1_92' title='bbox 958 1065 1128 1122; x_wconf 89' lang='lat' dir='ltr'><strong>Filius</strong></span> <span class='ocrx_word' id='word_1_93' title='bbox 1157 1084 1170 1119; x_wconf 90' lang='lat'><strong>:</strong></span> <span class='ocrx_word' id='word_1_94' title='bbox 1214 1065 1349 1120; x_wconf 86' lang='lat' dir='ltr'><strong>nihil</strong></span> <span class='ocrx_word' id='word_1_95' title='bbox 1377 1079 1510 1120; x_wconf 87' lang='lat' dir='ltr'><strong>sane</strong></span> <span class='ocrx_word' id='word_1_96' title='bbox 1540 1064 1607 1119; x_wconf 90' lang='lat' dir='ltr'><strong>ad</strong></span> <span class='ocrx_word' id='word_1_97' title='bbox 1638 1062 1877 1118; x_wconf 80' lang='lat' dir='ltr'><strong>Verbum</strong></span> <span class='ocrx_word' id='word_1_98' title='bbox 1916 1062 2012 1116; x_wconf 90' lang='lat' dir='ltr'><strong>ba-</strong></span> 
     </span>
    </p>
   </div>
   <div class='ocr_carea' id='block_1_14' title="bbox 436 1155 2011 1231">
    <p class='ocr_par' dir='ltr' id='par_1_14' title="bbox 436 1155 2011 1231">
     <span class='ocr_line' id='line_1_14' title="bbox 436 1155 2011 1231; baseline -0.004 -18"><span class='ocrx_word' id='word_1_99' title='bbox 436 1161 637 1229; x_wconf 86' lang='lat' dir='ltr'><strong>ptlsma</strong></span> <span class='ocrx_word' id='word_1_100' title='bbox 669 1161 928 1230; x_wconf 85' lang='lat' dir='ltr'><strong>pertinet.</strong></span> <span class='ocrx_word' id='word_1_101' title='bbox 955 1159 1242 1227; x_wconf 86' lang='lat' dir='ltr'><strong>Quomodo</strong></span> <span class='ocrx_word' id='word_1_102' title='bbox 1265 1159 1430 1231; x_wconf 83' lang='lat' dir='ltr'><strong>igitur</strong></span> <span class='ocrx_word' id='word_1_103' title='bbox 1451 1157 1687 1214; x_wconf 84' lang='lat' dir='ltr'><strong>Verbum</strong></span> <span class='ocrx_word' id='word_1_104' title='bbox 1714 1155 2011 1213; x_wconf 88' lang='lat' dir='ltr'><strong>secundum</strong></span> 
     </span>
    </p>
   </div>
   <div class='ocr_carea' id='block_1_15' title="bbox 441 1245 2013 1319">
    <p class='ocr_par' dir='ltr' id='par_1_15' title="bbox 441 1245 2013 1319">
     <span class='ocr_line' id='line_1_15' title="bbox 441 1245 2013 1319; baseline -0.004 -15"><span class='ocrx_word' id='word_1_105' title='bbox 441 1251 566 1307; x_wconf 88' lang='lat' dir='ltr'><strong>illos</strong></span> <span class='ocrx_word' id='word_1_106' title='bbox 600 1267 709 1306; x_wconf 89' lang='lat' dir='ltr'><strong>una</strong></span> <span class='ocrx_word' id='word_1_107' title='bbox 734 1259 818 1307; x_wconf 91' lang='lat' dir='ltr'><strong>est</strong></span> <span class='ocrx_word' id='word_1_108' title='bbox 849 1267 974 1306; x_wconf 88' lang='lat' dir='ltr'><strong>cum</strong></span> <span class='ocrx_word' id='word_1_109' title='bbox 1005 1249 1189 1314; x_wconf 87' lang='lat' dir='ltr'><strong>Patre,</strong></span> <span class='ocrx_word' id='word_1_110' title='bbox 1221 1264 1343 1305; x_wconf 91' lang='lat' dir='ltr'><strong>cum</strong></span> <span class='ocrx_word' id='word_1_111' title='bbox 1367 1250 1424 1304; x_wconf 89' lang='lat' dir='ltr'><strong>in</strong></span> <span class='ocrx_word' id='word_1_112' title='bbox 1442 1247 1695 1319; x_wconf 82' lang='lat' dir='ltr'><strong>baptismi</strong></span> <span class='ocrx_word' id='word_1_113' title='bbox 1721 1245 2013 1302; x_wconf 90' lang='lat' dir='ltr'><strong>donatione</strong></span> 
     </span>
    </p>
   </div>
   <div class='ocr_carea' id='block_1_16' title="bbox 439 1331 2016 1410">
    <p class='ocr_par' dir='ltr' id='par_1_16' title="bbox 439 1331 2016 1410">
     <span class='ocr_line' id='line_1_16' title="bbox 439 1331 2016 1410; baseline -0.008 -9"><span class='ocrx_word' id='word_1_114' title='bbox 439 1357 549 1401; x_wconf 79' lang='lat' dir='ltr'><strong>una</strong></span> <span class='ocrx_word' id='word_1_115' title='bbox 573 1357 696 1398; x_wconf 89' lang='lat' dir='ltr'><strong>cum</strong></span> <span class='ocrx_word' id='word_1_116' title='bbox 728 1357 794 1397; x_wconf 92' lang='lat' dir='ltr'><strong>eo</strong></span> <span class='ocrx_word' id='word_1_117' title='bbox 821 1358 929 1396; x_wconf 93' lang='lat' dir='ltr'><strong>non</strong></span> <span class='ocrx_word' id='word_1_118' title='bbox 958 1342 1030 1397; x_wconf 87' lang='lat' dir='ltr'><strong>sit</strong></span> <span class='ocrx_word' id='word_1_119' title='bbox 1057 1341 1081 1394; x_wconf 87' lang='lat'><strong>?</strong></span> <span class='ocrx_word' id='word_1_120' title='bbox 1105 1341 1175 1395; x_wconf 85' lang='lat' dir='ltr'><strong>At</strong></span> <span class='ocrx_word' id='word_1_121' title='bbox 1208 1339 1347 1395; x_wconf 83' lang='lat' dir='ltr'><strong>forte</strong></span> <span class='ocrx_word' id='word_1_122' title='bbox 1374 1338 1694 1410; x_wconf 86' lang='lat' dir='ltr'><strong>responsuri</strong></span> <span class='ocrx_word' id='word_1_123' title='bbox 1726 1345 1852 1392; x_wconf 82' lang='lat' dir='ltr'><strong>sunt</strong></span> <span class='ocrx_word' id='word_1_124' title='bbox 1881 1331 2016 1390; x_wconf 51' lang='lat' dir='ltr'><strong>Ver-</strong></span> 
     </span>
    </p>
   </div>
   <div class='ocr_carea' id='block_1_17' title="bbox 441 1430 2016 1498">
    <p class='ocr_par' dir='ltr' id='par_1_17' title="bbox 441 1430 2016 1498">
     <span class='ocr_line' id='line_1_17' title="bbox 441 1430 2016 1498; baseline -0.004 -12"><span class='ocrx_word' id='word_1_125' title='bbox 441 1433 571 1487; x_wconf 87' lang='lat' dir='ltr'><strong>bum</strong></span> <span class='ocrx_word' id='word_1_126' title='bbox 604 1435 659 1488; x_wconf 90' lang='lat' dir='ltr'><strong>in</strong></span> <span class='ocrx_word' id='word_1_127' title='bbox 702 1431 880 1488; x_wconf 81' lang='lat' dir='ltr'><strong>Patris</strong></span> <span class='ocrx_word' id='word_1_128' title='bbox 931 1434 1150 1488; x_wconf 87' lang='lat' dir='ltr'><strong>nomine</strong></span> <span class='ocrx_word' id='word_1_129' title='bbox 1202 1431 1489 1488; x_wconf 88' lang='lat' dir='ltr'><strong>contineri.</strong></span> <span class='ocrx_word' id='word_1_130' title='bbox 1543 1430 1740 1497; x_wconf 83' lang='lat' dir='ltr'><strong>Quidni</strong></span> <span class='ocrx_word' id='word_1_131' title='bbox 1785 1443 1916 1498; x_wconf 88' lang='lat' dir='ltr'><strong>ergo</strong></span> <span class='ocrx_word' id='word_1_132' title='bbox 1961 1435 2016 1482; x_wconf 89' lang='lat' dir='ltr'><strong>et</strong></span> 
     </span>
    </p>
   </div>
   <div class='ocr_carea' id='block_1_18' title="bbox 439 1518 2017 1596">
    <p class='ocr_par' dir='ltr' id='par_1_18' title="bbox 439 1518 2017 1596">
     <span class='ocr_line' id='line_1_18' title="bbox 439 1518 2017 1596; baseline -0.004 -16"><span class='ocrx_word' id='word_1_133' title='bbox 439 1524 728 1596; x_wconf 82' lang='lat' dir='ltr'><strong>Spiritus?</strong></span> <span class='ocrx_word' id='word_1_134' title='bbox 765 1527 849 1581; x_wconf 83' lang='lat' dir='ltr'><strong>An</strong></span> <span class='ocrx_word' id='word_1_135' title='bbox 878 1541 1008 1582; x_wconf 82' lang='lat' dir='ltr'><strong>vero</strong></span> <span class='ocrx_word' id='word_1_136' title='bbox 1042 1536 1194 1581; x_wconf 77' lang='lat' dir='ltr'><strong>extra</strong></span> <span class='ocrx_word' id='word_1_137' title='bbox 1232 1523 1448 1580; x_wconf 88' lang='lat' dir='ltr'><strong>Patrem</strong></span> <span class='ocrx_word' id='word_1_138' title='bbox 1482 1524 1696 1580; x_wconf 83' lang='lat' dir='ltr'><strong>exsistit</strong></span> <span class='ocrx_word' id='word_1_139' title='bbox 1735 1518 2017 1591; x_wconf 86' lang='lat' dir='ltr'><strong>Spiritus?</strong></span> 
     </span>
    </p>
   </div>
   <div class='ocr_carea' id='block_1_19' title="bbox 442 1613 2017 1683">
    <p class='ocr_par' dir='ltr' id='par_1_19' title="bbox 442 1613 2017 1683">
     <span class='ocr_line' id='line_1_19' title="bbox 442 1613 2017 1683; baseline -0.004 -13"><span class='ocrx_word' id='word_1_140' title='bbox 442 1613 671 1681; x_wconf 86' lang='lat' dir='ltr'><strong>Deinde,</strong></span> <span class='ocrx_word' id='word_1_141' title='bbox 701 1616 746 1671; x_wconf 91' lang='lat' dir='ltr'><strong>si</strong></span> <span class='ocrx_word' id='word_1_142' title='bbox 779 1613 1011 1671; x_wconf 87' lang='lat' dir='ltr'><strong>Verbum</strong></span> <span class='ocrx_word' id='word_1_143' title='bbox 1041 1631 1148 1670; x_wconf 91' lang='lat' dir='ltr'><strong>non</strong></span> <span class='ocrx_word' id='word_1_144' title='bbox 1182 1624 1265 1670; x_wconf 89' lang='lat' dir='ltr'><strong>est</strong></span> <span class='ocrx_word' id='word_1_145' title='bbox 1290 1614 1486 1681; x_wconf 89' lang='lat' dir='ltr'><strong>Filius,</strong></span> <span class='ocrx_word' id='word_1_146' title='bbox 1510 1614 1676 1669; x_wconf 91' lang='lat' dir='ltr'><strong>homo</strong></span> <span class='ocrx_word' id='word_1_147' title='bbox 1704 1613 1867 1683; x_wconf 82' lang='lat' dir='ltr'><strong>igitur</strong></span> <span class='ocrx_word' id='word_1_148' title='bbox 1894 1619 2017 1681; x_wconf 90' lang='lat' dir='ltr'><strong>post</strong></span> 
     </span>
    </p>
   </div>
   <div class='ocr_carea' id='block_1_20' title="bbox 438 1702 2012 1775">
    <p class='ocr_par' dir='ltr' id='par_1_20' title="bbox 438 1702 2012 1775">
     <span class='ocr_line' id='line_1_20' title="bbox 438 1702 2012 1775; baseline -0.003 -16"><span class='ocrx_word' id='word_1_149' title='bbox 438 1702 658 1774; x_wconf 80' lang='lat' dir='ltr'><strong>Patrem</strong></span> <span class='ocrx_word' id='word_1_150' title='bbox 684 1707 1049 1760; x_wconf 84' lang='lat' dir='ltr'><strong>nominandus</strong></span> <span class='ocrx_word' id='word_1_151' title='bbox 1070 1705 1192 1772; x_wconf 89' lang='lat' dir='ltr'><strong>erit,</strong></span> <span class='ocrx_word' id='word_1_152' title='bbox 1211 1718 1263 1761; x_wconf 90' lang='lat' dir='ltr'><strong>et</strong></span> <span class='ocrx_word' id='word_1_153' title='bbox 1291 1706 1528 1775; x_wconf 88' lang='lat' dir='ltr'><strong>Spiritus</strong></span> <span class='ocrx_word' id='word_1_154' title='bbox 1559 1711 1681 1774; x_wconf 89' lang='lat' dir='ltr'><strong>post</strong></span> <span class='ocrx_word' id='word_1_155' title='bbox 1709 1703 2012 1758; x_wconf 87' lang='lat' dir='ltr'><strong>hominem:</strong></span> 
     </span>
    </p>
   </div>
   <div class='ocr_carea' id='block_1_21' title="bbox 2107 607 3689 682">
    <p class='ocr_par' dir='ltr' id='par_1_21' title="bbox 2107 607 3689 682">
     <span class='ocr_line' id='line_1_21' title="bbox 2107 607 3689 682; baseline 0.001 -20"><span class='ocrx_word' id='word_1_156' title='bbox 2107 609 2318 677; x_wconf 71' lang='grc' dir='ltr'><strong>ὄψεται</strong></span> <span class='ocrx_word' id='word_1_157' title='bbox 2366 607 2538 678; x_wconf 79' lang='grc' dir='ltr'><strong>ζωήν.</strong></span> <span class='ocrx_word' id='word_1_158' title='bbox 2587 608 2699 662; x_wconf 79' lang='grc' dir='ltr'><strong>Καὶ</strong></span> <span class='ocrx_word' id='word_1_159' title='bbox 2742 607 2804 661; x_wconf 79' lang='grc' dir='ltr'><strong>τὸ</strong></span> <span class='ocrx_word' id='word_1_160' title='bbox 2863 607 3020 677; x_wconf 75' lang='grc' dir='ltr'><strong>ἀγιον</strong></span> <span class='ocrx_word' id='word_1_161' title='bbox 3067 608 3124 661; x_wconf 85' lang='grc' dir='ltr'><strong>δὲ</strong></span> <span class='ocrx_word' id='word_1_162' title='bbox 3176 609 3477 681; x_wconf 84' lang='grc' dir='ltr'><strong>βάπτισμα,</strong></span> <span class='ocrx_word' id='word_1_163' title='bbox 3530 615 3592 665; x_wconf 82' lang='grc' dir='ltr'><strong>ὲν</strong></span> 
     </span>
    </p>
   </div>
   <div class='ocr_carea' id='block_1_22' title="bbox 2108 699 3690 771">
    <p class='ocr_par' dir='ltr' id='par_1_22' title="bbox 2108 699 3690 771">
     <span class='ocr_line' id='line_1_22' title="bbox 2108 699 3690 771; baseline 0.001 -15"><span class='ocrx_word' id='word_1_164' title='bbox 2108 703 2287 771; x_wconf 86' lang='grc' dir='ltr'><strong>πάσης</strong></span> <span class='ocrx_word' id='word_1_165' title='bbox 2306 701 2542 764; x_wconf 79' lang='grc' dir='ltr'><strong>πίστεως</strong></span> <span class='ocrx_word' id='word_1_166' title='bbox 2577 700 2732 771; x_wconf 85' lang='grc' dir='ltr'><strong>ήμῶν</strong></span> <span class='ocrx_word' id='word_1_167' title='bbox 2775 701 2809 770; x_wconf 78' lang='grc' dir='ltr'><strong>ἡ</strong></span> <span class='ocrx_word' id='word_1_168' title='bbox 2846 699 3102 765; x_wconf 89' lang='grc' dir='ltr'><strong>σύστασις</strong></span> <span class='ocrx_word' id='word_1_169' title='bbox 3134 702 3314 771; x_wconf 83' lang='grc' dir='ltr'>ὁρμεῖ,</span> <span class='ocrx_word' id='word_1_170' title='bbox 3348 702 3447 756; x_wconf 85' lang='grc' dir='ltr'><strong>οὐκ</strong></span> <span class='ocrx_word' id='word_1_171' title='bbox 3473 704 3552 767; x_wconf 78' lang='grc' dir='ltr'><strong>είς</strong></span> <span class='ocrx_word' id='word_1_172' title='bbox 3579 705 3690 758; x_wconf 79' lang='grc' dir='ltr'><strong>Λό-</strong></span> 
     </span>
    </p>
   </div>
   <div class='ocr_carea' id='block_1_23' title="bbox 2107 792 3692 868">
    <p class='ocr_par' dir='ltr' id='par_1_23' title="bbox 2107 792 3692 868">
     <span class='ocr_line' id='line_1_23' title="bbox 2107 792 3692 868; baseline 0.003 -21"><span class='ocrx_word' id='word_1_173' title='bbox 2107 812 2224 864; x_wconf 87' lang='grc' dir='ltr'><strong>γον,</strong></span> <span class='ocrx_word' id='word_1_174' title='bbox 2271 793 2384 848; x_wconf 84' lang='grc' dir='ltr'>ἀλλ’</span> <span class='ocrx_word' id='word_1_175' title='bbox 2428 795 2507 858; x_wconf 75' lang='grc' dir='ltr'><strong>εἰς</strong></span> <span class='ocrx_word' id='word_1_176' title='bbox 2561 794 2776 866; x_wconf 81' lang='grc' dir='ltr'><strong>Πατέρα</strong></span> <span class='ocrx_word' id='word_1_177' title='bbox 2831 793 2924 846; x_wconf 81' lang='grc' dir='ltr'><strong>καὶ</strong></span> <span class='ocrx_word' id='word_1_178' title='bbox 2955 792 3082 846; x_wconf 85' lang='grc' dir='ltr'><strong>Υἱὸν</strong></span> <span class='ocrx_word' id='word_1_179' title='bbox 3127 794 3220 847; x_wconf 79' lang='grc' dir='ltr'><strong>καὶ</strong></span> <span class='ocrx_word' id='word_1_180' title='bbox 3268 794 3418 864; x_wconf 79' lang='grc' dir='ltr'><strong>ἅγιον</strong></span> <span class='ocrx_word' id='word_1_181' title='bbox 3455 797 3692 868; x_wconf 78' lang='grc' dir='ltr'><strong>Πνεῦμα</strong></span> 
     </span>
    </p>
   </div>
   <div class='ocr_carea' id='block_1_24' title="bbox 2108 879 3692 958">
    <p class='ocr_par' dir='ltr' id='par_1_24' title="bbox 2108 879 3692 958">
     <span class='ocr_line' id='line_1_24' title="bbox 2108 879 3692 958; baseline 0.003 -19"><span class='ocrx_word' id='word_1_182' title='bbox 2108 886 2328 940; x_wconf 80' lang='grc' dir='ltr'><strong>δίδοται.</strong></span> <span class='ocrx_word' id='word_1_183' title='bbox 2352 884 2525 948; x_wconf 82' lang='grc' dir='ltr'>Εἴπερ</span> <span class='ocrx_word' id='word_1_184' title='bbox 2553 879 2647 938; x_wconf 73' lang='grc' dir='ltr'><strong>οὖν</strong></span> <span class='ocrx_word' id='word_1_185' title='bbox 2675 887 2796 938; x_wconf 82' lang='grc' dir='ltr'><strong>κατ’</strong></span> <span class='ocrx_word' id='word_1_186' title='bbox 2827 884 3026 948; x_wconf 78' lang='grc' dir='ltr'><strong>αὐτοὺς</strong></span> <span class='ocrx_word' id='word_1_187' title='bbox 3059 885 3216 949; x_wconf 76' lang='grc' dir='ltr'><strong>ἄλλος</strong></span> <span class='ocrx_word' id='word_1_188' title='bbox 3248 887 3396 940; x_wconf 76' lang='grc' dir='ltr'><strong>ἐστὶν</strong></span> <span class='ocrx_word' id='word_1_189' title='bbox 3432 889 3460 941; x_wconf 94' lang='lat'><strong>6</strong></span> <span class='ocrx_word' id='word_1_190' title='bbox 3488 888 3692 958; x_wconf 81' lang='grc' dir='ltr'><strong>Λόγος,</strong></span> 
     </span>
    </p>
   </div>
   <div class='ocr_carea' id='block_1_25' title="bbox 2109 973 3697 1046">
    <p class='ocr_par' dir='ltr' id='par_1_25' title="bbox 2109 973 3697 1046">
     <span class='ocr_line' id='line_1_25' title="bbox 2109 973 3697 1046; baseline 0.004 -18"><span class='ocrx_word' id='word_1_191' title='bbox 2109 975 2206 1028; x_wconf 74' lang='grc' dir='ltr'><strong>καὶ</strong></span> <span class='ocrx_word' id='word_1_192' title='bbox 2234 974 2390 1039; x_wconf 83' lang='grc' dir='ltr'><strong>ἀλλος</strong></span> <span class='ocrx_word' id='word_1_193' title='bbox 2419 975 2448 1028; x_wconf 98' lang='lat'><strong>6</strong></span> <span class='ocrx_word' id='word_1_194' title='bbox 2481 973 2631 1040; x_wconf 84' lang='grc' dir='ltr'><strong>Υἱὸς,</strong></span> <span class='ocrx_word' id='word_1_195' title='bbox 2657 975 2748 1028; x_wconf 81' lang='grc' dir='ltr'><strong>καὶ</strong></span> <span class='ocrx_word' id='word_1_196' title='bbox 2770 975 2868 1027; x_wconf 84' lang='grc' dir='ltr'><strong>οὐκ</strong></span> <span class='ocrx_word' id='word_1_197' title='bbox 2901 974 3048 1028; x_wconf 77' lang='grc' dir='ltr'><strong>ἔστιν</strong></span> <span class='ocrx_word' id='word_1_198' title='bbox 3086 975 3212 1039; x_wconf 79' lang='grc' dir='ltr'><strong>Υἱὸς</strong></span> <span class='ocrx_word' id='word_1_199' title='bbox 3241 976 3270 1028; x_wconf 91' lang='lat'><strong>6</strong></span> <span class='ocrx_word' id='word_1_200' title='bbox 3306 977 3498 1046; x_wconf 91' lang='grc' dir='ltr'><strong>Λόγος,</strong></span> <span class='ocrx_word' id='word_1_201' title='bbox 3532 979 3697 1036; x_wconf 83' lang='grc' dir='ltr'><strong>οὐδὲν</strong></span> 
     </span>
    </p>
   </div>
   <div class='ocr_carea' id='block_1_26' title="bbox 2111 1063 3698 1140">
    <p class='ocr_par' dir='ltr' id='par_1_26' title="bbox 2111 1063 3698 1140">
     <span class='ocr_line' id='line_1_26' title="bbox 2111 1063 3698 1140; baseline 0.005 -22"><span class='ocrx_word' id='word_1_202' title='bbox 2111 1065 2250 1140; x_wconf 80' lang='grc' dir='ltr'><strong>πρὸς</strong></span> <span class='ocrx_word' id='word_1_203' title='bbox 2273 1066 2366 1120; x_wconf 82' lang='grc' dir='ltr'><strong>τὸν</strong></span> <span class='ocrx_word' id='word_1_204' title='bbox 2391 1065 2562 1134; x_wconf 84' lang='grc' dir='ltr'><strong>Λόγον</strong></span> <span class='ocrx_word' id='word_1_205' title='bbox 2617 1066 2680 1119; x_wconf 77' lang='grc' dir='ltr'><strong>τὸ</strong></span> <span class='ocrx_word' id='word_1_206' title='bbox 2730 1065 3033 1136; x_wconf 84' lang='grc' dir='ltr'><strong>βάπτισμα.</strong></span> <span class='ocrx_word' id='word_1_207' title='bbox 3094 1066 3219 1131; x_wconf 86' lang='grc' dir='ltr'><strong>Πῶς</strong></span> <span class='ocrx_word' id='word_1_208' title='bbox 3252 1063 3346 1122; x_wconf 82' lang='grc' dir='ltr'><strong>οὖν</strong></span> <span class='ocrx_word' id='word_1_209' title='bbox 3385 1069 3634 1125; x_wconf 79' lang='grc' dir='ltr'><strong>σύνεστιν</strong></span> <span class='ocrx_word' id='word_1_210' title='bbox 3664 1074 3698 1126; x_wconf 88' lang='lat'><strong>6</strong></span> 
     </span>
    </p>
   </div>
   <div class='ocr_carea' id='block_1_27' title="bbox 2112 1157 3698 1235">
    <p class='ocr_par' dir='ltr' id='par_1_27' title="bbox 2112 1157 3698 1235">
     <span class='ocr_line' id='line_1_27' title="bbox 2112 1157 3698 1235; baseline 0.003 -24"><span class='ocrx_word' id='word_1_211' title='bbox 2112 1158 2284 1227; x_wconf 87' lang='grc' dir='ltr'><strong>Λόγος</strong></span> <span class='ocrx_word' id='word_1_212' title='bbox 2321 1157 2441 1212; x_wconf 87' lang='grc' dir='ltr'><strong>κατ’</strong></span> <span class='ocrx_word' id='word_1_213' title='bbox 2464 1158 2660 1221; x_wconf 80' lang='grc' dir='ltr'><strong>αὐτοὺς</strong></span> <span class='ocrx_word' id='word_1_214' title='bbox 2689 1157 2768 1228; x_wconf 81' lang='grc' dir='ltr'><strong>τῷ</strong></span> <span class='ocrx_word' id='word_1_215' title='bbox 2817 1159 3014 1230; x_wconf 73' lang='grc' dir='ltr'><strong>Πατρὶ,</strong></span> <span class='ocrx_word' id='word_1_216' title='bbox 3046 1159 3107 1212; x_wconf 84' lang='grc' dir='ltr'><strong>οὐ</strong></span> <span class='ocrx_word' id='word_1_217' title='bbox 3141 1158 3312 1212; x_wconf 85' lang='grc' dir='ltr'><strong>συνὼν</strong></span> <span class='ocrx_word' id='word_1_218' title='bbox 3354 1161 3502 1232; x_wconf 81' lang='grc' dir='ltr'><strong>αὐτῷ</strong></span> <span class='ocrx_word' id='word_1_219' title='bbox 3542 1165 3603 1216; x_wconf 78' lang='grc' dir='ltr'><strong>ὲν</strong></span> <span class='ocrx_word' id='word_1_220' title='bbox 3623 1167 3698 1235; x_wconf 77' lang='grc' dir='ltr'><strong>τῇ</strong></span> 
     </span>
    </p>
   </div>
   <div class='ocr_carea' id='block_1_28' title="bbox 2113 1249 3700 1320">
    <p class='ocr_par' dir='ltr' id='par_1_28' title="bbox 2113 1249 3700 1320">
     <span class='ocr_line' id='line_1_28' title="bbox 2113 1249 3700 1320; baseline 0.003 -16"><span class='ocrx_word' id='word_1_221' title='bbox 2113 1250 2206 1304; x_wconf 85' lang='grc' dir='ltr'><strong>τοῦ</strong></span> <span class='ocrx_word' id='word_1_222' title='bbox 2235 1249 2610 1320; x_wconf 85' lang='grc' dir='ltr'><strong>βαπτίσματος</strong></span> <span class='ocrx_word' id='word_1_223' title='bbox 2669 1250 2847 1315; x_wconf 75' lang='grc' dir='ltr'><strong>δόσεις</strong></span> <span class='ocrx_word' id='word_1_224' title='bbox 2892 1250 3034 1303; x_wconf 79' lang='grc' dir='ltr'>Ἀλλ’</span> <span class='ocrx_word' id='word_1_225' title='bbox 3066 1249 3196 1314; x_wconf 75' lang='grc' dir='ltr'><strong>ἴσως</strong></span> <span class='ocrx_word' id='word_1_226' title='bbox 3233 1251 3301 1304; x_wconf 84' lang='grc' dir='ltr'><strong>ἂν</strong></span> <span class='ocrx_word' id='word_1_227' title='bbox 3332 1252 3556 1309; x_wconf 79' lang='grc' dir='ltr'><strong>εἴποιεν.</strong></span> <span class='ocrx_word' id='word_1_228' title='bbox 3606 1256 3700 1308; x_wconf 84' lang='grc' dir='ltr'><strong>Ἐν</strong></span> 
     </span>
    </p>
   </div>
   <div class='ocr_carea' id='block_1_29' title="bbox 2112 1340 3700 1414">
    <p class='ocr_par' dir='ltr' id='par_1_29' title="bbox 2112 1340 3700 1414">
     <span class='ocr_line' id='line_1_29' title="bbox 2112 1340 3700 1414; baseline 0.003 -20"><span class='ocrx_word' id='word_1_229' title='bbox 2112 1340 2191 1412; x_wconf 82' lang='grc' dir='ltr'><strong>τῷ</strong></span> <span class='ocrx_word' id='word_1_230' title='bbox 2217 1340 2312 1394; x_wconf 91' lang='grc' dir='ltr'><strong>τοῦ</strong></span> <span class='ocrx_word' id='word_1_231' title='bbox 2344 1342 2559 1413; x_wconf 75' lang='grc' dir='ltr'><strong>Πατρδς</strong></span> <span class='ocrx_word' id='word_1_232' title='bbox 2579 1341 2806 1413; x_wconf 80' lang='grc' dir='ltr'><strong>ὀνόματι</strong></span> <span class='ocrx_word' id='word_1_233' title='bbox 2833 1341 3145 1414; x_wconf 83' lang='grc' dir='ltr'><strong>περιέχεται</strong></span> <span class='ocrx_word' id='word_1_234' title='bbox 3175 1343 3268 1396; x_wconf 79' lang='grc' dir='ltr'><strong>καὶ</strong></span> <span class='ocrx_word' id='word_1_235' title='bbox 3300 1346 3329 1398; x_wconf 94' lang='lat'><strong>6</strong></span> <span class='ocrx_word' id='word_1_236' title='bbox 3372 1345 3566 1413; x_wconf 84' lang='grc' dir='ltr'><strong>Λόγος.</strong></span> <span class='ocrx_word' id='word_1_237' title='bbox 3591 1347 3700 1400; x_wconf 76' lang='grc' dir='ltr'><strong>Διά</strong></span> 
     </span>
    </p>
   </div>
   <div class='ocr_carea' id='block_1_30' title="bbox 2112 1428 3702 1509">
    <p class='ocr_par' dir='ltr' id='par_1_30' title="bbox 2112 1428 3702 1509">
     <span class='ocr_line' id='line_1_30' title="bbox 2112 1428 3702 1509; baseline 0.003 -25"><span class='ocrx_word' id='word_1_238' title='bbox 2112 1431 2164 1484; x_wconf 80' lang='grc' dir='ltr'><strong>τί</strong></span> <span class='ocrx_word' id='word_1_239' title='bbox 2185 1432 2297 1502; x_wconf 74' lang='grc' dir='ltr'><strong>(Μ)</strong></span> <span class='ocrx_word' id='word_1_240' title='bbox 2329 1428 2421 1487; x_wconf 80' lang='grc' dir='ltr'><strong>οὖν</strong></span> <span class='ocrx_word' id='word_1_241' title='bbox 2447 1433 2568 1503; x_wconf 74' lang='grc' dir='ltr'><strong>οὐχὶ</strong></span> <span class='ocrx_word' id='word_1_242' title='bbox 2593 1433 2684 1486; x_wconf 65' lang='grc' dir='ltr'><strong>κα)⁸</strong></span> <span class='ocrx_word' id='word_1_243' title='bbox 2710 1433 2771 1486; x_wconf 83' lang='grc' dir='ltr'><strong>τὸ</strong></span> <span class='ocrx_word' id='word_1_244' title='bbox 2803 1431 3055 1504; x_wconf 89' lang='grc' dir='ltr'><strong>Πνεῦμα;</strong></span> <span class='ocrx_word' id='word_1_245' title='bbox 3087 1434 3159 1486; x_wconf 87' lang='grc' dir='ltr'><strong>Ἦ</strong></span> <span class='ocrx_word' id='word_1_246' title='bbox 3187 1434 3342 1498; x_wconf 75' lang='grc' dir='ltr'><strong>ἐκτὸς</strong></span> <span class='ocrx_word' id='word_1_247' title='bbox 3360 1436 3452 1489; x_wconf 85' lang='grc' dir='ltr'><strong>τοῦ</strong></span> <span class='ocrx_word' id='word_1_248' title='bbox 3479 1438 3702 1509; x_wconf 80' lang='grc' dir='ltr'><strong>Πατρὸς</strong></span> 
     </span>
    </p>
   </div>
   <div class='ocr_carea' id='block_1_31' title="bbox 2115 1522 3702 1596">
    <p class='ocr_par' dir='ltr' id='par_1_31' title="bbox 2115 1522 3702 1596">
     <span class='ocr_line' id='line_1_31' title="bbox 2115 1522 3702 1596; baseline 0.002 -20"><span class='ocrx_word' id='word_1_249' title='bbox 2115 1522 2175 1576; x_wconf 85' lang='grc' dir='ltr'><strong>τὸ</strong></span> <span class='ocrx_word' id='word_1_250' title='bbox 2203 1524 2463 1594; x_wconf 84' lang='grc' dir='ltr'><strong>Πνεῦμα.;</strong></span> <span class='ocrx_word' id='word_1_251' title='bbox 2488 1525 2597 1577; x_wconf 78' lang='grc' dir='ltr'><strong>Καὶ</strong></span> <span class='ocrx_word' id='word_1_252' title='bbox 2628 1523 2914 1595; x_wconf 76' lang='grc' dir='ltr'><strong>ἄνθρωπος</strong></span> <span class='ocrx_word' id='word_1_253' title='bbox 2943 1524 3060 1594; x_wconf 78' lang='grc' dir='ltr'><strong>μὲν,</strong></span> <span class='ocrx_word' id='word_1_254' title='bbox 3085 1526 3240 1596; x_wconf 76' lang='grc' dir='ltr'><strong>εἴπερ</strong></span> <span class='ocrx_word' id='word_1_255' title='bbox 3269 1525 3368 1578; x_wconf 84' lang='grc' dir='ltr'><strong>οὐκ</strong></span> <span class='ocrx_word' id='word_1_256' title='bbox 3389 1526 3536 1582; x_wconf 78' lang='grc' dir='ltr'><strong>ἔστιν</strong></span> <span class='ocrx_word' id='word_1_257' title='bbox 3566 1528 3702 1592; x_wconf 82' lang='grc' dir='ltr'><strong>Υἱὸς</strong></span> 
     </span>
    </p>
   </div>
   <div class='ocr_carea' id='block_1_32' title="bbox 2115 1614 3702 1690">
    <p class='ocr_par' dir='ltr' id='par_1_32' title="bbox 2115 1614 3702 1690">
     <span class='ocr_line' id='line_1_32' title="bbox 2115 1614 3702 1690; baseline 0.001 -20"><span class='ocrx_word' id='word_1_258' title='bbox 2115 1619 2144 1670; x_wconf 90' lang='lat'><strong>6</strong></span> <span class='ocrx_word' id='word_1_259' title='bbox 2172 1616 2360 1685; x_wconf 85' lang='grc' dir='ltr'><strong>Λόγος,</strong></span> <span class='ocrx_word' id='word_1_260' title='bbox 2397 1616 2533 1687; x_wconf 77' lang='grc' dir='ltr'><strong>μετὰ</strong></span> <span class='ocrx_word' id='word_1_261' title='bbox 2574 1615 2664 1668; x_wconf 85' lang='grc' dir='ltr'><strong>τὸν</strong></span> <span class='ocrx_word' id='word_1_262' title='bbox 2693 1614 2911 1686; x_wconf 86' lang='grc' dir='ltr'><strong>Πατέρα</strong></span> <span class='ocrx_word' id='word_1_263' title='bbox 2934 1615 3279 1685; x_wconf 78' lang='grc' dir='ltr'><strong>ὀνομάζεται,</strong></span> <span class='ocrx_word' id='word_1_264' title='bbox 3299 1618 3361 1669; x_wconf 78' lang='grc' dir='ltr'><strong>τὸ</strong></span> <span class='ocrx_word' id='word_1_265' title='bbox 3379 1617 3436 1670; x_wconf 86' lang='grc' dir='ltr'><strong>δὲ</strong></span> <span class='ocrx_word' id='word_1_266' title='bbox 3468 1618 3702 1690; x_wconf 78' lang='grc' dir='ltr'><strong>Πνεῦμα</strong></span> 
     </span>
    </p>
   </div>
   <div class='ocr_carea' id='block_1_33' title="bbox 2121 1705 3703 1778">
    <p class='ocr_par' dir='ltr' id='par_1_33' title="bbox 2121 1705 3703 1778">
     <span class='ocr_line' id='line_1_33' title="bbox 2121 1705 3703 1778; baseline 0.003 -20"><span class='ocrx_word' id='word_1_267' title='bbox 2121 1705 2259 1777; x_wconf 83' lang='grc' dir='ltr'><strong>μετά</strong></span> <span class='ocrx_word' id='word_1_268' title='bbox 2286 1705 2375 1759; x_wconf 80' lang='grc' dir='ltr'><strong>τὸν</strong></span> <span class='ocrx_word' id='word_1_269' title='bbox 2403 1705 2705 1775; x_wconf 81' lang='grc' dir='ltr'><strong>ἄνθρωπον·</strong></span> <span class='ocrx_word' id='word_1_270' title='bbox 2737 1707 2838 1759; x_wconf 70' lang='grc' dir='ltr'><strong>οὐκ</strong></span> <span class='ocrx_word' id='word_1_271' title='bbox 2865 1706 2946 1758; x_wconf 82' lang='grc' dir='ltr'><strong>ἔτι</strong></span> <span class='ocrx_word' id='word_1_272' title='bbox 2995 1705 3050 1758; x_wconf 85' lang='grc' dir='ltr'><strong>δὲ</strong></span> <span class='ocrx_word' id='word_1_273' title='bbox 3087 1706 3206 1759; x_wconf 81' lang='grc' dir='ltr'><strong>οὐδὲ</strong></span> <span class='ocrx_word' id='word_1_274' title='bbox 3241 1709 3322 1770; x_wconf 86' lang='grc' dir='ltr'><strong>εἰς</strong></span> <span class='ocrx_word' id='word_1_275' title='bbox 3353 1709 3547 1778; x_wconf 82' lang='grc' dir='ltr'><strong>τριάδα</strong></span> <span class='ocrx_word' id='word_1_276' title='bbox 3571 1712 3703 1762; x_wconf 79' lang='grc' dir='ltr'><strong>κατ’</strong></span> 
     </span>
    </p>
   </div>
   <div class='ocr_carea' id='block_1_34' title="bbox 437 1793 2020 1871">
    <p class='ocr_par' dir='ltr' id='par_1_34' title="bbox 437 1793 2015 1866">
     <span class='ocr_line' id='line_1_34' title="bbox 437 1793 2015 1866; baseline -0.003 -15"><span class='ocrx_word' id='word_1_277' title='bbox 437 1809 544 1851; x_wconf 82' lang='lat' dir='ltr'><strong>nec</strong></span> <span class='ocrx_word' id='word_1_278' title='bbox 573 1795 688 1865; x_wconf 84' lang='lat' dir='ltr'><strong>jam</strong></span> <span class='ocrx_word' id='word_1_279' title='bbox 722 1798 905 1851; x_wconf 90' lang='lat' dir='ltr'><strong>unitas</strong></span> <span class='ocrx_word' id='word_1_280' title='bbox 950 1812 1014 1850; x_wconf 84' lang='lat' dir='ltr'><strong>ex</strong></span> <span class='ocrx_word' id='word_1_281' title='bbox 1053 1796 1270 1850; x_wconf 91' lang='lat' dir='ltr'><strong>illorum</strong></span> <span class='ocrx_word' id='word_1_282' title='bbox 1331 1795 1599 1866; x_wconf 80' lang='lat' dir='ltr'><strong>sententia</strong></span> <span class='ocrx_word' id='word_1_283' title='bbox 1635 1794 1689 1848; x_wconf 90' lang='lat' dir='ltr'><strong>in</strong></span> <span class='ocrx_word' id='word_1_284' title='bbox 1722 1793 2015 1848; x_wconf 87' lang='lat' dir='ltr'><strong>trinitatem</strong></span> 
     </span>
    </p>
   </div>
   <div class='ocr_carea' id='block_1_35' title="bbox 2116 1793 3708 1871">
    <p class='ocr_par' dir='ltr' id='par_1_35' title="bbox 2125 1795 3708 1871">
     <span class='ocr_line' id='line_1_35' title="bbox 2125 1795 3708 1871; baseline 0.002 -20"><span class='ocrx_word' id='word_1_285' title='bbox 2125 1797 2320 1861; x_wconf 79' lang='grc' dir='ltr'><strong>αὐτοὺς</strong></span> <span class='ocrx_word' id='word_1_286' title='bbox 2344 1798 2378 1868; x_wconf 76' lang='grc' dir='ltr'>ἡ</span> <span class='ocrx_word' id='word_1_287' title='bbox 2415 1797 2580 1868; x_wconf 80' lang='grc' dir='ltr'><strong>μονὰς</strong></span> <span class='ocrx_word' id='word_1_288' title='bbox 2634 1795 2980 1861; x_wconf 80' lang='grc' dir='ltr'><strong>πλατύνεται,</strong></span> <span class='ocrx_word' id='word_1_289' title='bbox 3039 1797 3154 1851; x_wconf 85' lang='grc' dir='ltr'><strong>ἀλλ’</strong></span> <span class='ocrx_word' id='word_1_290' title='bbox 3189 1799 3269 1862; x_wconf 70' lang='grc' dir='ltr'><strong>εἰς</strong></span> <span class='ocrx_word' id='word_1_291' title='bbox 3299 1801 3554 1871; x_wconf 81' lang='grc' dir='ltr'><strong>τετράδα,</strong></span> <span class='ocrx_word' id='word_1_292' title='bbox 3587 1803 3708 1856; x_wconf 74' lang='lat' dir='ltr'><strong>Ila-</strong></span> 
     </span>
    </p>
   </div>
   <div class='ocr_carea' id='block_1_36' title="bbox 436 1875 2014 1956">
    <p class='ocr_par' dir='ltr' id='par_1_36' title="bbox 436 1875 2014 1956">
     <span class='ocr_line' id='line_1_36' title="bbox 436 1875 2014 1956; baseline -0.004 -14"><span class='ocrx_word' id='word_1_293' title='bbox 436 1875 779 1952; x_wconf 82' lang='lat' dir='ltr'><strong>.dilatabitur,</strong></span> <span class='ocrx_word' id='word_1_294' title='bbox 809 1887 902 1940; x_wconf 90' lang='lat' dir='ltr'><strong>sed</strong></span> <span class='ocrx_word' id='word_1_295' title='bbox 930 1886 982 1939; x_wconf 90' lang='lat' dir='ltr'><strong>in</strong></span> <span class='ocrx_word' id='word_1_296' title='bbox 1014 1885 1458 1956; x_wconf 88' lang='lat' dir='ltr'><strong>quaternitatem,</strong></span> <span class='ocrx_word' id='word_1_297' title='bbox 1483 1899 1676 1954; x_wconf 89' lang='lat' dir='ltr'><strong>nempe</strong></span> <span class='ocrx_word' id='word_1_298' title='bbox 1702 1883 1756 1936; x_wconf 92' lang='lat' dir='ltr'><strong>in</strong></span> <span class='ocrx_word' id='word_1_299' title='bbox 1779 1881 2014 1947; x_wconf 88' lang='lat' dir='ltr'><strong>Patrem,</strong></span> 
     </span>
    </p>
   </div>
   <div class='ocr_carea' id='block_1_37' title="bbox 439 1972 2019 2047">
    <p class='ocr_par' dir='ltr' id='par_1_37' title="bbox 439 1972 2019 2047">
     <span class='ocr_line' id='line_1_37' title="bbox 439 1972 2019 2047; baseline -0.003 -16"><span class='ocrx_word' id='word_1_300' title='bbox 439 1977 702 2043; x_wconf 85' lang='lat' dir='ltr'><strong>Verbum,</strong></span> <span class='ocrx_word' id='word_1_301' title='bbox 739 1976 958 2039; x_wconf 91' lang='lat' dir='ltr'><strong>Filium,</strong></span> <span class='ocrx_word' id='word_1_302' title='bbox 995 1988 1048 2032; x_wconf 89' lang='lat' dir='ltr'><strong>et</strong></span> <span class='ocrx_word' id='word_1_303' title='bbox 1083 1975 1347 2047; x_wconf 89' lang='lat' dir='ltr'><strong>Spiritum</strong></span> <span class='ocrx_word' id='word_1_304' title='bbox 1383 1983 1654 2032; x_wconf 88' lang='lat' dir='ltr'><strong>sanctum.</strong></span> <span class='ocrx_word' id='word_1_305' title='bbox 1689 1972 1886 2028; x_wconf 84' lang='lat' dir='ltr'><strong>Verum</strong></span> <span class='ocrx_word' id='word_1_306' title='bbox 1933 1974 2019 2039; x_wconf 81' lang='lat' dir='ltr'><strong>hic</strong></span> 
     </span>
    </p>
   </div>
   <div class='ocr_carea' id='block_1_38' title="bbox 440 2066 2016 2139">
    <p class='ocr_par' dir='ltr' id='par_1_38' title="bbox 440 2066 2016 2139">
     <span class='ocr_line' id='line_1_38' title="bbox 440 2066 2016 2139; baseline -0.001 -16"><span class='ocrx_word' id='word_1_307' title='bbox 440 2079 537 2125; x_wconf 88' lang='lat' dir='ltr'><strong>eos</strong></span> <span class='ocrx_word' id='word_1_308' title='bbox 587 2069 762 2139; x_wconf 90' lang='lat' dir='ltr'><strong>pudor</strong></span> <span class='ocrx_word' id='word_1_309' title='bbox 811 2071 865 2124; x_wconf 92' lang='lat' dir='ltr'><strong>in</strong></span> <span class='ocrx_word' id='word_1_310' title='bbox 899 2070 1046 2124; x_wconf 87' lang='lat' dir='ltr'><strong>aliud</strong></span> <span class='ocrx_word' id='word_1_311' title='bbox 1090 2069 1234 2139; x_wconf 84' lang='lat' dir='ltr'><strong>cogit</strong></span> <span class='ocrx_word' id='word_1_312' title='bbox 1261 2067 1552 2137; x_wconf 81' lang='lat' dir='ltr'><strong>confugere</strong></span> <span class='ocrx_word' id='word_1_313' title='bbox 1604 2066 2016 2122; x_wconf 83' lang='lat' dir='ltr'><strong>deverticulum.</strong></span> 
     </span>
    </p>
   </div>
   <div class='ocr_carea' id='block_1_39' title="bbox 440 2159 2022 2232">
    <p class='ocr_par' dir='ltr' id='par_1_39' title="bbox 440 2159 2022 2232">
     <span class='ocr_line' id='line_1_39' title="bbox 440 2159 2022 2232; baseline -0.003 -17"><span class='ocrx_word' id='word_1_314' title='bbox 440 2159 613 2216; x_wconf 72' lang='lat' dir='ltr'><strong>Aiunt</strong></span> <span class='ocrx_word' id='word_1_315' title='bbox 643 2163 809 2232; x_wconf 84' lang='lat' dir='ltr'><strong>igitur</strong></span> <span class='ocrx_word' id='word_1_316' title='bbox 840 2177 945 2217; x_wconf 90' lang='lat' dir='ltr'><strong>non</strong></span> <span class='ocrx_word' id='word_1_317' title='bbox 983 2165 1254 2218; x_wconf 87' lang='lat' dir='ltr'><strong>hominem</strong></span> <span class='ocrx_word' id='word_1_318' title='bbox 1290 2177 1560 2225; x_wconf 89' lang='lat' dir='ltr'><strong>seorsum,</strong></span> <span class='ocrx_word' id='word_1_319' title='bbox 1591 2175 1751 2228; x_wconf 87' lang='lat' dir='ltr'><strong>quem</strong></span> <span class='ocrx_word' id='word_1_320' title='bbox 1793 2160 2022 2228; x_wconf 79' lang='lat' dir='ltr'><strong>gestavit</strong></span> 
     </span>
    </p>
   </div>
   <div class='ocr_carea' id='block_1_40' title="bbox 441 2253 2022 2326">
    <p class='ocr_par' dir='ltr' id='par_1_40' title="bbox 441 2253 2022 2326">
     <span class='ocr_line' id='line_1_40' title="bbox 441 2253 2022 2326; baseline -0.002 -17"><span class='ocrx_word' id='word_1_321' title='bbox 441 2254 728 2320; x_wconf 86' lang='lat' dir='ltr'><strong>Dominus,</strong></span> <span class='ocrx_word' id='word_1_322' title='bbox 767 2257 862 2312; x_wconf 89' lang='lat' dir='ltr'><strong>sed</strong></span> <span class='ocrx_word' id='word_1_323' title='bbox 895 2267 1208 2326; x_wconf 87' lang='lat' dir='ltr'><strong>utrumque,</strong></span> <span class='ocrx_word' id='word_1_324' title='bbox 1250 2255 1484 2310; x_wconf 86' lang='lat' dir='ltr'><strong>Verbum</strong></span> <span class='ocrx_word' id='word_1_325' title='bbox 1517 2255 1725 2310; x_wconf 88' lang='lat' dir='ltr'><strong>scilicet</strong></span> <span class='ocrx_word' id='word_1_326' title='bbox 1754 2263 1807 2308; x_wconf 92' lang='lat' dir='ltr'><strong>et</strong></span> <span class='ocrx_word' id='word_1_327' title='bbox 1846 2253 2022 2307; x_wconf 77' lang='lat' dir='ltr'><strong>homi-</strong></span> 
     </span>
    </p>
   </div>
   <div class='ocr_carea' id='block_1_41' title="bbox 445 2346 2023 2416">
    <p class='ocr_par' dir='ltr' id='par_1_41' title="bbox 445 2346 2023 2416">
     <span class='ocr_line' id='line_1_41' title="bbox 445 2346 2023 2416; baseline 0.001 -18"><span class='ocrx_word' id='word_1_328' title='bbox 445 2360 592 2411; x_wconf 86' lang='lat' dir='ltr'><strong>nem,</strong></span> <span class='ocrx_word' id='word_1_329' title='bbox 623 2361 744 2403; x_wconf 89' lang='lat' dir='ltr'><strong>esse</strong></span> <span class='ocrx_word' id='word_1_330' title='bbox 790 2348 988 2402; x_wconf 84' lang='lat' dir='ltr'><strong>Filium</strong></span> <span class='ocrx_word' id='word_1_331' title='bbox 1021 2367 1034 2404; x_wconf 92' lang='lat'>:</span> <span class='ocrx_word' id='word_1_332' title='bbox 1071 2350 1232 2403; x_wconf 87' lang='lat' dir='ltr'><strong>ambo</strong></span> <span class='ocrx_word' id='word_1_333' title='bbox 1261 2349 1406 2402; x_wconf 89' lang='lat' dir='ltr'><strong>enim</strong></span> <span class='ocrx_word' id='word_1_334' title='bbox 1437 2347 1600 2402; x_wconf 89' lang='lat' dir='ltr'><strong>simul</strong></span> <span class='ocrx_word' id='word_1_335' title='bbox 1634 2346 1930 2416; x_wconf 87' lang='lat' dir='ltr'><strong>conjuncti,</strong></span> <span class='ocrx_word' id='word_1_336' title='bbox 1964 2352 2023 2399; x_wconf 90' lang='lat' dir='ltr'><strong>ut</strong></span> 
     </span>
    </p>
   </div>
   <div class='ocr_carea' id='block_1_42' title="bbox 445 2438 2018 2511">
    <p class='ocr_par' dir='ltr' id='par_1_42' title="bbox 445 2438 2018 2511">
     <span class='ocr_line' id='line_1_42' title="bbox 445 2438 2018 2511; baseline -0.003 -17"><span class='ocrx_word' id='word_1_337' title='bbox 445 2440 723 2510; x_wconf 83' lang='lat' dir='ltr'><strong>inquiunt,</strong></span> <span class='ocrx_word' id='word_1_338' title='bbox 750 2439 923 2497; x_wconf 84' lang='lat' dir='ltr'><strong>Filius</strong></span> <span class='ocrx_word' id='word_1_339' title='bbox 956 2443 1317 2511; x_wconf 87' lang='lat' dir='ltr'><strong>appellantur.</strong></span> <span class='ocrx_word' id='word_1_340' title='bbox 1351 2440 1484 2506; x_wconf 91' lang='lat' dir='ltr'><strong>Quis</strong></span> <span class='ocrx_word' id='word_1_341' title='bbox 1514 2439 1680 2510; x_wconf 83' lang='lat' dir='ltr'><strong>igitur</strong></span> <span class='ocrx_word' id='word_1_342' title='bbox 1713 2438 2018 2503; x_wconf 89' lang='lat' dir='ltr'><strong>amborum,</strong></span> 
     </span>
    </p>
   </div>
   <div class='ocr_carea' id='block_1_43' title="bbox 439 2527 2020 2592">
    <p class='ocr_par' dir='ltr' id='par_1_43' title="bbox 439 2527 2020 2592">
     <span class='ocr_line' id='line_1_43' title="bbox 439 2527 2020 2592; baseline -0.004 -3"><span class='ocrx_word' id='word_1_343' title='bbox 439 2546 613 2589; x_wconf 66' lang='lat' dir='ltr'><strong>causa</strong></span> <span class='ocrx_word' id='word_1_344' title='bbox 642 2531 866 2587; x_wconf 86' lang='lat' dir='ltr'><strong>alterius</strong></span> <span class='ocrx_word' id='word_1_345' title='bbox 891 2531 1021 2586; x_wconf 81' lang='lat' dir='ltr'><strong>est?</strong></span> <span class='ocrx_word' id='word_1_346' title='bbox 1055 2530 1185 2586; x_wconf 89' lang='lat' dir='ltr'><strong>Uter</strong></span> <span class='ocrx_word' id='word_1_347' title='bbox 1215 2540 1398 2585; x_wconf 91' lang='lat' dir='ltr'><strong>utrum</strong></span> <span class='ocrx_word' id='word_1_348' title='bbox 1433 2529 1610 2584; x_wconf 75' lang='lat' dir='ltr'><strong>ellecit</strong></span> <span class='ocrx_word' id='word_1_349' title='bbox 1633 2529 1871 2583; x_wconf 85' lang='lat' dir='ltr'><strong>Filium?</strong></span> <span class='ocrx_word' id='word_1_350' title='bbox 1901 2527 2020 2592; x_wconf 91' lang='lat' dir='ltr'><strong>Vel,</strong></span> 
     </span>
    </p>
   </div>
   <div class='ocr_carea' id='block_1_44' title="bbox 444 2619 2024 2694">
    <p class='ocr_par' dir='ltr' id='par_1_44' title="bbox 444 2619 2024 2694">
     <span class='ocr_line' id='line_1_44' title="bbox 444 2619 2024 2694; baseline -0.001 -17"><span class='ocrx_word' id='word_1_351' title='bbox 444 2629 510 2688; x_wconf 75' lang='grc' dir='ltr'><strong>ιιι</strong></span> <span class='ocrx_word' id='word_1_352' title='bbox 543 2623 761 2693; x_wconf 89' lang='lat' dir='ltr'><strong>planius</strong></span> <span class='ocrx_word' id='word_1_353' title='bbox 787 2624 981 2694; x_wconf 74' lang='lat' dir='ltr'><strong>lnquar</strong></span> <span class='ocrx_word' id='word_1_354' title='bbox 1007 2663 1022 2690; x_wconf 93' lang='lat'><strong>,</strong></span> <span class='ocrx_word' id='word_1_355' title='bbox 1050 2638 1180 2677; x_wconf 89' lang='lat' dir='ltr'><strong>num</strong></span> <span class='ocrx_word' id='word_1_356' title='bbox 1208 2621 1445 2677; x_wconf 88' lang='lat' dir='ltr'><strong>Verbum</strong></span> <span class='ocrx_word' id='word_1_357' title='bbox 1487 2619 1658 2677; x_wconf 82' lang='lat' dir='ltr'><strong>Filius</strong></span> <span class='ocrx_word' id='word_1_358' title='bbox 1686 2632 1768 2676; x_wconf 86' lang='lat' dir='ltr'><strong>est</strong></span> <span class='ocrx_word' id='word_1_359' title='bbox 1803 2632 2024 2691; x_wconf 87' lang='lat' dir='ltr'><strong>propter</strong></span> 
     </span>
    </p>
   </div>
   <div class='ocr_carea' id='block_1_45' title="bbox 446 2710 2024 2786">
    <p class='ocr_par' dir='ltr' id='par_1_45' title="bbox 446 2710 2024 2786">
     <span class='ocr_line' id='line_1_45' title="bbox 446 2710 2024 2786; baseline -0.003 -16"><span class='ocrx_word' id='word_1_360' title='bbox 446 2716 711 2770; x_wconf 87' lang='lat' dir='ltr'><strong>carnem?</strong></span> <span class='ocrx_word' id='word_1_361' title='bbox 739 2731 808 2770; x_wconf 92' lang='lat' dir='ltr'><strong>an</strong></span> <span class='ocrx_word' id='word_1_362' title='bbox 837 2730 965 2770; x_wconf 87' lang='lat' dir='ltr'><strong>vero</strong></span> <span class='ocrx_word' id='word_1_363' title='bbox 995 2731 1124 2771; x_wconf 89' lang='lat' dir='ltr'><strong>caro</strong></span> <span class='ocrx_word' id='word_1_364' title='bbox 1165 2724 1386 2786; x_wconf 90' lang='lat' dir='ltr'><strong>pr0pter</strong></span> <span class='ocrx_word' id='word_1_365' title='bbox 1421 2712 1657 2768; x_wconf 84' lang='lat' dir='ltr'><strong>Verbum</strong></span> <span class='ocrx_word' id='word_1_366' title='bbox 1698 2710 1866 2769; x_wconf 85' lang='lat' dir='ltr'><strong>Filius</strong></span> <span class='ocrx_word' id='word_1_367' title='bbox 1891 2713 2024 2768; x_wconf 88' lang='lat' dir='ltr'><strong>dici-</strong></span> 
     </span>
    </p>
   </div>
   <div class='ocr_carea' id='block_1_46' title="bbox 445 2804 2024 2877">
    <p class='ocr_par' dir='ltr' id='par_1_46' title="bbox 445 2804 2024 2877">
     <span class='ocr_line' id='line_1_46' title="bbox 445 2804 2024 2877; baseline -0.001 -17"><span class='ocrx_word' id='word_1_368' title='bbox 445 2807 584 2874; x_wconf 72' lang='lat' dir='ltr'><strong>tur?</strong></span> <span class='ocrx_word' id='word_1_369' title='bbox 615 2806 985 2877; x_wconf 82' lang='lat' dir='ltr'><strong>Annepotius</strong></span> <span class='ocrx_word' id='word_1_370' title='bbox 1018 2817 1269 2862; x_wconf 90' lang='lat' dir='ltr'><strong>neutrum</strong></span> <span class='ocrx_word' id='word_1_371' title='bbox 1312 2806 1464 2862; x_wconf 84' lang='lat' dir='ltr'><strong>alteri</strong></span> <span class='ocrx_word' id='word_1_372' title='bbox 1499 2821 1665 2860; x_wconf 89' lang='lat' dir='ltr'><strong>causa</strong></span> <span class='ocrx_word' id='word_1_373' title='bbox 1689 2814 1773 2861; x_wconf 87' lang='lat' dir='ltr'><strong>est</strong></span> <span class='ocrx_word' id='word_1_374' title='bbox 1804 2821 1904 2861; x_wconf 90' lang='lat' dir='ltr'><strong>cur</strong></span> <span class='ocrx_word' id='word_1_375' title='bbox 1933 2804 2024 2859; x_wconf 88' lang='lat' dir='ltr'><strong>Fi-</strong></span> 
     </span>
    </p>
   </div>
   <div class='ocr_carea' id='block_1_47' title="bbox 448 2897 2026 2969">
    <p class='ocr_par' dir='ltr' id='par_1_47' title="bbox 448 2897 2026 2969">
     <span class='ocr_line' id='line_1_47' title="bbox 448 2897 2026 2969; baseline -0.001 -17"><span class='ocrx_word' id='word_1_376' title='bbox 448 2897 559 2953; x_wconf 88' lang='lat' dir='ltr'><strong>lius</strong></span> <span class='ocrx_word' id='word_1_377' title='bbox 605 2899 935 2969; x_wconf 88' lang='lat' dir='ltr'><strong>appelletur,</strong></span> <span class='ocrx_word' id='word_1_378' title='bbox 989 2898 1085 2953; x_wconf 90' lang='lat' dir='ltr'><strong>sed</strong></span> <span class='ocrx_word' id='word_1_379' title='bbox 1115 2898 1265 2954; x_wconf 89' lang='lat' dir='ltr'><strong>solus</strong></span> <span class='ocrx_word' id='word_1_380' title='bbox 1316 2897 1606 2952; x_wconf 86' lang='lat' dir='ltr'><strong>amborum</strong></span> <span class='ocrx_word' id='word_1_381' title='bbox 1653 2897 2026 2968; x_wconf 85' lang='lat' dir='ltr'><strong>congressus?</strong></span> 
     </span>
    </p>
   </div>
   <div class='ocr_carea' id='block_1_48' title="bbox 452 2985 2026 3059">
    <p class='ocr_par' dir='ltr' id='par_1_48' title="bbox 452 2985 2026 3059">
     <span class='ocr_line' id='line_1_48' title="bbox 452 2985 2026 3059; baseline 0.002 -19"><span class='ocrx_word' id='word_1_382' title='bbox 452 2987 610 3053; x_wconf 89' lang='lat' dir='ltr'><strong>Quod</strong></span> <span class='ocrx_word' id='word_1_383' title='bbox 643 2988 689 3044; x_wconf 92' lang='lat' dir='ltr'><strong>si</strong></span> <span class='ocrx_word' id='word_1_384' title='bbox 721 2987 960 3044; x_wconf 88' lang='lat' dir='ltr'><strong>Verbum</strong></span> <span class='ocrx_word' id='word_1_385' title='bbox 993 2999 1212 3059; x_wconf 88' lang='lat' dir='ltr'><strong>propter</strong></span> <span class='ocrx_word' id='word_1_386' title='bbox 1242 3003 1494 3050; x_wconf 88' lang='lat' dir='ltr'><strong>carnem,</strong></span> <span class='ocrx_word' id='word_1_387' title='bbox 1545 2985 1739 3041; x_wconf 90' lang='lat' dir='ltr'><strong>Filium</strong></span> <span class='ocrx_word' id='word_1_388' title='bbox 1789 3003 1909 3043; x_wconf 87' lang='lat' dir='ltr'><strong>esse</strong></span> <span class='ocrx_word' id='word_1_389' title='bbox 1940 3004 2026 3042; x_wconf 89' lang='lat' dir='ltr'><strong>re-</strong></span> 
     </span>
    </p>
   </div>
   <div class='ocr_carea' id='block_1_49' title="bbox 2117 1888 3703 1963">
    <p class='ocr_par' dir='ltr' id='par_1_49' title="bbox 2117 1888 3703 1963">
     <span class='ocr_line' id='line_1_49' title="bbox 2117 1888 3703 1963; baseline 0.003 -20"><span class='ocrx_word' id='word_1_390' title='bbox 2117 1891 2274 1963; x_wconf 86' lang='grc' dir='ltr'><strong>τέρα,</strong></span> <span class='ocrx_word' id='word_1_391' title='bbox 2319 1891 2415 1943; x_wconf 72' lang='grc' dir='ltr'><strong>καὶ</strong></span> <span class='ocrx_word' id='word_1_392' title='bbox 2443 1890 2612 1957; x_wconf 89' lang='grc' dir='ltr'><strong>Λόγον</strong></span> <span class='ocrx_word' id='word_1_393' title='bbox 2641 1888 2778 1961; x_wconf 70' lang='grc'><strong>(42),</strong></span> <span class='ocrx_word' id='word_1_394' title='bbox 2808 1890 2903 1942; x_wconf 71' lang='grc' dir='ltr'><strong>καὶ</strong></span> <span class='ocrx_word' id='word_1_395' title='bbox 2954 1889 3106 1953; x_wconf 84' lang='grc' dir='ltr'><strong>Υἱδν,</strong></span> <span class='ocrx_word' id='word_1_396' title='bbox 3129 1891 3224 1944; x_wconf 59' lang='grc' dir='ltr'><strong>κα)⁸</strong></span> <span class='ocrx_word' id='word_1_397' title='bbox 3265 1891 3490 1962; x_wconf 82' lang='grc' dir='ltr'><strong>Πνεῦμα</strong></span> <span class='ocrx_word' id='word_1_398' title='bbox 3519 1892 3703 1961; x_wconf 80' lang='grc' dir='ltr'><strong>ἅγιον.</strong></span> 
     </span>
    </p>
   </div>
   <div class='ocr_carea' id='block_1_50' title="bbox 2131 1979 3707 2054">
    <p class='ocr_par' dir='ltr' id='par_1_50' title="bbox 2131 1979 3707 2054">
     <span class='ocr_line' id='line_1_50' title="bbox 2131 1979 3707 2054; baseline 0.004 -21"><span class='ocrx_word' id='word_1_399' title='bbox 2131 1981 2220 2033; x_wconf 87' lang='grc' dir='ltr'><strong>Ἐν</strong></span> <span class='ocrx_word' id='word_1_400' title='bbox 2252 1980 2461 2044; x_wconf 84' lang='grc' dir='ltr'><strong>τούτοις</strong></span> <span class='ocrx_word' id='word_1_401' title='bbox 2505 1979 2568 2052; x_wconf 82' lang='grc' dir='ltr'><strong>δὴ</strong></span> <span class='ocrx_word' id='word_1_402' title='bbox 2627 1981 3020 2052; x_wconf 70' lang='grc' dir='ltr'><strong>αἰσχυνόμενοι,</strong></span> <span class='ocrx_word' id='word_1_403' title='bbox 3068 1983 3148 2046; x_wconf 78' lang='grc' dir='ltr'><strong>εἰς</strong></span> <span class='ocrx_word' id='word_1_404' title='bbox 3189 1983 3374 2054; x_wconf 76' lang='grc' dir='ltr'><strong>ἕτερον</strong></span> <span class='ocrx_word' id='word_1_405' title='bbox 3419 1984 3707 2054; x_wconf 80' lang='grc' dir='ltr'><strong>καταφεύ-</strong></span> 
     </span>
    </p>
   </div>
   <div class='ocr_carea' id='block_1_51' title="bbox 2119 2071 3710 2144">
    <p class='ocr_par' dir='ltr' id='par_1_51' title="bbox 2119 2071 3710 2144">
     <span class='ocr_line' id='line_1_51' title="bbox 2119 2071 3710 2144; baseline 0.006 -20"><span class='ocrx_word' id='word_1_406' title='bbox 2119 2089 2296 2141; x_wconf 83' lang='grc' dir='ltr'><strong>γουσι,</strong></span> <span class='ocrx_word' id='word_1_407' title='bbox 2339 2071 2431 2125; x_wconf 79' lang='grc' dir='ltr'><strong>καί</strong></span> <span class='ocrx_word' id='word_1_408' title='bbox 2481 2088 2611 2140; x_wconf 79' lang='grc' dir='ltr'><strong>φασι</strong></span> <span class='ocrx_word' id='word_1_409' title='bbox 2642 2072 2715 2142; x_wconf 86' lang='grc' dir='ltr'><strong>μὴ</strong></span> <span class='ocrx_word' id='word_1_410' title='bbox 2762 2071 2854 2124; x_wconf 86' lang='grc' dir='ltr'><strong>τὸν</strong></span> <span class='ocrx_word' id='word_1_411' title='bbox 2898 2071 3181 2144; x_wconf 79' lang='grc' dir='ltr'><strong>ἄνθρωπον</strong></span> <span class='ocrx_word' id='word_1_412' title='bbox 3236 2075 3359 2128; x_wconf 82' lang='grc' dir='ltr'><strong>καθ’</strong></span> <span class='ocrx_word' id='word_1_413' title='bbox 3386 2077 3602 2144; x_wconf 77' lang='grc' dir='ltr'><strong>ἑαυτὸν,</strong></span> <span class='ocrx_word' id='word_1_414' title='bbox 3643 2078 3710 2134; x_wconf 79' lang='grc' dir='ltr'><strong>ὃν</strong></span> 
     </span>
    </p>
   </div>
   <div class='ocr_carea' id='block_1_52' title="bbox 2120 2162 3707 2239">
    <p class='ocr_par' dir='ltr' id='par_1_52' title="bbox 2120 2162 3707 2239">
     <span class='ocr_line' id='line_1_52' title="bbox 2120 2162 3707 2239; baseline 0.005 -23"><span class='ocrx_word' id='word_1_415' title='bbox 2120 2164 2376 2235; x_wconf 60' lang='grc' dir='ltr'><strong>ἑφόρεσεν</strong></span> <span class='ocrx_word' id='word_1_416' title='bbox 2419 2163 2448 2214; x_wconf 91' lang='lat'><strong>6</strong></span> <span class='ocrx_word' id='word_1_417' title='bbox 2483 2163 2710 2234; x_wconf 83' lang='grc' dir='ltr'><strong>Κύριος,</strong></span> <span class='ocrx_word' id='word_1_418' title='bbox 2743 2162 2880 2216; x_wconf 82' lang='grc' dir='ltr'><strong>ἀλλὰ</strong></span> <span class='ocrx_word' id='word_1_419' title='bbox 2926 2163 2988 2216; x_wconf 85' lang='grc' dir='ltr'><strong>τὸ</strong></span> <span class='ocrx_word' id='word_1_420' title='bbox 3021 2167 3451 2239; x_wconf 73' lang='grc' dir='ltr'><strong>συναμφότερον,</strong></span> <span class='ocrx_word' id='word_1_421' title='bbox 3496 2165 3593 2223; x_wconf 88' lang='grc' dir='ltr'><strong>τόν</strong></span> <span class='ocrx_word' id='word_1_422' title='bbox 3642 2189 3707 2224; x_wconf 76' lang='grc' dir='ltr'><strong>τε</strong></span> 
     </span>
    </p>
   </div>
   <div class='ocr_carea' id='block_1_53' title="bbox 2121 2249 3709 2333">
    <p class='ocr_par' dir='ltr' id='par_1_53' title="bbox 2121 2249 3709 2333">
     <span class='ocr_line' id='line_1_53' title="bbox 2121 2249 3709 2333; baseline 0.004 -25"><span class='ocrx_word' id='word_1_423' title='bbox 2121 2255 2292 2322; x_wconf 90' lang='grc' dir='ltr'><strong>Λόγον</strong></span> <span class='ocrx_word' id='word_1_424' title='bbox 2329 2253 2424 2308; x_wconf 76' lang='grc' dir='ltr'><strong>καὶ</strong></span> <span class='ocrx_word' id='word_1_425' title='bbox 2452 2253 2540 2306; x_wconf 83' lang='grc' dir='ltr'><strong>τὸν</strong></span> <span class='ocrx_word' id='word_1_426' title='bbox 2558 2253 2860 2324; x_wconf 85' lang='grc' dir='ltr'><strong>ἄνθρωπον,</strong></span> <span class='ocrx_word' id='word_1_427' title='bbox 2885 2249 3022 2308; x_wconf 77' lang='grc' dir='ltr'><strong>εἶναι</strong></span> <span class='ocrx_word' id='word_1_428' title='bbox 3057 2254 3204 2308; x_wconf 75' lang='grc' dir='ltr'><strong>Υιόν·</strong></span> <span class='ocrx_word' id='word_1_429' title='bbox 3243 2259 3566 2330; x_wconf 81' lang='grc' dir='ltr'><strong>συνημμένα</strong></span> <span class='ocrx_word' id='word_1_430' title='bbox 3591 2261 3709 2333; x_wconf 82' lang='grc' dir='ltr'><strong>γὰρ</strong></span> 
     </span>
    </p>
   </div>
   <div class='ocr_carea' id='block_1_54' title="bbox 2120 2345 3709 2421">
    <p class='ocr_par' dir='ltr' id='par_1_54' title="bbox 2120 2345 3709 2421">
     <span class='ocr_line' id='line_1_54' title="bbox 2120 2345 3709 2421; baseline 0.006 -23"><span class='ocrx_word' id='word_1_431' title='bbox 2120 2345 2406 2416; x_wconf 77' lang='grc' dir='ltr'><strong>ἀμφότερα</strong></span> <span class='ocrx_word' id='word_1_432' title='bbox 2438 2345 2587 2409; x_wconf 84' lang='grc' dir='ltr'><strong>Υἱὸς,</strong></span> <span class='ocrx_word' id='word_1_433' title='bbox 2620 2345 2696 2409; x_wconf 79' lang='grc' dir='ltr'><strong>ὡς</strong></span> <span class='ocrx_word' id='word_1_434' title='bbox 2729 2346 2883 2399; x_wconf 79' lang='grc' dir='ltr'><strong>αὐτοὶ</strong></span> <span class='ocrx_word' id='word_1_435' title='bbox 2936 2345 3208 2416; x_wconf 78' lang='grc' dir='ltr'><strong>λέγουσιν,</strong></span> <span class='ocrx_word' id='word_1_436' title='bbox 3254 2349 3604 2421; x_wconf 81' lang='grc' dir='ltr'><strong>ὀνομάζεται.</strong></span> <span class='ocrx_word' id='word_1_437' title='bbox 3639 2353 3709 2406; x_wconf 80' lang='grc' dir='ltr'><strong>Τί</strong></span> 
     </span>
    </p>
   </div>
   <div class='ocr_carea' id='block_1_55' title="bbox 2119 2435 3709 2510">
    <p class='ocr_par' dir='ltr' id='par_1_55' title="bbox 2119 2435 3709 2510">
     <span class='ocr_line' id='line_1_55' title="bbox 2119 2435 3709 2510; baseline 0.004 -22"><span class='ocrx_word' id='word_1_438' title='bbox 2119 2435 2296 2488; x_wconf 73' lang='grc' dir='ltr'><strong>τοίνυν</strong></span> <span class='ocrx_word' id='word_1_439' title='bbox 2325 2435 2468 2498; x_wconf 79' lang='grc' dir='ltr'><strong>τίνος</strong></span> <span class='ocrx_word' id='word_1_440' title='bbox 2500 2436 2690 2498; x_wconf 78' lang='grc' dir='ltr'><strong>αἴτιον,</strong></span> <span class='ocrx_word' id='word_1_441' title='bbox 2721 2436 2813 2489; x_wconf 71' lang='grc' dir='ltr'><strong>καὶ</strong></span> <span class='ocrx_word' id='word_1_442' title='bbox 2844 2437 3070 2508; x_wconf 80' lang='grc' dir='ltr'><strong>πότερος</strong></span> <span class='ocrx_word' id='word_1_443' title='bbox 3111 2439 3338 2510; x_wconf 86' lang='grc' dir='ltr'><strong>πότερον</strong></span> <span class='ocrx_word' id='word_1_444' title='bbox 3392 2439 3525 2495; x_wconf 83' lang='grc' dir='ltr'><strong>Υἱδν</strong></span> <span class='ocrx_word' id='word_1_445' title='bbox 3565 2458 3709 2496; x_wconf 78' lang='grc' dir='ltr'><strong>κατο-</strong></span> 
     </span>
    </p>
   </div>
   <div class='ocr_carea' id='block_1_56' title="bbox 2121 2524 3708 2602">
    <p class='ocr_par' dir='ltr' id='par_1_56' title="bbox 2121 2524 3708 2602">
     <span class='ocr_line' id='line_1_56' title="bbox 2121 2524 3708 2602; baseline 0.007 -26"><span class='ocrx_word' id='word_1_446' title='bbox 2121 2524 2454 2589; x_wconf 86' lang='grc' dir='ltr'><strong>εσκεύασεν;</strong></span> <span class='ocrx_word' id='word_1_447' title='bbox 2502 2527 2594 2590; x_wconf 86' lang='grc' dir='ltr'><strong>Ἢ,</strong></span> <span class='ocrx_word' id='word_1_448' title='bbox 2643 2526 2730 2579; x_wconf 82' lang='grc' dir='ltr'><strong>ἵνα</strong></span> <span class='ocrx_word' id='word_1_449' title='bbox 2782 2526 3103 2602; x_wconf 85' lang='grc' dir='ltr'><strong>λευκότερον</strong></span> <span class='ocrx_word' id='word_1_450' title='bbox 3153 2531 3385 2601; x_wconf 74' lang='grc' dir='ltr'><strong>εἴποιμι,</strong></span> <span class='ocrx_word' id='word_1_451' title='bbox 3439 2531 3550 2600; x_wconf 83' lang='grc' dir='ltr'><strong>ἀρα</strong></span> <span class='ocrx_word' id='word_1_452' title='bbox 3591 2531 3708 2602; x_wconf 70' lang='lat' dir='ltr'><strong>(l3)</strong></span> 
     </span>
    </p>
   </div>
   <div class='ocr_carea' id='block_1_57' title="bbox 2121 2616 3708 2694">
    <p class='ocr_par' dir='ltr' id='par_1_57' title="bbox 2121 2616 3708 2694">
     <span class='ocr_line' id='line_1_57' title="bbox 2121 2616 3708 2694; baseline 0.004 -25"><span class='ocrx_word' id='word_1_453' title='bbox 2121 2616 2209 2670; x_wconf 80' lang='grc' dir='ltr'><strong>διὰ</strong></span> <span class='ocrx_word' id='word_1_454' title='bbox 2239 2616 2338 2687; x_wconf 86' lang='grc' dir='ltr'><strong>τὴν</strong></span> <span class='ocrx_word' id='word_1_455' title='bbox 2375 2617 2552 2687; x_wconf 84' lang='grc' dir='ltr'><strong>σάρκα</strong></span> <span class='ocrx_word' id='word_1_456' title='bbox 2583 2619 2612 2670; x_wconf 98' lang='lat'><strong>6</strong></span> <span class='ocrx_word' id='word_1_457' title='bbox 2660 2619 2832 2688; x_wconf 86' lang='grc' dir='ltr'><strong>Λόγος</strong></span> <span class='ocrx_word' id='word_1_458' title='bbox 2872 2618 3035 2686; x_wconf 84' lang='grc' dir='ltr'><strong>Υἱός;</strong></span> <span class='ocrx_word' id='word_1_459' title='bbox 3093 2620 3126 2690; x_wconf 74' lang='grc' dir='ltr'>ἢ</span> <span class='ocrx_word' id='word_1_460' title='bbox 3189 2621 3278 2674; x_wconf 87' lang='grc' dir='ltr'><strong>διά</strong></span> <span class='ocrx_word' id='word_1_461' title='bbox 3329 2622 3422 2675; x_wconf 85' lang='grc' dir='ltr'><strong>τὸν</strong></span> <span class='ocrx_word' id='word_1_462' title='bbox 3463 2623 3642 2691; x_wconf 89' lang='grc' dir='ltr'><strong>Λόγον</strong></span> <span class='ocrx_word' id='word_1_463' title='bbox 3672 2624 3708 2694; x_wconf 79' lang='grc' dir='ltr'><strong>ἡ</strong></span> 
     </span>
    </p>
   </div>
   <div class='ocr_carea' id='block_1_58' title="bbox 2125 2706 3707 2782">
    <p class='ocr_par' dir='ltr' id='par_1_58' title="bbox 2125 2706 3707 2782">
     <span class='ocr_line' id='line_1_58' title="bbox 2125 2706 3707 2782; baseline 0.004 -23"><span class='ocrx_word' id='word_1_464' title='bbox 2125 2706 2260 2778; x_wconf 81' lang='grc' dir='ltr'><strong>σάρξ</strong></span> <span class='ocrx_word' id='word_1_465' title='bbox 2288 2708 2415 2772; x_wconf 84' lang='grc' dir='ltr'><strong>Υἱὸς</strong></span> <span class='ocrx_word' id='word_1_466' title='bbox 2437 2709 2694 2778; x_wconf 84' lang='grc' dir='ltr'><strong>λέγεται;</strong></span> <span class='ocrx_word' id='word_1_467' title='bbox 2741 2711 2812 2763; x_wconf 86' lang='grc' dir='ltr'><strong>Ἦ</strong></span> <span class='ocrx_word' id='word_1_468' title='bbox 2871 2711 2980 2765; x_wconf 78' lang='grc' dir='ltr'><strong>οὐδ’</strong></span> <span class='ocrx_word' id='word_1_469' title='bbox 3027 2713 3284 2782; x_wconf 86' lang='grc' dir='ltr'><strong>ὁπότερον</strong></span> <span class='ocrx_word' id='word_1_470' title='bbox 3325 2712 3557 2777; x_wconf 87' lang='grc' dir='ltr'><strong>τούτων,</strong></span> <span class='ocrx_word' id='word_1_471' title='bbox 3588 2713 3707 2768; x_wconf 73' lang='grc' dir='ltr'><strong>ἀλλ’</strong></span> 
     </span>
    </p>
   </div>
   <div class='ocr_carea' id='block_1_59' title="bbox 2123 2799 3710 2875">
    <p class='ocr_par' dir='ltr' id='par_1_59' title="bbox 2123 2799 3710 2875">
     <span class='ocr_line' id='line_1_59' title="bbox 2123 2799 3710 2875; baseline 0.002 -23"><span class='ocrx_word' id='word_1_472' title='bbox 2123 2801 2158 2870; x_wconf 82' lang='grc' dir='ltr'>ἡ</span> <span class='ocrx_word' id='word_1_473' title='bbox 2181 2799 2292 2870; x_wconf 71' lang='grc'><strong>(44)</strong></span> <span class='ocrx_word' id='word_1_474' title='bbox 2322 2801 2524 2870; x_wconf 70' lang='grc' dir='ltr'><strong>ἀμφοῖν</strong></span> <span class='ocrx_word' id='word_1_475' title='bbox 2561 2801 2813 2866; x_wconf 86' lang='grc' dir='ltr'><strong>σύνοδος;</strong></span> <span class='ocrx_word' id='word_1_476' title='bbox 2862 2802 2924 2855; x_wconf 79' lang='lat' dir='ltr'><strong>Et</strong></span> <span class='ocrx_word' id='word_1_477' title='bbox 2961 2803 3060 2872; x_wconf 79' lang='grc' dir='ltr'><strong>μὲν</strong></span> <span class='ocrx_word' id='word_1_478' title='bbox 3101 2799 3194 2858; x_wconf 75' lang='grc' dir='ltr'><strong>οὖν</strong></span> <span class='ocrx_word' id='word_1_479' title='bbox 3224 2803 3253 2855; x_wconf 88' lang='grc' dir='ltr'><strong>ὁ</strong></span> <span class='ocrx_word' id='word_1_480' title='bbox 3278 2802 3451 2871; x_wconf 86' lang='grc' dir='ltr'><strong>Λόγος</strong></span> <span class='ocrx_word' id='word_1_481' title='bbox 3482 2802 3576 2857; x_wconf 80' lang='grc' dir='ltr'><strong>διὰ</strong></span> <span class='ocrx_word' id='word_1_482' title='bbox 3605 2802 3710 2875; x_wconf 75' lang='grc' dir='ltr'><strong>τὴν</strong></span> 
     </span>
    </p>
   </div>
   <div class='ocr_carea' id='block_1_60' title="bbox 2127 2887 3712 2966">
    <p class='ocr_par' dir='ltr' id='par_1_60' title="bbox 2127 2887 3712 2966">
     <span class='ocr_line' id='line_1_60' title="bbox 2127 2887 3712 2966; baseline 0.001 -22"><span class='ocrx_word' id='word_1_483' title='bbox 2127 2890 2322 2964; x_wconf 85' lang='grc' dir='ltr'><strong>σάρκα,</strong></span> <span class='ocrx_word' id='word_1_484' title='bbox 2352 2893 2565 2964; x_wconf 84' lang='grc' dir='ltr'><strong>ἀνάγκη</strong></span> <span class='ocrx_word' id='word_1_485' title='bbox 2594 2892 2694 2964; x_wconf 80' lang='grc' dir='ltr'><strong>τὴν</strong></span> <span class='ocrx_word' id='word_1_486' title='bbox 2729 2895 2907 2966; x_wconf 89' lang='grc' dir='ltr'><strong>σάρκα</strong></span> <span class='ocrx_word' id='word_1_487' title='bbox 2929 2890 3068 2947; x_wconf 81' lang='grc' dir='ltr'><strong>εἶναι</strong></span> <span class='ocrx_word' id='word_1_488' title='bbox 3113 2893 3262 2957; x_wconf 78' lang='grc' dir='ltr'><strong>Υἱὸν,</strong></span> <span class='ocrx_word' id='word_1_489' title='bbox 3297 2887 3391 2946; x_wconf 62' lang='grc' dir='ltr'><strong>καὶ</strong></span> <span class='ocrx_word' id='word_1_490' title='bbox 3422 2892 3712 2947; x_wconf 78' lang='grc' dir='ltr'><strong>ἀκολουθεῖ</strong></span> 
     </span>
    </p>
   </div>
   <div class='ocr_carea' id='block_1_61' title="bbox 2125 2983 3710 3057">
    <p class='ocr_par' dir='ltr' id='par_1_61' title="bbox 2125 2983 3710 3057">
     <span class='ocr_line' id='line_1_61' title="bbox 2125 2983 3710 3057; baseline -0.001 -19"><span class='ocrx_word' id='word_1_491' title='bbox 2125 2983 2192 3038; x_wconf 79' lang='grc' dir='ltr'><strong>τὰ</strong></span> <span class='ocrx_word' id='word_1_492' title='bbox 2223 2985 2416 3047; x_wconf 79' lang='grc' dir='ltr'><strong>ἄτοπα,</strong></span> <span class='ocrx_word' id='word_1_493' title='bbox 2447 2985 2544 3037; x_wconf 82' lang='grc' dir='ltr'><strong>ὅσα</strong></span> <span class='ocrx_word' id='word_1_494' title='bbox 2578 2986 2898 3057; x_wconf 83' lang='grc' dir='ltr'><strong>προείρηται</strong></span> <span class='ocrx_word' id='word_1_495' title='bbox 2930 2988 2994 3038; x_wconf 81' lang='grc' dir='ltr'><strong>ὲκ</strong></span> <span class='ocrx_word' id='word_1_496' title='bbox 3038 2985 3132 3038; x_wconf 84' lang='grc' dir='ltr'><strong>τοῦ</strong></span> <span class='ocrx_word' id='word_1_497' title='bbox 3161 2985 3340 3054; x_wconf 85' lang='grc' dir='ltr'><strong>λέγειν</strong></span> <span class='ocrx_word' id='word_1_498' title='bbox 3371 2984 3463 3037; x_wconf 78' lang='grc' dir='ltr'><strong>τὸν</strong></span> <span class='ocrx_word' id='word_1_499' title='bbox 3495 2983 3710 3056; x_wconf 79' lang='grc' dir='ltr'><strong>ἀνθρω-</strong></span> 
     </span>
    </p>
   </div>
   <div class='ocr_carea' id='block_1_62' title="bbox 428 3074 2020 3166">
    <p class='ocr_par' dir='ltr' id='par_1_62' title="bbox 428 3077 2020 3151">
     <span class='ocr_line' id='line_1_62' title="bbox 428 3077 2020 3151; baseline -0.001 -16"><span class='ocrx_word' id='word_1_500' title='bbox 428 3078 776 3151; x_wconf 71' lang='grc' dir='ltr'><strong>,εροιιιίειτίιιι</strong></span> <span class='ocrx_word' id='word_1_501' title='bbox 801 3121 816 3148; x_wconf 94' lang='grc'><strong>,</strong></span> <span class='ocrx_word' id='word_1_502' title='bbox 857 3088 1004 3136; x_wconf 90' lang='lat' dir='ltr'><strong>certe</strong></span> <span class='ocrx_word' id='word_1_503' title='bbox 1027 3094 1249 3135; x_wconf 87' lang='lat' dir='ltr'><strong>carnem</strong></span> <span class='ocrx_word' id='word_1_504' title='bbox 1280 3077 1480 3132; x_wconf 86' lang='lat' dir='ltr'><strong>Filium</strong></span> <span class='ocrx_word' id='word_1_505' title='bbox 1505 3092 1628 3132; x_wconf 90' lang='lat' dir='ltr'><strong>esse</strong></span> <span class='ocrx_word' id='word_1_506' title='bbox 1653 3093 1876 3133; x_wconf 89' lang='lat' dir='ltr'><strong>necesse</strong></span> <span class='ocrx_word' id='word_1_507' title='bbox 1905 3084 2020 3133; x_wconf 89' lang='lat' dir='ltr'><strong>est:</strong></span> 
     </span>
    </p>
   </div>
   <div class='ocr_carea' id='block_1_63' title="bbox 2116 3074 3709 3166">
    <p class='ocr_par' dir='ltr' id='par_1_63' title="bbox 2128 3074 3709 3148">
     <span class='ocr_line' id='line_1_63' title="bbox 2128 3074 3709 3148; baseline -0.001 -18"><span class='ocrx_word' id='word_1_508' title='bbox 2128 3093 2226 3130; x_wconf 87' lang='grc' dir='ltr'><strong>πον</strong></span> <span class='ocrx_word' id='word_1_509' title='bbox 2263 3075 2410 3128; x_wconf 82' lang='grc' dir='ltr'><strong>Υἱόν·</strong></span> <span class='ocrx_word' id='word_1_510' title='bbox 2445 3077 2493 3129; x_wconf 76' lang='grc' dir='ltr'><strong>εἰ</strong></span> <span class='ocrx_word' id='word_1_511' title='bbox 2521 3076 2578 3130; x_wconf 82' lang='grc' dir='ltr'><strong>δὲ</strong></span> <span class='ocrx_word' id='word_1_512' title='bbox 2601 3076 2688 3130; x_wconf 82' lang='grc' dir='ltr'><strong>διὰ</strong></span> <span class='ocrx_word' id='word_1_513' title='bbox 2718 3077 2808 3130; x_wconf 87' lang='grc' dir='ltr'><strong>τὸν</strong></span> <span class='ocrx_word' id='word_1_514' title='bbox 2852 3077 3021 3146; x_wconf 88' lang='grc' dir='ltr'><strong>Λόγον</strong></span> <span class='ocrx_word' id='word_1_515' title='bbox 3053 3079 3086 3148; x_wconf 86' lang='grc' dir='ltr'><strong>ή</strong></span> <span class='ocrx_word' id='word_1_516' title='bbox 3145 3077 3281 3148; x_wconf 77' lang='grc' dir='ltr'><strong>σὰρξ</strong></span> <span class='ocrx_word' id='word_1_517' title='bbox 3313 3075 3443 3139; x_wconf 80' lang='grc' dir='ltr'><strong>Υἱὸς</strong></span> <span class='ocrx_word' id='word_1_518' title='bbox 3463 3074 3709 3144; x_wconf 85' lang='grc' dir='ltr'><strong>λέγεται,</strong></span> 
     </span>
    </p>
   </div>
   <div class='ocr_carea' id='block_1_64' title="bbox 454 3162 2020 3240">
    <p class='ocr_par' dir='ltr' id='par_1_64' title="bbox 454 3167 2020 3240">
     <span class='ocr_line' id='line_1_64' title="bbox 454 3167 2020 3240; baseline -0.002 -16"><span class='ocrx_word' id='word_1_519' title='bbox 454 3185 565 3240; x_wconf 90' lang='lat' dir='ltr'><strong>quo</strong></span> <span class='ocrx_word' id='word_1_520' title='bbox 592 3185 658 3226; x_wconf 82' lang='lat' dir='ltr'><strong>ex</strong></span> <span class='ocrx_word' id='word_1_521' title='bbox 683 3185 947 3240; x_wconf 89' lang='lat' dir='ltr'><strong>responso</strong></span> <span class='ocrx_word' id='word_1_522' title='bbox 984 3171 1168 3224; x_wconf 87' lang='lat' dir='ltr'><strong>omnia</strong></span> <span class='ocrx_word' id='word_1_523' title='bbox 1204 3168 1293 3223; x_wconf 90' lang='lat' dir='ltr'><strong>illa</strong></span> <span class='ocrx_word' id='word_1_524' title='bbox 1323 3167 1560 3222; x_wconf 88' lang='lat' dir='ltr'><strong>absurda</strong></span> <span class='ocrx_word' id='word_1_525' title='bbox 1599 3177 2020 3237; x_wconf 82' lang='lat' dir='ltr'><strong>consequentur,</strong></span> 
     </span>
    </p>
   </div>
   <div class='ocr_carea' id='block_1_65' title="bbox 2116 3162 3708 3240">
    <p class='ocr_par' dir='ltr' id='par_1_65' title="bbox 2127 3162 3708 3239">
     <span class='ocr_line' id='line_1_65' title="bbox 2127 3162 3708 3239; baseline -0.001 -19"><span class='ocrx_word' id='word_1_526' title='bbox 2127 3167 2221 3228; x_wconf 80' lang='grc' dir='ltr'><strong>καὶ</strong></span> <span class='ocrx_word' id='word_1_527' title='bbox 2249 3166 2354 3238; x_wconf 77' lang='grc' dir='ltr'><strong>πρὸ</strong></span> <span class='ocrx_word' id='word_1_528' title='bbox 2379 3167 2480 3237; x_wconf 82' lang='grc' dir='ltr'><strong>τῆς</strong></span> <span class='ocrx_word' id='word_1_529' title='bbox 2529 3168 2730 3239; x_wconf 82' lang='grc' dir='ltr'><strong>σαρκὸς</strong></span> <span class='ocrx_word' id='word_1_530' title='bbox 2757 3168 2976 3232; x_wconf 84' lang='grc' dir='ltr'><strong>πάντως</strong></span> <span class='ocrx_word' id='word_1_531' title='bbox 3014 3171 3043 3221; x_wconf 93' lang='lat'><strong>6</strong></span> <span class='ocrx_word' id='word_1_532' title='bbox 3076 3168 3245 3236; x_wconf 89' lang='grc' dir='ltr'><strong>Λόγος</strong></span> <span class='ocrx_word' id='word_1_533' title='bbox 3298 3165 3374 3219; x_wconf 85' lang='grc' dir='ltr'><strong>ὣν</strong></span> <span class='ocrx_word' id='word_1_534' title='bbox 3430 3163 3561 3230; x_wconf 82' lang='grc' dir='ltr'><strong>Υἱὸς</strong></span> <span class='ocrx_word' id='word_1_535' title='bbox 3617 3162 3708 3236; x_wconf 79' lang='grc' dir='ltr'><strong>ἦν.</strong></span> 
     </span>
    </p>
   </div>
   <div class='ocr_carea' id='block_1_66' title="bbox 451 3255 2020 3333">
    <p class='ocr_par' dir='ltr' id='par_1_66' title="bbox 451 3257 2020 3333">
     <span class='ocr_line' id='line_1_66' title="bbox 451 3257 2020 3333; baseline -0.001 -19"><span class='ocrx_word' id='word_1_536' title='bbox 451 3276 576 3333; x_wconf 80' lang='lat' dir='ltr'><strong>quae</strong></span> <span class='ocrx_word' id='word_1_537' title='bbox 605 3276 672 3316; x_wconf 81' lang='lat' dir='ltr'><strong>ex</strong></span> <span class='ocrx_word' id='word_1_538' title='bbox 707 3261 924 3316; x_wconf 87' lang='lat' dir='ltr'><strong>illorum</strong></span> <span class='ocrx_word' id='word_1_539' title='bbox 953 3261 1204 3331; x_wconf 85' lang='lat' dir='ltr'><strong>superius</strong></span> <span class='ocrx_word' id='word_1_540' title='bbox 1229 3260 1431 3315; x_wconf 90' lang='lat' dir='ltr'><strong>dictum</strong></span> <span class='ocrx_word' id='word_1_541' title='bbox 1458 3268 1540 3313; x_wconf 90' lang='lat' dir='ltr'><strong>est</strong></span> <span class='ocrx_word' id='word_1_542' title='bbox 1574 3257 1703 3312; x_wconf 88' lang='lat' dir='ltr'><strong>oriri</strong></span> <span class='ocrx_word' id='word_1_543' title='bbox 1735 3259 2020 3322; x_wconf 87' lang='lat' dir='ltr'><strong>sententia,</strong></span> 
     </span>
    </p>
   </div>
   <div class='ocr_carea' id='block_1_67' title="bbox 2116 3255 3712 3333">
    <p class='ocr_par' dir='ltr' id='par_1_67' title="bbox 2127 3255 3712 3332">
     <span class='ocr_line' id='line_1_67' title="bbox 2127 3255 3712 3332; baseline -0.003 -17"><span class='ocrx_word' id='word_1_544' title='bbox 2127 3260 2253 3324; x_wconf 81' lang='grc' dir='ltr'><strong>Πῶς</strong></span> <span class='ocrx_word' id='word_1_545' title='bbox 2271 3260 2379 3332; x_wconf 86' lang='grc' dir='ltr'><strong>γὰρ</strong></span> <span class='ocrx_word' id='word_1_546' title='bbox 2406 3255 2516 3314; x_wconf 74' lang='grc' dir='ltr'><strong>οἷόν</strong></span> <span class='ocrx_word' id='word_1_547' title='bbox 2551 3278 2610 3313; x_wconf 88' lang='grc' dir='ltr'><strong>τε</strong></span> <span class='ocrx_word' id='word_1_548' title='bbox 2644 3262 2904 3314; x_wconf 81' lang='grc' dir='ltr'><strong>υἰοποιεῖν</strong></span> <span class='ocrx_word' id='word_1_549' title='bbox 2930 3278 3048 3315; x_wconf 91' lang='grc' dir='ltr'><strong>τινα</strong></span> <span class='ocrx_word' id='word_1_550' title='bbox 3069 3261 3311 3332; x_wconf 80' lang='grc' dir='ltr'><strong>ἑτέρους,</strong></span> <span class='ocrx_word' id='word_1_551' title='bbox 3349 3259 3424 3330; x_wconf 81' lang='grc' dir='ltr'><strong>μὴ</strong></span> <span class='ocrx_word' id='word_1_552' title='bbox 3452 3259 3584 3312; x_wconf 72' lang='grc' dir='ltr'><strong>ὄντα</strong></span> <span class='ocrx_word' id='word_1_553' title='bbox 3613 3260 3712 3312; x_wconf 82' lang='grc' dir='ltr'><strong>αὐ-</strong></span> 
     </span>
    </p>
   </div>
   <div class='ocr_carea' id='block_1_68' title="bbox 449 3345 2020 3425">
    <p class='ocr_par' dir='ltr' id='par_1_68' title="bbox 449 3346 2020 3423">
     <span class='ocr_line' id='line_1_68' title="bbox 449 3346 2020 3423; baseline -0.001 -19"><span class='ocrx_word' id='word_1_554' title='bbox 449 3351 550 3423; x_wconf 71' lang='lat' dir='ltr'><strong>gui</strong></span> <span class='ocrx_word' id='word_1_555' title='bbox 590 3351 864 3406; x_wconf 85' lang='lat' dir='ltr'><strong>hominem</strong></span> <span class='ocrx_word' id='word_1_556' title='bbox 893 3350 1092 3405; x_wconf 91' lang='lat' dir='ltr'><strong>Filium</strong></span> <span class='ocrx_word' id='word_1_557' title='bbox 1134 3365 1254 3405; x_wconf 88' lang='lat' dir='ltr'><strong>esse</strong></span> <span class='ocrx_word' id='word_1_558' title='bbox 1298 3351 1589 3403; x_wconf 84' lang='lat' dir='ltr'><strong>allirmant.</strong></span> <span class='ocrx_word' id='word_1_559' title='bbox 1645 3346 1702 3401; x_wconf 92' lang='lat' dir='ltr'><strong>Si</strong></span> <span class='ocrx_word' id='word_1_560' title='bbox 1738 3362 1867 3401; x_wconf 83' lang='lat' dir='ltr'><strong>vero</strong></span> <span class='ocrx_word' id='word_1_561' title='bbox 1900 3363 2020 3417; x_wconf 88' lang='lat' dir='ltr'><strong>pro-</strong></span> 
     </span>
    </p>
   </div>
   <div class='ocr_carea' id='block_1_69' title="bbox 2116 3345 3711 3425">
    <p class='ocr_par' dir='ltr' id='par_1_69' title="bbox 2127 3345 3711 3425">
     <span class='ocr_line' id='line_1_69' title="bbox 2127 3345 3711 3425; baseline -0.001 -21"><span class='ocrx_word' id='word_1_562' title='bbox 2127 3350 2218 3404; x_wconf 81' lang='grc' dir='ltr'><strong>τδν</strong></span> <span class='ocrx_word' id='word_1_563' title='bbox 2241 3355 2375 3416; x_wconf 73' lang='grc' dir='ltr'><strong>υἱὸν,</strong></span> <span class='ocrx_word' id='word_1_564' title='bbox 2405 3353 2557 3417; x_wconf 75' lang='grc' dir='ltr'><strong>ὄντος</strong></span> <span class='ocrx_word' id='word_1_565' title='bbox 2600 3352 2834 3424; x_wconf 86' lang='grc' dir='ltr'><strong>μάλιστα</strong></span> <span class='ocrx_word' id='word_1_566' title='bbox 2863 3353 3068 3425; x_wconf 78' lang='grc' dir='ltr'><strong>πατρὸς</strong></span> <span class='ocrx_word' id='word_1_567' title='bbox 3097 3369 3111 3417; x_wconf 88' lang='lat'><strong>;</strong></span> <span class='ocrx_word' id='word_1_568' title='bbox 3153 3353 3216 3405; x_wconf 79' lang='grc' dir='ltr'>Εἰ</span> <span class='ocrx_word' id='word_1_569' title='bbox 3278 3352 3375 3422; x_wconf 84' lang='grc' dir='ltr'><strong>μὲν</strong></span> <span class='ocrx_word' id='word_1_570' title='bbox 3406 3345 3499 3404; x_wconf 79' lang='grc' dir='ltr'><strong>οὖν</strong></span> <span class='ocrx_word' id='word_1_571' title='bbox 3532 3349 3711 3421; x_wconf 79' lang='grc' dir='ltr'><strong>ἑαυτῷ</strong></span> 
     </span>
    </p>
   </div>
   <div class='ocr_carea' id='block_1_70' title="bbox 453 3435 2020 3514">
    <p class='ocr_par' dir='ltr' id='par_1_70' title="bbox 453 3435 2020 3513">
     <span class='ocr_line' id='line_1_70' title="bbox 453 3435 2020 3513; baseline -0.003 -17"><span class='ocrx_word' id='word_1_572' title='bbox 453 3447 574 3513; x_wconf 90' lang='lat' dir='ltr'><strong>pter</strong></span> <span class='ocrx_word' id='word_1_573' title='bbox 624 3439 863 3496; x_wconf 89' lang='lat' dir='ltr'><strong>Verbum</strong></span> <span class='ocrx_word' id='word_1_574' title='bbox 917 3457 1046 3498; x_wconf 90' lang='lat' dir='ltr'><strong>caro</strong></span> <span class='ocrx_word' id='word_1_575' title='bbox 1096 3439 1265 3496; x_wconf 88' lang='lat' dir='ltr'><strong>Filius</strong></span> <span class='ocrx_word' id='word_1_576' title='bbox 1297 3439 1536 3503; x_wconf 87' lang='lat' dir='ltr'><strong>dicitur,</strong></span> <span class='ocrx_word' id='word_1_577' title='bbox 1588 3438 1750 3508; x_wconf 80' lang='lat' dir='ltr'><strong>igitur</strong></span> <span class='ocrx_word' id='word_1_578' title='bbox 1786 3435 2020 3492; x_wconf 89' lang='lat' dir='ltr'><strong>Verbum</strong></span> 
     </span>
    </p>
   </div>
   <div class='ocr_carea' id='block_1_71' title="bbox 2116 3435 3709 3514">
    <p class='ocr_par' dir='ltr' id='par_1_71' title="bbox 2131 3440 3709 3514">
     <span class='ocr_line' id='line_1_71' title="bbox 2131 3440 3709 3514; baseline 0 -21"><span class='ocrx_word' id='word_1_579' title='bbox 2131 3443 2377 3509; x_wconf 79' lang='grc' dir='ltr'><strong>υἱοποιεί,</strong></span> <span class='ocrx_word' id='word_1_580' title='bbox 2426 3444 2616 3514; x_wconf 76' lang='grc' dir='ltr'><strong>Πατὴρ</strong></span> <span class='ocrx_word' id='word_1_581' title='bbox 2676 3444 2836 3506; x_wconf 73' lang='grc' dir='ltr'><strong>αὐτὸς</strong></span> <span class='ocrx_word' id='word_1_582' title='bbox 2886 3444 2951 3498; x_wconf 86' lang='grc' dir='ltr'><strong>ἂν</strong></span> <span class='ocrx_word' id='word_1_583' title='bbox 3015 3445 3122 3513; x_wconf 81' lang='grc' dir='ltr'><strong>εἴη·</strong></span> <span class='ocrx_word' id='word_1_584' title='bbox 3177 3444 3226 3497; x_wconf 79' lang='grc' dir='ltr'><strong>εἰ</strong></span> <span class='ocrx_word' id='word_1_585' title='bbox 3283 3443 3339 3496; x_wconf 84' lang='grc' dir='ltr'><strong>δὲ</strong></span> <span class='ocrx_word' id='word_1_586' title='bbox 3387 3440 3468 3512; x_wconf 81' lang='grc' dir='ltr'><strong>τῷ</strong></span> <span class='ocrx_word' id='word_1_587' title='bbox 3507 3441 3709 3512; x_wconf 76' lang='grc' dir='ltr'><strong>Πατρὶ,</strong></span> 
     </span>
    </p>
   </div>
   <div class='ocr_carea' id='block_1_72' title="bbox 455 3523 2020 3606">
    <p class='ocr_par' dir='ltr' id='par_1_72' title="bbox 455 3523 2020 3602">
     <span class='ocr_line' id='line_1_72' title="bbox 455 3523 2020 3602; baseline -0.003 -12"><span class='ocrx_word' id='word_1_588' title='bbox 455 3523 618 3590; x_wconf 80' lang='lat' dir='ltr'><strong>etiam</strong></span> <span class='ocrx_word' id='word_1_589' title='bbox 647 3543 771 3589; x_wconf 89' lang='lat' dir='ltr'><strong>ante</strong></span> <span class='ocrx_word' id='word_1_590' title='bbox 805 3551 1026 3591; x_wconf 89' lang='lat' dir='ltr'><strong>carnem</strong></span> <span class='ocrx_word' id='word_1_591' title='bbox 1060 3532 1230 3588; x_wconf 83' lang='lat' dir='ltr'><strong>Filius</strong></span> <span class='ocrx_word' id='word_1_592' title='bbox 1255 3542 1390 3588; x_wconf 90' lang='lat' dir='ltr'><strong>erat.</strong></span> <span class='ocrx_word' id='word_1_593' title='bbox 1425 3529 1559 3586; x_wconf 85' lang='lat' dir='ltr'><strong>Nam</strong></span> <span class='ocrx_word' id='word_1_594' title='bbox 1579 3533 1672 3602; x_wconf 87' lang='lat' dir='ltr'><strong>qui</strong></span> <span class='ocrx_word' id='word_1_595' title='bbox 1706 3530 1821 3586; x_wconf 85' lang='lat' dir='ltr'><strong>ﬁeri</strong></span> <span class='ocrx_word' id='word_1_596' title='bbox 1849 3539 2020 3600; x_wconf 87' lang='lat' dir='ltr'><strong>potest</strong></span> 
     </span>
    </p>
   </div>
   <div class='ocr_carea' id='block_1_73' title="bbox 2116 3523 3710 3606">
    <p class='ocr_par' dir='ltr' id='par_1_73' title="bbox 2131 3528 3710 3606">
     <span class='ocr_line' id='line_1_73' title="bbox 2131 3528 3710 3606; baseline -0.001 -20"><span class='ocrx_word' id='word_1_597' title='bbox 2131 3533 2344 3605; x_wconf 83' lang='grc' dir='ltr'><strong>ἀνάγκη</strong></span> <span class='ocrx_word' id='word_1_598' title='bbox 2376 3534 2537 3589; x_wconf 72' lang='grc' dir='ltr'><strong>αὐτὸν</strong></span> <span class='ocrx_word' id='word_1_599' title='bbox 2563 3532 2705 3588; x_wconf 74' lang='grc' dir='ltr'><strong>εἶναι</strong></span> <span class='ocrx_word' id='word_1_600' title='bbox 2738 3535 2888 3597; x_wconf 81' lang='grc' dir='ltr'><strong>Υἰὸν,</strong></span> <span class='ocrx_word' id='word_1_601' title='bbox 2919 3535 3117 3606; x_wconf 79' lang='grc' dir='ltr'><strong>μᾶλλον</strong></span> <span class='ocrx_word' id='word_1_602' title='bbox 3146 3535 3203 3588; x_wconf 80' lang='grc' dir='ltr'><strong>δὲ</strong></span> <span class='ocrx_word' id='word_1_603' title='bbox 3249 3535 3411 3587; x_wconf 75' lang='grc' dir='ltr'><strong>αὐτὸν</strong></span> <span class='ocrx_word' id='word_1_604' title='bbox 3449 3528 3594 3588; x_wconf 75' lang='grc' dir='ltr'><strong>εἶναι</strong></span> <span class='ocrx_word' id='word_1_605' title='bbox 3619 3533 3710 3586; x_wconf 80' lang='grc' dir='ltr'><strong>τὸν</strong></span> 
     </span>
    </p>
   </div>
   <div class='ocr_carea' id='block_1_74' title="bbox 455 3621 2020 3696">
    <p class='ocr_par' dir='ltr' id='par_1_74' title="bbox 455 3621 2020 3696">
     <span class='ocr_line' id='line_1_74' title="bbox 455 3621 2020 3696; baseline -0.004 -18"><span class='ocrx_word' id='word_1_606' title='bbox 455 3621 520 3696; x_wconf 81' lang='lat' dir='ltr'><strong>ut</strong></span> <span class='ocrx_word' id='word_1_607' title='bbox 558 3625 695 3681; x_wconf 87' lang='lat' dir='ltr'><strong>alios</strong></span> <span class='ocrx_word' id='word_1_608' title='bbox 734 3625 822 3680; x_wconf 89' lang='lat' dir='ltr'><strong>ille</strong></span> <span class='ocrx_word' id='word_1_609' title='bbox 875 3624 1019 3680; x_wconf 87' lang='lat' dir='ltr'><strong>ﬁlios</strong></span> <span class='ocrx_word' id='word_1_610' title='bbox 1056 3624 1262 3687; x_wconf 82' lang='lat' dir='ltr'><strong>reddat,</strong></span> <span class='ocrx_word' id='word_1_611' title='bbox 1312 3623 1404 3692; x_wconf 83' lang='lat' dir='ltr'><strong>qui</strong></span> <span class='ocrx_word' id='word_1_612' title='bbox 1443 3623 1559 3692; x_wconf 89' lang='lat' dir='ltr'><strong>ipse</strong></span> <span class='ocrx_word' id='word_1_613' title='bbox 1591 3622 1736 3676; x_wconf 85' lang='lat' dir='ltr'><strong>ﬁlius</strong></span> <span class='ocrx_word' id='word_1_614' title='bbox 1768 3636 1877 3675; x_wconf 92' lang='lat' dir='ltr'><strong>non</strong></span> <span class='ocrx_word' id='word_1_615' title='bbox 1917 3628 2020 3687; x_wconf 91' lang='lat' dir='ltr'><strong>est,</strong></span> 
     </span>
    </p>
   </div>
   <div class='ocr_carea' id='block_1_75' title="bbox 2116 3621 3397 3696">
    <p class='ocr_par' dir='ltr' id='par_1_75' title="bbox 2131 3622 3397 3693">
     <span class='ocr_line' id='line_1_75' title="bbox 2131 3622 3397 3693; baseline 0.002 -18"><span class='ocrx_word' id='word_1_616' title='bbox 2131 3622 2259 3676; x_wconf 75' lang='grc' dir='ltr'><strong>Υἱὺν</strong></span> <span class='ocrx_word' id='word_1_617' title='bbox 2293 3624 2427 3693; x_wconf 71' lang='grc'><strong>(45),</strong></span> <span class='ocrx_word' id='word_1_618' title='bbox 2451 3624 2516 3676; x_wconf 81' lang='grc' dir='ltr'><strong>δι’</strong></span> <span class='ocrx_word' id='word_1_619' title='bbox 2544 3625 2602 3679; x_wconf 82' lang='grc' dir='ltr'><strong>ὃν</strong></span> <span class='ocrx_word' id='word_1_620' title='bbox 2634 3625 2727 3679; x_wconf 78' lang='grc' dir='ltr'><strong>καὶ</strong></span> <span class='ocrx_word' id='word_1_621' title='bbox 2754 3627 2804 3678; x_wconf 80' lang='grc' dir='ltr'><strong>οἱ</strong></span> <span class='ocrx_word' id='word_1_622' title='bbox 2831 3625 2978 3680; x_wconf 79' lang='grc' dir='ltr'><strong>ἄλλοι</strong></span> <span class='ocrx_word' id='word_1_623' title='bbox 3016 3625 3397 3679; x_wconf 81' lang='grc' dir='ltr'><strong>υἱοποιοῦνται.</strong></span> 
     </span>
    </p>
   </div>
   <div class='ocr_carea' id='block_1_76' title="bbox 462 3716 3714 3790">
    <p class='ocr_par' dir='ltr' id='par_1_76' title="bbox 462 3716 3714 3790">
     <span class='ocr_line' id='line_1_76' title="bbox 462 3716 3714 3790; baseline -0.001 -16"><span class='ocrx_word' id='word_1_624' title='bbox 462 3721 764 3790; x_wconf 84' lang='lat' dir='ltr'><strong>praesertim</strong></span> <span class='ocrx_word' id='word_1_625' title='bbox 815 3729 971 3790; x_wconf 89' lang='lat' dir='ltr'><strong>patre</strong></span> <span class='ocrx_word' id='word_1_626' title='bbox 1021 3718 1364 3774; x_wconf 83' lang='lat' dir='ltr'><strong>exsistente?</strong></span> <span class='ocrx_word' id='word_1_627' title='bbox 1394 3716 1672 3782; x_wconf 82' lang='lat' dir='ltr'><strong>Profecto,</strong></span> <span class='ocrx_word' id='word_1_628' title='bbox 1717 3717 1762 3771; x_wconf 90' lang='lat' dir='ltr'><strong>si</strong></span> <span class='ocrx_word' id='word_1_629' title='bbox 1798 3716 1899 3770; x_wconf 88' lang='lat' dir='ltr'><strong>sibi</strong></span> <span class='ocrx_word' id='word_1_630' title='bbox 1948 3717 2063 3785; x_wconf 89' lang='lat' dir='ltr'><strong>ipse</strong></span> <span class='ocrx_word' id='word_1_631' title='bbox 2095 3717 2237 3774; x_wconf 87' lang='lat' dir='ltr'><strong>ﬁlios</strong></span> <span class='ocrx_word' id='word_1_632' title='bbox 2262 3719 2440 3784; x_wconf 80' lang='lat' dir='ltr'><strong>ellicit,</strong></span> <span class='ocrx_word' id='word_1_633' title='bbox 2500 3719 2662 3776; x_wconf 88' lang='lat' dir='ltr'><strong>Pater</strong></span> <span class='ocrx_word' id='word_1_634' title='bbox 2703 3721 2964 3776; x_wconf 84' lang='lat' dir='ltr'><strong>dicendus</strong></span> <span class='ocrx_word' id='word_1_635' title='bbox 3010 3731 3130 3776; x_wconf 90' lang='lat' dir='ltr'><strong>est:</strong></span> <span class='ocrx_word' id='word_1_636' title='bbox 3159 3721 3205 3777; x_wconf 89' lang='lat' dir='ltr'><strong>si</strong></span> <span class='ocrx_word' id='word_1_637' title='bbox 3252 3719 3420 3785; x_wconf 88' lang='lat' dir='ltr'><strong>Patri,</strong></span> <span class='ocrx_word' id='word_1_638' title='bbox 3475 3720 3594 3788; x_wconf 86' lang='lat' dir='ltr'><strong>ipse</strong></span> <span class='ocrx_word' id='word_1_639' title='bbox 3641 3717 3714 3774; x_wconf 81' lang='lat' dir='ltr'><strong>sit</strong></span> 
     </span>
    </p>
   </div>
   <div class='ocr_carea' id='block_1_77' title="bbox 459 3809 3712 3890">
    <p class='ocr_par' dir='ltr' id='par_1_77' title="bbox 459 3809 3712 3890">
     <span class='ocr_line' id='line_1_77' title="bbox 459 3809 3712 3890; baseline -0.003 -16"><span class='ocrx_word' id='word_1_640' title='bbox 459 3835 680 3890; x_wconf 74' lang='lat' dir='ltr'><strong>quoque</strong></span> <span class='ocrx_word' id='word_1_641' title='bbox 715 3817 908 3884; x_wconf 86' lang='lat' dir='ltr'><strong>Filius,</strong></span> <span class='ocrx_word' id='word_1_642' title='bbox 964 3817 1046 3872; x_wconf 87' lang='lat' dir='ltr'><strong>vel</strong></span> <span class='ocrx_word' id='word_1_643' title='bbox 1093 3819 1274 3889; x_wconf 91' lang='lat' dir='ltr'><strong>potius</strong></span> <span class='ocrx_word' id='word_1_644' title='bbox 1316 3817 1430 3887; x_wconf 86' lang='lat' dir='ltr'><strong>ipse</strong></span> <span class='ocrx_word' id='word_1_645' title='bbox 1468 3830 1630 3870; x_wconf 87' lang='lat' dir='ltr'><strong>verus</strong></span> <span class='ocrx_word' id='word_1_646' title='bbox 1679 3813 1749 3868; x_wconf 87' lang='lat' dir='ltr'><strong>sit</strong></span> <span class='ocrx_word' id='word_1_647' title='bbox 1791 3809 1963 3867; x_wconf 87' lang='lat' dir='ltr'><strong>Filius</strong></span> <span class='ocrx_word' id='word_1_648' title='bbox 2029 3826 2254 3868; x_wconf 88' lang='lat' dir='ltr'><strong>necesse</strong></span> <span class='ocrx_word' id='word_1_649' title='bbox 2296 3815 2518 3870; x_wconf 88' lang='lat' dir='ltr'><strong>omnino</strong></span> <span class='ocrx_word' id='word_1_650' title='bbox 2580 3824 2702 3883; x_wconf 91' lang='lat' dir='ltr'><strong>est,</strong></span> <span class='ocrx_word' id='word_1_651' title='bbox 2750 3825 2971 3886; x_wconf 87' lang='lat' dir='ltr'><strong>propter</strong></span> <span class='ocrx_word' id='word_1_652' title='bbox 3007 3829 3169 3886; x_wconf 86' lang='lat' dir='ltr'><strong>quem</strong></span> <span class='ocrx_word' id='word_1_653' title='bbox 3212 3814 3417 3870; x_wconf 87' lang='lat' dir='ltr'><strong>scilicet</strong></span> <span class='ocrx_word' id='word_1_654' title='bbox 3479 3812 3572 3867; x_wconf 91' lang='lat' dir='ltr'><strong>alii</strong></span> <span class='ocrx_word' id='word_1_655' title='bbox 3617 3811 3712 3866; x_wconf 83' lang='lat' dir='ltr'><strong>ﬁlii</strong></span> 
     </span>
    </p>
   </div>
   <div class='ocr_carea' id='block_1_78' title="bbox 457 3907 790 3978">
    <p class='ocr_par' dir='ltr' id='par_1_78' title="bbox 457 3907 790 3978">
     <span class='ocr_line' id='line_1_78' title="bbox 457 3907 790 3978; baseline 0 -12"><span class='ocrx_word' id='word_1_656' title='bbox 457 3907 790 3978; x_wconf 52' lang='lat' dir='ltr'><strong>,eﬂiciuntur.</strong></span> 
     </span>
    </p>
   </div>
   <div class='ocr_carea' id='block_1_79' title="bbox 531 3984 2020 4074">
    <p class='ocr_par' dir='ltr' id='par_1_79' title="bbox 531 3995 2012 4074">
     <span class='ocr_line' id='line_1_79' title="bbox 531 3995 2012 4074; baseline -0.005 -17"><span class='ocrx_word' id='word_1_657' title='bbox 531 4003 621 4057; x_wconf 72' lang='lat'><strong>22.</strong></span> <span class='ocrx_word' id='word_1_658' title='bbox 653 4002 1015 4074; x_wconf 60' lang='lat' dir='ltr'><strong>Cmteroquin,</strong></span> <span class='ocrx_word' id='word_1_659' title='bbox 1050 4001 1096 4057; x_wconf 92' lang='lat' dir='ltr'><strong>si</strong></span> <span class='ocrx_word' id='word_1_660' title='bbox 1128 4001 1216 4057; x_wconf 86' lang='lat' dir='ltr'><strong>ille</strong></span> <span class='ocrx_word' id='word_1_661' title='bbox 1244 4016 1351 4058; x_wconf 92' lang='lat' dir='ltr'><strong>non</strong></span> <span class='ocrx_word' id='word_1_662' title='bbox 1385 3999 1455 4054; x_wconf 88' lang='lat' dir='ltr'><strong>sit</strong></span> <span class='ocrx_word' id='word_1_663' title='bbox 1477 3999 1673 4062; x_wconf 88' lang='lat' dir='ltr'><strong>Filius,</strong></span> <span class='ocrx_word' id='word_1_664' title='bbox 1711 4003 1766 4051; x_wconf 91' lang='lat' dir='ltr'><strong>et</strong></span> <span class='ocrx_word' id='word_1_665' title='bbox 1812 4012 1912 4051; x_wconf 91' lang='lat' dir='ltr'><strong>nos</strong></span> <span class='ocrx_word' id='word_1_666' title='bbox 1941 3995 2012 4050; x_wconf 88' lang='lat' dir='ltr'><strong>ﬁli</strong></span> 
     </span>
    </p>
   </div>
   <div class='ocr_carea' id='block_1_80' title="bbox 2116 3984 3714 4074">
    <p class='ocr_par' dir='ltr' id='par_1_80' title="bbox 2209 3984 3714 4066">
     <span class='ocr_line' id='line_1_80' title="bbox 2209 3984 3714 4066; baseline -0.008 -16"><span class='ocrx_word' id='word_1_667' title='bbox 2209 3996 2298 4051; x_wconf 72' lang='lat'><strong>22.</strong></span> <span class='ocrx_word' id='word_1_668' title='bbox 2355 3996 2507 4062; x_wconf 73' lang='grc' dir='ltr'><strong>Ἐπεὶ</strong></span> <span class='ocrx_word' id='word_1_669' title='bbox 2553 3996 2622 4060; x_wconf 79' lang='grc' dir='ltr'><strong>εξ,</strong></span> <span class='ocrx_word' id='word_1_670' title='bbox 2682 3994 2756 4066; x_wconf 83' lang='grc' dir='ltr'><strong>μὴ</strong></span> <span class='ocrx_word' id='word_1_671' title='bbox 2789 3994 2941 4058; x_wconf 73' lang='grc' dir='ltr'><strong>ὄντος</strong></span> <span class='ocrx_word' id='word_1_672' title='bbox 2986 3992 3150 4049; x_wconf 80' lang='grc' dir='ltr'><strong>αὐτοῦ</strong></span> <span class='ocrx_word' id='word_1_673' title='bbox 3190 3990 3345 4055; x_wconf 78' lang='grc' dir='ltr'><strong>Υἱοῦ,</strong></span> <span class='ocrx_word' id='word_1_674' title='bbox 3390 3991 3554 4063; x_wconf 75' lang='grc' dir='ltr'><strong>ἡμεῖς</strong></span> <span class='ocrx_word' id='word_1_675' title='bbox 3608 3984 3714 4044; x_wconf 77' lang='grc' dir='ltr'><strong>υἱοί</strong></span> 
     </span>
    </p>
   </div>
   <div class='ocr_carea' id='block_1_81' title="bbox 462 4080 2020 4166">
    <p class='ocr_par' dir='ltr' id='par_1_81' title="bbox 462 4088 2020 4166">
     <span class='ocr_line' id='line_1_81' title="bbox 462 4088 2020 4166; baseline -0.01 -13"><span class='ocrx_word' id='word_1_676' title='bbox 462 4113 676 4158; x_wconf 83' lang='lat' dir='ltr'><strong>sumus,</strong></span> <span class='ocrx_word' id='word_1_677' title='bbox 706 4097 920 4166; x_wconf 86' lang='lat' dir='ltr'><strong>utrique</strong></span> <span class='ocrx_word' id='word_1_678' title='bbox 943 4111 1051 4149; x_wconf 88' lang='lat' dir='ltr'><strong>non</strong></span> <span class='ocrx_word' id='word_1_679' title='bbox 1082 4094 1226 4148; x_wconf 89' lang='lat' dir='ltr'><strong>illius</strong></span> <span class='ocrx_word' id='word_1_680' title='bbox 1254 4093 1345 4148; x_wconf 92' lang='lat' dir='ltr'><strong>sed</strong></span> <span class='ocrx_word' id='word_1_681' title='bbox 1369 4090 1542 4145; x_wconf 90' lang='lat' dir='ltr'><strong>nostri</strong></span> <span class='ocrx_word' id='word_1_682' title='bbox 1569 4088 1729 4143; x_wconf 85' lang='lat' dir='ltr'><strong>Pater</strong></span> <span class='ocrx_word' id='word_1_683' title='bbox 1745 4088 1848 4142; x_wconf 89' lang='lat' dir='ltr'><strong>erit</strong></span> <span class='ocrx_word' id='word_1_684' title='bbox 1873 4088 2020 4142; x_wconf 44' lang='lat' dir='ltr'><strong>Deus.</strong></span> 
     </span>
    </p>
   </div>
   <div class='ocr_carea' id='block_1_82' title="bbox 2116 4080 3711 4166">
    <p class='ocr_par' dir='ltr' id='par_1_82' title="bbox 2141 4080 3711 4157">
     <span class='ocr_line' id='line_1_82' title="bbox 2141 4080 3711 4157; baseline -0.004 -17"><span class='ocrx_word' id='word_1_685' title='bbox 2141 4089 2329 4157; x_wconf 75' lang='grc' dir='ltr'><strong>ἐσμεν,</strong></span> <span class='ocrx_word' id='word_1_686' title='bbox 2351 4085 2509 4157; x_wconf 76' lang='grc' dir='ltr'><strong>ἡμῶν</strong></span> <span class='ocrx_word' id='word_1_687' title='bbox 2542 4083 2608 4138; x_wconf 87' lang='grc' dir='ltr'><strong>ἂν</strong></span> <span class='ocrx_word' id='word_1_688' title='bbox 2633 4085 2716 4155; x_wconf 77' lang='grc' dir='ltr'><strong>εἴη</strong></span> <span class='ocrx_word' id='word_1_689' title='bbox 2758 4086 2786 4137; x_wconf 93' lang='lat'><strong>6</strong></span> <span class='ocrx_word' id='word_1_690' title='bbox 2817 4084 2951 4147; x_wconf 84' lang='grc' dir='ltr'><strong>Θεὸς</strong></span> <span class='ocrx_word' id='word_1_691' title='bbox 2994 4084 3208 4154; x_wconf 81' lang='grc' dir='ltr'><strong>Πατὴρ,</strong></span> <span class='ocrx_word' id='word_1_692' title='bbox 3252 4083 3346 4136; x_wconf 78' lang='grc' dir='ltr'><strong>καὶ</strong></span> <span class='ocrx_word' id='word_1_693' title='bbox 3372 4082 3474 4134; x_wconf 83' lang='grc' dir='ltr'><strong>οὐκ</strong></span> <span class='ocrx_word' id='word_1_694' title='bbox 3524 4080 3711 4134; x_wconf 79' lang='grc' dir='ltr'><strong>αὑτοῦ.</strong></span> 
     </span>
    </p>
   </div>
   <div class='ocr_carea' id='block_1_83' title="bbox 464 4170 2020 4276">
    <p class='ocr_par' dir='ltr' id='par_1_83' title="bbox 464 4177 2020 4255">
     <span class='ocr_line' id='line_1_83' title="bbox 464 4177 2020 4255; baseline -0.007 -14"><span class='ocrx_word' id='word_1_695' title='bbox 464 4185 572 4252; x_wconf 81' lang='grc' dir='ltr'><strong>Ωιιί</strong></span> <span class='ocrx_word' id='word_1_696' title='bbox 599 4201 730 4255; x_wconf 85' lang='lat' dir='ltr'><strong>ergo</strong></span> <span class='ocrx_word' id='word_1_697' title='bbox 763 4185 815 4239; x_wconf 92' lang='lat' dir='ltr'><strong>id</strong></span> <span class='ocrx_word' id='word_1_698' title='bbox 843 4185 944 4240; x_wconf 89' lang='lat' dir='ltr'><strong>sibi</strong></span> <span class='ocrx_word' id='word_1_699' title='bbox 974 4192 1232 4254; x_wconf 86' lang='lat' dir='ltr'><strong>tanquam</strong></span> <span class='ocrx_word' id='word_1_700' title='bbox 1267 4181 1546 4251; x_wconf 87' lang='lat' dir='ltr'><strong>proprium</strong></span> <span class='ocrx_word' id='word_1_701' title='bbox 1578 4178 1662 4232; x_wconf 89' lang='lat' dir='ltr'><strong>his</strong></span> <span class='ocrx_word' id='word_1_702' title='bbox 1701 4177 1878 4231; x_wconf 89' lang='lat' dir='ltr'><strong>verbis</strong></span> <span class='ocrx_word' id='word_1_703' title='bbox 1919 4177 2020 4230; x_wconf 88' lang='lat' dir='ltr'><strong>vin-</strong></span> 
     </span>
    </p>
   </div>
   <div class='ocr_carea' id='block_1_84' title="bbox 2116 4170 3712 4276">
    <p class='ocr_par' dir='ltr' id='par_1_84' title="bbox 2141 4170 3712 4245">
     <span class='ocr_line' id='line_1_84' title="bbox 2141 4170 3712 4245; baseline -0.004 -12"><span class='ocrx_word' id='word_1_704' title='bbox 2141 4178 2267 4242; x_wconf 82' lang='grc' dir='ltr'><strong>Πῶς</strong></span> <span class='ocrx_word' id='word_1_705' title='bbox 2299 4173 2391 4231; x_wconf 79' lang='grc' dir='ltr'><strong>οὖν</strong></span> <span class='ocrx_word' id='word_1_706' title='bbox 2420 4177 2748 4230; x_wconf 79' lang='grc' dir='ltr'><strong>ἱδιοποιεῖται</strong></span> <span class='ocrx_word' id='word_1_707' title='bbox 2781 4175 2976 4245; x_wconf 74' lang='grc' dir='ltr'><strong>μᾶλλον</strong></span> <span class='ocrx_word' id='word_1_708' title='bbox 3003 4174 3200 4242; x_wconf 88' lang='grc' dir='ltr'><strong>λέγων,</strong></span> <span class='ocrx_word' id='word_1_709' title='bbox 3246 4173 3309 4227; x_wconf 85' lang='lat'><strong>&#39;0</strong></span> <span class='ocrx_word' id='word_1_710' title='bbox 3334 4170 3537 4240; x_wconf 83' lang='grc' dir='ltr'><strong>Πατήρ</strong></span> <span class='ocrx_word' id='word_1_711' title='bbox 3571 4190 3712 4241; x_wconf 82' lang='grc' dir='ltr'><strong>μου,</strong></span> 
     </span>
    </p>
   </div>
   <div class='ocr_carea' id='block_1_85' title="bbox 466 4264 2020 4345">
    <p class='ocr_par' dir='ltr' id='par_1_85' title="bbox 466 4271 2020 4345">
     <span class='ocr_line' id='line_1_85' title="bbox 466 4271 2020 4345; baseline -0.008 -9"><span class='ocrx_word' id='word_1_712' title='bbox 466 4282 632 4342; x_wconf 87' lang='lat' dir='ltr'><strong>dicat,</strong></span> <span class='ocrx_word' id='word_1_713' title='bbox 666 4280 828 4334; x_wconf 85' lang='lat' dir='ltr'><strong>Pater</strong></span> <span class='ocrx_word' id='word_1_714' title='bbox 875 4295 1017 4332; x_wconf 79' lang='lat' dir='ltr'><strong>meus</strong></span> <span class='ocrx_word' id='word_1_715' title='bbox 1039 4277 1107 4340; x_wconf 82' lang='grc'><strong>⁸³,</strong></span> <span class='ocrx_word' id='word_1_716' title='bbox 1150 4286 1201 4330; x_wconf 89' lang='lat' dir='ltr'><strong>et</strong></span> <span class='ocrx_word' id='word_1_717' title='bbox 1234 4274 1344 4345; x_wconf 84' lang='lat' dir='ltr'><strong>Ego</strong></span> <span class='ocrx_word' id='word_1_718' title='bbox 1387 4289 1451 4327; x_wconf 75' lang='lat' dir='ltr'><strong>ea:</strong></span> <span class='ocrx_word' id='word_1_719' title='bbox 1484 4272 1646 4326; x_wconf 87' lang='lat' dir='ltr'><strong>Patre</strong></span> <span class='ocrx_word' id='word_1_720' title='bbox 1667 4271 1758 4325; x_wconf 71' lang='lat' dir='ltr'><strong>“‘I</strong></span> <span class='ocrx_word' id='word_1_721' title='bbox 1787 4271 1844 4324; x_wconf 82' lang='lat' dir='ltr'><strong>Si</strong></span> <span class='ocrx_word' id='word_1_722' title='bbox 1889 4271 2020 4326; x_wconf 74' lang='lat' dir='ltr'><strong>enim</strong></span> 
     </span>
    </p>
   </div>
   <div class='ocr_carea' id='block_1_86' title="bbox 2116 4264 3716 4345">
    <p class='ocr_par' dir='ltr' id='par_1_86' title="bbox 2140 4264 3716 4338">
     <span class='ocr_line' id='line_1_86' title="bbox 2140 4264 3716 4338; baseline -0.003 -16"><span class='ocrx_word' id='word_1_723' title='bbox 2140 4271 2255 4334; x_wconf 70' lang='grc' dir='ltr'><strong>καὶ,</strong></span> <span class='ocrx_word' id='word_1_724' title='bbox 2313 4267 2452 4338; x_wconf 78' lang='grc' dir='ltr'><strong>Ἐγὼ</strong></span> <span class='ocrx_word' id='word_1_725' title='bbox 2476 4268 2544 4320; x_wconf 85' lang='grc' dir='ltr'><strong>ἐκ</strong></span> <span class='ocrx_word' id='word_1_726' title='bbox 2573 4267 2678 4320; x_wconf 89' lang='grc' dir='ltr'><strong>τοῦ</strong></span> <span class='ocrx_word' id='word_1_727' title='bbox 2709 4267 2974 4334; x_wconf 83' lang='grc' dir='ltr'><strong>Πατρός;</strong></span> <span class='ocrx_word' id='word_1_728' title='bbox 3015 4266 3080 4318; x_wconf 83' lang='lat' dir='ltr'><strong>Ei</strong></span> <span class='ocrx_word' id='word_1_729' title='bbox 3123 4265 3232 4336; x_wconf 76' lang='grc' dir='ltr'><strong>γὰρ</strong></span> <span class='ocrx_word' id='word_1_730' title='bbox 3286 4264 3465 4328; x_wconf 76' lang='grc' dir='ltr'><strong>κοινὸς</strong></span> <span class='ocrx_word' id='word_1_731' title='bbox 3496 4264 3716 4318; x_wconf 83' lang='grc' dir='ltr'><strong>πάντων</strong></span> 
     </span>
    </p>
   </div>
   <div class='ocr_carea' id='block_1_87' title="bbox 463 4356 2020 4432">
    <p class='ocr_par' dir='ltr' id='par_1_87' title="bbox 463 4362 2020 4432">
     <span class='ocr_line' id='line_1_87' title="bbox 463 4362 2020 4432; baseline -0.01 -3"><span class='ocrx_word' id='word_1_732' title='bbox 463 4371 776 4431; x_wconf 82' lang='lat' dir='ltr'><strong>communis</strong></span> <span class='ocrx_word' id='word_1_733' title='bbox 814 4368 1056 4424; x_wconf 89' lang='lat' dir='ltr'><strong>omnium</strong></span> <span class='ocrx_word' id='word_1_734' title='bbox 1114 4367 1272 4422; x_wconf 89' lang='lat' dir='ltr'><strong>Pater</strong></span> <span class='ocrx_word' id='word_1_735' title='bbox 1314 4375 1420 4429; x_wconf 88' lang='lat' dir='ltr'><strong>est,</strong></span> <span class='ocrx_word' id='word_1_736' title='bbox 1457 4380 1564 4420; x_wconf 90' lang='lat' dir='ltr'><strong>non</strong></span> <span class='ocrx_word' id='word_1_737' title='bbox 1599 4362 1718 4432; x_wconf 84' lang='lat' dir='ltr'><strong>ejus</strong></span> <span class='ocrx_word' id='word_1_738' title='bbox 1751 4362 1920 4417; x_wconf 90' lang='lat' dir='ltr'><strong>solius</strong></span> <span class='ocrx_word' id='word_1_739' title='bbox 1952 4375 2020 4417; x_wconf 67' lang='lat' dir='ltr'><strong>es:</strong></span> 
     </span>
    </p>
   </div>
   <div class='ocr_carea' id='block_1_88' title="bbox 2116 4356 3717 4432">
    <p class='ocr_par' dir='ltr' id='par_1_88' title="bbox 2143 4356 3717 4432">
     <span class='ocr_line' id='line_1_88' title="bbox 2143 4356 3717 4432; baseline -0.003 -18"><span class='ocrx_word' id='word_1_740' title='bbox 2143 4361 2352 4432; x_wconf 83' lang='grc' dir='ltr'><strong>Πατὴρ,</strong></span> <span class='ocrx_word' id='word_1_741' title='bbox 2403 4361 2466 4412; x_wconf 85' lang='grc' dir='ltr'><strong>οὺ</strong></span> <span class='ocrx_word' id='word_1_742' title='bbox 2521 4359 2678 4430; x_wconf 87' lang='grc' dir='ltr'><strong>μόνου</strong></span> <span class='ocrx_word' id='word_1_743' title='bbox 2723 4358 2883 4411; x_wconf 79' lang='grc' dir='ltr'><strong>αὑτοῦ</strong></span> <span class='ocrx_word' id='word_1_744' title='bbox 2938 4356 3145 4429; x_wconf 79' lang='grc' dir='ltr'><strong>Πατὴρ,</strong></span> <span class='ocrx_word' id='word_1_745' title='bbox 3173 4357 3292 4410; x_wconf 79' lang='grc' dir='ltr'><strong>οὐδὲ</strong></span> <span class='ocrx_word' id='word_1_746' title='bbox 3353 4357 3508 4427; x_wconf 84' lang='grc' dir='ltr'><strong>μόνος</strong></span> <span class='ocrx_word' id='word_1_747' title='bbox 3553 4356 3717 4420; x_wconf 80' lang='grc' dir='ltr'><strong>αὐτὸς</strong></span> 
     </span>
    </p>
   </div>
   <div class='ocr_carea' id='block_1_89' title="bbox 463 4443 2020 4535">
    <p class='ocr_par' dir='ltr' id='par_1_89' title="bbox 463 4455 2020 4535">
     <span class='ocr_line' id='line_1_89' title="bbox 463 4455 2020 4535; baseline -0.004 -20"><span class='ocrx_word' id='word_1_748' title='bbox 463 4461 646 4535; x_wconf 75' lang='lat' dir='ltr'><strong>Pater,</strong></span> <span class='ocrx_word' id='word_1_749' title='bbox 698 4476 873 4530; x_wconf 87' lang='lat' dir='ltr'><strong>neque</strong></span> <span class='ocrx_word' id='word_1_750' title='bbox 907 4460 1055 4514; x_wconf 86' lang='lat' dir='ltr'><strong>solus</strong></span> <span class='ocrx_word' id='word_1_751' title='bbox 1085 4459 1172 4513; x_wconf 90' lang='lat' dir='ltr'><strong>ille</strong></span> <span class='ocrx_word' id='word_1_752' title='bbox 1205 4473 1271 4512; x_wconf 81' lang='lat' dir='ltr'><strong>ex</strong></span> <span class='ocrx_word' id='word_1_753' title='bbox 1317 4456 1476 4513; x_wconf 88' lang='lat' dir='ltr'><strong>Patre</strong></span> <span class='ocrx_word' id='word_1_754' title='bbox 1524 4456 1710 4510; x_wconf 79' lang='lat' dir='ltr'><strong>exivit.</strong></span> <span class='ocrx_word' id='word_1_755' title='bbox 1762 4455 2020 4510; x_wconf 68' lang='lat' dir='ltr'><strong>Interdum</strong></span> 
     </span>
    </p>
   </div>
   <div class='ocr_carea' id='block_1_90' title="bbox 2116 4443 3715 4535">
    <p class='ocr_par' dir='ltr' id='par_1_90' title="bbox 2143 4443 3715 4520">
     <span class='ocr_line' id='line_1_90' title="bbox 2143 4443 3715 4520; baseline -0.005 -16"><span class='ocrx_word' id='word_1_756' title='bbox 2143 4450 2366 4520; x_wconf 75' lang='grc' dir='ltr'><strong>ἐξῆλθεν</strong></span> <span class='ocrx_word' id='word_1_757' title='bbox 2398 4449 2462 4502; x_wconf 82' lang='grc' dir='ltr'><strong>ὲκ</strong></span> <span class='ocrx_word' id='word_1_758' title='bbox 2485 4447 2580 4501; x_wconf 89' lang='grc' dir='ltr'><strong>τοῦ</strong></span> <span class='ocrx_word' id='word_1_759' title='bbox 2614 4448 2847 4518; x_wconf 81' lang='grc' dir='ltr'><strong>Πατρός.</strong></span> <span class='ocrx_word' id='word_1_760' title='bbox 2877 4446 3037 4514; x_wconf 81' lang='grc' dir='ltr'><strong>Λέγει</strong></span> <span class='ocrx_word' id='word_1_761' title='bbox 3065 4446 3118 4498; x_wconf 86' lang='grc' dir='ltr'><strong>δέ</strong></span> <span class='ocrx_word' id='word_1_762' title='bbox 3156 4462 3284 4498; x_wconf 88' lang='grc' dir='ltr'><strong>ποτε</strong></span> <span class='ocrx_word' id='word_1_763' title='bbox 3307 4446 3401 4498; x_wconf 55' lang='grc' dir='ltr'><strong>καὶ¹</strong></span> <span class='ocrx_word' id='word_1_764' title='bbox 3425 4443 3584 4515; x_wconf 75' lang='grc' dir='ltr'><strong>ἡμῶν</strong></span> <span class='ocrx_word' id='word_1_765' title='bbox 3620 4446 3715 4497; x_wconf 80' lang='grc' dir='ltr'><strong>αὖ·</strong></span> 
     </span>
    </p>
   </div>
   <div class='ocr_carea' id='block_1_91' title="bbox 464 4536 2020 4623">
    <p class='ocr_par' dir='ltr' id='par_1_91' title="bbox 464 4547 2020 4623">
     <span class='ocr_line' id='line_1_91' title="bbox 464 4547 2020 4623; baseline -0.004 -16"><span class='ocrx_word' id='word_1_766' title='bbox 464 4561 648 4623; x_wconf 85' lang='lat' dir='ltr'><strong>autem</strong></span> <span class='ocrx_word' id='word_1_767' title='bbox 679 4547 923 4606; x_wconf 82' lang='lat' dir='ltr'><strong>nostrum</strong></span> <span class='ocrx_word' id='word_1_768' title='bbox 952 4550 1116 4605; x_wconf 90' lang='lat' dir='ltr'><strong>etiam</strong></span> <span class='ocrx_word' id='word_1_769' title='bbox 1154 4549 1368 4604; x_wconf 86' lang='lat' dir='ltr'><strong>Patrem</strong></span> <span class='ocrx_word' id='word_1_770' title='bbox 1415 4547 1520 4603; x_wconf 89' lang='lat' dir='ltr'><strong>dici</strong></span> <span class='ocrx_word' id='word_1_771' title='bbox 1549 4547 1725 4612; x_wconf 88' lang='lat' dir='ltr'><strong>docet,</strong></span> <span class='ocrx_word' id='word_1_772' title='bbox 1776 4547 1846 4601; x_wconf 90' lang='lat' dir='ltr'><strong>ob</strong></span> <span class='ocrx_word' id='word_1_773' title='bbox 1881 4561 2020 4601; x_wconf 76' lang='lat' dir='ltr'><strong>suat!</strong></span> 
     </span>
    </p>
   </div>
   <div class='ocr_carea' id='block_1_92' title="bbox 2116 4536 3716 4623">
    <p class='ocr_par' dir='ltr' id='par_1_92' title="bbox 2140 4536 3716 4609">
     <span class='ocr_line' id='line_1_92' title="bbox 2140 4536 3716 4609; baseline -0.005 -14"><span class='ocrx_word' id='word_1_774' title='bbox 2140 4543 2233 4596; x_wconf 82' lang='grc' dir='ltr'><strong>τὸν</strong></span> <span class='ocrx_word' id='word_1_775' title='bbox 2254 4540 2504 4609; x_wconf 82' lang='grc' dir='ltr'><strong>λέγεσθαι</strong></span> <span class='ocrx_word' id='word_1_776' title='bbox 2531 4539 2769 4609; x_wconf 82' lang='grc' dir='ltr'><strong>Πατέρα,</strong></span> <span class='ocrx_word' id='word_1_777' title='bbox 2811 4537 2900 4592; x_wconf 80' lang='grc' dir='ltr'><strong>διὰ</strong></span> <span class='ocrx_word' id='word_1_778' title='bbox 2941 4537 3003 4590; x_wconf 84' lang='grc' dir='ltr'><strong>τὸ</strong></span> <span class='ocrx_word' id='word_1_779' title='bbox 3057 4536 3214 4590; x_wconf 84' lang='grc' dir='ltr'><strong>αὑτὸν</strong></span> <span class='ocrx_word' id='word_1_780' title='bbox 3265 4536 3716 4605; x_wconf 84' lang='grc' dir='ltr'><strong>κεκοινωνηκέναι</strong></span> 
     </span>
    </p>
   </div>
   <div class='ocr_carea' id='block_1_93' title="bbox 466 4626 2020 4715">
    <p class='ocr_par' dir='ltr' id='par_1_93' title="bbox 466 4638 2020 4715">
     <span class='ocr_line' id='line_1_93' title="bbox 466 4638 2020 4715; baseline -0.005 -16"><span class='ocrx_word' id='word_1_781' title='bbox 466 4644 678 4715; x_wconf 84' lang='lat' dir='ltr'><strong>scilicet</strong></span> <span class='ocrx_word' id='word_1_782' title='bbox 709 4658 832 4697; x_wconf 87' lang='lat' dir='ltr'><strong>cum</strong></span> <span class='ocrx_word' id='word_1_783' title='bbox 854 4653 1040 4696; x_wconf 87' lang='lat' dir='ltr'><strong>nostra</strong></span> <span class='ocrx_word' id='word_1_784' title='bbox 1066 4657 1228 4697; x_wconf 90' lang='lat' dir='ltr'><strong>carne</strong></span> <span class='ocrx_word' id='word_1_785' title='bbox 1255 4642 1715 4695; x_wconf 87' lang='lat' dir='ltr'><strong>communionem.</strong></span> <span class='ocrx_word' id='word_1_786' title='bbox 1742 4638 1866 4693; x_wconf 83' lang='lat' dir='ltr'><strong>Ideo</strong></span> <span class='ocrx_word' id='word_1_787' title='bbox 1892 4639 2020 4693; x_wconf 88' lang='lat' dir='ltr'><strong>enin</strong></span> 
     </span>
    </p>
   </div>
   <div class='ocr_carea' id='block_1_94' title="bbox 2116 4626 3716 4715">
    <p class='ocr_par' dir='ltr' id='par_1_94' title="bbox 2136 4626 3716 4704">
     <span class='ocr_line' id='line_1_94' title="bbox 2136 4626 3716 4704; baseline -0.005 -17"><span class='ocrx_word' id='word_1_788' title='bbox 2136 4636 2201 4704; x_wconf 85' lang='grc' dir='ltr'><strong>τῇ</strong></span> <span class='ocrx_word' id='word_1_789' title='bbox 2231 4632 2478 4704; x_wconf 80' lang='grc' dir='ltr'><strong>ἡμετέρᾳ</strong></span> <span class='ocrx_word' id='word_1_790' title='bbox 2514 4629 2696 4700; x_wconf 84' lang='grc' dir='ltr'><strong>σαρκί.</strong></span> <span class='ocrx_word' id='word_1_791' title='bbox 2759 4628 2857 4682; x_wconf 88' lang='grc' dir='ltr'><strong>Διά</strong></span> <span class='ocrx_word' id='word_1_792' title='bbox 2917 4627 3073 4680; x_wconf 87' lang='grc' dir='ltr'><strong>τοῦτο</strong></span> <span class='ocrx_word' id='word_1_793' title='bbox 3094 4626 3202 4698; x_wconf 84' lang='grc' dir='ltr'><strong>γὰρ</strong></span> <span class='ocrx_word' id='word_1_794' title='bbox 3232 4628 3454 4696; x_wconf 90' lang='grc' dir='ltr'><strong>γέγονεν</strong></span> <span class='ocrx_word' id='word_1_795' title='bbox 3486 4628 3514 4679; x_wconf 90' lang='lat'><strong>6</strong></span> <span class='ocrx_word' id='word_1_796' title='bbox 3546 4627 3716 4694; x_wconf 86' lang='grc' dir='ltr'><strong>Λόγος</strong></span> 
     </span>
    </p>
   </div>
   <div class='ocr_carea' id='block_1_95' title="bbox 471 4721 2020 4804">
    <p class='ocr_par' dir='ltr' id='par_1_95' title="bbox 471 4730 2016 4804">
     <span class='ocr_line' id='line_1_95' title="bbox 471 4730 2016 4804; baseline -0.001 -17"><span class='ocrx_word' id='word_1_797' title='bbox 471 4732 709 4788; x_wconf 86' lang='lat' dir='ltr'><strong>Verbum</strong></span> <span class='ocrx_word' id='word_1_798' title='bbox 744 4748 871 4789; x_wconf 87' lang='lat' dir='ltr'><strong>caro</strong></span> <span class='ocrx_word' id='word_1_799' title='bbox 905 4730 1106 4787; x_wconf 81' lang='lat' dir='ltr'><strong>factum</strong></span> <span class='ocrx_word' id='word_1_800' title='bbox 1137 4742 1240 4798; x_wconf 90' lang='lat' dir='ltr'><strong>est,</strong></span> <span class='ocrx_word' id='word_1_801' title='bbox 1279 4743 1358 4796; x_wconf 91' lang='lat' dir='ltr'><strong>ut,</strong></span> <span class='ocrx_word' id='word_1_802' title='bbox 1389 4733 1646 4804; x_wconf 91' lang='lat' dir='ltr'><strong>quoniam</strong></span> <span class='ocrx_word' id='word_1_803' title='bbox 1694 4730 1930 4786; x_wconf 87' lang='lat' dir='ltr'><strong>Verbum</strong></span> <span class='ocrx_word' id='word_1_804' title='bbox 1958 4747 2016 4785; x_wconf 91' lang='lat' dir='ltr'><strong>es</strong></span> 
     </span>
    </p>
   </div>
   <div class='ocr_carea' id='block_1_96' title="bbox 2116 4721 3718 4804">
    <p class='ocr_par' dir='ltr' id='par_1_96' title="bbox 2137 4721 3718 4799">
     <span class='ocr_line' id='line_1_96' title="bbox 2137 4721 3718 4799; baseline -0.005 -19"><span class='ocrx_word' id='word_1_805' title='bbox 2137 4728 2294 4799; x_wconf 78' lang='grc' dir='ltr'><strong>σὰρξ,</strong></span> <span class='ocrx_word' id='word_1_806' title='bbox 2331 4727 2418 4792; x_wconf 82' lang='grc' dir='ltr'><strong>ἵν’,</strong></span> <span class='ocrx_word' id='word_1_807' title='bbox 2452 4725 2637 4796; x_wconf 77' lang='grc' dir='ltr'><strong>ἐπειδὴ</strong></span> <span class='ocrx_word' id='word_1_808' title='bbox 2674 4727 2702 4778; x_wconf 93' lang='lat'><strong>6</strong></span> <span class='ocrx_word' id='word_1_809' title='bbox 2733 4725 2902 4792; x_wconf 85' lang='grc' dir='ltr'><strong>Λόγος</strong></span> <span class='ocrx_word' id='word_1_810' title='bbox 2932 4722 3082 4775; x_wconf 72' lang='grc' dir='ltr'><strong>ἐστὶν</strong></span> <span class='ocrx_word' id='word_1_811' title='bbox 3140 4722 3289 4786; x_wconf 77' lang='grc' dir='ltr'><strong>Υἱὸς,</strong></span> <span class='ocrx_word' id='word_1_812' title='bbox 3336 4721 3424 4776; x_wconf 79' lang='grc' dir='ltr'><strong>διὰ</strong></span> <span class='ocrx_word' id='word_1_813' title='bbox 3457 4721 3552 4773; x_wconf 80' lang='grc' dir='ltr'><strong>τὸν</strong></span> <span class='ocrx_word' id='word_1_814' title='bbox 3583 4722 3718 4775; x_wconf 73' lang='grc' dir='ltr'><strong>ἐνοι-</strong></span> 
     </span>
    </p>
   </div>
   <div class='ocr_carea' id='block_1_97' title="bbox 470 4812 2020 4896">
    <p class='ocr_par' dir='ltr' id='par_1_97' title="bbox 470 4825 2020 4896">
     <span class='ocr_line' id='line_1_97' title="bbox 470 4825 2020 4896; baseline -0.003 -16"><span class='ocrx_word' id='word_1_815' title='bbox 470 4825 665 4891; x_wconf 76' lang='lat' dir='ltr'><strong>Filius,</strong></span> <span class='ocrx_word' id='word_1_816' title='bbox 689 4835 908 4896; x_wconf 89' lang='lat' dir='ltr'><strong>propter</strong></span> <span class='ocrx_word' id='word_1_817' title='bbox 946 4825 1142 4884; x_wconf 87' lang='lat' dir='ltr'><strong>Filium</strong></span> <span class='ocrx_word' id='word_1_818' title='bbox 1194 4827 1245 4878; x_wconf 93' lang='lat' dir='ltr'><strong>in</strong></span> <span class='ocrx_word' id='word_1_819' title='bbox 1282 4825 1438 4880; x_wconf 89' lang='lat' dir='ltr'><strong>nobis</strong></span> <span class='ocrx_word' id='word_1_820' title='bbox 1487 4825 1818 4878; x_wconf 89' lang='lat' dir='ltr'><strong>habitantem</strong></span> <span class='ocrx_word' id='word_1_821' title='bbox 1853 4834 2020 4877; x_wconf 76' lang='lat' dir='ltr'><strong>noste:</strong></span> 
     </span>
    </p>
   </div>
   <div class='ocr_carea' id='block_1_98' title="bbox 2116 4812 3715 4896">
    <p class='ocr_par' dir='ltr' id='par_1_98' title="bbox 2135 4812 3715 4888">
     <span class='ocr_line' id='line_1_98' title="bbox 2135 4812 3715 4888; baseline -0.006 -15"><span class='ocrx_word' id='word_1_822' title='bbox 2135 4820 2331 4873; x_wconf 88' lang='grc' dir='ltr'><strong>κοῦντα</strong></span> <span class='ocrx_word' id='word_1_823' title='bbox 2353 4821 2410 4871; x_wconf 84' lang='grc' dir='ltr'><strong>ὲν</strong></span> <span class='ocrx_word' id='word_1_824' title='bbox 2438 4819 2566 4888; x_wconf 78' lang='grc' dir='ltr'><strong>ἡμῖν</strong></span> <span class='ocrx_word' id='word_1_825' title='bbox 2614 4815 2741 4869; x_wconf 84' lang='grc' dir='ltr'><strong>Υἱὸν</strong></span> <span class='ocrx_word' id='word_1_826' title='bbox 2776 4815 2998 4887; x_wconf 86' lang='grc' dir='ltr'><strong>λέγηται</strong></span> <span class='ocrx_word' id='word_1_827' title='bbox 3049 4813 3160 4885; x_wconf 73' lang='grc'><strong>(46)</strong></span> <span class='ocrx_word' id='word_1_828' title='bbox 3199 4812 3473 4882; x_wconf 61' lang='grc' dir='ltr'><strong>καὶοήμῶν</strong></span> <span class='ocrx_word' id='word_1_829' title='bbox 3501 4813 3715 4882; x_wconf 83' lang='grc' dir='ltr'><strong>Πατήρ.</strong></span> 
     </span>
    </p>
   </div>
   <div class='ocr_carea' id='block_1_99' title="bbox 467 4903 2020 5000">
    <p class='ocr_par' dir='ltr' id='par_1_99' title="bbox 467 4915 2020 5000">
     <span class='ocr_line' id='line_1_99' title="bbox 467 4915 2020 5000; baseline -0.005 -26"><span class='ocrx_word' id='word_1_830' title='bbox 467 4933 692 4990; x_wconf 78' lang='lat' dir='ltr'><strong>quoque</strong></span> <span class='ocrx_word' id='word_1_831' title='bbox 726 4919 885 4973; x_wconf 85' lang='lat' dir='ltr'><strong>Pater</strong></span> <span class='ocrx_word' id='word_1_832' title='bbox 909 4919 1288 5000; x_wconf 82' lang='lat' dir='ltr'><strong>appellaretur.</strong></span> <span class='ocrx_word' id='word_1_833' title='bbox 1320 4917 1478 4981; x_wconf 80' lang='lat' dir='ltr'><strong>Nam,</strong></span> <span class='ocrx_word' id='word_1_834' title='bbox 1506 4917 1700 4987; x_wconf 89' lang='lat' dir='ltr'><strong>inquit,</strong></span> <span class='ocrx_word' id='word_1_835' title='bbox 1737 4917 1882 4969; x_wconf 68' lang='lat' dir='ltr'><strong>misit</strong></span> <span class='ocrx_word' id='word_1_836' title='bbox 1915 4915 2020 4982; x_wconf 23' lang='lat' dir='ltr'><strong>Spit</strong></span> 
     </span>
    </p>
   </div>
   <div class='ocr_carea' id='block_1_100' title="bbox 2116 4903 3717 5000">
    <p class='ocr_par' dir='ltr' id='par_1_100' title="bbox 2147 4903 3717 4994">
     <span class='ocr_line' id='line_1_100' title="bbox 2147 4903 3717 4994; baseline -0.007 -28"><span class='ocrx_word' id='word_1_837' title='bbox 2147 4909 2493 4966; x_wconf 80' lang='grc' dir='ltr'><strong>Ἀπέστειλε</strong></span> <span class='ocrx_word' id='word_1_838' title='bbox 2523 4906 2652 4994; x_wconf 84' lang='grc' dir='ltr'><strong>γὰρ,</strong></span> <span class='ocrx_word' id='word_1_839' title='bbox 2689 4907 2844 4976; x_wconf 74' lang='grc' dir='ltr'><strong>φησι,</strong></span> <span class='ocrx_word' id='word_1_840' title='bbox 2876 4905 2941 4958; x_wconf 84' lang='grc' dir='ltr'><strong>τὸ</strong></span> <span class='ocrx_word' id='word_1_841' title='bbox 2990 4903 3233 4972; x_wconf 80' lang='grc' dir='ltr'><strong>Πνεῦμα</strong></span> <span class='ocrx_word' id='word_1_842' title='bbox 3260 4905 3366 4958; x_wconf 85' lang='grc' dir='ltr'><strong>τοῦ</strong></span> <span class='ocrx_word' id='word_1_843' title='bbox 3419 4903 3559 4956; x_wconf 79' lang='grc' dir='ltr'><strong>Υἱοῦ</strong></span> <span class='ocrx_word' id='word_1_844' title='bbox 3611 4904 3717 4955; x_wconf 83' lang='grc' dir='ltr'><strong>αὐ-</strong></span> 
     </span>
    </p>
   </div>
   <div class='ocr_carea' id='block_1_101' title="bbox 542 5039 2106 5121">
    <p class='ocr_par' dir='ltr' id='par_1_101' title="bbox 542 5039 2106 5121">
     <span class='ocr_line' id='line_1_101' title="bbox 542 5039 2106 5121; baseline -0.006 -9"><span class='ocrx_word' id='word_1_845' title='bbox 542 5057 586 5088; x_wconf 77' lang='grc'><strong>”²</strong></span> <span class='ocrx_word' id='word_1_846' title='bbox 624 5056 782 5111; x_wconf 82' lang='lat' dir='ltr'><strong>Joan.</strong></span> <span class='ocrx_word' id='word_1_847' title='bbox 818 5073 900 5121; x_wconf 87' lang='grc' dir='ltr'><strong>ιιι,</strong></span> <span class='ocrx_word' id='word_1_848' title='bbox 929 5057 1018 5110; x_wconf 82' lang='grc'><strong>56.</strong></span> <span class='ocrx_word' id='word_1_849' title='bbox 1095 5057 1140 5087; x_wconf 78' lang='grc'>⁸³</span> <span class='ocrx_word' id='word_1_850' title='bbox 1177 5055 1332 5118; x_wconf 76' lang='lat' dir='ltr'><strong>Joan.</strong></span> <span class='ocrx_word' id='word_1_851' title='bbox 1356 5072 1410 5120; x_wconf 85' lang='lat' dir='ltr'><strong>v,</strong></span> <span class='ocrx_word' id='word_1_852' title='bbox 1443 5055 1526 5110; x_wconf 86' lang='lat' dir='ltr'><strong>l7.</strong></span> <span class='ocrx_word' id='word_1_853' title='bbox 1602 5055 1648 5083; x_wconf 68' lang='grc'><strong>’⁵³</strong></span> <span class='ocrx_word' id='word_1_854' title='bbox 1685 5052 1842 5107; x_wconf 84' lang='lat' dir='ltr'><strong>Joan.</strong></span> <span class='ocrx_word' id='word_1_855' title='bbox 1874 5039 1985 5118; x_wconf 60' lang='lat' dir='ltr'><strong>in,</strong></span> <span class='ocrx_word' id='word_1_856' title='bbox 2014 5049 2106 5104; x_wconf 71' lang='lat'><strong>28.</strong></span> 
     </span>
    </p>
   </div>
   <div class='ocr_carea' id='block_1_102' title="bbox 544 5181 3685 5262">
    <p class='ocr_par' dir='ltr' id='par_1_102' title="bbox 544 5181 3685 5262">
     <span class='ocr_line' id='line_1_102' title="bbox 544 5181 3685 5262; baseline -0.003 -18"><span class='ocrx_word' id='word_1_857' title='bbox 544 5190 658 5259; x_wconf 65' lang='lat'><strong>(60)</strong></span> <span class='ocrx_word' id='word_1_858' title='bbox 699 5189 790 5245; x_wconf 92' lang='lat' dir='ltr'><strong>Sic</strong></span> <span class='ocrx_word' id='word_1_859' title='bbox 819 5189 952 5261; x_wconf 83' lang='lat' dir='ltr'><strong>Reg.</strong></span> <span class='ocrx_word' id='word_1_860' title='bbox 988 5191 1112 5262; x_wconf 83' lang='lat' dir='ltr'><strong>Seg.</strong></span> <span class='ocrx_word' id='word_1_861' title='bbox 1148 5200 1203 5246; x_wconf 90' lang='lat' dir='ltr'><strong>et</strong></span> <span class='ocrx_word' id='word_1_862' title='bbox 1229 5191 1389 5246; x_wconf 83' lang='lat' dir='ltr'><strong>Basil.</strong></span> <span class='ocrx_word' id='word_1_863' title='bbox 1439 5189 1542 5243; x_wconf 85' lang='lat' dir='ltr'><strong>Alii</strong></span> <span class='ocrx_word' id='word_1_864' title='bbox 1569 5200 1750 5244; x_wconf 91' lang='lat' dir='ltr'><strong>autem</strong></span> <span class='ocrx_word' id='word_1_865' title='bbox 1778 5198 1832 5243; x_wconf 92' lang='lat' dir='ltr'><strong>et</strong></span> <span class='ocrx_word' id='word_1_866' title='bbox 1859 5188 1988 5242; x_wconf 86' lang='lat' dir='ltr'><strong>editi</strong></span> <span class='ocrx_word' id='word_1_867' title='bbox 2019 5189 2046 5240; x_wconf 94' lang='lat'><strong>6</strong></span> <span class='ocrx_word' id='word_1_868' title='bbox 2154 5181 2960 5262; x_wconf 32' lang='lat' dir='ltr'><strong>editioCgmm‘elinianandpa.</strong></span> <span class='ocrx_word' id='word_1_869' title='bbox 3023 5249 3035 5260; x_wconf 43' lang='grc'><strong><em>⁸</em></strong></span> <span class='ocrx_word' id='word_1_870' title='bbox 3236 5245 3254 5262; x_wconf 49' lang='grc'><strong>1</strong></span> <span class='ocrx_word' id='word_1_871' title='bbox 3485 5252 3524 5262; x_wconf 13' lang='grc' dir='ltr'><strong>ξ.</strong></span> <span class='ocrx_word' id='word_1_872' title='bbox 3572 5260 3585 5262; x_wconf 79' lang='lat'>_</span> 
     </span>
    </p>
   </div>
   <div class='ocr_carea' id='block_1_103' title="bbox 478 5245 3718 5322">
    <p class='ocr_par' dir='ltr' id='par_1_103' title="bbox 478 5245 3718 5322">
     <span class='ocr_line' id='line_1_103' title="bbox 478 5245 3718 5322; baseline -0.004 -10"><span class='ocrx_word' id='word_1_873' title='bbox 478 5245 759 5318; x_wconf 72' lang='lat' dir='ltr'><strong>omittunt.</strong></span> <span class='ocrx_word' id='word_1_874' title='bbox 882 5245 929 5261; x_wconf 54' lang='grc' dir='ltr'>ν</span> <span class='ocrx_word' id='word_1_875' title='bbox 1004 5245 1090 5262; x_wconf 27' lang='grc' dir='ltr'><strong>Πυ</strong></span> <span class='ocrx_word' id='word_1_876' title='bbox 1160 5245 1167 5246; x_wconf 21' lang='grc' dir='ltr'>ί</span> <span class='ocrx_word' id='word_1_877' title='bbox 2225 5256 2336 5319; x_wconf 60' lang='lat' dir='ltr'><strong>tu)</strong></span> <span class='ocrx_word' id='word_1_878' title='bbox 2381 5253 2472 5308; x_wconf 92' lang='lat' dir='ltr'><strong>Sic</strong></span> <span class='ocrx_word' id='word_1_879' title='bbox 2504 5253 2705 5322; x_wconf 81' lang='lat' dir='ltr'><strong>Regius</strong></span> <span class='ocrx_word' id='word_1_880' title='bbox 2728 5263 2782 5306; x_wconf 91' lang='lat' dir='ltr'><strong>et</strong></span> <span class='ocrx_word' id='word_1_881' title='bbox 2816 5245 3204 5321; x_wconf 74' lang='lat' dir='ltr'><strong>Séguerianus.</strong></span> <span class='ocrx_word' id='word_1_882' title='bbox 3236 5245 3293 5301; x_wconf 89' lang='lat' dir='ltr'><strong>In</strong></span> <span class='ocrx_word' id='word_1_883' title='bbox 3325 5245 3448 5300; x_wconf 88' lang='lat' dir='ltr'><strong>aliis</strong></span> <span class='ocrx_word' id='word_1_884' title='bbox 3475 5252 3527 5299; x_wconf 83' lang='lat' dir='ltr'><strong>et</strong></span> <span class='ocrx_word' id='word_1_885' title='bbox 3561 5245 3718 5301; x_wconf 83' lang='lat' dir='ltr'><strong>editis</strong></span> 
     </span>
    </p>
   </div>
   <div class='ocr_carea' id='block_1_104' title="bbox 545 5325 3680 5401">
    <p class='ocr_par' dir='ltr' id='par_1_104' title="bbox 545 5325 3680 5401">
     <span class='ocr_line' id='line_1_104' title="bbox 545 5325 3680 5401; baseline -0.003 -18"><span class='ocrx_word' id='word_1_886' title='bbox 545 5331 658 5399; x_wconf 69' lang='lat' dir='ltr'><strong>(4i)</strong></span> <span class='ocrx_word' id='word_1_887' title='bbox 699 5330 789 5384; x_wconf 91' lang='lat' dir='ltr'><strong>Sic</strong></span> <span class='ocrx_word' id='word_1_888' title='bbox 816 5330 947 5399; x_wconf 83' lang='lat' dir='ltr'><strong>Reg.</strong></span> <span class='ocrx_word' id='word_1_889' title='bbox 981 5331 1106 5400; x_wconf 81' lang='lat' dir='ltr'><strong>ch.</strong></span> <span class='ocrx_word' id='word_1_890' title='bbox 1137 5329 1301 5386; x_wconf 87' lang='lat' dir='ltr'><strong>Basil.</strong></span> <span class='ocrx_word' id='word_1_891' title='bbox 1329 5328 1542 5400; x_wconf 82' lang='lat' dir='ltr'><strong>Anglic.</strong></span> <span class='ocrx_word' id='word_1_892' title='bbox 1570 5339 1623 5382; x_wconf 87' lang='lat' dir='ltr'><strong>et</strong></span> <span class='ocrx_word' id='word_1_893' title='bbox 1645 5327 1804 5383; x_wconf 89' lang='lat' dir='ltr'><strong>Gobl.</strong></span> <span class='ocrx_word' id='word_1_894' title='bbox 1841 5325 1910 5380; x_wconf 84' lang='lat' dir='ltr'><strong>At</strong></span> <span class='ocrx_word' id='word_1_895' title='bbox 1931 5325 2045 5380; x_wconf 88' lang='lat' dir='ltr'><strong>edi-</strong></span> <span class='ocrx_word' id='word_1_896' title='bbox 2151 5327 2186 5397; x_wconf 79' lang='grc' dir='ltr'><strong>ἡ</strong></span> <span class='ocrx_word' id='word_1_897' title='bbox 2215 5328 2411 5401; x_wconf 42' lang='lat' dir='ltr'><strong>deest.“</strong></span> <span class='ocrx_word' id='word_1_898' title='bbox 2492 5392 2504 5401; x_wconf 40' lang='lat'><em>.</em></span> <span class='ocrx_word' id='word_1_899' title='bbox 2679 5390 2711 5401; x_wconf 42' lang='lat' dir='ltr'><strong>ﬂ</strong></span> <span class='ocrx_word' id='word_1_900' title='bbox 2885 5390 2896 5401; x_wconf 77' lang='lat'><strong>_</strong></span> <span class='ocrx_word' id='word_1_901' title='bbox 3111 5389 3124 5401; x_wconf 83' lang='lat'><em>_</em></span> <span class='ocrx_word' id='word_1_902' title='bbox 3149 5388 3161 5401; x_wconf 44' lang='grc' dir='ltr'>ι</span> <span class='ocrx_word' id='word_1_903' title='bbox 3248 5393 3261 5401; x_wconf 38' lang='grc' dir='ltr'><strong>Α</strong></span> <span class='ocrx_word' id='word_1_904' title='bbox 3366 5383 3443 5401; x_wconf 43' lang='grc' dir='ltr'>,Μ</span> <span class='ocrx_word' id='word_1_905' title='bbox 3547 5383 3592 5401; x_wconf 53' lang='grc' dir='ltr'>Μ</span> <span class='ocrx_word' id='word_1_906' title='bbox 3668 5384 3680 5399; x_wconf 49' lang='lat'><strong><em>.</em></strong></span> 
     </span>
    </p>
   </div>
   <div class='ocr_carea' id='block_1_105' title="bbox 474 5383 2020 5468">
    <p class='ocr_par' dir='ltr' id='par_1_105' title="bbox 474 5383 1945 5468">
     <span class='ocr_line' id='line_1_105' title="bbox 474 5383 1945 5468; baseline -0.001 -15"><span class='ocrx_word' id='word_1_907' title='bbox 474 5383 564 5463; x_wconf 51' lang='lat' dir='ltr'><strong>ti0\</strong></span> <span class='ocrx_word' id='word_1_908' title='bbox 584 5383 1038 5460; x_wconf 56' lang='lat' dir='ltr'><strong>cumtnelinfana,</strong></span> <span class='ocrx_word' id='word_1_909' title='bbox 1056 5383 1231 5455; x_wconf 64' lang='lat' dir='ltr'><strong>oAté‘tt.</strong></span> <span class='ocrx_word' id='word_1_910' title='bbox 1417 5383 1447 5400; x_wconf 65' lang='grc' dir='ltr'><strong>υ</strong></span> <span class='ocrx_word' id='word_1_911' title='bbox 1809 5465 1817 5468; x_wconf 89' lang='lat'><em>_</em></span> <span class='ocrx_word' id='word_1_912' title='bbox 1916 5466 1945 5468; x_wconf 26' lang='grc' dir='ltr'><em>Η</em></span> 
     </span>
    </p>
   </div>
   <div class='ocr_carea' id='block_1_106' title="bbox 2116 5383 3717 5468">
    <p class='ocr_par' dir='ltr' id='par_1_106' title="bbox 2172 5383 3717 5468">
     <span class='ocr_line' id='line_1_106' title="bbox 2172 5383 3717 5468; baseline -0.008 -19"><span class='ocrx_word' id='word_1_913' title='bbox 2172 5383 2196 5468; x_wconf 21' lang='grc' dir='ltr'><strong>Ἀ</strong></span> <span class='ocrx_word' id='word_1_914' title='bbox 2222 5396 2335 5468; x_wconf 63' lang='lat'><strong>(45)</strong></span> <span class='ocrx_word' id='word_1_915' title='bbox 2375 5392 2655 5468; x_wconf 40' lang='lat' dir='ltr'><strong>Regius‘et</strong></span> <span class='ocrx_word' id='word_1_916' title='bbox 2677 5388 3296 5468; x_wconf 71' lang='lat' dir='ltr'><strong>Seguerianusaddunt,_</strong></span> <span class='ocrx_word' id='word_1_917' title='bbox 3318 5383 3518 5468; x_wconf 54' lang='grc' dir='ltr'><strong>μᾶλλον</strong></span> <span class='ocrx_word' id='word_1_918' title='bbox 3543 5383 3604 5468; x_wconf 52' lang='grc' dir='ltr'><strong>δέ</strong></span> <span class='ocrx_word' id='word_1_919' title='bbox 3623 5384 3717 5438; x_wconf 83' lang='grc' dir='ltr'><strong>αὐ-</strong></span> 
     </span>
    </p>
   </div>
   <div class='ocr_carea' id='block_1_107' title="bbox 550 5458 2020 5540">
    <p class='ocr_par' dir='ltr' id='par_1_107' title="bbox 550 5458 2016 5540">
     <span class='ocr_line' id='line_1_107' title="bbox 550 5458 2016 5540; baseline -0.003 -15"><span class='ocrx_word' id='word_1_920' title='bbox 550 5471 662 5537; x_wconf 69' lang='grc'><strong>(42)</strong></span> <span class='ocrx_word' id='word_1_921' title='bbox 705 5469 927 5540; x_wconf 80' lang='lat' dir='ltr'><strong>Regius,</strong></span> <span class='ocrx_word' id='word_1_922' title='bbox 961 5458 1350 5539; x_wconf 77' lang='lat' dir='ltr'><strong>Segnerianus,</strong></span> <span class='ocrx_word' id='word_1_923' title='bbox 1373 5468 1690 5524; x_wconf 88' lang='lat' dir='ltr'><strong>Basiliensis</strong></span> <span class='ocrx_word' id='word_1_924' title='bbox 1717 5465 2016 5540; x_wconf 73' lang='lat' dir='ltr'><strong>etAnglica</strong></span> 
     </span>
    </p>
   </div>
   <div class='ocr_carea' id='block_1_108' title="bbox 2116 5458 3642 5540">
    <p class='ocr_par' dir='ltr' id='par_1_108' title="bbox 2153 5458 3642 5540">
     <span class='ocr_line' id='line_1_108' title="bbox 2153 5458 3642 5540; baseline -0.007 -22"><span class='ocrx_word' id='word_1_925' title='bbox 2153 5458 2245 5540; x_wconf 75' lang='grc' dir='ltr'><strong>τὸν</strong></span> <span class='ocrx_word' id='word_1_926' title='bbox 2262 5458 2717 5540; x_wconf 37' lang='grc' dir='ltr'><strong>εἶναιπᾏνῆΥἰόν,</strong></span> <span class='ocrx_word' id='word_1_927' title='bbox 2737 5458 3065 5540; x_wconf 48' lang='lat' dir='ltr'><strong>qumncatteri</strong></span> <span class='ocrx_word' id='word_1_928' title='bbox 3093 5468 3148 5540; x_wconf 76' lang='lat' dir='ltr'><strong>et</strong></span> <span class='ocrx_word' id='word_1_929' title='bbox 3174 5458 3302 5540; x_wconf 69' lang='lat' dir='ltr'><strong>editi</strong></span> <span class='ocrx_word' id='word_1_930' title='bbox 3330 5458 3642 5540; x_wconf 51' lang='lat' dir='ltr'><strong>omittunt.&quot;</strong></span> 
     </span>
    </p>
   </div>
   <div class='ocr_carea' id='block_1_109' title="bbox 478 5523 3718 5661">
    <p class='ocr_par' dir='ltr' id='par_1_109' title="bbox 478 5523 3718 5661">
     <span class='ocr_line' id='line_1_109' title="bbox 478 5523 3718 5661; baseline -0.004 -70"><span class='ocrx_word' id='word_1_931' title='bbox 478 5523 759 5661; x_wconf 53' lang='lat' dir='ltr'><strong>itustrecte</strong></span> <span class='ocrx_word' id='word_1_932' title='bbox 786 5523 1500 5610; x_wconf 43' lang='lat' dir='ltr'><strong>Eadem‘Ea‘ﬂttfoi&#39;quod</strong></span> <span class='ocrx_word' id='word_1_933' title='bbox 1525 5540 1617 5593; x_wconf 89' lang='lat' dir='ltr'><strong>alii</strong></span> <span class='ocrx_word' id='word_1_934' title='bbox 1651 5547 1706 5592; x_wconf 86' lang='lat' dir='ltr'><strong>et</strong></span> <span class='ocrx_word' id='word_1_935' title='bbox 1729 5538 1858 5592; x_wconf 89' lang='lat' dir='ltr'><strong>editi</strong></span> <span class='ocrx_word' id='word_1_936' title='bbox 1879 5523 2048 5590; x_wconf 72' lang='lat' dir='ltr'><strong>‘amn-</strong></span> <span class='ocrx_word' id='word_1_937' title='bbox 2187 5532 2471 5659; x_wconf 45' lang='grc' dir='ltr'><strong>ἀμωλῗίο</strong></span> <span class='ocrx_word' id='word_1_938' title='bbox 2515 5531 2646 5604; x_wconf 78' lang='lat' dir='ltr'><strong>Reg.</strong></span> <span class='ocrx_word' id='word_1_939' title='bbox 2685 5523 2806 5602; x_wconf 57' lang='grc' dir='ltr'><strong>δεῖς.</strong></span> <span class='ocrx_word' id='word_1_940' title='bbox 2837 5530 3000 5585; x_wconf 87' lang='lat' dir='ltr'><strong>Basil.</strong></span> <span class='ocrx_word' id='word_1_941' title='bbox 3040 5537 3092 5584; x_wconf 87' lang='lat' dir='ltr'><strong>et</strong></span> <span class='ocrx_word' id='word_1_942' title='bbox 3121 5526 3401 5595; x_wconf 78' lang='lat' dir='ltr'><strong>Anglican.</strong></span> <span class='ocrx_word' id='word_1_943' title='bbox 3439 5523 3507 5586; x_wconf 76' lang='lat' dir='ltr'><strong>At</strong></span> <span class='ocrx_word' id='word_1_944' title='bbox 3552 5524 3644 5578; x_wconf 87' lang='lat' dir='ltr'><strong>alii</strong></span> <span class='ocrx_word' id='word_1_945' title='bbox 3669 5526 3718 5578; x_wconf 79' lang='lat' dir='ltr'><strong>et</strong></span> 
     </span>
     <span class='ocr_line' id='line_1_110' title="bbox 506 5619 2572 5661; baseline -0.003 0"><span class='ocrx_word' id='word_1_946' title='bbox 506 5625 574 5661; x_wconf 93' lang='lat' dir='ltr'><strong>un</strong></span> <span class='ocrx_word' id='word_1_947' title='bbox 610 5649 619 5660; x_wconf 88' lang='lat'><strong>.</strong></span> <span class='ocrx_word' id='word_1_948' title='bbox 2156 5619 2184 5658; x_wconf 89' lang='lat' dir='ltr'><strong>e</strong></span> <span class='ocrx_word' id='word_1_949' title='bbox 2228 5623 2238 5658; x_wconf 93' lang='lat' dir='ltr'><strong>l</strong></span> <span class='ocrx_word' id='word_1_950' title='bbox 2272 5623 2306 5661; x_wconf 88' lang='lat' dir='ltr'><strong>l.</strong></span> <span class='ocrx_word' id='word_1_951' title='bbox 2400 5620 2572 5661; x_wconf 76' lang='grc' dir='ltr'><strong>γεται.</strong></span> 
     </span>
    </p>
   </div>
   <div class='ocr_carea' id='block_1_110' title="bbox 506 5620 2020 5672">
    <p class='ocr_par' dir='ltr' id='par_1_110' title="bbox 506 5620 619 5662">
     <span class='ocr_line' id='line_1_111' title="bbox 506 5620 619 5662; baseline -0.009 -1"><span class='ocrx_word' id='word_1_952' title='bbox 506 5620 619 5662; x_wconf 84' lang='grc' dir='ltr'><strong>ιιηι.</strong></span> 
     </span>
    </p>
   </div>
   <div class='ocr_carea' id='block_1_111' title="bbox 2116 5620 2572 5672">
    <p class='ocr_par' dir='ltr' id='par_1_111' title="bbox 2156 5620 2572 5672">
     <span class='ocr_line' id='line_1_112' title="bbox 2156 5620 2572 5672; baseline -0.01 -14"><span class='ocrx_word' id='word_1_953' title='bbox 2156 5620 2306 5668; x_wconf 81' lang='lat' dir='ltr'><strong>eum,</strong></span> <span class='ocrx_word' id='word_1_954' title='bbox 2341 5620 2572 5672; x_wconf 66' lang='grc' dir='ltr'><strong>Αεγεται,</strong></span> 
     </span>
    </p>
   </div>
   <div class='ocr_carea' id='block_1_112' title="bbox 552 5673 2052 5753">
    <p class='ocr_par' dir='ltr' id='par_1_112' title="bbox 552 5673 2052 5753">
     <span class='ocr_line' id='line_1_113' title="bbox 552 5673 2052 5753; baseline 0 -21"><span class='ocrx_word' id='word_1_955' title='bbox 552 5680 661 5750; x_wconf 64' lang='lat'><strong>(.13)</strong></span> <span class='ocrx_word' id='word_1_956' title='bbox 701 5679 1019 5753; x_wconf 78' lang='lat' dir='ltr'><strong>Basiliensis</strong></span> <span class='ocrx_word' id='word_1_957' title='bbox 1066 5690 1120 5753; x_wconf 81' lang='lat' dir='ltr'><strong>et</strong></span> <span class='ocrx_word' id='word_1_958' title='bbox 1164 5682 1548 5753; x_wconf 86' lang='lat' dir='ltr'><strong>Goblerianus,</strong></span> <span class='ocrx_word' id='word_1_959' title='bbox 1595 5673 1721 5750; x_wconf 79' lang='grc' dir='ltr'><strong>ἆρα.</strong></span> <span class='ocrx_word' id='word_1_960' title='bbox 1753 5675 1945 5734; x_wconf 80' lang='lat' dir='ltr'><strong>Caeteri</strong></span> <span class='ocrx_word' id='word_1_961' title='bbox 1999 5684 2052 5746; x_wconf 77' lang='lat' dir='ltr'><strong>et</strong></span> 
     </span>
    </p>
   </div>
  </div>
