3834 6220
219 213 317 276 101

1319 215 1575 275 ORATIO
1613 219 1680 275 tv
1717 220 1998 279 CONTRA
2035 203 2356 282 ARIANOS.

220 333 328 389 τοῦ
353 333 442 400 εις
467 331 576 399 τὰς
604 330 852 400 καρδίας
875 331 1064 402 ἡμῶν,
1121 331 1352 404 κρᾶζον,
1398 335 1582 404 Ἀσϐᾶ,
1621 341 1656 392 ὁ
1678 340 1800 392 Πα-

1915 342 2068 396 ritum
2096 339 2229 396 Filii
2275 342 2359 398 sui
2404 341 2462 398 in
2505 343 2666 399 corda
2695 353 2879 402 nostra
2924 347 3260 418 clamantem,
3307 352 3479 424 Abba,

221 422 352 493 περ.
383 420 594 476 οὐκοῦν
625 423 654 477 6
674 425 734 477 ὲν
762 425 895 494 ἡμῖν
917 423 1065 488 Υἱὸς,
1101 423 1194 479 τὸν
1259 425 1389 480 ἴδιον
1436 428 1659 500 Πατέρα
1686 431 1808 483 ὲπι-

224 509 580 580 καλούμενος,
599 511 692 564 καὶ
722 511 878 582 ἡμῶν
904 511 1086 566 αὐτῶν
1115 515 1260 568 ποιεῖ
1281 515 1502 588 Πατέρα
1534 517 1806 587 λέγεσθαι.

239 599 456 671 ’Δμέλει
493 593 571 652 ὧν
601 599 702 653 οὐκ
731 601 876 653 ἐστιν
911 603 991 665 εἰς
1036 602 1138 666 τὰς
1192 605 1420 675 καρδίας
1445 607 1474 660 6
1507 605 1658 672 Υἱὸς,
1696 608 1812 662 τού-

226 709 333 746 των
365 692 488 746 οὐδὲ
521 691 710 764 Πατὴρ
742 693 770 745 6
819 692 951 757 Θεὸς
1001 693 1066 747 ἂν
1112 694 1348 768 λεχθείη.
1407 697 1580 771 Εἴπερ
1608 695 1699 754 οὖν
1723 700 1812 754 διὰ

224 781 316 834 τὸν
346 782 518 850 Λόγον
537 783 566 834 6
597 781 880 853 ἄνθρωπος
934 781 1150 852 λέγεται
1182 784 1330 848 Υἱὸς,
1375 786 1586 860 ἀνάγκη
1637 790 1806 855 πᾶσα,

226 872 532 944 λεγομένων
563 875 655 928 καὶ
683 875 791 946 πρὸ
819 874 920 944 τῆς
944 875 1405 948 ὲνανθρωπὴσεως
1433 877 1540 931 τῶν
1570 879 1811 934 παλαιῶν

228 963 382 1031 υἱῶν,
422 959 561 1018 εἶναι
587 965 682 1019 καὶ
709 965 816 1038 πρὸ
844 965 946 1037 τῆς
998 963 1292 1038 ἐπιδημίας
1324 969 1416 1023 τὸν
1461 971 1634 1042 Λόγον
1656 974 1806 1028 Υἱόν.

224 1055 397 1121 Υιοὺς
450 1055 578 1128 γὰρ,
642 1057 807 1128 φησὶν
855 1057 989 1127 (47),
1015 1058 1334 1129 ἐγέννησα·
1381 1061 1476 1116 καὶ
1531 1065 1623 1118 ἐπὶ
1659 1065 1805 1120 Νῶε·

237 1145 481 1213 Ἰδόντες
506 1151 560 1202 οἱ
588 1148 704 1202 vlo!
749 1148 854 1203 τοῦ
877 1150 1022 1205 Θεοῦ
1039 1166 1053 1180 ·
1083 1152 1175 1204 καὶ
1199 1152 1256 1205 ὲν
1289 1155 1356 1224 τῇ
1399 1153 1541 1226 ᾮδῇ·
1562 1158 1684 1211 Οὐκ
1703 1161 1808 1212 αὐ-

224 1239 332 1305 τὸς
353 1236 534 1306 οὗτός
575 1257 693 1295 σου
743 1242 983 1312 Πατήρ;
1039 1244 1248 1298 Οὐκοῦν
1288 1241 1357 1317 ἦν
1397 1233 1508 1300 και
1541 1250 1570 1302 6
1597 1248 1814 1321 ἀληθῶς

227 1330 380 1396 Υἱὸς,
405 1330 474 1384 δι’
495 1331 554 1385 ὃν
580 1333 821 1387 κάκεῖνοι
857 1334 984 1388 υἱοί.
1017 1335 1081 1388 Εἰ
1109 1336 1165 1390 δὲ
1222 1339 1338 1390 κατ’
1369 1337 1610 1404 ἐκείνους
1651 1340 1812 1396 πάλιν

224 1424 338 1477 οὐδ’
371 1424 632 1497 ὁπότερον
677 1425 880 1480 τούτων
942 1425 1091 1493 Υἱὸς,
1146 1428 1281 1483 ἀλλὰ
1333 1429 1425 1483 διὰ
1473 1431 1573 1502 τὴν
1611 1433 1812 1504 ἀμφοῖν

228 1513 470 1579 σύνοδον,
493 1515 706 1583 ἀνάγκη
733 1517 859 1588 μηδ’
888 1518 1048 1572 ὁπότε
1059 1535 1149 1590 ρον
1184 1515 1323 1574 εἶναι
1375 1521 1523 1576 Υἱόν·
1555 1525 1698 1595 φημὶ
1725 1524 1810 1596 δὴ,

228 1608 371 1679 μήτε
411 1609 502 1663 τὸν
546 1610 737 1679 Λόγον,
799 1613 937 1684 μήτε
989 1613 1080 1668 τὸν
1134 1615 1438 1687 ἄνθρωπον,
1506 1619 1643 1674 ἀλλά
1693 1638 1812 1674 τινα

1912 429 2078 486 Pater
2101 431 2169 486 ⁸⁸.
2204 430 2392 504 ltaque
2435 431 2630 500 Filius,
2660 435 2755 506 qui
2795 435 2850 490 in
2883 436 3042 494 nobis
3069 446 3172 505 est,
3199 440 3483 509 proprium
3548 458 3571 510 ί

1911 537 2071 578 ευιιιιι
2121 521 2339 580 Patrem
2389 524 2676 592 invocans.
2709 536 2959 586 nostrum
3010 529 3175 584 etiam
3210 528 3426 586 Patrem
3451 549 3485 608 ᾳ

1909 614 2070 671 nobis
2099 615 2357 686 appellari
2404 617 2673 674 concedit.
2725 617 3112 678 Verumtamen
3158 621 3212 677 in
3247 638 3483 694 quorum

1911 706 2168 763 cordibus
2215 706 2387 764 Filius
2424 723 2536 764 non
2581 717 2687 774 est,
2731 725 2833 766 nec
2885 711 3050 766 etiam
3099 711 3246 769 Deus
3295 729 3488 771 eorum

1910 797 2070 855 Pater
2098 799 2204 854 dici
2238 807 2436 870 potest.
2477 801 2668 874 Igitur,
2702 803 2748 858 si
2798 803 2964 858 homo
2997 813 3218 874 propter
3246 803 3488 862 Verbum

1911 889 2084 944 Filius
2109 888 2330 958 dicitur,
2366 905 2489 946 cum
2515 901 2750 957 veteres,
2775 900 3068 962 antequam
3096 891 3337 949 Verbum
3381 894 3488 948 hu-

1911 995 2131 1034 manam
2177 982 2564 1052 assumpsisset
2612 991 2886 1049 naturam,
2925 982 3021 1036 ﬁlii
3055 982 3165 1037 sint
3190 982 3440 1053 appellati
3470 1022 3486 1050 ,

1912 1071 2136 1130 omnino
2169 1088 2397 1129 necesse
2425 1081 2508 1128 est
2537 1070 2778 1128 Verbum
2823 1073 2988 1128 etiam
3019 1085 3145 1129 ante
3188 1090 3350 1129 suum
3386 1074 3489 1128 ad-

1913 1173 2136 1220 ventum
2169 1163 2369 1220 Filium
2418 1163 2611 1222 fuisse.
2660 1163 2801 1220 Hinc
2841 1165 2935 1220 illa
2976 1165 3274 1236 Scriptura:
3300 1166 3490 1234 verba,

1915 1256 2087 1312 Filios
2131 1258 2286 1329 genui
2311 1257 2358 1288 ⁸⁸
2383 1274 2398 1324 ;
2426 1265 2482 1313 ει
2525 1258 2582 1312 in
2620 1257 2854 1316 historia
2892 1254 3047 1314 Noe:
3101 1257 3347 1313 Videntes
3386 1258 3492 1329 ﬁlii

1917 1349 2013 1405 Dei
2027 1351 2071 1382 ⁸⁷
2100 1369 2116 1418 ;
2156 1359 2210 1407 et
2235 1350 2291 1407 in
2323 1350 2549 1407 Cautico
2577 1369 2591 1407 :
2626 1350 2883 1422 Nunquid
2933 1369 3034 1408 non
3065 1353 3177 1422 ipse
3212 1361 3289 1407 eu
3333 1351 3495 1408 Pater

1917 1450 2034 1500 tuus
2055 1440 2140 1495 δεῖ
2176 1439 2302 1498 Erat
2330 1456 2460 1512 ergo
2499 1451 2552 1498 et
2576 1458 2739 1498 verus
2760 1443 2951 1511 Filius,
2969 1453 3189 1514 propter
3219 1460 3382 1515 quem
3414 1445 3495 1500 illi

1914 1533 2008 1588 ﬁlii
2067 1534 2346 1590 dicuntur.
2395 1533 2550 1601 Quod
2605 1535 2652 1590 si
2705 1537 3008 1592 secundum
3061 1536 3185 1592 illos
3236 1545 3495 1593 neutrum

1917 1624 2112 1678 borum
2148 1633 2232 1680 est
2260 1623 2455 1692 Filius,
2504 1625 2599 1680 sed
2633 1626 2918 1681 amborum
2958 1640 3258 1697 congressu
3283 1627 3496 1682 consti-

225 1705 433 1767 αἰτίαν,
461 1705 528 1758 δι’
545 1707 632 1779 ’ἦν
692 1709 786 1762 καὶ
848 1708 1217 1782 συνήφθησανο
1285 1713 1378 1765 καὶ
1421 1712 1561 1767 οὕτω
1605 1715 1661 1769 δὲ
1696 1715 1807 1786 (48)

1915 1707 2103 1773 tuitur,
2132 1723 2358 1764 necesse
2399 1709 2626 1764 omnino
2662 1717 2745 1764 est
2772 1717 3030 1764 neutrum
3072 1694 3202 1766 esse
3246 1709 3492 1779 Filium;

224 1798 606 1870 προηγήσεται
639 1800 672 1871 ὴ
705 1801 856 1854 αἰτία
891 1803 988 1872 τῆς
1022 1804 1322 1874 συνάψεως,
1347 1808 1468 1878 ἥτις
1493 1807 1621 1861 Υξὸν
1643 1813 1806 1862 ποιεῖ.

225 1887 444 1942 Οὐκοῦν
476 1889 572 1943 καὶ
609 1890 749 1944 κατά
781 1891 892 1962 (49)
926 1892 1084 1947 τοῦτο
1115 1895 1220 1966 πρὸ
1251 1897 1351 1969 τῆς
1406 1897 1606 1967 σαρκὸς
1640 1899 1812 1970 προῆν

221 1979 254 2030 6
281 1975 436 2044 Υἱός.
463 1980 678 2034 Τούτων
708 1983 772 2054 δὴ
812 1981 1144 2055 λεγομένων,
1198 1989 1278 2051 εἰς
1327 1987 1512 2059 ἓτερον
1543 1989 1817 2059 καταφεύ-

226 2068 432 2134 ξονται,
457 2071 706 2141 λέγοντες
730 2073 803 2145 μὴ
823 2075 916 2129 τὸν
948 2075 1232 2149 ἄνθρωπον
1257 2073 1395 2132 εἶναι
1422 2079 1570 2146 Υὶὸν,
1601 2081 1732 2150 μηδὲ
1757 2081 1818 2135 τὸ

227 2163 657 2234 συναμφότερον,
704 2165 841 2219 ἀλλά
890 2167 982 2220 τὸν
1031 2169 1201 2236 Λόγον
1247 2170 1304 2222 ὲν
1357 2171 1498 2240 ἀρχῇ
1536 2170 1634 2239 μὲν
1667 2167 1806 2225 εἶναι

223 2253 402 2321 Λόγον
431 2256 618 2321 ἀπλῶς
644 2274 657 2288 ο
694 2259 782 2312 ὅτε
818 2258 874 2312 δὲ
902 2260 1309 2332 ὲνηνθρώπησε,
1336 2262 1458 2316 τότε
1500 2261 1812 2334 ὠνομάσθαι

222 2343 377 2398 Υἰόνο
411 2348 518 2420 πρὸ
543 2348 652 2421 γὰρ
675 2350 774 2421 τῆς
801 2353 1123 2422 ἐπιφανείας
1156 2354 1228 2426 μὴ
1283 2349 1422 2407 εἶναι
1491 2354 1640 2420 Υἱδν,
1677 2355 1812 2409 ἀλλά

219 2435 399 2504 Λόγον
446 2439 625 2508 μόνον’
663 2440 756 2494 καὶ
788 2440 977 2513 ὥσπερ
1008 2445 1036 2496 6
1066 2443 1238 2512 Λόγος
1281 2443 1417 2515 σὰρξ
1447 2444 1684 2512 ἐγένετο,
1713 2444 1814 2498 οὐκ

218 2527 302 2581 ὣν
333 2528 598 2602 πρότερον
628 2530 786 2603 σὰρξ,
811 2531 982 2596 οὕτως
1009 2535 1037 2587 6
1062 2533 1234 2602 Λόγος
1277 2533 1404 2596 Υἱὸς
1437 2533 1682 2603 γέγονεν,
1714 2534 1814 2586 οὐκ

219 2619 301 2673 ὢν
330 2623 599 2694 πρότερον
631 2623 779 2688 Υἱός.
845 2624 1030 2696 Ταῦτα
1084 2627 1180 2697 μὲν
1213 2625 1436 2680 ἐκείνων
1477 2626 1548 2680 τὰ
1573 2627 1816 2699 φλυαρή-

222 2729 397 2784 ματα·
424 2714 536 2785 ἔχει
568 2715 624 2769 δὲ
661 2715 752 2769 τὸν
776 2715 992 2788 ἔλεγχον
1014 2719 1218 2790 ἐναργῆ
1255 2718 1389 2790 (50).

1913 1798 1966 1854 id
1999 1807 2102 1865 est,
2139 1814 2241 1854 nec
2268 1799 2507 1854 Verbum
2543 1815 2642 1855 nec
2669 1798 2948 1854 hominem
2983 1797 3186 1854 Filium
3217 1815 3360 1867 esse,
3397 1801 3496 1867 sed

1913 1889 2208 1960 quamdam
2240 1907 2468 1948 causam
2505 1899 2724 1962 propter
2749 1905 2916 1961 quam
2964 1891 3203 1961 copulati
3236 1899 3398 1945 sunt:
3429 1904 3496 1946 ac

1914 1983 2145 2053 proinde
2173 1997 2342 2038 causa
2370 1983 2462 2037 illa
2501 1998 2623 2052 quae
2671 1980 2869 2038 Filium
2909 1983 3093 2050 eiiicit,
3143 1983 3496 2054 copulatione

1917 2074 2070 2144 prior
2092 2073 2216 2130 erit.
2259 2073 2401 2143 Ergo
2426 2090 2492 2130 ex
2533 2074 2637 2130 hoc
2668 2075 2797 2131 item
2829 2090 3097 2146 responso
3126 2075 3376 2146 sequitur
3399 2071 3494 2128 Fi-

1916 2167 2050 2221 lium
2093 2176 2218 2222 ante
2247 2167 2406 2238 503
2439 2182 2659 2224 carnem
2703 2170 3000 2226 exstitisse.
3033 2169 3237 2228 Verum
3288 2169 3374 2224 his
3417 2167 3494 2224 ita

1917 2258 2345 2324 demonstratis,
2407 2260 2553 2314 aliud
2608 2269 2863 2330 quaerunt
2919 2259 3178 2332 effugium
3222 2279 3236 2316 :
3297 2274 3495 2330 nempe

1917 2349 2073 2404 aiunt
2100 2365 2208 2405 non
2237 2350 2512 2406 hominem
2544 2349 2742 2409 Filium
2791 2369 2936 2419 esse,
2983 2369 3162 2424 neque
3199 2363 3496 2419 utrumque

1918 2442 2103 2506 simul,
2135 2443 2230 2498 sed
2274 2441 2534 2510 Verbum,
2575 2445 2722 2516 quod
2753 2447 2969 2516 quidem
3001 2445 3058 2501 in
3087 2445 3358 2517 principio
3390 2443 3498 2500 fuit

1916 2533 2183 2589 duntaxat
2233 2533 2514 2603 Verbum;
2565 2553 2691 2594 cum
2729 2547 2909 2594 autem
2950 2538 3116 2594 homo
3161 2538 3340 2595 factus
3387 2545 3493 2603 est,

1915 2633 2047 2683 tunc
2089 2625 2262 2683 Filius
2313 2639 2396 2684 est
2429 2631 2764 2686 nominatus.
2811 2629 2948 2686 Nam
2997 2641 3295 2702 antequam
3331 2631 3497 2688 adve-

1914 2717 2106 2785 nisset,
2143 2718 2417 2788 inquiunt,
2446 2735 2557 2775 non
2591 2732 2710 2776 erat
2747 2719 2938 2787 Filius,
2984 2721 3078 2776 sed
3111 2722 3496 2776 tantummodo

226 2804 468 2862 Verbum
499 2825 512 2860 :
561 2822 625 2861 ac
658 2806 882 2876 proinde
913 2817 970 2862 ut
989 2806 1224 2863 Verbum
1250 2824 1378 2865 caro
1413 2807 1614 2865 factum
1651 2818 1752 2876 est,
1788 2824 1912 2864 cum
1941 2820 2098 2865 antea
2125 2827 2252 2867 caro
2280 2827 2387 2866 non
2410 2819 2572 2877 esset,
2605 2812 2678 2866 ita
2699 2811 2936 2868 Verbum
2960 2811 3132 2871 Filius
3156 2813 3358 2874 factum
3387 2821 3494 2878 est.

215 2917 350 2956 cum
382 2905 536 2970 prius
579 2900 753 2956 Filius
783 2917 890 2956 non
930 2912 1092 2960 esset.
1140 2901 1234 2958 Hae
1269 2902 1485 2958 illorum
1536 2911 1664 2959 sunt
1697 2904 1932 2973 ineptiae,
1960 2919 2098 2973 quas
2131 2901 2372 2959 refutare
2398 2902 2542 2958 haud
2574 2913 2659 2958 est
2687 2904 2922 2961 diﬂicilc.

293 2993 388 3048 25.
416 2994 478 3047 Ei
504 2992 614 3065 γάρ
662 2993 798 3058 ὅλως
845 2993 1272 3066 ὲνανθρωπήσας
1321 2993 1544 3063 γέγονεν
1592 2993 1743 3057 Υἱὸς,
1771 2995 1806 3062 ή

1979 2993 2070 3048 25.
2121 2993 2256 3048 Nam
2294 2994 2340 3049 si
2392 2991 2654 3060 Verbum,
2706 2994 2945 3051 humana
2993 3005 3216 3065 accepta
3271 3004 3495 3065 natura,

216 3085 638 3159 ινανθρώπησις
666 3084 835 3139 αἰτία.
870 3085 981 3138 Καὶ
1007 3086 1056 3138 εἰ
1085 3086 1114 3137 6
1171 3085 1456 3157 ἄνθρωπος
1503 3084 1675 3148 αἴτιος
1714 3083 1807 3138 τοῦ

217 3175 364 3232 εῖναι
403 3177 565 3231 αὑτὸν
597 3177 748 3240 Υἱδν,
805 3176 838 3247 ἢ
873 3176 933 3230 τὸ
976 3176 1402 3248 συναμφότερον,
1455 3177 1550 3230 καὶ
1599 3176 1710 3247 (51)
1743 3175 1810 3229 τὰ

217 3268 366 3324 αὐτὰ
397 3267 577 3322 ἄτοπα
627 3268 950 3340 ἀπαντήσει.
986 3268 1218 3322 Ἔπειτα
1237 3307 1252 3330 ,
1305 3270 1353 3320 εἰ
1381 3267 1593 3339 πρῶτον
1616 3267 1806 3335 Λόγος,

218 3361 320 3415 καὶ
347 3359 575 3432 ὕστερον
608 3359 758 3424 Υἱὸς,
803 3361 1101 3430 φανήσεται
1152 3359 1380 3431 ὕστερον
1437 3359 1692 3427 ἐγνωκὼς
1716 3356 1808 3411 τὸν

217 3450 468 3522 Πατέρα,
494 3451 588 3504 καὶ
621 3451 682 3504 o6
707 3450 988 3522 πρότερον.
1021 3450 1096 3506 06
1121 3444 1290 3524 γὰρῇ
1355 3449 1465 3522 (52)
1501 3449 1674 3518 Λόγος
1723 3466 1810 3517 γι-

218 3547 459 3610 νώσκει,
491 3539 668 3620 ἀλλ’ᾖ
721 3545 869 3609 Υἱός.
927 3544 1136 3612 Οὐδεὶς
1203 3543 1311 3617 γὰρ
1367 3542 1643 3615 γινώσκει
1703 3541 1811 3597 τὸν

218 3637 476 3707 Πατέρα,
507 3639 560 3692 ei
589 3636 676 3708 μὴ
731 3639 763 3692 ό
802 3637 952 3704 Υιός.
998 3637 1327 3708 Ἀπαντήσει
1378 3635 1436 3689 δὲ
1484 3635 1578 3688 καὶ
1623 3633 1807 3698 τοῦτο,

218 3730 305 3782 ὅτι
329 3727 556 3802 ὕστερον
586 3730 644 3782 ὲν
682 3727 903 3791 κόλποις
934 3727 1030 3781 τοῦ
1052 3729 1266 3800 Πατρὺς
1295 3727 1507 3798 γέγονε,
1538 3726 1633 3779 καὶ
1663 3725 1812 3780 ὔστε-

223 3837 322 3894 ρον
356 3820 517 3885 αὺτὸς
550 3820 645 3874 καὶ
672 3822 700 3874 6
731 3819 919 3890 Πατὴρ
949 3819 1006 3874 ἓν
1037 3821 1314 3889 γεγόνασι,
1354 3819 1446 3873 καὶ
1478 3818 1700 3889 ὕστερον
1726 3818 1807 3884 τὸ,

233 3911 300 3964 '0
317 3909 588 3979 ἑωρακὼς
614 3909 738 3980 ἐμὲ,
766 3911 984 3978 ἑώρακε
1014 3911 1119 3964 τὸν
1163 3909 1412 3980 Πατέρα.
1458 3909 1644 3964 Ταῦτα
1699 3909 1809 3981 γὰρ

222 4003 407 4058 πάντα
437 4003 530 4056 ἐπὶ
561 4002 691 4055 Υἱοῦ
727 4001 940 4072 ἐλέχθη.
989 4002 1084 4055 Ἐκ
1113 4001 1178 4072 δὴ
1226 4001 1430 4055 τούτων
1460 4000 1808 4071 ἀναγκασθὴ-

222 4110 412 4148 σονται
445 4095 637 4146 εἰπεῖν·
671 4093 837 4146 Οὐδὲν
855 4088 922 4162 ἦν
950 4091 978 4144 ὁ
1026 4091 1216 4160 Λόγος,
1271 4090 1383 4144 ἀλλ’
1405 4091 1574 4162 ὄνομα
1627 4091 1806 4160 μόνον.

219 4184 366 4239 Οὔτε
392 4184 502 4256 γὰρ
531 4186 586 4238 ὲν
623 4186 753 4255 ἡμῖν
782 4183 920 4254 μετά
965 4183 1058 4237 τοῦ
1091 4183 1328 4253 Πατρός,
1376 4181 1499 4235 οὔτε
1531 4184 1558 4234 6
1587 4181 1696 4252 (55)
1720 4183 1809 4236 τὸν

219 4279 398 4347 Λόγον
428 4275 690 4347 ἑωρακὼς
717 4275 912 4328 ἕϐλεπε
958 4275 1050 4328 τὸν
1090 4275 1331 4346 Πατέρα,
1368 4273 1490 4327 οὔτε
1535 4273 1670 4338 ὅλως
1704 4276 1810 4329 τινὶ

1912 3078 2086 3136 Filius
2118 3093 2202 3138 est
2233 3080 2411 3137 factus
2439 3101 2451 3136 :
2487 3082 2652 3154 igitur
2675 3091 2888 3139 naturae
2914 3083 3168 3141 humanae
3190 3073 3493 3159 assumptio

1911 3185 2079 3224 causa
2115 3170 2236 3240 ejus
2289 3172 2366 3228 rei
2417 3181 2521 3227 est.
2557 3172 2901 3244 Quapropter
2930 3173 2975 3230 si
3013 3175 3180 3230 homo
3208 3191 3375 3234 causa
3408 3188 3494 3240 est

1911 3277 2008 3318 cur
2040 3260 2279 3317 Verbum
2325 3262 2397 3319 sit
2437 3263 2626 3329 Filius,
2679 3266 2763 3320 vel
2808 3274 3101 3336 utrumque
3125 3267 3268 3339 (5-6):
3298 3267 3488 3330 eadem

1911 3360 2057 3408 certe
2098 3353 2334 3408 absurda
2365 3364 2674 3412 occurrent.
2710 3354 2934 3423 Deinde,
2966 3357 3011 3412 si
3043 3359 3197 3428 prius
3247 3356 3486 3414 Verbum

1910 3455 2012 3510 est,
2044 3455 2096 3501 et
2130 3447 2405 3516 posterius
2434 3446 2627 3512 Filius,
2674 3448 2923 3518 sequitur
2950 3457 3009 3504 ut
3042 3448 3256 3504 Patrem
3301 3459 3487 3520 posto-

1910 3538 2046 3605 rius,
2082 3555 2188 3594 non
2227 3541 2382 3610 prius
2427 3541 2762 3611 cognoverit.
2808 3539 2920 3596 Nec
2968 3542 3113 3596 enim
3161 3558 3285 3597 eum
3337 3543 3491 3599 novit

1911 3643 2182 3702 quatenus
2211 3632 2451 3687 Verbum
2485 3641 2587 3695 est,
2627 3633 2720 3686 sed
2765 3641 3034 3702 quatenus
3075 3633 3269 3692 Filius.
3317 3632 3488 3688 Nemo

1911 3726 2054 3779 enim
2073 3726 2216 3779 novit
2240 3724 2476 3787 Patrem,
2499 3725 2602 3777 nisi
2626 3723 2801 3779 Filius
2817 3726 2881 3778 ⁸9.
2912 3726 3172 3795 Sequitur
3200 3727 3326 3781 item
3360 3741 3492 3782 non-

1913 3814 2016 3870 nisi
2043 3816 2316 3884 posterius
2357 3816 2651 3886 contigisse
2697 3825 2756 3870 ut
2808 3817 2863 3870 in
2907 3817 3027 3871 sinu
3076 3815 3252 3872 Patris
3301 3816 3487 3882 fuerit,

1911 3907 2139 3978 ipseque
2187 3917 2241 3961 et
2269 3905 2428 3962 Pater
2475 3923 2641 3962 unum
2679 3905 2807 3962 facti
2855 3908 2985 3971 sint,
3037 3909 3386 3980 eveneritque
3434 3908 3490 3963 id

1912 3999 2057 4070 quod
2092 3999 2266 4054 dixit:
2308 3999 2411 4064 Qui
2440 4000 2564 4053 vidit
2588 4017 2686 4066 me,
2711 4001 2843 4056 vidit
2878 4001 3091 4055 Patrem
3115 4002 3182 4057 9°.
3213 3999 3348 4056 Nam
3375 4003 3492 4058 hac

1913 4087 2094 4141 omuia
2126 4087 2193 4142 de
2222 4086 2360 4143 Filio
2393 4089 2536 4144 dicta
2562 4099 2708 4145 sunt.
2739 4091 2968 4160 Insuper
3003 4107 3067 4146 ex
3097 4092 3184 4147 his
3221 4102 3490 4164 cogentur

1915 4179 2072 4233 fateri
2109 4179 2352 4235 Verbum
2401 4180 2539 4235 nihil
2586 4180 2757 4237 fuisse
2790 4191 2986 4252 praeter
3019 4199 3230 4238 merum
3263 4200 3484 4242 nomen.

1912 4270 2099 4343 Neque
2129 4274 2274 4328 enim
2309 4274 2361 4327 in
2389 4275 2548 4329 nobis
2574 4291 2696 4330 cum
2731 4274 2890 4330 Patre
2935 4287 3072 4341 erat,
3105 4293 3205 4333 nec
3231 4279 3326 4348 qui
3356 4276 3491 4334 Ver-

221 4339 472 4439 ἀγνώσθη
568 4369 778 4440 Πατήρ·
817 4365 905 4420 διὰ
953 4365 1062 4438 γὰρ
1121 4339 1252 4420 Tiou-
1284 4367 1609 4436 γινώσκεται
1638 4369 1665 4420 6
1699 4369 1808 4421 Πα-

1915 4362 2041 4417 bum
2073 4363 2311 4428 videbat,
2333 4362 2549 4419 Patrem
2581 4367 2817 4431 videbat,
2851 4381 2951 4421 nec
2974 4369 3228 4438 cuiquam
3263 4369 3487 4424 omnino

219 4463 349 4532 τῆρ’
387 4458 526 4512 οὕτω
551 4456 658 4528 γὰρ
719 4458 814 4510 καὶ
858 4457 1189 4529 γέγραπται,
1237 4457 1348 4512 Καὶ
1396 4451 1444 4523 ᾧ
1472 4456 1548 4512 ἂν
1579 4460 1611 4510 ό
1677 4457 1808 4523 Υἱὸς

1915 4464 2075 4509 notus
2103 4465 2220 4509 erat
2249 4454 2438 4510 Pater:
2465 4459 2663 4528 quippe
2701 4458 2794 4528 qui
2828 4474 2921 4528 per
2953 4458 3151 4514 Filium
3189 4474 3488 4531 cognosca-

219 4551 616 4618 ἀποκαλύψῃ.
673 4551 858 4621 Μήπω
887 4549 943 4602 δὲ
986 4549 1138 4612 ὄντος
1184 4548 1278 4601 τοῦ
1331 4548 1505 4616 Λόγου
1539 4547 1692 4610 Υἱοῦ,
1719 4548 1810 4601 οὑ-

220 4643 372 4695 δέπω
393 4658 476 4704 τις
504 4641 767 4709 ἐγίνωσκε
793 4641 884 4694 τὸν
911 4641 1150 4712 Πατέρα.
1188 4639 1312 4704 Πῶς
1335 4637 1428 4693 οὖν
1459 4641 1668 4703 Meno-ei,
1691 4639 1808 4704 πῶς

217 4736 334 4796 τοῖς
357 4733 626 4804 πατράσιν
651 4731 841 4801 ὤφθη;
897 4733 1066 4797 Αὐτὸς
1101 4733 1208 4805 γάρ
1240 4734 1298 4786 ὲν
1337 4734 1456 4795 ταῖς
1504 4732 1808 4796 Βασιλείαις

221 4824 408 4893 φησίν·
456 4822 920 4892 Ἀποκαλυφθεὶς
941 4824 1374 4892 dxedequ
1393 4822 1542 4890 πρὸς
1573 4822 1804 4889 πάντας

219 4919 365 4984 τοὺς
397 4917 658 4985 πατέρας
701 4916 888 4988 ὑμῶν.
925 4919 988 4972 Εἰ
1021 4919 1078 4972 δὲ
1127 4917 1486 4987 ἀπεκαλύφθη
1530 4917 1682 4982 Θεὸς,
1708 4918 1805 4988 δῆ-

1910 4555 2038 4601 tur:
2070 4547 2150 4601 sic
2177 4547 2321 4601 enim
2352 4549 2615 4618 scriptum
2651 4561 2755 4615 est,
2801 4550 2865 4604 Et
2897 4553 2982 4606 cui
3030 4551 3204 4606 Filius
3229 4553 3486 4608 revelare-

1913 4640 1983 4692 rit
2009 4639 2076 4692 εί.
2129 4637 2280 4694 Unde
2324 4655 2448 4694 cum
2502 4639 2737 4696 Verbum
2785 4645 3027 4698 nondum
3074 4653 3223 4699 esset
3271 4644 3484 4709 Filius,

1912 4732 2152 4787 nondum
2200 4747 2418 4802 quoque
2465 4730 2626 4787 Pater
2685 4736 3138 4806 cognoscebatur.
3199 4734 3486 4802 Quomodo

1912 4825 2078 4895 igitur
2110 4823 2282 4895 Moysi
2311 4833 2363 4878 et
2393 4825 2640 4892 patribus
2673 4827 2969 4895 apparuit?
2997 4827 3114 4897 lpse
3153 4827 3299 4882 enim
3327 4829 3384 4882 in
3413 4831 3484 4884 li-

1912 4917 2028 4972 bris
2052 4915 2364 4986 Regnorum
2392 4916 2468 4970 ita
2496 4915 2768 4986 loquitur:
2798 4916 3074 4973 Revelatus
3105 4937 3222 4974 sum
3241 4921 3484 4982 omnibus

293 5033 543 5104 '7'_Galat.
574 5049 648 5098 tv,
682 5033 738 5104 6.
803 5033 851 5064 ⁸⁸
889 5032 1066 5098 Ιείι.ἰ,
1102 5033 1157 5087 8.
1234 5033 1279 5066 ⁸⁷
1319 5032 1454 5088 Gen.
1489 5048 1561 5100 vr,
1590 5033 1645 5088 2.
1722 5032 1769 5064 ⁸⁸
1809 5031 2029 5088 Deuter.
2063 5048 2236 5100 xxx",
2264 5032 2316 5087 6.
2395 5031 2442 5063 ⁸⁵
2481 5030 2669 5087 Matth.
2707 5048 2793 5097 ιιι,
2823 5033 2914 5089 27.
2989 5035 3036 5066 ³ο
3071 5033 3231 5092 Joan.
3264 5051 3392 5104 xw,
3427 5037 3481 5091 9.

215 5103 260 5134 "
307 5101 499 5158 Matth.
552 5119 630 5169 ιι,
669 5103 760 5160 27.

295 5216 409 5288 (Π)
448 5217 616 5286 Φησίν
643 5218 817 5288 abest
871 5232 900 5270 τι
949 5215 1138 5271 codice
1165 5215 1332 5288 Regio
1361 5226 1414 5271 et
1441 5216 1802 5288 Segueriano,

223 5286 516 5357 Basilien_si
549 5298 602 5340 et
627 5287 947 5357 Anglicano.

298 5355 656 5430 (4§)_Regius
681 5355 736 5412 et
763 5357 1129 5427 Seguerianus
1163 5357 1220 5411 δέ
1261 5357 1484 5422 addunt,
1517 5358 1662 5428 quod
1713 5356 1804 5411 alii

224 5441 279 5482 et
302 5427 434 5482 editi
465 5429 746 5482 omittunt.

296 5497 412 5567 (49)
455 5495 656 5569 Regius
677 5507 731 5553 et
761 5499 1149 5569 Seguerianus,
1178 5496 1271 5551 καὶ
1307 5496 1464 5553 κατά.
1497 5498 1552 5554 lu
1593 5499 1714 5560 aliis
1749 5507 1803 5556 et

223 5569 389 5624 editis
421 5568 515 5620 καί
538 5569 706 5623 deest.
795 5573 798 5576 ’

297 5636 410 5714 (50)
456 5638 804 5706 Anglicanus,
833 5641 891 5693 ὲν
918 5639 1080 5714 ἀρχῇ.

1977 5214 2088 5284 (ει)
2128 5211 2468 5284 Basiliensis
2487 5220 2539 5264 et
2567 5210 2900 5284 Anglicanus
2933 5210 3024 5264 καί
3058 5212 3337 5284 omittunt.

1977 5278 2088 5354 (ΞΩ)
2126 5283 2329 5356 ἰξεεζιιε
2355 5279 2657 5356 et_Seguer.
2678 5280 2862 5356 _liic_et
2896 5283 3110 5356 mo_x._ﬁ
3143 5299 3238 5356 pro

1977 5349 2090 5422 (55)
2133 5352 2221 5406 Sic
2252 5352 2383 5420 Reg.
2418 5349 2642 5422 Seguer.
2678 5349 2842 5405 Basil.
2874 5361 2929 5406 et
2955 5349 3174 5406 Gobler.
3207 5349 3395 5410 At'alii
3425 5359 3484 5411 et

1906 5425 2034 5481 editi
2070 5426 2097 5477 ὁ
2126 5423 2401 5476 omittunt.

1980 5493 2092 5565 (54)
2129 5492 2335 5565 ld_est_,
2373 5490 2455 5544 vel
2497 5487 2544 5565 si
2592 5487 2822 5565 Verbum
2858 5502 2913 5543 et
2941 5491 3140 5557 homo,
3189 5492 3301 5565 sive
3347 5509 3480 5548 con-

1906 5559 2114 5687 juug‘tilo
2151 5561 2312 5618 Verbi
2341 5576 2465 5617 cum
2497 5559 2735 5627 homine,
2789 5575 2954 5616 causa
2991 5570 3073 5616 est
3105 5577 3200 5618 cur
3239 5561 3476 5620 Verbum

1906 5647 1976 5687 ειι
2047 5647 2187 5687 nus.

1904 5647 1976 5695 ειι
2005 5647 2031 5686 ι⁴
2047 5647 2187 5688 tuus.
