  <div class='ocr_page' id='page_1' title='image "/cluster/home/n/w/nwhite01/storage/ocr_20150623/26/nnc1.0046978577/259.png"; bbox 0 0 3834 6220; ppageno 0'>
   <div class='ocr_carea' id='block_1_1' title="bbox 335 226 447 289">
    <p class='ocr_par' dir='ltr' id='par_1_1' title="bbox 335 226 447 289">
     <span class='ocr_line' id='line_1_1' title="bbox 335 226 447 289; baseline -0.054 0"><span class='ocrx_word' id='word_1_1' title='bbox 335 226 447 289; x_wconf 71' lang='lat'><strong>505</strong></span> 
     </span>
    </p>
   </div>
   <div class='ocr_carea' id='block_1_2' title="bbox 927 193 2986 300">
    <p class='ocr_par' dir='ltr' id='par_1_2' title="bbox 927 193 2986 300">
     <span class='ocr_line' id='line_1_2' title="bbox 927 193 2986 300; baseline -0.004 -15"><span class='ocrx_word' id='word_1_2' title='bbox 927 229 984 285; x_wconf 93' lang='lat' dir='ltr'><strong>S.</strong></span> <span class='ocrx_word' id='word_1_3' title='bbox 1025 225 1397 298; x_wconf 72' lang='lat' dir='ltr'><strong>ATHANASII</strong></span> <span class='ocrx_word' id='word_1_4' title='bbox 1436 193 1588 283; x_wconf 28' lang='lat' dir='ltr'><strong>ODPP.</strong></span> <span class='ocrx_word' id='word_1_5' title='bbox 1628 225 1809 282; x_wconf 73' lang='lat' dir='ltr'><strong>PARS</strong></span> <span class='ocrx_word' id='word_1_6' title='bbox 1844 225 1888 280; x_wconf 76' lang='grc' dir='ltr'><strong>Ι.</strong></span> <span class='ocrx_word' id='word_1_7' title='bbox 1922 256 1991 267; x_wconf 92' lang='lat'><strong>—</strong></span> <span class='ocrx_word' id='word_1_8' title='bbox 2027 223 2399 282; x_wconf 78' lang='lat' dir='ltr'><strong>HISTORICA</strong></span> <span class='ocrx_word' id='word_1_9' title='bbox 2437 221 2525 278; x_wconf 81' lang='lat' dir='ltr'><strong>ET</strong></span> <span class='ocrx_word' id='word_1_10' title='bbox 2563 221 2986 300; x_wconf 69' lang='lat' dir='ltr'><strong>DOGMATICA.</strong></span> 
     </span>
    </p>
   </div>
   <div class='ocr_carea' id='block_1_3' title="bbox 3475 223 3581 278">
    <p class='ocr_par' dir='ltr' id='par_1_3' title="bbox 3475 223 3581 278">
     <span class='ocr_line' id='line_1_3' title="bbox 3475 223 3581 278; baseline 0 0"><span class='ocrx_word' id='word_1_11' title='bbox 3475 223 3581 278; x_wconf 63' lang='grc'><strong>504</strong></span> 
     </span>
    </p>
   </div>
   <div class='ocr_carea' id='block_1_4' title="bbox 337 319 1915 419">
    <p class='ocr_par' dir='ltr' id='par_1_4' title="bbox 337 319 1902 419">
     <span class='ocr_line' id='line_1_4' title="bbox 337 319 1902 419; baseline -0.002 -20"><span class='ocrx_word' id='word_1_12' title='bbox 337 323 581 419; x_wconf 71' lang='lat' dir='ltr'><strong>patribus</strong></span> <span class='ocrx_word' id='word_1_13' title='bbox 630 345 813 415; x_wconf 77' lang='lat' dir='ltr'><strong>uestris</strong></span> <span class='ocrx_word' id='word_1_14' title='bbox 838 319 908 400; x_wconf 54' lang='grc' dir='ltr'><strong>δ’.</strong></span> <span class='ocrx_word' id='word_1_15' title='bbox 956 344 1191 400; x_wconf 85' lang='lat' dir='ltr'><strong>Proinde</strong></span> <span class='ocrx_word' id='word_1_16' title='bbox 1222 345 1268 413; x_wconf 88' lang='lat' dir='ltr'><strong>si</strong></span> <span class='ocrx_word' id='word_1_17' title='bbox 1302 343 1573 402; x_wconf 76' lang='lat' dir='ltr'><strong>revelatus</strong></span> <span class='ocrx_word' id='word_1_18' title='bbox 1609 349 1693 396; x_wconf 93' lang='lat' dir='ltr'><strong>est</strong></span> <span class='ocrx_word' id='word_1_19' title='bbox 1737 340 1902 404; x_wconf 88' lang='lat' dir='ltr'><strong>Deus,</strong></span> 
     </span>
    </p>
   </div>
   <div class='ocr_carea' id='block_1_5' title="bbox 2025 319 3578 419">
    <p class='ocr_par' dir='ltr' id='par_1_5' title="bbox 2025 335 3578 411">
     <span class='ocr_line' id='line_1_5' title="bbox 2025 335 3578 411; baseline -0.001 -21"><span class='ocrx_word' id='word_1_20' title='bbox 2025 354 2096 393; x_wconf 73' lang='grc' dir='ltr'><strong>ιον</strong></span> <span class='ocrx_word' id='word_1_21' title='bbox 2119 341 2200 394; x_wconf 80' lang='grc' dir='ltr'>ὅτι</span> <span class='ocrx_word' id='word_1_22' title='bbox 2242 341 2354 411; x_wconf 81' lang='grc'><strong>(55)</strong></span> <span class='ocrx_word' id='word_1_23' title='bbox 2383 336 2450 411; x_wconf 81' lang='grc' dir='ltr'>ἦν</span> <span class='ocrx_word' id='word_1_24' title='bbox 2475 341 2503 390; x_wconf 90' lang='grc' dir='ltr'><strong>ό</strong></span> <span class='ocrx_word' id='word_1_25' title='bbox 2532 336 2930 394; x_wconf 78' lang='grc' dir='ltr'>ἀποκαλύπτων</span> <span class='ocrx_word' id='word_1_26' title='bbox 2953 335 3101 400; x_wconf 84' lang='grc' dir='ltr'>Υἱδς,</span> <span class='ocrx_word' id='word_1_27' title='bbox 3134 336 3207 398; x_wconf 78' lang='grc' dir='ltr'>ὡς</span> <span class='ocrx_word' id='word_1_28' title='bbox 3237 335 3398 400; x_wconf 85' lang='grc' dir='ltr'>αὐτός</span> <span class='ocrx_word' id='word_1_29' title='bbox 3423 354 3578 408; x_wconf 80' lang='grc' dir='ltr'>φησι,</span> 
     </span>
    </p>
   </div>
   <div class='ocr_carea' id='block_1_6' title="bbox 338 432 1906 510">
    <p class='ocr_par' dir='ltr' id='par_1_6' title="bbox 338 432 1906 510">
     <span class='ocr_line' id='line_1_6' title="bbox 338 432 1906 510; baseline -0.004 -17"><span class='ocrx_word' id='word_1_30' title='bbox 338 447 488 493; x_wconf 84' lang='lat' dir='ltr'><strong>certe</strong></span> <span class='ocrx_word' id='word_1_31' title='bbox 508 435 685 509; x_wconf 82' lang='lat' dir='ltr'><strong>Filius</strong></span> <span class='ocrx_word' id='word_1_32' title='bbox 708 437 984 502; x_wconf 89' lang='lat' dir='ltr'><strong>revelavit,</strong></span> <span class='ocrx_word' id='word_1_33' title='bbox 1021 444 1082 490; x_wconf 90' lang='lat' dir='ltr'><strong>ut</strong></span> <span class='ocrx_word' id='word_1_34' title='bbox 1112 437 1228 510; x_wconf 85' lang='lat' dir='ltr'><strong>ipse</strong></span> <span class='ocrx_word' id='word_1_35' title='bbox 1254 443 1505 498; x_wconf 79' lang='lat' dir='ltr'><strong>testatur,</strong></span> <span class='ocrx_word' id='word_1_36' title='bbox 1535 432 1600 489; x_wconf 86' lang='lat' dir='ltr'><strong>Et</strong></span> <span class='ocrx_word' id='word_1_37' title='bbox 1622 434 1707 487; x_wconf 83' lang='lat' dir='ltr'><strong>cui</strong></span> <span class='ocrx_word' id='word_1_38' title='bbox 1732 433 1906 488; x_wconf 85' lang='lat' dir='ltr'><strong>Filius</strong></span> 
     </span>
    </p>
   </div>
   <div class='ocr_carea' id='block_1_7' title="bbox 340 520 1908 596">
    <p class='ocr_par' dir='ltr' id='par_1_7' title="bbox 340 520 1908 596">
     <span class='ocr_line' id='line_1_7' title="bbox 340 520 1908 596; baseline -0.005 -15"><span class='ocrx_word' id='word_1_39' title='bbox 340 526 666 586; x_wconf 72' lang='lat' dir='ltr'><strong>revelaverit.</strong></span> <span class='ocrx_word' id='word_1_40' title='bbox 715 525 902 596; x_wconf 85' lang='lat' dir='ltr'><strong>Itaque</strong></span> <span class='ocrx_word' id='word_1_41' title='bbox 950 524 1178 595; x_wconf 89' lang='lat' dir='ltr'><strong>impium</strong></span> <span class='ocrx_word' id='word_1_42' title='bbox 1223 533 1278 578; x_wconf 89' lang='lat' dir='ltr'><strong>et</strong></span> <span class='ocrx_word' id='word_1_43' title='bbox 1331 522 1559 578; x_wconf 89' lang='lat' dir='ltr'><strong>stultum</strong></span> <span class='ocrx_word' id='word_1_44' title='bbox 1603 520 1752 576; x_wconf 83' lang='lat' dir='ltr'><strong>dictu</strong></span> <span class='ocrx_word' id='word_1_45' title='bbox 1804 528 1908 584; x_wconf 90' lang='lat' dir='ltr'><strong>est,</strong></span> 
     </span>
    </p>
   </div>
   <div class='ocr_carea' id='block_1_8' title="bbox 339 610 1909 675">
    <p class='ocr_par' dir='ltr' id='par_1_8' title="bbox 339 610 1909 675">
     <span class='ocr_line' id='line_1_8' title="bbox 339 610 1909 675; baseline -0.007 0"><span class='ocrx_word' id='word_1_46' title='bbox 339 618 490 675; x_wconf 77' lang='lat' dir='ltr'><strong>aliud</strong></span> <span class='ocrx_word' id='word_1_47' title='bbox 514 633 636 674; x_wconf 88' lang='lat' dir='ltr'><strong>esse</strong></span> <span class='ocrx_word' id='word_1_48' title='bbox 663 617 902 672; x_wconf 82' lang='lat' dir='ltr'><strong>Verbum</strong></span> <span class='ocrx_word' id='word_1_49' title='bbox 937 626 992 672; x_wconf 92' lang='lat' dir='ltr'><strong>et</strong></span> <span class='ocrx_word' id='word_1_50' title='bbox 1023 616 1189 670; x_wconf 87' lang='lat' dir='ltr'><strong>alium</strong></span> <span class='ocrx_word' id='word_1_51' title='bbox 1211 630 1334 671; x_wconf 91' lang='lat' dir='ltr'><strong>esse</strong></span> <span class='ocrx_word' id='word_1_52' title='bbox 1380 613 1599 668; x_wconf 90' lang='lat' dir='ltr'><strong>Filium.</strong></span> <span class='ocrx_word' id='word_1_53' title='bbox 1644 610 1754 666; x_wconf 86' lang='lat' dir='ltr'><strong>Nec</strong></span> <span class='ocrx_word' id='word_1_54' title='bbox 1781 627 1909 665; x_wconf 89' lang='lat' dir='ltr'><strong>vero</strong></span> 
     </span>
    </p>
   </div>
   <div class='ocr_carea' id='block_1_9' title="bbox 340 702 1910 785">
    <p class='ocr_par' dir='ltr' id='par_1_9' title="bbox 340 702 1910 785">
     <span class='ocr_line' id='line_1_9' title="bbox 340 702 1910 785; baseline -0.007 -21"><span class='ocrx_word' id='word_1_55' title='bbox 340 708 442 765; x_wconf 84' lang='lat' dir='ltr'><strong>abs</strong></span> <span class='ocrx_word' id='word_1_56' title='bbox 467 723 528 763; x_wconf 87' lang='lat' dir='ltr'><strong>re</strong></span> <span class='ocrx_word' id='word_1_57' title='bbox 546 708 658 785; x_wconf 81' lang='lat' dir='ltr'><strong>erit</strong></span> <span class='ocrx_word' id='word_1_58' title='bbox 683 708 958 778; x_wconf 87' lang='lat' dir='ltr'><strong>inquirere</strong></span> <span class='ocrx_word' id='word_1_59' title='bbox 985 708 1254 762; x_wconf 87' lang='lat' dir='ltr'><strong>undenam</strong></span> <span class='ocrx_word' id='word_1_60' title='bbox 1288 703 1599 775; x_wconf 88' lang='lat' dir='ltr'><strong>hujusmodi</strong></span> <span class='ocrx_word' id='word_1_61' title='bbox 1630 702 1910 758; x_wconf 88' lang='lat' dir='ltr'><strong>hauserint</strong></span> 
     </span>
    </p>
   </div>
   <div class='ocr_carea' id='block_1_10' title="bbox 341 793 1912 868">
    <p class='ocr_par' dir='ltr' id='par_1_10' title="bbox 341 793 1912 868">
     <span class='ocr_line' id='line_1_10' title="bbox 341 793 1912 868; baseline -0.004 -15"><span class='ocrx_word' id='word_1_62' title='bbox 341 799 673 868; x_wconf 90' lang='lat' dir='ltr'><strong>opinionem.</strong></span> <span class='ocrx_word' id='word_1_63' title='bbox 707 800 874 854; x_wconf 89' lang='lat' dir='ltr'><strong>Aiunt</strong></span> <span class='ocrx_word' id='word_1_64' title='bbox 903 799 1087 868; x_wconf 84' lang='lat' dir='ltr'><strong>igitur,</strong></span> <span class='ocrx_word' id='word_1_65' title='bbox 1115 814 1240 854; x_wconf 90' lang='lat' dir='ltr'><strong>cum</strong></span> <span class='ocrx_word' id='word_1_66' title='bbox 1270 797 1325 852; x_wconf 92' lang='lat' dir='ltr'><strong>in</strong></span> <span class='ocrx_word' id='word_1_67' title='bbox 1355 795 1534 851; x_wconf 79' lang='lat' dir='ltr'><strong>Veteri</strong></span> <span class='ocrx_word' id='word_1_68' title='bbox 1565 793 1912 849; x_wconf 89' lang='lat' dir='ltr'><strong>Testamento</strong></span> 
     </span>
    </p>
   </div>
   <div class='ocr_carea' id='block_1_11' title="bbox 343 886 1911 953">
    <p class='ocr_par' dir='ltr' id='par_1_11' title="bbox 343 886 1911 953">
     <span class='ocr_line' id='line_1_11' title="bbox 343 886 1911 953; baseline -0.004 -8"><span class='ocrx_word' id='word_1_69' title='bbox 343 891 490 945; x_wconf 88' lang='lat' dir='ltr'><strong>nulla</strong></span> <span class='ocrx_word' id='word_1_70' title='bbox 519 888 644 944; x_wconf 87' lang='lat' dir='ltr'><strong>Filii</strong></span> <span class='ocrx_word' id='word_1_71' title='bbox 677 890 776 946; x_wconf 91' lang='lat' dir='ltr'><strong>sed</strong></span> <span class='ocrx_word' id='word_1_72' title='bbox 819 891 991 946; x_wconf 90' lang='lat' dir='ltr'><strong>solius</strong></span> <span class='ocrx_word' id='word_1_73' title='bbox 1023 890 1184 947; x_wconf 82' lang='lat' dir='ltr'><strong>Verbi</strong></span> <span class='ocrx_word' id='word_1_74' title='bbox 1213 891 1307 944; x_wconf 86' lang='lat' dir='ltr'><strong>ﬁat</strong></span> <span class='ocrx_word' id='word_1_75' title='bbox 1357 889 1583 953; x_wconf 89' lang='lat' dir='ltr'><strong>mentio,</strong></span> <span class='ocrx_word' id='word_1_76' title='bbox 1617 886 1820 942; x_wconf 91' lang='lat' dir='ltr'><strong>idcirco</strong></span> <span class='ocrx_word' id='word_1_77' title='bbox 1852 900 1911 939; x_wconf 90' lang='lat' dir='ltr'><strong>se</strong></span> 
     </span>
    </p>
   </div>
   <div class='ocr_carea' id='block_1_12' title="bbox 345 980 1910 1054">
    <p class='ocr_par' dir='ltr' id='par_1_12' title="bbox 345 980 1910 1054">
     <span class='ocr_line' id='line_1_12' title="bbox 345 980 1910 1054; baseline -0.005 -16"><span class='ocrx_word' id='word_1_78' title='bbox 345 984 558 1053; x_wconf 90' lang='lat' dir='ltr'><strong>opinari</strong></span> <span class='ocrx_word' id='word_1_79' title='bbox 591 981 792 1039; x_wconf 89' lang='lat' dir='ltr'><strong>Filium</strong></span> <span class='ocrx_word' id='word_1_80' title='bbox 846 983 1024 1039; x_wconf 89' lang='lat' dir='ltr'><strong>Verbo</strong></span> <span class='ocrx_word' id='word_1_81' title='bbox 1053 983 1328 1054; x_wconf 87' lang='lat' dir='ltr'><strong>juniorem</strong></span> <span class='ocrx_word' id='word_1_82' title='bbox 1359 997 1501 1047; x_wconf 89' lang='lat' dir='ltr'><strong>esse,</strong></span> <span class='ocrx_word' id='word_1_83' title='bbox 1543 980 1744 1050; x_wconf 85' lang='lat' dir='ltr'><strong>quippe</strong></span> <span class='ocrx_word' id='word_1_84' title='bbox 1785 992 1910 1032; x_wconf 91' lang='lat' dir='ltr'><strong>cum</strong></span> 
     </span>
    </p>
   </div>
   <div class='ocr_carea' id='block_1_13' title="bbox 344 1062 1910 1146">
    <p class='ocr_par' dir='ltr' id='par_1_13' title="bbox 344 1062 1910 1146">
     <span class='ocr_line' id='line_1_13' title="bbox 344 1062 1910 1146; baseline -0.003 -19"><span class='ocrx_word' id='word_1_85' title='bbox 344 1073 482 1128; x_wconf 89' lang='lat' dir='ltr'><strong>nihil</strong></span> <span class='ocrx_word' id='word_1_86' title='bbox 509 1074 579 1129; x_wconf 89' lang='lat' dir='ltr'><strong>de</strong></span> <span class='ocrx_word' id='word_1_87' title='bbox 612 1077 731 1146; x_wconf 92' lang='lat' dir='ltr'><strong>ipso</strong></span> <span class='ocrx_word' id='word_1_88' title='bbox 762 1075 968 1131; x_wconf 85' lang='lat' dir='ltr'><strong>dictum</strong></span> <span class='ocrx_word' id='word_1_89' title='bbox 1003 1075 1076 1129; x_wconf 92' lang='lat' dir='ltr'><strong>sit</strong></span> <span class='ocrx_word' id='word_1_90' title='bbox 1109 1075 1165 1129; x_wconf 90' lang='lat' dir='ltr'><strong>in</strong></span> <span class='ocrx_word' id='word_1_91' title='bbox 1197 1072 1378 1128; x_wconf 83' lang='lat' dir='ltr'><strong>Veteri</strong></span> <span class='ocrx_word' id='word_1_92' title='bbox 1413 1062 1782 1137; x_wconf 81' lang='lat' dir='ltr'><strong>Testamento,</strong></span> <span class='ocrx_word' id='word_1_93' title='bbox 1815 1070 1910 1125; x_wconf 86' lang='lat' dir='ltr'><strong>sed</strong></span> 
     </span>
    </p>
   </div>
   <div class='ocr_carea' id='block_1_14' title="bbox 343 1163 1910 1242">
    <p class='ocr_par' dir='ltr' id='par_1_14' title="bbox 343 1163 1910 1242">
     <span class='ocr_line' id='line_1_14' title="bbox 343 1163 1910 1242; baseline -0.003 -21"><span class='ocrx_word' id='word_1_94' title='bbox 343 1175 560 1222; x_wconf 87' lang='lat' dir='ltr'><strong>tantum</strong></span> <span class='ocrx_word' id='word_1_95' title='bbox 592 1168 645 1222; x_wconf 92' lang='lat' dir='ltr'><strong>in</strong></span> <span class='ocrx_word' id='word_1_96' title='bbox 670 1167 842 1224; x_wconf 86' lang='lat' dir='ltr'><strong>Novo.</strong></span> <span class='ocrx_word' id='word_1_97' title='bbox 873 1167 999 1223; x_wconf 80' lang='lat' dir='ltr'><strong>Haec</strong></span> <span class='ocrx_word' id='word_1_98' title='bbox 1028 1175 1157 1223; x_wconf 88' lang='lat' dir='ltr'><strong>sunt</strong></span> <span class='ocrx_word' id='word_1_99' title='bbox 1185 1182 1307 1238; x_wconf 70' lang='lat' dir='ltr'><strong>quae</strong></span> <span class='ocrx_word' id='word_1_100' title='bbox 1358 1166 1434 1221; x_wconf 88' lang='lat' dir='ltr'><strong>illi</strong></span> <span class='ocrx_word' id='word_1_101' title='bbox 1468 1163 1771 1242; x_wconf 86' lang='lat' dir='ltr'><strong>proferunt,</strong></span> <span class='ocrx_word' id='word_1_102' title='bbox 1817 1163 1910 1226; x_wconf 85' lang='lat' dir='ltr'><strong>sed</strong></span> 
     </span>
    </p>
   </div>
   <div class='ocr_carea' id='block_1_15' title="bbox 343 1255 1912 1330">
    <p class='ocr_par' dir='ltr' id='par_1_15' title="bbox 343 1255 1912 1330">
     <span class='ocr_line' id='line_1_15' title="bbox 343 1255 1912 1330; baseline -0.004 -16"><span class='ocrx_word' id='word_1_103' title='bbox 343 1260 531 1330; x_wconf 89' lang='lat' dir='ltr'><strong>impie.</strong></span> <span class='ocrx_word' id='word_1_104' title='bbox 581 1258 718 1316; x_wconf 89' lang='lat' dir='ltr'><strong>Nam</strong></span> <span class='ocrx_word' id='word_1_105' title='bbox 778 1260 958 1330; x_wconf 86' lang='lat' dir='ltr'><strong>primo</strong></span> <span class='ocrx_word' id='word_1_106' title='bbox 1013 1256 1360 1326; x_wconf 80' lang='lat' dir='ltr'><strong>Testamenta</strong></span> <span class='ocrx_word' id='word_1_107' title='bbox 1407 1257 1681 1322; x_wconf 83' lang='lat' dir='ltr'><strong>dividere,</strong></span> <span class='ocrx_word' id='word_1_108' title='bbox 1730 1255 1805 1323; x_wconf 87' lang='lat' dir='ltr'><strong>ita</strong></span> <span class='ocrx_word' id='word_1_109' title='bbox 1853 1263 1912 1308; x_wconf 91' lang='lat' dir='ltr'><strong>ut</strong></span> 
     </span>
    </p>
   </div>
   <div class='ocr_carea' id='block_1_16' title="bbox 344 1349 1912 1418">
    <p class='ocr_par' dir='ltr' id='par_1_16' title="bbox 344 1349 1912 1418">
     <span class='ocr_line' id='line_1_16' title="bbox 344 1349 1912 1418; baseline -0.003 -11"><span class='ocrx_word' id='word_1_110' title='bbox 344 1368 520 1407; x_wconf 89' lang='lat' dir='ltr'><strong>unum</strong></span> <span class='ocrx_word' id='word_1_111' title='bbox 548 1367 674 1407; x_wconf 88' lang='lat' dir='ltr'><strong>cum</strong></span> <span class='ocrx_word' id='word_1_112' title='bbox 705 1351 814 1407; x_wconf 87' lang='lat' dir='ltr'><strong>alio</strong></span> <span class='ocrx_word' id='word_1_113' title='bbox 845 1367 955 1406; x_wconf 90' lang='lat' dir='ltr'><strong>non</strong></span> <span class='ocrx_word' id='word_1_114' title='bbox 985 1351 1274 1416; x_wconf 79' lang='lat' dir='ltr'><strong>cohaereat,</strong></span> <span class='ocrx_word' id='word_1_115' title='bbox 1302 1349 1724 1415; x_wconf 68' lang='lat' dir='ltr'><strong>Manichaeorum</strong></span> <span class='ocrx_word' id='word_1_116' title='bbox 1750 1357 1912 1418; x_wconf 87' lang='lat' dir='ltr'><strong>atque</strong></span> 
     </span>
    </p>
   </div>
   <div class='ocr_carea' id='block_1_17' title="bbox 345 1435 1912 1512">
    <p class='ocr_par' dir='ltr' id='par_1_17' title="bbox 345 1435 1912 1512">
     <span class='ocr_line' id='line_1_17' title="bbox 345 1435 1912 1512; baseline -0.004 -15"><span class='ocrx_word' id='word_1_117' title='bbox 345 1441 658 1497; x_wconf 80' lang='lat' dir='ltr'><strong>Judaeorum</strong></span> <span class='ocrx_word' id='word_1_118' title='bbox 690 1449 794 1508; x_wconf 85' lang='lat' dir='ltr'><strong>est,</strong></span> <span class='ocrx_word' id='word_1_119' title='bbox 847 1455 1080 1512; x_wconf 89' lang='lat' dir='ltr'><strong>quorum</strong></span> <span class='ocrx_word' id='word_1_120' title='bbox 1133 1440 1392 1494; x_wconf 89' lang='lat' dir='ltr'><strong>nimirum</strong></span> <span class='ocrx_word' id='word_1_121' title='bbox 1439 1437 1531 1493; x_wconf 88' lang='lat' dir='ltr'><strong>alii</strong></span> <span class='ocrx_word' id='word_1_122' title='bbox 1568 1435 1771 1505; x_wconf 83' lang='lat' dir='ltr'><strong>Veteri,</strong></span> <span class='ocrx_word' id='word_1_123' title='bbox 1821 1437 1912 1491; x_wconf 89' lang='lat' dir='ltr'><strong>alii</strong></span> 
     </span>
    </p>
   </div>
   <div class='ocr_carea' id='block_1_18' title="bbox 343 1530 1910 1600">
    <p class='ocr_par' dir='ltr' id='par_1_18' title="bbox 343 1530 1910 1600">
     <span class='ocr_line' id='line_1_18' title="bbox 343 1530 1910 1600; baseline -0.003 -12"><span class='ocrx_word' id='word_1_124' title='bbox 343 1532 500 1590; x_wconf 88' lang='lat' dir='ltr'><strong>Novo</strong></span> <span class='ocrx_word' id='word_1_125' title='bbox 521 1533 874 1590; x_wconf 90' lang='lat' dir='ltr'><strong>Testamento</strong></span> <span class='ocrx_word' id='word_1_126' title='bbox 897 1534 1276 1588; x_wconf 86' lang='lat' dir='ltr'><strong>adversantur.</strong></span> <span class='ocrx_word' id='word_1_127' title='bbox 1305 1530 1511 1586; x_wconf 90' lang='lat' dir='ltr'><strong>Deinde</strong></span> <span class='ocrx_word' id='word_1_128' title='bbox 1539 1531 1683 1596; x_wconf 87' lang='lat' dir='ltr'><strong>si,ut</strong></span> <span class='ocrx_word' id='word_1_129' title='bbox 1700 1538 1910 1600; x_wconf 84' lang='lat' dir='ltr'><strong>putant,</strong></span> 
     </span>
    </p>
   </div>
   <div class='ocr_carea' id='block_1_19' title="bbox 344 1625 1911 1700">
    <p class='ocr_par' dir='ltr' id='par_1_19' title="bbox 344 1625 1911 1700">
     <span class='ocr_line' id='line_1_19' title="bbox 344 1625 1911 1700; baseline -0.005 -17"><span class='ocrx_word' id='word_1_130' title='bbox 344 1643 410 1683; x_wconf 87' lang='lat' dir='ltr'><strong>ea</strong></span> <span class='ocrx_word' id='word_1_131' title='bbox 444 1643 566 1698; x_wconf 67' lang='lat' dir='ltr'><strong>quae</strong></span> <span class='ocrx_word' id='word_1_132' title='bbox 594 1627 648 1682; x_wconf 91' lang='lat' dir='ltr'><strong>in</strong></span> <span class='ocrx_word' id='word_1_133' title='bbox 680 1626 1100 1683; x_wconf 81' lang='lat' dir='ltr'><strong>Veteri-exstant</strong></span> <span class='ocrx_word' id='word_1_134' title='bbox 1131 1625 1498 1692; x_wconf 88' lang='lat' dir='ltr'><strong>Testamento,</strong></span> <span class='ocrx_word' id='word_1_135' title='bbox 1539 1633 1778 1700; x_wconf 88' lang='lat' dir='ltr'><strong>tempore</strong></span> <span class='ocrx_word' id='word_1_136' title='bbox 1809 1638 1911 1678; x_wconf 87' lang='lat' dir='ltr'><strong>an—</strong></span> 
     </span>
    </p>
   </div>
   <div class='ocr_carea' id='block_1_20' title="bbox 2009 423 3584 498">
    <p class='ocr_par' dir='ltr' id='par_1_20' title="bbox 2009 423 3584 498">
     <span class='ocr_line' id='line_1_20' title="bbox 2009 423 3584 498; baseline -0.004 -11"><span class='ocrx_word' id='word_1_137' title='bbox 2009 433 2119 487; x_wconf 81' lang='grc' dir='ltr'><strong>Καὶ</strong></span> <span class='ocrx_word' id='word_1_138' title='bbox 2140 425 2189 498; x_wconf 84' lang='grc' dir='ltr'>ᾧ</span> <span class='ocrx_word' id='word_1_139' title='bbox 2214 433 2324 487; x_wconf 80' lang='grc' dir='ltr'><strong>ἐὰν</strong></span> <span class='ocrx_word' id='word_1_140' title='bbox 2359 435 2392 486; x_wconf 85' lang='grc' dir='ltr'><em>ὀ</em></span> <span class='ocrx_word' id='word_1_141' title='bbox 2425 430 2558 495; x_wconf 76' lang='grc' dir='ltr'>Υἱὸς</span> <span class='ocrx_word' id='word_1_142' title='bbox 2584 430 2970 497; x_wconf 68' lang='grc' dir='ltr'>ἀποκαλύψῃ.</span> <span class='ocrx_word' id='word_1_143' title='bbox 3001 426 3218 491; x_wconf 84' lang='grc' dir='ltr'>Ἀσεϐὲς</span> <span class='ocrx_word' id='word_1_144' title='bbox 3253 427 3348 497; x_wconf 87' lang='grc' dir='ltr'>μὲν</span> <span class='ocrx_word' id='word_1_145' title='bbox 3375 423 3471 480; x_wconf 79' lang='grc' dir='ltr'><strong>οὖν</strong></span> <span class='ocrx_word' id='word_1_146' title='bbox 3493 427 3584 480; x_wconf 81' lang='grc' dir='ltr'>καὶ</span> 
     </span>
    </p>
   </div>
   <div class='ocr_carea' id='block_1_21' title="bbox 2010 515 3584 595">
    <p class='ocr_par' dir='ltr' id='par_1_21' title="bbox 2010 515 3584 595">
     <span class='ocr_line' id='line_1_21' title="bbox 2010 515 3584 595; baseline -0.004 -18"><span class='ocrx_word' id='word_1_147' title='bbox 2010 525 2234 595; x_wconf 83' lang='grc' dir='ltr'>ἀνόητον</span> <span class='ocrx_word' id='word_1_148' title='bbox 2249 523 2308 576; x_wconf 88' lang='grc' dir='ltr'><strong>τὸ</strong></span> <span class='ocrx_word' id='word_1_149' title='bbox 2337 521 2516 592; x_wconf 85' lang='grc' dir='ltr'>λέγειν</span> <span class='ocrx_word' id='word_1_150' title='bbox 2545 520 2702 575; x_wconf 83' lang='grc' dir='ltr'>ἄλλον</span> <span class='ocrx_word' id='word_1_151' title='bbox 2731 515 2869 574; x_wconf 82' lang='grc' dir='ltr'>εἶναι</span> <span class='ocrx_word' id='word_1_152' title='bbox 2913 519 3005 573; x_wconf 88' lang='grc' dir='ltr'><strong>τὸν</strong></span> <span class='ocrx_word' id='word_1_153' title='bbox 3051 517 3243 587; x_wconf 88' lang='grc' dir='ltr'>Λόγον,</span> <span class='ocrx_word' id='word_1_154' title='bbox 3286 519 3382 572; x_wconf 71' lang='grc' dir='ltr'><strong>καὶ</strong></span> <span class='ocrx_word' id='word_1_155' title='bbox 3425 519 3584 574; x_wconf 73' lang='grc' dir='ltr'>ἄλλον</span> 
     </span>
    </p>
   </div>
   <div class='ocr_carea' id='block_1_22' title="bbox 2011 612 3586 687">
    <p class='ocr_par' dir='ltr' id='par_1_22' title="bbox 2011 612 3586 687">
     <span class='ocr_line' id='line_1_22' title="bbox 2011 612 3586 687; baseline -0.003 -17"><span class='ocrx_word' id='word_1_156' title='bbox 2011 615 2150 672; x_wconf 75' lang='grc' dir='ltr'>εἶναι</span> <span class='ocrx_word' id='word_1_157' title='bbox 2181 617 2292 687; x_wconf 82' lang='grc'>(56)</span> <span class='ocrx_word' id='word_1_158' title='bbox 2321 617 2412 670; x_wconf 79' lang='grc' dir='ltr'><strong>τὸν</strong></span> <span class='ocrx_word' id='word_1_159' title='bbox 2435 615 2582 669; x_wconf 83' lang='grc' dir='ltr'>Υίὸν.</span> <span class='ocrx_word' id='word_1_160' title='bbox 2621 613 2791 670; x_wconf 83' lang='grc' dir='ltr'>Πόθεν</span> <span class='ocrx_word' id='word_1_161' title='bbox 2827 613 2882 666; x_wconf 83' lang='grc' dir='ltr'>δὲ</span> <span class='ocrx_word' id='word_1_162' title='bbox 2901 612 3008 684; x_wconf 78' lang='grc' dir='ltr'>ἄρα</span> <span class='ocrx_word' id='word_1_163' title='bbox 3037 612 3137 683; x_wconf 84' lang='grc' dir='ltr'>τὴν</span> <span class='ocrx_word' id='word_1_164' title='bbox 3171 612 3424 683; x_wconf 76' lang='grc' dir='ltr'><strong>τοιαύτην</strong></span> <span class='ocrx_word' id='word_1_165' title='bbox 3449 613 3586 666; x_wconf 58' lang='grc' dir='ltr'>ὑπό.</span> 
     </span>
    </p>
   </div>
   <div class='ocr_carea' id='block_1_23' title="bbox 2011 705 3586 782">
    <p class='ocr_par' dir='ltr' id='par_1_23' title="bbox 2011 705 3586 782">
     <span class='ocr_line' id='line_1_23' title="bbox 2011 705 3586 782; baseline -0.004 -18"><span class='ocrx_word' id='word_1_166' title='bbox 2011 727 2160 764; x_wconf 90' lang='grc' dir='ltr'>νοιαν</span> <span class='ocrx_word' id='word_1_167' title='bbox 2183 711 2498 782; x_wconf 77' lang='grc' dir='ltr'>ἐσχήκασιν,</span> <span class='ocrx_word' id='word_1_168' title='bbox 2535 707 2755 779; x_wconf 80' lang='grc' dir='ltr'>ἐρέσθαι</span> <span class='ocrx_word' id='word_1_169' title='bbox 2793 706 2979 759; x_wconf 83' lang='grc' dir='ltr'>καλόν.</span> <span class='ocrx_word' id='word_1_170' title='bbox 3009 706 3145 758; x_wconf 78' lang='grc' dir='ltr'>Φασὶ</span> <span class='ocrx_word' id='word_1_171' title='bbox 3179 705 3266 776; x_wconf 83' lang='grc' dir='ltr'>δὴ,</span> <span class='ocrx_word' id='word_1_172' title='bbox 3295 705 3384 759; x_wconf 79' lang='grc' dir='ltr'>διὰ</span> <span class='ocrx_word' id='word_1_173' title='bbox 3409 705 3472 758; x_wconf 84' lang='grc' dir='ltr'>τὸ</span> <span class='ocrx_word' id='word_1_174' title='bbox 3511 705 3586 776; x_wconf 81' lang='grc' dir='ltr'>μὴ</span> 
     </span>
    </p>
   </div>
   <div class='ocr_carea' id='block_1_24' title="bbox 2011 792 3586 871">
    <p class='ocr_par' dir='ltr' id='par_1_24' title="bbox 2011 792 3586 871">
     <span class='ocr_line' id='line_1_24' title="bbox 2011 792 3586 871; baseline -0.004 -19"><span class='ocrx_word' id='word_1_175' title='bbox 2011 799 2259 871; x_wconf 81' lang='grc' dir='ltr'>εἰρῆσθαι</span> <span class='ocrx_word' id='word_1_176' title='bbox 2281 801 2337 852; x_wconf 83' lang='grc' dir='ltr'>ὲν</span> <span class='ocrx_word' id='word_1_177' title='bbox 2365 801 2430 870; x_wconf 81' lang='grc' dir='ltr'>τῇ</span> <span class='ocrx_word' id='word_1_178' title='bbox 2461 797 2672 868; x_wconf 80' lang='grc' dir='ltr'>Παλαιᾷ</span> <span class='ocrx_word' id='word_1_179' title='bbox 2713 796 2840 867; x_wconf 84' lang='grc' dir='ltr'>περὶ</span> <span class='ocrx_word' id='word_1_180' title='bbox 2863 793 3014 859; x_wconf 81' lang='grc' dir='ltr'>Υἱοῢ,</span> <span class='ocrx_word' id='word_1_181' title='bbox 3057 792 3193 846; x_wconf 83' lang='grc' dir='ltr'>ἀλλὰ</span> <span class='ocrx_word' id='word_1_182' title='bbox 3223 794 3352 866; x_wconf 78' lang='grc' dir='ltr'>περὶ</span> <span class='ocrx_word' id='word_1_183' title='bbox 3383 793 3586 862; x_wconf 84' lang='grc' dir='ltr'>Λόγου,</span> 
     </span>
    </p>
   </div>
   <div class='ocr_carea' id='block_1_25' title="bbox 2011 886 3591 962">
    <p class='ocr_par' dir='ltr' id='par_1_25' title="bbox 2011 886 3591 962">
     <span class='ocr_line' id='line_1_25' title="bbox 2011 886 3591 962; baseline -0.004 -17"><span class='ocrx_word' id='word_1_184' title='bbox 2011 893 2109 945; x_wconf 76' lang='grc' dir='ltr'>καὶ</span> <span class='ocrx_word' id='word_1_185' title='bbox 2131 892 2242 962; x_wconf 82' lang='lat'><strong>(57)</strong></span> <span class='ocrx_word' id='word_1_186' title='bbox 2276 892 2363 946; x_wconf 84' lang='grc' dir='ltr'>διὰ</span> <span class='ocrx_word' id='word_1_187' title='bbox 2394 890 2554 943; x_wconf 83' lang='grc' dir='ltr'>τοῦτο</span> <span class='ocrx_word' id='word_1_188' title='bbox 2600 888 2862 962; x_wconf 88' lang='grc' dir='ltr'>νεώτερον</span> <span class='ocrx_word' id='word_1_189' title='bbox 2887 889 3134 942; x_wconf 85' lang='grc' dir='ltr'><strong>ὑπονοεῖν</strong></span> <span class='ocrx_word' id='word_1_190' title='bbox 3166 887 3260 941; x_wconf 83' lang='grc' dir='ltr'>τοῦ</span> <span class='ocrx_word' id='word_1_191' title='bbox 3280 886 3453 954; x_wconf 86' lang='grc' dir='ltr'>Λόγου</span> <span class='ocrx_word' id='word_1_192' title='bbox 3493 886 3591 938; x_wconf 82' lang='grc' dir='ltr'><strong>τὸν</strong></span> 
     </span>
    </p>
   </div>
   <div class='ocr_carea' id='block_1_26' title="bbox 2013 978 3593 1053">
    <p class='ocr_par' dir='ltr' id='par_1_26' title="bbox 2013 978 3593 1053">
     <span class='ocr_line' id='line_1_26' title="bbox 2013 978 3593 1053; baseline -0.003 -17"><span class='ocrx_word' id='word_1_193' title='bbox 2013 983 2141 1037; x_wconf 84' lang='grc' dir='ltr'>Υἱὺν</span> <span class='ocrx_word' id='word_1_194' title='bbox 2178 983 2628 1048; x_wconf 78' lang='grc' dir='ltr'>διαϐεϐαιοῦνται,</span> <span class='ocrx_word' id='word_1_195' title='bbox 2656 983 2738 1036; x_wconf 83' lang='grc' dir='ltr'>ὅτι</span> <span class='ocrx_word' id='word_1_196' title='bbox 2772 981 2847 1053; x_wconf 80' lang='grc' dir='ltr'>μὴ</span> <span class='ocrx_word' id='word_1_197' title='bbox 2885 982 2944 1034; x_wconf 83' lang='grc' dir='ltr'>ὲν</span> <span class='ocrx_word' id='word_1_198' title='bbox 2980 983 3046 1052; x_wconf 84' lang='grc' dir='ltr'>τῇ</span> <span class='ocrx_word' id='word_1_199' title='bbox 3100 979 3333 1051; x_wconf 83' lang='grc' dir='ltr'>Παλαιᾷ,</span> <span class='ocrx_word' id='word_1_200' title='bbox 3364 978 3479 1032; x_wconf 81' lang='grc' dir='ltr'>ἀλλ’</span> <span class='ocrx_word' id='word_1_201' title='bbox 3533 980 3593 1032; x_wconf 80' lang='grc' dir='ltr'><strong>ἐν</strong></span> 
     </span>
    </p>
   </div>
   <div class='ocr_carea' id='block_1_27' title="bbox 2012 1070 3594 1149">
    <p class='ocr_par' dir='ltr' id='par_1_27' title="bbox 2012 1070 3594 1149">
     <span class='ocr_line' id='line_1_27' title="bbox 2012 1070 3594 1149; baseline -0.004 -19"><span class='ocrx_word' id='word_1_202' title='bbox 2012 1079 2081 1148; x_wconf 79' lang='grc' dir='ltr'>τῇ</span> <span class='ocrx_word' id='word_1_203' title='bbox 2109 1078 2286 1148; x_wconf 79' lang='grc' dir='ltr'>Καινῇ</span> <span class='ocrx_word' id='word_1_204' title='bbox 2322 1077 2460 1149; x_wconf 83' lang='grc' dir='ltr'>μόνῃ</span> <span class='ocrx_word' id='word_1_205' title='bbox 2494 1077 2622 1148; x_wconf 79' lang='grc' dir='ltr'>περὶ</span> <span class='ocrx_word' id='word_1_206' title='bbox 2666 1073 2829 1129; x_wconf 81' lang='grc' dir='ltr'>αὐτοῦ</span> <span class='ocrx_word' id='word_1_207' title='bbox 2865 1073 2978 1143; x_wconf 85' lang='grc'>(58)</span> <span class='ocrx_word' id='word_1_208' title='bbox 3005 1071 3221 1144; x_wconf 78' lang='grc' dir='ltr'>ἐλέχθη.</span> <span class='ocrx_word' id='word_1_209' title='bbox 3249 1070 3414 1126; x_wconf 80' lang='grc' dir='ltr'>Ταῦτ’</span> <span class='ocrx_word' id='word_1_210' title='bbox 3440 1074 3594 1125; x_wconf 74' lang='grc' dir='ltr'>ἐκεῖ-</span> 
     </span>
    </p>
   </div>
   <div class='ocr_carea' id='block_1_28' title="bbox 2011 1163 3597 1238">
    <p class='ocr_par' dir='ltr' id='par_1_28' title="bbox 2011 1163 3597 1238">
     <span class='ocr_line' id='line_1_28' title="bbox 2011 1163 3597 1238; baseline -0.002 -15"><span class='ocrx_word' id='word_1_211' title='bbox 2011 1187 2089 1223; x_wconf 87' lang='grc' dir='ltr'><strong>νοι</strong></span> <span class='ocrx_word' id='word_1_212' title='bbox 2113 1167 2324 1231; x_wconf 84' lang='grc' dir='ltr'>ἀσεϐῶς</span> <span class='ocrx_word' id='word_1_213' title='bbox 2353 1168 2693 1237; x_wconf 84' lang='grc' dir='ltr'>φθέγγονται.</span> <span class='ocrx_word' id='word_1_214' title='bbox 2723 1166 2947 1238; x_wconf 89' lang='grc' dir='ltr'>Πρῶτον</span> <span class='ocrx_word' id='word_1_215' title='bbox 2986 1165 3082 1237; x_wconf 83' lang='grc' dir='ltr'><strong>μὲν</strong></span> <span class='ocrx_word' id='word_1_216' title='bbox 3106 1165 3214 1235; x_wconf 85' lang='grc' dir='ltr'>γὰρ</span> <span class='ocrx_word' id='word_1_217' title='bbox 3238 1163 3467 1234; x_wconf 87' lang='grc' dir='ltr'>διαιρεῖν</span> <span class='ocrx_word' id='word_1_218' title='bbox 3491 1163 3597 1220; x_wconf 78' lang='grc' dir='ltr'>τὰς</span> 
     </span>
    </p>
   </div>
   <div class='ocr_carea' id='block_1_29' title="bbox 2012 1248 3594 1328">
    <p class='ocr_par' dir='ltr' id='par_1_29' title="bbox 2012 1248 3594 1328">
     <span class='ocr_line' id='line_1_29' title="bbox 2012 1248 3594 1328; baseline -0.001 -20"><span class='ocrx_word' id='word_1_219' title='bbox 2012 1257 2306 1326; x_wconf 86' lang='grc' dir='ltr'>Διαθήκας,</span> <span class='ocrx_word' id='word_1_220' title='bbox 2325 1248 2416 1311; x_wconf 82' lang='grc' dir='ltr'><strong>καὶ</strong></span> <span class='ocrx_word' id='word_1_221' title='bbox 2447 1256 2519 1327; x_wconf 84' lang='grc' dir='ltr'>μὴ</span> <span class='ocrx_word' id='word_1_222' title='bbox 2540 1255 2637 1327; x_wconf 87' lang='grc' dir='ltr'><strong>τὴν</strong></span> <span class='ocrx_word' id='word_1_223' title='bbox 2665 1256 2856 1328; x_wconf 78' lang='grc' dir='ltr'>ἑτέραν</span> <span class='ocrx_word' id='word_1_224' title='bbox 2882 1255 2982 1324; x_wconf 81' lang='grc' dir='ltr'>τῆς</span> <span class='ocrx_word' id='word_1_225' title='bbox 3001 1254 3194 1326; x_wconf 79' lang='grc' dir='ltr'>ἑτέρας</span> <span class='ocrx_word' id='word_1_226' title='bbox 3220 1253 3438 1325; x_wconf 76' lang='grc' dir='ltr'>ἔχεσθαι</span> <span class='ocrx_word' id='word_1_227' title='bbox 3453 1252 3594 1324; x_wconf 82' lang='lat'><strong>(59),</strong></span> 
     </span>
    </p>
   </div>
   <div class='ocr_carea' id='block_1_30' title="bbox 2013 1343 3594 1419">
    <p class='ocr_par' dir='ltr' id='par_1_30' title="bbox 2013 1343 3594 1419">
     <span class='ocr_line' id='line_1_30' title="bbox 2013 1343 3594 1419; baseline -0.003 -18"><span class='ocrx_word' id='word_1_228' title='bbox 2013 1346 2334 1419; x_wconf 88' lang='grc' dir='ltr'>Μανιχαίων</span> <span class='ocrx_word' id='word_1_229' title='bbox 2368 1347 2463 1400; x_wconf 81' lang='grc' dir='ltr'><strong>καὶ</strong></span> <span class='ocrx_word' id='word_1_230' title='bbox 2501 1347 2767 1400; x_wconf 83' lang='grc' dir='ltr'>Ἰουδαίων</span> <span class='ocrx_word' id='word_1_231' title='bbox 2795 1346 2856 1399; x_wconf 83' lang='grc' dir='ltr'><strong>τὸ</strong></span> <span class='ocrx_word' id='word_1_232' title='bbox 2877 1346 3234 1417; x_wconf 78' lang='grc' dir='ltr'>ἐπιτήδευμα,</span> <span class='ocrx_word' id='word_1_233' title='bbox 3265 1343 3373 1398; x_wconf 90' lang='grc' dir='ltr'><strong>τῶν</strong></span> <span class='ocrx_word' id='word_1_234' title='bbox 3403 1345 3504 1416; x_wconf 82' lang='grc' dir='ltr'>μὲν</span> <span class='ocrx_word' id='word_1_235' title='bbox 3523 1348 3594 1414; x_wconf 83' lang='grc' dir='ltr'>τῇ</span> 
     </span>
    </p>
   </div>
   <div class='ocr_carea' id='block_1_31' title="bbox 2015 1434 3596 1511">
    <p class='ocr_par' dir='ltr' id='par_1_31' title="bbox 2015 1434 3596 1511">
     <span class='ocr_line' id='line_1_31' title="bbox 2015 1434 3596 1511; baseline -0.004 -19"><span class='ocrx_word' id='word_1_236' title='bbox 2015 1438 2248 1508; x_wconf 77' lang='grc' dir='ltr'>Παλαιᾷ,</span> <span class='ocrx_word' id='word_1_237' title='bbox 2283 1437 2390 1509; x_wconf 80' lang='grc' dir='ltr'><strong>τῶν</strong></span> <span class='ocrx_word' id='word_1_238' title='bbox 2412 1437 2469 1490; x_wconf 83' lang='grc' dir='ltr'>δὲ</span> <span class='ocrx_word' id='word_1_239' title='bbox 2496 1440 2561 1510; x_wconf 77' lang='grc' dir='ltr'>τῇ</span> <span class='ocrx_word' id='word_1_240' title='bbox 2595 1438 2713 1511; x_wconf 66' lang='grc' dir='ltr'><strong>Νέᾳ</strong></span> <span class='ocrx_word' id='word_1_241' title='bbox 2765 1436 3169 1506; x_wconf 83' lang='grc' dir='ltr'>ἀντιλεγόντων’</span> <span class='ocrx_word' id='word_1_242' title='bbox 3221 1434 3412 1488; x_wconf 77' lang='grc' dir='ltr'>ἔπειτα</span> <span class='ocrx_word' id='word_1_243' title='bbox 3465 1437 3596 1488; x_wconf 82' lang='grc' dir='ltr'>κατ’</span> 
     </span>
    </p>
   </div>
   <div class='ocr_carea' id='block_1_32' title="bbox 2015 1527 3598 1602">
    <p class='ocr_par' dir='ltr' id='par_1_32' title="bbox 2015 1527 3598 1602">
     <span class='ocr_line' id='line_1_32' title="bbox 2015 1527 3598 1602; baseline -0.003 -19"><span class='ocrx_word' id='word_1_244' title='bbox 2015 1530 2230 1593; x_wconf 81' lang='grc' dir='ltr'>αὐτοὺς,</span> <span class='ocrx_word' id='word_1_245' title='bbox 2259 1530 2307 1581; x_wconf 76' lang='grc' dir='ltr'>εἰ</span> <span class='ocrx_word' id='word_1_246' title='bbox 2365 1529 2435 1581; x_wconf 84' lang='grc' dir='ltr'><strong>τὰ.</strong></span> <span class='ocrx_word' id='word_1_247' title='bbox 2483 1531 2542 1582; x_wconf 85' lang='grc' dir='ltr'>ὲν</span> <span class='ocrx_word' id='word_1_248' title='bbox 2592 1531 2659 1602; x_wconf 78' lang='grc' dir='ltr'>τῇ</span> <span class='ocrx_word' id='word_1_249' title='bbox 2709 1529 2921 1600; x_wconf 84' lang='grc' dir='ltr'>Παλαιᾷ</span> <span class='ocrx_word' id='word_1_250' title='bbox 2982 1529 3211 1600; x_wconf 79' lang='grc' dir='ltr'>κείμενα</span> <span class='ocrx_word' id='word_1_251' title='bbox 3244 1528 3476 1598; x_wconf 85' lang='grc' dir='ltr'>προάγει</span> <span class='ocrx_word' id='word_1_252' title='bbox 3515 1527 3598 1598; x_wconf 81' lang='grc' dir='ltr'>τῷ</span> 
     </span>
    </p>
   </div>
   <div class='ocr_carea' id='block_1_33' title="bbox 2017 1621 3598 1694">
    <p class='ocr_par' dir='ltr' id='par_1_33' title="bbox 2017 1621 3598 1694">
     <span class='ocr_line' id='line_1_33' title="bbox 2017 1621 3598 1694; baseline -0.002 -19"><span class='ocrx_word' id='word_1_253' title='bbox 2017 1624 2216 1694; x_wconf 86' lang='grc' dir='ltr'>χρόνῳ,</span> <span class='ocrx_word' id='word_1_254' title='bbox 2246 1622 2315 1675; x_wconf 82' lang='grc' dir='ltr'><strong>τά</strong></span> <span class='ocrx_word' id='word_1_255' title='bbox 2339 1622 2397 1675; x_wconf 82' lang='grc' dir='ltr'>δὲ</span> <span class='ocrx_word' id='word_1_256' title='bbox 2429 1623 2486 1675; x_wconf 82' lang='grc' dir='ltr'>ὲν</span> <span class='ocrx_word' id='word_1_257' title='bbox 2537 1624 2603 1693; x_wconf 78' lang='grc' dir='ltr'>τῇ</span> <span class='ocrx_word' id='word_1_258' title='bbox 2635 1621 2750 1692; x_wconf 75' lang='grc' dir='ltr'><strong>Νέᾳ</strong></span> <span class='ocrx_word' id='word_1_259' title='bbox 2783 1621 3022 1694; x_wconf 85' lang='grc' dir='ltr'>νεώτερά</span> <span class='ocrx_word' id='word_1_260' title='bbox 3048 1623 3185 1686; x_wconf 77' lang='grc' dir='ltr'>ἐστι,</span> <span class='ocrx_word' id='word_1_261' title='bbox 3237 1623 3332 1675; x_wconf 81' lang='grc' dir='ltr'>καὶ</span> <span class='ocrx_word' id='word_1_262' title='bbox 3363 1623 3430 1674; x_wconf 83' lang='grc' dir='ltr'>ὲκ</span> <span class='ocrx_word' id='word_1_263' title='bbox 3479 1621 3598 1673; x_wconf 82' lang='grc' dir='ltr'><strong>τῶν</strong></span> 
     </span>
    </p>
   </div>
   <div class='ocr_carea' id='block_1_34' title="bbox 341 1697 1915 1793">
    <p class='ocr_par' dir='ltr' id='par_1_34' title="bbox 341 1697 1915 1793">
     <span class='ocr_line' id='line_1_34' title="bbox 341 1697 1915 1793; baseline -0.003 -19"><span class='ocrx_word' id='word_1_264' title='bbox 341 1719 622 1793; x_wconf 73' lang='lat' dir='ltr'><strong>tecedunt,</strong></span> <span class='ocrx_word' id='word_1_265' title='bbox 649 1734 714 1775; x_wconf 89' lang='lat' dir='ltr'><strong>ea</strong></span> <span class='ocrx_word' id='word_1_266' title='bbox 741 1728 944 1785; x_wconf 88' lang='lat' dir='ltr'><strong>autem,</strong></span> <span class='ocrx_word' id='word_1_267' title='bbox 973 1734 1096 1790; x_wconf 80' lang='lat' dir='ltr'><strong>quae</strong></span> <span class='ocrx_word' id='word_1_268' title='bbox 1119 1719 1175 1773; x_wconf 91' lang='lat' dir='ltr'><strong>in</strong></span> <span class='ocrx_word' id='word_1_269' title='bbox 1209 1717 1360 1773; x_wconf 89' lang='lat' dir='ltr'><strong>Novo</strong></span> <span class='ocrx_word' id='word_1_270' title='bbox 1395 1697 1744 1772; x_wconf 87' lang='lat' dir='ltr'><strong>Testamento</strong></span> <span class='ocrx_word' id='word_1_271' title='bbox 1786 1730 1915 1770; x_wconf 72' lang='lat' dir='ltr'><strong>con.-</strong></span> 
     </span>
    </p>
   </div>
   <div class='ocr_carea' id='block_1_35' title="bbox 2025 1697 3596 1793">
    <p class='ocr_par' dir='ltr' id='par_1_35' title="bbox 2025 1709 3596 1784">
     <span class='ocr_line' id='line_1_35' title="bbox 2025 1709 3596 1784; baseline -0.004 -17"><span class='ocrx_word' id='word_1_272' title='bbox 2025 1713 2358 1784; x_wconf 77' lang='grc' dir='ltr'>γραμμάτων</span> <span class='ocrx_word' id='word_1_273' title='bbox 2383 1714 2432 1782; x_wconf 83' lang='grc' dir='ltr'>οἱ</span> <span class='ocrx_word' id='word_1_274' title='bbox 2461 1713 2642 1784; x_wconf 89' lang='grc' dir='ltr'>χρόνοι</span> <span class='ocrx_word' id='word_1_275' title='bbox 2695 1712 2991 1783; x_wconf 83' lang='grc' dir='ltr'>κρίνονται·</span> <span class='ocrx_word' id='word_1_276' title='bbox 3022 1710 3234 1782; x_wconf 82' lang='grc' dir='ltr'>ἀνάγκη</span> <span class='ocrx_word' id='word_1_277' title='bbox 3259 1710 3421 1765; x_wconf 88' lang='grc' dir='ltr'>πάλιν</span> <span class='ocrx_word' id='word_1_278' title='bbox 3452 1709 3596 1765; x_wconf 83' lang='grc' dir='ltr'>νεώ-</span> 
     </span>
    </p>
   </div>
   <div class='ocr_carea' id='block_1_36' title="bbox 343 1806 1914 1885">
    <p class='ocr_par' dir='ltr' id='par_1_36' title="bbox 343 1806 1914 1885">
     <span class='ocr_line' id='line_1_36' title="bbox 343 1806 1914 1885; baseline -0.004 -19"><span class='ocrx_word' id='word_1_279' title='bbox 343 1810 609 1885; x_wconf 70' lang='lat' dir='ltr'><strong>tinentur,</strong></span> <span class='ocrx_word' id='word_1_280' title='bbox 633 1811 934 1868; x_wconf 88' lang='lat' dir='ltr'><strong>recentiora</strong></span> <span class='ocrx_word' id='word_1_281' title='bbox 973 1821 1120 1878; x_wconf 88' lang='lat' dir='ltr'><strong>sunt,</strong></span> <span class='ocrx_word' id='word_1_282' title='bbox 1167 1811 1440 1881; x_wconf 89' lang='lat' dir='ltr'><strong>velintque</strong></span> <span class='ocrx_word' id='word_1_283' title='bbox 1468 1824 1535 1865; x_wconf 82' lang='lat' dir='ltr'><strong>ex</strong></span> <span class='ocrx_word' id='word_1_284' title='bbox 1563 1808 1764 1864; x_wconf 91' lang='lat' dir='ltr'><strong>divinis</strong></span> <span class='ocrx_word' id='word_1_285' title='bbox 1798 1806 1914 1860; x_wconf 91' lang='lat' dir='ltr'><strong>Lit-</strong></span> 
     </span>
    </p>
   </div>
   <div class='ocr_carea' id='block_1_37' title="bbox 340 1901 1917 1981">
    <p class='ocr_par' dir='ltr' id='par_1_37' title="bbox 340 1901 1917 1981">
     <span class='ocr_line' id='line_1_37' title="bbox 340 1901 1917 1981; baseline -0.003 -23"><span class='ocrx_word' id='word_1_286' title='bbox 340 1901 480 1978; x_wconf 72' lang='lat' dir='ltr'><strong>teris</strong></span> <span class='ocrx_word' id='word_1_287' title='bbox 514 1912 757 1981; x_wconf 83' lang='lat' dir='ltr'><strong>tempora</strong></span> <span class='ocrx_word' id='word_1_288' title='bbox 805 1902 1086 1966; x_wconf 73' lang='lat' dir='ltr'><strong>aestimari,</strong></span> <span class='ocrx_word' id='word_1_289' title='bbox 1123 1915 1347 1957; x_wconf 91' lang='lat' dir='ltr'><strong>necesse</strong></span> <span class='ocrx_word' id='word_1_290' title='bbox 1377 1913 1509 1956; x_wconf 87' lang='lat' dir='ltr'><strong>sane</strong></span> <span class='ocrx_word' id='word_1_291' title='bbox 1539 1909 1626 1955; x_wconf 90' lang='lat' dir='ltr'><strong>est</strong></span> <span class='ocrx_word' id='word_1_292' title='bbox 1663 1901 1765 1954; x_wconf 85' lang='lat' dir='ltr'><strong>ista</strong></span> <span class='ocrx_word' id='word_1_293' title='bbox 1797 1914 1917 1954; x_wconf 90' lang='lat' dir='ltr'><strong>esse</strong></span> 
     </span>
    </p>
   </div>
   <div class='ocr_carea' id='block_1_38' title="bbox 344 1992 1913 2063">
    <p class='ocr_par' dir='ltr' id='par_1_38' title="bbox 344 1992 1913 2063">
     <span class='ocr_line' id='line_1_38' title="bbox 344 1992 1913 2063; baseline -0.003 -14"><span class='ocrx_word' id='word_1_294' title='bbox 344 1993 673 2060; x_wconf 86' lang='lat' dir='ltr'><strong>recentiora,</strong></span> <span class='ocrx_word' id='word_1_295' title='bbox 722 2009 938 2063; x_wconf 86' lang='lat' dir='ltr'><strong>nempe,</strong></span> <span class='ocrx_word' id='word_1_296' title='bbox 974 1993 1090 2063; x_wconf 87' lang='lat' dir='ltr'><strong>Ego</strong></span> <span class='ocrx_word' id='word_1_297' title='bbox 1135 2003 1187 2048; x_wconf 92' lang='lat' dir='ltr'><strong>et</strong></span> <span class='ocrx_word' id='word_1_298' title='bbox 1229 1992 1395 2048; x_wconf 87' lang='lat' dir='ltr'><strong>Pater</strong></span> <span class='ocrx_word' id='word_1_299' title='bbox 1438 2009 1604 2047; x_wconf 90' lang='lat' dir='ltr'><strong>unum</strong></span> <span class='ocrx_word' id='word_1_300' title='bbox 1643 2009 1823 2047; x_wconf 87' lang='lat' dir='ltr'><strong>sumus</strong></span> <span class='ocrx_word' id='word_1_301' title='bbox 1846 1992 1913 2057; x_wconf 75' lang='grc'><strong>⁸³,</strong></span> 
     </span>
    </p>
   </div>
   <div class='ocr_carea' id='block_1_39' title="bbox 348 2083 1916 2158">
    <p class='ocr_par' dir='ltr' id='par_1_39' title="bbox 348 2083 1916 2158">
     <span class='ocr_line' id='line_1_39' title="bbox 348 2083 1916 2158; baseline 0 -20"><span class='ocrx_word' id='word_1_302' title='bbox 348 2083 660 2158; x_wconf 67' lang='lat' dir='ltr'><strong>Unigenitus</strong></span> <span class='ocrx_word' id='word_1_303' title='bbox 682 2085 750 2152; x_wconf 75' lang='lat'><strong>“,</strong></span> <span class='ocrx_word' id='word_1_304' title='bbox 801 2084 908 2150; x_wconf 84' lang='lat' dir='ltr'><strong>Qui</strong></span> <span class='ocrx_word' id='word_1_305' title='bbox 955 2086 1086 2139; x_wconf 82' lang='lat' dir='ltr'><strong>vidit</strong></span> <span class='ocrx_word' id='word_1_306' title='bbox 1129 2101 1232 2152; x_wconf 87' lang='lat' dir='ltr'><strong>me,</strong></span> <span class='ocrx_word' id='word_1_307' title='bbox 1262 2084 1392 2139; x_wconf 83' lang='lat' dir='ltr'><strong>vidit</strong></span> <span class='ocrx_word' id='word_1_308' title='bbox 1436 2084 1655 2139; x_wconf 85' lang='lat' dir='ltr'><strong>Patrem</strong></span> <span class='ocrx_word' id='word_1_309' title='bbox 1680 2085 1748 2140; x_wconf 79' lang='lat'><strong>&quot;.</strong></span> <span class='ocrx_word' id='word_1_310' title='bbox 1797 2083 1916 2140; x_wconf 87' lang='lat' dir='ltr'><strong>Non</strong></span> 
     </span>
    </p>
   </div>
   <div class='ocr_carea' id='block_1_40' title="bbox 345 2175 1914 2245">
    <p class='ocr_par' dir='ltr' id='par_1_40' title="bbox 345 2175 1914 2245">
     <span class='ocr_line' id='line_1_40' title="bbox 345 2175 1914 2245; baseline -0.001 -11"><span class='ocrx_word' id='word_1_311' title='bbox 345 2177 494 2234; x_wconf 85' lang='lat' dir='ltr'><strong>enim</strong></span> <span class='ocrx_word' id='word_1_312' title='bbox 528 2193 597 2232; x_wconf 82' lang='lat' dir='ltr'><strong>ex</strong></span> <span class='ocrx_word' id='word_1_313' title='bbox 623 2176 804 2233; x_wconf 85' lang='lat' dir='ltr'><strong>Veteri</strong></span> <span class='ocrx_word' id='word_1_314' title='bbox 831 2177 1201 2245; x_wconf 80' lang='lat' dir='ltr'><strong>Testamento,</strong></span> <span class='ocrx_word' id='word_1_315' title='bbox 1231 2178 1327 2233; x_wconf 85' lang='lat' dir='ltr'><strong>sed</strong></span> <span class='ocrx_word' id='word_1_316' title='bbox 1355 2193 1418 2232; x_wconf 79' lang='lat' dir='ltr'><strong>ex</strong></span> <span class='ocrx_word' id='word_1_317' title='bbox 1441 2175 1594 2233; x_wconf 86' lang='lat' dir='ltr'><strong>Novo</strong></span> <span class='ocrx_word' id='word_1_318' title='bbox 1619 2175 1734 2232; x_wconf 68' lang='lat' dir='ltr'><strong>haec</strong></span> <span class='ocrx_word' id='word_1_319' title='bbox 1760 2177 1914 2232; x_wconf 88' lang='lat' dir='ltr'><strong>testi-</strong></span> 
     </span>
    </p>
   </div>
   <div class='ocr_carea' id='block_1_41' title="bbox 344 2267 936 2341">
    <p class='ocr_par' dir='ltr' id='par_1_41' title="bbox 344 2267 936 2341">
     <span class='ocr_line' id='line_1_41' title="bbox 344 2267 936 2341; baseline 0.005 -19"><span class='ocrx_word' id='word_1_320' title='bbox 344 2268 532 2323; x_wconf 88' lang='lat' dir='ltr'><strong>monia</strong></span> <span class='ocrx_word' id='word_1_321' title='bbox 562 2267 936 2341; x_wconf 81' lang='lat' dir='ltr'><strong>proferuntur.</strong></span> 
     </span>
    </p>
   </div>
   <div class='ocr_carea' id='block_1_42' title="bbox 415 2357 1916 2429">
    <p class='ocr_par' dir='ltr' id='par_1_42' title="bbox 415 2357 1916 2429">
     <span class='ocr_line' id='line_1_42' title="bbox 415 2357 1916 2429; baseline 0.001 -17"><span class='ocrx_word' id='word_1_322' title='bbox 415 2357 509 2414; x_wconf 68' lang='grc'><strong>24.</strong></span> <span class='ocrx_word' id='word_1_323' title='bbox 538 2359 704 2429; x_wconf 86' lang='lat' dir='ltr'><strong>Atqui</strong></span> <span class='ocrx_word' id='word_1_324' title='bbox 732 2374 839 2414; x_wconf 92' lang='lat' dir='ltr'><strong>non</strong></span> <span class='ocrx_word' id='word_1_325' title='bbox 871 2358 947 2414; x_wconf 91' lang='lat' dir='ltr'><strong>ita</strong></span> <span class='ocrx_word' id='word_1_326' title='bbox 985 2368 1088 2420; x_wconf 86' lang='lat' dir='ltr'><strong>est.</strong></span> <span class='ocrx_word' id='word_1_327' title='bbox 1118 2359 1213 2416; x_wconf 89' lang='lat' dir='ltr'><strong>sed</strong></span> <span class='ocrx_word' id='word_1_328' title='bbox 1237 2361 1405 2415; x_wconf 85' lang='lat' dir='ltr'><strong>etiam</strong></span> <span class='ocrx_word' id='word_1_329' title='bbox 1429 2375 1617 2417; x_wconf 86' lang='lat' dir='ltr'><strong>revera</strong></span> <span class='ocrx_word' id='word_1_330' title='bbox 1651 2361 1707 2416; x_wconf 91' lang='lat' dir='ltr'><strong>in</strong></span> <span class='ocrx_word' id='word_1_331' title='bbox 1734 2359 1916 2416; x_wconf 87' lang='lat' dir='ltr'><strong>Veteri</strong></span> 
     </span>
    </p>
   </div>
   <div class='ocr_carea' id='block_1_43' title="bbox 345 2446 1917 2522">
    <p class='ocr_par' dir='ltr' id='par_1_43' title="bbox 345 2446 1917 2522">
     <span class='ocr_line' id='line_1_43' title="bbox 345 2446 1917 2522; baseline 0.004 -21"><span class='ocrx_word' id='word_1_332' title='bbox 345 2446 701 2505; x_wconf 88' lang='lat' dir='ltr'><strong>Testamento</strong></span> <span class='ocrx_word' id='word_1_333' title='bbox 725 2450 896 2505; x_wconf 83' lang='lat' dir='ltr'><strong>multa</strong></span> <span class='ocrx_word' id='word_1_334' title='bbox 925 2451 993 2505; x_wconf 92' lang='lat' dir='ltr'><strong>de</strong></span> <span class='ocrx_word' id='word_1_335' title='bbox 1019 2450 1160 2506; x_wconf 85' lang='lat' dir='ltr'><strong>Filio</strong></span> <span class='ocrx_word' id='word_1_336' title='bbox 1187 2460 1501 2516; x_wconf 88' lang='lat' dir='ltr'><strong>occurrunt,</strong></span> <span class='ocrx_word' id='word_1_337' title='bbox 1535 2451 1674 2506; x_wconf 90' lang='lat' dir='ltr'><strong>utin</strong></span> <span class='ocrx_word' id='word_1_338' title='bbox 1703 2452 1917 2522; x_wconf 88' lang='lat' dir='ltr'><strong>psalmo</strong></span> 
     </span>
    </p>
   </div>
   <div class='ocr_carea' id='block_1_44' title="bbox 346 2542 1916 2615">
    <p class='ocr_par' dir='ltr' id='par_1_44' title="bbox 346 2542 1916 2615">
     <span class='ocr_line' id='line_1_44' title="bbox 346 2542 1916 2615; baseline 0.002 -18"><span class='ocrx_word' id='word_1_339' title='bbox 346 2542 590 2598; x_wconf 84' lang='lat' dir='ltr'><strong>secundo</strong></span> <span class='ocrx_word' id='word_1_340' title='bbox 614 2561 626 2597; x_wconf 89' lang='lat'><strong>:</strong></span> <span class='ocrx_word' id='word_1_341' title='bbox 655 2542 833 2597; x_wconf 84' lang='lat' dir='ltr'><strong>Filius</strong></span> <span class='ocrx_word' id='word_1_342' title='bbox 859 2559 1000 2598; x_wconf 77' lang='lat' dir='ltr'><strong>meus</strong></span> <span class='ocrx_word' id='word_1_343' title='bbox 1022 2561 1076 2599; x_wconf 89' lang='lat' dir='ltr'><strong>es</strong></span> <span class='ocrx_word' id='word_1_344' title='bbox 1105 2553 1182 2609; x_wconf 90' lang='lat' dir='ltr'><strong>tu,</strong></span> <span class='ocrx_word' id='word_1_345' title='bbox 1209 2561 1300 2614; x_wconf 93' lang='lat' dir='ltr'><strong>ego</strong></span> <span class='ocrx_word' id='word_1_346' title='bbox 1322 2545 1474 2599; x_wconf 82' lang='lat' dir='ltr'><strong>hodie</strong></span> <span class='ocrx_word' id='word_1_347' title='bbox 1501 2545 1659 2615; x_wconf 90' lang='lat' dir='ltr'><strong>genui</strong></span> <span class='ocrx_word' id='word_1_348' title='bbox 1682 2554 1730 2600; x_wconf 88' lang='lat' dir='ltr'><strong>te</strong></span> <span class='ocrx_word' id='word_1_349' title='bbox 1752 2547 1830 2612; x_wconf 83' lang='lat'><strong>&quot;;</strong></span> <span class='ocrx_word' id='word_1_350' title='bbox 1862 2554 1916 2600; x_wconf 86' lang='lat' dir='ltr'><strong>et</strong></span> 
     </span>
    </p>
   </div>
   <div class='ocr_carea' id='block_1_45' title="bbox 345 2632 1914 2707">
    <p class='ocr_par' dir='ltr' id='par_1_45' title="bbox 345 2632 1914 2707">
     <span class='ocr_line' id='line_1_45' title="bbox 345 2632 1914 2707; baseline 0.002 -20"><span class='ocrx_word' id='word_1_351' title='bbox 345 2632 404 2687; x_wconf 88' lang='lat' dir='ltr'><strong>in</strong></span> <span class='ocrx_word' id='word_1_352' title='bbox 449 2648 598 2688; x_wconf 88' lang='lat' dir='ltr'><strong>nono</strong></span> <span class='ocrx_word' id='word_1_353' title='bbox 637 2634 940 2704; x_wconf 88' lang='lat' dir='ltr'><strong>inscriptio,</strong></span> <span class='ocrx_word' id='word_1_354' title='bbox 991 2633 1057 2690; x_wconf 87' lang='lat' dir='ltr'><strong>In</strong></span> <span class='ocrx_word' id='word_1_355' title='bbox 1109 2637 1266 2705; x_wconf 92' lang='lat' dir='ltr'><strong>ﬁnem</strong></span> <span class='ocrx_word' id='word_1_356' title='bbox 1313 2652 1411 2707; x_wconf 84' lang='lat' dir='ltr'><strong>pro</strong></span> <span class='ocrx_word' id='word_1_357' title='bbox 1465 2636 1688 2690; x_wconf 75' lang='lat' dir='ltr'><strong>occultis</strong></span> <span class='ocrx_word' id='word_1_358' title='bbox 1740 2635 1914 2701; x_wconf 82' lang='lat' dir='ltr'><strong>Filii,</strong></span> 
     </span>
    </p>
   </div>
   <div class='ocr_carea' id='block_1_46' title="bbox 345 2724 1918 2810">
    <p class='ocr_par' dir='ltr' id='par_1_46' title="bbox 345 2724 1918 2810">
     <span class='ocr_line' id='line_1_46' title="bbox 345 2724 1918 2810; baseline 0.003 -32"><span class='ocrx_word' id='word_1_359' title='bbox 345 2724 580 2796; x_wconf 81' lang='lat' dir='ltr'><strong>psalmus</strong></span> <span class='ocrx_word' id='word_1_360' title='bbox 630 2724 803 2780; x_wconf 85' lang='lat' dir='ltr'><strong>David</strong></span> <span class='ocrx_word' id='word_1_361' title='bbox 820 2727 910 2782; x_wconf 68' lang='grc' dir='ltr'><strong>’τε</strong></span> <span class='ocrx_word' id='word_1_362' title='bbox 951 2738 1006 2782; x_wconf 90' lang='lat' dir='ltr'><strong>et</strong></span> <span class='ocrx_word' id='word_1_363' title='bbox 1054 2728 1110 2781; x_wconf 91' lang='lat' dir='ltr'><strong>in</strong></span> <span class='ocrx_word' id='word_1_364' title='bbox 1151 2727 1576 2810; x_wconf 80' lang='lat' dir='ltr'><strong>quadragesimo</strong></span> <span class='ocrx_word' id='word_1_365' title='bbox 1603 2737 1820 2800; x_wconf 90' lang='lat' dir='ltr'><strong>quarto,</strong></span> <span class='ocrx_word' id='word_1_366' title='bbox 1849 2727 1918 2782; x_wconf 84' lang='lat' dir='ltr'><strong>In</strong></span> 
     </span>
    </p>
   </div>
   <div class='ocr_carea' id='block_1_47' title="bbox 345 2818 1918 2890">
    <p class='ocr_par' dir='ltr' id='par_1_47' title="bbox 345 2818 1918 2890">
     <span class='ocr_line' id='line_1_47' title="bbox 345 2818 1918 2890; baseline 0.001 -18"><span class='ocrx_word' id='word_1_367' title='bbox 345 2818 505 2887; x_wconf 86' lang='lat' dir='ltr'><strong>ﬁnem</strong></span> <span class='ocrx_word' id='word_1_368' title='bbox 528 2833 622 2887; x_wconf 83' lang='lat' dir='ltr'><strong>pro</strong></span> <span class='ocrx_word' id='word_1_369' title='bbox 644 2818 713 2872; x_wconf 89' lang='lat' dir='ltr'><strong>iis</strong></span> <span class='ocrx_word' id='word_1_370' title='bbox 742 2819 834 2889; x_wconf 85' lang='lat' dir='ltr'><strong>qui</strong></span> <span class='ocrx_word' id='word_1_371' title='bbox 875 2821 1360 2888; x_wconf 81' lang='lat' dir='ltr'><strong>commutabantur,</strong></span> <span class='ocrx_word' id='word_1_372' title='bbox 1384 2820 1512 2890; x_wconf 87' lang='lat' dir='ltr'><strong>ﬁliis</strong></span> <span class='ocrx_word' id='word_1_373' title='bbox 1553 2819 1705 2888; x_wconf 83' lang='lat' dir='ltr'><strong>Core,</strong></span> <span class='ocrx_word' id='word_1_374' title='bbox 1743 2820 1810 2873; x_wconf 88' lang='lat' dir='ltr'><strong>ad</strong></span> <span class='ocrx_word' id='word_1_375' title='bbox 1835 2823 1918 2874; x_wconf 88' lang='lat' dir='ltr'><strong>in-</strong></span> 
     </span>
    </p>
   </div>
   <div class='ocr_carea' id='block_1_48' title="bbox 347 2906 1914 2981">
    <p class='ocr_par' dir='ltr' id='par_1_48' title="bbox 347 2906 1914 2981">
     <span class='ocr_line' id='line_1_48' title="bbox 347 2906 1914 2981; baseline 0.003 -21"><span class='ocrx_word' id='word_1_376' title='bbox 347 2906 634 2974; x_wconf 80' lang='lat' dir='ltr'><strong>tellectum,</strong></span> <span class='ocrx_word' id='word_1_377' title='bbox 664 2910 931 2962; x_wconf 84' lang='lat' dir='ltr'><strong>canticum</strong></span> <span class='ocrx_word' id='word_1_378' title='bbox 955 2925 1049 2978; x_wconf 87' lang='lat' dir='ltr'><strong>pro</strong></span> <span class='ocrx_word' id='word_1_379' title='bbox 1075 2910 1282 2964; x_wconf 87' lang='lat' dir='ltr'><strong>Dilecto</strong></span> <span class='ocrx_word' id='word_1_380' title='bbox 1303 2911 1348 2944; x_wconf 73' lang='grc'><strong>³⁸</strong></span> <span class='ocrx_word' id='word_1_381' title='bbox 1376 2929 1391 2966; x_wconf 87' lang='lat'><strong>:</strong></span> <span class='ocrx_word' id='word_1_382' title='bbox 1433 2919 1488 2966; x_wconf 87' lang='lat' dir='ltr'><strong>et</strong></span> <span class='ocrx_word' id='word_1_383' title='bbox 1520 2911 1664 2981; x_wconf 85' lang='lat' dir='ltr'><strong>apud</strong></span> <span class='ocrx_word' id='word_1_384' title='bbox 1695 2912 1914 2978; x_wconf 83' lang='lat' dir='ltr'><strong>Isaiam,</strong></span> 
     </span>
    </p>
   </div>
   <div class='ocr_carea' id='block_1_49' title="bbox 348 2995 1916 3074">
    <p class='ocr_par' dir='ltr' id='par_1_49' title="bbox 348 2995 1916 3074">
     <span class='ocr_line' id='line_1_49' title="bbox 348 2995 1916 3074; baseline 0.004 -22"><span class='ocrx_word' id='word_1_385' title='bbox 348 2995 588 3052; x_wconf 89' lang='lat' dir='ltr'><strong>Cantabo</strong></span> <span class='ocrx_word' id='word_1_386' title='bbox 625 2996 816 3053; x_wconf 82' lang='lat' dir='ltr'><strong>dilecto</strong></span> <span class='ocrx_word' id='word_1_387' title='bbox 861 3001 1126 3054; x_wconf 87' lang='lat' dir='ltr'><strong>canticum</strong></span> <span class='ocrx_word' id='word_1_388' title='bbox 1152 3000 1342 3056; x_wconf 86' lang='lat' dir='ltr'><strong>Dilecti</strong></span> <span class='ocrx_word' id='word_1_389' title='bbox 1388 3003 1550 3057; x_wconf 71' lang='lat' dir='ltr'><strong>uinea:</strong></span> <span class='ocrx_word' id='word_1_390' title='bbox 1575 3018 1723 3056; x_wconf 70' lang='lat' dir='ltr'><strong>meae.</strong></span> <span class='ocrx_word' id='word_1_391' title='bbox 1755 3001 1916 3074; x_wconf 67' lang='lat' dir='ltr'><strong>5(MI</strong></span> 
     </span>
    </p>
   </div>
   <div class='ocr_carea' id='block_1_50' title="bbox 2016 1801 3596 1878">
    <p class='ocr_par' dir='ltr' id='par_1_50' title="bbox 2016 1801 3596 1878">
     <span class='ocr_line' id='line_1_50' title="bbox 2016 1801 3596 1878; baseline -0.001 -20"><span class='ocrx_word' id='word_1_392' title='bbox 2016 1822 2154 1878; x_wconf 90' lang='grc' dir='ltr'>τερα</span> <span class='ocrx_word' id='word_1_393' title='bbox 2175 1801 2315 1858; x_wconf 83' lang='grc' dir='ltr'>εἶναι</span> <span class='ocrx_word' id='word_1_394' title='bbox 2348 1805 2430 1870; x_wconf 83' lang='grc' dir='ltr'><strong>τὸ,</strong></span> <span class='ocrx_word' id='word_1_395' title='bbox 2469 1804 2610 1875; x_wconf 81' lang='grc' dir='ltr'><strong>Ἐγὼ</strong></span> <span class='ocrx_word' id='word_1_396' title='bbox 2641 1804 2740 1858; x_wconf 82' lang='grc' dir='ltr'>καὶ</span> <span class='ocrx_word' id='word_1_397' title='bbox 2768 1807 2801 1857; x_wconf 88' lang='grc' dir='ltr'><em>ὁ</em></span> <span class='ocrx_word' id='word_1_398' title='bbox 2847 1802 3049 1872; x_wconf 79' lang='grc' dir='ltr'>Πατὴρ</span> <span class='ocrx_word' id='word_1_399' title='bbox 3075 1803 3145 1857; x_wconf 76' lang='grc' dir='ltr'><strong>ἓν</strong></span> <span class='ocrx_word' id='word_1_400' title='bbox 3175 1804 3381 1873; x_wconf 81' lang='grc' dir='ltr'><strong>ἐσμεν·</strong></span> <span class='ocrx_word' id='word_1_401' title='bbox 3413 1802 3475 1857; x_wconf 84' lang='grc' dir='ltr'><strong>τό</strong></span> <span class='ocrx_word' id='word_1_402' title='bbox 3507 1821 3596 1866; x_wconf 89' lang='grc' dir='ltr'><strong>τε,</strong></span> 
     </span>
    </p>
   </div>
   <div class='ocr_carea' id='block_1_51' title="bbox 2015 1880 3601 1965">
    <p class='ocr_par' dir='ltr' id='par_1_51' title="bbox 2015 1880 3601 1965">
     <span class='ocr_line' id='line_1_51' title="bbox 2015 1880 3601 1965; baseline -0.003 -15"><span class='ocrx_word' id='word_1_403' title='bbox 2015 1880 2384 1965; x_wconf 75' lang='grc' dir='ltr'>Μονογενής·</span> <span class='ocrx_word' id='word_1_404' title='bbox 2420 1897 2516 1950; x_wconf 83' lang='grc' dir='ltr'>καὶ</span> <span class='ocrx_word' id='word_1_405' title='bbox 2569 1897 2652 1962; x_wconf 81' lang='grc' dir='ltr'>τὸ,</span> <span class='ocrx_word' id='word_1_406' title='bbox 2701 1896 2762 1948; x_wconf 89' lang='lat'><strong>&#39;0</strong></span> <span class='ocrx_word' id='word_1_407' title='bbox 2790 1893 3060 1963; x_wconf 78' lang='grc' dir='ltr'>ἑωρακὼς</span> <span class='ocrx_word' id='word_1_408' title='bbox 3081 1895 3203 1964; x_wconf 84' lang='grc' dir='ltr'>ἐμὲ,</span> <span class='ocrx_word' id='word_1_409' title='bbox 3229 1895 3452 1963; x_wconf 81' lang='grc' dir='ltr'>ἑώρακε</span> <span class='ocrx_word' id='word_1_410' title='bbox 3483 1894 3601 1946; x_wconf 72' lang='grc' dir='ltr'>τὸν·</span> 
     </span>
    </p>
   </div>
   <div class='ocr_carea' id='block_1_52' title="bbox 2016 1970 3601 2068">
    <p class='ocr_par' dir='ltr' id='par_1_52' title="bbox 2016 1970 3601 2068">
     <span class='ocr_line' id='line_1_52' title="bbox 2016 1970 3601 2068; baseline -0.001 -26"><span class='ocrx_word' id='word_1_411' title='bbox 2016 1987 2266 2056; x_wconf 82' lang='grc' dir='ltr'>Πατέρα’</span> <span class='ocrx_word' id='word_1_412' title='bbox 2297 1970 2359 2041; x_wconf 72' lang='grc' dir='ltr'><strong>οὗ</strong></span> <span class='ocrx_word' id='word_1_413' title='bbox 2380 1989 2488 2068; x_wconf 82' lang='grc' dir='ltr'>γὰρ</span> <span class='ocrx_word' id='word_1_414' title='bbox 2517 1989 2580 2042; x_wconf 84' lang='grc' dir='ltr'>ὲκ</span> <span class='ocrx_word' id='word_1_415' title='bbox 2607 1987 2706 2066; x_wconf 79' lang='grc' dir='ltr'><strong>τῆς</strong></span> <span class='ocrx_word' id='word_1_416' title='bbox 2739 1987 2999 2060; x_wconf 78' lang='grc' dir='ltr'>Παλαιᾶς,</span> <span class='ocrx_word' id='word_1_417' title='bbox 3028 1987 3141 2041; x_wconf 80' lang='grc' dir='ltr'>ἀλλ’</span> <span class='ocrx_word' id='word_1_418' title='bbox 3173 1989 3238 2041; x_wconf 74' lang='grc' dir='ltr'>ἐκ</span> <span class='ocrx_word' id='word_1_419' title='bbox 3264 1987 3364 2060; x_wconf 78' lang='grc' dir='ltr'><strong>τῆς</strong></span> <span class='ocrx_word' id='word_1_420' title='bbox 3381 1988 3601 2057; x_wconf 77' lang='grc' dir='ltr'>Καινῆς</span> 
     </span>
    </p>
   </div>
   <div class='ocr_carea' id='block_1_53' title="bbox 2013 2078 2594 2153">
    <p class='ocr_par' dir='ltr' id='par_1_53' title="bbox 2013 2078 2594 2153">
     <span class='ocr_line' id='line_1_53' title="bbox 2013 2078 2594 2153; baseline 0.003 -22"><span class='ocrx_word' id='word_1_421' title='bbox 2013 2078 2188 2132; x_wconf 76' lang='grc' dir='ltr'>ταῦτα</span> <span class='ocrx_word' id='word_1_422' title='bbox 2222 2081 2594 2153; x_wconf 74' lang='grc' dir='ltr'>μαρτυρεῖται.</span> 
     </span>
    </p>
   </div>
   <div class='ocr_carea' id='block_1_54' title="bbox 2085 2356 3597 2432">
    <p class='ocr_par' dir='ltr' id='par_1_54' title="bbox 2085 2356 3597 2432">
     <span class='ocr_line' id='line_1_54' title="bbox 2085 2356 3597 2432; baseline 0.002 -21"><span class='ocrx_word' id='word_1_423' title='bbox 2085 2357 2174 2411; x_wconf 72' lang='grc'><strong>24.</strong></span> <span class='ocrx_word' id='word_1_424' title='bbox 2210 2358 2283 2412; x_wconf 85' lang='grc' dir='ltr'><strong>Οὐ</strong></span> <span class='ocrx_word' id='word_1_425' title='bbox 2321 2356 2426 2429; x_wconf 80' lang='grc' dir='ltr'>μὴν</span> <span class='ocrx_word' id='word_1_426' title='bbox 2460 2357 2536 2423; x_wconf 83' lang='grc' dir='ltr'><strong>δὲ,</strong></span> <span class='ocrx_word' id='word_1_427' title='bbox 2591 2357 2705 2416; x_wconf 83' lang='grc' dir='ltr'>ἀλλ’</span> <span class='ocrx_word' id='word_1_428' title='bbox 2732 2358 2946 2430; x_wconf 83' lang='grc' dir='ltr'>άληθῶς</span> <span class='ocrx_word' id='word_1_429' title='bbox 3003 2360 3099 2414; x_wconf 77' lang='grc' dir='ltr'>καὶ</span> <span class='ocrx_word' id='word_1_430' title='bbox 3136 2361 3197 2415; x_wconf 82' lang='grc' dir='ltr'>ὲν</span> <span class='ocrx_word' id='word_1_431' title='bbox 3226 2363 3293 2432; x_wconf 80' lang='grc' dir='ltr'>τῇ</span> <span class='ocrx_word' id='word_1_432' title='bbox 3331 2359 3444 2429; x_wconf 83' lang='grc'>(60)</span> <span class='ocrx_word' id='word_1_433' title='bbox 3475 2362 3597 2414; x_wconf 85' lang='grc' dir='ltr'><strong>Πα-</strong></span> 
     </span>
    </p>
   </div>
   <div class='ocr_carea' id='block_1_55' title="bbox 2015 2446 3598 2525">
    <p class='ocr_par' dir='ltr' id='par_1_55' title="bbox 2015 2446 3598 2525">
     <span class='ocr_line' id='line_1_55' title="bbox 2015 2446 3598 2525; baseline 0.003 -24"><span class='ocrx_word' id='word_1_434' title='bbox 2015 2446 2142 2520; x_wconf 80' lang='grc' dir='ltr'>λαιᾷ</span> <span class='ocrx_word' id='word_1_435' title='bbox 2166 2451 2293 2521; x_wconf 80' lang='grc' dir='ltr'>περὶ</span> <span class='ocrx_word' id='word_1_436' title='bbox 2312 2450 2442 2504; x_wconf 80' lang='grc' dir='ltr'>Υἱοῦ</span> <span class='ocrx_word' id='word_1_437' title='bbox 2476 2450 2646 2504; x_wconf 84' lang='grc' dir='ltr'>πολλὰ</span> <span class='ocrx_word' id='word_1_438' title='bbox 2685 2451 2921 2520; x_wconf 72' lang='grc' dir='ltr'>λέγεταιο</span> <span class='ocrx_word' id='word_1_439' title='bbox 2980 2447 3092 2506; x_wconf 71' lang='grc' dir='ltr'>οἷον</span> <span class='ocrx_word' id='word_1_440' title='bbox 3136 2453 3194 2511; x_wconf 79' lang='grc' dir='ltr'>ὲν</span> <span class='ocrx_word' id='word_1_441' title='bbox 3240 2452 3318 2523; x_wconf 78' lang='grc' dir='ltr'>τῷ</span> <span class='ocrx_word' id='word_1_442' title='bbox 3353 2453 3598 2525; x_wconf 77' lang='grc' dir='ltr'>δευτέρῳ</span> 
     </span>
    </p>
   </div>
   <div class='ocr_carea' id='block_1_56' title="bbox 2015 2539 3597 2616">
    <p class='ocr_par' dir='ltr' id='par_1_56' title="bbox 2015 2539 3597 2616">
     <span class='ocr_line' id='line_1_56' title="bbox 2015 2539 3597 2616; baseline 0.003 -22"><span class='ocrx_word' id='word_1_443' title='bbox 2015 2539 2214 2612; x_wconf 82' lang='grc' dir='ltr'>ψαλμῷ</span> <span class='ocrx_word' id='word_1_444' title='bbox 2242 2541 2323 2607; x_wconf 83' lang='grc' dir='ltr'>τὸ,</span> <span class='ocrx_word' id='word_1_445' title='bbox 2364 2543 2495 2608; x_wconf 80' lang='grc' dir='ltr'>Υἱός</span> <span class='ocrx_word' id='word_1_446' title='bbox 2516 2560 2636 2613; x_wconf 82' lang='grc' dir='ltr'><strong>μου</strong></span> <span class='ocrx_word' id='word_1_447' title='bbox 2661 2539 2720 2596; x_wconf 83' lang='grc' dir='ltr'>εἴ</span> <span class='ocrx_word' id='word_1_448' title='bbox 2743 2544 2823 2598; x_wconf 88' lang='grc' dir='ltr'>σὺ</span> <span class='ocrx_word' id='word_1_449' title='bbox 2851 2543 2986 2616; x_wconf 87' lang='grc'>(61),</span> <span class='ocrx_word' id='word_1_450' title='bbox 3035 2544 3150 2615; x_wconf 73' lang='grc' dir='ltr'><strong>ἐγὼ</strong></span> <span class='ocrx_word' id='word_1_451' title='bbox 3197 2543 3466 2615; x_wconf 77' lang='grc' dir='ltr'>σήμερον</span> <span class='ocrx_word' id='word_1_452' title='bbox 3497 2562 3597 2615; x_wconf 83' lang='grc' dir='ltr'>γε·</span> 
     </span>
    </p>
   </div>
   <div class='ocr_carea' id='block_1_57' title="bbox 2017 2631 3600 2708">
    <p class='ocr_par' dir='ltr' id='par_1_57' title="bbox 2017 2631 3600 2708">
     <span class='ocr_line' id='line_1_57' title="bbox 2017 2631 3600 2708; baseline 0.001 -22"><span class='ocrx_word' id='word_1_453' title='bbox 2017 2631 2280 2703; x_wconf 82' lang='grc' dir='ltr'><strong>γέννηκά</strong></span> <span class='ocrx_word' id='word_1_454' title='bbox 2302 2650 2396 2687; x_wconf 74' lang='grc' dir='ltr'>σε’</span> <span class='ocrx_word' id='word_1_455' title='bbox 2428 2635 2522 2687; x_wconf 77' lang='grc' dir='ltr'><strong>καὶ</strong></span> <span class='ocrx_word' id='word_1_456' title='bbox 2579 2635 2636 2688; x_wconf 76' lang='grc' dir='ltr'>ἐν</span> <span class='ocrx_word' id='word_1_457' title='bbox 2681 2633 2761 2706; x_wconf 76' lang='grc' dir='ltr'>τῷ</span> <span class='ocrx_word' id='word_1_458' title='bbox 2811 2637 3014 2708; x_wconf 84' lang='grc' dir='ltr'>ὲννάτῳ</span> <span class='ocrx_word' id='word_1_459' title='bbox 3059 2637 3094 2708; x_wconf 80' lang='grc' dir='ltr'>ἡ</span> <span class='ocrx_word' id='word_1_460' title='bbox 3145 2635 3445 2708; x_wconf 75' lang='grc' dir='ltr'>ἐπιγραφὴ,</span> <span class='ocrx_word' id='word_1_461' title='bbox 3491 2638 3600 2702; x_wconf 73' lang='grc' dir='ltr'><strong>Εἰς</strong></span> 
     </span>
    </p>
   </div>
   <div class='ocr_carea' id='block_1_58' title="bbox 2015 2715 3601 2798">
    <p class='ocr_par' dir='ltr' id='par_1_58' title="bbox 2015 2715 3601 2798">
     <span class='ocr_line' id='line_1_58' title="bbox 2015 2715 3601 2798; baseline 0.002 -21"><span class='ocrx_word' id='word_1_462' title='bbox 2015 2723 2084 2777; x_wconf 88' lang='grc' dir='ltr'>τὸ</span> <span class='ocrx_word' id='word_1_463' title='bbox 2112 2724 2285 2790; x_wconf 84' lang='grc' dir='ltr'>τέλος</span> <span class='ocrx_word' id='word_1_464' title='bbox 2323 2724 2474 2794; x_wconf 83' lang='grc' dir='ltr'>ὑπὲρ</span> <span class='ocrx_word' id='word_1_465' title='bbox 2517 2725 2637 2780; x_wconf 86' lang='grc' dir='ltr'>τῶν</span> <span class='ocrx_word' id='word_1_466' title='bbox 2668 2727 2932 2797; x_wconf 68' lang='grc' dir='ltr'>κρυφίων</span> <span class='ocrx_word' id='word_1_467' title='bbox 2976 2715 3084 2782; x_wconf 78' lang='grc' dir='ltr'>τοῦ</span> <span class='ocrx_word' id='word_1_468' title='bbox 3132 2727 3304 2796; x_wconf 85' lang='grc' dir='ltr'>Υἱοῦ,</span> <span class='ocrx_word' id='word_1_469' title='bbox 3353 2727 3601 2798; x_wconf 63' lang='grc' dir='ltr'>ψαλμοί·</span> 
     </span>
    </p>
   </div>
   <div class='ocr_carea' id='block_1_59' title="bbox 2015 2811 3602 2893">
    <p class='ocr_par' dir='ltr' id='par_1_59' title="bbox 2015 2811 3602 2893">
     <span class='ocr_line' id='line_1_59' title="bbox 2015 2811 3602 2893; baseline 0.003 -28"><span class='ocrx_word' id='word_1_470' title='bbox 2015 2811 2097 2878; x_wconf 87' lang='grc' dir='ltr'>τῷ</span> <span class='ocrx_word' id='word_1_471' title='bbox 2133 2813 2330 2866; x_wconf 82' lang='grc' dir='ltr'><strong>Δαυτδ’</strong></span> <span class='ocrx_word' id='word_1_472' title='bbox 2370 2814 2464 2866; x_wconf 76' lang='grc' dir='ltr'>καὶ</span> <span class='ocrx_word' id='word_1_473' title='bbox 2493 2816 2550 2867; x_wconf 83' lang='grc' dir='ltr'>ὲν</span> <span class='ocrx_word' id='word_1_474' title='bbox 2578 2813 2657 2886; x_wconf 84' lang='grc' dir='ltr'>τῷ</span> <span class='ocrx_word' id='word_1_475' title='bbox 2683 2817 3104 2893; x_wconf 81' lang='grc' dir='ltr'>τεσσαρακοστῷ</span> <span class='ocrx_word' id='word_1_476' title='bbox 3149 2818 3392 2893; x_wconf 82' lang='grc' dir='ltr'>τετάρτῳ</span> <span class='ocrx_word' id='word_1_477' title='bbox 3413 2858 3428 2882; x_wconf 95' lang='grc'><strong>,</strong></span> <span class='ocrx_word' id='word_1_478' title='bbox 3486 2819 3536 2869; x_wconf 85' lang='grc' dir='ltr'><strong><em>Ε</em></strong></span> <span class='ocrx_word' id='word_1_479' title='bbox 3543 2822 3602 2882; x_wconf 73' lang='lat' dir='ltr'><strong>lc</strong></span> 
     </span>
    </p>
   </div>
   <div class='ocr_carea' id='block_1_60' title="bbox 2017 2908 3602 2983">
    <p class='ocr_par' dir='ltr' id='par_1_60' title="bbox 2017 2908 3602 2983">
     <span class='ocr_line' id='line_1_60' title="bbox 2017 2908 3602 2983; baseline 0.001 -21"><span class='ocrx_word' id='word_1_480' title='bbox 2017 2908 2084 2962; x_wconf 86' lang='grc' dir='ltr'>τὸ</span> <span class='ocrx_word' id='word_1_481' title='bbox 2114 2909 2290 2974; x_wconf 78' lang='grc' dir='ltr'>τέλος</span> <span class='ocrx_word' id='word_1_482' title='bbox 2321 2908 2473 2978; x_wconf 83' lang='grc' dir='ltr'>ὑπὲρ</span> <span class='ocrx_word' id='word_1_483' title='bbox 2505 2909 2622 2963; x_wconf 82' lang='grc' dir='ltr'>τῶν</span> <span class='ocrx_word' id='word_1_484' title='bbox 2666 2909 3258 2983; x_wconf 78' lang='grc' dir='ltr'>ἀλλοιωθησομένων,</span> <span class='ocrx_word' id='word_1_485' title='bbox 3296 2910 3421 2976; x_wconf 85' lang='grc' dir='ltr'>τοῖς</span> <span class='ocrx_word' id='word_1_486' title='bbox 3441 2909 3602 2976; x_wconf 84' lang='grc' dir='ltr'>υίοῖς</span> 
     </span>
    </p>
   </div>
   <div class='ocr_carea' id='block_1_61' title="bbox 2018 2998 3602 3071">
    <p class='ocr_par' dir='ltr' id='par_1_61' title="bbox 2018 2998 3602 3071">
     <span class='ocr_line' id='line_1_61' title="bbox 2018 2998 3602 3071; baseline 0.002 -20"><span class='ocrx_word' id='word_1_487' title='bbox 2018 2998 2187 3066; x_wconf 86' lang='grc' dir='ltr'>Κορὲ,</span> <span class='ocrx_word' id='word_1_488' title='bbox 2210 3001 2296 3064; x_wconf 81' lang='grc' dir='ltr'>εὶς</span> <span class='ocrx_word' id='word_1_489' title='bbox 2333 3001 2610 3065; x_wconf 79' lang='grc' dir='ltr'>σύνεσιν,</span> <span class='ocrx_word' id='word_1_490' title='bbox 2637 2999 2759 3068; x_wconf 78' lang='grc' dir='ltr'><strong>ᾠδὴ</strong></span> <span class='ocrx_word' id='word_1_491' title='bbox 2792 2999 2944 3068; x_wconf 81' lang='grc' dir='ltr'>ὑπὲρ</span> <span class='ocrx_word' id='word_1_492' title='bbox 2965 2999 3072 3055; x_wconf 86' lang='grc' dir='ltr'>τοῦ</span> <span class='ocrx_word' id='word_1_493' title='bbox 3118 3001 3462 3071; x_wconf 60' lang='grc' dir='ltr'>Ἁγαπητοῦ</span> <span class='ocrx_word' id='word_1_494' title='bbox 3498 3001 3602 3055; x_wconf 75' lang='grc' dir='ltr'>καὶ</span> 
     </span>
    </p>
   </div>
   <div class='ocr_carea' id='block_1_62' title="bbox 357 3074 1915 3169">
    <p class='ocr_par' dir='ltr' id='par_1_62' title="bbox 357 3087 1915 3161">
     <span class='ocr_line' id='line_1_62' title="bbox 357 3087 1915 3161; baseline 0.004 -19"><span class='ocrx_word' id='word_1_495' title='bbox 357 3087 528 3161; x_wconf 62' lang='lat' dir='ltr'><strong>Vinea</strong></span> <span class='ocrx_word' id='word_1_496' title='bbox 564 3089 712 3160; x_wconf 86' lang='lat' dir='ltr'><strong>facta</strong></span> <span class='ocrx_word' id='word_1_497' title='bbox 737 3099 816 3144; x_wconf 79' lang='lat' dir='ltr'><strong>est</strong></span> <span class='ocrx_word' id='word_1_498' title='bbox 844 3089 1051 3146; x_wconf 85' lang='lat' dir='ltr'><strong>Dilecto</strong></span> <span class='ocrx_word' id='word_1_499' title='bbox 1077 3092 1147 3146; x_wconf 70' lang='grc' dir='ltr'><strong>θ’.</strong></span> <span class='ocrx_word' id='word_1_500' title='bbox 1189 3091 1324 3159; x_wconf 87' lang='lat' dir='ltr'><strong>Quis</strong></span> <span class='ocrx_word' id='word_1_501' title='bbox 1356 3102 1536 3148; x_wconf 88' lang='lat' dir='ltr'><strong>autem</strong></span> <span class='ocrx_word' id='word_1_502' title='bbox 1564 3092 1803 3150; x_wconf 88' lang='lat' dir='ltr'><strong>Dilectus</strong></span> <span class='ocrx_word' id='word_1_503' title='bbox 1833 3104 1915 3149; x_wconf 90' lang='lat' dir='ltr'><strong>est</strong></span> 
     </span>
    </p>
   </div>
   <div class='ocr_carea' id='block_1_63' title="bbox 2025 3074 3604 3169">
    <p class='ocr_par' dir='ltr' id='par_1_63' title="bbox 2025 3086 3604 3169">
     <span class='ocr_line' id='line_1_63' title="bbox 2025 3086 3604 3169; baseline 0.003 -28"><span class='ocrx_word' id='word_1_504' title='bbox 2025 3090 2076 3142; x_wconf 72' lang='grc' dir='ltr'>ὲν</span> <span class='ocrx_word' id='word_1_505' title='bbox 2223 3091 2439 3163; x_wconf 81' lang='grc' dir='ltr'>Ἡσαΐᾳ,</span> <span class='ocrx_word' id='word_1_506' title='bbox 2469 3093 2631 3161; x_wconf 77' lang='grc' dir='ltr'>’ᾼσω</span> <span class='ocrx_word' id='word_1_507' title='bbox 2661 3091 2738 3159; x_wconf 82' lang='grc' dir='ltr'>δὴ</span> <span class='ocrx_word' id='word_1_508' title='bbox 2772 3091 2853 3157; x_wconf 85' lang='grc' dir='ltr'>τῷ</span> <span class='ocrx_word' id='word_1_509' title='bbox 2883 3091 3246 3169; x_wconf 75' lang='grc' dir='ltr'><strong>ἠγαπημένῳ</strong></span> <span class='ocrx_word' id='word_1_510' title='bbox 3277 3086 3441 3161; x_wconf 76' lang='grc' dir='ltr'>ᾆσμα</span> <span class='ocrx_word' id='word_1_511' title='bbox 3486 3092 3604 3146; x_wconf 84' lang='grc' dir='ltr'>τοῦ</span> 
     </span>
    </p>
   </div>
   <div class='ocr_carea' id='block_1_64' title="bbox 345 3181 1919 3256">
    <p class='ocr_par' dir='ltr' id='par_1_64' title="bbox 345 3181 1919 3256">
     <span class='ocr_line' id='line_1_64' title="bbox 345 3181 1919 3256; baseline 0.004 -20"><span class='ocrx_word' id='word_1_512' title='bbox 345 3189 544 3253; x_wconf 58' lang='lat' dir='ltr'><strong>praeter</strong></span> <span class='ocrx_word' id='word_1_513' title='bbox 571 3181 770 3238; x_wconf 88' lang='lat' dir='ltr'><strong>Filium</strong></span> <span class='ocrx_word' id='word_1_514' title='bbox 794 3184 1173 3256; x_wconf 82' lang='lat' dir='ltr'><strong>unigenitum?</strong></span> <span class='ocrx_word' id='word_1_515' title='bbox 1199 3195 1256 3241; x_wconf 92' lang='lat' dir='ltr'><strong>ut</strong></span> <span class='ocrx_word' id='word_1_516' title='bbox 1287 3186 1344 3240; x_wconf 93' lang='lat' dir='ltr'><strong>in</strong></span> <span class='ocrx_word' id='word_1_517' title='bbox 1376 3187 1589 3256; x_wconf 89' lang='lat' dir='ltr'><strong>psalmo</strong></span> <span class='ocrx_word' id='word_1_518' title='bbox 1619 3188 1919 3243; x_wconf 88' lang='lat' dir='ltr'><strong>centesimo</strong></span> 
     </span>
    </p>
   </div>
   <div class='ocr_carea' id='block_1_65' title="bbox 345 3256 1921 3347">
    <p class='ocr_par' dir='ltr' id='par_1_65' title="bbox 345 3256 1921 3347">
     <span class='ocr_line' id='line_1_65' title="bbox 345 3256 1921 3347; baseline 0.003 -19"><span class='ocrx_word' id='word_1_519' title='bbox 345 3256 499 3346; x_wconf 50' lang='lat' dir='ltr'><strong>nono</strong></span> <span class='ocrx_word' id='word_1_520' title='bbox 527 3273 778 3342; x_wconf 84' lang='lat' dir='ltr'><strong>habetur,</strong></span> <span class='ocrx_word' id='word_1_521' title='bbox 806 3274 892 3328; x_wconf 78' lang='lat' dir='ltr'><strong>Ea:</strong></span> <span class='ocrx_word' id='word_1_522' title='bbox 917 3286 1066 3330; x_wconf 85' lang='lat' dir='ltr'><strong>utero</strong></span> <span class='ocrx_word' id='word_1_523' title='bbox 1088 3286 1210 3330; x_wconf 84' lang='lat' dir='ltr'><strong>ante</strong></span> <span class='ocrx_word' id='word_1_524' title='bbox 1238 3275 1519 3346; x_wconf 79' lang='lat' dir='ltr'><strong>luciferum</strong></span> <span class='ocrx_word' id='word_1_525' title='bbox 1543 3278 1698 3347; x_wconf 84' lang='lat' dir='ltr'><strong>genui</strong></span> <span class='ocrx_word' id='word_1_526' title='bbox 1721 3286 1769 3331; x_wconf 88' lang='lat' dir='ltr'><strong>te</strong></span> <span class='ocrx_word' id='word_1_527' title='bbox 1789 3281 1828 3342; x_wconf 80' lang='grc' dir='ltr'>ί,</span> <span class='ocrx_word' id='word_1_528' title='bbox 1854 3279 1921 3332; x_wconf 90' lang='lat' dir='ltr'><strong>de</strong></span> 
     </span>
    </p>
   </div>
   <div class='ocr_carea' id='block_1_66' title="bbox 350 3368 1918 3446">
    <p class='ocr_par' dir='ltr' id='par_1_66' title="bbox 350 3368 1918 3446">
     <span class='ocr_line' id='line_1_66' title="bbox 350 3368 1918 3446; baseline 0.003 -25"><span class='ocrx_word' id='word_1_529' title='bbox 350 3381 462 3446; x_wconf 90' lang='lat' dir='ltr'><strong>quo</strong></span> <span class='ocrx_word' id='word_1_530' title='bbox 503 3377 693 3446; x_wconf 87' lang='lat' dir='ltr'><strong>postea</strong></span> <span class='ocrx_word' id='word_1_531' title='bbox 742 3368 959 3423; x_wconf 90' lang='lat' dir='ltr'><strong>dicendi</strong></span> <span class='ocrx_word' id='word_1_532' title='bbox 995 3369 1149 3425; x_wconf 90' lang='lat' dir='ltr'><strong>locus</strong></span> <span class='ocrx_word' id='word_1_533' title='bbox 1200 3368 1342 3435; x_wconf 90' lang='lat' dir='ltr'><strong>erit;</strong></span> <span class='ocrx_word' id='word_1_534' title='bbox 1387 3379 1441 3425; x_wconf 93' lang='lat' dir='ltr'><strong>et</strong></span> <span class='ocrx_word' id='word_1_535' title='bbox 1484 3370 1542 3425; x_wconf 93' lang='lat' dir='ltr'><strong>in</strong></span> <span class='ocrx_word' id='word_1_536' title='bbox 1586 3369 1918 3436; x_wconf 82' lang='lat' dir='ltr'><strong>Proverbiis,</strong></span> 
     </span>
    </p>
   </div>
   <div class='ocr_carea' id='block_1_67' title="bbox 349 3458 1918 3534">
    <p class='ocr_par' dir='ltr' id='par_1_67' title="bbox 349 3458 1918 3534">
     <span class='ocr_line' id='line_1_67' title="bbox 349 3458 1918 3534; baseline 0.003 -22"><span class='ocrx_word' id='word_1_537' title='bbox 349 3458 486 3512; x_wconf 81' lang='lat' dir='ltr'><strong>Ante</strong></span> <span class='ocrx_word' id='word_1_538' title='bbox 516 3475 694 3513; x_wconf 87' lang='lat' dir='ltr'><strong>omnes</strong></span> <span class='ocrx_word' id='word_1_539' title='bbox 724 3459 883 3534; x_wconf 84' lang='lat' dir='ltr'><strong>colles</strong></span> <span class='ocrx_word' id='word_1_540' title='bbox 909 3461 1077 3530; x_wconf 88' lang='lat' dir='ltr'><strong>gignit</strong></span> <span class='ocrx_word' id='word_1_541' title='bbox 1112 3478 1192 3515; x_wconf 88' lang='lat' dir='ltr'><strong>me</strong></span> <span class='ocrx_word' id='word_1_542' title='bbox 1217 3464 1236 3493; x_wconf 83' lang='grc'>²</span> <span class='ocrx_word' id='word_1_543' title='bbox 1263 3479 1278 3516; x_wconf 90' lang='lat'><strong>:</strong></span> <span class='ocrx_word' id='word_1_544' title='bbox 1319 3470 1376 3516; x_wconf 87' lang='lat' dir='ltr'><strong>et</strong></span> <span class='ocrx_word' id='word_1_545' title='bbox 1424 3461 1567 3531; x_wconf 86' lang='lat' dir='ltr'><strong>apud</strong></span> <span class='ocrx_word' id='word_1_546' title='bbox 1618 3461 1918 3528; x_wconf 83' lang='lat' dir='ltr'><strong>Danielem,</strong></span> 
     </span>
    </p>
   </div>
   <div class='ocr_carea' id='block_1_68' title="bbox 350 3545 1916 3624">
    <p class='ocr_par' dir='ltr' id='par_1_68' title="bbox 350 3545 1916 3624">
     <span class='ocr_line' id='line_1_68' title="bbox 350 3545 1916 3624; baseline 0.004 -24"><span class='ocrx_word' id='word_1_547' title='bbox 350 3545 424 3600; x_wconf 87' lang='lat' dir='ltr'><strong>Et</strong></span> <span class='ocrx_word' id='word_1_548' title='bbox 447 3548 641 3618; x_wconf 86' lang='lat' dir='ltr'><strong>species</strong></span> <span class='ocrx_word' id='word_1_549' title='bbox 665 3550 864 3624; x_wconf 82' lang='lat' dir='ltr'><strong>quarti,</strong></span> <span class='ocrx_word' id='word_1_550' title='bbox 906 3550 1097 3604; x_wconf 84' lang='lat' dir='ltr'><strong>similis</strong></span> <span class='ocrx_word' id='word_1_551' title='bbox 1135 3549 1280 3605; x_wconf 86' lang='lat' dir='ltr'><strong>Filio</strong></span> <span class='ocrx_word' id='word_1_552' title='bbox 1301 3549 1399 3605; x_wconf 90' lang='lat' dir='ltr'><strong>Dei</strong></span> <span class='ocrx_word' id='word_1_553' title='bbox 1422 3552 1463 3615; x_wconf 87' lang='grc'>³,</span> <span class='ocrx_word' id='word_1_554' title='bbox 1488 3552 1754 3623; x_wconf 86' lang='lat' dir='ltr'><strong>pluraque</strong></span> <span class='ocrx_word' id='word_1_555' title='bbox 1792 3553 1916 3607; x_wconf 80' lang='lat' dir='ltr'><strong>alia.</strong></span> 
     </span>
    </p>
   </div>
   <div class='ocr_carea' id='block_1_69' title="bbox 351 3625 1917 3712">
    <p class='ocr_par' dir='ltr' id='par_1_69' title="bbox 351 3625 1917 3712">
     <span class='ocr_line' id='line_1_69' title="bbox 351 3625 1917 3712; baseline 0.004 -23"><span class='ocrx_word' id='word_1_556' title='bbox 351 3633 416 3708; x_wconf 83' lang='lat' dir='ltr'><strong>Si</strong></span> <span class='ocrx_word' id='word_1_557' title='bbox 459 3625 588 3708; x_wconf 83' lang='lat' dir='ltr'><strong>ergo</strong></span> <span class='ocrx_word' id='word_1_558' title='bbox 619 3653 682 3692; x_wconf 83' lang='lat' dir='ltr'><strong>ex</strong></span> <span class='ocrx_word' id='word_1_559' title='bbox 734 3637 916 3703; x_wconf 81' lang='lat' dir='ltr'><strong>Veteri</strong></span> <span class='ocrx_word' id='word_1_560' title='bbox 961 3638 1310 3710; x_wconf 72' lang='lat' dir='ltr'><strong>Testamento</strong></span> <span class='ocrx_word' id='word_1_561' title='bbox 1355 3642 1555 3710; x_wconf 85' lang='lat' dir='ltr'><strong>petitur</strong></span> <span class='ocrx_word' id='word_1_562' title='bbox 1601 3642 1917 3712; x_wconf 85' lang='lat' dir='ltr'><strong>antiquitas,</strong></span> 
     </span>
    </p>
   </div>
   <div class='ocr_carea' id='block_1_70' title="bbox 349 3726 1918 3807">
    <p class='ocr_par' dir='ltr' id='par_1_70' title="bbox 349 3726 1918 3807">
     <span class='ocr_line' id='line_1_70' title="bbox 349 3726 1918 3807; baseline 0.001 -23"><span class='ocrx_word' id='word_1_563' title='bbox 349 3726 632 3803; x_wconf 78' lang='lat' dir='ltr'><strong>fatendum</strong></span> <span class='ocrx_word' id='word_1_564' title='bbox 681 3731 870 3801; x_wconf 74' lang='lat' dir='ltr'><strong>utique</strong></span> <span class='ocrx_word' id='word_1_565' title='bbox 912 3742 998 3807; x_wconf 80' lang='lat' dir='ltr'><strong>est</strong></span> <span class='ocrx_word' id='word_1_566' title='bbox 1032 3733 1317 3805; x_wconf 72' lang='lat' dir='ltr'><strong>antiquum</strong></span> <span class='ocrx_word' id='word_1_567' title='bbox 1360 3731 1556 3788; x_wconf 89' lang='lat' dir='ltr'><strong>Filium</strong></span> <span class='ocrx_word' id='word_1_568' title='bbox 1597 3749 1748 3799; x_wconf 90' lang='lat' dir='ltr'><strong>esse,</strong></span> <span class='ocrx_word' id='word_1_569' title='bbox 1795 3749 1918 3788; x_wconf 89' lang='lat' dir='ltr'><strong>cum</strong></span> 
     </span>
    </p>
   </div>
   <div class='ocr_carea' id='block_1_71' title="bbox 347 3822 1918 3899">
    <p class='ocr_par' dir='ltr' id='par_1_71' title="bbox 347 3822 1918 3899">
     <span class='ocr_line' id='line_1_71' title="bbox 347 3822 1918 3899; baseline 0 -21"><span class='ocrx_word' id='word_1_570' title='bbox 347 3822 538 3898; x_wconf 74' lang='lat' dir='ltr'><strong>multis</strong></span> <span class='ocrx_word' id='word_1_571' title='bbox 568 3823 623 3877; x_wconf 91' lang='lat' dir='ltr'><strong>in</strong></span> <span class='ocrx_word' id='word_1_572' title='bbox 653 3823 790 3899; x_wconf 88' lang='lat' dir='ltr'><strong>locis</strong></span> <span class='ocrx_word' id='word_1_573' title='bbox 820 3823 1029 3886; x_wconf 87' lang='lat' dir='ltr'><strong>Veteris</strong></span> <span class='ocrx_word' id='word_1_574' title='bbox 1067 3824 1400 3880; x_wconf 90' lang='lat' dir='ltr'><strong>Testamenti</strong></span> <span class='ocrx_word' id='word_1_575' title='bbox 1439 3835 1918 3880; x_wconf 89' lang='lat' dir='ltr'><strong>commemoretur.</strong></span> 
     </span>
    </p>
   </div>
   <div class='ocr_carea' id='block_1_72' title="bbox 358 3913 1918 3997">
    <p class='ocr_par' dir='ltr' id='par_1_72' title="bbox 358 3913 1918 3997">
     <span class='ocr_line' id='line_1_72' title="bbox 358 3913 1918 3997; baseline 0.001 -31"><span class='ocrx_word' id='word_1_576' title='bbox 358 3913 439 3967; x_wconf 85' lang='lat' dir='ltr'><strong>Ita</strong></span> <span class='ocrx_word' id='word_1_577' title='bbox 470 3923 573 3981; x_wconf 89' lang='lat' dir='ltr'><strong>est,</strong></span> <span class='ocrx_word' id='word_1_578' title='bbox 623 3914 896 3996; x_wconf 87' lang='lat' dir='ltr'><strong>inquiunt,</strong></span> <span class='ocrx_word' id='word_1_579' title='bbox 942 3915 1036 3972; x_wconf 89' lang='lat' dir='ltr'><strong>sed</strong></span> <span class='ocrx_word' id='word_1_580' title='bbox 1071 3915 1177 3970; x_wconf 87' lang='lat' dir='ltr'><strong>ista</strong></span> <span class='ocrx_word' id='word_1_581' title='bbox 1207 3915 1522 3997; x_wconf 76' lang='lat' dir='ltr'><strong>prophetiae</strong></span> <span class='ocrx_word' id='word_1_582' title='bbox 1565 3916 1707 3971; x_wconf 88' lang='lat' dir='ltr'><strong>dicta</strong></span> <span class='ocrx_word' id='word_1_583' title='bbox 1751 3926 1918 3970; x_wconf 86' lang='lat' dir='ltr'><strong>sunt:</strong></span> 
     </span>
    </p>
   </div>
   <div class='ocr_carea' id='block_1_73' title="bbox 351 4003 1919 4076">
    <p class='ocr_par' dir='ltr' id='par_1_73' title="bbox 351 4003 1919 4076">
     <span class='ocr_line' id='line_1_73' title="bbox 351 4003 1919 4076; baseline 0.001 -19"><span class='ocrx_word' id='word_1_584' title='bbox 351 4017 489 4076; x_wconf 69' lang='lat' dir='ltr'><strong>ergo</strong></span> <span class='ocrx_word' id='word_1_585' title='bbox 513 4013 566 4059; x_wconf 91' lang='lat' dir='ltr'><strong>et</strong></span> <span class='ocrx_word' id='word_1_586' title='bbox 592 4003 683 4068; x_wconf 87' lang='lat' dir='ltr'><strong>illa</strong></span> <span class='ocrx_word' id='word_1_587' title='bbox 721 4006 928 4075; x_wconf 89' lang='lat' dir='ltr'><strong>pariter</strong></span> <span class='ocrx_word' id='word_1_588' title='bbox 952 4007 1020 4061; x_wconf 91' lang='lat' dir='ltr'><strong>de</strong></span> <span class='ocrx_word' id='word_1_589' title='bbox 1064 4005 1243 4062; x_wconf 87' lang='lat' dir='ltr'><strong>Verbo</strong></span> <span class='ocrx_word' id='word_1_590' title='bbox 1271 4006 1585 4076; x_wconf 78' lang='lat' dir='ltr'><strong>prophetico</strong></span> <span class='ocrx_word' id='word_1_591' title='bbox 1619 4015 1919 4060; x_wconf 84' lang='lat' dir='ltr'><strong>memorata</strong></span> 
     </span>
    </p>
   </div>
   <div class='ocr_carea' id='block_1_74' title="bbox 351 4095 1919 4171">
    <p class='ocr_par' dir='ltr' id='par_1_74' title="bbox 351 4095 1919 4171">
     <span class='ocr_line' id='line_1_74' title="bbox 351 4095 1919 4171; baseline 0.001 -22"><span class='ocrx_word' id='word_1_592' title='bbox 351 4104 500 4151; x_wconf 83' lang='lat' dir='ltr'><strong>sunt.</strong></span> <span class='ocrx_word' id='word_1_593' title='bbox 536 4095 649 4151; x_wconf 82' lang='lat' dir='ltr'><strong>Nec</strong></span> <span class='ocrx_word' id='word_1_594' title='bbox 675 4096 820 4151; x_wconf 88' lang='lat' dir='ltr'><strong>enim</strong></span> <span class='ocrx_word' id='word_1_595' title='bbox 850 4112 1018 4171; x_wconf 87' lang='lat' dir='ltr'><strong>unum</strong></span> <span class='ocrx_word' id='word_1_596' title='bbox 1049 4097 1364 4167; x_wconf 76' lang='lat' dir='ltr'><strong>prophetiae</strong></span> <span class='ocrx_word' id='word_1_597' title='bbox 1395 4103 1480 4152; x_wconf 88' lang='lat' dir='ltr'><strong>est</strong></span> <span class='ocrx_word' id='word_1_598' title='bbox 1505 4097 1732 4163; x_wconf 88' lang='lat' dir='ltr'><strong>dictum,</strong></span> <span class='ocrx_word' id='word_1_599' title='bbox 1772 4096 1919 4150; x_wconf 90' lang='lat' dir='ltr'><strong>aliud</strong></span> 
     </span>
    </p>
   </div>
   <div class='ocr_carea' id='block_1_75' title="bbox 348 4184 1918 4260">
    <p class='ocr_par' dir='ltr' id='par_1_75' title="bbox 348 4184 1918 4260">
     <span class='ocr_line' id='line_1_75' title="bbox 348 4184 1918 4260; baseline 0 -20"><span class='ocrx_word' id='word_1_600' title='bbox 348 4200 480 4260; x_wconf 66' lang='lat' dir='ltr'><strong>vero</strong></span> <span class='ocrx_word' id='word_1_601' title='bbox 500 4202 606 4240; x_wconf 87' lang='lat' dir='ltr'><strong>non</strong></span> <span class='ocrx_word' id='word_1_602' title='bbox 634 4187 966 4260; x_wconf 83' lang='lat' dir='ltr'><strong>prophetice.</strong></span> <span class='ocrx_word' id='word_1_603' title='bbox 987 4186 1122 4240; x_wconf 87' lang='lat' dir='ltr'><strong>Nam</strong></span> <span class='ocrx_word' id='word_1_604' title='bbox 1150 4188 1195 4241; x_wconf 89' lang='lat' dir='ltr'><strong>si</strong></span> <span class='ocrx_word' id='word_1_605' title='bbox 1223 4188 1340 4241; x_wconf 65' lang='lat' dir='ltr'><strong>hac</strong></span> <span class='ocrx_word' id='word_1_606' title='bbox 1356 4188 1542 4259; x_wconf 86' lang='lat' dir='ltr'><strong>verba,</strong></span> <span class='ocrx_word' id='word_1_607' title='bbox 1573 4184 1620 4238; x_wconf 86' lang='lat' dir='ltr'><em>F</em></span> <span class='ocrx_word' id='word_1_608' title='bbox 1623 4186 1749 4240; x_wconf 86' lang='lat' dir='ltr'><strong>ilius</strong></span> <span class='ocrx_word' id='word_1_609' title='bbox 1774 4202 1918 4240; x_wconf 88' lang='lat' dir='ltr'><strong>meus</strong></span> 
     </span>
    </p>
   </div>
   <div class='ocr_carea' id='block_1_76' title="bbox 351 4259 1918 4346">
    <p class='ocr_par' dir='ltr' id='par_1_76' title="bbox 351 4259 1918 4346">
     <span class='ocr_line' id='line_1_76' title="bbox 351 4259 1918 4346; baseline 0.004 -22"><span class='ocrx_word' id='word_1_610' title='bbox 351 4259 406 4324; x_wconf 79' lang='lat' dir='ltr'><strong>es</strong></span> <span class='ocrx_word' id='word_1_611' title='bbox 442 4279 519 4335; x_wconf 89' lang='lat' dir='ltr'><strong>tu,</strong></span> <span class='ocrx_word' id='word_1_612' title='bbox 553 4271 797 4328; x_wconf 78' lang='lat' dir='ltr'><strong>futurum</strong></span> <span class='ocrx_word' id='word_1_613' title='bbox 831 4259 1036 4345; x_wconf 86' lang='lat' dir='ltr'><strong>aliquid</strong></span> <span class='ocrx_word' id='word_1_614' title='bbox 1064 4276 1406 4346; x_wconf 82' lang='lat' dir='ltr'><strong>signiﬁcent;</strong></span> <span class='ocrx_word' id='word_1_615' title='bbox 1450 4276 1592 4344; x_wconf 81' lang='lat' dir='ltr'><strong>idem</strong></span> <span class='ocrx_word' id='word_1_616' title='bbox 1642 4276 1806 4330; x_wconf 89' lang='lat' dir='ltr'><strong>etiam</strong></span> <span class='ocrx_word' id='word_1_617' title='bbox 1850 4277 1918 4330; x_wconf 91' lang='lat' dir='ltr'><strong>de</strong></span> 
     </span>
    </p>
   </div>
   <div class='ocr_carea' id='block_1_77' title="bbox 2034 3179 3602 3254">
    <p class='ocr_par' dir='ltr' id='par_1_77' title="bbox 2034 3179 3602 3254">
     <span class='ocr_line' id='line_1_77' title="bbox 2034 3179 3602 3254; baseline 0.003 -22"><span class='ocrx_word' id='word_1_618' title='bbox 2034 3180 2364 3248; x_wconf 72' lang='grc' dir='ltr'>Ἀγαπητοῦ</span> <span class='ocrx_word' id='word_1_619' title='bbox 2393 3181 2473 3248; x_wconf 86' lang='grc' dir='ltr'>τῷ</span> <span class='ocrx_word' id='word_1_620' title='bbox 2497 3179 2806 3252; x_wconf 76' lang='grc' dir='ltr'>ἀμπελῶνί</span> <span class='ocrx_word' id='word_1_621' title='bbox 2821 3200 2961 3252; x_wconf 84' lang='grc' dir='ltr'>μου.</span> <span class='ocrx_word' id='word_1_622' title='bbox 3012 3182 3309 3254; x_wconf 59' lang='grc' dir='ltr'><strong>Ἀμπελᾶη</strong></span> <span class='ocrx_word' id='word_1_623' title='bbox 3338 3183 3602 3254; x_wconf 60' lang='grc' dir='ltr'>ἐγενήθη</span> 
     </span>
    </p>
   </div>
   <div class='ocr_carea' id='block_1_78' title="bbox 2019 3268 3605 3346">
    <p class='ocr_par' dir='ltr' id='par_1_78' title="bbox 2019 3268 3605 3346">
     <span class='ocr_line' id='line_1_78' title="bbox 2019 3268 3605 3346; baseline 0.003 -22"><span class='ocrx_word' id='word_1_624' title='bbox 2019 3268 2101 3336; x_wconf 85' lang='grc' dir='ltr'>τῷ</span> <span class='ocrx_word' id='word_1_625' title='bbox 2125 3271 2505 3342; x_wconf 76' lang='grc' dir='ltr'><strong>ἠγαπημένῳ.</strong></span> <span class='ocrx_word' id='word_1_626' title='bbox 2541 3274 2614 3326; x_wconf 87' lang='grc' dir='ltr'><strong>Τὸ</strong></span> <span class='ocrx_word' id='word_1_627' title='bbox 2641 3273 2699 3326; x_wconf 85' lang='grc' dir='ltr'>δὲ</span> <span class='ocrx_word' id='word_1_628' title='bbox 2743 3273 3051 3346; x_wconf 84' lang='grc' dir='ltr'>Ἀγαπητὺς</span> <span class='ocrx_word' id='word_1_629' title='bbox 3071 3275 3158 3338; x_wconf 82' lang='grc' dir='ltr'><strong>τίς</strong></span> <span class='ocrx_word' id='word_1_630' title='bbox 3195 3273 3263 3328; x_wconf 81' lang='grc' dir='ltr'><strong>ἂν</strong></span> <span class='ocrx_word' id='word_1_631' title='bbox 3296 3275 3384 3346; x_wconf 82' lang='grc' dir='ltr'><strong>είη</strong></span> <span class='ocrx_word' id='word_1_632' title='bbox 3410 3275 3443 3345; x_wconf 86' lang='grc' dir='ltr'>ἦ</span> <span class='ocrx_word' id='word_1_633' title='bbox 3468 3274 3605 3340; x_wconf 80' lang='grc' dir='ltr'>Υἱὸς</span> 
     </span>
    </p>
   </div>
   <div class='ocr_carea' id='block_1_79' title="bbox 2025 3366 3605 3439">
    <p class='ocr_par' dir='ltr' id='par_1_79' title="bbox 2025 3366 3605 3439">
     <span class='ocr_line' id='line_1_79' title="bbox 2025 3366 3605 3439; baseline 0.002 -20"><span class='ocrx_word' id='word_1_634' title='bbox 2025 3368 2353 3439; x_wconf 86' lang='grc' dir='ltr'>μονογενής;</span> <span class='ocrx_word' id='word_1_635' title='bbox 2420 3368 2496 3431; x_wconf 82' lang='grc' dir='ltr'>ὡς</span> <span class='ocrx_word' id='word_1_636' title='bbox 2535 3369 2630 3421; x_wconf 61' lang='grc' dir='ltr'><strong>καὶ⁹</strong></span> <span class='ocrx_word' id='word_1_637' title='bbox 2686 3369 2743 3422; x_wconf 80' lang='grc' dir='ltr'>ὲν</span> <span class='ocrx_word' id='word_1_638' title='bbox 2790 3366 2868 3438; x_wconf 82' lang='grc' dir='ltr'>τῷ</span> <span class='ocrx_word' id='word_1_639' title='bbox 2907 3366 3183 3439; x_wconf 77' lang='grc' dir='ltr'>ἑκατοστῷ</span> <span class='ocrx_word' id='word_1_640' title='bbox 3227 3367 3452 3438; x_wconf 80' lang='grc' dir='ltr'>ὲννάτῳ,</span> <span class='ocrx_word' id='word_1_641' title='bbox 3500 3367 3605 3422; x_wconf 79' lang='grc' dir='ltr'>Ἐκ</span> 
     </span>
    </p>
   </div>
   <div class='ocr_carea' id='block_1_80' title="bbox 2019 3453 3645 3536">
    <p class='ocr_par' dir='ltr' id='par_1_80' title="bbox 2019 3453 3645 3536">
     <span class='ocr_line' id='line_1_80' title="bbox 2019 3453 3645 3536; baseline 0.001 -26"><span class='ocrx_word' id='word_1_642' title='bbox 2019 3459 2278 3526; x_wconf 76' lang='grc' dir='ltr'>γαστρὸς</span> <span class='ocrx_word' id='word_1_643' title='bbox 2328 3459 2442 3526; x_wconf 82' lang='grc' dir='ltr'>πρὸ</span> <span class='ocrx_word' id='word_1_644' title='bbox 2507 3458 2817 3528; x_wconf 78' lang='grc' dir='ltr'>ἑωσφόρον</span> <span class='ocrx_word' id='word_1_645' title='bbox 2856 3457 3158 3528; x_wconf 78' lang='grc' dir='ltr'>ὲγέννησά</span> <span class='ocrx_word' id='word_1_646' title='bbox 3209 3473 3304 3525; x_wconf 87' lang='grc' dir='ltr'><strong>σε,</strong></span> <span class='ocrx_word' id='word_1_647' title='bbox 3360 3459 3491 3530; x_wconf 73' lang='grc' dir='ltr'>περὶ</span> <span class='ocrx_word' id='word_1_648' title='bbox 3534 3453 3602 3512; x_wconf 76' lang='grc' dir='ltr'>οὗ</span> <span class='ocrx_word' id='word_1_649' title='bbox 3639 3531 3645 3536; x_wconf 21' lang='grc' dir='ltr'><strong><em>Α</em></strong></span> 
     </span>
    </p>
   </div>
   <div class='ocr_carea' id='block_1_81' title="bbox 2021 3539 3638 3625">
    <p class='ocr_par' dir='ltr' id='par_1_81' title="bbox 2021 3539 3638 3625">
     <span class='ocr_line' id='line_1_81' title="bbox 2021 3539 3638 3625; baseline 0.004 -23"><span class='ocrx_word' id='word_1_650' title='bbox 2021 3550 2243 3620; x_wconf 75' lang='grc' dir='ltr'>ὕστερον</span> <span class='ocrx_word' id='word_1_651' title='bbox 2277 3551 2617 3622; x_wconf 68' lang='grc' dir='ltr'>λεχθήσεται*</span> <span class='ocrx_word' id='word_1_652' title='bbox 2653 3552 2748 3605; x_wconf 77' lang='grc' dir='ltr'>καὶ</span> <span class='ocrx_word' id='word_1_653' title='bbox 2781 3554 2839 3605; x_wconf 80' lang='grc' dir='ltr'>ἐν</span> <span class='ocrx_word' id='word_1_654' title='bbox 2868 3553 3196 3624; x_wconf 85' lang='grc' dir='ltr'>Παροιμίαις</span> <span class='ocrx_word' id='word_1_655' title='bbox 3223 3553 3278 3606; x_wconf 88' lang='grc' dir='ltr'>δὲ</span> <span class='ocrx_word' id='word_1_656' title='bbox 3315 3552 3448 3625; x_wconf 76' lang='lat'><strong>(6‘2),</strong></span> <span class='ocrx_word' id='word_1_657' title='bbox 3477 3555 3606 3623; x_wconf 86' lang='grc' dir='ltr'><strong>Πρὸ</strong></span> <span class='ocrx_word' id='word_1_658' title='bbox 3635 3539 3638 3542; x_wconf 33' lang='grc'><strong>’</strong></span> 
     </span>
    </p>
   </div>
   <div class='ocr_carea' id='block_1_82' title="bbox 2020 3640 3605 3714">
    <p class='ocr_par' dir='ltr' id='par_1_82' title="bbox 2020 3640 3605 3714">
     <span class='ocr_line' id='line_1_82' title="bbox 2020 3640 3605 3714; baseline 0.003 -21"><span class='ocrx_word' id='word_1_659' title='bbox 2020 3640 2089 3693; x_wconf 82' lang='grc' dir='ltr'>δὲ</span> <span class='ocrx_word' id='word_1_660' title='bbox 2118 3641 2358 3696; x_wconf 79' lang='grc' dir='ltr'>πάντων</span> <span class='ocrx_word' id='word_1_661' title='bbox 2386 3641 2504 3696; x_wconf 80' lang='grc' dir='ltr'>τῶν</span> <span class='ocrx_word' id='word_1_662' title='bbox 2533 3643 2782 3707; x_wconf 76' lang='grc' dir='ltr'>βουνῶν</span> <span class='ocrx_word' id='word_1_663' title='bbox 2818 3641 3001 3713; x_wconf 76' lang='grc' dir='ltr'><em>γεννᾷ</em></span> <span class='ocrx_word' id='word_1_664' title='bbox 3033 3660 3129 3713; x_wconf 82' lang='grc' dir='ltr'><strong>με·</strong></span> <span class='ocrx_word' id='word_1_665' title='bbox 3163 3644 3260 3696; x_wconf 77' lang='grc' dir='ltr'>καὶ</span> <span class='ocrx_word' id='word_1_666' title='bbox 3287 3646 3344 3696; x_wconf 86' lang='grc' dir='ltr'>ὲν</span> <span class='ocrx_word' id='word_1_667' title='bbox 3376 3643 3455 3714; x_wconf 83' lang='grc' dir='ltr'>τῷ</span> <span class='ocrx_word' id='word_1_668' title='bbox 3493 3647 3605 3698; x_wconf 89' lang='grc' dir='ltr'><strong>Δα-</strong></span> 
     </span>
    </p>
   </div>
   <div class='ocr_carea' id='block_1_83' title="bbox 2021 3731 3606 3804">
    <p class='ocr_par' dir='ltr' id='par_1_83' title="bbox 2021 3731 3606 3804">
     <span class='ocr_line' id='line_1_83' title="bbox 2021 3731 3606 3804; baseline 0.003 -19"><span class='ocrx_word' id='word_1_669' title='bbox 2021 3731 2161 3803; x_wconf 84' lang='grc' dir='ltr'>νιὴλ,</span> <span class='ocrx_word' id='word_1_670' title='bbox 2195 3733 2304 3787; x_wconf 84' lang='lat' dir='ltr'><strong>Kal</strong></span> <span class='ocrx_word' id='word_1_671' title='bbox 2329 3733 2442 3801; x_wconf 81' lang='grc'>(65)</span> <span class='ocrx_word' id='word_1_672' title='bbox 2469 3735 2510 3803; x_wconf 73' lang='grc' dir='ltr'>ἡ</span> <span class='ocrx_word' id='word_1_673' title='bbox 2538 3733 2748 3803; x_wconf 81' lang='grc' dir='ltr'>ὅρασις</span> <span class='ocrx_word' id='word_1_674' title='bbox 2789 3734 2896 3789; x_wconf 86' lang='grc' dir='ltr'>τοῦ</span> <span class='ocrx_word' id='word_1_675' title='bbox 2941 3735 3223 3804; x_wconf 80' lang='grc' dir='ltr'>τετάρτου</span> <span class='ocrx_word' id='word_1_676' title='bbox 3274 3737 3447 3804; x_wconf 78' lang='grc' dir='ltr'>ὁμοία</span> <span class='ocrx_word' id='word_1_677' title='bbox 3490 3737 3606 3804; x_wconf 81' lang='grc' dir='ltr'><strong>Υἱῷ</strong></span> 
     </span>
    </p>
   </div>
   <div class='ocr_carea' id='block_1_84' title="bbox 2025 3824 3601 3902">
    <p class='ocr_par' dir='ltr' id='par_1_84' title="bbox 2025 3824 3601 3902">
     <span class='ocr_line' id='line_1_84' title="bbox 2025 3824 3601 3902; baseline 0.004 -24"><span class='ocrx_word' id='word_1_678' title='bbox 2025 3824 2194 3889; x_wconf 85' lang='grc' dir='ltr'>Θεοῦ,</span> <span class='ocrx_word' id='word_1_679' title='bbox 2229 3827 2324 3879; x_wconf 75' lang='grc' dir='ltr'><strong>καὶ</strong></span> <span class='ocrx_word' id='word_1_680' title='bbox 2349 3824 2483 3881; x_wconf 78' lang='grc' dir='ltr'>ἄλλα</span> <span class='ocrx_word' id='word_1_681' title='bbox 2513 3825 2749 3881; x_wconf 77' lang='grc' dir='ltr'>πλείονα.</span> <span class='ocrx_word' id='word_1_682' title='bbox 2773 3828 2837 3881; x_wconf 80' lang='grc' dir='ltr'><strong>Εἰ</strong></span> <span class='ocrx_word' id='word_1_683' title='bbox 2862 3827 3041 3881; x_wconf 85' lang='grc' dir='ltr'>τοίνυν</span> <span class='ocrx_word' id='word_1_684' title='bbox 3068 3829 3134 3881; x_wconf 85' lang='grc' dir='ltr'>ὲκ</span> <span class='ocrx_word' id='word_1_685' title='bbox 3161 3829 3263 3898; x_wconf 83' lang='grc' dir='ltr'>τῆς</span> <span class='ocrx_word' id='word_1_686' title='bbox 3285 3829 3528 3893; x_wconf 80' lang='grc' dir='ltr'>Παλαιᾶς</span> <span class='ocrx_word' id='word_1_687' title='bbox 3565 3833 3601 3902; x_wconf 78' lang='grc' dir='ltr'>ἡ</span> 
     </span>
    </p>
   </div>
   <div class='ocr_carea' id='block_1_85' title="bbox 2023 3914 3607 3990">
    <p class='ocr_par' dir='ltr' id='par_1_85' title="bbox 2023 3914 3607 3990">
     <span class='ocr_line' id='line_1_85' title="bbox 2023 3914 3607 3990; baseline 0.003 -23"><span class='ocrx_word' id='word_1_688' title='bbox 2023 3914 2338 3986; x_wconf 78' lang='grc' dir='ltr'>ἀρχαιότης,</span> <span class='ocrx_word' id='word_1_689' title='bbox 2369 3917 2594 3990; x_wconf 82' lang='grc' dir='ltr'>ἀρχαῖος</span> <span class='ocrx_word' id='word_1_690' title='bbox 2621 3915 2687 3970; x_wconf 83' lang='grc' dir='ltr'><strong>ἂν</strong></span> <span class='ocrx_word' id='word_1_691' title='bbox 2735 3915 2824 3986; x_wconf 71' lang='grc' dir='ltr'>εἴη</span> <span class='ocrx_word' id='word_1_692' title='bbox 2876 3915 2969 3968; x_wconf 75' lang='grc' dir='ltr'><strong>καὶ</strong></span> <span class='ocrx_word' id='word_1_693' title='bbox 3001 3919 3029 3970; x_wconf 82' lang='grc' dir='ltr'>ὁ</span> <span class='ocrx_word' id='word_1_694' title='bbox 3056 3916 3206 3981; x_wconf 83' lang='grc' dir='ltr'>Υἱὸς,</span> <span class='ocrx_word' id='word_1_695' title='bbox 3227 3919 3256 3970; x_wconf 83' lang='grc' dir='ltr'>ὁ</span> <span class='ocrx_word' id='word_1_696' title='bbox 3295 3919 3354 3970; x_wconf 81' lang='grc' dir='ltr'><strong>ἐν</strong></span> <span class='ocrx_word' id='word_1_697' title='bbox 3388 3921 3454 3990; x_wconf 72' lang='grc' dir='ltr'>τῇ</span> <span class='ocrx_word' id='word_1_698' title='bbox 3486 3919 3607 3971; x_wconf 86' lang='grc' dir='ltr'><strong>Πα-</strong></span> 
     </span>
    </p>
   </div>
   <div class='ocr_carea' id='block_1_86' title="bbox 2022 3989 3602 4080">
    <p class='ocr_par' dir='ltr' id='par_1_86' title="bbox 2022 3989 3602 4080">
     <span class='ocr_line' id='line_1_86' title="bbox 2022 3989 3602 4080; baseline 0.003 -23"><span class='ocrx_word' id='word_1_699' title='bbox 2022 4003 2149 4076; x_wconf 81' lang='grc' dir='ltr'>λαιᾷ</span> <span class='ocrx_word' id='word_1_700' title='bbox 2201 4006 2315 4075; x_wconf 76' lang='grc'>(64)</span> <span class='ocrx_word' id='word_1_701' title='bbox 2382 3989 2440 4059; x_wconf 69' lang='grc' dir='ltr'>ἐν</span> <span class='ocrx_word' id='word_1_702' title='bbox 2492 4006 2705 4070; x_wconf 75' lang='grc' dir='ltr'>πολλοῖς</span> <span class='ocrx_word' id='word_1_703' title='bbox 2769 4006 3215 4080; x_wconf 79' lang='grc' dir='ltr'>σαφηνιζόμενος.</span> <span class='ocrx_word' id='word_1_704' title='bbox 3283 4007 3443 4062; x_wconf 74' lang='grc' dir='ltr'>Ἀλλὰ</span> <span class='ocrx_word' id='word_1_705' title='bbox 3488 4010 3602 4074; x_wconf 77' lang='grc' dir='ltr'>ναὶ,</span> 
     </span>
    </p>
   </div>
   <div class='ocr_carea' id='block_1_87' title="bbox 2023 4097 3604 4170">
    <p class='ocr_par' dir='ltr' id='par_1_87' title="bbox 2023 4097 3604 4170">
     <span class='ocr_line' id='line_1_87' title="bbox 2023 4097 3604 4170; baseline 0.004 -22"><span class='ocrx_word' id='word_1_706' title='bbox 2023 4097 2176 4164; x_wconf 75' lang='grc' dir='ltr'>φασὶ,</span> <span class='ocrx_word' id='word_1_707' title='bbox 2212 4100 2384 4150; x_wconf 83' lang='grc' dir='ltr'>κεῖται</span> <span class='ocrx_word' id='word_1_708' title='bbox 2414 4098 2533 4169; x_wconf 86' lang='grc' dir='ltr'>μὲν,</span> <span class='ocrx_word' id='word_1_709' title='bbox 2567 4098 2922 4170; x_wconf 82' lang='grc' dir='ltr'>προφητικῶς</span> <span class='ocrx_word' id='word_1_710' title='bbox 2973 4099 3029 4153; x_wconf 85' lang='grc' dir='ltr'>δὲ</span> <span class='ocrx_word' id='word_1_711' title='bbox 3067 4100 3242 4152; x_wconf 63' lang='lat' dir='ltr'><strong>Eatur</strong></span> <span class='ocrx_word' id='word_1_712' title='bbox 3277 4101 3472 4154; x_wconf 77' lang='grc' dir='ltr'>οὐκοῦν</span> <span class='ocrx_word' id='word_1_713' title='bbox 3503 4102 3604 4154; x_wconf 80' lang='grc' dir='ltr'>καὶ</span> 
     </span>
    </p>
   </div>
   <div class='ocr_carea' id='block_1_88' title="bbox 2025 4187 3598 4262">
    <p class='ocr_par' dir='ltr' id='par_1_88' title="bbox 2025 4187 3598 4262">
     <span class='ocr_line' id='line_1_88' title="bbox 2025 4187 3598 4262; baseline 0.004 -23"><span class='ocrx_word' id='word_1_714' title='bbox 2025 4189 2154 4259; x_wconf 83' lang='grc' dir='ltr'>περὶ</span> <span class='ocrx_word' id='word_1_715' title='bbox 2177 4187 2271 4242; x_wconf 80' lang='grc' dir='ltr'>τοῦ</span> <span class='ocrx_word' id='word_1_716' title='bbox 2302 4190 2476 4258; x_wconf 88' lang='grc' dir='ltr'>Λόγου</span> <span class='ocrx_word' id='word_1_717' title='bbox 2528 4190 2880 4261; x_wconf 84' lang='grc' dir='ltr'>προφητικῶς</span> <span class='ocrx_word' id='word_1_718' title='bbox 2933 4191 3183 4262; x_wconf 80' lang='grc' dir='ltr'>εἰρῆσθαι</span> <span class='ocrx_word' id='word_1_719' title='bbox 3230 4191 3445 4262; x_wconf 86' lang='grc' dir='ltr'>λεχθείη</span> <span class='ocrx_word' id='word_1_720' title='bbox 3505 4193 3598 4248; x_wconf 85' lang='grc' dir='ltr'><strong>ἄν.</strong></span> 
     </span>
    </p>
   </div>
   <div class='ocr_carea' id='block_1_89' title="bbox 2022 4278 3615 4355">
    <p class='ocr_par' dir='ltr' id='par_1_89' title="bbox 2022 4278 3615 4355">
     <span class='ocr_line' id='line_1_89' title="bbox 2022 4278 3615 4355; baseline 0.005 -24"><span class='ocrx_word' id='word_1_721' title='bbox 2022 4280 2098 4332; x_wconf 85' lang='grc' dir='ltr'><strong>Οὐ</strong></span> <span class='ocrx_word' id='word_1_722' title='bbox 2131 4278 2240 4350; x_wconf 84' lang='grc' dir='ltr'>γὰρ</span> <span class='ocrx_word' id='word_1_723' title='bbox 2267 4280 2328 4333; x_wconf 85' lang='grc' dir='ltr'><strong>τὸ</strong></span> <span class='ocrx_word' id='word_1_724' title='bbox 2365 4280 2483 4351; x_wconf 80' lang='grc' dir='ltr'>μὲν,</span> <span class='ocrx_word' id='word_1_725' title='bbox 2511 4281 2574 4334; x_wconf 87' lang='grc' dir='ltr'><strong>τὸ</strong></span> <span class='ocrx_word' id='word_1_726' title='bbox 2601 4281 2658 4334; x_wconf 82' lang='grc' dir='ltr'>δέ</span> <span class='ocrx_word' id='word_1_727' title='bbox 2704 4281 2838 4350; x_wconf 79' lang='grc'>(65).</span> <span class='ocrx_word' id='word_1_728' title='bbox 2875 4283 2938 4336; x_wconf 88' lang='grc' dir='ltr'><strong>Εἰ</strong></span> <span class='ocrx_word' id='word_1_729' title='bbox 2977 4282 3086 4355; x_wconf 85' lang='grc' dir='ltr'>γὰρ</span> <span class='ocrx_word' id='word_1_730' title='bbox 3107 4283 3186 4348; x_wconf 87' lang='grc' dir='ltr'><strong>τὸ,</strong></span> <span class='ocrx_word' id='word_1_731' title='bbox 3237 4285 3368 4348; x_wconf 85' lang='grc' dir='ltr'>Υἱός</span> <span class='ocrx_word' id='word_1_732' title='bbox 3397 4303 3514 4352; x_wconf 82' lang='grc' dir='ltr'><strong>μου</strong></span> <span class='ocrx_word' id='word_1_733' title='bbox 3545 4281 3615 4341; x_wconf 84' lang='grc' dir='ltr'>ετ</span> 
     </span>
    </p>
   </div>
   <div class='ocr_carea' id='block_1_90' title="bbox 349 4364 1915 4444">
    <p class='ocr_par' dir='ltr' id='par_1_90' title="bbox 349 4364 1915 4442">
     <span class='ocr_line' id='line_1_90' title="bbox 349 4364 1915 4442; baseline 0.003 -24"><span class='ocrx_word' id='word_1_734' title='bbox 349 4364 460 4442; x_wconf 74' lang='lat' dir='ltr'><strong>illis</strong></span> <span class='ocrx_word' id='word_1_735' title='bbox 486 4365 668 4421; x_wconf 84' lang='lat' dir='ltr'><strong>verbis</strong></span> <span class='ocrx_word' id='word_1_736' title='bbox 697 4367 986 4422; x_wconf 88' lang='lat' dir='ltr'><strong>dicendum</strong></span> <span class='ocrx_word' id='word_1_737' title='bbox 1009 4379 1112 4431; x_wconf 86' lang='lat' dir='ltr'><strong>est,</strong></span> <span class='ocrx_word' id='word_1_738' title='bbox 1153 4366 1317 4422; x_wconf 87' lang='lat' dir='ltr'><strong>Verbo</strong></span> <span class='ocrx_word' id='word_1_739' title='bbox 1337 4366 1553 4422; x_wconf 81' lang='lat' dir='ltr'><strong>Domini</strong></span> <span class='ocrx_word' id='word_1_740' title='bbox 1572 4367 1691 4433; x_wconf 65' lang='lat' dir='ltr'><strong>caeli</strong></span> <span class='ocrx_word' id='word_1_741' title='bbox 1714 4370 1915 4438; x_wconf 81' lang='lat' dir='ltr'><strong>ﬁrmati</strong></span> 
     </span>
    </p>
   </div>
   <div class='ocr_carea' id='block_1_91' title="bbox 2025 4364 3606 4444">
    <p class='ocr_par' dir='ltr' id='par_1_91' title="bbox 2025 4371 3606 4444">
     <span class='ocr_line' id='line_1_91' title="bbox 2025 4371 3606 4444; baseline 0.003 -19"><span class='ocrx_word' id='word_1_742' title='bbox 2025 4371 2122 4436; x_wconf 81' lang='grc' dir='ltr'>σὺ,</span> <span class='ocrx_word' id='word_1_743' title='bbox 2151 4372 2243 4424; x_wconf 79' lang='grc' dir='ltr'>ἐπὶ</span> <span class='ocrx_word' id='word_1_744' title='bbox 2275 4371 2577 4444; x_wconf 86' lang='grc' dir='ltr'>μέλλοντος,</span> <span class='ocrx_word' id='word_1_745' title='bbox 2621 4372 2777 4444; x_wconf 81' lang='grc' dir='ltr'>δῆλον</span> <span class='ocrx_word' id='word_1_746' title='bbox 2807 4373 2888 4426; x_wconf 82' lang='grc' dir='ltr'>ὅτι</span> <span class='ocrx_word' id='word_1_747' title='bbox 2930 4375 3022 4428; x_wconf 77' lang='grc' dir='ltr'><strong>καὶ</strong></span> <span class='ocrx_word' id='word_1_748' title='bbox 3048 4375 3128 4440; x_wconf 86' lang='grc' dir='ltr'><strong>τὸ,</strong></span> <span class='ocrx_word' id='word_1_749' title='bbox 3171 4375 3255 4441; x_wconf 86' lang='grc' dir='ltr'><strong>Τῷ</strong></span> <span class='ocrx_word' id='word_1_750' title='bbox 3283 4377 3450 4444; x_wconf 79' lang='grc' dir='ltr'>Λόγῳ</span> <span class='ocrx_word' id='word_1_751' title='bbox 3481 4380 3606 4430; x_wconf 86' lang='grc' dir='ltr'><strong>Κυ-</strong></span> 
     </span>
    </p>
   </div>
   <div class='ocr_carea' id='block_1_92' title="bbox 423 4497 1915 4574">
    <p class='ocr_par' dir='ltr' id='par_1_92' title="bbox 423 4497 1891 4574">
     <span class='ocr_line' id='line_1_92' title="bbox 423 4497 1891 4574; baseline -0.012 0"><span class='ocrx_word' id='word_1_752' title='bbox 423 4498 471 4574; x_wconf 56' lang='grc' dir='ltr'>ῗ</span> <span class='ocrx_word' id='word_1_753' title='bbox 505 4497 690 4574; x_wconf 70' lang='grc' dir='ltr'><strong>¹,Βθεσ</strong></span> <span class='ocrx_word' id='word_1_754' title='bbox 729 4516 824 4574; x_wconf 62' lang='lat' dir='ltr'><strong>VU}</strong></span> <span class='ocrx_word' id='word_1_755' title='bbox 850 4540 864 4566; x_wconf 71' lang='grc'><strong>9</strong></span> <span class='ocrx_word' id='word_1_756' title='bbox 895 4500 1017 4574; x_wconf 67' lang='lat'><strong>27._</strong></span> <span class='ocrx_word' id='word_1_757' title='bbox 1059 4502 1108 4533; x_wconf 81' lang='grc'><strong>⁹³</strong></span> <span class='ocrx_word' id='word_1_758' title='bbox 1143 4501 1300 4574; x_wconf 67' lang='grc' dir='ltr'>Ιοοιι.</span> <span class='ocrx_word' id='word_1_759' title='bbox 1326 4519 1381 4564; x_wconf 78' lang='lat' dir='ltr'><strong>x,</strong></span> <span class='ocrx_word' id='word_1_760' title='bbox 1414 4502 1504 4574; x_wconf 61' lang='grc' dir='ltr'><strong>ἰξυ.</strong></span> <span class='ocrx_word' id='word_1_761' title='bbox 1534 4573 1539 4574; x_wconf 17' lang='grc' dir='ltr'><em>ν</em></span> <span class='ocrx_word' id='word_1_762' title='bbox 1577 4502 1626 4544; x_wconf 60' lang='grc' dir='ltr'><strong><em>’β</em></strong></span> <span class='ocrx_word' id='word_1_763' title='bbox 1660 4501 1818 4558; x_wconf 82' lang='lat' dir='ltr'><strong>Joan.</strong></span> <span class='ocrx_word' id='word_1_764' title='bbox 1853 4521 1891 4569; x_wconf 89' lang='grc' dir='ltr'><strong>ι,</strong></span> 
     </span>
    </p>
   </div>
   <div class='ocr_carea' id='block_1_93' title="bbox 2025 4497 3602 4574">
    <p class='ocr_par' dir='ltr' id='par_1_93' title="bbox 2083 4505 3602 4574">
     <span class='ocr_line' id='line_1_93' title="bbox 2083 4505 3602 4574; baseline 0.004 -14"><span class='ocrx_word' id='word_1_765' title='bbox 2083 4507 2131 4540; x_wconf 79' lang='grc'><strong>⁸⁸</strong></span> <span class='ocrx_word' id='word_1_766' title='bbox 2170 4505 2327 4562; x_wconf 84' lang='lat' dir='ltr'><strong>Joan.</strong></span> <span class='ocrx_word' id='word_1_767' title='bbox 2355 4524 2464 4572; x_wconf 77' lang='lat' dir='ltr'><strong>xw,</strong></span> <span class='ocrx_word' id='word_1_768' title='bbox 2493 4508 2546 4562; x_wconf 89' lang='lat'><strong>9.</strong></span> <span class='ocrx_word' id='word_1_769' title='bbox 2621 4507 2668 4539; x_wconf 80' lang='lat'><strong>&quot;</strong></span> <span class='ocrx_word' id='word_1_770' title='bbox 2705 4507 2848 4563; x_wconf 86' lang='lat' dir='ltr'><strong>Psal.</strong></span> <span class='ocrx_word' id='word_1_771' title='bbox 2879 4523 2938 4574; x_wconf 89' lang='grc' dir='ltr'><strong>ιι,</strong></span> <span class='ocrx_word' id='word_1_772' title='bbox 2974 4509 3024 4562; x_wconf 92' lang='grc'><strong>7.</strong></span> <span class='ocrx_word' id='word_1_773' title='bbox 3101 4510 3147 4543; x_wconf 77' lang='grc'><strong>³⁷</strong></span> <span class='ocrx_word' id='word_1_774' title='bbox 3201 4509 3348 4564; x_wconf 86' lang='lat' dir='ltr'><strong>Psal.</strong></span> <span class='ocrx_word' id='word_1_775' title='bbox 3413 4526 3464 4564; x_wconf 79' lang='lat' dir='ltr'><strong>Ix</strong></span> <span class='ocrx_word' id='word_1_776' title='bbox 3493 4552 3508 4574; x_wconf 92' lang='lat'><strong>,</strong></span> <span class='ocrx_word' id='word_1_777' title='bbox 3544 4511 3602 4567; x_wconf 76' lang='grc'><strong>1.</strong></span> 
     </span>
    </p>
   </div>
   <div class='ocr_carea' id='block_1_94' title="bbox 348 4566 1915 4648">
    <p class='ocr_par' dir='ltr' id='par_1_94' title="bbox 348 4566 1907 4648">
     <span class='ocr_line' id='line_1_94' title="bbox 348 4566 1907 4648; baseline 0.002 -24"><span class='ocrx_word' id='word_1_778' title='bbox 348 4569 398 4624; x_wconf 65' lang='grc' dir='ltr'><strong>ς⁹⁸</strong></span> <span class='ocrx_word' id='word_1_779' title='bbox 430 4566 578 4641; x_wconf 86' lang='lat' dir='ltr'><strong>Psal.</strong></span> <span class='ocrx_word' id='word_1_780' title='bbox 611 4566 757 4648; x_wconf 70' lang='grc' dir='ltr'>χὶιν,</span> <span class='ocrx_word' id='word_1_781' title='bbox 787 4572 839 4626; x_wconf 81' lang='grc'><strong>1.</strong></span> <span class='ocrx_word' id='word_1_782' title='bbox 917 4574 960 4604; x_wconf 74' lang='grc'><strong>⁸³</strong></span> <span class='ocrx_word' id='word_1_783' title='bbox 1001 4572 1106 4646; x_wconf 64' lang='lat' dir='ltr'><strong>lsa.</strong></span> <span class='ocrx_word' id='word_1_784' title='bbox 1143 4588 1196 4639; x_wconf 91' lang='lat' dir='ltr'><strong>v,</strong></span> <span class='ocrx_word' id='word_1_785' title='bbox 1234 4573 1286 4626; x_wconf 86' lang='lat'><strong>1.</strong></span> <span class='ocrx_word' id='word_1_786' title='bbox 1365 4574 1380 4602; x_wconf 73' lang='grc'>³</span> <span class='ocrx_word' id='word_1_787' title='bbox 1421 4571 1566 4642; x_wconf 81' lang='lat' dir='ltr'><strong>Psal.</strong></span> <span class='ocrx_word' id='word_1_788' title='bbox 1609 4589 1721 4646; x_wconf 59' lang='lat' dir='ltr'><strong>eis,</strong></span> <span class='ocrx_word' id='word_1_789' title='bbox 1756 4574 1809 4627; x_wconf 83' lang='lat'><strong>5.</strong></span> <span class='ocrx_word' id='word_1_790' title='bbox 1878 4566 1907 4607; x_wconf 76' lang='grc'><strong>’⁸</strong></span> 
     </span>
    </p>
   </div>
   <div class='ocr_carea' id='block_1_95' title="bbox 2025 4566 2900 4648">
    <p class='ocr_par' dir='ltr' id='par_1_95' title="bbox 2025 4566 2900 4646">
     <span class='ocr_line' id='line_1_95' title="bbox 2025 4566 2900 4646; baseline -0.001 -14"><span class='ocrx_word' id='word_1_791' title='bbox 2025 4592 2106 4633; x_wconf 80' lang='lat' dir='ltr'><strong>0v.</strong></span> <span class='ocrx_word' id='word_1_792' title='bbox 2142 4595 2261 4643; x_wconf 84' lang='lat' dir='ltr'><strong>vm,</strong></span> <span class='ocrx_word' id='word_1_793' title='bbox 2288 4578 2379 4632; x_wconf 72' lang='grc'><strong>25.</strong></span> <span class='ocrx_word' id='word_1_794' title='bbox 2454 4566 2478 4610; x_wconf 61' lang='grc' dir='ltr'><strong>δ</strong></span> <span class='ocrx_word' id='word_1_795' title='bbox 2516 4576 2651 4632; x_wconf 87' lang='lat' dir='ltr'><strong>Dan.</strong></span> <span class='ocrx_word' id='word_1_796' title='bbox 2693 4595 2775 4646; x_wconf 92' lang='grc' dir='ltr'>ιιι,</span> <span class='ocrx_word' id='word_1_797' title='bbox 2811 4579 2900 4634; x_wconf 78' lang='grc'><strong>92.</strong></span> 
     </span>
    </p>
   </div>
   <div class='ocr_carea' id='block_1_96' title="bbox 351 4700 1915 4835">
    <p class='ocr_par' dir='ltr' id='par_1_96' title="bbox 351 4700 1915 4835">
     <span class='ocr_line' id='line_1_96' title="bbox 351 4700 1915 4835; baseline 0.002 -70"><span class='ocrx_word' id='word_1_798' title='bbox 351 4708 536 4835; x_wconf 52' lang='grc' dir='ltr'>Υἰὲδϐ)</span> <span class='ocrx_word' id='word_1_799' title='bbox 567 4709 905 4775; x_wconf 86' lang='lat' dir='ltr'><strong>Goblerian.,</strong></span> <span class='ocrx_word' id='word_1_800' title='bbox 937 4711 1199 4782; x_wconf 87' lang='grc' dir='ltr'>δηλονότι.</span> <span class='ocrx_word' id='word_1_801' title='bbox 1232 4700 1355 4768; x_wconf 63' lang='lat' dir='ltr'><strong>Mos</strong></span> <span class='ocrx_word' id='word_1_802' title='bbox 1388 4712 1674 4784; x_wconf 79' lang='lat' dir='ltr'><strong>Anglican.</strong></span> <span class='ocrx_word' id='word_1_803' title='bbox 1710 4706 1754 4781; x_wconf 81' lang='grc' dir='ltr'>ᾧ</span> <span class='ocrx_word' id='word_1_804' title='bbox 1801 4713 1867 4768; x_wconf 85' lang='grc' dir='ltr'>ἂν</span> <span class='ocrx_word' id='word_1_805' title='bbox 1895 4716 1915 4768; x_wconf 74' lang='grc' dir='ltr'><strong><em>ὁ</em></strong></span> 
     </span>
     <span class='ocr_line' id='line_1_97' title="bbox 451 4799 499 4835; baseline -0.021 0"><span class='ocrx_word' id='word_1_806' title='bbox 451 4799 499 4835; x_wconf 82' lang='lat' dir='ltr'><strong>c.</strong></span> 
     </span>
    </p>
   </div>
   <div class='ocr_carea' id='block_1_97' title="bbox 2025 4700 3606 4835">
    <p class='ocr_par' dir='ltr' id='par_1_97' title="bbox 2031 4715 3606 4835">
     <span class='ocr_line' id='line_1_98' title="bbox 2103 4715 3606 4788; baseline 0.006 -19"><span class='ocrx_word' id='word_1_807' title='bbox 2103 4716 2212 4787; x_wconf 84' lang='lat'><strong>(6|)</strong></span> <span class='ocrx_word' id='word_1_808' title='bbox 2254 4715 2386 4786; x_wconf 80' lang='lat' dir='ltr'><strong>Reg.</strong></span> <span class='ocrx_word' id='word_1_809' title='bbox 2450 4728 2504 4772; x_wconf 91' lang='lat' dir='ltr'><strong>et</strong></span> <span class='ocrx_word' id='word_1_810' title='bbox 2552 4717 2777 4788; x_wconf 81' lang='lat' dir='ltr'><strong>Seguer.</strong></span> <span class='ocrx_word' id='word_1_811' title='bbox 2827 4717 2922 4782; x_wconf 85' lang='grc' dir='ltr'><strong>τὸ,</strong></span> <span class='ocrx_word' id='word_1_812' title='bbox 2967 4717 3094 4780; x_wconf 82' lang='grc' dir='ltr'>Υἱός</span> <span class='ocrx_word' id='word_1_813' title='bbox 3137 4735 3260 4788; x_wconf 82' lang='grc' dir='ltr'>μου.</span> <span class='ocrx_word' id='word_1_814' title='bbox 3299 4718 3355 4772; x_wconf 84' lang='grc' dir='ltr'>1η</span> <span class='ocrx_word' id='word_1_815' title='bbox 3399 4721 3520 4774; x_wconf 84' lang='lat' dir='ltr'><strong>aliis</strong></span> <span class='ocrx_word' id='word_1_816' title='bbox 3547 4733 3606 4778; x_wconf 79' lang='lat' dir='ltr'><strong>et</strong></span> 
     </span>
     <span class='ocr_line' id='line_1_99' title="bbox 2031 4786 3598 4835; baseline 0 0"><span class='ocrx_word' id='word_1_817' title='bbox 2031 4786 2194 4835; x_wconf 79' lang='lat' dir='ltr'><strong>editis</strong></span> <span class='ocrx_word' id='word_1_818' title='bbox 2221 4788 2371 4835; x_wconf 78' lang='lat' dir='ltr'><strong>deest</strong></span> <span class='ocrx_word' id='word_1_819' title='bbox 2394 4788 2474 4835; x_wconf 83' lang='grc' dir='ltr'>τό.</span> <span class='ocrx_word' id='word_1_820' title='bbox 2510 4787 2626 4835; x_wconf 78' lang='lat' dir='ltr'><strong>Mox</strong></span> <span class='ocrx_word' id='word_1_821' title='bbox 2662 4787 2793 4835; x_wconf 62' lang='lat' dir='ltr'><strong>lien.</strong></span> <span class='ocrx_word' id='word_1_822' title='bbox 2825 4787 3047 4835; x_wconf 72' lang='lat' dir='ltr'><strong>Semner.</strong></span> <span class='ocrx_word' id='word_1_823' title='bbox 3081 4786 3244 4835; x_wconf 76' lang='lat' dir='ltr'><strong>Basil-</strong></span> <span class='ocrx_word' id='word_1_824' title='bbox 3276 4797 3330 4835; x_wconf 77' lang='lat' dir='ltr'><strong>et</strong></span> <span class='ocrx_word' id='word_1_825' title='bbox 3388 4791 3598 4835; x_wconf 62' lang='lat' dir='ltr'><strong>Anglia-</strong></span> 
     </span>
    </p>
   </div>
   <div class='ocr_carea' id='block_1_98' title="bbox 421 4849 1926 4923">
    <p class='ocr_par' dir='ltr' id='par_1_98' title="bbox 421 4849 1926 4923">
     <span class='ocr_line' id='line_1_100' title="bbox 421 4849 1926 4923; baseline 0.001 -18"><span class='ocrx_word' id='word_1_826' title='bbox 421 4851 536 4923; x_wconf 84' lang='lat'><strong>(56)</strong></span> <span class='ocrx_word' id='word_1_827' title='bbox 575 4851 708 4923; x_wconf 77' lang='lat' dir='ltr'><strong>Reg.</strong></span> <span class='ocrx_word' id='word_1_828' title='bbox 734 4851 1034 4923; x_wconf 79' lang='lat' dir='ltr'><strong>et__Segu_er.</strong></span> <span class='ocrx_word' id='word_1_829' title='bbox 1071 4850 1277 4911; x_wconf 44' lang='lat' dir='ltr'><strong>adeunt</strong></span> <span class='ocrx_word' id='word_1_830' title='bbox 1304 4849 1463 4923; x_wconf 79' lang='grc' dir='ltr'>εἶναι,</span> <span class='ocrx_word' id='word_1_831' title='bbox 1493 4853 1638 4920; x_wconf 88' lang='lat' dir='ltr'><strong>quod</strong></span> <span class='ocrx_word' id='word_1_832' title='bbox 1669 4852 1822 4923; x_wconf 80' lang='lat' dir='ltr'><strong>abest</strong></span> <span class='ocrx_word' id='word_1_833' title='bbox 1854 4856 1926 4923; x_wconf 76' lang='lat' dir='ltr'><strong>ab</strong></span> 
     </span>
    </p>
   </div>
   <div class='ocr_carea' id='block_1_99' title="bbox 349 4913 1924 4994">
    <p class='ocr_par' dir='ltr' id='par_1_99' title="bbox 349 4913 1924 4994">
     <span class='ocr_line' id='line_1_101' title="bbox 349 4913 1924 4994; baseline 0.003 -20"><span class='ocrx_word' id='word_1_834' title='bbox 349 4913 751 4994; x_wconf 71' lang='lat' dir='ltr'><strong>aliis_et_edi_tis.</strong></span> <span class='ocrx_word' id='word_1_835' title='bbox 776 4913 915 4994; x_wconf 67' lang='grc' dir='ltr'><strong>ΔΜοιῐ</strong></span> <span class='ocrx_word' id='word_1_836' title='bbox 946 4921 1076 4993; x_wconf 76' lang='lat' dir='ltr'><strong>Reg.</strong></span> <span class='ocrx_word' id='word_1_837' title='bbox 1110 4937 1163 4979; x_wconf 77' lang='lat' dir='ltr'><strong>et</strong></span> <span class='ocrx_word' id='word_1_838' title='bbox 1187 4921 1410 4994; x_wconf 78' lang='lat' dir='ltr'><strong>Seguer.</strong></span> <span class='ocrx_word' id='word_1_839' title='bbox 1449 4913 1699 4994; x_wconf 57' lang='grc' dir='ltr'>ἐρέσθαι.</span> <span class='ocrx_word' id='word_1_840' title='bbox 1728 4913 1924 4979; x_wconf 63' lang='lat' dir='ltr'><strong>Creteri</strong></span> 
     </span>
    </p>
   </div>
   <div class='ocr_carea' id='block_1_100' title="bbox 346 4991 978 5063">
    <p class='ocr_par' dir='ltr' id='par_1_100' title="bbox 346 4991 978 5063">
     <span class='ocr_line' id='line_1_102' title="bbox 346 4991 978 5063; baseline -0.016 -11"><span class='ocrx_word' id='word_1_841' title='bbox 346 5001 405 5055; x_wconf 70' lang='lat' dir='ltr'><strong>.CI</strong></span> <span class='ocrx_word' id='word_1_842' title='bbox 432 4991 564 5063; x_wconf 58' lang='lat' dir='ltr'><strong>editi</strong></span> <span class='ocrx_word' id='word_1_843' title='bbox 586 5032 610 5063; x_wconf 80' lang='lat'><strong>_,</strong></span> <span class='ocrx_word' id='word_1_844' title='bbox 639 4991 885 5063; x_wconf 53' lang='grc' dir='ltr'><strong>ἔρεσθαιἑ</strong></span> <span class='ocrx_word' id='word_1_845' title='bbox 974 4995 978 4998; x_wconf 85' lang='grc'><em>’</em></span> 
     </span>
    </p>
   </div>
   <div class='ocr_carea' id='block_1_101' title="bbox 422 5059 1926 5136">
    <p class='ocr_par' dir='ltr' id='par_1_101' title="bbox 422 5059 1926 5136">
     <span class='ocr_line' id='line_1_103' title="bbox 422 5059 1926 5136; baseline 0.005 -24"><span class='ocrx_word' id='word_1_846' title='bbox 422 5059 535 5136; x_wconf 73' lang='lat'><strong>(5_7~)</strong></span> <span class='ocrx_word' id='word_1_847' title='bbox 557 5059 825 5136; x_wconf 57' lang='lat' dir='ltr'><strong>_Sic&#39;Reg.</strong></span> <span class='ocrx_word' id='word_1_848' title='bbox 854 5060 1075 5132; x_wconf 76' lang='lat' dir='ltr'><strong>Seguer.</strong></span> <span class='ocrx_word' id='word_1_849' title='bbox 1108 5062 1273 5136; x_wconf 69' lang='lat' dir='ltr'><strong>Basil.</strong></span> <span class='ocrx_word' id='word_1_850' title='bbox 1301 5073 1356 5118; x_wconf 85' lang='lat' dir='ltr'><strong>et</strong></span> <span class='ocrx_word' id='word_1_851' title='bbox 1384 5062 1594 5134; x_wconf 79' lang='lat' dir='ltr'><strong>Anglic.</strong></span> <span class='ocrx_word' id='word_1_852' title='bbox 1627 5065 1685 5116; x_wconf 91' lang='lat' dir='ltr'><strong>In</strong></span> <span class='ocrx_word' id='word_1_853' title='bbox 1719 5063 1841 5119; x_wconf 90' lang='lat' dir='ltr'><strong>aliis</strong></span> <span class='ocrx_word' id='word_1_854' title='bbox 1869 5073 1926 5119; x_wconf 85' lang='lat' dir='ltr'><strong>et</strong></span> 
     </span>
    </p>
   </div>
   <div class='ocr_carea' id='block_1_102' title="bbox 350 5131 828 5188">
    <p class='ocr_par' dir='ltr' id='par_1_102' title="bbox 350 5131 828 5188">
     <span class='ocr_line' id='line_1_104' title="bbox 350 5131 828 5188; baseline -0.004 0"><span class='ocrx_word' id='word_1_855' title='bbox 350 5132 510 5188; x_wconf 83' lang='lat' dir='ltr'><strong>editis</strong></span> <span class='ocrx_word' id='word_1_856' title='bbox 538 5131 690 5186; x_wconf 80' lang='lat' dir='ltr'><strong>deest</strong></span> <span class='ocrx_word' id='word_1_857' title='bbox 715 5132 828 5186; x_wconf 84' lang='grc' dir='ltr'>καί.</span> 
     </span>
    </p>
   </div>
   <div class='ocr_carea' id='block_1_103' title="bbox 423 5200 1924 5272">
    <p class='ocr_par' dir='ltr' id='par_1_103' title="bbox 423 5200 1924 5272">
     <span class='ocr_line' id='line_1_105' title="bbox 423 5200 1924 5272; baseline 0.002 -18"><span class='ocrx_word' id='word_1_858' title='bbox 423 5200 536 5272; x_wconf 80' lang='grc'>(58)</span> <span class='ocrx_word' id='word_1_859' title='bbox 576 5201 668 5255; x_wconf 91' lang='lat' dir='ltr'><strong>Sic</strong></span> <span class='ocrx_word' id='word_1_860' title='bbox 705 5201 835 5270; x_wconf 80' lang='lat' dir='ltr'><strong>Reg.</strong></span> <span class='ocrx_word' id='word_1_861' title='bbox 869 5200 1090 5272; x_wconf 81' lang='lat' dir='ltr'><strong>Seguer.</strong></span> <span class='ocrx_word' id='word_1_862' title='bbox 1124 5203 1284 5256; x_wconf 87' lang='lat' dir='ltr'><strong>Basil.</strong></span> <span class='ocrx_word' id='word_1_863' title='bbox 1317 5212 1371 5256; x_wconf 90' lang='lat' dir='ltr'><strong>et</strong></span> <span class='ocrx_word' id='word_1_864' title='bbox 1401 5202 1607 5268; x_wconf 80' lang='lat' dir='ltr'><strong>Anglic.</strong></span> <span class='ocrx_word' id='word_1_865' title='bbox 1640 5202 1706 5256; x_wconf 87' lang='lat' dir='ltr'><strong>At</strong></span> <span class='ocrx_word' id='word_1_866' title='bbox 1736 5203 1827 5256; x_wconf 86' lang='lat' dir='ltr'><strong>alii</strong></span> <span class='ocrx_word' id='word_1_867' title='bbox 1867 5212 1924 5258; x_wconf 84' lang='lat' dir='ltr'><strong>et</strong></span> 
     </span>
    </p>
   </div>
   <div class='ocr_carea' id='block_1_104' title="bbox 349 5271 1919 5343">
    <p class='ocr_par' dir='ltr' id='par_1_104' title="bbox 349 5271 1919 5343">
     <span class='ocr_line' id='line_1_106' title="bbox 349 5271 1919 5343; baseline 0 -18"><span class='ocrx_word' id='word_1_868' title='bbox 349 5271 483 5343; x_wconf 63' lang='lat' dir='ltr'><strong>editi</strong></span> <span class='ocrx_word' id='word_1_869' title='bbox 510 5273 762 5326; x_wconf 89' lang='lat' dir='ltr'><strong>omittunt</strong></span> <span class='ocrx_word' id='word_1_870' title='bbox 802 5271 1161 5343; x_wconf 69' lang='grc' dir='ltr'>περὶαύτοῦ.</span> <span class='ocrx_word' id='word_1_871' title='bbox 1194 5273 1315 5326; x_wconf 78' lang='lat' dir='ltr'><strong>Mox</strong></span> <span class='ocrx_word' id='word_1_872' title='bbox 1375 5272 1598 5343; x_wconf 62' lang='lat' dir='ltr'><strong>Gobler.</strong></span> <span class='ocrx_word' id='word_1_873' title='bbox 1639 5273 1836 5325; x_wconf 82' lang='grc' dir='ltr'>ἐκεῖνοι</span> <span class='ocrx_word' id='word_1_874' title='bbox 1869 5277 1919 5329; x_wconf 77' lang='grc' dir='ltr'>οἱ</span> 
     </span>
    </p>
   </div>
   <div class='ocr_carea' id='block_1_105' title="bbox 347 5334 1774 5414">
    <p class='ocr_par' dir='ltr' id='par_1_105' title="bbox 347 5334 1774 5414">
     <span class='ocr_line' id='line_1_107' title="bbox 347 5334 1774 5414; baseline 0.001 -21"><span class='ocrx_word' id='word_1_875' title='bbox 347 5334 827 5414; x_wconf 38' lang='grc' dir='ltr'>ἆσεϐεῖςέᾼιιξςιίο.</span> <span class='ocrx_word' id='word_1_876' title='bbox 856 5334 1074 5405; x_wconf 78' lang='lat' dir='ltr'><strong>ibidem,</strong></span> <span class='ocrx_word' id='word_1_877' title='bbox 1102 5343 1323 5414; x_wconf 85' lang='grc' dir='ltr'>διαιρεῖν</span> <span class='ocrx_word' id='word_1_878' title='bbox 1355 5345 1452 5413; x_wconf 73' lang='grc' dir='ltr'><strong>τὴν</strong></span> <span class='ocrx_word' id='word_1_879' title='bbox 1482 5341 1774 5414; x_wconf 72' lang='grc' dir='ltr'>Διαθήκην.</span> 
     </span>
    </p>
   </div>
   <div class='ocr_carea' id='block_1_106' title="bbox 422 5411 1916 5480">
    <p class='ocr_par' dir='ltr' id='par_1_106' title="bbox 422 5411 1916 5480">
     <span class='ocr_line' id='line_1_108' title="bbox 422 5411 1916 5480; baseline 0.004 -17"><span class='ocrx_word' id='word_1_880' title='bbox 422 5411 534 5480; x_wconf 83' lang='grc'>(59)</span> <span class='ocrx_word' id='word_1_881' title='bbox 577 5411 668 5466; x_wconf 88' lang='lat' dir='ltr'><strong>Sic</strong></span> <span class='ocrx_word' id='word_1_882' title='bbox 715 5412 768 5464; x_wconf 89' lang='lat' dir='ltr'><strong>in</strong></span> <span class='ocrx_word' id='word_1_883' title='bbox 815 5413 980 5480; x_wconf 78' lang='lat' dir='ltr'><strong>Hegio</strong></span> <span class='ocrx_word' id='word_1_884' title='bbox 1025 5411 1367 5466; x_wconf 83' lang='lat' dir='ltr'><strong>emendatum</strong></span> <span class='ocrx_word' id='word_1_885' title='bbox 1402 5411 1504 5468; x_wconf 83' lang='lat' dir='ltr'><strong>est.</strong></span> <span class='ocrx_word' id='word_1_886' title='bbox 1540 5411 1644 5465; x_wconf 85' lang='lat' dir='ltr'><strong>Alii</strong></span> <span class='ocrx_word' id='word_1_887' title='bbox 1675 5411 1728 5466; x_wconf 89' lang='lat' dir='ltr'><strong>et</strong></span> <span class='ocrx_word' id='word_1_888' title='bbox 1755 5412 1916 5469; x_wconf 87' lang='lat' dir='ltr'><strong>editi.</strong></span> 
     </span>
    </p>
   </div>
   <div class='ocr_carea' id='block_1_107' title="bbox 350 5480 1531 5552">
    <p class='ocr_par' dir='ltr' id='par_1_107' title="bbox 350 5480 1531 5552">
     <span class='ocr_line' id='line_1_109' title="bbox 350 5480 1531 5552; baseline 0.004 -19"><span class='ocrx_word' id='word_1_889' title='bbox 350 5480 617 5551; x_wconf 77' lang='grc' dir='ltr'>δέχεσθαι.</span> <span class='ocrx_word' id='word_1_890' title='bbox 655 5491 709 5535; x_wconf 87' lang='lat' dir='ltr'><strong>ut</strong></span> <span class='ocrx_word' id='word_1_891' title='bbox 737 5491 789 5534; x_wconf 75' lang='lat' dir='ltr'><strong>et</strong></span> <span class='ocrx_word' id='word_1_892' title='bbox 818 5484 968 5550; x_wconf 87' lang='lat' dir='ltr'><strong>prius</strong></span> <span class='ocrx_word' id='word_1_893' title='bbox 991 5485 1238 5536; x_wconf 81' lang='lat' dir='ltr'><strong>exstabat</strong></span> <span class='ocrx_word' id='word_1_894' title='bbox 1263 5484 1314 5536; x_wconf 89' lang='lat' dir='ltr'><strong>in</strong></span> <span class='ocrx_word' id='word_1_895' title='bbox 1344 5483 1531 5552; x_wconf 73' lang='lat' dir='ltr'><strong>Regio.</strong></span> 
     </span>
    </p>
   </div>
   <div class='ocr_carea' id='block_1_108' title="bbox 281 5552 1919 5624">
    <p class='ocr_par' dir='ltr' id='par_1_108' title="bbox 281 5552 1919 5624">
     <span class='ocr_line' id='line_1_110' title="bbox 281 5552 1919 5624; baseline 0.003 -20"><span class='ocrx_word' id='word_1_896' title='bbox 281 5599 283 5604; x_wconf 90' lang='grc'><strong>.</strong></span> <span class='ocrx_word' id='word_1_897' title='bbox 355 5552 364 5558; x_wconf 85' lang='grc'><strong>’</strong></span> <span class='ocrx_word' id='word_1_898' title='bbox 423 5552 820 5624; x_wconf 60' lang='grc' dir='ltr'>(ὕωβιιείὶεε.</span> <span class='ocrx_word' id='word_1_899' title='bbox 857 5553 1078 5624; x_wconf 65' lang='lat' dir='ltr'><strong>Seguer.</strong></span> <span class='ocrx_word' id='word_1_900' title='bbox 1108 5553 1324 5607; x_wconf 83' lang='lat' dir='ltr'><strong>Gobler.</strong></span> <span class='ocrx_word' id='word_1_901' title='bbox 1352 5565 1404 5610; x_wconf 86' lang='lat' dir='ltr'><strong>ct</strong></span> <span class='ocrx_word' id='word_1_902' title='bbox 1438 5554 1616 5611; x_wconf 80' lang='lat' dir='ltr'><strong>Fclck.</strong></span> <span class='ocrx_word' id='word_1_903' title='bbox 1654 5554 1697 5607; x_wconf 81' lang='grc' dir='ltr'><strong>Ι.</strong></span> <span class='ocrx_word' id='word_1_904' title='bbox 1725 5553 1795 5607; x_wconf 82' lang='grc' dir='ltr'>Αι</span> <span class='ocrx_word' id='word_1_905' title='bbox 1823 5555 1919 5624; x_wconf 81' lang='lat' dir='ltr'><strong>alii.</strong></span> 
     </span>
    </p>
   </div>
   <div class='ocr_carea' id='block_1_109' title="bbox 275 5621 1447 5695">
    <p class='ocr_par' dir='ltr' id='par_1_109' title="bbox 275 5621 1447 5695">
     <span class='ocr_line' id='line_1_111' title="bbox 275 5621 1447 5695; baseline 0 -21"><span class='ocrx_word' id='word_1_906' title='bbox 275 5661 284 5674; x_wconf 78' lang='lat'><strong><em>,</em></strong></span> <span class='ocrx_word' id='word_1_907' title='bbox 351 5628 408 5695; x_wconf 68' lang='lat' dir='ltr'><strong>et</strong></span> <span class='ocrx_word' id='word_1_908' title='bbox 438 5621 586 5688; x_wconf 82' lang='lat' dir='ltr'><strong>editi,</strong></span> <span class='ocrx_word' id='word_1_909' title='bbox 611 5621 725 5695; x_wconf 72' lang='grc' dir='ltr'>ἁλλ’</span> <span class='ocrx_word' id='word_1_910' title='bbox 758 5622 971 5694; x_wconf 76' lang='grc' dir='ltr'>ἀληθῶς</span> <span class='ocrx_word' id='word_1_911' title='bbox 1003 5623 1058 5677; x_wconf 75' lang='grc' dir='ltr'>δὲ</span> <span class='ocrx_word' id='word_1_912' title='bbox 1092 5625 1147 5677; x_wconf 77' lang='grc' dir='ltr'><strong>ἐν</strong></span> <span class='ocrx_word' id='word_1_913' title='bbox 1182 5628 1266 5694; x_wconf 80' lang='grc' dir='ltr'><strong>τῇ.</strong></span> <span class='ocrx_word' id='word_1_914' title='bbox 1443 5623 1447 5626; x_wconf 73' lang='grc'><em>’</em></span> 
     </span>
    </p>
   </div>
   <div class='ocr_carea' id='block_1_110' title="bbox 2031 4786 3601 4860">
    <p class='ocr_par' dir='ltr' id='par_1_110' title="bbox 2031 4786 3601 4860">
     <span class='ocr_line' id='line_1_112' title="bbox 2031 4786 3601 4860; baseline 0.003 -18"><span class='ocrx_word' id='word_1_915' title='bbox 2031 4786 2200 4860; x_wconf 83' lang='lat' dir='ltr'><strong>editis</strong></span> <span class='ocrx_word' id='word_1_916' title='bbox 2221 4788 2371 4860; x_wconf 74' lang='lat' dir='ltr'><strong>deest</strong></span> <span class='ocrx_word' id='word_1_917' title='bbox 2394 4788 2474 4840; x_wconf 86' lang='grc' dir='ltr'>τό.</span> <span class='ocrx_word' id='word_1_918' title='bbox 2509 4786 2793 4860; x_wconf 51' lang='grc' dir='ltr'>Μοκξιὶεε.</span> <span class='ocrx_word' id='word_1_919' title='bbox 2825 4787 3047 4860; x_wconf 78' lang='lat' dir='ltr'><strong>Seguer.</strong></span> <span class='ocrx_word' id='word_1_920' title='bbox 3080 4786 3244 4860; x_wconf 73' lang='lat' dir='ltr'><strong>Basil.</strong></span> <span class='ocrx_word' id='word_1_921' title='bbox 3276 4797 3345 4860; x_wconf 78' lang='lat' dir='ltr'><strong>et</strong></span> <span class='ocrx_word' id='word_1_922' title='bbox 3382 4791 3601 4860; x_wconf 77' lang='lat' dir='ltr'><strong>Anglic.</strong></span> 
     </span>
    </p>
   </div>
   <div class='ocr_carea' id='block_1_111' title="bbox 2032 4857 3602 4936">
    <p class='ocr_par' dir='ltr' id='par_1_111' title="bbox 2032 4857 3602 4936">
     <span class='ocr_line' id='line_1_113' title="bbox 2032 4857 3602 4936; baseline 0.003 -26"><span class='ocrx_word' id='word_1_923' title='bbox 2032 4858 2126 4936; x_wconf 74' lang='grc' dir='ltr'><strong>καὶ</strong></span> <span class='ocrx_word' id='word_1_924' title='bbox 2158 4859 2216 4909; x_wconf 82' lang='grc' dir='ltr'>ἐν</span> <span class='ocrx_word' id='word_1_925' title='bbox 2241 4857 2318 4936; x_wconf 65' lang='grc' dir='ltr'><strong>τῷ</strong></span> <span class='ocrx_word' id='word_1_926' title='bbox 2341 4860 2542 4936; x_wconf 67' lang='grc' dir='ltr'>ὲννάτῳ</span> <span class='ocrx_word' id='word_1_927' title='bbox 2633 4857 2933 4936; x_wconf 55' lang='grc' dir='ltr'>ἐπιγραφή.</span> <span class='ocrx_word' id='word_1_928' title='bbox 2965 4857 3158 4912; x_wconf 61' lang='lat' dir='ltr'><strong>Caneri</strong></span> <span class='ocrx_word' id='word_1_929' title='bbox 3184 4868 3239 4912; x_wconf 90' lang='lat' dir='ltr'><strong>et</strong></span> <span class='ocrx_word' id='word_1_930' title='bbox 3265 4858 3414 4924; x_wconf 87' lang='lat' dir='ltr'><strong>editi,</strong></span> <span class='ocrx_word' id='word_1_931' title='bbox 3444 4857 3538 4914; x_wconf 70' lang='grc' dir='ltr'>καὶ</span> <span class='ocrx_word' id='word_1_932' title='bbox 3565 4865 3602 4934; x_wconf 80' lang='grc' dir='ltr'>ἡ</span> 
     </span>
    </p>
   </div>
   <div class='ocr_carea' id='block_1_112' title="bbox 2030 4927 2948 4998">
    <p class='ocr_par' dir='ltr' id='par_1_112' title="bbox 2030 4927 2948 4998">
     <span class='ocr_line' id='line_1_114' title="bbox 2030 4927 2948 4998; baseline 0.001 -20"><span class='ocrx_word' id='word_1_933' title='bbox 2030 4928 2308 4998; x_wconf 51' lang='grc' dir='ltr'>ἐπιγραφὴ</span> <span class='ocrx_word' id='word_1_934' title='bbox 2343 4927 2447 4998; x_wconf 17' lang='grc' dir='ltr'><strong>τοῦί</strong></span> <span class='ocrx_word' id='word_1_935' title='bbox 2465 4927 2948 4998; x_wconf 22' lang='grc' dir='ltr'>ὲννάτουᾷψαλμοῦ.</span> 
     </span>
    </p>
   </div>
   <div class='ocr_carea' id='block_1_113' title="bbox 2102 4996 3602 5068">
    <p class='ocr_par' dir='ltr' id='par_1_113' title="bbox 2102 4996 3602 5068">
     <span class='ocr_line' id='line_1_115' title="bbox 2102 4996 3602 5068; baseline 0.002 -18"><span class='ocrx_word' id='word_1_936' title='bbox 2102 4996 2214 5068; x_wconf 69' lang='grc'>(62)</span> <span class='ocrx_word' id='word_1_937' title='bbox 2255 4996 2389 5068; x_wconf 71' lang='lat' dir='ltr'><strong>Reg.</strong></span> <span class='ocrx_word' id='word_1_938' title='bbox 2426 4997 2647 5068; x_wconf 80' lang='lat' dir='ltr'><strong>Seguer.</strong></span> <span class='ocrx_word' id='word_1_939' title='bbox 2683 4996 2848 5051; x_wconf 42' lang='lat' dir='ltr'><strong>Basil&#39;.</strong></span> <span class='ocrx_word' id='word_1_940' title='bbox 2885 5009 2943 5068; x_wconf 84' lang='lat' dir='ltr'><strong>et</strong></span> <span class='ocrx_word' id='word_1_941' title='bbox 2982 4996 3194 5068; x_wconf 69' lang='lat' dir='ltr'><strong>Anglic.</strong></span> <span class='ocrx_word' id='word_1_942' title='bbox 3223 4997 3432 5052; x_wconf 86' lang='lat' dir='ltr'><strong>addunt</strong></span> <span class='ocrx_word' id='word_1_943' title='bbox 3473 5001 3602 5068; x_wconf 79' lang='grc' dir='ltr'>καί,</span> 
     </span>
    </p>
   </div>
   <div class='ocr_carea' id='block_1_114' title="bbox 2030 5066 3600 5140">
    <p class='ocr_par' dir='ltr' id='par_1_114' title="bbox 2030 5066 3600 5140">
     <span class='ocr_line' id='line_1_116' title="bbox 2030 5066 3600 5140; baseline 0.003 -20"><span class='ocrx_word' id='word_1_944' title='bbox 2030 5069 2174 5140; x_wconf 84' lang='lat' dir='ltr'><strong>quod</strong></span> <span class='ocrx_word' id='word_1_945' title='bbox 2198 5066 2275 5140; x_wconf 69' lang='lat' dir='ltr'><strong>ab</strong></span> <span class='ocrx_word' id='word_1_946' title='bbox 2303 5066 2517 5140; x_wconf 65' lang='lat' dir='ltr'><strong>aliisct</strong></span> <span class='ocrx_word' id='word_1_947' title='bbox 2534 5068 2696 5122; x_wconf 87' lang='lat' dir='ltr'><strong>editis</strong></span> <span class='ocrx_word' id='word_1_948' title='bbox 2723 5068 2894 5140; x_wconf 87' lang='lat' dir='ltr'><strong>abest.</strong></span> <span class='ocrx_word' id='word_1_949' title='bbox 2928 5067 3061 5140; x_wconf 76' lang='lat' dir='ltr'><strong>Ibid.</strong></span> <span class='ocrx_word' id='word_1_950' title='bbox 3107 5066 3241 5140; x_wconf 78' lang='lat' dir='ltr'><strong>Reg.</strong></span> <span class='ocrx_word' id='word_1_951' title='bbox 3273 5083 3328 5122; x_wconf 89' lang='lat' dir='ltr'><strong>et</strong></span> <span class='ocrx_word' id='word_1_952' title='bbox 3373 5066 3600 5140; x_wconf 71' lang='lat' dir='ltr'><strong>Seguer.</strong></span> 
     </span>
    </p>
   </div>
   <div class='ocr_carea' id='block_1_115' title="bbox 2029 5137 3256 5206">
    <p class='ocr_par' dir='ltr' id='par_1_115' title="bbox 2029 5137 3256 5206">
     <span class='ocr_line' id='line_1_117' title="bbox 2029 5137 3256 5206; baseline 0 -16"><span class='ocrx_word' id='word_1_953' title='bbox 2029 5138 2086 5190; x_wconf 80' lang='grc' dir='ltr'><em>δέ</em></span> <span class='ocrx_word' id='word_1_954' title='bbox 2117 5139 2394 5206; x_wconf 82' lang='lat' dir='ltr'><strong>omittunt,</strong></span> <span class='ocrx_word' id='word_1_955' title='bbox 2429 5139 2754 5205; x_wconf 85' lang='lat' dir='ltr'><strong>habentque,</strong></span> <span class='ocrx_word' id='word_1_956' title='bbox 2787 5139 3002 5206; x_wconf 86' lang='grc' dir='ltr'>πάντων</span> <span class='ocrx_word' id='word_1_957' title='bbox 3033 5137 3256 5206; x_wconf 77' lang='grc' dir='ltr'>βουνῶν.</span> 
     </span>
    </p>
   </div>
   <div class='ocr_carea' id='block_1_116' title="bbox 2102 5205 3607 5294">
    <p class='ocr_par' dir='ltr' id='par_1_116' title="bbox 2102 5205 3607 5294">
     <span class='ocr_line' id='line_1_118' title="bbox 2102 5205 3607 5294; baseline 0.005 -34"><span class='ocrx_word' id='word_1_958' title='bbox 2102 5207 2213 5294; x_wconf 81' lang='grc'>(65)</span> <span class='ocrx_word' id='word_1_959' title='bbox 2257 5205 2346 5262; x_wconf 88' lang='lat' dir='ltr'><strong>Sic</strong></span> <span class='ocrx_word' id='word_1_960' title='bbox 2371 5207 2572 5277; x_wconf 77' lang='lat' dir='ltr'><strong>Regius</strong></span> <span class='ocrx_word' id='word_1_961' title='bbox 2597 5217 2652 5261; x_wconf 89' lang='lat' dir='ltr'><strong>et</strong></span> <span class='ocrx_word' id='word_1_962' title='bbox 2675 5206 2898 5275; x_wconf 87' lang='lat' dir='ltr'><strong>Seguer.</strong></span> <span class='ocrx_word' id='word_1_963' title='bbox 2932 5205 2989 5259; x_wconf 88' lang='lat' dir='ltr'><strong>In</strong></span> <span class='ocrx_word' id='word_1_964' title='bbox 3023 5205 3146 5262; x_wconf 86' lang='lat' dir='ltr'><strong>aliis</strong></span> <span class='ocrx_word' id='word_1_965' title='bbox 3171 5219 3223 5262; x_wconf 89' lang='lat' dir='ltr'><strong>et</strong></span> <span class='ocrx_word' id='word_1_966' title='bbox 3255 5207 3418 5264; x_wconf 88' lang='lat' dir='ltr'><strong>editis</strong></span> <span class='ocrx_word' id='word_1_967' title='bbox 3449 5209 3607 5268; x_wconf 77' lang='lat' dir='ltr'><strong>deest</strong></span> 
     </span>
    </p>
   </div>
   <div class='ocr_carea' id='block_1_117' title="bbox 2028 5294 2141 5330">
    <p class='ocr_par' dir='ltr' id='par_1_117' title="bbox 2028 5294 2141 5330">
     <span class='ocr_line' id='line_1_119' title="bbox 2028 5294 2141 5330; baseline -0.018 0"><span class='ocrx_word' id='word_1_968' title='bbox 2028 5294 2141 5330; x_wconf 85' lang='grc' dir='ltr'>και.</span> 
     </span>
    </p>
   </div>
   <div class='ocr_carea' id='block_1_118' title="bbox 2028 5343 3234 5418">
    <p class='ocr_par' dir='ltr' id='par_1_118' title="bbox 2028 5343 3234 5418">
     <span class='ocr_line' id='line_1_120' title="bbox 2028 5343 3234 5418; baseline 0.001 -18"><span class='ocrx_word' id='word_1_969' title='bbox 2028 5343 2033 5347; x_wconf 72' lang='grc'><strong>’</strong></span> <span class='ocrx_word' id='word_1_970' title='bbox 2097 5348 2205 5418; x_wconf 74' lang='grc'>(64)</span> <span class='ocrx_word' id='word_1_971' title='bbox 2247 5346 2447 5418; x_wconf 81' lang='lat' dir='ltr'><strong>Regius</strong></span> <span class='ocrx_word' id='word_1_972' title='bbox 2475 5357 2530 5400; x_wconf 90' lang='lat' dir='ltr'><strong>et</strong></span> <span class='ocrx_word' id='word_1_973' title='bbox 2564 5346 2788 5418; x_wconf 82' lang='lat' dir='ltr'><strong>Seguer.</strong></span> <span class='ocrx_word' id='word_1_974' title='bbox 2819 5349 2847 5399; x_wconf 86' lang='grc' dir='ltr'><strong>ὁ</strong></span> <span class='ocrx_word' id='word_1_975' title='bbox 2872 5345 3026 5418; x_wconf 74' lang='grc' dir='ltr'>Υἱὸς,</span> <span class='ocrx_word' id='word_1_976' title='bbox 3056 5348 3113 5398; x_wconf 82' lang='grc' dir='ltr'>ἐν</span> <span class='ocrx_word' id='word_1_977' title='bbox 3145 5350 3234 5418; x_wconf 82' lang='grc' dir='ltr'><strong>τῇ.</strong></span> 
     </span>
    </p>
   </div>
   <div class='ocr_carea' id='block_1_119' title="bbox 2101 5417 3599 5486">
    <p class='ocr_par' dir='ltr' id='par_1_119' title="bbox 2101 5417 3599 5486">
     <span class='ocr_line' id='line_1_121' title="bbox 2101 5417 3599 5486; baseline 0.004 -17"><span class='ocrx_word' id='word_1_978' title='bbox 2101 5419 2214 5485; x_wconf 81' lang='grc'>(65)</span> <span class='ocrx_word' id='word_1_979' title='bbox 2257 5417 2330 5471; x_wconf 70' lang='grc' dir='ltr'><strong>Οὔ</strong></span> <span class='ocrx_word' id='word_1_980' title='bbox 2383 5427 2505 5486; x_wconf 89' lang='lat' dir='ltr'><strong>post</strong></span> <span class='ocrx_word' id='word_1_981' title='bbox 2549 5417 2608 5468; x_wconf 85' lang='grc' dir='ltr'>τὸ</span> <span class='ocrx_word' id='word_1_982' title='bbox 2653 5417 2708 5468; x_wconf 80' lang='grc' dir='ltr'>δέ</span> <span class='ocrx_word' id='word_1_983' title='bbox 2762 5417 3298 5484; x_wconf 78' lang='lat' dir='ltr'><strong>subintelligcndum.</strong></span> <span class='ocrx_word' id='word_1_984' title='bbox 3353 5418 3408 5472; x_wconf 91' lang='lat' dir='ltr'><strong>Id</strong></span> <span class='ocrx_word' id='word_1_985' title='bbox 3464 5428 3599 5474; x_wconf 87' lang='lat' dir='ltr'><strong>est:</strong></span> 
     </span>
    </p>
   </div>
   <div class='ocr_carea' id='block_1_120' title="bbox 2033 5487 3605 5556">
    <p class='ocr_par' dir='ltr' id='par_1_120' title="bbox 2033 5487 3605 5556">
     <span class='ocr_line' id='line_1_122' title="bbox 2033 5487 3605 5556; baseline 0.004 -16"><span class='ocrx_word' id='word_1_986' title='bbox 2033 5487 2144 5540; x_wconf 73' lang='lat' dir='ltr'><strong>Nec</strong></span> <span class='ocrx_word' id='word_1_987' title='bbox 2173 5489 2311 5540; x_wconf 69' lang='lat' dir='ltr'><strong>etaim</strong></span> <span class='ocrx_word' id='word_1_988' title='bbox 2353 5489 2495 5540; x_wconf 85' lang='lat' dir='ltr'><strong>istud</strong></span> <span class='ocrx_word' id='word_1_989' title='bbox 2528 5487 2822 5556; x_wconf 83' lang='lat' dir='ltr'><strong>prophetice</strong></span> <span class='ocrx_word' id='word_1_990' title='bbox 2852 5497 2928 5540; x_wconf 84' lang='lat' dir='ltr'><strong>est</strong></span> <span class='ocrx_word' id='word_1_991' title='bbox 2959 5489 3196 5553; x_wconf 80' lang='lat' dir='ltr'><strong>dictant;</strong></span> <span class='ocrx_word' id='word_1_992' title='bbox 3244 5487 3379 5542; x_wconf 79' lang='lat' dir='ltr'><strong>illud</strong></span> <span class='ocrx_word' id='word_1_993' title='bbox 3425 5502 3605 5556; x_wconf 77' lang='lat' dir='ltr'><strong>autem</strong></span> 
     </span>
    </p>
   </div>
   <div class='ocr_carea' id='block_1_121' title="bbox 2028 5557 2875 5629">
    <p class='ocr_par' dir='ltr' id='par_1_121' title="bbox 2028 5557 2875 5629">
     <span class='ocr_line' id='line_1_123' title="bbox 2028 5557 2875 5629; baseline -0.002 -17"><span class='ocrx_word' id='word_1_994' title='bbox 2028 5576 2132 5629; x_wconf 82' lang='lat' dir='ltr'><strong>non</strong></span> <span class='ocrx_word' id='word_1_995' title='bbox 2156 5559 2471 5629; x_wconf 79' lang='lat' dir='ltr'><strong>prophetice.</strong></span> <span class='ocrx_word' id='word_1_996' title='bbox 2507 5557 2647 5612; x_wconf 80' lang='lat' dir='ltr'><strong>Nam</strong></span> <span class='ocrx_word' id='word_1_997' title='bbox 2676 5560 2744 5621; x_wconf 76' lang='lat' dir='ltr'><strong>si,</strong></span> <span class='ocrx_word' id='word_1_998' title='bbox 2771 5567 2875 5611; x_wconf 87' lang='lat' dir='ltr'><strong>etc.</strong></span> 
     </span>
    </p>
   </div>
  </div>
