3834 6220
207 242 313 300 505

1315 246 1573 305 ORATIO
1626 250 1695 306 lV
1729 249 2009 307 CONTRA
2044 250 2370 308 ARIANOS.

3360 254 3468 310 506

198 362 340 431 ρίου
401 363 458 414 οἱ
500 357 742 428 οὐρανοί
793 359 1261 429 ἐστερεώθησαν.
1313 362 1387 415 Οὐ
1441 361 1550 433 γὰρ
1611 358 1785 429 εἶπεν,

1906 372 2012 417 sunt
2035 365 2078 418 ⁸.
2128 363 2239 420 Nec
2265 364 2413 420 enim
2442 361 2600 428 dixit,
2631 362 2766 433 facti
2821 371 2969 427 sunt,
2998 362 3084 419 vel
3116 363 3258 433 fecit.
3313 364 3468 431 Quod

205 455 511 526 ἐγένοντο,
538 453 681 521 οὐδὲ,
708 454 1016 521 ἐποίησεν.
1051 454 1172 507 Ὅτι
1202 455 1258 507 δὲ
1284 456 1367 517 τὸ,
1406 454 1791 523 ἐστερέωσεν,

208 548 301 601 ἐπὶ
332 547 639 619 μέλλοντος,
675 546 856 617 φησίν·
892 547 947 599 Ὁ
971 547 1185 613 Κύριος
1210 548 1628 602 ἐϐασίλευσεν·
1654 544 1791 601 είταο

208 641 317 694 Καὶ
342 639 456 708 γὰρ
483 636 812 705 ἐστερέωσε
849 638 965 705 τὴν
993 639 1377 708 οἰκουμένην,
1407 638 1538 705 ἥτις
1575 640 1647 693 οὐ
1684 656 1796 696 σα-

206 730 595 799 λευθήσεται.
630 729 740 783 Καὶ
768 731 815 782 εί
865 730 925 783 τὸ
974 730 1086 801 (66)
1138 732 1196 784 ἐν
1241 730 1319 801 τῷ
1375 731 1795 802 τεσσαρακοστῷ

207 823 478 894 τετάρτῳ,
514 821 694 890 ’Υπὲρ
726 822 833 876 τοῦ
875 823 1223 891 Ἀγαετητοῦ,
1254 823 1675 894 ἐπιμέλλοντος,
1704 823 1797 895 δῆ-

209 914 301 970 λον
334 916 419 968 ὅτι
454 915 548 968 καί
593 915 655 968 τδ
713 915 1106 986 ἐπιφερόμενον
1161 916 1242 980 τὸ,
1315 915 1704 983 Ἐξηρεύξατο
1751 915 1791 982 ἠ

208 1006 428 1075 καρδία
439 1022 561 1075 μου
584 1006 780 1075 Λόγον
800 1005 1045 1074 ἀγαθόν.
1075 1005 1185 1058 Kal.
1210 1006 1258 1058 εἰ
1284 1006 1365 1063 τὸ.
1391 1005 1492 1058 Ἐκ
1513 1005 1791 1074 γαστρὸς,

207 1100 305 1154 ἐπὶ
339 1097 651 1171 ἀνθρώπου,
682 1096 793 1168 ἄρα
848 1096 1047 1162 καὶτὸ,
1109 1098 1175 1149 ἐκ
1225 1096 1473 1167 καρδίας.
1504 1097 1569 1150 Εἰ
1617 1098 1727 1174 γὰρ
1759 1097 1793 1167 ἡ

208 1193 427 1263 γαστὴρ
456 1188 814 1262 ἀνθρώπινον,
866 1188 962 1243 κα).
990 1190 1024 1259 ή
1054 1187 1250 1259 καρδία
1295 1187 1406 1257 (67)
1462 1188 1791 1258 σωματικόν.

208 1274 377 1339 Εινδὲ
430 1282 491 1337 τὸ
529 1283 595 1334 ὲκ
626 1282 878 1352 καρδίας,
915 1280 1105 1345 ἀΐδιον,
1160 1281 1254 1333 κα).
1294 1280 1356 1334 τὸ
1415 1282 1481 1334 ὲκ
1537 1279 1791 1350 γαστρὸς,

208 1375 409 1430 ἀΐδιον·
440 1372 533 1427 καὶ
555 1372 604 1426 εἰ
632 1374 661 1425 6
706 1370 1017 1441 Μονογενὴς
1072 1372 1130 1423 ὲν
1158 1369 1402 1433 κόλποις,
1438 1369 1586 1423 καὶὸ
1634 1370 1796 1438 ’Λγα-

206 1465 387 1537 πητδς
416 1466 474 1519 ὲν
502 1463 744 1526 κόλποις.
774 1462 984 1515 Ταὺτδν
1014 1461 1123 1532 γάρ
1163 1462 1282 1514 ἐστι
1323 1461 1383 1514 τό
1410 1478 1469 1514 τε
1493 1461 1794 1530 Μονογενὲς

200 1557 388 1617 ,καὶτὸ
429 1555 757 1628 ’Λγαπητὸν,
786 1554 863 1617 ὡς
915 1554 995 1619 τὸ,
1016 1549 1207 1618 Οὗτός
1259 1554 1431 1607 ἐστιν
1461 1555 1495 1607 ὀ
1527 1554 1659 1621 Υἱός
1679 1570 1795 1623 μου

207 1650 247 1703 δ
272 1648 601 1716 ἀγαπητός.
637 1647 711 1701 06
740 1647 849 1719 γὰρ
874 1646 938 1718 δὴ
970 1646 1070 1718 τὴν
1119 1648 1201 1710 εἰς
1233 1646 1396 1700 αὐτὸν
1431 1644 1543 1717 (68)
1569 1645 1792 1718 ἀγάπην

210 1705 677 1812 σημᾶναι-θέλων,
703 1705 832 1791 εἷπε
848 1705 938 1803 τὸ,
977 1705 1303 1809 ’Ᾰγαπητδᾳ
1334 1705 1677 1811 ἴναὶμὴιτοῦς
1707 1705 1795 1794 ἄλ·
1821 1705 1867 1760 Β

208 1829 344 1893 λους
374 1830 554 1901 μισεῖν
580 1829 730 1904 δόξῃ·
777 1828 916 1884 ἀλλὰ
963 1829 1024 1883 τὸ
1046 1829 1350 1898 Μονογενὲς
1379 1829 1588 1902 ἐδήλου,
1618 1831 1705 1884 ἵνα
1736 1829 1797 1884 τὸ

211 1921 380 1993 μόνον
405 1920 465 1986 ἐξ
496 1920 663 1975 αὑτοῦ
691 1916 830 1975 εἶναι
883 1920 1045 1975 αὑτὸν
1070 1919 1237 1992 δείξῃ.
1296 1922 1408 1975 Καὶ
1434 1919 1513 1992 τῷ
1549 1920 1799 1994 Ἀϐραὰμ

207 2010 347 2081 γοῦν
380 2010 490 2085 (69)
521 2012 762 2083 σημᾶναι
791 2011 959 2065 θέλων
985 2012 1014 2065 6
1031 2010 1202 2079 Λόγος
1229 2011 1292 2065 τὸ
1322 2012 1625 2083 μονογενὲς,
1642 2013 1794 2085 φησί·

208 2102 588 2177 Προσένεγκε
614 2102 723 2157 τὸν
764 2103 901 2157 υἱόν
923 2117 1041 2157 σου
1092 2103 1201 2157 τὸν
1249 2102 1575 2172 ἀγαπητόν.
1624 2104 1799 2157 Παντὶ

207 2194 268 2256 δὲ
290 2194 475 2264 δῆλον,
508 2195 575 2248 ὲκ
627 2194 729 2266 τῆς
760 2194 978 2273 Σάρρας
1039 2195 1200 2267 μόνον
1262 2191 1400 2249 εἶναι
1450 2195 1541 2250 τὸν
1583 2196 1791 2251 Ἰσαάκ.

214 2287 408 2341 Ἔστιν
449 2286 556 2359 ἄρα
576 2288 605 2340 6
628 2287 799 2355 Λόγος
813 2286 961 2352 Υἱὸς,
994 2286 1094 2347 οὐκ
1114 2285 1239 2358 ἄρτι
1269 2285 1508 2355 γεγονὼς
1533 2286 1567 2358 ἢ
1596 2282 1795 2359 ὀνομα-

211 2378 367 2443 σθεὶς
391 2378 540 2444 Υἱὸς,
571 2379 686 2433 ἀλλ’
710 2380 798 2433 ἀεὶ
817 2378 966 2443 Υἱός.
1007 2378 1072 2437 Εἰ
1123 2377 1233 2448 γὰρ
1261 2377 1335 2449 μὴ
1364 2378 1513 2443 Υἱὸς,
1539 2378 1661 2439 οὐδὲ
1693 2379 1794 2433 Λό-

208 2488 328 2540 γοςο
361 2470 457 2525 καὶ
483 2472 531 2525 εί
569 2472 643 2542 μὴ
665 2471 856 2540 Λόγος,
887 2462 1007 2524 dese
1039 2470 1188 2533 Υἱός.
1229 2470 1304 2523 Τὸ
1322 2468 1432 2542 γὰρ
1465 2472 1529 2523 ἐκ
1552 2469 1647 2527 τοῦ
1682 2472 1794 2524 Πα-

205 2560 341 2632 τρδς
365 2559 494 2624 Υίός
526 2560 664 2613 ἐστι.
713 2559 777 2613 Τί
804 2558 858 2613 δέ
888 2560 1036 2613 ἐστιν
1069 2560 1134 2612 ὲκ
1158 2559 1253 2612 τοῦ
1276 2560 1491 2631 Πατρδς
1510 2560 1558 2612 εί
1585 2559 1659 2632 μὴ
1692 2560 1797 2614 Λό-

209 2664 309 2717 τος
338 2649 475 2720 (⁸70),
502 2651 531 2703 6
560 2651 623 2703 ὲκ
646 2650 873 2723 καρδίας
893 2649 1193 2721 προελθὼν,
1216 2650 1309 2703 καὶ
1339 2651 1404 2703 ὲκ
1430 2650 1666 2722 γαστρὸς
1685 2667 1802 2719 γεν-

208 2740 426 2810 νηθείς;
454 2741 528 2796 Οὐ
560 2741 670 2813 γὰρ
712 2743 740 2795 6
766 2742 960 2813 Πατὴρ
1001 2741 1174 2811 Λόγος
1206 2742 1374 2795 ἐστίν·
1407 2741 1529 2795 οὐδὲ
1566 2744 1595 2797 6
1627 2743 1801 2812 Λόγος

209 2832 409 2903 Πατήρ
438 2834 606 2887 ἐστιν·
635 2832 749 2887 ἀλλ’
772 2832 801 2885 6
823 2832 924 2904 μὲν
949 2831 1160 2904 Πατὴρ,
1196 2832 1225 2885 6
1266 2833 1325 2887 δὲ
1354 2833 1505 2897 Υἱόςο
1532 2834 1673 2889 καὶὸ
1700 2834 1799 2905 μὲν

207 2924 400 2999 γεννᾷ,
423 2924 453 2977 6
480 2923 538 2976 δὲ
567 2925 842 2992 γεννᾶται.

1897 463 2077 509 autem
2107 455 2454 521 vocabulum,
2479 454 2735 523 ﬁrmavit,
2764 453 2832 508 de
2853 453 3040 517 futuro
3060 454 3468 527 intelligendum

1897 551 1987 615 sit,
2023 549 2299 619 conjicere
2326 547 2454 603 licet
2468 562 2537 602 ex
2558 546 2645 602 bis
2670 546 2887 601 verbis:
2914 546 3174 602 Dominus
3202 552 3469 619 regnavit;

1895 639 2110 702 deinde,
2147 637 2358 691 Etenim
2390 635 2627 705 ﬁrmavit
2653 635 2828 689 orbem
2857 644 3033 704 terra,
3073 639 3164 707 qui
3200 654 3303 693 non
3328 656 3471 693 com-

1896 730 2186 783 movebitur
2210 727 2253 785 ⁸.
2283 724 2339 781 Si
2371 726 2498 780 item
2536 740 2620 789 ea,
2672 740 2794 794 quae
2838 725 2891 779 in
2924 726 3136 795 psalmo
3170 729 3472 800 quadrage-

1896 819 2037 875 simo
2075 826 2273 888 quarto
2313 833 2409 887 pro
2448 816 2652 870 Dilecto
2678 818 2699 849 °
2748 825 3059 881 narrantur,
3108 818 3175 872 ad
3224 817 3469 876 futurum

1896 918 2110 980 tempus
2156 908 2427 979 pertinent
2456 926 2471 973 ;
2525 908 2667 962 idem
2697 922 2914 976 quoque
2946 908 3050 962 erit
3078 909 3366 964 dicendum
3402 911 3471 965 de

1897 1002 1983 1055 his
2017 1017 2139 1071 qua:
2183 1008 2512 1069 sequuntur,
2562 998 2844 1051 Eructavit
2894 1016 2984 1052 cor
3013 1016 3185 1053 meum
3245 999 3469 1055 Verbum

1896 1085 2087 1141 bonum
2107 1087 2148 1141 ⁷.
2182 1084 2465 1147 Similiter,
2498 1086 2544 1140 si
2591 1087 2708 1141 haec
2733 1086 2920 1150 verba,
2949 1084 3034 1139 Ea:
3062 1096 3209 1142 utero
3231 1089 3272 1154 ⁸,
3295 1089 3472 1144 homi-

1894 1194 2020 1234 nem
2051 1178 2354 1243 denotant;
2381 1192 2511 1247 ergo
2559 1186 2615 1231 et
2644 1177 2789 1247 quod
2818 1192 2885 1232 ex
2916 1178 3078 1233 corde
3110 1182 3350 1235 eructari
3382 1181 3470 1236 di-

1894 1272 2056 1327 citur.
2100 1268 2346 1339 Namque
2386 1270 2433 1324 si
2464 1277 2653 1325 uterus
2702 1269 3006 1323 humanum
3034 1269 3167 1339 quid
3215 1279 3318 1340 est,
3374 1288 3471 1328 cor

1892 1363 2058 1419 etiam
2088 1376 2351 1433 corporea
2380 1376 2470 1417 res
2501 1370 2606 1418 est.
2644 1361 2751 1417 Sed
2786 1362 2834 1417 si
2865 1361 3014 1433 quod
3044 1377 3112 1418 ex
3144 1364 3310 1419 corde
3340 1380 3469 1434 pro-

1894 1454 2162 1522 funditur,
2191 1464 2456 1510 aeternum
2503 1463 2588 1511 est
2614 1496 2629 1522 ,
2679 1454 2812 1510 illud
2843 1456 3006 1510 etiam
3036 1456 3185 1526 quod
3209 1471 3278 1511 ex
3313 1466 3471 1512 utero
3522 1448 3523 1453 “

1893 1547 2160 1615 nascitur,
2189 1555 2453 1602 aeternum
2480 1560 2603 1602 esse
2632 1545 3047 1617 intelligendum
3069 1555 3173 1603 est.
3212 1545 3474 1604 Similiter

1895 1640 1942 1695 si
1971 1638 2296 1709 Unigenitus
2327 1646 2413 1694 est
2444 1637 2499 1692 in
2535 1638 2681 1705 sinu,
2731 1637 2971 1695 Dilectus
2995 1653 3216 1710 quoque
3243 1639 3303 1711 in,
3345 1638 3472 1694 sinu

1892 1739 1995 1787 est.
2033 1729 2179 1786 idem
2208 1730 2354 1786 enim
2392 1736 2476 1785 est
2518 1727 2844 1802 Unigenitus
2886 1738 2941 1785 et
2988 1730 3249 1797 Dilectus,
3300 1740 3362 1786 ut
3402 1747 3472 1787 ex

1891 1822 1979 1879 his
2023 1822 2195 1893 liquet
2240 1821 2445 1886 verbis,
2476 1820 2580 1876 Hic
2633 1830 2713 1877 est
2765 1821 2946 1876 Filius
2992 1839 3138 1878 meus
3178 1822 3403 1879 dilectus
3423 1822 3467 1878 Ψ.

1892 1913 2004 1971 Nec
2039 1914 2187 1969 enim
2219 1921 2281 1969 ut
2313 1928 2470 1969 suam
2506 1913 2562 1969 in
2595 1928 2722 1969 eum
2768 1914 3091 1970 charitatem
3120 1914 3471 1985 signiﬁcaret,

1895 2005 2166 2063 Dilectum
2217 2006 2400 2077 ipsum
2452 2005 2763 2077 appellavit,
2801 2022 2872 2062 ne
2918 2007 3057 2063 alios
3089 2006 3217 2062 odio
3270 2007 3475 2064 habens

1894 2099 2144 2154 videatur
2169 2117 2182 2153 :
2216 2098 2310 2154 sed
2338 2096 2691 2170 Unigenitum
2726 2098 3006 2156 indicabat
3032 2115 3174 2165 esse,
3205 2109 3266 2156 ut
3294 2100 3475 2156 solum

1892 2206 2019 2247 eum
2051 2206 2118 2246 ex
2149 2190 2330 2260 seipso
2360 2205 2483 2246 esse
2513 2190 2755 2247 doceret.
2800 2189 2941 2248 Hinc
2980 2189 3220 2249 Verbum
3268 2191 3472 2262 ipsum,

1892 2297 2019 2338 cum
2070 2282 2408 2352 unigenitum
2453 2282 2688 2339 Abrahae
2738 2283 2915 2340 ﬁlium
2945 2284 3108 2340 vellet
3142 2283 3428 2356 designare
3454 2325 3474 2352 ,

1893 2374 2009 2433 ait:
2060 2374 2207 2444 Oier
2230 2374 2407 2445 ﬁlium
2448 2383 2598 2431 tuum
2633 2374 2885 2431 dilectum
2909 2377 2976 2432 ³ο.
3022 2375 3240 2433 Nemini
3288 2384 3473 2432 autem

1893 2464 2119 2525 dubium
2148 2475 2235 2524 est
2264 2466 2443 2521 solum
2468 2465 2619 2525 Isaac
2645 2483 2716 2524 ex
2750 2468 2886 2525 Sara
2920 2469 3161 2541 genitum
3192 2469 3284 2525 hic
3314 2469 3475 2526 intel-

1894 2557 2008 2629 ligi.
2044 2560 2235 2628 Itaque
2274 2558 2515 2616 Verbum
2548 2568 2633 2617 est
2676 2558 2871 2629 Filius,
2915 2577 3024 2617 non
3054 2576 3247 2619 recens
3296 2561 3476 2619 factus

1895 2650 1982 2705 vel
2034 2651 2349 2707 nominatus
2386 2650 2582 2718 Filius,
2623 2652 2718 2709 sed
2770 2668 2986 2725 semper
3028 2652 3221 2709 Filius.
3255 2651 3392 2707 Nam
3425 2651 3477 2708 si

1896 2741 2070 2799 Filius
2102 2760 2209 2799 non
2235 2752 2341 2811 est,
2362 2759 2464 2800 nec
2495 2743 2730 2800 Verbum
2752 2761 2875 2801 esse
2896 2753 3092 2815 potest.
3120 2744 3185 2800 Et
3208 2744 3478 2809 vicissim,

1896 2834 1945 2891 si
1978 2833 2219 2890 Verbum
2252 2851 2361 2891 non
2403 2845 2510 2903 cst,
2556 2853 2657 2893 nec
2695 2836 2869 2894 Filius
2913 2845 3092 2908 potest
3120 2851 3263 2893 esse.
3297 2836 3481 2907 Siqui-

1896 2926 2021 2983 dem
2064 2926 2210 2996 quod
2258 2943 2325 2982 ex
2370 2928 2530 2984 Patre
2574 2938 2681 2997 est,
2731 2929 2904 2985 Filius
2936 2929 3129 3001 utique
3179 2936 3282 2984 est.
3334 2925 3479 2994 Quid

208 3030 380 3087 porro
416 3024 503 3073 est
540 3032 606 3071 ex
645 3016 826 3083 Patre,
889 3018 996 3075 nisi
1056 3018 1293 3075 Verbum
1321 3057 1338 3083 ,
1390 3016 1538 3088 quod
1600 3034 1669 3075 ex
1716 3018 1881 3075 corde
1916 3034 2265 3091 progressum
2308 3028 2413 3086 est,
2461 3027 2517 3077 et
2574 3036 2641 3083 ex
2687 3030 2845 3079 utero
2889 3018 3305 3093 genitumiNec
3333 3019 3479 3077 enim

209 3107 376 3164 Pater
406 3109 641 3166 Verbum
673 3121 777 3177 est,
808 3122 904 3167 aut
931 3111 1169 3169 Verbum
1203 3111 1366 3168 Pater
1391 3121 1477 3168 est
1505 3132 1518 3168 :
1558 3114 1651 3168 sed
1678 3113 1788 3180 ille,
1824 3112 1986 3172 Pater
2013 3130 2027 3181 ;
2058 3115 2167 3181 hic,
2198 3113 2370 3172 Filius
2395 3125 2516 3172 est:
2548 3116 2639 3173 ille
2664 3116 2858 3188 gignit,
2883 3117 2975 3173 hic
3002 3115 3264 3188 gignitur.

283 3201 373 3256 9-5.
397 3202 665 3257 Μαίνεται
717 3203 816 3275 μὲν
866 3200 959 3257 οὖν
994 3205 1214 3276 ’Δρειος
1235 3202 1297 3267 ἐξ
1326 3202 1426 3255 οὐκ
1448 3202 1616 3256 ὄντων
1654 3196 1794 3257 εἶναι

1965 3201 2057 3258 25.
2074 3201 2346 3269 Quocirca
2374 3203 2584 3259 insanit
2613 3204 2861 3274 profecto
2884 3205 3071 3272 Arius,
3090 3220 3217 3259 cum
3238 3202 3316 3258 ait
3340 3200 3478 3258 Ver-

210 3291 389 3360 λέγων
413 3292 506 3346 τὸν
537 3293 686 3360 Υἱδν,
716 3294 812 3347 καὶ
863 3289 934 3365 ἦν
967 3311 1118 3358 ποτε,
1165 3293 1255 3347 ὅτε
1296 3294 1395 3346 οὐκ
1416 3288 1507 3363 ἦν.
1533 3292 1799 3346 Μαίνεται

209 3384 272 3438 δὲ
297 3385 393 3439 καὶ
419 3385 706 3452 Σαϐέλλιος
737 3387 912 3457 λέγων
954 3388 1049 3442 τὸν
1100 3386 1321 3459 Πατέρα
1356 3382 1497 3441 εἶναι
1527 3388 1676 3453 Υίὸν,
1705 3388 1802 3442 καὶ

207 3476 453 3548 ἔμπαλιν
481 3479 571 3533 τὸν
611 3480 739 3535 Υίδν
786 3478 925 3535 εἶναι
950 3481 1194 3554 Πατέρα,
1248 3480 1544 3536 ὑποστάσει
1592 3481 1691 3551 μὲν
1718 3480 1798 3549 ἓν,

212 3571 441 3644 ὀνόματι
459 3573 517 3626 δὲ
567 3572 679 3627 δύο·
710 3574 955 3645 μαίνεται
980 3575 1039 3629 δὲ
1101 3576 1195 3629 καὶ
1227 3574 1340 3647 (71)
1390 3575 1801 3647 παραδείγματι

213 3662 502 3734 χρώμενος
538 3667 604 3735 τῇ
627 3664 720 3718 τοῦ
742 3666 1060 3737 Πνεύματος
1108 3668 1315 3739 χάριτι·
1354 3669 1491 3739 φησὶ
1521 3667 1630 3740 γὰρ
1660 3669 1798 3739 (72),

216 3755 433 3825 Ὠσπερ
470 3754 786 3824 διαιρέσεις
820 3757 1204 3827 χαρισμάτων
1226 3759 1370 3825 εἰσὶ,
1428 3758 1497 3814 τὸ
1538 3759 1607 3813 δὲ
1655 3760 1800 3815 αὑτό

213 3849 481 3919 Πνεῦμα·
516 3848 660 3903 οὕτω
683 3850 779 3906 κα).
813 3853 842 3905 6
868 3851 1058 3923 Πατὴρ
1104 3853 1134 3907 6
1175 3852 1338 3916 αὐτὸς
1373 3852 1471 3923 μὲν
1501 3852 1638 3917 ἐστι,
1671 3853 1803 3907 πλα-

211 3940 435 3995 τύνεται
458 3940 517 3994 δὲ
545 3942 626 4005 είς
655 3942 782 3997 Υίὸν
810 3944 907 3997 καὶ
961 3943 1207 4015 Πνεῦμα.
1240 3945 1397 3999 Ἔστι
1419 3944 1477 3998 δὲ
1503 3943 1663 3998 τοῦτο
1701 3961 1801 4015 με-

214 4032 343 4088 στὸν
377 4031 629 4097 ἀτοπίας.
652 4034 716 4087 Et
745 4033 854 4106 γὰρ
886 4033 964 4098 ὡς
1013 4034 1107 4088 ὲπὶ
1137 4032 1234 4088 τοῦ
1288 4032 1628 4106 Πνεύματος,
1660 4033 1802 4089 οὕτω

212 4124 311 4177 καὶ
334 4122 430 4176 ἐπὶ
449 4122 542 4183 τοῦ
574 4122 710 4177 Θεοῦ
737 4122 849 4196 (75)
872 4126 1039 4179 ἐστιν·
1068 4124 1224 4178 ἔσται
1244 4125 1273 4178 6
1300 4123 1492 4197 Πατὴρ
1515 4125 1685 4193 Λόγος
1708 4125 1802 4179 καὶ

214 4213 444 4285 Πνεῦμα
474 4214 648 4283 ἅγιον,
671 4207 716 4283 ᾧ
745 4215 845 4287 μὲν
870 4216 1152 4288 γινόμενος
1169 4216 1282 4287 (74)
1315 4215 1527 4288 Πατὴρ,
1553 4208 1598 4284 ᾧ
1622 4216 1678 4269 δὲ
1701 4216 1802 4270 A6-

214 4325 334 4376 γος,
366 4300 413 4375 ᾧ
441 4309 499 4362 δὲ
535 4308 762 4381 Πνεῦμα
790 4310 926 4382 πρὸς
955 4309 1055 4381 τὴν
1081 4308 1270 4382 χρείαν
1300 4309 1531 4362 ἑκάστου
1560 4309 1800 4381 ἁρμοζό-

218 4414 403 4469 μενος·
432 4398 525 4451 καὶ
549 4399 775 4469 ὀνόματι
814 4400 915 4471 μὲν
944 4399 1071 4463 Υίδς
1104 4399 1200 4453 καὶ
1228 4397 1476 4470 Πνεῦμα,
1505 4398 1585 4469 τῷ
1610 4400 1667 4453 δὲ
1689 4399 1802 4453 ὄντι

215 4489 410 4560 Πατὴρ
455 4489 633 4559 μόνον·
691 4490 865 4563 ἀρχὴν
912 4491 1011 4562 μὲν
1065 4490 1205 4562 ἔχων
1244 4490 1304 4543 τὸ
1346 4489 1591 4558 γίνεσθαι
1648 4490 1799 4556 Υἱὸς,

1899 3293 2031 3350 bum
2062 3310 2129 3350 ex
2162 3294 2336 3350 nihilo
2365 3309 2509 3359 esse,
2544 3293 2827 3367 fuisSeque
2876 3294 3175 3366 aliquando
3208 3309 3333 3350 cum
3367 3309 3478 3348 non

1897 3394 2065 3443 esset.
2088 3387 2301 3442 Insanit
2327 3388 2531 3459 pariter
2558 3385 2855 3455 Sabellius,
2884 3403 3009 3444 cum
3040 3387 3255 3448 Patrem
3278 3383 3480 3440 Filium

1898 3495 2040 3546 esse,
2069 3487 2125 3535 et
2160 3477 2362 3535 Filium
2390 3479 2609 3537 Patrem
2657 3495 2780 3537 esse
2811 3480 2992 3547 docet,
3036 3494 3209 3535 unum
3255 3475 3477 3549 quidem

1899 3571 2211 3644 hypostasi,
2241 3573 2339 3629 sed
2369 3573 2593 3629 nomine
2640 3572 2820 3639 duos;
2862 3587 2987 3628 cum
3008 3611 3024 3637 ,
3060 3579 3120 3626 ut
3151 3585 3310 3626 suum
3347 3583 3482 3624 con-

1898 3663 2078 3719 firmet
2097 3679 2364 3728 errorem,
2392 3663 2673 3720 dementer
2698 3673 2752 3719 et
2772 3677 3054 3735 perperam
3081 3660 3331 3732 exemplo
3355 3672 3482 3730 gra-

1900 3757 1990 3812 tiae
2012 3755 2249 3828 Spiritus
2279 3757 2473 3814 utitur.
2500 3756 2593 3812 Ait
2620 3757 2765 3813 enim
2795 3773 2810 3812 :
2836 3754 3308 3823 Quemadmodum
3338 3753 3481 3806 divi-

1899 3849 2069 3904 siones
2113 3858 2236 3903 sunt
2288 3851 2606 3921 gratiarum,
2639 3850 2779 3904 idem
2812 3857 2989 3904 autem
3032 3846 3325 3916 Spiritus“
3354 3864 3367 3900 :
3403 3844 3481 3901 ita

1899 3950 1954 3997 et
1978 3940 2145 3996 Pater
2170 3942 2315 3998 idem
2341 3943 2565 4015 quidem
2601 3951 2707 4011 est,
2737 3941 2834 3999 sed
2875 3942 2931 3998 in
2970 3940 3169 3997 Filium
3215 3950 3271 3996 et
3307 3937 3484 4012 Spiri—

1900 4043 2019 4090 tum
2072 4034 2357 4091 dilatatur.
2407 4032 2555 4091 Sane
2590 4033 2645 4090 id
2682 4034 3081 4105 perabsurdum
3111 4043 3214 4090 est.
3248 4033 3306 4089 Si
3331 4033 3481 4092 enim

1899 4126 2090 4182 eadem
2121 4136 2205 4182 est
2233 4126 2376 4183 ratio
2406 4126 2503 4182 Dei
2524 4133 2582 4182 et
2614 4125 2851 4197 Spiritus
2878 4145 2893 4183 :
2924 4125 3173 4198 sequitur
3208 4135 3270 4180 ut
3297 4124 3481 4193 Pater,

1906 4216 2142 4274 Verbum
2169 4220 2242 4275 sit
2264 4227 2320 4274 et
2349 4217 2588 4289 Spiritus
2610 4228 2862 4284 sanctus;
2888 4219 2963 4274 ita
2980 4226 3040 4274 ut
3055 4217 3271 4274 sese‘ad
3294 4217 3482 4288 cujus-

1900 4327 2008 4382 que
2038 4310 2416 4368 necessitatem
2438 4311 2885 4378 accommodans,
2900 4310 3064 4366 modo
3085 4312 3156 4365 sit
3171 4309 3350 4378 Pater,
3368 4324 3484 4364 mo-

1901 4401 1973 4457 do
2013 4400 2273 4465 Verbum,
2320 4401 2486 4457 modo
2527 4399 2811 4471 Spiritus:
2863 4407 3031 4470 atque
3075 4400 3213 4455 adeo
3262 4398 3485 4454 nomine

1904 4497 2064 4546 tenus
2090 4488 2265 4546 Filius
2292 4490 2400 4546 erit
2419 4499 2475 4547 et
2501 4487 2763 4561 Spiritus,
2786 4504 2848 4546 re
2877 4501 3060 4546 autem
3084 4506 3211 4546 vera
3243 4498 3485 4545 tantum-

217 4580 525 4652 παυόμενος
540 4583 597 4636 δὲ
629 4582 724 4637 τοῦ
761 4584 1013 4653 λέγεσθαι
1035 4584 1247 4655 Πατήρο
1273 4584 1369 4637 καὶ
1402 4582 1516 4653 (75)
1543 4582 1794 4655 ὲνανθρω-

1912 4582 2075 4641 modo
2104 4581 2287 4649 Pater,
2337 4582 2452 4652 qui,
2506 4594 2776 4652 quatenus
2815 4591 2898 4637 est
2925 4580 3120 4647 Filius,
3153 4581 3483 4651 principium

217 4671 403 4742 πήσας
427 4672 526 4744 μὲν
561 4674 805 4746 ὀνόματι,
839 4675 983 4747 τῇδὲ
1011 4674 1240 4747 ἀληθείᾳ
1266 4674 1401 4746 μηδὲ
1442 4675 1805 4746 ἐπιδημήσας·

292 4809 316 4840 ⁸
337 4809 497 4880 Psal.
531 4828 724 4880 χχχιι,
751 4813 804 4868 6.
880 4814 902 4846 ⁸
937 4812 1084 4869 Psal.
1112 4829 1220 4868 χοιι
1241 4854 1256 4879 ,
1287 4813 1338 4867 l.

220 4878 268 4913 “
305 4879 441 4935 Gen.
478 4898 613 4949 mi,
640 4878 717 4937 2.7
774 4884 815 4915 “
857 4882 1031 4939 lCor.
1063 4900 1164 4951 xu,
1193 4884 1247 4938 4.

293 5013 407 5084 (66)
448 5012 675 5083 Regius,
701 5017 750 5069 εί
780 5019 837 5070 ἐν
869 5016 969 5086 τῷ.
999 5017 1120 5071 Μοχ
1164 5018 1305 5073 idem
1339 5029 1394 5073 et
1424 5016 1647 5084 Seguer.
1694 5019 1801 5076 Ba-

217 5085 397 5169 s_i_|._et
448 5086 730 5169 Anglican.
784 5088 845 5140 τὸ
883 5085 1273 5169 ἐπιφερόμενον
1302 5088 1798 5169 τὸηςΕξηρεύξατο.
1830 5150 1845 5169 ὅ

216 5156 404 5230 Aii‘i_e_l
431 5155 559 5230 editi
580 5196 595 5218 ,
621 5157 684 5230 rb
715 5155 1129 5230 ἐπιφερόμενον,
1155 5155 1553 5230 ⁸Ἐξηρεύξατο.

293 5223 581 5299 (67))ἶρε.
632 5223 857 5297 Seguer.
883 5223 1117 5282 'Gobler.
1150 5223 1318 5299 Basili:
1352 5239 1407 5283 et
1439 5230 1645 5299 Anglic.
1704 5231 1799 5284 καὶ

215 5297 251 5383 η
282 5294 504 5383 καρδίαΖ
529 5294 732 5351 (lateri.
749 5308 804 5355 et
838 5299 987 5364 editi,
1020 5300 1111 5351 καὶ
1139 5298 1356 5370 καρδία.
1407 5294 1547 5354 ibid:
1576 5300 1797 5356 Gobler.

220 5381 535 5418 σωματικὴ.

296 5383 851 5512 b(Villii):“lapte-OQ__S_eguer._
880 5435 1046 5512 Basil.
1092 5438 1303 5512 Anglic.
1339 5447 1395 5494 et
1447 5438 1661 5494 Gobler.
1702 5440 1801 5512 τὴν

219 5506 516 5577 είς-αὐτόν.
549 5506 653 5577 Alii
688 5516 742 5560 et
768 5507 917 5569 editi,
939 5507 1019 5577 τῷ
1050 5511 1129 5572 είς
1156 5506 1338 5562 αὐτόν.

296 5574 411 5645 (69)
442 5574 831 5653 Rgg_._Segue_r.
861 5574 1074 5653 Anglic.
1106 5578 1327 5653 Gobler.
1352 5588 1405 5634 et
1451 5579 1618 5653 Basil.
1644 5580 1799 5653 φησί,

220 5654 278 5701 et
310 5661 461 5712 mox,
497 5646 733 5713 Σάρῤας.
765 5646 1042 5705 (Σαπαῖοι
1071 5649 1227 5713 editi,
1255 5648 1382 5713 ἔφη.
1406 5658 1460 5706 et
1491 5646 1691 5713 Σὰοας.

1444 4813 1466 4844 ⁸
1502 4811 1650 4869 Psal.
1684 4830 1834 4871 xuv.
1862 4814 1916 4878 l,

1913 4675 2136 4741 habeat,
2173 4690 2239 4730 ac
2265 4673 2430 4729 Pater
2459 4674 2721 4745 appellari
2749 4674 2966 4730 desinat
2992 4693 3006 4728 τ
3036 4672 3195 4744 505
3238 4673 3332 4744 qui
3364 4673 3486 4729 solo

2019 4813 2041 4847 ⁷
2083 4813 2215 4870 ibid.
2249 4813 2304 4867 2.
2416 4812 2439 4845 ⁸
2477 4813 2622 4869 Psal.
2663 4830 2788 4879 οιχ,
2819 4815 2873 4868 5.
2984 4813 3004 4845 ⁸
3042 4811 3233 4867 Matth.
3261 4828 3356 4878 ιιι,
3392 4810 3484 4875 17,

1980 5019 2098 5093 (70)⁸
2130 5017 2264 5089 Reg.
2284 5018 2537 5093 _Seguer._
2573 5020 2737 5076 Basil.
2766 5021 3056 5092 et'Anglic.
3093 5021 3143 5075 εί
3180 5018 3256 5091 μὴ
3286 5019 3478 5087 Λόγος.

1907 5090 2102 5146 (Σᾶέιθΐί
2127 5099 2182 5162 gl.
2211 5090 2556 5162 εάίιίίεὶ-μὴ
2592 5094 2620 5143 6
2653 5093 2841 5161 Λόγος.

1979 5162 2089 5233 (71)
2127 5159 2339 5233 Regius,
2364 5169 2419 5215 et
2451 5158 2816 5233 seguerianus
2849 5162 3056 5217 addunt
3085 5159 3216 5225 καί,
3246 5158 3392 5230 quod
3425 5159 3482 5215 in

1907 5231 2029 5285 aliis
2052 5239 2105 5284 et
2128 5231 2291 5284 editis
2313 5232 2484 5285 deest.

1978 5301 2091 5369 (7‘2)
2132 5300 2539 5372 Reg._Seguer.
2584 5301 2748 5356 Basil.
2813 5301 3025 5372 Anglic.
3071 5298 3295 5355 Gobler.
3347 5296 3484 5371 φησι

1910 5372 2172 5443 γάρρῖειο.
2204 5370 2305 5443 Alii
2337 5370 2542 5443 ct’edili
2564 5413 2578 5436 ,
2610 5372 2710 5442 ἔφη
2742 5374 2870 5443 γάρ.

2006 5441 2096 5511 75)
2130 5440 2332 5510 Regius
2364 5451 2418 5495 et
2451 5440 2673 5511 Seguer.
2700 5440 2799 5495 ’ἐπὶ
2819 5440 2979 5495 Θεοῦ.

1982 5510 2093 5583 (74)
2128 5511 2480 5583 ᾼῃειξοοιιυε,
2510 5510 2820 5583 γενόμενος.

1985 5573 2482 5655 (7§)_Sic'_Reg_ius,
2518 5573 2743 5655 Seguer.
2772 5573 2938 5641 Basil.
2969 5589 3022 5639 et
3049 5580 3257 5651 Anglic.
3294 5579 3364 5636 At
3385 5573 3482 5646 ειιι

1820 5706 1825 5707 ,
1910 5658 1967 5707 et
1997 5651 2127 5707 editi
2159 5650 2249 5705 καί
2279 5652 2557 5711 omittunt.

1740 5723 1812 5733 -η
