3834 6220
370 252 476 343 sor

963 286 1021 344 S.
1051 277 1436 349 'A‘THANASII
1473 289 1628 347 OPP.
1664 283 1848 340 PARS
1887 278 1932 334 1.

2075 273 2447 330 HISTORICA
2487 273 2576 328 ET
2616 260 3059 351 DOGMATICA.‘

3508 259 3622 325 τοι

369 403 594 460 nomine
618 403 784 458 homo
815 408 991 461 tactus
1019 404 1112 472 sit,
1142 422 1270 464 vere
1313 417 1497 464 autem
1548 421 1616 461 ne
1665 399 1943 459 advenerit

2058 393 2138 446 ια).
2189 389 2515 462 ψευδόμενος
2579 390 2676 461 μὲν
2732 387 2811 459 τῷ
2863 388 3040 457 λέγειν
3069 383 3204 456 (76),
3261 383 3408 454 Ἔτὼ
3454 384 3552 438 καί
3591 386 3626 440 ὁ

369 495 632 567 quidem:
664 495 760 564 qui
789 495 1029 565 denique
1073 496 1212 554 false
1251 499 1474 565 dixerit,
1519 497 1632 569 Ego
1665 505 1715 551 et
1760 495 1949 556 Pater,

369 603 498 643 cum
531 601 722 642 revera
746 587 864 658 ipse
891 588 964 643 sit
997 587 1197 658 Pater;
1228 601 1532 660 ceteraque
1564 587 1800 644 absurda
1829 601 1952 656 quae

372 678 595 734 Sabellii
645 694 890 734 errorem
949 681 1383 753 subsequuntur.
1443 679 1768 738 Necessario
1818 678 1949 732 item

369 779 658 827 evanescet
679 768 800 826 Filii
827 780 883 827 et
915 771 1151 843 Spiritus
1170 789 1390 840 nomen,
1423 777 1544 845 ejus
1566 772 1779 843 expleto
1807 786 1946 825 usu:

371 879 436 920 ac
467 862 698 934 proinde
721 863 858 918 nihil
882 863 988 919 nisi
1019 865 1182 920 ludus
1209 865 1314 920 erit
1339 881 1462 936 quae
1492 873 1611 922 acta
1640 873 1790 926 sunt,
1823 877 1948 918 cum

370 970 482 1010 non
513 969 642 1009 vere
681 956 776 1010 sed
807 958 1031 1012 nomine
1069 966 1229 1014 tenus
1268 958 1596 1014 exstiterint.
1631 956 1818 1013 Deleto
1848 973 1945 1011 au-

370 1051 506 1107 tem,
547 1055 616 1096 ex
660 1041 876 1098 illorum
919 1048 1209 1114 sententia,
1255 1047 1376 1102 Filii
1403 1047 1644 1112 nomine,
1665 1055 1951 1102 evanescet

369 1147 592 1204 quoque
619 1134 877 1204 baptismi
901 1139 1098 1207 gratia,
1123 1141 1324 1211 quippe
1353 1139 1446 1210 qui
1477 1141 1532 1194 in
1560 1137 1759 1194 Filium
1788 1140 1949 1195 datus

370 1225 464 1281 sit.
500 1223 643 1292 Quid
675 1241 802 1282 vero
831 1228 957 1284 inde
977 1239 1256 1301 sequetur,
1288 1232 1395 1287 nisi
1426 1247 1608 1286 rerum
1639 1239 1948 1287 creatarum

372 1316 671 1372 interitus?
697 1317 832 1373 Nam
863 1320 910 1375 si
945 1327 1005 1375 ut
1033 1336 1135 1378 nos
1178 1338 1516 1392 crearemur,
1546 1322 1785 1378 Verbum
1818 1337 1948 1392 pro-

303 1457 308 1462 .
370 1405 493 1472 diit,
543 1423 720 1479 eoque
765 1407 1086 1479 prodeunte,
1139 1412 1498 1468 exsistimus:
1552 1422 1698 1466 certe
1727 1411 1846 1481 ipso
1893 1411 1948 1465 in

369 1494 612 1563 Patrem,
658 1497 738 1552 uti
767 1499 943 1566 aiunt,
985 1499 1271 1566 redeunte,
1313 1504 1579 1559 exsistere
1611 1503 1946 1558 desinemus.

373 1590 469 1646 Sic
497 1590 646 1646 enim
681 1590 772 1646 ille
798 1590 921 1657 erit,
945 1598 1006 1646 ut
1031 1600 1189 1648 antea
1223 1603 1343 1648 erat
1371 1613 1383 1649 :
1419 1595 1499 1650 sic
1530 1596 1658 1649 item
1689 1608 1790 1648 nos
1812 1591 1949 1647 nihil

367 1681 480 1751 jam
527 1683 756 1748 erimus,
798 1684 1262 1754 quemadmodum
1312 1686 1450 1741 nihil
1500 1688 1654 1756 prius
1703 1700 1942 1741 eramus.

371 1766 452 1823 Eo
488 1771 690 1841 quippe
729 1785 840 1825 nou
872 1772 1106 1843 amplius
1131 1773 1454 1844 prodeunte,
1479 1775 1630 1830 nulla
1649 1773 1833 1829 futura
1864 1782 1949 1829 est

369 1874 462 1915 res
487 1869 690 1916 creata.

439 1949 531 2006 26.
553 1951 756 2008 Verum
787 1955 904 2012 haec
929 1955 1148 2027 quidem
1179 1957 1574 2014 absurdissima
1605 1968 1751 2014 sunt.
1790 1957 1948 2025 Quod

371 2051 554 2097 autem
573 2042 742 2101 Filius
767 2047 1094 2117 principium
1118 2049 1412 2103 exsistendi
1435 2050 1642 2104 nullum
1673 2050 1945 2116 habuerit,

369 2135 467 2192 sed
506 2151 721 2206 semper
746 2147 800 2193 et
827 2147 952 2192 ante
983 2139 1280 2195 humanam
1327 2150 1578 2195 naturam
1607 2149 1946 2223 assumptam

2051 482 2275 551 Πατὴρ,
2335 481 2414 552 τῷ
2459 481 2516 533 δὲ
2571 482 2683 534 ὄντι
2735 479 2898 542 αὐτὸς
2954 477 3030 532 ὢν
3077 480 3106 531 6
3155 477 3364 549 Πατήρ·
3404 477 3499 529 καὶ
3527 477 3627 530 ὅσα

2055 575 2192 630 ἀλλά
2241 575 2335 628 ἐπὶ
2381 573 2674 627 Σαϐελλίου
2724 573 2898 627 ἀτοπα
2958 572 3172 640 ἀπαντᾷ
3207 569 3340 639 (77).
3385 568 3627 639 ’Δνάγκη

2049 667 2106 720 δὲ
2158 665 2252 719 καὶ
2306 663 2681 734 παυθήσεσθαι
2739 663 2800 716 τὸ
2856 661 3026 734 ὄνομα
3065 661 3160 714 τοῦ
3204 658 3336 712 Υίοῦ
3387 659 3482 712 καὶ
3529 658 3626 712 τοῦ

2049 757 2387 827 Πνεῦματος,
2445 756 2544 826 τῆς
2604 755 2794 827 χρείας
2847 753 3248 825 πληρωθείσης
3305 751 3401 804 καὶ
3469 750 3627 804 ἔσται

2049 849 2234 902 λοιπὸν
2259 849 2385 919 ἄχρι
2435 846 2655 910 παιδιᾶς
2685 846 2754 900 τὰ
2809 845 3088 916 γινόμενα,
3142 844 3225 897 ὅτι
3277 842 3352 914 μὴ
3398 840 3627 912 ἀληθείᾳ

2048 941 2164 995 ἀλλ’
2189 941 2410 1010 ὀνόματι
2434 938 2741 1010 ἐπεδείχθη.
2781 937 3095 1008 Παυομένου
3127 937 3183 990 δὲ
3237 933 3332 988 τοῦ
3363 934 3626 1005 ὀνόματος

2045 1032 2142 1086 τοῦ
2174 1033 2306 1086 Υίοῦ
2331 1032 2450 1086 κατ’
2472 1032 2688 1094 αὐτοὺς,
2720 1031 2984 1084 παύσεται
3015 1029 3108 1082 καὶ
3127 1025 3222 1082 τοῦ
3253 1026 3630 1097 βαπτίσματος

2049 1127 2082 1195 ἡ
2115 1125 2294 1195 χάρις·
2329 1126 2409 1186 είς
2437 1124 2544 1192 γάρ
2574 1122 2702 1175 Υἰὸν
2735 1121 2913 1193 ἐδόθη.
2967 1121 3078 1174 Καὶ¹
3120 1118 3174 1173 τί
3200 1117 3558 1188 ἀκολουθήσει
3592 1117 3626 1188 ἢ

2049 1215 2355 1288 ἀφανισμὸς
2385 1216 2483 1286 τῆς
2512 1215 2777 1277 κτίσεως;
2826 1214 2890 1266 Εί
2919 1210 3048 1284 γὰρ,
3078 1212 3164 1264 ἵνα
3207 1213 3369 1280 ἡμεῖς
3393 1207 3630 1262 κτισθῶ·

2051 1321 2149 1376 μεν
2200 1303 2488 1374 προῆλθεν,
2536 1304 2564 1356 6
2609 1302 2813 1369 Λόγος,
2865 1301 2961 1353 καὶ
3033 1299 3382 1371 προελθόντος
3459 1295 3629 1351 αὑτοῦ

2047 1397 2236 1468 ἐσμεν·
2261 1395 2420 1465 δῆλον
2448 1394 2560 1466 (78)
2613 1395 2719 1456 ὅτι,
2767 1391 3174 1463 ἀναχωροῦντος
3210 1389 3374 1445 αὐτοῦ
3405 1390 3484 1453 είς
3535 1388 3633 1445 τὸν

2047 1487 2288 1560 Πατέρα,
2311 1486 2386 1550 ὥς
2418 1502 2600 1556 φασιν,
2619 1486 2718 1538 οὐκ
2740 1484 2818 1538 ἔτι
2856 1482 3110 1554 ἐσόμεθα.
3135 1482 3291 1536 Οὕτω
3317 1481 3424 1554 γὰρ
3450 1480 3628 1544 ἔσται,

2047 1577 2236 1650 ὥσπερ
2277 1574 2345 1650 ἦν
2366 1596 2379 1608 ·
2432 1577 2606 1641 οὕτως
2635 1579 2738 1632 οὐκ
2787 1575 2862 1629 ἐτ’
2889 1574 3147 1646 ἐσόμεθα,
3187 1574 3375 1645 ὥσπερ
3402 1567 3496 1627 οὖν
3528 1573 3634 1626 οὐκ

2046 1664 2190 1741 ἦμεν
2230 1669 2362 1739 (79).
2411 1669 2525 1721 Οὐκ
2569 1667 2651 1721 ἐτι
2681 1668 2789 1739 γὰρ
2839 1664 3210 1739 προελθόντος,
3233 1665 3335 1718 οὐκ
3354 1663 3485 1733 ἔτιή
3516 1660 3635 1715 κτί-

1979 1743 2020 1799 B
2051 1778 2134 1826 σις
2157 1761 2330 1816 ἔσται.

2117 1961 2206 2016 26.
2243 1962 2454 2014 Ἀτοπα
2507 1960 2604 2029 μὲν
2651 1953 2746 2012 οὖν
2783 1955 2978 2010 ταῦτα.
3011 1956 3133 2009 Ὀτι
3186 1954 3244 2008 δὲ
3297 1955 3326 2007 6
3367 1953 3496 2019 Υίδς
3529 1953 3636 2010 οὐκ

2049 2051 2222 2122 ἀρχὴν
2247 2049 2358 2120 ἔχει
2388 2045 2482 2102 τοῦ
2512 2044 2671 2111 εῖναι,
2694 2045 2808 2101 ἀλλ’
2845 2045 2930 2099 ἀεὶ
2959 2046 3053 2099 καὶ
3078 2043 3184 2114 πρὸ
3214 2044 3314 2114 τῆς
3347 2042 3632 2114 ἐνανθρω-

2049 2145 2270 2216 πήσεως
2300 2141 2450 2212 παρά
2473 2140 2552 2210 τῷ
2582 2137 2757 2210 Πατρί
2807 2139 2946 2201 ἐστι,
2970 2135 3119 2207 δηλοῖ
3158 2137 3186 2189 6
3216 2135 3467 2206 Ἰωάννης
3514 2132 3634 2206 (80)

363 2227 515 2298 apud
541 2226 756 2282 Patrem
797 2229 1088 2295 exstiterit,
1139 2239 1290 2300 patet
1319 2247 1386 2285 ex
1434 2232 1520 2285 his
1550 2231 1732 2286 verbis
1759 2221 1948 2301 prim—ae

2058 2237 2106 2290 ἐν
2135 2237 2200 2306 τῇ
2454 2228 2738 2299 Ἐπιστολῇ
2773 2227 2945 2297 λέγων
2969 2226 3157 2291 οὕτως·
3195 2229 3264 2280 '0
3288 2221 3367 2296 ἦν
3394 2225 3494 2280 ἀπ’
3523 2225 3632 2296 ἀρ-

368 2317 597 2374 Joannis
626 2318 883 2389 Epistolm
907 2339 922 2375 :
956 2319 1109 2386 Quod
1140 2321 1242 2391 fuit
1277 2322 1340 2374 ab
1369 2323 1544 2387 initio,
1573 2322 1713 2393 quod
1739 2323 1949 2377 audivi-

368 2427 510 2479 mus,
534 2413 674 2482 quod
689 2413 917 2468 vidimus
951 2413 1118 2467 oculis
1153 2416 1369 2482 nostris,
1403 2414 1540 2485 quod
1565 2417 1944 2483 perspeximus,

369 2513 420 2558 et
461 2519 650 2558 manus
691 2514 886 2560 nostra:
919 2515 1367 2559 contrectaverunt
1415 2506 1478 2560 de
1531 2505 1697 2561 Verbo
1736 2508 1877 2570 vitm,
1899 2519 1949 2560 et

372 2593 485 2648 vita
507 2595 857 2664 manifestata
883 2604 982 2660 est,
1006 2604 1057 2650 et
1083 2595 1334 2662 vidimus,
1373 2604 1420 2649 et
1462 2604 1740 2664 testamur,
1771 2608 1818 2654 et
1855 2614 1950 2650 an-

365 2685 682 2739 nuntiamus
716 2685 858 2739 vobis
882 2686 1045 2739 vitam
1071 2695 1345 2749 (sternam,
1377 2702 1494 2755 qua:
1523 2695 1635 2740 erat
1659 2687 1798 2756 apud
1835 2687 1948 2741 Pa-

359 2783 527 2839 trem,
560 2786 610 2830 et
639 2777 889 2846 apparuit
911 2777 1060 2831 nobis
1083 2777 1147 2830 “.
1203 2775 1304 2832 Hic
1354 2793 1480 2833 cum
1529 2779 1672 2833 dicat
1712 2777 1949 2836 Joannes

371 2865 540 2920 vitam
563 2883 671 2922 non
702 2867 902 2922 factam
920 2882 1042 2922 esse
1068 2867 1162 2922 sed
1181 2865 1352 2922 fuisse
1375 2868 1518 2938 apud
1545 2867 1781 2935 Patrem,
1808 2869 1947 2922 idem

370 2960 428 3014 in
469 2957 576 3014 line
623 2959 744 3029 ejus
779 2958 1036 3028 Epistolae
1069 2958 1265 3014 Filium
1293 2961 1459 3015 vitam
1496 2962 1668 3031 ipsam
1715 2977 1836 3016 esse
1862 2962 1950 3018 his

2049 2326 2182 2396 χῆς,
2209 2325 2241 2379 ὃ
2267 2325 2629 2392 ἀκηκόαμεν,
2669 2319 2700 2375 ὃ
2731 2319 3072 2390 ἑωράκαμεν
3135 2318 3259 2384 τοῖς
3301 2317 3634 2388 ὀφθαλμοῖς

2046 2415 2236 2486 ἡμῶν,
2267 2413 2298 2468 ὃ
2330 2411 2718 2483 ἐθεασάμεθα,
2749 2412 2847 2464 καὶ
2877 2415 2936 2465 αὶ
2982 2409 3174 2480 χεῖρες
3204 2408 3372 2479 ἡμῶν
3394 2409 3635 2478 ἐψηλά-

2048 2523 2257 2577 φησαν
2281 2506 2413 2573 περὶ
2443 2503 2549 2558 τοῦ
2571 2505 2764 2573 Λόγου
2790 2501 2900 2571 τῆς
2946 2501 3114 2572 ζωῆςο
3143 2501 3238 2555 καὶ
3272 2502 3310 2570 ή
3344 2499 3454 2568 ζωὴ
3483 2500 3634 2571 ἐφα-

2048 2597 2294 2668 νερώθη,
2339 2597 2438 2650 καὶ
2485 2594 2843 2665 ἑωράκαμεν,
2897 2593 2996 2648 καί
3044 2594 3478 2665 μαρτυροῦμεν,
3533 2593 3634 2650 και

2049 2688 2504 2761 ἀπαγγέλλομεν
2536 2687 2678 2757 ὑμῖν
2723 2685 2838 2753 τὴν
2862 2683 3014 2754 ζωὴν
3064 2685 3178 2752 τὴν
3213 2685 3471 2749 αἰώνιον,
3495 2684 3634 2752 ἥτις

2047 2779 2126 2852 ἦν
2151 2781 2299 2850 πρὸς
2321 2780 2428 2835 τὸν
2445 2777 2694 2846 Πατέρα,
2710 2777 2806 2830 καὶ
2833 2775 3168 2847 ἐφανερώθη
3189 2776 3350 2845 ἡμῖν.
3371 2772 3636 2831 Ἐνταῦθα

2048 2873 2238 2940 λέγων,
2270 2872 2412 2942 ὁτιή
2452 2869 2564 2940 ζωὴ
2585 2869 2644 2922 οὐ
2674 2867 2914 2936 γέγονεν,
2965 2867 3080 2920 ἀλλ’
3107 2863 3174 2938 ἦν
3214 2867 3352 2939 πρὸς
3389 2867 3478 2921 τὸν
3516 2869 3633 2922 Πα-

2049 2963 2202 3034 τέρα,
2257 2963 2316 3014 ἐν
2359 2960 2438 3031 τῷ
2483 2959 2626 3012 τέλει
2669 2959 2768 3028 τῆς
2813 2955 3132 3026 Ἐπιστολῆς
3179 2957 3271 3010 τὸν
3305 2957 3431 3010 Υἱὺν
3485 2951 3634 3011 εἶναί

371 3047 616 3106 declarat
658 3049 886 3104 verbis:
929 3049 999 3102 Et
1031 3066 1213 3104 sumus
1265 3051 1318 3103 in
1358 3066 1497 3114 vero,
1545 3052 1602 3103 in
1652 3047 1792 3104 Filio
1836 3051 1948 3121 ejus

2058 3071 2185 3125 φησι
2216 3053 2327 3124 (81)
2361 3053 2460 3124 τὴν
2493 3051 2656 3122 ζωήν·
2710 3050 2912 3122 γράφει
2946 3051 2990 3103 δ’
3021 3044 3132 3102 οὖν’
3181 3051 3295 3103 Καί
3349 3050 3538 3118 ἐσμεν
3564 3050 3636 3104 ἐν

371 3138 501 3194 Jesu
546 3138 781 3196 Christo.
826 3139 930 3193 Hic
960 3148 1037 3194 est
1066 3157 1216 3194 verus
1260 3139 1400 3195 Deus
1426 3151 1474 3194 et
1504 3141 1614 3194 vita
1654 3150 1852 3196 interna
1879 3143 1945 3197 ¹³.

2048 3142 2131 3208 τῷ
2163 3139 2450 3210 ἀληθινῷ,
2477 3141 2546 3194 ἐν
2581 3138 2662 3205 τῷ
2717 3139 2826 3205 Υἱῷ
2883 3140 3067 3194 αὐτοῦ
3137 3139 3329 3205 Ἰησοῦ
3375 3139 3633 3208 Χριστῷ.

373 3229 562 3301 Itaque
587 3232 632 3287 si
667 3230 839 3286 Filius
860 3242 946 3287 est
968 3231 1102 3298 vita,
1129 3248 1251 3302 qua:
1276 3232 1347 3287 sit
1387 3231 1530 3302 apud
1555 3231 1792 3300 Patrem,
1823 3249 1948 3288 cum

2058 3229 2234 3297 Οὗτός
2261 3232 2434 3286 ἐστιν
2464 3232 2496 3284 ό
2529 3228 2816 3296 ἀληθινὸς
2844 3229 3008 3294 Θεὸς,
3033 3231 3130 3282 καί
3153 3227 3262 3297 ζωὴ
3285 3228 3536 3295 αἰώνιος.
3570 3230 3636 3283 El

375 3319 518 3377 idem
546 3319 786 3376 Joannes
811 3321 976 3388 dicat,
1012 3321 1084 3376 Et
1123 3320 1348 3376 Verbum
1366 3331 1480 3375 erat
1511 3321 1650 3390 apud
1677 3321 1844 3376 Deum
1870 3322 1947 3390 u;

375 3411 624 3482 sequitur
659 3421 719 3468 ut
750 3411 925 3468 Filius
955 3427 1141 3467 revera
1182 3413 1254 3468 sit
1281 3412 1522 3468 Verbum
1553 3413 1701 3483 quod
1737 3427 1953 3482 semper

379 3505 524 3575 apud
558 3501 775 3558 Patrem
820 3511 924 3558 est.
956 3501 1029 3558 Ut
1067 3514 1248 3559 autem
1288 3503 1484 3568 Filius,
1537 3502 1775 3560 Verbum
1824 3513 1948 3560 est:

378 3592 454 3646 ita
485 3590 650 3655 Deus,
679 3591 798 3662 ipse
825 3601 910 3647 est
936 3590 1117 3648 Pater.
1145 3592 1415 3648 (laterum
1446 3592 1619 3648 Filius
1651 3595 1951 3650 secundum

377 3681 644 3738 Joannem
677 3698 785 3737 non
818 3683 995 3738 solum
1024 3682 1188 3750 Deus,
1213 3683 1307 3739 sed
1337 3683 1483 3739 Deus
1505 3700 1666 3740 verus
1686 3694 1788 3740 est.
1814 3682 1953 3738 Nam

380 3784 440 3828 ut
465 3773 607 3828 idem
637 3771 876 3830 Joannes
909 3777 1005 3841 ait,
1045 3774 1112 3829 Et
1136 3775 1274 3830 Deus
1301 3787 1447 3830 erat-
1476 3775 1703 3830 Verbum
1729 3777 1772 3808 ¹⁸
1801 3794 1814 3831 :
1863 3775 1956 3831 Fi-

379 3866 487 3922 lius
503 3865 640 3920 item'
657 3865 810 3931 dicit,
832 3866 943 3936 Ego
956 3883 1070 3921 sum
1091 3869 1200 3922 vita
1217 3870 1305 3923 ιδ’.
1324 3867 1510 3939 Itaque
1527 3867 1700 3924 Filius
1716 3863 1955 3924 Verbum

378 3966 436 4012 et
472 3957 582 4012 vita
610 3965 696 4015 est
739 3958 881 4030 apud
923 3960 1142 4014 Patrem
1171 3961 1461 4016 exsistens.
1511 3959 1776 4015 Praeterea
1809 3960 1954 4029 quod

381 4049 526 4119 apud
556 4051 810 4106 eumdem
850 4049 1117 4106 Joannem
1166 4052 1384 4122 legitur,
1416 4050 1730 4121 Unigenitus
1780 4049 1955 4104 Filius

381 4141 472 4210 qui
493 4149 572 4195 est
603 4142 658 4195 in
681 4143 802 4197 sinu
825 4144 1004 4198 Patris
1029 4145 1094 4211 ¹⁶,
1123 4153 1446 4214 argumento
1476 4155 1558 4198 est
1579 4143 1780 4198 Filium
1813 4159 1958 4199 sem-

382 4246 479 4302 per
526 4230 719 4288 fuisse.
760 4233 933 4299 Quem
982 4235 1131 4288 enim
1175 4233 1416 4291 Joannes
1467 4233 1667 4289 Filium
1703 4235 1954 4304 appellat,

381 4321 635 4376 eumdem
665 4322 831 4378 David
861 4339 1082 4378 manum
1110 4333 1269 4380 vocat
1292 4324 1377 4380 his
1405 4323 1600 4394 psalmi
1625 4324 1806 4380 verbis
1834 4343 1847 4379 :
1887 4323 1957 4380 Ut

2051 3321 2108 3376 δὲ
2129 3324 2158 3374 6
2181 3323 2306 3386 Υἱός
2329 3324 2478 3374 ἐστιν
2506 3322 2539 3392 ἡ
2572 3318 2706 3392 ζωὴ,
2765 3320 2862 3374 καὶ
2889 3319 3030 3392 αὕτη
3065 3322 3202 3392 πρὸς
3243 3319 3336 3375 τὸν
3390 3322 3635 3394 Πατέρα,

2054 3415 2150 3468 καὶ
2165 3414 2214 3466 εἰ
2242 3416 2270 3468 6
2301 3413 2430 3477 Υἱὸς
2457 3407 2525 3483 ἦν
2549 3411 2684 3481 πρὸς
2717 3411 2809 3464 τὸν
2830 3412 3070 3481 Πατέρα,
3114 3411 3262 3481 λέγει
3312 3412 3368 3466 δὲ
3397 3413 3426 3464 6
3448 3413 3635 3478 αὐτὸς,

2053 3505 2166 3560 Καὶ
2224 3508 2257 3560 ό
2303 3504 2496 3572 Λόγος
2527 3499 2606 3573 ἦν
2643 3503 2793 3572 πρὸς
2820 3503 2927 3557 τὸν
2957 3503 3124 3557 Θεόνο
3184 3505 3212 3557 6
3240 3502 3367 3568 Υἱὸς
3396 3503 3462 3558 ἂν
3495 3505 3581 3578 εἴη
3609 3509 3640 3559 6

2053 3598 2222 3666 Λόγος
2257 3599 2286 3650 6
2325 3595 2414 3649 ἀεὶ
2446 3595 2520 3648 ὢν
2557 3594 2693 3665 πρὸς
2721 3595 2812 3648 τὸν
2862 3594 3104 3666 Πατέρα.
3133 3597 3342 3667 ’Ὠσπερ
3365 3596 3420 3649 δὲ
3449 3597 3478 3648 6
3507 3597 3642 3663 Υἱὸς

2053 3691 2225 3758 Λόγος
2254 3688 2421 3748 ἐστὶν,
2454 3685 2626 3750 οὕτως
2659 3689 2688 3740 6
2721 3686 2872 3750 Θεὸς,
2906 3689 2934 3741 6
2966 3688 3126 3751 αὐτὸς
3155 3687 3220 3741 ἂν
3247 3688 3330 3760 εἴη
3363 3690 3392 3741 6
3422 3689 3636 3761 Πατήρ.

2065 3783 2124 3836 '0
2153 3780 2333 3852 μέντοι
2374 3781 2504 3842 Υἱὸς
2556 3779 2698 3833 κατὰ
2745 3779 2857 3850 (82)
2900 3780 2992 3833 τὸν
3043 3780 3295 3851 Ἰωάννην
3357 3781 3491 3846 Θεὸς
3538 3783 3640 3853 οὐχ

2053 3871 2262 3936 ἁπλῶς,
2288 3870 2400 3924 ἀλλ’
2431 3859 2681 3938 ἀληθινὸς
2713 3868 2844 3932 Θεός
2895 3869 3033 3922 ἐστι.
3088 3870 3197 3923 Καὶ
3230 3867 3340 3941 γὰρ
3374 3869 3517 3924 κατά
3546 3871 3640 3924 τὸν

2054 3963 2218 4017 αὐτὸν
2243 3961 2450 4024 τοῦτον,
2477 3959 2583 4013 Καὶ
2613 3959 2756 4026 Θεὸς
2787 3956 2866 4030 ἦν
2885 3962 2917 4013 ό
2935 3962 3139 4032 Λόγος·
3165 3962 3317 4030 ἔλεγέ
3345 3980 3404 4015 τε
3433 3965 3462 4016 6
3484 3963 3638 4030 Υἱὸς,

2069 4054 2209 4124 Ἐγώ
2238 4055 2353 4117 ειμι
2376 4054 2414 4120 ἡ
2443 4049 2574 4117 ζωή.
2605 4051 2817 4104 Οὐκοῦν
2847 4054 2875 4105 6
2906 4051 3033 4116 Υἱὸς
3064 4054 3234 4122 Λόγος
3263 4053 3380 4107 ἐστὶ
3403 4053 3512 4121 (85)
3541 4056 3640 4110 καὶ

2059 4143 2171 4214 ζωὴ
2208 4145 2242 4214 ἡ
2266 4139 2399 4196 οὖσα
2425 4141 2575 4213 παρὰ
2595 4140 2672 4212 τῷ
2703 4141 2896 4213 Πατρί.
2915 4143 3083 4197 Πάλιν
3106 4143 3162 4197 δὲ
3207 4145 3267 4198 τὸ
3300 4145 3360 4197 ἐν
3392 4145 3540 4216 αὐτῷ
3559 4147 3642 4218 τῷ

2070 4235 2290 4307 Ἰωάννῃ
2315 4231 2624 4303 εἰρημένον,
2689 4231 2744 4283 '0
2789 4234 3125 4303 μονογενὴς
3163 4235 3315 4300 Υἱὸς,
3363 4238 3396 4290 ό
3441 4234 3643 4302 ὢνεις

2061 4324 2168 4378 τὸν
2188 4326 2419 4378 κόλπον
2449 4322 2555 4376 τοῦ
2588 4322 2835 4392 Πατρός,
2891 4323 3130 4379 δείκνυσι
3177 4326 3266 4378 τὸν
3291 4326 3418 4380 Υἰὸν
3447 4327 3536 4380 ἀεὶ
3564 4324 3644 4381 εἶ-

385 4414 512 4484 quid
536 4415 728 4468 avertis
755 4431 971 4468 manum
1000 4423 1146 4469 tuam
1168 4427 1218 4471 et
1241 4415 1511 4471 dexteram
1535 4424 1682 4470 tuam
1704 4418 1768 4470 de
1789 4416 1948 4471 media

2061 4431 2168 4469 ναι.
2207 4417 2302 4467 Ὃν
2353 4413 2459 4485 γὰρ
2506 4412 2653 4480 λέγει
2704 4414 2732 4464 6
2775 4413 3024 4484 Ἰωάννης
3076 4414 3187 4484 (84)
3239 4415 3386 4479 Υἱὸν,
3448 4415 3644 4470 τοῦτον

383 4505 506 4560 sinu
533 4515 623 4559 tuo
648 4506 691 4539 ιτ
713 4506 736 4559 ?
759 4505 1149 4572 Quamobrem,
1185 4508 1232 4564 si
1265 4524 1462 4564 manus
1495 4507 1569 4564 sit
1613 4509 1669 4564 in
1699 4508 1846 4575 sinu,
1893 4517 1947 4564 et

2058 4509 2216 4586 χεῖρα
2241 4507 2270 4558 6
2292 4503 2456 4557 Aa6‘t6
2494 4502 2687 4572 ψάλλει
2727 4501 2918 4572 λέγων·
2951 4505 3074 4558 "Ira
3129 4505 3186 4558 τί
3239 4505 3645 4574 ἀποστρέφεις

457 4599 500 4631 ⁸⁸
539 4596 745 4671 [Joan.
783 4616 821 4668 ι,
849 4601 902 4665 1,
934 4600 988 4656 2.
1070 4601 1116 4634 ¹³
1153 4603 1175 4656 Ι
1204 4599 1364 4658 Joan.
1395 4619 1447 4671 v,
1471 4603 1566 4660 20.
1639 4600 1854 4659 “Joan.
1887 4619 1942 4667 ι,

2101 4601 2146 4636 ⁸⁵
2177 4599 2310 4655 ibid.
2397 4595 2640 4652 "'Joan.
2666 4613 2776 4664 xw,
2813 4598 2864 4652 6.

435 4685 630 4733 um],
661 4670 749 4726 12.

478 4760 569 4831 76)
609 4760 743 4830 Reg.
795 4771 852 4816 et
887 4761 1109 4830 Seguer.
1143 4760 1221 4831 τῷ
1248 4760 1446 4829 λέγειν.
1493 4759 1685 4831 Creteri
1720 4767 1773 4813 et
1801 4757 1952 4831 editi,

384 4829 450 4884 τὸ
468 4827 872 4902 λέγεινςΡιιυιο
897 4827 1035 4901 post,
1075 4827 1205 4902 Reg.
1237 4840 1292 4902 et
1322 4827 1549 4901 Seguer.
1585 4827 1660 4882 ὣν
1685 4831 1714 4883 6
1745 4828 1954 4900 Πατὴρ,

388 4903 484 4964 καὶ
509 4902 627 4955 ὅσα.
665 4901 719 4955 In
751 4902 872 4957 aliis
903 4911 956 4958 et
982 4903 1144 4956 editis
1164 4901 1205 4952 ’6
1237 4901 1407 4955 deest.

461 4972 574 5041 (77)
613 4971 948 5034 Basiliensis,
976 4972 1212 5041 ἀπαντᾷ.
1241 4971 1457 5041 Caneri,
1484 4971 1721 5026 ἅπαντα..

459 5040 574 5116 (ﬁ)
616 5041 1091 5116 Reg;Seguer._et
1119 5040 1333 5116 Gubler.
1357 5040 1625 5116 Δδηλονότι2

461 5105 575 5181 (79)
618 5105 722 5181 Sic
740 5105 962 5180 Regius,
997 5111 1223 5181 Seguer.
1271 5105 1489 5181 Gobler.
1520 5119 1574 5163 et
1613 5107 1770 5181 Felc;
1795 5107 1846 5160 1.
1891 5105 1964 5161 At

389 5172 602 5247 Anglic.
635 5178 729 5234 οὖν
759 5172 974 5235 οηῖίιιὶί.
1007 5172 1198 5236 (Ζεὲιετί
1233 5188 1288 5233 et
1315 5180 1465 5238 editi.
1492 5181 1591 5232 οὐκ
1622 5176 1716 5232 οὖν
1741 5172 1900 5247 ἦμεν.

463 5245 574 5324 (30)
617 5249 1118 5324 Regius,__Seguer.
1158 5249 1324 5324 δηλοῖΔ
1349 5251 1376 5302 ὁ
1413 5251 1684 5324 Ἰωάννης.
1707 5245 1848 5324 ﬁt
1870 5245 1966 5299 ab-

389 5316 568 5378 est'ab
597 5316 725 5376 aliis
740 5331 792 5376 et
815 5316 996 5389 editis:
1028 5319 1150 5374 Mox
1195 5316 1675 5389 Regius,_Seguer.
1707 5316 1872 5371 Basil.
1911 5323 1967 5370 et

391 5392 600 5462 Anglic.
627 5390 804 5462 οὕτως
836 5391 865 5444 ὃ
895 5386 982 5462 ἦν.
1015 5391 1121 5462 Alii
1149 5399 1203 5444 et
1227 5386 1355 5462 editi
1387 5386 1559 5462 οὓτως
1587 5389 1863 5462 omittupt.

465 5455 579 5532 (81)
616 5460 711 5532 §ic
736 5455 1015 5532 Regiusket
1043 5461 1268 5532 Seguer.
1298 5459 1367 5514 At
1397 5460 1487 5532 alii
1514 5468 1568 5532 et
1597 5457 1747 5532 editi,
1775 5455 1900 5532 ἔφη.

485 5525 577 5598 82)
614 5525 897 5602 Regius'et
929 5529 999 5586 Se
1038 5525 1153 5584 uer.
1186 5529 1282 5584 καὶ
1310 5531 1472 5583 κατά.
1507 5527 1697 5584 (lateri
1739 5535 1792 5580 et
1833 5525 1962 5581 editi

463 5533 800 5654 domittunt.
845 5599 968 5654 Mox
1002 5548 1215 5654 gitalic.
1268 5599 1366 5654 06y
1408 5597 1627 5654 ἁπλῶς.
1687 5595 1958 5654 ἀληθινός.

393 5595 490 5660 καί
523 5595 800 5670 omittunt.
830 5599 968 5670 Mox
1004 5595 1215 5670 Anglic.
1268 5599 1366 5670 οὐχ
1408 5597 1595 5663 ἁπλῶς
1612 5640 1635 5670 ,_
1687 5595 1958 5670 ἀληθινός.

397 5671 530 5730 Ibid.
575 5667 706 5740 Reg.
739 5681 792 5728 et
821 5669 1042 5740 Seguer.
1081 5667 1213 5734 Θεός
1266 5667 1401 5734 ἐστι,
1433 5671 1542 5725 Καὶ
1579 5667 1690 5739 γὰρ
1716 5669 1834 5720 κατ’
1862 5667 1962 5720 αὑ-

2944 4596 3153 4653 “Joan.
3193 4599 3348 4667 ι,18.
3427 4600 3641 4657 "Psal.

2057 4755 2154 4829 τὸν
2198 4753 2614 4829 coirov.__Basi_l.
2643 4826 2652 4829 _
2685 4756 2818 4829 Θεός
2863 4758 2996 4811 ἐστι.
3043 4759 3153 4829 Καὶ
3195 4759 3304 4829 γὰρ
3358 4760 3499 4829 κατά
3549 4763 3644 4817 τὸν

2060 4824 2271 4900 τοῦτον.
2296 4824 2506 4900 Anglic.
2551 4826 2685 4888 Θεὸς
2730 4826 2864 4900 ἐστι.
2895 4829 3004 4900 καὶ
3023 4828 3138 4900 Δγάρ
3166 4824 3310 4884 κατᾶ
3333 4828 3424 4883 τὸν
3454 4832 3638 4887 αὐτόν.

2061 4896 2167 4950 Alii
2194 4903 2249 4948 et
2278 4895 2429 4956 editi,
2462 4893 2578 4948 ἐστι
2613 4895 2756 4948 κατά
2784 4897 2874 4948 τὸν
2905 4893 3084 4952 αὐτόν.

2135 4965 2248 5036 (85)
2287 4963 2488 5036 Anglic.
2543 4967 2574 5036 ἡ
2619 4965 2758 5036 ζωή.
2798 4967 2906 5036 Καὶ
2937 4966 3046 5036 γάρ
3099 4968 3219 5021 κατ’
3261 4967 3423 5024 αὐτὸν
3453 4969 3642 5026 τοῦτον

2063 5037 2092 5107 s
2125 5013 2253 5107 fit};
2280 5013 2774 5107 gratagrata.
2799 5013 2960 5091 Tlﬁll.‘
2980 5013 3214 5105 negti.
3262 5013 3645 5107 ἕρξιὶεὲἷᾶἆὶ

2066 5104 2180 5175 ζωὴ
2221 5099 2442 5225 Ἒοῦσα.
2474 5103 2529 5158 In
2562 5107 2684 5160 aliis
2717 5115 2896 5160 autem
2941 5116 2996 5162 et
3037 5099 3199 5163 editis
3232 5110 3264 5180 ἡ
3303 5099 3472 5163 deest.
3507 5105 3640 5165 Item

2066 5175 2199 5225 ibid.
2295 5189 2376 5225 ea.
2429 5183 2484 5225 et
2530 5173 2753 5225 Senuer.
2837 5176 3007 5225 Πάλιν
3047 5178 3106 5225 δὲ
3161 5179 3221 5225 τὸ
3270 5181 3329 5225 ἐν
3371 5176 3521 5225 αὑτῶ
3561 5181 3640 5225 τῶ

2066 5173 2199 5251 ibid.
2246 5173 2376 5251 Reg.
2429 5173 2753 5251 et.Seguer.
2837 5176 3018 5251 {15Lth
3047 5178 3123 5251 δε
3161 5179 3221 5231 τὸ
3253 5173 3329 5251 ’ἐν
3371 5176 3521 5251 αὐτῷ
3561 5181 3643 5251 τῷ

2078 5245 2296 5320 Ἰωάννῃ
2325 5242 2632 5320 είρημένον]
2675 5242 2765 5300 Sic
2790 5246 2953 5320 etiam
2984 5246 3148 5320 Basil.
3178 5258 3233 5302 et
3271 5242 3508 5320 Anglic,
3546 5242 3640 5305 sed

2065 5313 2486 5437 οηιέεεσπάλιν.
2522 5314 2627 5370 Alii
2674 5325 2730 5369 et
2769 5317 2938 5380 editi,
2971 5318 3066 5372 καὶ
3100 5320 3130 5370 6
3177 5319 3340 5382 αὐτὸς
3360 5313 3642 5390 ’Ἰωάννης

2069 5401 2150 5437 πα
2187 5401 2254 5437 ιν.

2069 5401 2254 5438 πάλιν.

2137 5454 2269 5528 (δέ)Δ
2292 5452 2382 5528 Sic
2410 5450 2544 5528 Reg.
2578 5449 3014 5528 δίεμαι-ΒΝ).
3041 5465 3095 5512 et
3122 5457 3335 5528 Anglic.
3369 5457 3476 5513 Alii
3509 5474 3640 5514 vero

2065 5532 2122 5600 et
2144 5521 2295 5600 editi,
2321 5523 2470 5600 λέγει
2496 5521 2772 5600 Ἰωάννης.
2800 5521 2934 5600 lbid_.
2956 5525 3103 5600 Reg.
3149 5521 3471 5600 εἴδομεν.
3503 5528 3645 5600 ψάλ-

2066 5594 2149 5648 λει
2182 5593 2374 5664 λέγων.
2400 5593 2592 5650 Cteteri
2625 5593 2883 5666 editique,
2911 5593 3078 5667 λέγειῖ
