3834 6220
342 303 448 361 509

1474 299 1733 358 ORATIO
1770 299 1838 355 ιν
1873 295 2154 356 CONTRA
2188 295 2534 354 ΔΗΙΑΝοδῶ

3491 294 3591 351 510

342 423 458 487 τὴν
485 415 656 487 χεζοά
697 429 816 470 σου
837 414 935 469 καὶ
961 413 1076 483 τὴν
1098 415 1305 482 δεξιάν
1333 430 1452 472 σου
1481 417 1551 471 ἐκ
1583 417 1779 487 μέσου
1809 416 1901 472 τοί

2016 412 2190 468 Filius
2239 411 2493 468 similiter
2529 412 2604 468 sit
2640 412 2688 468 it.
2728 411 2854 470 sinu
2883 430 2900 481 ;
2937 413 3055 484 ipse
3098 410 3267 485 igitur
3290 409 3465 469 Filius
3499 427 3588 474 est

339 510 572 564 κόλπου
603 521 764 570 σου;
797 506 1006 561 οὐκοῦν
1032 509 1082 560 εί
1119 509 1152 579 ἠ
1180 509 1299 579 χεὶρ
1331 510 1390 562 ιν
1416 506 1494 578 τῷ
1526 507 1732 579 κόλπῳ,
1775 508 1868 561 καὶ
1894 510 1924 561 6

340 602 466 666 Υἱὸς
494 602 553 653 ὲν
581 599 784 670 κόλπῳ,
819 601 848 653 6
868 598 994 663 Υίὺς
1027 597 1092 653 ἂν
1148 599 1232 670 είη
1265 601 1298 671 ὴ
1328 600 1470 672 χεὶρ,
1501 600 1596 654 καὶ
1625 601 1659 672 ἡ
1701 601 1822 672 χεὶρ
1856 600 1924 654 ἂν

335 689 424 758 εἴη
459 687 658 753 δΥίὸς,
689 687 756 740 δι’
793 679 854 740 οῦ
901 687 1126 759 ἐποίησε
1173 689 1242 742 τὰ
1299 689 1475 742 πάντα
1529 690 1558 742 6
1610 691 1821 776 Πατήρ.
1863 689 1926 745 Ἠ

333 781 466 850 χείρ
495 796 613 835 σου
658 778 787 850 γὰρ,
817 780 1002 851 φησιν,
1059 780 1310 848 ἐποίησε
1333 780 1520 834 ταῦτα
1557 777 1773 846 πάντα,
1805 781 1920 844 καὶ,

332 870 410 940 τῇ
433 870 588 941 χειρὶ
635 871 894 941 ἐξήγαγε
937 871 1049 942 (85)
1076 871 1184 924 τὸν
1229 875 1404 927 λαόν·
1440 873 1637 926 οὐκοῦν
1684 873 1772 926 διὰ
1818 871 1912 926 τοῦ

332 961 487 1016 Υίοῦ.
518 963 581 1015 Ei
611 961 666 1015 δὲ
689 961 782 1016 καὶ
824 961 975 1030 αὕτη
1006 964 1045 1031 ἠ
1079 961 1189 1034 (86)
1217 963 1542 1029 ἀλλοίωσις
1572 962 1684 1032 τῆς
1713 962 1915 1030 δεξιᾶς

327 1053 440 1108 τοῦ
474 1052 787 1121 Ὑψίστουο
830 1054 924 1106 καὶ
946 1052 1128 1118 πάλιν,
1153 1056 1240 1120 είς
1270 1055 1338 1108 τὸ
1369 1055 1568 1121 τέλος,
1602 1054 1756 1124 ὑπὲρ
1795 1053 1914 1109 τῶν

326 1145 925 1215 ἀλλοιωθησομέινων,
956 1146 1080 1216 ᾠδὴ
1126 1147 1280 1215 ὑπὲρ
1342 1147 1451 1201 τοῦ
1509 1147 1857 1218 Ἀγαπητοῦ
1882 1149 1913 1201 6

345 1237 653 1308 Ἀγαπητδς
684 1237 793 1307 ἄρα
834 1238 981 1290 ἐστὶν
1023 1238 1056 1308 ὴ
1096 1238 1218 1310 χεὶρ
1265 1236 1644 1303 ἀλλοιωθεῖσα,
1691 1238 1820 1308 περὶ
1846 1229 1908 1290 οὗ

2019 521 2241 572 manus,
2267 514 2324 560 et
2348 520 2544 561 manus
2565 504 2807 562 vicissim
2835 515 2919 563 est
2943 505 3137 572 Filius,
3167 522 3263 578 per
3295 520 3455 577 quem
3482 507 3592 565 Pa-

2015 605 2101 652 ter
2136 595 2320 652 omnia
2360 594 2507 653 fecit.
2546 595 2684 654 Nam
2712 614 2902 653 manus
2934 607 3050 664 tua,
3084 597 3280 669 inquit,
3315 598 3439 669 fecit
3479 599 3592 655 haec

2016 686 2282 752 omnia",
2321 695 2396 755 ει,
2449 704 2611 742 manu
2641 688 2824 743 eduxit
2872 688 3124 760 pupulum
3153 689 3218 756 ",
3266 705 3461 760 nempe
3494 705 3592 760 per

2015 777 2236 836 Filium.
2274 779 2485 836 Rursus
2533 780 2579 836 si
2613 780 2976 837 hwc'mutatio
3023 782 3256 839 dextera
3285 781 3496 838 Επειδὶ
3518 784 3588 848 ³⁸,

2018 879 2094 937 ει,
2124 873 2181 926 in
2227 873 2381 942 ﬁnem
2429 889 2524 943 pro
2556 874 2626 928 iis
2661 874 2765 945 qui}
2793 875 3280 942 commutabantur,
3325 874 3591 930 canticum

2016 979 2112 1032 pro
2152 962 2360 1018 Dilecto
2387 965 2430 994 “
2457 983 2471 1019 :
2516 979 2644 1020 vere
2670 979 2800 1034 ergo
2830 966 2948 1035 ipse
2974 965 3235 1032 Dilectus,
3267 981 3465 1022 manus
3507 972 3590 1021 est

2017 1069 2139 1123 qua:
2163 1064 2370 1110 mutata
2399 1065 2503 1123 est,
2534 1055 2602 1111 de
2628 1071 2738 1127 quo
2759 1056 2942 1111 divina
2965 1073 3180 1128 quoque
3208 1073 3310 1113 vox
3341 1057 3451 1113 ait:
3484 1055 3590 1112 Hic

2015 1157 2094 1200 est
2127 1146 2304 1202 Filius
2339 1165 2482 1203 meus
2523 1147 2745 1203 dilectus
2773 1149 2838 1203 ¹¹.
2872 1147 3016 1206 idem
3048 1150 3210 1219 igitur
3253 1159 3365 1216 est,
3400 1165 3588 1205 manus

2014 1255 2150 1308 mea,
2181 1249 2256 1308 et,
2283 1239 2387 1296 Hic
2409 1250 2489 1296 est
2519 1241 2697 1296 Filius
2720 1258 2885 1296 meus.

328 1330 428 1385 καὶ
453 1329 597 1399 λέγει
631 1333 663 1402 ή
694 1330 812 1384 θεία
859 1332 1032 1404 φωνήο
1061 1327 1248 1399 οὗτός
1277 1332 1450 1386 ἐστιν
1491 1335 1525 1386 ό
1578 1333 1709 1399 Υἱός
1729 1349 1850 1402 μου
1887 1333 1922 1386 ὀ
1959 1332 2288 1403 ἀγαπητός.
2331 1337 2477 1390 Ἴσον
2519 1335 2628 1408 ἄρα
2655 1335 2822 1402 ἐστὶν,
2869 1335 3026 1404 αὕτη
3071 1335 3111 1405 ἠ
3139 1335 3269 1405 χείρ
3315 1352 3460 1405 μου,
3485 1333 3589 1406 τῷν

323 1419 516 1491 Οὗτος
543 1425 654 1496 (87)
689 1429 723 1480 ό
755 1427 888 1492 Υἱός
911 1444 1044 1493 μου.

395 1518 487 1572 27.
530 1517 746 1589 Ἐπειδὴ
769 1516 826 1570 δέ
858 1535 1002 1582 τινες
1037 1517 1147 1572 τῶν
1178 1517 1538 1584 ἀπαιδεύτων,
1563 1517 1901 1592 ἀναιροῦντες

2082 1517 2174 1572 ‘27.
2213 1517 2387 1574 Porro
2410 1519 2539 1590 quia
2573 1519 2822 1573 nonnulli
2855 1517 3089 1590 imperiti
3115 1516 3315 1573 Filium
3345 1531 3470 1575 esse
3494 1533 3591 1574 ne-

325 1609 390 1662 τὸ
413 1607 552 1662 εἶναι
577 1608 725 1671 Υίὸν,
759 1609 1086 1675 εὐτελίζουσι
1113 1611 1194 1676 τὸ,
1227 1611 1322 1665 Ἐκ
1342 1611 1600 1682 γαστρὸς
1623 1610 1737 1679 πρὸ
1767 1610 1912 1663 ἐωσ-

324 1703 520 1770 ερόρου
551 1700 850 1771 ὲγέννησά
874 1717 968 1768 σε,
1015 1703 1091 1767 ὡς
1117 1701 1182 1756 ἂν
1213 1703 1305 1756 ἐπὶ
1346 1703 1446 1773 τῆς
1475 1701 1694 1775 Μαρίας
1738 1701 1912 1772 ἁρμό-

324 1792 513 1857 ζοντος
536 1794 747 1857 τούτου,
779 1794 1080 1863 φάσκοντες
1121 1794 1224 1867 πρὸ
1272 1792 1367 1849 τοῦ
1407 1793 1630 1848 ἑωθινοῦ
1685 1793 1913 1864 ἀστέρος

325 1885 688 1956 γεγεννῆσθαι
722 1883 833 1953 (88)
853 1884 1013 1937 αὐτὸν
1039 1884 1148 1938 ἀπὺ
1173 1885 1412 1956 Μαρίαςα
1467 1885 1540 1955 μὴ
1569 1884 1676 1956 γὰρ
1702 1883 1770 1937 ἂν
1817 1883 1912 1938 ἐπὶ

324 1977 464 2031 Θεοῦ
493 1977 750 2049 ἁρμόζειν
771 1977 1010 2048 γαστέρα
1039 1977 1234 2042 λέγειν’
1273 1976 1430 2046 ὀλίγα
1473 1978 1646 2030 εἰπεῖν
1675 1977 1908 2048 ἀνάγκη.

327 2071 392 2122 Ei
430 2070 528 2140 μὲν
551 2065 661 2126 οὖν,
685 2071 766 2122 ὅτι
800 2072 831 2140 ή
857 2069 1072 2140 γαστὴρ
1107 2066 1444 2140 ἀνθρώπινόν
1474 2069 1610 2134 ἐστι,
1640 2066 1729 2121 διὰ
1751 2066 1909 2121 τοῦτο

324 2161 604 2232 ἀλλότριον
635 2160 791 2214 θεοῦ*
825 2161 982 2232 δῆλον
1021 2161 1103 2213 ὅτι
1143 2161 1252 2228 (89)
1287 2160 1379 2213 καὶ
1409 2161 1441 2230 ή
1469 2160 1667 2230 καρδία
1695 2159 1908 2232 ἀνθρώρ

326 2269 482 2304 πινον
535 2252 648 2324 ἔχει
698 2253 760 2306 τὸ
824 2253 1238 2324 σημαινόμενον.
1307 2251 1614 2306 Ἀκολουθεῖ
1662 2251 1772 2323 γὰρ
1817 2251 1908 2305 τὸν

323 2343 556 2417 καρδίαν
578 2343 768 2415 ἔχοντα
794 2344 901 2415 (90)
935 2344 1077 2415 ἔχειν
1126 2345 1218 2398 καὶ
1248 2347 1510 2416 γαστέρα.
1559 2343 1908 2414 Ἀμφοτέρων

321 2437 392 2508 δὴ
427 2435 779 2509 ἀνθρωπίνων
806 2436 992 2502 ὄντων,
1021 2435 1052 2508 ἢ
1103 2437 1345 2508 ἀναιρεῖν
1381 2435 1640 2506 ἑκάτερον
1668 2435 1902 2504 ἀνάγκη,

322 2529 710 2602 ἢάμφοτέρων
737 2529 836 2601 τὴν
877 2529 1113 2583 διάνοιαν
1165 2527 1345 2601 ζητεῖν
1388 2529 1514 2600 χρή.
1559 2527 1646 2591 Ὡς
1678 2526 1788 2598 γὰρ
1840 2528 1906 2580 ἐκ

324 2622 555 2696 καρδίας
594 2621 785 2691 Λόγος,
847 2619 1020 2684 οὕτως
1072 2622 1136 2675 ὲκ
1191 2621 1430 2692 γαστρὸς
1483 2619 1749 2688 γέννημα.
1794 2618 1907 2672 Καὶ

323 2715 536 2785 ῶσπερ,
584 2713 811 2785 καρδίας
863 2699 996 2766 Θεοῦ
1048 2712 1367 2784 λεγομένης,
1410 2711 1512 2764 οὐκ
1558 2709 1905 2781 ἀνθρωπίνην

321 2808 552 2880 νοοῦμεν
575 2809 762 2881 αὐτήνο
793 2808 963 2872 οὕτως
1003 2807 1116 2873 ἐὰν,
1143 2808 1212 2860 ἐκ
1243 2807 1555 2880 γαστρὸςή
1583 2806 1773 2880 Γραφὴ
1813 2805 1904 2859 λέ-

2013 1618 2223 1679 gantes,
2241 1611 2639 1680 parvipendunt
2659 1611 2760 1666 ista
2785 1611 2968 1674 verba,
2991 1608 3078 1664 Ea:
3099 1619 3250 1665 utero
3285 1618 3408 1664 ante
3452 1609 3590 1664 luci-

2014 1701 2180 1771 ferum
2205 1703 2360 1772 genui
2391 1711 2459 1768 te,
2480 1717 2603 1772 qua:
2627 1702 2888 1757 nimirum
2919 1702 2987 1758 de
3012 1700 3180 1756 Maria
3219 1701 3408 1758 volunt
3428 1701 3590 1773 503

2013 1791 2262 1863 intelligi,
2303 1793 2565 1862 aiuntque
2609 1807 2734 1848 eum
2780 1807 2845 1848 ex
2888 1791 3054 1847 Maria
3087 1801 3213 1848 ante
3257 1795 3588 1848 matutinum

2011 1883 2167 1940 sidus
2200 1900 2325 1941 esse
2356 1883 2619 1955 genitum,
2647 1900 2746 1941 nec
2775 1883 2886 1941 Deo
2907 1885 3131 1941 attribui
3154 1901 3315 1956 posse
3335 1895 3582 1952 uterum;

2011 1991 2185 2046 pauca
2223 1976 2290 2031 de
2317 1977 2404 2032 bis
2428 1977 2609 2032 dicere
2644 1979 2820 2033 visum
2856 1986 2940 2034 est
2968 1979 3360 2034 necessarium.
3401 1978 3587 2048 Itaque

2011 2068 2078 2132 si,
2125 2084 2193 2123 eo
2245 2069 2392 2139 quod
2439 2079 2629 2126 uterus
2680 2072 2982 2126 humanum
3029 2071 3288 2142 quiddam
3335 2081 3436 2136 est,
3489 2071 3586 2126 Dei

2011 2161 2248 2217 alienum
2271 2178 2394 2218 esse
2417 2165 2644 2221 volunt:
2683 2165 2827 2221 haud
2881 2166 3046 2221 dubie
3079 2181 3174 2222 cor
3206 2167 3334 2221 item
3375 2167 3584 2237 aliquid

2011 2254 2312 2312 humanum
2337 2257 2626 2328 signiﬁcat.
2667 2257 2771 2326 Qui
2798 2259 2942 2314 enim
2993 2276 3090 2316 cor
3138 2261 3321 2326 habet,
3366 2269 3584 2318 uterum

2011 2363 2230 2420 quoque
2258 2349 2373 2405 sive
2406 2358 2647 2407 ventrem
2681 2351 2879 2406 habeat
2904 2367 3126 2408 necesse
3170 2361 3276 2408 est.
3316 2353 3449 2419 Quae
3473 2354 3585 2411 duo

2011 2439 2200 2511 utique
2253 2441 2539 2496 hominum
2584 2444 2827 2497 membra
2880 2453 3050 2499 sunt:
3106 2459 3172 2500 ac
3220 2447 3448 2515 proinde
3500 2447 3585 2502 vel

2010 2543 2308 2603 utrumque
2341 2543 2424 2590 est
2452 2535 2777 2600 tollendum,
2807 2537 2893 2592 vel
2927 2538 3149 2608 quinam
3180 2538 3250 2593 sit
3297 2539 3585 2608 utriusque

2008 2637 2204 2677 sensus
2229 2622 2663 2693 investigandum
2694 2636 2798 2680 est.
2827 2623 2898 2680 Ut
2927 2626 3074 2681 enim
3105 2642 3173 2681 ex
3211 2625 3376 2681 corde
3400 2625 3585 2696 prodit

2009 2717 2271 2783 Verbum,
2296 2719 2368 2773 ita
2389 2733 2455 2774 ex
2482 2727 2638 2774 utero
2660 2718 2800 2775 fetus
2826 2721 3019 2776 oritur.
3039 2720 3379 2791 Quapropter
3397 2734 3587 2791 quent-

2007 2808 2299 2863 admodum
2328 2821 2453 2864 cum
2487 2825 2582 2865 cor
2609 2808 2718 2865 Deo
2751 2811 3089 2876 attribuitur,
3113 2810 3252 2865 nihil
3281 2809 3584 2864 humanum

323 2919 397 2972 γη
431 2900 566 2970 (91),
613 2900 674 2953 οὗ
709 2899 1024 2972 σωματικὴν
1051 2898 1132 2950 δεῖ
1157 2897 1362 2970 ταύτην
1387 2899 1720 2970 ἐκδέχεσθαι.
1743 2899 1901 2963 Ἔθος

2011 2902 2310 2972 cogitamus
2339 2921 2355 2970 ;
2392 2903 2465 2958 ita
2501 2903 2547 2958 si
2581 2903 2864 2974 Scriptura
2898 2905 3004 2958 hac
3033 2902 3295 2969 dictione,
3324 2916 3388 2956 ea:
3407 2911 3580 2966 utero,

321 2992 433 3065 γὰρ
459 2995 523 3063 τῇ
556 2990 676 3064 θείᾳ
700 2991 890 3063 Γραφῇ
947 2989 1300 3061 ἀνθρωπίνως
1345 2990 1414 3044 τὰ
1449 2990 1590 3062 ὑπὲρ
1619 2990 1902 3059 ἄνθρωπον

320 3085 504 3139 λαλεῖν
557 3084 654 3138 καὶ
702 3084 1006 3156 σημαίνειν.
1061 3082 1277 3153 Ἀμέλει
1338 3084 1468 3156 περὶ
1523 3083 1625 3154 τῆς
1673 3081 1903 3148 κτίσεως

317 3176 678 3248 διηγούμενός
709 3193 891 3246 φησιν·
931 3177 997 3228 Al
1049 3173 1242 3243 χεῖρές
1306 3189 1422 3230 σου
1477 3173 1776 3244 ἐποίησάν
1802 3192 1900 3246 με,

323 3270 427 3323 καὶ
453 3265 735 3323 ἕπλασάν
757 3285 852 3336 με’
881 3268 994 3331 καὶ,
1025 3267 1098 3321 Ἡ
1135 3267 1264 3336 χείρ
1283 3285 1404 3338 μου
1438 3266 1690 3334 ἐποίησε
1715 3267 1903 3322 ταῦτα

317 3359 538 3414 πάν-ταν
565 3359 680 3423 καὶ,
709 3359 902 3425 Αὐτὸς
954 3358 1309 3422 ἐνετείλατο,
1362 3357 1459 3411 καὶ
1506 3359 1897 3426 ἐκτίσθησαν.

331 3448 706 3524 Ἀρμοζόντως
732 3450 839 3522 ἄρα
898 3449 1025 3521 περὶ
1076 3450 1306 3504 ἑκάστου
1359 3450 1634 3522 σημαίνει,
1674 3448 1768 3504 τοῦ
1801 3451 1901 3522 μὲν

318 3545 454 3599 Υίοῦ
479 3545 541 3598 τὸ
570 3544 698 3598 ἴδιον
731 3542 903 3596 καὶτὸ
939 3543 1180 3614 γνήσιον,
1214 3541 1315 3612 τῆς
1332 3541 1389 3594 δὲ
1414 3541 1645 3606 κτίσεως
1670 3541 1768 3613 τὴν
1797 3543 1900 3614 ἀρ-

317 3637 422 3708 χὴν
444 3635 541 3691 τοῦ
571 3631 728 3691 εἶναι.
765 3635 847 3689 Τὰ
883 3636 980 3708 μὲν
1028 3634 1137 3708 γὰρ
1175 3637 1317 3689 ποιεῖ
1367 3634 1458 3690 κα)⁸
1499 3633 1695 3699 κτίζει,
1720 3633 1813 3688 τὸν
1842 3633 1900 3688 δὲ

317 3730 483 3800 γεννᾷ
507 3726 567 3793 ἐξ
605 3725 800 3782 ἑαυτοῦ
849 3727 1040 3796 Λόγον,
1098 3727 1310 3797 σοφίαν.
1378 3727 1597 3799 Γαστὴρ
1641 3727 1750 3800 γὰρ
1805 3727 1900 3782 καὶ

318 3821 518 3892 καρδία
557 3821 618 3874 τὺ
653 3820 781 3874 ίδιον
827 3821 921 3873 καὶ
964 3821 1186 3892 γνήσιον
1243 3819 1480 3892 δηλοῦσι.
1515 3820 1620 3874 Καὶ
1656 3819 1763 3893 γὰρ
1805 3822 1899 3874 καὶ

316 3913 484 3984 ἡμεῖς
507 3913 568 3966 τὸ
599 3913 696 3984 μὲν
729 3913 947 3984 γνήσιον
977 3913 1041 3965 ὲκ
1071 3913 1305 3984 γαστρὸς
1325 3912 1541 3986 ἔχομεν,
1573 3911 1643 3967 τὰ
1672 3911 1730 3965 δὲ
1764 3911 1898 3984 ἔργα

317 4003 410 4057 διὰ
452 4004 633 4076 χειρὸς
666 4003 818 4058 ποιοῦ
827 4022 948 4076 μεν.

388 4177 479 4232 28.
518 4177 585 4231 Τί
608 4173 720 4242 οὖν,
753 4180 904 4249 φασὶ,
930 4178 1122 4244 καὶτὸ,
1155 4177 1266 4246 πρὸ
1284 4177 1395 4250 (99..)
1420 4179 1526 4233 τοῦ
1556 4179 1895 4248 ἐωσφόρουῖ

2004 2995 2203 3064 utitur,
2229 2995 2366 3050 nihil
2393 2996 2484 3051 hic
2508 3011 2833 3066 corporeum
2863 2995 3272 3067 intelligendum
3299 3003 3400 3050 est.
3419 2990 3583 3048 Nem-

2003 3102 2070 3158 pe
2098 3102 2218 3144 mos
2247 3094 2332 3143 est
2367 3087 2564 3143 divinae
2592 3088 2889 3159 Scripturae
2917 3103 3002 3150 ea.
3038 3104 3161 3158 qua:
3194 3101 3359 3157 supra
3399 3085 3581 3141 homi-

2003 3193 2126 3233 nem
2159 3186 2308 3245 sunt,
2345 3178 2588 3234 humano
2617 3194 2771 3235 more
2795 3179 2987 3235 efferre
3013 3188 3069 3234 et
3090 3180 3416 3249 signiﬁcare.
3442 3177 3583 3233 Hinc

2002 3269 2070 3325 de
2110 3270 2389 3326 creatione
2425 3271 2506 3326 sic
2539 3270 2822 3342 loquitur:
2855 3269 3050 3324 Manus
3084 3277 3188 3323 tua:
3231 3269 3470 3338 fecerunt
3496 3284 3579 3323 me

2000 3368 2050 3414 et
2067 3359 2425 3429 formaverunt
2443 3377 2523 3415 me
2539 3361 2587 3394 ³³
2603 3377 2618 3427 ;
2635 3359 2908 3426 et,Manus
2924 3376 3038 3413 mea
3053 3360 3177 3430 fecit
3191 3359 3301 3415 hac
3315 3359 3494 3412 omnia
3509 3358 3578 3428 “;

2000 3459 2074 3518 et,
2100 3448 2222 3521 Ipse
2245 3451 2540 3520 mandavit,
2562 3461 2612 3506 et
2633 3461 2810 3506 creata
2832 3451 3033 3506 sunt".
3057 3451 3274 3506 Scilicet
3297 3451 3581 3521 aptissime

2001 3540 2213 3612 singula
2246 3541 2488 3607 denotat,
2523 3557 2649 3597 cum
2681 3551 2735 3598 et
2765 3543 2818 3598 id
2865 3542 3012 3613 quod
3039 3540 3163 3596 Filii
3205 3541 3488 3612 proprium
3524 3552 3582 3598 et

2001 3646 2320 3702 germanum
2348 3641 2432 3688 est
2455 3633 2732 3702 exprimit,
2768 3642 2823 3688 et
2856 3649 2944 3688 res
2971 3639 3184 3689 creatas
3224 3633 3429 3689 indicat
3456 3649 3580 3690 esse

2000 3724 2310 3795 incmpisse.
2341 3724 2476 3780 Nam
2515 3727 2613 3780 bas
2639 3727 2858 3796 quidem
2894 3726 3024 3782 facit
3071 3736 3126 3783 et
3154 3736 3340 3794 creat;
3376 3726 3577 3784 Filium

2000 3825 2186 3872 autem
2220 3833 2286 3872 ex
2321 3818 2503 3888 seipso
2527 3817 2767 3873 Verbum
2796 3826 2850 3874 et
2873 3819 3192 3889 sapientiam
3223 3818 3413 3888 gignit.
3449 3815 3578 3873 Ute-

1996 3923 2093 3963 rus
2131 3907 2276 3962 enim
2307 3917 2362 3963 et
2385 3923 2481 3964 cor
2508 3908 2790 3980 proprium
2835 3919 2888 3964 et
2930 3923 3120 3963 verum
3170 3907 3339 3964 fetum
3373 3908 3579 3980 signiﬁc

1999 4007 2143 4056 cant.
2179 3997 2462 4070 Siquidem
2511 4014 2614 4055 nos
2645 4015 2830 4054 verum
2881 3997 3053 4054 fetum
3103 3998 3460 4070 producimus
3504 4015 3574 4057 ex

1997 4099 2154 4146 utero
2183 4111 2196 4146 :
2231 4105 2395 4161 opera
2428 4099 2606 4146 autem
2641 4106 2806 4146 manu
2835 4089 3120 4148 elﬁcimus.

2070 4181 2158 4236 28.
2203 4181 2345 4248 Quid
2370 4182 2745 4252 velintigitur,
2778 4183 3053 4254 inquiunt,
3089 4182 3403 4254 huiusmodi
3449 4195 3575 4238 ver-

328 4271 472 4341 Ἐγὼ
502 4271 546 4324 δ’
579 4271 645 4324 ἂν
677 4259 908 4342 εἴποιμι,
938 4273 985 4325 εί
1013 4273 1074 4325 τὸ
1109 4271 1214 4344 πρὸ
1237 4271 1331 4325 τοῦ
1388 4271 1664 4342 ἑωσφόρον
1705 4271 1894 4325 τούτου

2011 4273 2090 4334 ba,
2126 4280 2246 4324 ante
2279 4270 2599 4342 luciferum?
2628 4270 2838 4338 Quibus
2869 4286 2969 4342 ego
3011 4271 3228 4341 quidem
3277 4267 3576 4339 responde-

317 4363 640 4434 θαυμαστὴν
659 4362 897 4416 δείκνυσι
921 4363 1021 4434 τὴν
1071 4365 1134 4416 ἐκ
1162 4364 1380 4435 Μαρίας
1409 4363 1681 4434 γέννησιν,
1710 4361 1897 4415 πολλοὶ

319 4455 414 4510 καὶ
444 4455 589 4510 ἄλλοι
624 4455 730 4526 πρὸ
763 4455 861 4526 τῆς
885 4455 991 4526 (95)
1045 4453 1139 4508 τοῦ
1170 4453 1397 4527 ἀστέρος
1432 4453 1695 4526 ἀνατολῆς
1741 4455 1894 4522 ἐγεν-

319 4546 582 4619 νήθησαν.
615 4546 680 4599 Τί
708 4541 800 4598 οὖν
833 4547 1143 4616 θαυμαστὸν
1189 4545 1282 4599 ἐπὶ
1310 4545 1500 4599 τούτου
1548 4545 1782 4618 εἴρηται,
1813 4547 1894 4598 ὅτι

318 4644 398 4703 ὼς
434 4638 712 4710 ὲξαιρέτου
744 4638 886 4701 τινὸς
910 4636 1074 4690 αὑτοῦ
1141 4637 1484 4707 μνημονεύει,
1528 4637 1708 4692 κοινοῦ
1742 4637 1893 4701 ὄντος

315 4729 412 4785 καὶ
443 4729 537 4781 ἐπὶ
563 4727 772 4781 πολλῶν
797 4744 812 4792 ;
843 4728 1074 4781 Ἔπειτα
1121 4727 1367 4799 διαφέρει
1417 4728 1480 4781 τὸ
1512 4728 1769 4800 γεννῆσαι
1795 4729 1888 4782 τοῦ

315 4821 625 4890 ἐξαγαγεῖν.
662 4821 736 4874 T6
766 4820 864 4890 μὲν
901 4820 1010 4892 γὰρ
1043 4822 1301 4891 γεννῆσαι
1359 4821 1533 4893 ἀρχὴν
1557 4819 1671 4891 ἔχει
1718 4839 1890 4876 καταε

313 4911 495 4980 ϐολῆς
532 4910 594 4964 τὸ
643 4909 699 4962 δὲ
761 4909 1050 4978 ἐξαγαγεῖν
1097 4909 1247 4962 οὐδὲν
1304 4910 1490 4982 ἕτερόν
1552 4911 1698 4963 ἐστιν
1743 4911 1775 4982 ἢ
1827 4911 1890 4964 τὸ

312 5003 563 5076 ὑπάρχον
599 5004 952 5072 προαγαγεῖν.
989 5001 1052 5053 Εί
1111 5001 1286 5054 τοίνυν
1338 5000 1428 5054 ἐπὶ
1492 4999 1586 5053 τοῦ
1639 4999 1890 5072 σώματος

389 5119 433 5151 ⁸⁸
470 5117 574 5174 lsa.
607 5133 753 5178 Lm,
788 5118 844 5172 2.
925 5119 968 5153 ⁸⁸
1008 5117 1166 5172 Deut.
1199 5133 1294 5184 νυ,
1333 5117 1386 5172 8.
1461 5117 1508 5162 8ο
1543 5116 1690 5172 Psal.
1726 5133 1901 5186 Lxxvt,

2011 5157 2022 5174 .
2100 5117 2143 5149 “
2184 5114 2330 5172 Psal.
2357 5129 2509 5183 κων,
2542 5115 2597 5173 1.
2671 5118 2715 5148 ³³
2751 5113 2942 5170 Matth.
2978 5132 3078 5184 ut,
3107 5116 3195 5170 17.

311 5203 509 5254 cxvm,
545 5188 634 5244 75.
711 5177 758 5221 "
797 5186 902 5244 lsa.
933 5204 1082 5253 var,
1106 5189 1159 5242 2.
1237 5177 1290 5219 δέ
1323 5186 1466 5244 Psal.
1493 5204 1726 5252 crum,
1757 5187 1808 5252 5,

310 5377 344 5428 ί
387 5304 502 5374 (85)
542 5303 634 5360 Sic
662 5301 865 5376 Regius
905 5313 961 5358 et
1012 5302 1236 5376 Seguer.
1267 5305 1337 5359 At
1368 5304 1461 5366 alii
1497 5315 1551 5367 et
1583 5305 1744 5372 editi,
1793 5306 1879 5372 i25-

338 5391 538 5428 .γαγεε.

335 5392 538 5446 ῖγαγες.

390 5391 611 5509 ῗιῖἕῖἮ
639 5455 794 5500 anest
821 5445 890 5498 ab
922 5445 1206 5511 Anglican.

389 5514 503 5583 (87)
539 5511 764 5583 Regius,
795 5511 874 5577 τὸ,
906 5511 1092 5578 Οὗτος.

389 5583 709 5656 (88)Βιιεὶι.
762 5594 825 5656 ει
853 5585 1062 5653 Anglic.
1104 5584 1431 5656 γεννῆσθαι,
1463 5587 1739 5643 mendose.
1782 5588 1882 5642 Alii

312 5664 372 5712 et
397 5653 573 5724 editio
585 5653 850 5709 Commel.
886 5654 1260 5724 γεγεννῆσθαι.

393 5723 507 5796 (89)
549 5723 682 5797 Reg.
719 5723 942 5798 Seguer.
972 5735 1026 5782 et
1051 5723 1272 5782 Gublcr.
1297 5725 1559 5797 δηλονότι.

1985 5373 2134 5430 editi.
2152 5373 2271 5430 τὴν
2303 5390 2336 5427 κ

2002 4364 2128 4430 rim,
2164 4365 2208 4419 si
2241 4364 2392 4418 hisce
2412 4363 2614 4430 verbis,
2647 4373 2771 4417 ante
2793 4362 3094 4433 luciferum,
3118 4362 3238 4432 ejus
3266 4361 3572 4416 mirabilem

1997 4469 2063 4509 ex
2095 4453 2268 4509 Maria
2309 4463 2490 4510 ortum
2520 4453 2816 4524 signiﬁcari
2850 4461 3060 4524 putent,
3097 4452 3406 4522 complures
3435 4451 3573 4505 alios

2001 4556 2127 4601 ante
2161 4546 2357 4602 sideris
2405 4557 2586 4601 ortum
2629 4545 2799 4602 fuisse
2828 4547 3058 4616 genitos.
3105 4529 3250 4612 Quid
3274 4545 3438 4614 igitur
3483 4543 3573 4598 hic

1997 4639 2359 4693 admiratione
2386 4638 2608 4708 dignum
2644 4637 2900 4704 occurrit,
2931 4638 3022 4691 ubi
3058 4645 3233 4691 tamen
3265 4634 3431 4689 veluti
3457 4633 3572 4689 sin-

1998 4729 2202 4801 gularis
2232 4739 2284 4783 et
2323 4727 2554 4798 insignis
2588 4727 2820 4799 alicujus
2865 4730 2942 4783 rei
2988 4728 3046 4782 ﬁt
3084 4727 3308 4794 mentio,
3340 4741 3463 4782 cum
3515 4725 3570 4780 id

1996 4820 2249 4892 plurimis
2280 4819 2352 4873 sit
2398 4821 2729 4874 commune?
2761 4819 2983 4887 Deinde,
3015 4819 3162 4874 aliud
3210 4825 3293 4874 est
3321 4817 3564 4888 gignere,

1997 4912 2142 4967 aliud
2199 4911 2451 4966 educere.
2501 4907 2636 4965 Nam
2687 4913 2907 4982 gignere
2949 4911 3190 4980 incipere
3223 4918 3310 4966 est
3357 4907 3566 4978 aliquid

1996 5013 2322 5071 procreare:
2379 4997 2614 5052 educere
2659 5008 2842 5053 autem
2904 4999 3040 5053 nihil
3089 4997 3237 5053 aliud
3269 5007 3354 5054 est
3397 5011 3564 5068 quam

3328 5114 3376 5147 "
3411 5113 3557 5174 Psal.

2056 5303 2167 5374 (90)
2210 5301 2340 5374 Reg.
2367 5310 2425 5374 et
2449 5301 2676 5374 Seguer.
2709 5301 2802 5355 τὸν
2832 5300 3059 5373 καρδίαν
3107 5300 3322 5372 ἔχοντα.
3355 5299 3461 5356 Alii
3504 5309 3563 5360 et

2255 5390 2271 5426 θ
2303 5373 2528 5496 κῗρδίαν
2561 5372 2771 5443 ἔχοντα.
2909 5372 2914 5373 ί

2255 5444 2303 5496 ἰε
2398 5459 2482 5496 εει.
2532 5441 2756 5496 ὃεαυει.
2793 5440 2959 5496 Basil.
3006 5449 3062 5496 et
3103 5441 3313 5496 Anglic.
3360 5438 3551 5496 Cmtcri

2057 5443 2168 5514 L9l)
2213 5438 2482 5514 SicReg.
2532 5438 2756 5514 seguer.
2793 5440 2959 5498 Basil.
3006 5449 3062 5498 et
3103 5441 3313 5513 Anglic.
3360 5438 3553 5498 ὕπεισι-ἱ

1985 5513 2164 5568 autem
2192 5521 2247 5567 et
2271 5513 2420 5582 editi,
2455 5513 2622 5582 λέγει.

2058 5583 2168 5654 (92)
2199 5581 2331 5654 Πρᾲ
2351 5584 2503 5639 abest
2525 5580 2566 5654 a7
2581 5582 2716 5654 Reg.
2749 5581 3255 5654 Seguer.Basil.e_t
3283 5580 3493 5654 Anglic.

2055 5652 2166 5722 (95)
2191 5649 2282 5707 Sic
2307 5653 2437 5720 Reg.
2464 5662 2518 5708 et
2547 5649 2780 5722 chticr.
2805 5649 2872 5708 At
2903 5653 2992 5708 alii
3013 5649 3079 5708 ὀι
3105 5651 3257 5716 editi,
3282 5649 3407 5720 περὶ
3432 5653 3550 5720 τῆς.

1983 5723 2103 5779 Mox
2139 5721 2266 5794 Reg.
2293 5733 2344 5780 ct
2375 5723 2598 5791 Segucr.
2632 5724 2696 5776 Τί
2725 5721 2816 5780 οὖν
2839 5724 2900 5777 τὸ
2923 5723 3252 5790 θαυμαστόν,
