3834 6220
184 316 210 362 .ﬂ'
301 304 401 361 5H

783 303 790 310 ’
904 304 965 360 S.
1007 300 1378 358 ATHANASII
1413 299 1565 357 OPP.
1601 298 1781 355 PARS
1819 298 1862 352 Ι.
1902 328 1973 339 -
2007 293 2380 350 HISTORICA
2418 291 2508 348 ET
2546 287 2967 366 DOGMATICA.

215 431 217 440 ‘
298 421 446 494 quod
471 422 580 493 jam
606 419 819 476 exsistit
841 419 1163 491 producere.
1193 419 1459 486 Quocirca
1487 419 1533 474 si
1563 420 1678 474 haec
1697 416 1854 472 dictio

1965 414 2189 484 ἁρμόζει
2219 414 2254 483 ἡ
2285 408 2456 480 φωνὴ,
2482 407 2675 471 ἰστέον,
2705 408 2787 460 ὅτι
2824 406 2885 459 οὑ
2917 404 3037 458 τότε
3074 404 3245 476 ἀρχὴν
3265 404 3540 485 γενέσεως

297 514 365 568 ad
395 527 594 582 corpus
625 510 880 574 refertur,
913 511 1193 566 sciendum
1229 520 1312 566 est
1332 526 1457 565 eum
1486 524 1594 565 non
1623 518 1752 563 tunc
1779 509 1864 578 gi-

295 607 388 676 gni
439 606 751 675 incoepisse,
800 620 924 660 cum
973 613 1133 658 nocte
1177 603 1488 674 pastoribus
1513 601 1865 656 annuntiatus

293 705 396 760 est,
433 696 525 750 sed
555 711 676 750 cum
703 695 928 765 angelus
953 695 1021 748 ad
1043 694 1324 765 Virginem
1347 703 1430 750 est
1458 695 1689 749 locutus.
1713 691 1866 748 Tunc

294 795 476 841 autem
514 787 774 854 temporis
811 801 922 840 nox
966 800 1076 840 non
1110 793 1248 850 erat,
1285 799 1409 840 cum
1438 784 1490 838 id
1517 799 1626 838 non
1659 783 1864 839 dictum

271 877 366 931 sit
393 892 409 930 :
444 885 499 931 at
527 892 636 930 nox
659 885 799 942 erat,
832 891 958 931 cum
989 891 1054 930 ex
1085 886 1240 930 utero
1267 875 1486 946 prodiit.
1509 873 1568 930 ld
1593 860 1864 930 discrimi-

295 969 382 1024 nis
416 970 532 1038 ipsa
580 969 836 1025 observat
865 969 1171 1040 Scriptura,
1208 984 1330 1038 quae
1353 969 1610 1038 {primum
1647 967 1864 1037 quidem

294 1060 586 1130 signiﬁcat,
617 1076 740 1114 cum
767 1075 892 1128 eum
922 1068 1048 1114 ante
1086 1059 1375 1114 luciferum
1423 1059 1662 1129 genitum
1691 1058 1862 1124 dicit;

293 1152 527 1207 alterum
559 1166 687 1206 vero
716 1151 940 1216 indicat,
985 1167 1110 1206 cum
1155 1151 1360 1206 exitum
1389 1166 1454 1205 ex
1490 1159 1644 1206 utero
1682 1150 1864 1203 nomi—

294 1252 410 1306 nat,
442 1242 523 1296 uti
548 1242 758 1311 psalmo
783 1242 1047 1298 vicesimo
1084 1243 1264 1313 primo
1294 1241 1524 1297 habetur
1552 1261 1566 1296 ε
1600 1240 1679 1295 Tu
1701 1257 1753 1296 es
1775 1242 1863 1311 qui

291 1325 574 1378 extruxisti
623 1341 705 1378 me
751 1340 817 1378 ex
850 1335 998 1379 utero
1020 1326 1087 1380 ".
1148 1325 1415 1382 Praeterea
1465 1325 1860 1381 observandum

291 1423 380 1472 est
403 1415 610 1470 dictum
639 1429 748 1468 non
782 1429 925 1481 esse,
961 1424 1088 1471 ante
1117 1425 1299 1470 ortum
1351 1414 1584 1480 luciferi,
1617 1415 1709 1472 sed
1740 1423 1863 1468 tan-

294 1515 433 1571 tum,
469 1517 590 1561 ante
634 1505 934 1574 luciferum.
971 1504 1126 1562 Unde
1171 1507 1219 1562 si
1248 1507 1316 1561 de
1341 1521 1570 1576 corpore
1592 1506 1745 1561 locus
1774 1505 1862 1560 hic

293 1598 674 1669 intelligendus
698 1608 802 1661 est,
833 1614 1055 1655 necesse
1089 1607 1174 1655 est
1196 1614 1395 1669 corpus
1439 1607 1564 1654 ante
1591 1598 1858 1653 Adamum

294 1687 486 1755 fuisse,
523 1705 646 1744 cum
693 1699 820 1745 ante
858 1689 1126 1744 Adamum
1177 1691 1356 1746 sidera
1393 1690 1727 1746 exstiterint:
1773 1689 1858 1746 vel

291 1784 442 1831 certe
487 1776 745 1846 quidnam
801 1779 916 1834 hate
965 1779 1234 1850 signiticet
1275 1779 1442 1835 dictio
1493 1779 1856 1850 indagandum

292 1866 454 1920 nobis
481 1873 585 1922 est.
619 1866 675 1922 ld
709 1883 841 1923 sane
879 1883 1174 1938 possumus
1203 1883 1234 1923 a
1262 1867 1471 1924 Joanne
1513 1867 1745 1935 discere,
1780 1868 1857 1923 ita

291 1958 350 2011 in
377 1956 700 2029 Apocalypsi
731 1959 986 2023 loquente
1013 1973 1032 2012 :
1066 1958 1180 2030 Ego
1211 1975 1328 2013 sum
1365 1959 1525 2029 alpha
1564 1968 1615 2014 et
1655 1975 1855 2030 omega,

289 2057 342 2102 et
370 2050 572 2119 primus
589 2067 651 2104 ac
675 2051 1009 2117 novissimus,
1028 2060 1080 2106 et
1108 2053 1429 2122 principium
1456 2069 1518 2106 ac
1533 2051 1678 2121 ﬁnis.
1704 2051 1858 2106 Beati

285 2139 382 2208 qui
416 2140 647 2194 dilatant
678 2149 840 2196 vestes
872 2157 1020 2209 suas,
1054 2150 1113 2195 ut
1147 2142 1216 2194 sit
1244 2148 1472 2211 potestas
1501 2155 1682 2194 eorum
1704 2139 1762 2193 in
1791 2137 1859 2192 li-

288 2243 391 2299 gno
420 2229 564 2297 uiue,
600 2238 652 2285 et
694 2246 788 2300 per
833 2239 1015 2302 portas
1055 2231 1250 2287 intrent
1279 2232 1337 2286 in
1380 2231 1664 2286 ciuitatem.
1697 2229 1856 2284 Foris

287 2336 467 2385 canes,
497 2331 548 2376 et
574 2323 805 2392 ueneﬁci,
828 2332 1144 2378 scortatores
1165 2331 1216 2377 et
1249 2323 1545 2386 homicidas,
1568 2321 1858 2376 etidolola—

289 2423 408 2481 ινιτ,
443 2421 493 2467 et
533 2414 703 2468 omnis
736 2414 828 2485 qui
873 2415 1004 2485 facit
1039 2422 1092 2469 et
1139 2422 1284 2468 amat
1333 2413 1689 2468 mendacium.
1743 2410 1854 2483 Ego

287 2502 446 2558 Jesus
467 2505 588 2559 misi
609 2506 856 2576 angelum
882 2522 1077 2572 meum,
1109 2515 1166 2559 ut
1205 2505 1316 2560 [uec
1349 2503 1490 2560 vobis
1519 2505 1575 2558 in
1609 2503 1856 2558 Ecclesiis

288 2597 684 2668 testiﬁcaretur.
715 2597 828 2669 Ego
855 2615 974 2653 sum
1017 2599 1176 2652 radix
1201 2607 1252 2652 et
1295 2614 1452 2668 genus
1481 2596 1672 2663 David,
1701 2595 1858 2650 stella

286 2686 566 2755 splendida
591 2696 644 2742 et
673 2688 958 2744 matutina.
989 2687 1058 2743 Et
1095 2686 1328 2756 Spiritus
1359 2696 1410 2740 et
1437 2701 1630 2756 sponsa
1651 2685 1853 2754 dicunt,

301 2775 452 2832 Veni.
484 2776 556 2832 Et
584 2778 676 2849 qui
707 2779 884 2846 audit,
915 2779 1082 2844 dicat,
1107 2776 1268 2848 507
1311 2776 1442 2832 Veni
1465 2791 1486 2842 ;
1513 2783 1563 2832 et
1590 2777 1680 2847 qui
1723 2777 1854 2845 sitit,

287 2869 464 2922 ueniat
482 2884 503 2922 :
531 2869 622 2940 qui
652 2869 786 2934 uult,
815 2856 1285 2939 accipiat’hquam
1310 2869 1433 2924 uite
1458 2868 1626 2939 gratis
1648 2869 1714 2922 ’⁷.
1747 2867 1856 2924 Ita-

287 2976 395 3031 que
424 2961 472 3016 si
501 2975 675 3032 genus
707 2959 876 3016 David
909 2968 994 3017 est
1020 2961 1175 3016 stella
1208 2961 1298 3016 illa
1345 2961 1623 3031 splendida
1650 2969 1705 3016 et
1733 2977 1854 3016 ma-

287 3053 463 3108 tutina
487 3092 504 3118 ,
537 3053 728 3145 liquet,
750 3052 993 3123 profecto
1035 3051 1372 3145 Salvatorem
1415 3053 1618 3123 ipsum,
1660 3065 1854 3124 quate-
1879 3081 1926 3145 ο

287 3159 394 3200 nus
419 3158 548 3199 caro
585 3151 690 3208 est,
716 3144 1004 3200 luciferum
1035 3144 1320 3215 appellari,
1370 3155 1496 3202 ante
1526 3161 1684 3217 quem
1714 3147 1855 3202 scili-

287 3244 377 3292 cet
421 3234 708 3300 exstiterit,
742 3243 1012 3305 quatenus
1039 3251 1106 3290 ex
1139 3236 1252 3292 Deo
1292 3246 1378 3294 est
1417 3238 1671 3308 genitus;
1714 3245 1776 3292 ut
1806 3237 1853 3292 is

286 3325 482 3396 psalmi
513 3325 587 3381 sit
609 3339 803 3380 sensus
830 3343 844 3379 :
877 3324 954 3380 Ex
982 3325 1192 3397 meipso
1220 3335 1274 3382 te
1303 3328 1462 3398 genui
1486 3337 1772 3398 antequam
1796 3327 1852 3381 in

287 3431 452 3472 carne
480 3431 791 3487 appareres.
825 3415 1102 3487 Siquidem
1137 3419 1254 3474 haec
1292 3419 1476 3485 verba,
1509 3428 1631 3474 ante
1667 3418 1855 3489 lucife-

287 3524 410 3562 rum
449 3508 594 3565 idem
617 3509 799 3565 valent
829 3522 895 3564 ac
921 3507 1047 3576 ista,
1074 3518 1200 3566 ante
1218 3509 1383 3567 Verbi
1405 3510 1849 3567 incarnationem.

356 3689 446 3746 29.
507 3693 704 3762 Aperte
754 3691 920 3763 igitur
965 3691 1134 3748 Vetus
1181 3705 1399 3764 quoque
1446 3691 1854 3750 Testamentum

287 3780 412 3837 Filii
440 3782 702 3838 meminit.
740 3781 940 3839 Verum
971 3785 1037 3840 de
1065 3785 1151 3841 his
1182 3786 1509 3842 contendere
1536 3801 1858 3857 supervaca-

288 3888 450 3928 neum
500 3874 724 3930 omnino
765 3886 870 3932 est.
914 3873 1162 3946 Namque
1211 3879 1260 3932 si
1297 3891 1385 3942 ea,
1421 3892 1544 3948 qua:
1583 3877 1638 3931 in
1676 3865 1854 3932 Veteri

288 3964 634 4020 Testamento
681 3979 794 4020 non
845 3966 1135 4034 habentur,
1170 3969 1474 4024 recentiora
1515 3968 1682 4025 velint
1714 3985 1852 4036 esse,

287 4053 648 4124 respondeant
678 4055 757 4111 illi
796 4057 932 4112 adeo
975 4058 1280 4128 pertinaces
1309 4059 1578 4125 homines,
1618 4075 1855 4130 quonam

255 4144 487 4210 ,inloco
522 4144 735 4204 Veteris
765 4147 1098 4204 Testamenti
1149 4147 1288 4204 facta
1334 4149 1499 4204 fuerit
1539 4151 1744 4205 mentio
1790 4152 1858 4206 de

284 4233 570 4293 Paracleto
599 4235 844 4308 Spiritu?
865 4238 1112 4295 Meminit
1137 4240 1356 4311 quidem
1389 4240 1625 4312 Spiritus
1650 4243 1854 4299 sancti:

1965 503 2209 574 εἴληφεν,
2249 501 2338 554 ὅτε
2365 502 2476 562 τοῖς
2499 496 2752 568 ποιμέσιν
2785 495 3144 567 εὐηγγελίσθη
3182 497 3394 562 νυκτὸς,
3422 497 3538 554 ἀλλ’

1963 596 2052 648 ὅτε
2083 596 2111 646 6
2143 591 2374 662 ἄγγελος
2402 589 2631 659 ἐλάλησε
2666 588 2802 658 πρὸς
2821 589 2921 658 τὴν
2971 587 3266 659 Παρθένον.
3303 589 3415 641 Οὐκ
3469 585 3542 658 ἦν

1963 685 2019 737 δὲ
2043 685 2162 738 τότε
2200 682 2316 748 νύξ·
2371 682 2430 734 οὐ
2482 680 2590 752 γὰρ
2639 679 2874 750 εἴρηται·
2928 680 3023 744 νὺξ
3061 681 3117 734 δὲ
3157 677 3246 752 ἦν,
3297 681 3386 733 ὅτε
3424 681 3540 750 (94)

1965 775 2185 846 ἐξῆλθεν
2215 773 2321 826 ἀπὸ
2365 773 2461 841 τῆς
2492 771 2748 842 γαστρός.
2785 769 3002 840 Ταύτην
3032 770 3130 840 τὴν
3175 770 3432 842 διαφορὰν
3457 771 3542 824 τί-

1965 863 2418 938 θησινήΓραφὴ,
2473 864 2567 916 καὶ
2618 862 2677 915 τὸ
2731 863 2827 934 μὲν
2865 861 3219 933 γεγεννῆσθαι
3276 863 3388 932 (95)
3430 861 3542 933 πρὸ

1964 958 2240 1028 ἐωσφόρου
2271 957 2419 1026 φησί·
2457 955 2518 1008 τὸ
2541 955 2598 1007 δὲ
2635 957 2700 1007 ἐκ
2729 955 2963 1026 γαστρὸς
2993 954 3216 1026 πρόοδον
3258 953 3538 1026 ὀνομάζει,

1963 1053 2039 1116 ὡς
2070 1056 2128 1106 ἐν
2149 1050 2376 1121 εἰκοστῷ
2401 1049 2600 1122 πρώτῳ
2641 1047 2858 1120 ψαλμῷ·
2905 1047 2990 1100 Σὺ
3032 1043 3090 1100 εἷ
3132 1049 3165 1102 ὀ
3221 1047 3541 1114 ἐκσπάσας

1963 1160 2036 1212 με
2077 1143 2145 1196 ἐκ
2171 1141 2449 1212 γαστρός.
2480 1139 2688 1202 ΙἈλλως
2731 1156 2790 1192 τε
2823 1138 2922 1191 οὐκ
2966 1137 3106 1200 εἶπε,
3137 1139 3242 1210 πρὸ
3268 1139 3538 1208 ἀνατολῆς

1963 1215 2264 1304 ἐωσφόρου,
2285 1231 2398 1284 ἀλλ’
2418 1229 2603 1293 ἁπλῶς
2629 1229 2741 1298 πρὸ
2773 1230 3079 1298 ἐωσφόρου
3111 1229 3243 1297 (96).
3273 1231 3335 1282 Ει
3357 1230 3537 1282 τοίνυν

1962 1326 2057 1378 ἐπὶ
2085 1323 2180 1378 τοῦ
2215 1323 2464 1394 σώματος
2513 1321 2746 1392 ληπτέον
2778 1321 2839 1374 τὸ
2891 1318 3071 1392 ῥητὸν,
3108 1321 3320 1390 ἀνάγκη
3365 1321 3397 1392 ἢ
3430 1321 3539 1390 πρὸ

1959 1415 2052 1469 τοῦ
2102 1414 2272 1485 Ἀδὰμ
2317 1410 2453 1466 εἶναι
2489 1413 2549 1466 τὸ
2591 1412 2771 1483 σῶμα·
2823 1412 2928 1481 πρὸ
2981 1411 3073 1465 τοῦ
3131 1412 3301 1482 Ἀδὰμ
3327 1413 3433 1484 γὰρ
3467 1413 3539 1466 τὰ

1959 1508 2135 1579 ἄστρα
2166 1507 2302 1577 (97)·
2353 1507 2387 1577 ἢ
2423 1503 2605 1578 ζητεῖν
2646 1506 2738 1558 τὸν
2789 1505 2915 1558 νοῦν
2958 1505 3051 1557 τοῦ
3111 1505 3457 1576 γράμματος,
3506 1508 3538 1559 ὃ

1960 1600 2111 1670 παρὰ.
2148 1599 2396 1653 Ἰωάννου
2430 1596 2680 1651 ἐκλαϐεῖν
2730 1596 2974 1649 δυνατόν·
3009 1597 3066 1649 ἐν
3119 1597 3228 1664 γὰρ
3275 1599 3339 1668 τῇ
3375 1599 3539 1650 Ἀπο-

1959 1689 2186 1760 καλύψει
2201 1689 2382 1760 φησίν·
2403 1686 2541 1758 Ἐγὼ
2563 1688 2626 1741 τὸ
2647 1693 2715 1750 Α,
2732 1687 2831 1740 καὶ
2859 1688 2922 1740 τὸ
2940 1690 3005 1751 Ω,
3019 1688 3114 1740 καὶ
3133 1691 3165 1742 ὀ
3184 1688 3411 1756 πρῶτος
3433 1689 3538 1743 καὶ

1958 1785 1992 1837 ὁ
2035 1780 2312 1850 ἔσχατος,
2346 1779 2445 1832 καὶ
2474 1780 2512 1848 ἡ
2545 1778 2702 1848 ἀρχὴ
2729 1777 2840 1849 (98)
2872 1779 2971 1832 καὶ
3006 1780 3069 1832 τὸ
3119 1779 3313 1845 τέλος.
3333 1780 3538 1834 Μακά-

1950 1891 2069 1943 ριοι
2135 1877 2191 1930 ol
2237 1875 2644 1938 πλατύνοντες
2695 1873 2803 1940 τὰς
2862 1873 3091 1943 στολὰς
3155 1875 3372 1940 αὐτῶν,
3431 1877 3537 1928 ἵνα

1956 1966 2129 2020 ἔσται
2152 1966 2192 2034 ἠ
2225 1963 2477 2030 ἐξουσία
2521 1963 2720 2018 αὐτῶν
2761 1964 2860 2017 ἐπὶ
2904 1964 3009 2018 τοῦ
3057 1963 3248 2028 ξύλου
3283 1964 3392 2034 (99)
3422 1965 3536 2032 τῆς

1956 2053 2126 2124 ζωῆς,
2154 2055 2254 2109 καὶ
2301 2054 2425 2120 τοῖς
2451 2054 2729 2109 πυλῶσιν
2753 2054 3108 2110 εἰσέλθωσιν
3149 2057 3236 2122 εἰς
3263 2054 3376 2124 τὴν
3423 2057 3536 2109 πόα

1955 2150 2077 2202 λιν.
2105 2147 2263 2211 Ἕξω
2289 2149 2344 2201 οἱ
2370 2146 2570 2212 κύνες,
2601 2145 2700 2200 καὶ
2727 2149 2783 2200 oi
2821 2148 3138 2216 φαρμακοὶ,
3179 2147 3279 2200 καὶ
3309 2151 3362 2202 οὶ
3386 2151 3534 2217 πόρ-

1953 2253 2068 2301 νοι,
2097 2235 2198 2291 καὶ
2237 2239 2291 2291 οι
2330 2235 2555 2306 φονεῖς,
2592 2234 2691 2289 καὶ
2723 2239 2778 2291 oi
2821 2235 3264 2305 εἰδωλολάτραι,
3288 2239 3383 2292 καὶ
3409 2238 3532 2306 πᾶς

1956 2327 2144 2382 ποιῶν
2167 2327 2267 2383 καὶ
2297 2327 2492 2398 φιλῶν
2538 2326 2786 2398 ⁴Ψεῦδος.
2835 2327 2982 2397 Ἐγὼ
3022 2327 3249 2396 Ἰησοῦς
3291 2329 3534 2400 ἔπεμψα

1954 2419 2062 2474 τὸν
2087 2418 2342 2490 ἄγγελόν
2364 2436 2504 2489 μου,
2537 2417 2910 2488 μαρτυρῆσαι
2930 2418 3072 2489 ὑμῖν
3101 2421 3286 2474 ταῦτα
3315 2421 3382 2474 ἐν
3401 2423 3533 2489 ταῖς

1968 2511 2369 2580 Ἐκκλησίαις.
2401 2510 2547 2580 Ἐγώ
2575 2513 2691 2580 ειμι
2714 2511 2752 2578 ή
2773 2508 2906 2578 ῥίζα
2929 2509 3028 2564 καὶ
3049 2510 3118 2564 τὸ
3139 2509 3312 2580 γένος
3329 2513 3530 2578 Δαϐὶδ,

1955 2606 1989 2658 ὀ
2015 2602 2208 2673 ἀστὴρ
2238 2606 2272 2659 ὁ
2309 2603 2598 2674 λαμπρὸς,
2649 2605 2682 2657 ὀ
2733 2603 3007 2671 πρωτνός.
3038 2602 3150 2656 Καὶ
3203 2603 3270 2657 τὸ
3290 2603 3536 2674 Πνεῦμα

1955 2695 2053 2748 καὶ
2079 2697 2119 2765 ή
2144 2696 2349 2765 νύμφη
2374 2693 2645 2765 λέγουσι,
2681 2695 2924 2762 Ἔρχου·
2962 2695 3061 2748 καὶ
3111 2697 3143 2748 ὀ
3173 2695 3409 2748 ἀκούων
3447 2699 3531 2750 εὶ-

1955 2785 2139 2853 πάτω,
2166 2788 2403 2857 Ἔρχου·
2460 2786 2560 2840 καὶ
2609 2788 2642 2840 ό
2691 2785 2886 2854 διψῶν
2913 2786 3196 2855 ἐρχέσθω·
3245 2788 3279 2840 ό
3337 2786 3536 2841 θέλων·

1953 2876 2179 2930 λαϐέτω
2203 2876 2360 2944 ὕδωρ
2390 2873 2537 2944 ζωῆς
2559 2873 2802 2943 δωρεάν.
2835 2875 2898 2928 Ei
2944 2875 3122 2928 τοίνυν
3146 2873 3207 2926 τὸ
3240 2873 3392 2943 γένος
3423 2876 3533 2928 Δα-

1955 2965 2040 3020 6ίδ
2069 2968 2214 3020 ἐστιν
2241 2968 2270 3020 6
2301 2965 2493 3038 ἀστὴρ,
2527 2965 2555 3018 6
2582 2965 2849 3036 λαμπρὸς,
2878 2967 2907 3018 6
2946 2966 3199 3036 πρωῖνὺς,
3230 2965 3384 3037 δῆλόν
3411 2968 3535 3020 ἐστι

1954 3060 2015 3114 τὸ
2082 3060 2223 3115 κατὰ
2253 3061 2432 3131 σάρκα
2489 3058 2584 3112 τοῦ
2623 3058 2874 3130 Σωτῆρος
2925 3059 3198 3131 ἑωσφόρον
3253 3059 3532 3130 εἰρῆσθαι,

1952 3145 2014 3206 οὗ
2043 3153 2362 3226 προϋπῆρχε
2418 3152 2481 3204 τὸ
2527 3154 2592 3204 ἐκ
2637 3149 2732 3204 τοῦ
2789 3150 2925 3205 Θεοῦ
2971 3153 3232 3223 γέννημα·
3263 3153 3340 3216 ὡς
3388 3148 3534 3207 εἶναι

1950 3245 2188 3300 τοιοῦτον
2219 3245 2280 3298 τὸ
2307 3247 2364 3298 ἐν
2385 3245 2464 3316 τῷ
2491 3244 2707 3317 ψαλμῷ·
2747 3244 2836 3311 Ἐξ
2869 3243 3106 3316 ἐμαυτοῦ
3134 3262 3193 3298 σε
3225 3245 3534 3316 γεγέννηκα

1952 3338 2060 3410 πρὸ
2089 3339 2188 3409 τῆς
2221 3337 2360 3392 κατὰ
2386 3337 2565 3408 σάρκα
2590 3338 2929 3409 ἐπιφανείας.
2973 3337 3046 3390 Τὸ
3077 3337 3206 3406 γὰρ,
3233 3337 3346 3405 πρὸ
3380 3339 3534 3390 ἐωσ-

1952 3431 2142 3498 φόρου
2210 3429 2324 3482 ἴσον
2377 3429 2496 3481 ἐστὶ
2547 3427 2657 3500 τῷ,
2719 3427 2826 3500 πρὸ
2885 3427 2983 3498 τῆς
3050 3425 3373 3498 σαρκώσεως
3433 3429 3531 3482 τοῦ

1952 3522 2147 3590 Λόγου.

2023 3695 2116 3751 29.
2158 3696 2343 3749 Ἔστιν
2391 3695 2500 3767 ἄρα
2528 3694 2622 3748 κα)⁵
2651 3694 2711 3749 ἐν
2758 3696 2824 3766 τῇ
2865 3692 3078 3765 Παλαιᾷ
3105 3693 3353 3766 φανερῶς
3397 3695 3532 3766 περὶ

1956 3788 2090 3842 Υἱοῦ
2122 3787 2347 3858 κείμενα
2379 3787 2480 3855 (1),
2519 3787 2567 3838 εἱ
2591 3785 2687 3840 καὶ
2711 3783 2966 3856 περιττόν
3003 3787 3118 3838 ἐστι
3153 3785 3282 3856 περὶ
3321 3784 3531 3840 τούτων

1956 3879 2336 3952 ἀμφισϐητεῖν.
2381 3879 2445 3930 Ei
2493 3877 2602 3949 γὰρ
2634 3876 2700 3930 τὰ
2750 3877 2826 3948 μὴ
2867 3877 3093 3948 κειμενα
3123 3879 3181 3930 ἐν
3213 3880 3282 3948 τῇ
3311 3876 3532 3950 Παλαιᾷ

1956 3971 2196 4042 νεώτερά
2238 3972 2372 4035 ἐστι,
2420 3969 2724 4038 λεγέτωσαν
2766 3971 2814 4022 oi
2863 3967 3006 4021 οὕτω
3072 3967 3528 4037 φιλονεικοῦντες,

1957 4062 2060 4116 ποῦ
2097 4063 2200 4132 τῆς
2245 4062 2489 4125 Παλαιᾶς
2537 4062 2663 4132 περὶ
2714 4059 2809 4114 τοῦ
2856 4060 3213 4133 Παρακλήτου
3272 4060 3530 4132 Πνεύμα-

1955 4171 2046 4218 τος
2083 4152 2161 4224 (2)
2189 4153 2432 4223 εἴρηταις
2460 4152 2595 4222 Περὶ
2628 4150 2766 4206 Πνεύ
2776 4169 2942 4222 ματος
2972 4152 3067 4223 μὲν
3090 4153 3198 4224 γὰρ
3222 4152 3380 4221 ἁγίου
3408 4153 3531 4207 ἐλέ-

1957 4247 2083 4318 χθη,
2103 4246 2229 4316 περὶ
2243 4243 2596 4315 Παρακλήτου
2621 4245 2678 4297 δέ
2702 4244 2970 4316 οὐδαμῶς.
2988 4240 3116 4316 Ἆρ’
3131 4239 3224 4298 οὖν
3241 4245 3317 4315 (5)
3338 4245 3530 4318 ἕτερόν

283 4335 343 4382 at
371 4343 640 4398 nusquam
669 4327 953 4387 Paracleti.
995 4331 1137 4387 Num
1165 4347 1295 4404 ergo
1325 4335 1467 4391 alius
1499 4345 1583 4391 est
1623 4336 1854 4406 Spiritus

1965 4339 2076 4390 ἐστι
2098 4335 2158 4389 τὸ
2180 4334 2401 4406 Πνεῦμα
2433 4333 2492 4387 τὺ
2521 4334 2694 4403 ἅγιον,
2729 4335 2824 4388 καὶ
2860 4337 3045 4406 ἔτερος
3085 4338 3114 4390 6
3149 4336 3527 4410 Παράκλητος,

284 4427 530 4489 sanctus,
559 4429 614 4478 et
638 4423 779 4480 alius
816 4422 1150 4492 Paracletus,
1185 4426 1341 4498 isque
1365 4428 1577 4498 junior,
1608 4428 1854 4499 quando-

1965 4429 2051 4482 καὶ
2069 4426 2330 4499 νεώτερος
2354 4429 2382 4480 6
2403 4425 2757 4498 Παράκλητος
2774 4425 2873 4497 (4),
2891 4428 3013 4480 ἐπεὶ
3043 4428 3118 4499 μὴ
3143 4429 3200 4482 ἐν
3225 4431 3294 4499 τῇ
3314 4429 3530 4501 Παλαιᾷ

352 4554 400 4588 ³⁸
434 4553 582 4613 Psal.
614 4572 731 4626 ut,
762 4557 848 4612 l0.
925 4560 970 4592 ²⁷
1008 4560 1178 4630 Apoc.
1215 4576 1366 4628 ml,
1401 4562 1587 4618 15-18.

376 4692 468 4766 94)
490 4692 858 4766 Anglicanus,
887 4695 1036 4766 ὅταν.

351 4691 468 4829 (94)
505 4692 858 4766 Anglicanus.
887 4695 1036 4749 ὅταν.
1451 4764 1477 4778 η

374 4763 453 4838 95Δ
486 4762 624 4838 Reg.
658 4763 883 4838 Seguer.
905 4775 962 4819 et
984 4764 1201 4820 Gobler.
1253 4763 1630 4838 γεγεννησθαι.
1657 4765 1851 4822 Creten

281 4841 339 4890 et
370 4833 522 4904 editi,
552 4833 905 4904 γεγενῆσθαι.

353 4902 464 4973 (96)
501 4903 592 4975 Sic
618 4902 763 4975 Beg.
787 4915 842 4958 et
871 4905 1093 4975 Seguer.
1143 4904 1200 4958 In
1247 4904 1370 4960 aliis
1399 4913 1579 4961 autem
1610 4915 1664 4960 et
1693 4907 1852 4961 editis

279 4973 433 5055 deest
464 4974 610 5055 πρό.-
637 4973 804 5055 Paitlo
841 4973 984 5055 posi,
1020 4975 1275 5055 B_asil._et
1310 4976 1520 5055 Anglic.
1553 4976 1764 5055 ἀνάγκη
1816 4976 1871 5047 ἧ.

279 5041 668 5116 προτοῦέλθιςμ.
700 5041 894 5116 (Σπιθὶί
921 5055 975 5098 et
998 5045 1148 5116 editi,
1183 5041 1497 5116 ἀνάγκτίῆν
1527 5046 1632 5116 πρὸ
1663 5041 1776 5116 τοῦζ

351 5110 598 5185 (97)ο,81ο
621 5112 754 5185 Reg.
790 5111 1014 5185 Seguer.
1047 5113 1213 5172 Basil.
1243 5110 1535 5183 et‘Anglic.
1561 5110 1632 5169 At
1677 5115 1768 5169 alii
1797 5123 1852 5170 et

279 5181 434 5246 editi,
464 5182 528 5253 oi)
548 5181 792 5253 ἀστέρες.

352 5253 464 5324 (98)
505 5251 708 5323 Regius
744 5263 797 5308 et
828 5251 1052 5340 seguer.
1094 5253 1185 5335 liic
1221 5262 1275 5308 et
1321 5263 1447 5334 ante
1480 5256 1513 5326 ή
1542 5254 1683 5376 ἀρχή
1706 5295 1721 5320 ,
1753 5253 1850 5308 ad-

352 5330 418 5376 ,nt
463 5325 595 5376 καί.
629 5323 772 5376 auod
823 5324 912 5376 aill
955 5332 1011 5376 et.
1047 5325 1176 5376 edlll
1229 5333 1501 5376 omittunt.
1545 5324 1665 5376 nox
1718 5340 1846 5376 mss.

281 5322 418 5377 dunt
463 5325 559 5377 καί
580 5322 608 5385 ,“
629 5323 772 5390 quod
823 5322 916 5376 alii
955 5332 1011 5377 et
1047 5325 1176 5378 editi
1229 5322 1512 5378 omittunt;
1545 5322 1682 5376 nos
1718 5340 1846 5378 mss.

281 5407 474 5447 omnes
503 5407 628 5447 cum
660 5392 896 5447 editione
951 5394 1212 5448 Commel.
1258 5395 1305 5447 oi
1355 5393 1712 5456 πλατύνοντες
1755 5395 1852 5458 τὰς

283 5461 475 5525 στολὰς
509 5459 708 5516 αὐτῶν.
739 5459 916 5517 Editio
961 5461 1133 5517 Paris.
1166 5476 1220 5518 et
1251 5463 1439 5518 Colon.
1481 5467 1528 5517 oi
1563 5463 1851 5527 πλύνοντες

281 5531 381 5602 τὰς
406 5532 596 5595 στολὰς
625 5530 825 5602 αὑτῷν,
878 5533 967 5602 qui
996 5533 1179 5586 lauant
1204 5534 1370 5587 stolas
1396 5550 1539 5588 suas.
1575 5533 1665 5589 Sic
1689 5535 1852 5588 etiam

284 5601 449 5655 habet
497 5617 598 5656 ms.
655 5600 827 5656 codex
865 5600 1263 5658 Alexandrinus
1305 5603 1440 5658 Novi
1480 5603 1811 5659 Testamenti
1836 5643 1852 5669 ,

283 5671 379 5749 qui
421 5681 474 5749 et
507 5670 684 5751 addit,
716 5680 775 5751 ut
803 5670 1050 5751 Vulgata,
1071 5673 1237 5751 ἐντῷ
1263 5675 1454 5746 αἵματι
1482 5674 1574 5728 τοῦ
1617 5674 1852 5746 Ἀρνίου,

1953 4697 2007 4750 in
2055 4693 2308 4763 sanguine
2354 4693 2513 4763 Agni.
2563 4692 2666 4747 Alii
2732 4709 2860 4750 vero
2914 4693 3086 4749 Grmci
3127 4695 3342 4750 codices
3386 4694 3524 4752 Novi

1953 4765 2284 4845 :I‘esta‘lnen-ti
2315 4779 2448 4843 mss.
2485 4763 2690 4845 .et‘edoiti
2721 4765 2971 4845 (habent,
2992 4767 3040 4816 οἱ
3075 4765 3380 4845 ,ποιοςιγτες
3422 4767 3528 4845 τὰς

1952 4834 2171 4896 ἐντολὰς
2200 4834 2386 4904 αὐτοῦ,
2406 4834 2495 4904 qui
2526 4833 2728 4902 faciunt
2751 4843 3008 4903 prcecepta
3037 4834 3170 4904 ejus.
3199 4835 3400 4890 Ibidem
3424 4836 3530 4891 Re-

1952 4907 2074 4976 gius
2096 4914 2157 4976 et
2184 4902 2426 4976 Seguer.’
2450 4904 2537 4956 ἵνα
2569 4902 2898 4976 ἕσταμΑιίί,
2933 4903 3000 4976 ἶν’
3033 4902 3207 4976 ἔσται.

2023 4974 2137 5045 (99)
2178 4973 2280 5045 Sig
2316 4989 2625 5045 inssscutn
2665 4973 2902 5045 editione
2939 4973 3204 5029 Commel.
3243 4973 3313 5030 At
3355 4975 3528 5030 editio

1951 5041 2127 5099 Paris;
2163 5053 2218 5097 et
2241 5041 2432 5096 Colon.
2465 5043 2558 5094 ἐπὶ
2583 5043 2642 5096 τὸ
2673 5043 2848 5108 ξύλον.

2024 5114 2100 5185 (l)
2141 5110 2244 5185 Βίο
2265 5111 2467 5182 Regius
2478 5112 2803 5185 etASeguer.
2851 5112 2924 5185 At
2951 5112 3043 5167 alii
3063 5121 3130 5185 iet
3165 5113 3330 5185 editi,
3367 5113 3530 5185 :EO'TL

1949 5184 2007 5237 δὲ
2035 5181 2261 5254 ἄραγκαὶ
2277 5185 2344 5254 ἐν
2377 5185 2442 5253 τῇ
2477 5181 2689 5254 Παλαιᾷ
2716 5181 2966 5254 φανερῷς
2991 5182 3085 5236 καὶ
3110 5183 3242 5254 περ).
3266 5183 3412 5238 Υἱοῦ.

2024 5251 2101 5323 (2)
2143 5253 2232 5307 Sic
2277 5251 2477 5322 Regius
2520 5263 2574 5323 et
2610 5251 2833 5323 Seguer.
2857 5251 3080 5323 ’ϐαδιετί
3106 5251 3237 5308 vero
3269 5263 3323 5307 et
3356 5252 3526 5316 editi,

1951 5323 2045 5376 τοῦ
2085 5321 2442 5394 ’Πνεύματος.
2491 5321 2619 5394 Mox
2661 5322 2863 5394 Regius
2900 5333 2956 5378 et
2999 5321 3224 5393 Seguer.
3275 5323 3374 5394 μὲν
3413 5324 3526 5394 γὰρ

1952 5392 2221 5465 éyiou._ln
2259 5393 2380 5465 aliis
2409 5401 2464 5465 et
2496 5392 2832 5465 editisAdecst
2863 5394 2989 5465 γάρἐ

2025 5463 2100 5533 (5)
2142 5461 2341 5535 Regius
2361 5503 2391 5535 ,_
2409 5461 2831 5535 Segueruliasil.
2853 5455 2912 5535 _ét
2938 5455 3170 5518 'Gobler.
3223 5455 3352 5535 Ἆρ’
3405 5458 3524 5517 οὖν.

1953 5528 2060 5588 Alii
2084 5528 2144 5588 et
2167 5528 2332 5587 editio
2354 5528 2619 5587 Cominel.
2642 5528 2788 5602 *Αρα
2821 5529 2932 5586 οὖν.

2027 5603 2104 5675 (4)
2146 5602 2381 5673 Regius,
2416 5600 2857 5675 Seguer._iias_il.
2894 5610 2961 5675 _ct
2999 5600 3223 5675 ‘Anglic.
3255 5601 3462 5675 addunt
3492 5605 3525 5657 6

1956 5671 2308 5747 Παράκλητος
2329 5712 2342 5738 ,
2371 5682 2423 5728 et
2459 5671 2582 5730 mox
2606 5715 2619 5742 ,
2659 5672 2812 5726 Ἀλλὰ
2849 5671 2921 5744 μὴ
2951 5671 3156 5741 γένοιτο
3197 5673 3229 5744 ἢ
3259 5671 3524 5741 νεώτερον
