3834 6220
287 295 394 353 515

1425 284 1682 344 ORATIO
1717 281 1787 340 ιν
1825 278 2105 338 CONTRA
2141 279 2463 338 ARIANOS.

3430 262 3540 345 διό

286 418 463 470 κεῖται
483 408 521 479 ;⁴
568 412 729 467 Ἀλλὰ
793 410 868 483 μὴ
928 410 1138 479 γένοιτο
1187 408 1223 481 ἢ
1271 405 1534 479 νεώτερον
1578 407 1750 459 εἰπεῖν
1797 401 1858 455 τὺ

1977 399 2176 470 ιιιίιὶεῐῃ
2205 399 2344 454 nihil
2382 399 2451 455 de
2496 397 2588 454 illo
2636 406 2811 455 exstet
2849 398 2907 456 in
2941 398 3119 457 Veteri
3144 398 3539 458 Testamento?

287 505 536 575 Πνεῦμα,
564 504 598 575 ἢ
636 503 828 556 διελεῖν
858 502 952 555 καὶ
978 501 1165 571 ἕτερον
1208 501 1381 553 εἰπεῖν
1408 498 1470 551 τὸ
1497 499 1651 567 ἆγιον
1687 494 1860 550 Πνεῦ-

291 614 389 669 μα,
425 596 521 649 καὶ
565 596 751 665 ἓτερον
788 594 880 647 τὸν
913 592 1288 664 Παράκλητον.
1329 592 1425 644 Ἓν
1467 590 1576 661 γὰρ
1605 589 1699 641 καὶ
1728 587 1862 640 ταύ-

285 688 378 740 τόν
412 688 529 739 ἐστι
560 685 622 739 τὸ
654 685 910 756 Πνεῦμα,
954 684 1050 738 καὶ
1096 683 1218 736 τότε
1250 682 1347 737 καὶ
1386 680 1480 735 νῦν
1510 679 1732 750 ἁγιάζον
1769 678 1864 732 καὶ

287 778 645 852 παρακαλοῦν
664 778 791 841 τοὺς
821 775 1100 838 δεκτικοὺς
1125 773 1290 828 αὑτοῦ
1316 791 1329 804 ·
1365 773 1440 836 ὡς
1472 768 1552 835 εἷς
1577 772 1672 825 καὶ
1700 770 1862 834 αὐτὸς

285 871 465 938 Λόγος
494 870 626 933 Υἱὸς
647 870 728 932 εἰς
752 866 1023 921 υἱοθεσίαν
1045 866 1194 935 ἄγων
1232 866 1325 919 καὶ
1356 864 1480 918 τότε
1506 864 1631 926 τοὺς
1654 861 1861 928 ἀξίους.

286 958 471 1017 Ἦσαν
492 961 602 1035 γάρ
629 963 723 1016 καὶ
761 964 819 1016 ὲν
858 964 925 1032 τῇ
961 960 1171 1032 Παλαιᾷ
1212 959 1339 1024 υἱοὶ,
1365 959 1425 1012 οὐ
1458 958 1523 1012 δι’
1556 957 1715 1013 ἄλλου
1749 955 1863 1010 ἀλλ’

286 1058 326 1130 ἢ
354 1057 445 1111 διά
469 1055 564 1110 τοῦ
592 1054 724 1110 Υἱοῦ
760 1052 1250 1124 τεκνοποιούμενοι.
1302 1052 1386 1115 Ei;
1416 1051 1521 1124 γὰρ
1570 1050 1645 1122 μὴ
1671 1045 1740 1121 ἦν
1770 1047 1865 1102 καὶ

290 1151 400 1222 πρὸ
421 1150 523 1219 τῆς
562 1147 782 1220 Μαρίας
812 1143 941 1210 Υἱὸς
968 1148 997 1200 6
1041 1145 1136 1199 τοῦ
1165 1143 1322 1209 Θεοῦ,
1350 1144 1469 1209 πῶς
1512 1144 1619 1215 πρὸ
1646 1143 1865 1197 πάντων

288 1243 462 1308 ἐστὶν,
501 1240 668 1295 ὄντων
700 1239 808 1312 πρὸ
847 1238 1013 1294 αὐτοῦ
1047 1238 1177 1292 υἱῶν
1203 1254 1219 1306 ;
1250 1237 1377 1301 Πῶς
1405 1236 1464 1291 δὲ
1511 1236 1607 1290 καὶ
1647 1234 1862 1308 πρωτό-

286 1349 470 1396 τοκος,
498 1331 749 1402 δεύτερος
787 1331 924 1403 μετὰ
967 1330 1196 1394 πολλοὺς
1243 1328 1677 1400 εὑρισκόμενοςς
1723 1326 1863 1379 ’Λλλ’

287 1422 418 1477 οὔτε
444 1422 697 1494 δεύτερος
722 1422 751 1475 6
782 1421 1172 1495 Παράκλιιγιέος⁸
1209 1422 1315 1494 πρὸ
1347 1423 1562 1476 πάντων
1610 1420 1719 1490 γὰρ
1753 1415 1821 1492 ἦν
1846 1436 1861 1451 ο

288 1511 415 1567 οὔτε
446 1511 711 1585 νεώτερος
738 1516 767 1568 6
787 1514 916 1577 Υἱός
933 1528 954 1566 :
995 1513 1098 1566 Ἐν
1125 1512 1284 1582 ἀρχῇ
1319 1512 1430 1583 γὰρ
1453 1508 1533 1583 ἦν
1563 1515 1595 1566 ὀ
1622 1512 1814 1582 Λόγος
1846 1527 1865 1546 ο

290 1604 390 1657 καὶ
433 1603 509 1667 ὼς
547 1603 742 1657 ταυτὸν
791 1605 853 1658 τὸ
883 1604 1107 1675 Πνεῦμα
1152 1603 1247 1656 καὶ
1292 1602 1684 1674 Παράκλητος,
1722 1602 1865 1657 οὕτω

289 1693 492 1747 ταυτὸν
511 1693 541 1745 6
562 1692 693 1757 Υἱὸς
717 1694 812 1747 καὶ
837 1694 1009 1763 Λόγος
1027 1710 1043 1725 ·
1067 1694 1163 1749 καὶ
1183 1692 1258 1757 ὥς
1284 1709 1446 1764 φησιν
1472 1695 1501 1747 6
1526 1692 1712 1765 Statim
1738 1694 1867 1765 περὶ

1968 488 2169 545 Verum
2199 490 2342 545 absit
2364 498 2426 546 ut
2452 491 2537 545 vel
2568 487 2804 561 Spiritus
2842 490 3028 561 iunior
3055 492 3289 561 dicatur,
3322 493 3409 549 vel
3448 494 3539 549 di-

1963 578 2197 647 vidatur,
2239 580 2311 635 ita
2358 590 2419 635 ut
2460 580 2599 637 alius
2638 581 2711 637 sit
2758 580 2995 651 Spiritus
3031 564 3276 649 sanctus,
3302 591 3357 640 et
3398 583 3539 639 alius

1963 667 2296 725 Paracletus.
2329 668 2483 726 Unus
2508 670 2653 726 enim
2677 670 2931 742 idemque
2950 683 3036 728 est
3069 672 3326 743 Spiritus,
3358 673 3454 745 qui
3475 685 3539 729 ut

1965 768 2095 816 tunc
2122 762 2202 817 sic
2228 770 2282 817 et
2311 776 2458 817 nunc
2489 777 2607 831 eos,
2641 764 2735 834 qui
2766 763 2946 834 ipsum
2978 765 3269 836 recipiunt,
3297 767 3540 823 sanctiﬁ-

1964 860 2053 907 cat
2093 861 2149 908 et
2190 854 2539 922 consolatur;
2587 855 3047 926 quemadmodum
3107 874 3251 914 unus
3296 867 3352 915 et
3390 858 3536 915 idem

1968 943 2205 1002 Verbum
2243 946 2415 1003 Filius
2446 948 2609 1002 etiam
2642 956 2774 1004 tunc
2810 964 2904 1004 eos
2934 950 3030 1021 qui
3072 951 3220 1023 digni
3256 960 3437 1019 erant,
3464 952 3538 1009 ad

1964 1037 2198 1094 ﬁliorum
2228 1039 2561 1110 provebebat
2598 1039 2989 1097 conditionem.
3021 1040 3159 1097 Nam
3196 1057 3353 1100 erant
3395 1058 3536 1116 quo-

1965 1143 2072 1200 que
2096 1128 2193 1183 ﬁlii
2219 1130 2275 1184 in
2306 1128 2487 1186 Veteri
2518 1129 2886 1199 Testamento,
2927 1133 3024 1204 qui
3055 1135 3273 1204 quidem
3303 1150 3413 1191 non
3438 1150 3539 1208 per

1966 1217 2132 1273 alium
2157 1234 2321 1289 quam
2348 1235 2445 1291 per
2470 1218 2668 1276 Filium
2694 1221 3010 1293 dignitatem
3052 1223 3367 1295 huiusmodi
3399 1240 3538 1282 con-

1967 1311 2353 1381 sequebantur.
2391 1311 2449 1367 Si
2474 1314 2621 1368 enim
2655 1313 2750 1369 Dei
2780 1314 2953 1371 Filius
2992 1323 3120 1372 ante
3157 1316 3383 1375 Mariam
3425 1334 3539 1375 non

1964 1402 2192 1467 exstitit,
2238 1404 2534 1474 quomodo,
2589 1420 2796 1476 quaeso,
2847 1415 2972 1463 ante
3016 1422 3209 1465 omnes
3255 1417 3359 1477 est,
3412 1426 3541 1467 cum

1967 1502 2093 1548 ante
2122 1508 2248 1548 eum
2292 1494 2403 1549 sint
2448 1495 2583 1550 ﬁlii?
2634 1494 2919 1562 Quomodo
2965 1497 3092 1553 item
3143 1500 3537 1571 primogenitae

1967 1592 2070 1652 est,
2102 1601 2226 1641 cum
2257 1586 2445 1642 multis
2476 1588 2744 1657 posterior
2766 1587 3104 1658 reperiatur?
3131 1587 3333 1645 Verum
3361 1606 3540 1663 neque

1968 1674 2283 1734 Paracletus
2322 1678 2594 1748 posterior
2636 1685 2740 1745 est,
2785 1679 2987 1749 quippe
3031 1679 3128 1751 qui
3175 1689 3303 1737 ante
3349 1697 3541 1742 omnes

291 1784 390 1840 τοῦ
424 1751 741 1857 Πνεύματος
773 1785 848 1858 (5)
872 1803 889 1819 ο
927 1751 1005 1840 "ti
1029 1786 1099 1840 δὲ
1122 1751 1514 1856 Παοάλιλητος
1537 1785 1604 1840 τὸ
1627 1751 1865 1856 libebat:

1977 1768 2041 1823 sit
2070 1782 2084 1819 :
2116 1782 2292 1837 neque
2312 1768 2498 1839 junior
2525 1778 2606 1825 est
2632 1768 2839 1836 Filius;
2878 1786 3005 1826 nam
3045 1770 3114 1825 In
3138 1773 3397 1845 principio
3423 1784 3541 1831 erat

292 1878 363 1931 τὸ
394 1876 586 1945 ἅγιον,
619 1876 652 1931 ὃ
684 1875 905 1946 πέμψει
932 1879 966 1932 ὀ
1001 1877 1204 1946 Πατὴρ
1236 1877 1307 1930 ἐν
1334 1874 1414 1942 τῷ
1444 1877 1689 1945 ὀνόματι
1726 1894 1866 1946 μου,

291 1967 490 2022 ταυτὸν
518 1967 692 2037 λέγων
721 1969 815 2022 καὶ
847 1968 1191 2041 οὑ-διαιρῶν·
1224 1968 1396 2031 οὕτως
1442 1969 1471 2020 6
1515 1970 1766 2039 Ἰωάννης
1806 1969 1869 2022 τὺ
1903 2012 1909 2019 .

291 2062 480 2131 ὅμοιον
517 2060 872 2133 διηγούμενος
913 2060 1082 2130 λέγει,
1113 2061 1225 2116 Καὶ
1264 2064 1297 2116 ό
1324 2063 1513 2132 Λόγος
1549 2061 1707 2129 σὰρξ
1743 2061 1869 2131 ἐγέ-

291 2169 456 2219 νετο,
502 2153 602 2206 καὶ
644 2152 1000 2220 ἐσκήνωσεν
1044 2154 1115 2208 ἐν
1153 2153 1300 2224 ἡμῖν
1317 2194 1333 2221 ,
1367 2154 1464 2209 καὶ
1496 2153 1869 2225 ἐθεασάμεθα

291 2243 411 2314 τὴν
457 2244 647 2310 δόξαν
695 2245 902 2311 αὐτοῦ,
956 2245 1145 2310 δόξαν
1184 2246 1265 2312 ὡς
1289 2244 1668 2317 Μονογενοῦς
1708 2245 1868 2316 παρὰ

290 2338 547 2405 Πατρός.
577 2337 689 2391 Καὶ
722 2337 957 2392 ἐνταῦθα
984 2337 1063 2410 (6)
1092 2338 1201 2409 γὰρ
1230 2339 1293 2392 οὐ
1329 2339 1519 2393 διεῖλεν
1543 2379 1558 2405 ,
1602 2339 1741 2393 ἀλλὰ
1767 2341 1868 2411 τὴν

289 2429 602 2500 ταυτότητά
635 2430 957 2502 ἀπήγγειλε.
1008 2430 1119 2483 Καὶ
1156 2431 1253 2502 οὐχ
1279 2430 1354 2495 ὡς
1393 2430 1550 2495 ἄλλος
1582 2432 1658 2502 (7)
1688 2432 1869 2503 Παρά-

292 2520 512 2590 κλητος,
544 2520 639 2574 καὶ
679 2520 808 2575 ἄλλο
853 2522 916 2574 τὸ
955 2520 1179 2593 Πνεῦμα
1213 2523 1275 2576 τὸ
1315 2523 1490 2592 ἅγιον,
1525 2522 1638 2576 ἀλλ’
1672 2523 1731 2576 ἒν
1773 2525 1868 2578 καὶ

290 2608 491 2662 ταυτόν
515 2626 529 2639 ο
564 2610 736 2674 οὕτως
767 2611 867 2664 οὐκ
897 2611 1056 2676 ἄλλος
1106 2612 1279 2681 Λόγος
1305 2651 1321 2676 ,
1364 2613 1457 2667 καὶ
1500 2613 1658 2677 ἄλλος
1682 2614 1827 2680 ,Υἱὸς
1849 2653 1865 2678 ,

290 2702 410 2757 ἀλλ’
443 2702 473 2755 6
505 2703 678 2771 Λόγος
705 2703 1016 2773 Μονογενής
1056 2703 1193 2759 ἐστι.
1235 2704 1402 2771 Δόξαν
1437 2704 1546 2777 γὰρ
1571 2705 1670 2759 οὐκ
1697 2705 1867 2777 αὐτῆς

292 2789 418 2849 εἷπε
441 2798 541 2869 τῆς
581 2797 802 2869 σαρκὸς,
848 2797 962 2850 ἀλλ’
992 2796 1160 2851 αὐτοῦ
1197 2796 1292 2850 τοῦ
1320 2798 1494 2867 Λόγου
1530 2798 1630 2870 (8).
1670 2798 1729 2852 Ὀ
1755 2798 1867 2852 τοι-

293 2903 394 2941 νυν
431 2885 648 2957 τολμῶν
686 2886 915 2958 διαιρεῖν
960 2886 1130 2955 Λόγον
1174 2886 1270 2939 καὶ
1298 2886 1427 2942 Υἱὸν
1456 2887 1733 2959 διαιρείτω
1770 2889 1865 2942 καὶ

292 2978 521 3049 Πνεῦμα
550 2978 644 3031 καὶ
684 2978 1063 3051 Παράκλητον.
1103 2979 1167 3032 Et
1197 2978 1257 3032 δὲ
1285 2979 1589 3051 ἀδιαίρετον
1618 2980 1680 3033 τὸ
1706 2979 1869 3034 Πνεῦ-

296 3088 398 3142 μα,
430 3069 734 3141 ἀδιαιρετος
778 3070 874 3124 καὶ
905 3071 934 3123 6
963 3070 1155 3140 Λόγος,
1202 3071 1232 3123 6
1274 3070 1437 3135 αὐτὸς
1481 3069 1556 3125 ὢν
1587 3071 1737 3139 Υἱὸς,
1770 3074 1866 3127 καὶ

295 3163 483 3233 σοφία,
517 3162 614 3216 καὶ
657 3162 905 3234 δύναμις.
940 3161 1015 3215 T6
1054 3161 1112 3215 δὲ
1153 3164 1438 3237 ἀγαπητὸν
1485 3164 1578 3218 καὶ
1610 3163 1869 3236 Ἕλληνες

295 3257 478 3310 ι’σασιν
501 3255 551 3308 οἱ
586 3254 751 3309 δεινοὶ
774 3253 902 3325 περὶ
922 3252 1023 3317 τὰς
1048 3252 1244 3319 λέξεις,
1275 3254 1356 3308 ὃτι
1384 3256 1497 3308 ἴσον
1529 3255 1646 3309 ἐστὶ
1681 3254 1761 3327 τῷ
1799 3258 1871 3309 εἱ-

293 3349 419 3401 πεῖν
445 3347 775 3418 Μονογενής.
807 3347 943 3417 Φησὶ
971 3345 1080 3418 γὰρ
1121 3347 1365 3419 Ὅμηρος
1384 3347 1478 3400 ἐπὶ
1505 3347 1825 3419 Τηλεμάχου
1850 3388 1869 3415 ,

294 3438 391 3491 τοῦ
422 3433 540 3492 ῦὶοῦ
570 3438 646 3510 (9)
690 3437 988 3502 Ὀδυσσέως
1038 3437 1362 3509 μονογενοῦς
1392 3437 1565 3504 ὄντος,
1610 3437 1782 3493 ταῦτα
1809 3440 1870 3493 ὲν

294 3532 365 3603 τῇ
395 3530 625 3603 δευτέρᾳ
648 3530 749 3601 τῆς
790 3528 1143 3596 Ὀδυσσείας

301 3811 477 3867 ππτε
516 3809 584 3864 δέ
619 3827 709 3864 τοι
731 3850 747 3877 ,
785 3810 928 3881 φίλε
945 3811 1161 3866 τέκνον
1185 3812 1296 3885 (10)
1325 3853 1341 3881 ,
1366 3812 1459 3868 ἐνὶ
1495 3814 1674 3883 φρεσὶ
1694 3815 1872 3871 τοῦτο

298 3951 610 4024 Ἐεζλετοῇ
625 3948 718 4024 πῆ-
740 3950 810 4005 δὲ
842 3950 1036 4024 θέλεις
1057 3951 1489 4024 ᾐῑέὴαιηπολλὴν
1508 3885 1832 4024 ἐσὲὶνὲἔῖάῖ,

295 4021 539 4095 Ποῦνος
688 4022 1022 4095 ᾀγαπῃτόςί
1038 4022 1108 4095 ΔὈ
1128 4022 1186 4095 ξδ’
1208 4022 1392 4095 ὤλετο
1416 4019 1623 4092 τηλόθι
1645 4019 1871 4095 ademi;

296 4091 582 4160 Διοτενὴς
622 4090 911 4157 Ὀδὺσεὺς
943 4091 1077 4163 (li),
1107 4090 1504 4163 ἁλλογνώτωώ·
1540 4096 1631 4149 ἐνὶ

309 4202 371 4255 '0
396 4201 504 4275 ἄρα
538 4202 697 4273 μόνος
723 4201 799 4257 ὢν
819 4202 898 4275 τῷ
923 4176 1090 4276 πατρὶ
1119 4205 1401 4277 ἀγαπητὸς
1418 4205 1654 4276 λέγεται.

369 4293 457 4348 50.
497 4293 656 4357 Τινὲς
682 4294 790 4348 τῶν
830 4296 938 4349 ἀπὸ
966 4295 1061 4350 τοῦ
1096 4298 1453 4368 Σαμοσατὲως
1479 4339 1494 4360 ,
1534 4299 1871 4374 διαιροῦντες

295 4385 391 4440 τὸν
424 4385 594 4455 Λόγον
624 4386 732 4439 ἀπὸ
757 4387 853 4440 τοῦ
884 4387 1035 4453 Υἱοῦ,
1070 4391 1335 4457 φάσκουσι
1360 4392 1450 4445 τὸν
1490 4393 1589 4463 μὲν
1616 4394 1743 4449 Υἱὸν
1791 4393 1869 4450 εἷ-

1979 1857 2202 1913 Verbum
2231 1859 2319 1911 "z
2362 1868 2526 1930 atque
2566 1870 2626 1916 ut
2672 1861 2908 1932 Spiritus
2940 1870 2997 1919 et
3036 1862 3353 1923 Paracletus
3394 1866 3539 1925 idem

1966 1959 2070 2018 est,
2096 1952 2172 2005 ita
2199 1950 2340 2006 idem
2362 1959 2447 2006 est
2465 1951 2637 2008 Filius
2658 1961 2714 2009 et
2750 1952 3012 2012 Verbum.
3038 1953 3307 2013 Praeterea
3334 1967 3397 2015 ut
3419 1958 3541 2016 Sai-

1966 2050 2123 2096 vator
2153 2042 2220 2097 de
2249 2040 2453 2113 Spiritu
2492 2042 2610 2099 haec
2648 2043 2746 2111 ait,
2781 2043 3098 2101 Paracletus
3141 2044 3377 2117 Spiritus
3411 2066 3540 2105 san-

1967 2139 2106 2198 ctus,
2135 2148 2285 2202 quem
2327 2135 2497 2187 mittet
2538 2131 2702 2188 Pater
2744 2132 2800 2186 in
2846 2134 3054 2189 nomine
3096 2149 3210 2189 meo
3234 2136 3303 2201 ",
3337 2136 3539 2207 quibus

1967 2224 2187 2294 quidem
2236 2224 2416 2280 verbis
2453 2224 2701 2280 eumdem
2751 2224 2906 2281 illum
2950 2240 3073 2281 esse
3105 2226 3383 2295 declarat,
3435 2244 3540 2287 uec

1968 2313 2148 2384 ipsum
2182 2313 2418 2370 dividit:
2452 2316 2532 2371 sic
2567 2313 2805 2371 Joannes
2846 2314 3051 2385 pariter
3095 2316 3247 2385 dicit,
3294 2316 3366 2372 Et
3416 2316 3541 2375 Ver-

1969 2388 2248 2457 bum-caro
2276 2404 2477 2473 factum
2507 2413 2605 2472 est,
2645 2414 2697 2459 et
2726 2403 2981 2460 habitavit
3012 2407 3068 2461 in
3097 2407 3269 2473 nobis,
3314 2417 3366 2463 et
3400 2409 3540 2464 vidi-

1967 2510 2083 2548 mus
2103 2494 2329 2566 gloriam
2352 2496 2490 2566 ejus,
2511 2496 2734 2568 gloriam
2754 2498 2908 2568 quasi
2935 2492 3202 2569 Unigeniti
3225 2516 3259 2554 a
3280 2499 3445 2557 Patre
3463 2502 3534 2560 ³⁸.

1966 2583 2078 2642 Nec
2102 2586 2247 2641 enim
2276 2584 2511 2644 Joannes
2551 2589 2641 2644 hic
2681 2588 2859 2660 ipsum
2897 2589 3117 2657 divisit,
3156 2590 3253 2647 sed
3282 2592 3538 2651 eumdem

1967 2697 2088 2738 esse
2124 2692 2208 2739 est
2249 2692 2501 2741 testatus.
2539 2686 2718 2757 Atque
2748 2696 2809 2742 ut
2852 2702 2963 2743 non
2993 2688 3134 2745 alius
3165 2697 3251 2746 est
3286 2688 3539 2748 Paracie-

1968 2783 2078 2838 tus,
2119 2784 2174 2830 et
2206 2776 2346 2832 alius
2376 2774 2610 2847 Spiritus
2639 2788 2859 2836 sanctus
2878 2820 2895 2848 ,
2925 2779 3021 2836 sed
3058 2797 3202 2838 unus
3233 2781 3486 2854 idemque
3514 2798 3537 2840 :

1968 2868 2049 2923 sic
2076 2883 2178 2923 nec
2209 2869 2355 2924 aliud
2390 2878 2474 2939 est
2505 2868 2744 2926 Verbum
2781 2881 2835 2927 et
2874 2871 3015 2928 alius
3058 2872 3251 2939 Filius,
3279 2875 3376 2932 sed
3400 2875 3538 2933 Ver-

1967 2958 2097 3013 bum
2126 2967 2208 3014 est
2234 2957 2577 3031 Unigenitus.
2605 2959 2715 3017 Nec
2736 2961 2881 3016 enim
2908 2962 3091 3019 carnis
3114 2962 3210 3018 sed
3231 2961 3395 3021 Verbi
3416 2965 3533 3037 glo-

1969 3051 2105 3105 riam
2128 3051 2283 3106 dixit.
2318 3051 2657 3123 Quapropter
2683 3054 2775 3124 qui
2802 3052 3038 3110 Verbum
3066 3064 3121 3111 et
3142 3056 3340 3114 Filium
3372 3058 3540 3116 audet

1969 3155 2240 3211 separare,
2276 3140 2539 3213 Spiritum
2568 3159 2787 3216 quoque
2828 3154 2883 3202 et
2926 3145 3266 3205 Paracletum
3299 3158 3534 3220 separet.

1971 3232 2065 3288 Sin
2098 3241 2277 3291 autem
2304 3233 2617 3291 individuus
2655 3246 2738 3292 est
2766 3236 3026 3309 Spiritus,
3057 3239 3397 3298 individuum
3436 3257 3538 3314 pa-

1968 3325 2101 3379 riter
2132 3321 2370 3379 Verbum
2420 3339 2541 3381 esse
2586 3325 2864 3382 fatendum
2901 3338 3008 3395 est,
3037 3329 3131 3400 qui
3179 3331 3325 3387 idem
3360 3331 3538 3392 Filius

1968 3425 2054 3472 est
2080 3424 2135 3472 et
2162 3416 2425 3486 sapientia
2454 3425 2509 3472 et
2533 3417 2725 3474 virtus.
2748 3419 3019 3476 Caeterum
3042 3431 3245 3479 norunt
3277 3424 3382 3495 ipsi
3404 3440 3540 3496 gen-

1968 3507 2090 3563 tiles
2110 3507 2410 3562 litterarum
2432 3508 2589 3578 periti
2618 3510 2871 3566 dilectum
2896 3512 3038 3568 idem
3065 3528 3187 3571 esse
3207 3529 3273 3571 ac
3296 3515 3538 3588 unigeni-

1972 3605 2107 3651 tum.
2140 3594 2276 3651 Nam
2306 3594 2574 3653 Homerus
2599 3599 2666 3654 de
2694 3596 3019 3656 Telemacho
3043 3599 3252 3674 Ulyssis
3273 3604 3385 3663 ﬁlio
3406 3606 3536 3662 uni-

1970 3687 2151 3756 genito
2174 3687 2251 3742 ita
2271 3687 2507 3744 secunda
2538 3687 2771 3759 Odyssea
2791 3690 3035 3762 loquitur
3064 3709 3081 3748 :

2041 3818 2185 3894 Quid
2218 3828 2463 3894 tu,Acare,
2489 3827 2577 3874 tuo
2599 3819 2761 3875 volvis
2788 3822 2884 3876 sub
2912 3833 3139 3892 pectore,
3167 3824 3251 3894 ﬁli
3268 3826 3295 3881 .’

2041 3889 2181 3966 Quid
2207 3891 2419 3966 multas
2433 3899 2586 3945 term
2620 3900 2796 3966 partes
2816 3889 3107 3966 peragrare
3125 3889 3395 3966 vperoptas,

2044 3960 2149 4033 Qui
2173 3960 2317 4033 solus
2342 3960 2564 4014 dilectus
2589 3960 2643 4014 es
2663 3963 2688 4015 7
2712 3970 2766 4015 at
2790 3960 2997 4017 divinus
3026 3960 3234 4033 Ulysses

2045 4029 2262 4101 ignotas
2288 4030 2424 4084 inter
2451 4040 2646 4100 gentes,
2669 4033 2962 4101 patriisque
2991 4029 3222 4090 rembtus

2043 4099 2287 4167 Sedibus,
2317 4099 2543 4155 interiit.

1972 4210 2139 4283 igitur
2158 4212 2251 4281 qui
2277 4210 2426 4267 solus
2449 4218 2532 4266 est
2559 4212 2721 4281 patri,
2747 4211 2792 4268 is
2819 4213 3046 4271 dilectus
3070 4215 3395 4287 appellatur.

2043 4302 2206 4374 508
2239 4301 2329 4357 50.
2371 4301 2599 4367 Quidam
2632 4317 2698 4357 ex
2742 4303 3145 4362 Samosatensis
3177 4309 3537 4368 sectatoribus

1974 4392 2211 4448 Verbum
2269 4407 2302 4447 a
2340 4390 2479 4447 Filio
2526 4402 2801 4463 separant,
2853 4395 3112 4466 aiuntque
3161 4396 3357 4453 Filium
3415 4414 3539 4455 esse

298 4498 387 4535 ναι
418 4453 790 4550 τὺννΧριστὸν,
817 4482 908 4534 τὸν
939 4482 995 4535 δὲ
1025 4453 1194 4551 Λόγον
1226 4483 1381 4538 ἄλλον
1406 4453 1543 4539 εἶναι
1567 4503 1581 4517 ’
1617 4487 1711 4541 καὶ
1747 4488 1865 4541 τού-

1977 4484 2287 4549 Christum,
2321 4483 2467 4538 aliud
2510 4453 2689 4538 auiam
2730 4499 2850 4540 esse
2901 4453 3159 4542 Verbum.
3207 4487 3303 4544 llis
3355 4498 3536 4545 autem

295 4589 392 4625 του
426 4572 697 4644 πρόφασιν
731 4573 1096 4644 λαμϐάνουσιν
1119 4576 1228 4628 ἀπὸ
1256 4576 1362 4630 τῶν
1395 4577 1679 4649 Πράξεων,
1710 4579 1738 4632 ὃ
1766 4596 1867 4632 κα-

369 4707 415 4739 ’θ
447 4705 606 4762 Joan.
632 4708 748 4777 1,,1.
825 4709 871 4740 ³⁸
906 4707 1066 4764 Joan.
1106 4726 1220 4777 xw,
1253 4710 1345 4766 26.
1423 4712 1466 4745 ³⁸
1503 4711 1662 4768 Joan.
1704 4730 1744 4780 ι,
1780 4715 1866 4770 14.

297 4868 562 4939 εἰπεῖν-τὸ
585 4868 832 4939 Πνεῦμα,
858 4885 981 4939 qua:
1002 4870 1200 4926 absunt
1225 4871 1292 4925 ab
1316 4872 1437 4927 aliis
1467 4880 1520 4927 et
1551 4872 1729 4928 editis.
1761 4873 1868 4928 Ibi-

298 4940 422 5011 dem
469 4937 694 5011 Regius,
741 4937 972 5009 'Seguer.
1010 4939 1187 5011 Basil.
1231 4950 1283 4995 et
1342 4941 1553 5011 Anglic.
1600 4945 1775 4998 εἰπεῖν
1808 4944 1870 4997 τὸ

298 5008 455 5082 ἅγιον
476 5008 847 5082 ,_etc._Caeteri
875 5018 931 5082 et
958 5009 1323 5082 θᾶὶιίλεὶπείν
1351 5008 1518 5082 δεῖίτὸ
1547 5013 1731 5082 ἆγιον,
1760 5024 1865 5068 etc.

373 5077 583 5151 (5)”Siic
613 5077 835 5151 Regius,
870 5077 1288 5151 Seguer.'Basil.
1333 5094 1386 5135 et
1414 5077 1626 5151 Anglic.
1673 5084 1740 5135 At
1774 5084 1867 5137 alii

296 5157 354 5203 et
397 5148 540 5222 editi
568 5152 597 5202 6
630 5148 903 5222 omittunt.
948 5148 1406 5222 lbidequegius,
1445 5148 1667 5221 Segucr.
1703 5151 1864 5208 Basil.

301 5217 598 5295 et_Anglic.
637 5221 730 5271 καὶ
772 5220 974 5295 Λᾴόγος·
1016 5222 1121 5295 διαὶ-
1144 5220 1237 5295 ὥςΔ
1258 5217 1423 5291 ᾦησιν
1454 5223 1482 5273 6
1507 5217 1701 5295 Σωτὴρ
1742 5224 1868 5295 περὶ

301 5287 399 5363 τοῦ
420 5288 761 5363 Πνεῦμα-τος.
789 5288 1006 5363 Gobler.
1037 5291 1197 5363 habet
1225 5287 1348 5345 item
1385 5293 1567 5363 φησίν.
1595 5287 1785 5347 Οὰἱιετί
1815 5287 1870 5347 et

301 5358 433 5432 editi
451 5397 466 5421 ,
507 5358 603 5432 καὶ
632 5359 802 5432 Λόγος
821 5376 835 5389 ο
865 5359 940 5423 ὡς
964 5360 1065 5432 ἔφη
1088 5362 1326 5432 ὁνΣωτήρ
1344 5378 1357 5391 θ
1399 5358 1457 5414 Ὅ
1481 5362 1538 5415 δέ
1557 5401 1571 5425 ,
1597 5373 1700 5418 etc.
1736 5364 1867 5417 [tem

296 5428 523 5504 ibidem,
554 5428 685 5499 Reg.
733 5428 1151 5504 seguer._Basil.
1198 5443 1252 5485 et
1276 5428 1501 5504 'Anglic.
1544 5433 1605 5484 τὸ
1645 5433 1867 5504 Πνεῦμα

291 5498 359 5571 τὸ
393 5498 577 5571 ἅγιον,
605 5498 667 5571 ut
690 5510 742 5554 et
768 5498 929 5571 habet
965 5500 1264 5571 Scriptura.
1296 5502 1401 5557 Alii
1429 5517 1561 5557 vero
1588 5517 1711 5558 cum
1747 5498 1865 5558 edi-

297 5567 732 5644 tis,_'rb_llvs_6pa
756 5567 1103 5644 ά-ληθείαῆς
1155 5640 1187 5644 __
1375 5641 1384 5644 Α
1480 5608 1507 5644 7.

371 5638 448 5713 (εξ)
490 5638 723 5713 Regius,
772 5638 1211 5713 Segu_er.'Basil.
1258 5651 1313 5696 et
1357 5641 1569 5713 Anglic.
1620 5645 1729 5699 Καὶ
1775 5644 1862 5699 ἐν·

294 5706 493 5763 ταῦθα.
524 5705 596 5763 ln‘
611 5708 733 5768 aliis
763 5717 815 5765 et
839 5705 1001 5768 editis
1030 5710 1122 5767 καί
1156 5711 1326 5772 deest.

1970 4575 2187 4633 errandi
2220 4574 2436 4630 occasio
2465 4575 2617 4632 fuere
2649 4577 2738 4631 illa
2770 4576 3005 4633 Actuum
3040 4580 3223 4647 verba,
3245 4597 3367 4653 qua:
3408 4583 3552 4655 qui-.

2042 4876 2251 4950 (7)7Sic
2282 4891 2416 4950 mss.
2461 4885 2515 4932 et
2542 4877 2707 4935 editio
2737 4880 3001 4939 Commel.
3050 4885 3119 4941 At
3162 4888 3330 4945 editio
3360 4889 3533 4950 Paris.

1968 4956 2026 5004 et
2052 4946 2265 5013 COlon.,
2294 4946 2441 5000 ἄλλο.

2042 5015 2255 5101 (8),_,Siq
2270 5015 2501 5101 ,ῐξίῖείυξν
2535 5015 2774 5101 ,ἓεςιιεικ
2804 5023 2970 5079 Basn.
3002 5037 3055 5081 et
3082 5029 3294 5101 Anglic.
3344 5035 3411 5088 At
3432 5015 3536 5090 alii

1970 5097 2024 5143 et
2052 5086 2201 5145 editi.
2233 5086 2369 5140 ἀλλὰ
2395 5086 2504 5157 τοῦ
2522 5086 2714 5157 Λόγου.

2043 5159 2117 5227 (9)
2160 5157 2459 5243 Regiusmet‘
2485 5155 2730 5243 Seguer"
2769 5161 3058 5243 εῷ-εξπεξν
3080 5206 3094 5229 ,
3125 5176 3211 5243 et,
3245 5171 3381 5243 Φησι
3428 5173 3498 5242 γά

2043 5192 2117 5227 (υ)
2160 5192 2359 5226 ιιιιδιιιῠ
2396 5192 2450 5210 νυ
2486 5192 2552 5211 υι
2593 5192 2730 5225 υσι..
2777 5192 2851 5232 τῳ
2887 5192 3094 5229 ειπειν,
3125 5192 3211 5234 τι,
3245 5192 3381 5243 Ψησι
3428 5192 3498 5242 γα

1974 5228 2217 5306 ’ρμῃρος
2239 5229 2330 5306 ὲτξὶ
2358 5192 2683 5306 Τῃλειεὲχου
2699 5232 2795 5306 τοῦ
2824 5234 2960 5287 υἱοῦ.
2992 5237 3181 5292 Caeteri
3209 5250 3261 5293 ct
3294 5245 3441 5306 editi,
3474 5192 3537 5296 τε

1970 5296 2176 5381 sinsi};
2192 5308 2266 5380 et,
2287 5296 2426 5369 Φησὶ
2454 5296 2642 5381 {oin/:6
2661 5301 2906 5381 Ὅ-μηρος
2930 5307 3021 5358 ἐπὶ
3047 5309 3363 5381 Τηλεμάχου
3394 5296 3534 5369 υἱοῦ.

1971 5368 2095 5455 hie:
2122 5367 2364 5455 Regius,
2396 5367 2567 5445 ταῦτα
2600 5372 2656 5455 ὲν
2798 5367 3051 5455 ’ξθευενη
3102 5367 3400 5452 ταῦτα”μὲν
3444 5367 3533 5455 τῇ,

1969 5438 2359 5515 Aliie'ditjque,
2390 5438 2561 5515 ταῦτα
2592 5440 2689 5515 μεν
2714 5438 2771 5494 ἔν
2794 5447 2881 5515 τῇ.

2015 5509 2151 5629 ί(10)
2190 5508 2393 5596 Regius
2424 5516 2477 5560 et
2522 5507 2760 5578 Gobler.,
2811 5507 2961 5584 (ῥ’ίλον
3018 5518 3223 5574 τέκνον.
3285 5520 3536 5592 Βεειιειομ,

2064 5595 2120 5629 ον
2154 5597 2325 5629 τεκοξ.

1970 5592 2120 5647 φιΑον
2154 5592 2325 5641 τεκος.

2042 5648 2153 5726 (_i_l)
2191 5648 2378 5726 Basil.,
2412 5650 2642 5726 _Angl_ic.
2690 5653 3023 5726 etUGobler.
3064 5656 3367 5726 Ὀδυσσεύς.
3399 5662 3513 5717 ibid

1971 5719 2026 5774 in
2053 5716 2269 5775 Homeri
2294 5721 2456 5778 editis
2488 5716 2680 5781 le'tzitur
2704 5722 3043 5781 ἀλλογνὼτω.
3326 5716 3329 5749 ί
