  <div class='ocr_page' id='page_1' title='image "/cluster/home/n/w/nwhite01/storage/ocr_20150623/26/nnc1.0046978577/265.png"; bbox 0 0 3834 6220; ppageno 0'>
   <div class='ocr_carea' id='block_1_1' title="bbox 321 302 432 360">
    <p class='ocr_par' dir='ltr' id='par_1_1' title="bbox 321 302 432 360">
     <span class='ocr_line' id='line_1_1' title="bbox 321 302 432 360; baseline -0.018 0"><span class='ocrx_word' id='word_1_1' title='bbox 321 302 432 360; x_wconf 73' lang='grc'><strong>815</strong></span> 
     </span>
    </p>
   </div>
   <div class='ocr_carea' id='block_1_2' title="bbox 922 287 2978 354">
    <p class='ocr_par' dir='ltr' id='par_1_2' title="bbox 922 287 2978 354">
     <span class='ocr_line' id='line_1_2' title="bbox 922 287 2978 354; baseline -0.004 0"><span class='ocrx_word' id='word_1_2' title='bbox 922 297 984 354; x_wconf 79' lang='lat' dir='ltr'><strong>S.</strong></span> <span class='ocrx_word' id='word_1_3' title='bbox 1023 295 1396 354; x_wconf 77' lang='lat' dir='ltr'><strong>ATHANASll</strong></span> <span class='ocrx_word' id='word_1_4' title='bbox 1433 295 1582 352; x_wconf 88' lang='lat' dir='ltr'><strong>OPP.</strong></span> <span class='ocrx_word' id='word_1_5' title='bbox 1624 292 1806 350; x_wconf 80' lang='lat' dir='ltr'><strong>PARS</strong></span> <span class='ocrx_word' id='word_1_6' title='bbox 1837 297 1878 350; x_wconf 83' lang='grc' dir='ltr'><strong>ι.</strong></span> <span class='ocrx_word' id='word_1_7' title='bbox 1920 322 1989 334; x_wconf 85' lang='lat'><strong>--</strong></span> <span class='ocrx_word' id='word_1_8' title='bbox 2023 287 2393 348; x_wconf 73' lang='lat' dir='ltr'><strong>HISTORICA</strong></span> <span class='ocrx_word' id='word_1_9' title='bbox 2430 287 2516 343; x_wconf 79' lang='lat' dir='ltr'><strong>ET</strong></span> <span class='ocrx_word' id='word_1_10' title='bbox 2557 287 2978 346; x_wconf 70' lang='lat' dir='ltr'><strong>DOGMATICA.</strong></span> 
     </span>
    </p>
   </div>
   <div class='ocr_carea' id='block_1_3' title="bbox 3454 293 3568 351">
    <p class='ocr_par' dir='ltr' id='par_1_3' title="bbox 3454 293 3568 351">
     <span class='ocr_line' id='line_1_3' title="bbox 3454 293 3568 351; baseline -0.009 0"><span class='ocrx_word' id='word_1_11' title='bbox 3454 293 3568 351; x_wconf 72' lang='lat' dir='ltr'><strong>8M</strong></span> 
     </span>
    </p>
   </div>
   <div class='ocr_carea' id='block_1_4' title="bbox 317 401 1881 484">
    <p class='ocr_par' dir='ltr' id='par_1_4' title="bbox 317 408 1881 484">
     <span class='ocr_line' id='line_1_4' title="bbox 317 408 1881 484; baseline -0.007 -10"><span class='ocrx_word' id='word_1_12' title='bbox 317 418 442 476; x_wconf 88' lang='lat' dir='ltr'><strong>dem</strong></span> <span class='ocrx_word' id='word_1_13' title='bbox 473 420 620 470; x_wconf 90' lang='lat' dir='ltr'><strong>recte</strong></span> <span class='ocrx_word' id='word_1_14' title='bbox 649 409 873 484; x_wconf 82' lang='lat' dir='ltr'><strong>protulit</strong></span> <span class='ocrx_word' id='word_1_15' title='bbox 898 408 1116 479; x_wconf 85' lang='lat' dir='ltr'><strong>Petrus,</strong></span> <span class='ocrx_word' id='word_1_16' title='bbox 1151 409 1246 466; x_wconf 86' lang='lat' dir='ltr'><strong>sed</strong></span> <span class='ocrx_word' id='word_1_17' title='bbox 1273 424 1526 482; x_wconf 82' lang='lat' dir='ltr'><strong>perverse</strong></span> <span class='ocrx_word' id='word_1_18' title='bbox 1569 410 1677 480; x_wconf 84' lang='lat' dir='ltr'><strong>ipsi</strong></span> <span class='ocrx_word' id='word_1_19' title='bbox 1719 410 1881 464; x_wconf 48' lang='lat' dir='ltr'><strong>inter‘</strong></span> 
     </span>
    </p>
   </div>
   <div class='ocr_carea' id='block_1_5' title="bbox 1992 401 3565 484">
    <p class='ocr_par' dir='ltr' id='par_1_5' title="bbox 1992 401 3565 477">
     <span class='ocr_line' id='line_1_5' title="bbox 1992 401 3565 477; baseline 0.002 -16"><span class='ocrx_word' id='word_1_20' title='bbox 1992 406 2092 470; x_wconf 64' lang='grc' dir='ltr'>λεῶς</span> <span class='ocrx_word' id='word_1_21' title='bbox 2127 405 2226 477; x_wconf 73' lang='grc' dir='ltr'><strong>μὲν</strong></span> <span class='ocrx_word' id='word_1_22' title='bbox 2243 408 2276 459; x_wconf 99' lang='lat'><strong>6</strong></span> <span class='ocrx_word' id='word_1_23' title='bbox 2298 405 2504 477; x_wconf 79' lang='grc' dir='ltr'><strong>Πέτρος</strong></span> <span class='ocrx_word' id='word_1_24' title='bbox 2526 401 2698 470; x_wconf 72' lang='grc' dir='ltr'>εἶπεν,</span> <span class='ocrx_word' id='word_1_25' title='bbox 2730 405 2888 458; x_wconf 73' lang='grc' dir='ltr'>αὐτοὶ</span> <span class='ocrx_word' id='word_1_26' title='bbox 2917 404 2976 457; x_wconf 80' lang='grc' dir='ltr'><strong>δὲ</strong></span> <span class='ocrx_word' id='word_1_27' title='bbox 3003 403 3194 468; x_wconf 70' lang='grc' dir='ltr'>κακῶς</span> <span class='ocrx_word' id='word_1_28' title='bbox 3226 403 3565 477; x_wconf 62' lang='grc' dir='ltr'>ἐκδέχονται.</span> 
     </span>
    </p>
   </div>
   <div class='ocr_carea' id='block_1_6' title="bbox 315 499 1893 583">
    <p class='ocr_par' dir='ltr' id='par_1_6' title="bbox 315 499 1893 583">
     <span class='ocr_line' id='line_1_6' title="bbox 315 499 1893 583; baseline -0.008 -17"><span class='ocrx_word' id='word_1_29' title='bbox 315 513 800 583; x_wconf 84' lang='lat' dir='ltr'><strong>pretantur;.sunt</strong></span> <span class='ocrx_word' id='word_1_30' title='bbox 853 511 1032 559; x_wconf 89' lang='lat' dir='ltr'><strong>autem</strong></span> <span class='ocrx_word' id='word_1_31' title='bbox 1073 502 1432 573; x_wconf 69' lang='lat' dir='ltr'><strong>huiusmodi:</strong></span> <span class='ocrx_word' id='word_1_32' title='bbox 1476 499 1701 556; x_wconf 81' lang='lat' dir='ltr'><strong>Verbum</strong></span> <span class='ocrx_word' id='word_1_33' title='bbox 1746 501 1893 554; x_wconf 86' lang='lat' dir='ltr'><strong>misit</strong></span> 
     </span>
    </p>
   </div>
   <div class='ocr_carea' id='block_1_7' title="bbox 315 591 1894 672">
    <p class='ocr_par' dir='ltr' id='par_1_7' title="bbox 315 591 1894 672">
     <span class='ocr_line' id='line_1_7' title="bbox 315 591 1894 672; baseline -0.006 -14"><span class='ocrx_word' id='word_1_34' title='bbox 315 601 459 658; x_wconf 78' lang='lat' dir='ltr'><strong>Deus</strong></span> <span class='ocrx_word' id='word_1_35' title='bbox 488 599 618 672; x_wconf 77' lang='lat' dir='ltr'><strong>ﬁliis</strong></span> <span class='ocrx_word' id='word_1_36' title='bbox 653 595 843 661; x_wconf 81' lang='lat' dir='ltr'><strong>Israel,</strong></span> <span class='ocrx_word' id='word_1_37' title='bbox 872 596 1192 650; x_wconf 78' lang='lat' dir='ltr'><strong>annuntians</strong></span> <span class='ocrx_word' id='word_1_38' title='bbox 1216 610 1395 665; x_wconf 87' lang='lat' dir='ltr'><strong>pacem</strong></span> <span class='ocrx_word' id='word_1_39' title='bbox 1417 609 1510 665; x_wconf 88' lang='lat' dir='ltr'><strong>per</strong></span> <span class='ocrx_word' id='word_1_40' title='bbox 1529 591 1713 648; x_wconf 75' lang='lat' dir='ltr'><strong>Iesum</strong></span> <span class='ocrx_word' id='word_1_41' title='bbox 1739 591 1894 650; x_wconf 83' lang='lat' dir='ltr'><strong>Chri-</strong></span> 
     </span>
    </p>
   </div>
   <div class='ocr_carea' id='block_1_8' title="bbox 318 681 1896 754">
    <p class='ocr_par' dir='ltr' id='par_1_8' title="bbox 318 681 1896 754">
     <span class='ocr_line' id='line_1_8' title="bbox 318 681 1896 754; baseline -0.004 -10"><span class='ocrx_word' id='word_1_42' title='bbox 318 699 479 744; x_wconf 88' lang='lat' dir='ltr'><strong>stum.</strong></span> <span class='ocrx_word' id='word_1_43' title='bbox 528 686 632 742; x_wconf 86' lang='lat' dir='ltr'><strong>Hic</strong></span> <span class='ocrx_word' id='word_1_44' title='bbox 672 696 749 741; x_wconf 86' lang='lat' dir='ltr'><strong>est</strong></span> <span class='ocrx_word' id='word_1_45' title='bbox 800 687 1034 740; x_wconf 82' lang='lat' dir='ltr'><strong>omnium</strong></span> <span class='ocrx_word' id='word_1_46' title='bbox 1078 684 1336 740; x_wconf 79' lang='lat' dir='ltr'><strong>Dominus</strong></span> <span class='ocrx_word' id='word_1_47' title='bbox 1371 685 1436 740; x_wconf 78' lang='lat'><strong>&quot;.</strong></span> <span class='ocrx_word' id='word_1_48' title='bbox 1490 681 1694 754; x_wconf 86' lang='lat' dir='ltr'><strong>Nempe</strong></span> <span class='ocrx_word' id='word_1_49' title='bbox 1741 685 1896 738; x_wconf 86' lang='lat' dir='ltr'><strong>aiunt</strong></span> 
     </span>
    </p>
   </div>
   <div class='ocr_carea' id='block_1_9' title="bbox 318 775 1894 848">
    <p class='ocr_par' dir='ltr' id='par_1_9' title="bbox 318 775 1894 848">
     <span class='ocr_line' id='line_1_9' title="bbox 318 775 1894 848; baseline -0.002 -16"><span class='ocrx_word' id='word_1_50' title='bbox 318 775 556 836; x_wconf 78' lang='lat' dir='ltr'><strong>Verbum</strong></span> <span class='ocrx_word' id='word_1_51' title='bbox 604 780 678 834; x_wconf 90' lang='lat' dir='ltr'><strong>ita</strong></span> <span class='ocrx_word' id='word_1_52' title='bbox 731 793 827 848; x_wconf 89' lang='lat' dir='ltr'><strong>per</strong></span> <span class='ocrx_word' id='word_1_53' title='bbox 875 777 1154 833; x_wconf 75' lang='lat' dir='ltr'><strong>Christum</strong></span> <span class='ocrx_word' id='word_1_54' title='bbox 1206 776 1450 830; x_wconf 90' lang='lat' dir='ltr'><strong>locutum</strong></span> <span class='ocrx_word' id='word_1_55' title='bbox 1500 791 1642 841; x_wconf 90' lang='lat' dir='ltr'><strong>esse,</strong></span> <span class='ocrx_word' id='word_1_56' title='bbox 1689 791 1754 831; x_wconf 89' lang='lat' dir='ltr'><strong>ac</strong></span> <span class='ocrx_word' id='word_1_57' title='bbox 1797 789 1894 845; x_wconf 87' lang='lat' dir='ltr'><strong>per</strong></span> 
     </span>
    </p>
   </div>
   <div class='ocr_carea' id='block_1_10' title="bbox 316 868 1892 945">
    <p class='ocr_par' dir='ltr' id='par_1_10' title="bbox 316 868 1892 945">
     <span class='ocr_line' id='line_1_10' title="bbox 316 868 1892 945; baseline -0.004 -17"><span class='ocrx_word' id='word_1_58' title='bbox 316 875 613 945; x_wconf 78' lang='lat' dir='ltr'><strong>prophetas</strong></span> <span class='ocrx_word' id='word_1_59' title='bbox 637 871 866 936; x_wconf 86' lang='lat' dir='ltr'><strong>aientes,</strong></span> <span class='ocrx_word' id='word_1_60' title='bbox 897 870 1026 925; x_wconf 66' lang='lat' dir='ltr'><strong>Haec</strong></span> <span class='ocrx_word' id='word_1_61' title='bbox 1057 870 1186 924; x_wconf 87' lang='lat' dir='ltr'><strong>dicit</strong></span> <span class='ocrx_word' id='word_1_62' title='bbox 1212 869 1473 924; x_wconf 81' lang='lat' dir='ltr'><strong>Dominus</strong></span> <span class='ocrx_word' id='word_1_63' title='bbox 1505 883 1524 921; x_wconf 90' lang='lat'><strong><em>:</em></strong></span> <span class='ocrx_word' id='word_1_64' title='bbox 1554 868 1720 922; x_wconf 91' lang='lat' dir='ltr'><strong>alium</strong></span> <span class='ocrx_word' id='word_1_65' title='bbox 1745 868 1892 922; x_wconf 91' lang='lat' dir='ltr'><strong>enim</strong></span> 
     </span>
    </p>
   </div>
   <div class='ocr_carea' id='block_1_11' title="bbox 318 959 1893 1034">
    <p class='ocr_par' dir='ltr' id='par_1_11' title="bbox 318 959 1893 1034">
     <span class='ocr_line' id='line_1_11' title="bbox 318 959 1893 1034; baseline -0.004 -14"><span class='ocrx_word' id='word_1_66' title='bbox 318 964 489 1021; x_wconf 82' lang='lat' dir='ltr'><strong>fuisse</strong></span> <span class='ocrx_word' id='word_1_67' title='bbox 539 965 878 1034; x_wconf 75' lang='lat' dir='ltr'><strong>prophetam,</strong></span> <span class='ocrx_word' id='word_1_68' title='bbox 918 972 972 1018; x_wconf 89' lang='lat' dir='ltr'><strong>et</strong></span> <span class='ocrx_word' id='word_1_69' title='bbox 1012 964 1181 1018; x_wconf 89' lang='lat' dir='ltr'><strong>alium</strong></span> <span class='ocrx_word' id='word_1_70' title='bbox 1222 961 1540 1016; x_wconf 88' lang='lat' dir='ltr'><strong>Dominum.</strong></span> <span class='ocrx_word' id='word_1_71' title='bbox 1568 959 1770 1016; x_wconf 79' lang='lat' dir='ltr'><strong>Verum</strong></span> <span class='ocrx_word' id='word_1_72' title='bbox 1825 961 1893 1014; x_wconf 87' lang='lat' dir='ltr'><strong>ad</strong></span> 
     </span>
    </p>
   </div>
   <div class='ocr_carea' id='block_1_12' title="bbox 317 1053 1894 1126">
    <p class='ocr_par' dir='ltr' id='par_1_12' title="bbox 317 1053 1894 1126">
     <span class='ocr_line' id='line_1_12' title="bbox 317 1053 1894 1126; baseline -0.002 -14"><span class='ocrx_word' id='word_1_73' title='bbox 317 1055 372 1112; x_wconf 96' lang='lat' dir='ltr'><strong>id</strong></span> <span class='ocrx_word' id='word_1_74' title='bbox 418 1070 713 1126; x_wconf 86' lang='lat' dir='ltr'><strong>possumus</strong></span> <span class='ocrx_word' id='word_1_75' title='bbox 747 1066 1008 1124; x_wconf 79' lang='lat' dir='ltr'><strong>reponere</strong></span> <span class='ocrx_word' id='word_1_76' title='bbox 1039 1054 1155 1108; x_wconf 77' lang='lat' dir='ltr'><strong>haec</strong></span> <span class='ocrx_word' id='word_1_77' title='bbox 1198 1054 1360 1108; x_wconf 78' lang='lat' dir='ltr'><strong>verba</strong></span> <span class='ocrx_word' id='word_1_78' title='bbox 1407 1054 1594 1121; x_wconf 75' lang='lat' dir='ltr'><strong>prima:</strong></span> <span class='ocrx_word' id='word_1_79' title='bbox 1644 1053 1894 1122; x_wconf 71' lang='lat' dir='ltr'><strong>Epistolze</strong></span> 
     </span>
    </p>
   </div>
   <div class='ocr_carea' id='block_1_13' title="bbox 316 1143 1893 1211">
    <p class='ocr_par' dir='ltr' id='par_1_13' title="bbox 316 1143 1893 1211">
     <span class='ocr_line' id='line_1_13' title="bbox 316 1143 1893 1211; baseline -0.003 -8"><span class='ocrx_word' id='word_1_80' title='bbox 316 1147 385 1204; x_wconf 79' lang='lat' dir='ltr'><strong>ad</strong></span> <span class='ocrx_word' id='word_1_81' title='bbox 423 1146 740 1203; x_wconf 79' lang='lat' dir='ltr'><strong>Corinthios</strong></span> <span class='ocrx_word' id='word_1_82' title='bbox 793 1164 808 1201; x_wconf 90' lang='lat'><strong>:</strong></span> <span class='ocrx_word' id='word_1_83' title='bbox 861 1143 1235 1211; x_wconf 75' lang='lat' dir='ltr'><strong>Exspectantes</strong></span> <span class='ocrx_word' id='word_1_84' title='bbox 1273 1144 1643 1200; x_wconf 84' lang='lat' dir='ltr'><strong>reuelationem</strong></span> <span class='ocrx_word' id='word_1_85' title='bbox 1678 1145 1893 1200; x_wconf 89' lang='lat' dir='ltr'><strong>Domini</strong></span> 
     </span>
    </p>
   </div>
   <div class='ocr_carea' id='block_1_14' title="bbox 315 1236 1891 1308">
    <p class='ocr_par' dir='ltr' id='par_1_14' title="bbox 315 1236 1891 1308">
     <span class='ocr_line' id='line_1_14' title="bbox 315 1236 1891 1308; baseline -0.003 -13"><span class='ocrx_word' id='word_1_86' title='bbox 315 1241 486 1297; x_wconf 87' lang='lat' dir='ltr'><strong>nostri</strong></span> <span class='ocrx_word' id='word_1_87' title='bbox 514 1237 646 1292; x_wconf 85' lang='lat' dir='ltr'><strong>Jesu</strong></span> <span class='ocrx_word' id='word_1_88' title='bbox 675 1237 911 1302; x_wconf 82' lang='lat' dir='ltr'><strong>Christi,</strong></span> <span class='ocrx_word' id='word_1_89' title='bbox 943 1237 1032 1308; x_wconf 89' lang='lat' dir='ltr'><strong>qui</strong></span> <span class='ocrx_word' id='word_1_90' title='bbox 1065 1247 1113 1290; x_wconf 91' lang='lat' dir='ltr'><strong>et</strong></span> <span class='ocrx_word' id='word_1_91' title='bbox 1153 1236 1487 1304; x_wconf 79' lang='lat' dir='ltr'><strong>conﬁrmabit</strong></span> <span class='ocrx_word' id='word_1_92' title='bbox 1518 1252 1606 1290; x_wconf 81' lang='lat' dir='ltr'><strong>vos</strong></span> <span class='ocrx_word' id='word_1_93' title='bbox 1635 1252 1796 1307; x_wconf 89' lang='lat' dir='ltr'><strong>usque</strong></span> <span class='ocrx_word' id='word_1_94' title='bbox 1835 1236 1891 1291; x_wconf 88' lang='lat' dir='ltr'><strong>in</strong></span> 
     </span>
    </p>
   </div>
   <div class='ocr_carea' id='block_1_15' title="bbox 316 1328 1890 1405">
    <p class='ocr_par' dir='ltr' id='par_1_15' title="bbox 316 1328 1890 1405">
     <span class='ocr_line' id='line_1_15' title="bbox 316 1328 1890 1405; baseline -0.004 -17"><span class='ocrx_word' id='word_1_95' title='bbox 316 1335 473 1405; x_wconf 76' lang='lat' dir='ltr'><strong>ﬁnem</strong></span> <span class='ocrx_word' id='word_1_96' title='bbox 503 1336 617 1388; x_wconf 85' lang='lat' dir='ltr'><strong>sine</strong></span> <span class='ocrx_word' id='word_1_97' title='bbox 647 1334 886 1397; x_wconf 79' lang='lat' dir='ltr'><strong>crimine,</strong></span> <span class='ocrx_word' id='word_1_98' title='bbox 922 1333 978 1385; x_wconf 90' lang='lat' dir='ltr'><strong>in</strong></span> <span class='ocrx_word' id='word_1_99' title='bbox 1002 1332 1086 1385; x_wconf 87' lang='lat' dir='ltr'><strong>die</strong></span> <span class='ocrx_word' id='word_1_100' title='bbox 1122 1330 1336 1384; x_wconf 81' lang='lat' dir='ltr'><strong>Domini</strong></span> <span class='ocrx_word' id='word_1_101' title='bbox 1374 1331 1540 1384; x_wconf 83' lang='lat' dir='ltr'><strong>nostri</strong></span> <span class='ocrx_word' id='word_1_102' title='bbox 1574 1329 1702 1384; x_wconf 85' lang='lat' dir='ltr'><strong>Jesu</strong></span> <span class='ocrx_word' id='word_1_103' title='bbox 1733 1328 1890 1385; x_wconf 72' lang='lat' dir='ltr'><strong>Chri-</strong></span> 
     </span>
    </p>
   </div>
   <div class='ocr_carea' id='block_1_16' title="bbox 315 1419 1890 1481">
    <p class='ocr_par' dir='ltr' id='par_1_16' title="bbox 315 1419 1890 1481">
     <span class='ocr_line' id='line_1_16' title="bbox 315 1419 1890 1481; baseline -0.003 -1"><span class='ocrx_word' id='word_1_104' title='bbox 315 1427 388 1480; x_wconf 86' lang='lat' dir='ltr'><strong>sti</strong></span> <span class='ocrx_word' id='word_1_105' title='bbox 413 1427 478 1481; x_wconf 83' lang='lat'><strong>&quot;.</strong></span> <span class='ocrx_word' id='word_1_106' title='bbox 515 1423 583 1479; x_wconf 88' lang='lat' dir='ltr'><strong>Ut</strong></span> <span class='ocrx_word' id='word_1_107' title='bbox 626 1425 772 1480; x_wconf 88' lang='lat' dir='ltr'><strong>enim</strong></span> <span class='ocrx_word' id='word_1_108' title='bbox 819 1439 928 1477; x_wconf 87' lang='lat' dir='ltr'><strong>non</strong></span> <span class='ocrx_word' id='word_1_109' title='bbox 965 1423 1104 1477; x_wconf 90' lang='lat' dir='ltr'><strong>alius</strong></span> <span class='ocrx_word' id='word_1_110' title='bbox 1145 1421 1397 1476; x_wconf 84' lang='lat' dir='ltr'><strong>Christus</strong></span> <span class='ocrx_word' id='word_1_111' title='bbox 1438 1421 1660 1476; x_wconf 82' lang='lat' dir='ltr'><strong>alterius</strong></span> <span class='ocrx_word' id='word_1_112' title='bbox 1688 1419 1890 1475; x_wconf 82' lang='lat' dir='ltr'><strong>Christi</strong></span> 
     </span>
    </p>
   </div>
   <div class='ocr_carea' id='block_1_17' title="bbox 315 1511 1892 1582">
    <p class='ocr_par' dir='ltr' id='par_1_17' title="bbox 315 1511 1892 1582">
     <span class='ocr_line' id='line_1_17' title="bbox 315 1511 1892 1582; baseline -0.004 -12"><span class='ocrx_word' id='word_1_113' title='bbox 315 1516 458 1571; x_wconf 92' lang='lat' dir='ltr'><strong>diem</strong></span> <span class='ocrx_word' id='word_1_114' title='bbox 485 1515 794 1580; x_wconf 81' lang='lat' dir='ltr'><strong>conﬁrmat,</strong></span> <span class='ocrx_word' id='word_1_115' title='bbox 828 1514 923 1569; x_wconf 90' lang='lat' dir='ltr'><strong>sed</strong></span> <span class='ocrx_word' id='word_1_116' title='bbox 958 1513 1074 1582; x_wconf 89' lang='lat' dir='ltr'><strong>ipse</strong></span> <span class='ocrx_word' id='word_1_117' title='bbox 1117 1513 1171 1567; x_wconf 90' lang='lat' dir='ltr'><strong>in</strong></span> <span class='ocrx_word' id='word_1_118' title='bbox 1225 1514 1309 1568; x_wconf 88' lang='lat' dir='ltr'><strong>sui</strong></span> <span class='ocrx_word' id='word_1_119' title='bbox 1353 1512 1527 1582; x_wconf 85' lang='lat' dir='ltr'><strong>ipsius</strong></span> <span class='ocrx_word' id='word_1_120' title='bbox 1574 1511 1661 1566; x_wconf 90' lang='lat' dir='ltr'><strong>die</strong></span> <span class='ocrx_word' id='word_1_121' title='bbox 1699 1526 1892 1581; x_wconf 82' lang='lat' dir='ltr'><strong>exspe-</strong></span> 
     </span>
    </p>
   </div>
   <div class='ocr_carea' id='block_1_18' title="bbox 315 1601 1887 1662">
    <p class='ocr_par' dir='ltr' id='par_1_18' title="bbox 315 1601 1887 1662">
     <span class='ocr_line' id='line_1_18' title="bbox 315 1601 1887 1662; baseline -0.003 -2"><span class='ocrx_word' id='word_1_122' title='bbox 315 1616 528 1662; x_wconf 88' lang='lat' dir='ltr'><strong>ctantes</strong></span> <span class='ocrx_word' id='word_1_123' title='bbox 563 1607 854 1661; x_wconf 71' lang='lat' dir='ltr'><strong>confirmat</strong></span> <span class='ocrx_word' id='word_1_124' title='bbox 886 1623 900 1659; x_wconf 91' lang='lat'><strong>:</strong></span> <span class='ocrx_word' id='word_1_125' title='bbox 934 1604 1007 1658; x_wconf 89' lang='lat' dir='ltr'><strong>ita</strong></span> <span class='ocrx_word' id='word_1_126' title='bbox 1041 1602 1200 1658; x_wconf 86' lang='lat' dir='ltr'><strong>Pater</strong></span> <span class='ocrx_word' id='word_1_127' title='bbox 1224 1603 1374 1658; x_wconf 89' lang='lat' dir='ltr'><strong>misit</strong></span> <span class='ocrx_word' id='word_1_128' title='bbox 1403 1601 1640 1657; x_wconf 82' lang='lat' dir='ltr'><strong>Verbum</strong></span> <span class='ocrx_word' id='word_1_129' title='bbox 1670 1617 1887 1657; x_wconf 87' lang='lat' dir='ltr'><strong>carnem</strong></span> 
     </span>
    </p>
   </div>
   <div class='ocr_carea' id='block_1_19' title="bbox 313 1693 1885 1764">
    <p class='ocr_par' dir='ltr' id='par_1_19' title="bbox 313 1693 1885 1764">
     <span class='ocr_line' id='line_1_19' title="bbox 313 1693 1885 1764; baseline -0.004 -12"><span class='ocrx_word' id='word_1_130' title='bbox 313 1697 542 1764; x_wconf 77' lang='lat' dir='ltr'><strong>factum,</strong></span> <span class='ocrx_word' id='word_1_131' title='bbox 583 1705 645 1750; x_wconf 91' lang='lat' dir='ltr'><strong>ut</strong></span> <span class='ocrx_word' id='word_1_132' title='bbox 695 1696 862 1750; x_wconf 89' lang='lat' dir='ltr'><strong>homo</strong></span> <span class='ocrx_word' id='word_1_133' title='bbox 908 1693 1084 1750; x_wconf 82' lang='lat' dir='ltr'><strong>factus</strong></span> <span class='ocrx_word' id='word_1_134' title='bbox 1115 1709 1211 1764; x_wconf 88' lang='lat' dir='ltr'><strong>per</strong></span> <span class='ocrx_word' id='word_1_135' title='bbox 1251 1695 1492 1764; x_wconf 88' lang='lat' dir='ltr'><strong>seipsum</strong></span> <span class='ocrx_word' id='word_1_136' title='bbox 1549 1693 1885 1762; x_wconf 60' lang='lat' dir='ltr'><strong>praedicaret.</strong></span> 
     </span>
    </p>
   </div>
   <div class='ocr_carea' id='block_1_20' title="bbox 1999 493 3574 567">
    <p class='ocr_par' dir='ltr' id='par_1_20' title="bbox 1999 493 3574 567">
     <span class='ocr_line' id='line_1_20' title="bbox 1999 493 3574 567; baseline 0.002 -16"><span class='ocrx_word' id='word_1_137' title='bbox 1999 499 2157 551; x_wconf 84' lang='grc' dir='ltr'>Ἔστι</span> <span class='ocrx_word' id='word_1_138' title='bbox 2185 497 2243 551; x_wconf 79' lang='grc' dir='ltr'><strong>δὲ</strong></span> <span class='ocrx_word' id='word_1_139' title='bbox 2269 494 2428 550; x_wconf 89' lang='grc' dir='ltr'>τοῦτο</span> <span class='ocrx_word' id='word_1_140' title='bbox 2447 513 2461 527; x_wconf 91' lang='grc'><strong>·</strong></span> <span class='ocrx_word' id='word_1_141' title='bbox 2511 495 2625 550; x_wconf 78' lang='grc' dir='ltr'><strong>Τὸν</strong></span> <span class='ocrx_word' id='word_1_142' title='bbox 2660 497 2856 565; x_wconf 68' lang='grc' dir='ltr'>Λόγον</span> <span class='ocrx_word' id='word_1_143' title='bbox 2884 493 3205 550; x_wconf 77' lang='grc' dir='ltr'>ἀπέστειλε</span> <span class='ocrx_word' id='word_1_144' title='bbox 3244 496 3369 563; x_wconf 83' lang='grc' dir='ltr'>τοῖς</span> <span class='ocrx_word' id='word_1_145' title='bbox 3416 499 3574 567; x_wconf 73' lang='grc' dir='ltr'>υἱοῖς</span> 
     </span>
    </p>
   </div>
   <div class='ocr_carea' id='block_1_21' title="bbox 2006 586 3652 660">
    <p class='ocr_par' dir='ltr' id='par_1_21' title="bbox 2006 586 3652 660">
     <span class='ocr_line' id='line_1_21' title="bbox 2006 586 3652 660; baseline 0.001 -16"><span class='ocrx_word' id='word_1_146' title='bbox 2006 588 2287 659; x_wconf 70' lang='grc' dir='ltr'>Ἰσραὴλ,</span> <span class='ocrx_word' id='word_1_147' title='bbox 2337 586 2859 658; x_wconf 69' lang='grc' dir='ltr'><strong>εὐαγγελιζόμενος</strong></span> <span class='ocrx_word' id='word_1_148' title='bbox 2915 588 3165 656; x_wconf 76' lang='grc' dir='ltr'><strong>εἰρήνην</strong></span> <span class='ocrx_word' id='word_1_149' title='bbox 3214 588 3312 644; x_wconf 88' lang='grc' dir='ltr'><strong>διὰ</strong></span> <span class='ocrx_word' id='word_1_150' title='bbox 3368 591 3569 660; x_wconf 85' lang='grc' dir='ltr'><strong>Ἰησοῦ</strong></span> <span class='ocrx_word' id='word_1_151' title='bbox 3648 611 3652 616; x_wconf 75' lang='lat'>&#39;</span> 
     </span>
    </p>
   </div>
   <div class='ocr_carea' id='block_1_22' title="bbox 1996 669 3566 755">
    <p class='ocr_par' dir='ltr' id='par_1_22' title="bbox 1996 669 3566 755">
     <span class='ocr_line' id='line_1_22' title="bbox 1996 669 3566 755; baseline 0 -19"><span class='ocrx_word' id='word_1_152' title='bbox 1996 681 2279 750; x_wconf 84' lang='grc' dir='ltr'>Χριστοῦ.</span> <span class='ocrx_word' id='word_1_153' title='bbox 2303 669 2492 746; x_wconf 80' lang='grc' dir='ltr'>Οὗτός</span> <span class='ocrx_word' id='word_1_154' title='bbox 2515 680 2650 734; x_wconf 76' lang='grc' dir='ltr'>ἐστι</span> <span class='ocrx_word' id='word_1_155' title='bbox 2698 677 2940 733; x_wconf 80' lang='grc' dir='ltr'>πάντων</span> <span class='ocrx_word' id='word_1_156' title='bbox 2979 681 3215 750; x_wconf 82' lang='grc' dir='ltr'>Κύριος.</span> <span class='ocrx_word' id='word_1_157' title='bbox 3257 681 3394 736; x_wconf 74' lang='grc' dir='ltr'>Φασὶ</span> <span class='ocrx_word' id='word_1_158' title='bbox 3435 682 3566 755; x_wconf 84' lang='grc' dir='ltr'>γὰρ,</span> 
     </span>
    </p>
   </div>
   <div class='ocr_carea' id='block_1_23' title="bbox 1992 769 3570 843">
    <p class='ocr_par' dir='ltr' id='par_1_23' title="bbox 1992 769 3570 843">
     <span class='ocr_line' id='line_1_23' title="bbox 1992 769 3570 843; baseline 0.001 -15"><span class='ocrx_word' id='word_1_159' title='bbox 1992 775 2070 838; x_wconf 82' lang='grc' dir='ltr'>ὡς</span> <span class='ocrx_word' id='word_1_160' title='bbox 2104 773 2198 828; x_wconf 88' lang='grc' dir='ltr'><strong>τοῦ</strong></span> <span class='ocrx_word' id='word_1_161' title='bbox 2226 773 2399 841; x_wconf 84' lang='grc' dir='ltr'><strong>Λόγου</strong></span> <span class='ocrx_word' id='word_1_162' title='bbox 2446 771 2532 825; x_wconf 75' lang='grc' dir='ltr'><strong>διὰ</strong></span> <span class='ocrx_word' id='word_1_163' title='bbox 2576 769 2815 843; x_wconf 77' lang='grc' dir='ltr'>Χριστοῦ</span> <span class='ocrx_word' id='word_1_164' title='bbox 2849 771 3198 842; x_wconf 78' lang='grc' dir='ltr'>λαλήσαντος,</span> <span class='ocrx_word' id='word_1_165' title='bbox 3232 771 3307 836; x_wconf 81' lang='grc' dir='ltr'>ὡς</span> <span class='ocrx_word' id='word_1_166' title='bbox 3334 774 3429 826; x_wconf 76' lang='grc' dir='ltr'><strong>καὶ</strong></span> <span class='ocrx_word' id='word_1_167' title='bbox 3474 775 3570 829; x_wconf 76' lang='grc' dir='ltr'><strong>ἐπὶ</strong></span> 
     </span>
    </p>
   </div>
   <div class='ocr_carea' id='block_1_24' title="bbox 1991 862 3568 938">
    <p class='ocr_par' dir='ltr' id='par_1_24' title="bbox 1991 862 3568 938">
     <span class='ocr_line' id='line_1_24' title="bbox 1991 862 3568 938; baseline 0 -18"><span class='ocrx_word' id='word_1_168' title='bbox 1991 867 2099 920; x_wconf 87' lang='grc' dir='ltr'><strong>τῶν</strong></span> <span class='ocrx_word' id='word_1_169' title='bbox 2129 865 2444 938; x_wconf 82' lang='grc' dir='ltr'><strong>προφητῶν,</strong></span> <span class='ocrx_word' id='word_1_170' title='bbox 2473 863 2619 918; x_wconf 77' lang='grc' dir='ltr'><strong>Τάδε</strong></span> <span class='ocrx_word' id='word_1_171' title='bbox 2645 863 2807 934; x_wconf 75' lang='grc' dir='ltr'>λέγει</span> <span class='ocrx_word' id='word_1_172' title='bbox 2829 865 3041 932; x_wconf 84' lang='grc' dir='ltr'>Κύριος</span> <span class='ocrx_word' id='word_1_173' title='bbox 3068 880 3081 894; x_wconf 88' lang='grc'>·</span> <span class='ocrx_word' id='word_1_174' title='bbox 3116 864 3276 928; x_wconf 77' lang='grc' dir='ltr'>ἄλλος</span> <span class='ocrx_word' id='word_1_175' title='bbox 3311 865 3411 934; x_wconf 82' lang='grc' dir='ltr'><strong>μὲν</strong></span> <span class='ocrx_word' id='word_1_176' title='bbox 3448 862 3517 936; x_wconf 78' lang='grc' dir='ltr'>ἦν</span> <span class='ocrx_word' id='word_1_177' title='bbox 3539 867 3568 921; x_wconf 96' lang='lat'><strong>6</strong></span> 
     </span>
    </p>
   </div>
   <div class='ocr_carea' id='block_1_25' title="bbox 1993 955 3570 1032">
    <p class='ocr_par' dir='ltr' id='par_1_25' title="bbox 1993 955 3570 1032">
     <span class='ocr_line' id='line_1_25' title="bbox 1993 955 3570 1032; baseline -0.003 -18"><span class='ocrx_word' id='word_1_178' title='bbox 1993 961 2276 1032; x_wconf 77' lang='grc' dir='ltr'><strong>προφήτης</strong></span> <span class='ocrx_word' id='word_1_179' title='bbox 2299 999 2313 1024; x_wconf 92' lang='grc'><strong>,</strong></span> <span class='ocrx_word' id='word_1_180' title='bbox 2368 957 2526 1021; x_wconf 77' lang='grc' dir='ltr'>ἄλλος</span> <span class='ocrx_word' id='word_1_181' title='bbox 2566 957 2623 1010; x_wconf 84' lang='grc' dir='ltr'><strong>δὲ</strong></span> <span class='ocrx_word' id='word_1_182' title='bbox 2670 959 2699 1010; x_wconf 90' lang='lat'><strong>6</strong></span> <span class='ocrx_word' id='word_1_183' title='bbox 2751 956 2978 1027; x_wconf 81' lang='grc' dir='ltr'>Κύριος.</span> <span class='ocrx_word' id='word_1_184' title='bbox 3024 955 3186 1010; x_wconf 82' lang='grc' dir='ltr'>Ἀλλὰ</span> <span class='ocrx_word' id='word_1_185' title='bbox 3231 955 3365 1027; x_wconf 82' lang='grc' dir='ltr'>πρὸς</span> <span class='ocrx_word' id='word_1_186' title='bbox 3411 956 3570 1012; x_wconf 89' lang='grc' dir='ltr'>τοῦτο</span> 
     </span>
    </p>
   </div>
   <div class='ocr_carea' id='block_1_26' title="bbox 1990 1043 3568 1119">
    <p class='ocr_par' dir='ltr' id='par_1_26' title="bbox 1990 1043 3568 1119">
     <span class='ocr_line' id='line_1_26' title="bbox 1990 1043 3568 1119; baseline -0.003 -17"><span class='ocrx_word' id='word_1_187' title='bbox 1990 1049 2173 1119; x_wconf 82' lang='grc' dir='ltr'>ὅμοιόν</span> <span class='ocrx_word' id='word_1_188' title='bbox 2211 1050 2358 1101; x_wconf 76' lang='grc' dir='ltr'>ἐστιν</span> <span class='ocrx_word' id='word_1_189' title='bbox 2399 1047 2728 1100; x_wconf 80' lang='grc' dir='ltr'><strong>ἀντιτιθέναι</strong></span> <span class='ocrx_word' id='word_1_190' title='bbox 2759 1045 2870 1113; x_wconf 74' lang='grc'>(12)</span> <span class='ocrx_word' id='word_1_191' title='bbox 2909 1044 2972 1098; x_wconf 79' lang='grc' dir='ltr'>τὸ</span> <span class='ocrx_word' id='word_1_192' title='bbox 3008 1047 3068 1098; x_wconf 82' lang='grc' dir='ltr'>ὲν</span> <span class='ocrx_word' id='word_1_193' title='bbox 3107 1047 3173 1116; x_wconf 77' lang='grc' dir='ltr'>τῇ</span> <span class='ocrx_word' id='word_1_194' title='bbox 3212 1043 3402 1116; x_wconf 78' lang='grc' dir='ltr'>πρώτῃ</span> <span class='ocrx_word' id='word_1_195' title='bbox 3430 1045 3568 1116; x_wconf 84' lang='grc' dir='ltr'>πρὸς</span> 
     </span>
    </p>
   </div>
   <div class='ocr_carea' id='block_1_27' title="bbox 1991 1132 3567 1212">
    <p class='ocr_par' dir='ltr' id='par_1_27' title="bbox 1991 1132 3567 1212">
     <span class='ocr_line' id='line_1_27' title="bbox 1991 1132 3567 1212; baseline -0.004 -18"><span class='ocrx_word' id='word_1_196' title='bbox 1991 1138 2341 1212; x_wconf 79' lang='grc' dir='ltr'><strong>Κορινθίους·</strong></span> <span class='ocrx_word' id='word_1_197' title='bbox 2388 1135 2930 1205; x_wconf 82' lang='grc' dir='ltr'>Ἀπεκδεχομένους</span> <span class='ocrx_word' id='word_1_198' title='bbox 2958 1134 3066 1203; x_wconf 77' lang='grc'>(15)</span> <span class='ocrx_word' id='word_1_199' title='bbox 3099 1133 3214 1202; x_wconf 80' lang='grc' dir='ltr'>τὴν</span> <span class='ocrx_word' id='word_1_200' title='bbox 3257 1132 3567 1188; x_wconf 71' lang='grc' dir='ltr'><strong>ἀποκάλυ-</strong></span> 
     </span>
    </p>
   </div>
   <div class='ocr_carea' id='block_1_28' title="bbox 1990 1226 3567 1299">
    <p class='ocr_par' dir='ltr' id='par_1_28' title="bbox 1990 1226 3567 1299">
     <span class='ocr_line' id='line_1_28' title="bbox 1990 1226 3567 1299; baseline -0.001 -17"><span class='ocrx_word' id='word_1_201' title='bbox 1990 1233 2102 1299; x_wconf 77' lang='grc' dir='ltr'>ψιν</span> <span class='ocrx_word' id='word_1_202' title='bbox 2140 1229 2246 1284; x_wconf 90' lang='grc' dir='ltr'><strong>τοῦ</strong></span> <span class='ocrx_word' id='word_1_203' title='bbox 2275 1229 2496 1296; x_wconf 82' lang='grc' dir='ltr'>Κυρίου</span> <span class='ocrx_word' id='word_1_204' title='bbox 2543 1226 2714 1297; x_wconf 77' lang='grc' dir='ltr'>ἡμῶν</span> <span class='ocrx_word' id='word_1_205' title='bbox 2772 1227 2973 1295; x_wconf 86' lang='grc' dir='ltr'><strong>Ἰησοῦ</strong></span> <span class='ocrx_word' id='word_1_206' title='bbox 3017 1227 3275 1294; x_wconf 75' lang='grc' dir='ltr'>Χριστοῦ</span> <span class='ocrx_word' id='word_1_207' title='bbox 3299 1244 3314 1257; x_wconf 88' lang='grc'><strong>·</strong></span> <span class='ocrx_word' id='word_1_208' title='bbox 3350 1226 3418 1295; x_wconf 83' lang='grc' dir='ltr'>ὃς</span> <span class='ocrx_word' id='word_1_209' title='bbox 3465 1227 3567 1281; x_wconf 67' lang='grc' dir='ltr'><strong>καὶ</strong></span> 
     </span>
    </p>
   </div>
   <div class='ocr_carea' id='block_1_29' title="bbox 1992 1317 3568 1391">
    <p class='ocr_par' dir='ltr' id='par_1_29' title="bbox 1992 1317 3568 1391">
     <span class='ocr_line' id='line_1_29' title="bbox 1992 1317 3568 1391; baseline -0.003 -15"><span class='ocrx_word' id='word_1_210' title='bbox 1992 1321 2302 1387; x_wconf 81' lang='grc' dir='ltr'>βεϐαιώσει</span> <span class='ocrx_word' id='word_1_211' title='bbox 2339 1319 2494 1391; x_wconf 83' lang='grc' dir='ltr'><strong>ὑμᾶς</strong></span> <span class='ocrx_word' id='word_1_212' title='bbox 2524 1320 2636 1386; x_wconf 81' lang='grc' dir='ltr'>ἕως</span> <span class='ocrx_word' id='word_1_213' title='bbox 2670 1319 2888 1388; x_wconf 77' lang='grc' dir='ltr'><strong>τέλους</strong></span> <span class='ocrx_word' id='word_1_214' title='bbox 2936 1319 3352 1390; x_wconf 71' lang='grc' dir='ltr'><strong>ἀνεγκλήτους</strong></span> <span class='ocrx_word' id='word_1_215' title='bbox 3391 1320 3460 1372; x_wconf 81' lang='grc' dir='ltr'>ἐν</span> <span class='ocrx_word' id='word_1_216' title='bbox 3490 1317 3568 1389; x_wconf 68' lang='grc' dir='ltr'>τῇ</span> 
     </span>
    </p>
   </div>
   <div class='ocr_carea' id='block_1_30' title="bbox 1988 1409 3568 1483">
    <p class='ocr_par' dir='ltr' id='par_1_30' title="bbox 1988 1409 3568 1483">
     <span class='ocr_line' id='line_1_30' title="bbox 1988 1409 3568 1483; baseline -0.002 -17"><span class='ocrx_word' id='word_1_217' title='bbox 1988 1412 2178 1482; x_wconf 73' lang='grc' dir='ltr'>ἡμέρᾳ</span> <span class='ocrx_word' id='word_1_218' title='bbox 2203 1411 2311 1466; x_wconf 89' lang='grc' dir='ltr'><strong>τοῦ</strong></span> <span class='ocrx_word' id='word_1_219' title='bbox 2341 1412 2562 1480; x_wconf 82' lang='grc' dir='ltr'>Κυρίου</span> <span class='ocrx_word' id='word_1_220' title='bbox 2588 1409 2758 1480; x_wconf 78' lang='grc' dir='ltr'>ἡμῶν</span> <span class='ocrx_word' id='word_1_221' title='bbox 2795 1411 2998 1478; x_wconf 84' lang='grc' dir='ltr'>ἰησοῦ</span> <span class='ocrx_word' id='word_1_222' title='bbox 3023 1411 3298 1480; x_wconf 75' lang='grc' dir='ltr'><strong>Χριστοῦ.</strong></span> <span class='ocrx_word' id='word_1_223' title='bbox 3345 1411 3430 1474; x_wconf 83' lang='grc' dir='ltr'>Ὡς</span> <span class='ocrx_word' id='word_1_224' title='bbox 3457 1409 3568 1483; x_wconf 83' lang='grc' dir='ltr'>γὰρ</span> 
     </span>
    </p>
   </div>
   <div class='ocr_carea' id='block_1_31' title="bbox 1988 1502 3567 1576">
    <p class='ocr_par' dir='ltr' id='par_1_31' title="bbox 1988 1502 3567 1576">
     <span class='ocr_line' id='line_1_31' title="bbox 1988 1502 3567 1576; baseline -0.002 -16"><span class='ocrx_word' id='word_1_225' title='bbox 1988 1507 2089 1560; x_wconf 82' lang='grc' dir='ltr'><strong>οὐκ</strong></span> <span class='ocrx_word' id='word_1_226' title='bbox 2116 1505 2274 1568; x_wconf 79' lang='grc' dir='ltr'>ἄλλος</span> <span class='ocrx_word' id='word_1_227' title='bbox 2319 1503 2554 1574; x_wconf 81' lang='grc' dir='ltr'>Χριστὸς</span> <span class='ocrx_word' id='word_1_228' title='bbox 2587 1502 2775 1576; x_wconf 80' lang='grc' dir='ltr'>ἐτέρου</span> <span class='ocrx_word' id='word_1_229' title='bbox 2821 1503 3058 1575; x_wconf 80' lang='grc' dir='ltr'>Χριστοῦ</span> <span class='ocrx_word' id='word_1_230' title='bbox 3097 1505 3194 1574; x_wconf 84' lang='grc' dir='ltr'><strong>τὴν</strong></span> <span class='ocrx_word' id='word_1_231' title='bbox 3239 1505 3449 1575; x_wconf 76' lang='grc' dir='ltr'>ἡμέραν</span> <span class='ocrx_word' id='word_1_232' title='bbox 3479 1503 3567 1573; x_wconf 79' lang='grc' dir='ltr'><strong>βε-</strong></span> 
     </span>
    </p>
   </div>
   <div class='ocr_carea' id='block_1_32' title="bbox 1987 1592 3568 1666">
    <p class='ocr_par' dir='ltr' id='par_1_32' title="bbox 1987 1592 3568 1666">
     <span class='ocr_line' id='line_1_32' title="bbox 1987 1592 3568 1666; baseline 0.001 -19"><span class='ocrx_word' id='word_1_233' title='bbox 1987 1594 2153 1661; x_wconf 80' lang='grc' dir='ltr'>ϐαιοῖ,</span> <span class='ocrx_word' id='word_1_234' title='bbox 2188 1596 2301 1649; x_wconf 82' lang='grc' dir='ltr'>ἀλλ’</span> <span class='ocrx_word' id='word_1_235' title='bbox 2333 1595 2496 1658; x_wconf 82' lang='grc' dir='ltr'>αὐτὸς</span> <span class='ocrx_word' id='word_1_236' title='bbox 2542 1595 2656 1666; x_wconf 71' lang='grc'>(14)</span> <span class='ocrx_word' id='word_1_237' title='bbox 2710 1597 2767 1648; x_wconf 81' lang='grc' dir='ltr'>ὲν</span> <span class='ocrx_word' id='word_1_238' title='bbox 2795 1597 2860 1665; x_wconf 81' lang='grc' dir='ltr'><strong>τῇ</strong></span> <span class='ocrx_word' id='word_1_239' title='bbox 2895 1592 3089 1648; x_wconf 77' lang='grc' dir='ltr'>ἑαυτοῦ</span> <span class='ocrx_word' id='word_1_240' title='bbox 3123 1595 3310 1665; x_wconf 80' lang='grc' dir='ltr'>ἡμέρᾳ</span> <span class='ocrx_word' id='word_1_241' title='bbox 3357 1593 3568 1664; x_wconf 79' lang='grc' dir='ltr'>βεϐαιοῖ</span> 
     </span>
    </p>
   </div>
   <div class='ocr_carea' id='block_1_33' title="bbox 1989 1683 3565 1757">
    <p class='ocr_par' dir='ltr' id='par_1_33' title="bbox 1989 1683 3565 1757">
     <span class='ocr_line' id='line_1_33' title="bbox 1989 1683 3565 1757; baseline 0 -19"><span class='ocrx_word' id='word_1_242' title='bbox 1989 1686 2114 1749; x_wconf 83' lang='grc' dir='ltr'>τοὺς</span> <span class='ocrx_word' id='word_1_243' title='bbox 2158 1686 2631 1757; x_wconf 78' lang='grc' dir='ltr'><strong>ἀπεκδεχομένους</strong></span> <span class='ocrx_word' id='word_1_244' title='bbox 2653 1703 2666 1716; x_wconf 89' lang='grc'><strong>·</strong></span> <span class='ocrx_word' id='word_1_245' title='bbox 2713 1685 2854 1741; x_wconf 87' lang='grc' dir='ltr'>οῦτω</span> <span class='ocrx_word' id='word_1_246' title='bbox 2890 1685 2982 1738; x_wconf 84' lang='grc' dir='ltr'>τὸν</span> <span class='ocrx_word' id='word_1_247' title='bbox 3027 1685 3197 1754; x_wconf 85' lang='grc' dir='ltr'>Λόγον</span> <span class='ocrx_word' id='word_1_248' title='bbox 3243 1683 3565 1738; x_wconf 79' lang='grc' dir='ltr'>ἀπέστειλεν</span> 
     </span>
    </p>
   </div>
   <div class='ocr_carea' id='block_1_34' title="bbox 314 1755 1881 1856">
    <p class='ocr_par' dir='ltr' id='par_1_34' title="bbox 314 1785 1881 1856">
     <span class='ocr_line' id='line_1_34' title="bbox 314 1785 1881 1856; baseline -0.003 -13"><span class='ocrx_word' id='word_1_249' title='bbox 314 1787 455 1846; x_wconf 83' lang='lat' dir='ltr'><strong>Hinc</strong></span> <span class='ocrx_word' id='word_1_250' title='bbox 482 1797 627 1845; x_wconf 89' lang='lat' dir='ltr'><strong>recte</strong></span> <span class='ocrx_word' id='word_1_251' title='bbox 650 1788 852 1851; x_wconf 86' lang='lat' dir='ltr'><strong>subdit,</strong></span> <span class='ocrx_word' id='word_1_252' title='bbox 892 1785 991 1839; x_wconf 84' lang='lat' dir='ltr'><strong>Hic</strong></span> <span class='ocrx_word' id='word_1_253' title='bbox 1036 1797 1113 1839; x_wconf 85' lang='lat' dir='ltr'><strong>est</strong></span> <span class='ocrx_word' id='word_1_254' title='bbox 1151 1787 1386 1840; x_wconf 84' lang='lat' dir='ltr'><strong>omnium</strong></span> <span class='ocrx_word' id='word_1_255' title='bbox 1413 1786 1670 1840; x_wconf 88' lang='lat' dir='ltr'><strong>Dominus</strong></span> <span class='ocrx_word' id='word_1_256' title='bbox 1695 1801 1714 1840; x_wconf 91' lang='lat'><strong><em>:</em></strong></span> <span class='ocrx_word' id='word_1_257' title='bbox 1740 1785 1881 1856; x_wconf 85' lang='lat' dir='ltr'><strong>atqui</strong></span> 
     </span>
    </p>
   </div>
   <div class='ocr_carea' id='block_1_35' title="bbox 1992 1755 3561 1856">
    <p class='ocr_par' dir='ltr' id='par_1_35' title="bbox 1992 1755 3561 1852">
     <span class='ocr_line' id='line_1_35' title="bbox 1992 1755 3561 1852; baseline -0.003 -20"><span class='ocrx_word' id='word_1_258' title='bbox 1992 1780 2017 1832; x_wconf 90' lang='lat'><strong>6</strong></span> <span class='ocrx_word' id='word_1_259' title='bbox 2048 1779 2240 1851; x_wconf 75' lang='grc' dir='ltr'>Πατὴρ</span> <span class='ocrx_word' id='word_1_260' title='bbox 2287 1755 2467 1852; x_wconf 80' lang='grc' dir='ltr'>σάρκα</span> <span class='ocrx_word' id='word_1_261' title='bbox 2510 1779 2824 1848; x_wconf 84' lang='grc' dir='ltr'>γενόμενον,</span> <span class='ocrx_word' id='word_1_262' title='bbox 2868 1777 2966 1831; x_wconf 54' lang='grc' dir='ltr'>ἴναν</span> <span class='ocrx_word' id='word_1_263' title='bbox 2999 1776 3067 1829; x_wconf 87' lang='grc' dir='ltr'>δι’</span> <span class='ocrx_word' id='word_1_264' title='bbox 3106 1776 3298 1830; x_wconf 76' lang='grc' dir='ltr'>ἑαυτοῦ</span> <span class='ocrx_word' id='word_1_265' title='bbox 3347 1775 3561 1847; x_wconf 82' lang='grc' dir='ltr'>ἄνθρω-</span> 
     </span>
    </p>
   </div>
   <div class='ocr_carea' id='block_1_36' title="bbox 313 1875 1246 1937">
    <p class='ocr_par' dir='ltr' id='par_1_36' title="bbox 313 1875 1246 1937">
     <span class='ocr_line' id='line_1_36' title="bbox 313 1875 1246 1937; baseline -0.005 0"><span class='ocrx_word' id='word_1_266' title='bbox 313 1882 558 1937; x_wconf 88' lang='lat' dir='ltr'><strong>omnium</strong></span> <span class='ocrx_word' id='word_1_267' title='bbox 586 1879 851 1934; x_wconf 88' lang='lat' dir='ltr'><strong>Dominus</strong></span> <span class='ocrx_word' id='word_1_268' title='bbox 878 1875 1121 1933; x_wconf 77' lang='lat' dir='ltr'><strong>Verbum</strong></span> <span class='ocrx_word' id='word_1_269' title='bbox 1144 1886 1246 1933; x_wconf 87' lang='lat' dir='ltr'><strong>est.</strong></span> 
     </span>
    </p>
   </div>
   <div class='ocr_carea' id='block_1_37' title="bbox 381 2143 1885 2216">
    <p class='ocr_par' dir='ltr' id='par_1_37' title="bbox 381 2143 1885 2216">
     <span class='ocr_line' id='line_1_37' title="bbox 381 2143 1885 2216; baseline -0.001 -14"><span class='ocrx_word' id='word_1_270' title='bbox 381 2145 471 2203; x_wconf 76' lang='grc'><strong>31.</strong></span> <span class='ocrx_word' id='word_1_271' title='bbox 511 2145 746 2201; x_wconf 67' lang='lat' dir='ltr'><strong>Et&#39;diccit</strong></span> <span class='ocrx_word' id='word_1_272' title='bbox 777 2143 984 2216; x_wconf 76' lang='lat' dir='ltr'><strong>Moyses</strong></span> <span class='ocrx_word' id='word_1_273' title='bbox 1013 2145 1084 2198; x_wconf 84' lang='lat' dir='ltr'><strong>ad</strong></span> <span class='ocrx_word' id='word_1_274' title='bbox 1115 2144 1339 2200; x_wconf 81' lang='lat' dir='ltr'><strong>Aaron:</strong></span> <span class='ocrx_word' id='word_1_275' title='bbox 1373 2147 1572 2200; x_wconf 80' lang='lat' dir='ltr'><strong>Accede</strong></span> <span class='ocrx_word' id='word_1_276' title='bbox 1595 2145 1666 2200; x_wconf 82' lang='lat' dir='ltr'><strong>ad</strong></span> <span class='ocrx_word' id='word_1_277' title='bbox 1694 2146 1885 2214; x_wconf 83' lang='lat' dir='ltr'><strong>altare,</strong></span> 
     </span>
    </p>
   </div>
   <div class='ocr_carea' id='block_1_38' title="bbox 310 2235 1886 2308">
    <p class='ocr_par' dir='ltr' id='par_1_38' title="bbox 310 2235 1886 2308">
     <span class='ocr_line' id='line_1_38' title="bbox 310 2235 1886 2308; baseline -0.001 -16"><span class='ocrx_word' id='word_1_278' title='bbox 310 2245 365 2292; x_wconf 80' lang='lat' dir='ltr'><strong>et</strong></span> <span class='ocrx_word' id='word_1_279' title='bbox 393 2236 480 2308; x_wconf 75' lang='lat' dir='ltr'><strong>[ac</strong></span> <span class='ocrx_word' id='word_1_280' title='bbox 505 2237 827 2306; x_wconf 79' lang='lat' dir='ltr'><strong>sacri/icium</strong></span> <span class='ocrx_word' id='word_1_281' title='bbox 856 2253 952 2306; x_wconf 90' lang='lat' dir='ltr'><strong>pro</strong></span> <span class='ocrx_word' id='word_1_282' title='bbox 989 2243 1202 2305; x_wconf 86' lang='lat' dir='ltr'><strong>peccato</strong></span> <span class='ocrx_word' id='word_1_283' title='bbox 1245 2245 1354 2304; x_wconf 90' lang='lat' dir='ltr'><strong>tuo,</strong></span> <span class='ocrx_word' id='word_1_284' title='bbox 1381 2246 1431 2291; x_wconf 87' lang='lat' dir='ltr'><strong>et</strong></span> <span class='ocrx_word' id='word_1_285' title='bbox 1469 2235 1602 2306; x_wconf 72' lang='lat' dir='ltr'><strong>oﬂ&#39;er</strong></span> <span class='ocrx_word' id='word_1_286' title='bbox 1632 2237 1886 2292; x_wconf 82' lang='lat' dir='ltr'><strong>holocau-</strong></span> 
     </span>
    </p>
   </div>
   <div class='ocr_carea' id='block_1_39' title="bbox 311 2326 1886 2397">
    <p class='ocr_par' dir='ltr' id='par_1_39' title="bbox 311 2326 1886 2397">
     <span class='ocr_line' id='line_1_39' title="bbox 311 2326 1886 2397; baseline 0.001 -15"><span class='ocrx_word' id='word_1_287' title='bbox 311 2336 452 2382; x_wconf 84' lang='lat' dir='ltr'><strong>stum</strong></span> <span class='ocrx_word' id='word_1_288' title='bbox 479 2337 650 2391; x_wconf 87' lang='lat' dir='ltr'><strong>tuum,</strong></span> <span class='ocrx_word' id='word_1_289' title='bbox 680 2336 731 2381; x_wconf 89' lang='lat' dir='ltr'><strong>et</strong></span> <span class='ocrx_word' id='word_1_290' title='bbox 771 2327 1048 2397; x_wconf 85' lang='lat' dir='ltr'><strong>deprecare</strong></span> <span class='ocrx_word' id='word_1_291' title='bbox 1079 2343 1172 2396; x_wconf 90' lang='lat' dir='ltr'><strong>pro</strong></span> <span class='ocrx_word' id='word_1_292' title='bbox 1206 2335 1255 2380; x_wconf 88' lang='lat' dir='ltr'><strong>te</strong></span> <span class='ocrx_word' id='word_1_293' title='bbox 1295 2335 1345 2381; x_wconf 91' lang='lat' dir='ltr'><strong>et</strong></span> <span class='ocrx_word' id='word_1_294' title='bbox 1372 2343 1467 2397; x_wconf 90' lang='lat' dir='ltr'><strong>pro</strong></span> <span class='ocrx_word' id='word_1_295' title='bbox 1502 2326 1657 2380; x_wconf 89' lang='lat' dir='ltr'><strong>domo</strong></span> <span class='ocrx_word' id='word_1_296' title='bbox 1697 2337 1808 2393; x_wconf 90' lang='lat' dir='ltr'><strong>tua,</strong></span> <span class='ocrx_word' id='word_1_297' title='bbox 1835 2337 1886 2383; x_wconf 88' lang='lat' dir='ltr'><strong>et</strong></span> 
     </span>
    </p>
   </div>
   <div class='ocr_carea' id='block_1_40' title="bbox 313 2414 1878 2486">
    <p class='ocr_par' dir='ltr' id='par_1_40' title="bbox 313 2414 1878 2486">
     <span class='ocr_line' id='line_1_40' title="bbox 313 2414 1878 2486; baseline 0 -16"><span class='ocrx_word' id='word_1_298' title='bbox 313 2416 403 2486; x_wconf 80' lang='lat' dir='ltr'><strong>fac</strong></span> <span class='ocrx_word' id='word_1_299' title='bbox 428 2417 568 2470; x_wconf 86' lang='lat' dir='ltr'><strong>dona</strong></span> <span class='ocrx_word' id='word_1_300' title='bbox 598 2416 818 2484; x_wconf 91' lang='lat' dir='ltr'><strong>populi,</strong></span> <span class='ocrx_word' id='word_1_301' title='bbox 847 2423 898 2468; x_wconf 89' lang='lat' dir='ltr'><strong>et</strong></span> <span class='ocrx_word' id='word_1_302' title='bbox 927 2414 1207 2484; x_wconf 87' lang='lat' dir='ltr'><strong>deprecare</strong></span> <span class='ocrx_word' id='word_1_303' title='bbox 1231 2431 1326 2484; x_wconf 91' lang='lat' dir='ltr'><strong>pro</strong></span> <span class='ocrx_word' id='word_1_304' title='bbox 1359 2415 1490 2480; x_wconf 84' lang='lat' dir='ltr'><strong>illis,</strong></span> <span class='ocrx_word' id='word_1_305' title='bbox 1527 2417 1666 2470; x_wconf 85' lang='lat' dir='ltr'><strong>sicut</strong></span> <span class='ocrx_word' id='word_1_306' title='bbox 1690 2432 1878 2486; x_wconf 85' lang='lat' dir='ltr'><strong>prcece-</strong></span> 
     </span>
    </p>
   </div>
   <div class='ocr_carea' id='block_1_41' title="bbox 309 2505 1886 2577">
    <p class='ocr_par' dir='ltr' id='par_1_41' title="bbox 309 2505 1886 2577">
     <span class='ocr_line' id='line_1_41' title="bbox 309 2505 1886 2577; baseline 0.001 -16"><span class='ocrx_word' id='word_1_307' title='bbox 309 2509 388 2576; x_wconf 89' lang='lat' dir='ltr'><strong>pit</strong></span> <span class='ocrx_word' id='word_1_308' title='bbox 419 2506 672 2561; x_wconf 85' lang='lat' dir='ltr'><strong>Dominus</strong></span> <span class='ocrx_word' id='word_1_309' title='bbox 701 2508 876 2577; x_wconf 80' lang='lat' dir='ltr'><strong>Moysi</strong></span> <span class='ocrx_word' id='word_1_310' title='bbox 901 2506 968 2560; x_wconf 82' lang='grc'><strong>⁸⁸.</strong></span> <span class='ocrx_word' id='word_1_311' title='bbox 1019 2505 1157 2562; x_wconf 88' lang='lat' dir='ltr'><strong>Ecce</strong></span> <span class='ocrx_word' id='word_1_312' title='bbox 1196 2506 1284 2561; x_wconf 89' lang='lat' dir='ltr'><strong>hic</strong></span> <span class='ocrx_word' id='word_1_313' title='bbox 1328 2507 1580 2577; x_wconf 81' lang='lat' dir='ltr'><strong>quamvis</strong></span> <span class='ocrx_word' id='word_1_314' title='bbox 1629 2524 1772 2564; x_wconf 88' lang='lat' dir='ltr'><strong>unus</strong></span> <span class='ocrx_word' id='word_1_315' title='bbox 1814 2509 1886 2563; x_wconf 89' lang='lat' dir='ltr'><strong>sit</strong></span> 
     </span>
    </p>
   </div>
   <div class='ocr_carea' id='block_1_42' title="bbox 309 2593 1884 2670">
    <p class='ocr_par' dir='ltr' id='par_1_42' title="bbox 309 2593 1884 2670">
     <span class='ocr_line' id='line_1_42' title="bbox 309 2593 1884 2670; baseline 0.001 -19"><span class='ocrx_word' id='word_1_316' title='bbox 309 2593 548 2668; x_wconf 76' lang='lat' dir='ltr'><strong>Moyses,</strong></span> <span class='ocrx_word' id='word_1_317' title='bbox 588 2603 770 2652; x_wconf 87' lang='lat' dir='ltr'><strong>tamen</strong></span> <span class='ocrx_word' id='word_1_318' title='bbox 799 2597 916 2666; x_wconf 89' lang='lat' dir='ltr'><strong>ipse</strong></span> <span class='ocrx_word' id='word_1_319' title='bbox 941 2595 1158 2666; x_wconf 80' lang='lat' dir='ltr'><strong>Moyses</strong></span> <span class='ocrx_word' id='word_1_320' title='bbox 1190 2597 1336 2652; x_wconf 84' lang='lat' dir='ltr'><strong>velut</strong></span> <span class='ocrx_word' id='word_1_321' title='bbox 1359 2596 1426 2651; x_wconf 94' lang='lat' dir='ltr'><strong>de</strong></span> <span class='ocrx_word' id='word_1_322' title='bbox 1453 2597 1562 2651; x_wconf 87' lang='lat' dir='ltr'><strong>alio</strong></span> <span class='ocrx_word' id='word_1_323' title='bbox 1589 2597 1774 2670; x_wconf 80' lang='lat' dir='ltr'><strong>Moyse</strong></span> <span class='ocrx_word' id='word_1_324' title='bbox 1800 2599 1884 2654; x_wconf 92' lang='lat' dir='ltr'><strong>di-</strong></span> 
     </span>
    </p>
   </div>
   <div class='ocr_carea' id='block_1_43' title="bbox 310 2687 1883 2761">
    <p class='ocr_par' dir='ltr' id='par_1_43' title="bbox 310 2687 1883 2761">
     <span class='ocr_line' id='line_1_43' title="bbox 310 2687 1883 2761; baseline -0.001 -14"><span class='ocrx_word' id='word_1_325' title='bbox 310 2691 404 2758; x_wconf 89' lang='lat' dir='ltr'><strong>cit,</strong></span> <span class='ocrx_word' id='word_1_326' title='bbox 441 2687 594 2746; x_wconf 89' lang='lat' dir='ltr'><strong>Sicut</strong></span> <span class='ocrx_word' id='word_1_327' title='bbox 618 2691 866 2760; x_wconf 70' lang='lat' dir='ltr'><strong>pra&#39;cepit</strong></span> <span class='ocrx_word' id='word_1_328' title='bbox 893 2689 1152 2744; x_wconf 87' lang='lat' dir='ltr'><strong>Dominus</strong></span> <span class='ocrx_word' id='word_1_329' title='bbox 1177 2688 1370 2759; x_wconf 77' lang='lat' dir='ltr'><strong>Moysi.</strong></span> <span class='ocrx_word' id='word_1_330' title='bbox 1397 2687 1488 2744; x_wconf 89' lang='lat' dir='ltr'><strong>Sic</strong></span> <span class='ocrx_word' id='word_1_331' title='bbox 1518 2705 1648 2761; x_wconf 79' lang='lat' dir='ltr'><strong>ergo</strong></span> <span class='ocrx_word' id='word_1_332' title='bbox 1671 2691 1883 2746; x_wconf 88' lang='lat' dir='ltr'><strong>etiamsi</strong></span> 
     </span>
    </p>
   </div>
   <div class='ocr_carea' id='block_1_44' title="bbox 309 2778 1879 2851">
    <p class='ocr_par' dir='ltr' id='par_1_44' title="bbox 309 2778 1879 2851">
     <span class='ocr_line' id='line_1_44' title="bbox 309 2778 1879 2851; baseline -0.001 -14"><span class='ocrx_word' id='word_1_333' title='bbox 309 2779 505 2838; x_wconf 82' lang='lat' dir='ltr'><strong>beatus</strong></span> <span class='ocrx_word' id='word_1_334' title='bbox 539 2781 730 2836; x_wconf 79' lang='lat' dir='ltr'><strong>Petrus</strong></span> <span class='ocrx_word' id='word_1_335' title='bbox 762 2781 1008 2835; x_wconf 80' lang='lat' dir='ltr'><strong>divinum</strong></span> <span class='ocrx_word' id='word_1_336' title='bbox 1035 2778 1270 2835; x_wconf 79' lang='lat' dir='ltr'><strong>Verbum</strong></span> <span class='ocrx_word' id='word_1_337' title='bbox 1307 2781 1433 2836; x_wconf 76' lang='lat' dir='ltr'><strong>[iliis</strong></span> <span class='ocrx_word' id='word_1_338' title='bbox 1464 2781 1631 2836; x_wconf 84' lang='lat' dir='ltr'><strong>Israel</strong></span> <span class='ocrx_word' id='word_1_339' title='bbox 1668 2797 1762 2851; x_wconf 90' lang='lat' dir='ltr'><strong>per</strong></span> <span class='ocrx_word' id='word_1_340' title='bbox 1792 2780 1879 2835; x_wconf 81' lang='lat' dir='ltr'><strong>Je-</strong></span> 
     </span>
    </p>
   </div>
   <div class='ocr_carea' id='block_1_45' title="bbox 309 2870 1884 2938">
    <p class='ocr_par' dir='ltr' id='par_1_45' title="bbox 309 2870 1884 2938">
     <span class='ocr_line' id='line_1_45' title="bbox 309 2870 1884 2938; baseline -0.001 -10"><span class='ocrx_word' id='word_1_341' title='bbox 309 2886 434 2928; x_wconf 83' lang='lat' dir='ltr'><strong>sum</strong></span> <span class='ocrx_word' id='word_1_342' title='bbox 463 2871 742 2926; x_wconf 86' lang='lat' dir='ltr'><strong>Christum</strong></span> <span class='ocrx_word' id='word_1_343' title='bbox 769 2871 1006 2925; x_wconf 90' lang='lat' dir='ltr'><strong>missum</strong></span> <span class='ocrx_word' id='word_1_344' title='bbox 1033 2885 1154 2926; x_wconf 90' lang='lat' dir='ltr'><strong>esse</strong></span> <span class='ocrx_word' id='word_1_345' title='bbox 1192 2870 1358 2938; x_wconf 89' lang='lat' dir='ltr'><strong>dicat,</strong></span> <span class='ocrx_word' id='word_1_346' title='bbox 1385 2888 1494 2927; x_wconf 89' lang='lat' dir='ltr'><strong>non</strong></span> <span class='ocrx_word' id='word_1_347' title='bbox 1525 2872 1730 2928; x_wconf 87' lang='lat' dir='ltr'><strong>idcirco</strong></span> <span class='ocrx_word' id='word_1_348' title='bbox 1768 2873 1884 2928; x_wconf 79' lang='lat' dir='ltr'><strong>exi-</strong></span> 
     </span>
    </p>
   </div>
   <div class='ocr_carea' id='block_1_46' title="bbox 309 2959 1884 3021">
    <p class='ocr_par' dir='ltr' id='par_1_46' title="bbox 309 2959 1884 3021">
     <span class='ocr_line' id='line_1_46' title="bbox 309 2959 1884 3021; baseline 0.001 -3"><span class='ocrx_word' id='word_1_349' title='bbox 309 2963 643 3018; x_wconf 84' lang='lat' dir='ltr'><strong>stimandum</strong></span> <span class='ocrx_word' id='word_1_350' title='bbox 685 2969 769 3016; x_wconf 88' lang='lat' dir='ltr'><strong>est</strong></span> <span class='ocrx_word' id='word_1_351' title='bbox 818 2961 967 3016; x_wconf 82' lang='lat' dir='ltr'><strong>aliud</strong></span> <span class='ocrx_word' id='word_1_352' title='bbox 1011 2977 1134 3017; x_wconf 87' lang='lat' dir='ltr'><strong>esse</strong></span> <span class='ocrx_word' id='word_1_353' title='bbox 1179 2959 1411 3017; x_wconf 80' lang='lat' dir='ltr'><strong>Verbum</strong></span> <span class='ocrx_word' id='word_1_354' title='bbox 1457 2973 1512 3019; x_wconf 90' lang='lat' dir='ltr'><strong>et</strong></span> <span class='ocrx_word' id='word_1_355' title='bbox 1553 2965 1721 3019; x_wconf 90' lang='lat' dir='ltr'><strong>alium</strong></span> <span class='ocrx_word' id='word_1_356' title='bbox 1762 2978 1884 3021; x_wconf 86' lang='lat' dir='ltr'><strong>esse</strong></span> 
     </span>
    </p>
   </div>
   <div class='ocr_carea' id='block_1_47' title="bbox 306 3052 1950 3147">
    <p class='ocr_par' dir='ltr' id='par_1_47' title="bbox 306 3052 1950 3147">
     <span class='ocr_line' id='line_1_47' title="bbox 306 3052 1950 3147; baseline 0 -38"><span class='ocrx_word' id='word_1_357' title='bbox 306 3053 628 3120; x_wconf 85' lang='lat' dir='ltr'><strong>Christum,</strong></span> <span class='ocrx_word' id='word_1_358' title='bbox 683 3052 782 3108; x_wconf 86' lang='lat' dir='ltr'><strong>sed</strong></span> <span class='ocrx_word' id='word_1_359' title='bbox 825 3067 996 3147; x_wconf 83' lang='lat' dir='ltr'><strong>unum</strong></span> <span class='ocrx_word' id='word_1_360' title='bbox 1045 3055 1408 3122; x_wconf 89' lang='lat' dir='ltr'><strong>eumdemque</strong></span> <span class='ocrx_word' id='word_1_361' title='bbox 1455 3069 1616 3120; x_wconf 87' lang='lat' dir='ltr'><strong>esse,</strong></span> <span class='ocrx_word' id='word_1_362' title='bbox 1657 3064 1879 3124; x_wconf 84' lang='lat' dir='ltr'><strong>pmpter</strong></span> <span class='ocrx_word' id='word_1_363' title='bbox 1905 3087 1950 3147; x_wconf 60' lang='grc' dir='ltr'><em>ς</em></span> 
     </span>
    </p>
   </div>
   <div class='ocr_carea' id='block_1_48' title="bbox 308 3145 1876 3216">
    <p class='ocr_par' dir='ltr' id='par_1_48' title="bbox 308 3145 1876 3216">
     <span class='ocr_line' id='line_1_48' title="bbox 308 3145 1876 3216; baseline -0.001 -13"><span class='ocrx_word' id='word_1_364' title='bbox 308 3161 467 3203; x_wconf 85' lang='lat' dir='ltr'><strong>suam</strong></span> <span class='ocrx_word' id='word_1_365' title='bbox 513 3160 710 3215; x_wconf 84' lang='lat' dir='ltr'><strong>nempe</strong></span> <span class='ocrx_word' id='word_1_366' title='bbox 755 3160 880 3199; x_wconf 90' lang='lat' dir='ltr'><strong>cum</strong></span> <span class='ocrx_word' id='word_1_367' title='bbox 931 3145 1169 3201; x_wconf 86' lang='lat' dir='ltr'><strong>humana</strong></span> <span class='ocrx_word' id='word_1_368' title='bbox 1215 3154 1429 3211; x_wconf 85' lang='lat' dir='ltr'><strong>natura,</strong></span> <span class='ocrx_word' id='word_1_369' title='bbox 1485 3162 1648 3216; x_wconf 88' lang='lat' dir='ltr'><strong>quam</strong></span> <span class='ocrx_word' id='word_1_370' title='bbox 1695 3147 1876 3202; x_wconf 84' lang='lat' dir='ltr'><strong>divina</strong></span> 
     </span>
    </p>
   </div>
   <div class='ocr_carea' id='block_1_49' title="bbox 305 3237 1878 3310">
    <p class='ocr_par' dir='ltr' id='par_1_49' title="bbox 305 3237 1878 3310">
     <span class='ocr_line' id='line_1_49' title="bbox 305 3237 1878 3310; baseline -0.001 -16"><span class='ocrx_word' id='word_1_371' title='bbox 305 3239 470 3310; x_wconf 84' lang='lat' dir='ltr'><strong>plane</strong></span> <span class='ocrx_word' id='word_1_372' title='bbox 521 3237 855 3308; x_wconf 76' lang='lat' dir='ltr'><strong>benignitate</strong></span> <span class='ocrx_word' id='word_1_373' title='bbox 889 3247 945 3290; x_wconf 90' lang='lat' dir='ltr'><strong>et</strong></span> <span class='ocrx_word' id='word_1_374' title='bbox 989 3237 1272 3292; x_wconf 81' lang='lat' dir='ltr'><strong>clementia</strong></span> <span class='ocrx_word' id='word_1_375' title='bbox 1320 3238 1618 3306; x_wconf 88' lang='lat' dir='ltr'><strong>assumpsit</strong></span> <span class='ocrx_word' id='word_1_376' title='bbox 1649 3239 1878 3309; x_wconf 78' lang='lat' dir='ltr'><strong>conjun~</strong></span> 
     </span>
    </p>
   </div>
   <div class='ocr_carea' id='block_1_50' title="bbox 305 3323 1878 3396">
    <p class='ocr_par' dir='ltr' id='par_1_50' title="bbox 305 3323 1878 3396">
     <span class='ocr_line' id='line_1_50' title="bbox 305 3323 1878 3396; baseline 0.001 -15"><span class='ocrx_word' id='word_1_377' title='bbox 305 3329 586 3381; x_wconf 83' lang='lat' dir='ltr'><strong>etionem:</strong></span> <span class='ocrx_word' id='word_1_378' title='bbox 627 3327 721 3396; x_wconf 81' lang='lat' dir='ltr'><strong>qui</strong></span> <span class='ocrx_word' id='word_1_379' title='bbox 769 3325 818 3380; x_wconf 83' lang='lat' dir='ltr'><strong>si</strong></span> <span class='ocrx_word' id='word_1_380' title='bbox 848 3323 1010 3378; x_wconf 90' lang='lat' dir='ltr'><strong>etiam</strong></span> <span class='ocrx_word' id='word_1_381' title='bbox 1043 3325 1329 3395; x_wconf 90' lang='lat' dir='ltr'><strong>dupliciter</strong></span> <span class='ocrx_word' id='word_1_382' title='bbox 1373 3327 1724 3396; x_wconf 81' lang='lat' dir='ltr'><strong>intelligatur,</strong></span> <span class='ocrx_word' id='word_1_383' title='bbox 1768 3344 1878 3383; x_wconf 91' lang='lat' dir='ltr'><strong>non</strong></span> 
     </span>
    </p>
   </div>
   <div class='ocr_carea' id='block_1_51' title="bbox 301 3414 1879 3486">
    <p class='ocr_par' dir='ltr' id='par_1_51' title="bbox 301 3414 1879 3486">
     <span class='ocr_line' id='line_1_51' title="bbox 301 3414 1879 3486; baseline 0.001 -14"><span class='ocrx_word' id='word_1_384' title='bbox 301 3417 384 3472; x_wconf 76' lang='lat' dir='ltr'><strong>ita</strong></span> <span class='ocrx_word' id='word_1_385' title='bbox 414 3427 598 3471; x_wconf 85' lang='lat' dir='ltr'><strong>tamen</strong></span> <span class='ocrx_word' id='word_1_386' title='bbox 628 3427 687 3470; x_wconf 86' lang='lat' dir='ltr'><strong>ut</strong></span> <span class='ocrx_word' id='word_1_387' title='bbox 716 3414 956 3471; x_wconf 84' lang='lat' dir='ltr'><strong>Verbum</strong></span> <span class='ocrx_word' id='word_1_388' title='bbox 987 3427 1299 3486; x_wconf 88' lang='lat' dir='ltr'><strong>separatum</strong></span> <span class='ocrx_word' id='word_1_389' title='bbox 1327 3418 1686 3486; x_wconf 85' lang='lat' dir='ltr'><strong>concipiatur,</strong></span> <span class='ocrx_word' id='word_1_390' title='bbox 1719 3419 1879 3474; x_wconf 86' lang='lat' dir='ltr'><strong>sicuti</strong></span> 
     </span>
    </p>
   </div>
   <div class='ocr_carea' id='block_1_52' title="bbox 301 3506 1880 3579">
    <p class='ocr_par' dir='ltr' id='par_1_52' title="bbox 301 3506 1880 3579">
     <span class='ocr_line' id='line_1_52' title="bbox 301 3506 1880 3579; baseline 0 -15"><span class='ocrx_word' id='word_1_391' title='bbox 301 3510 468 3564; x_wconf 83' lang='lat' dir='ltr'><strong>&#39;docet</strong></span> <span class='ocrx_word' id='word_1_392' title='bbox 491 3509 712 3564; x_wconf 84' lang='lat' dir='ltr'><strong>divinus</strong></span> <span class='ocrx_word' id='word_1_393' title='bbox 735 3506 974 3562; x_wconf 82' lang='lat' dir='ltr'><strong>Joannes</strong></span> <span class='ocrx_word' id='word_1_394' title='bbox 1002 3523 1126 3562; x_wconf 92' lang='lat' dir='ltr'><strong>cum</strong></span> <span class='ocrx_word' id='word_1_395' title='bbox 1153 3510 1248 3570; x_wconf 85' lang='lat' dir='ltr'><strong>ait,</strong></span> <span class='ocrx_word' id='word_1_396' title='bbox 1276 3507 1342 3562; x_wconf 88' lang='lat' dir='ltr'><strong>Et</strong></span> <span class='ocrx_word' id='word_1_397' title='bbox 1383 3507 1608 3563; x_wconf 81' lang='lat' dir='ltr'><strong>Verbum</strong></span> <span class='ocrx_word' id='word_1_398' title='bbox 1640 3526 1763 3563; x_wconf 89' lang='lat' dir='ltr'><strong>caro</strong></span> <span class='ocrx_word' id='word_1_399' title='bbox 1795 3510 1880 3579; x_wconf 78' lang='lat' dir='ltr'><strong>fa-</strong></span> 
     </span>
    </p>
   </div>
   <div class='ocr_carea' id='block_1_53' title="bbox 307 3596 1882 3671">
    <p class='ocr_par' dir='ltr' id='par_1_53' title="bbox 307 3596 1882 3671">
     <span class='ocr_line' id='line_1_53' title="bbox 307 3596 1882 3671; baseline 0.001 -18"><span class='ocrx_word' id='word_1_400' title='bbox 307 3611 452 3654; x_wconf 79' lang='lat' dir='ltr'><strong>ctum</strong></span> <span class='ocrx_word' id='word_1_401' title='bbox 477 3605 576 3664; x_wconf 69' lang='lat' dir='ltr'><strong>est,</strong></span> <span class='ocrx_word' id='word_1_402' title='bbox 608 3606 657 3650; x_wconf 85' lang='lat' dir='ltr'><strong>et</strong></span> <span class='ocrx_word' id='word_1_403' title='bbox 686 3596 1022 3657; x_wconf 70' lang='lat' dir='ltr'><strong>habitavitin</strong></span> <span class='ocrx_word' id='word_1_404' title='bbox 1054 3599 1202 3652; x_wconf 87' lang='lat' dir='ltr'><strong>nobis</strong></span> <span class='ocrx_word' id='word_1_405' title='bbox 1229 3599 1295 3652; x_wconf 71' lang='grc'><strong>³⁸.</strong></span> <span class='ocrx_word' id='word_1_406' title='bbox 1330 3600 1517 3670; x_wconf 86' lang='lat' dir='ltr'><strong>Itaque</strong></span> <span class='ocrx_word' id='word_1_407' title='bbox 1544 3603 1882 3671; x_wconf 89' lang='lat' dir='ltr'><strong>quandoqui-</strong></span> 
     </span>
    </p>
   </div>
   <div class='ocr_carea' id='block_1_54' title="bbox 308 3689 1882 3761">
    <p class='ocr_par' dir='ltr' id='par_1_54' title="bbox 308 3689 1882 3761">
     <span class='ocr_line' id='line_1_54' title="bbox 308 3689 1882 3761; baseline -0.001 -12"><span class='ocrx_word' id='word_1_408' title='bbox 308 3693 433 3749; x_wconf 88' lang='lat' dir='ltr'><strong>dem</strong></span> <span class='ocrx_word' id='word_1_409' title='bbox 476 3692 553 3756; x_wconf 89' lang='lat' dir='ltr'><strong>id,</strong></span> <span class='ocrx_word' id='word_1_410' title='bbox 590 3689 734 3761; x_wconf 91' lang='lat' dir='ltr'><strong>quod</strong></span> <span class='ocrx_word' id='word_1_411' title='bbox 755 3690 1019 3760; x_wconf 66' lang='lat' dir='ltr'><strong>praeclare</strong></span> <span class='ocrx_word' id='word_1_412' title='bbox 1061 3705 1126 3746; x_wconf 89' lang='lat' dir='ltr'><strong>ac</strong></span> <span class='ocrx_word' id='word_1_413' title='bbox 1163 3699 1310 3746; x_wconf 85' lang='lat' dir='ltr'><strong>recte</strong></span> <span class='ocrx_word' id='word_1_414' title='bbox 1354 3705 1384 3744; x_wconf 70' lang='grc' dir='ltr'>ι</span> <span class='ocrx_word' id='word_1_415' title='bbox 1425 3691 1583 3747; x_wconf 89' lang='lat' dir='ltr'><strong>beato</strong></span> <span class='ocrx_word' id='word_1_416' title='bbox 1613 3691 1772 3748; x_wconf 89' lang='lat' dir='ltr'><strong>Petro</strong></span> <span class='ocrx_word' id='word_1_417' title='bbox 1798 3695 1882 3748; x_wconf 89' lang='lat' dir='ltr'><strong>di-</strong></span> 
     </span>
    </p>
   </div>
   <div class='ocr_carea' id='block_1_55' title="bbox 309 3782 1879 3854">
    <p class='ocr_par' dir='ltr' id='par_1_55' title="bbox 309 3782 1879 3854">
     <span class='ocr_line' id='line_1_55' title="bbox 309 3782 1879 3854; baseline 0.002 -15"><span class='ocrx_word' id='word_1_418' title='bbox 309 3794 454 3840; x_wconf 91' lang='lat' dir='ltr'><strong>ctum</strong></span> <span class='ocrx_word' id='word_1_419' title='bbox 483 3791 588 3850; x_wconf 81' lang='lat' dir='ltr'><strong>est,</strong></span> <span class='ocrx_word' id='word_1_420' title='bbox 611 3782 753 3836; x_wconf 79' lang='lat' dir='ltr'><strong>male</strong></span> <span class='ocrx_word' id='word_1_421' title='bbox 777 3796 844 3836; x_wconf 87' lang='lat' dir='ltr'><strong>ac</strong></span> <span class='ocrx_word' id='word_1_422' title='bbox 871 3797 1124 3852; x_wconf 84' lang='lat' dir='ltr'><strong>perverse</strong></span> <span class='ocrx_word' id='word_1_423' title='bbox 1147 3782 1455 3854; x_wconf 78' lang='lat' dir='ltr'><strong>intelligunt</strong></span> <span class='ocrx_word' id='word_1_424' title='bbox 1480 3783 1879 3842; x_wconf 85' lang='lat' dir='ltr'><strong>Samosatensis</strong></span> 
     </span>
    </p>
   </div>
   <div class='ocr_carea' id='block_1_56' title="bbox 307 3873 1882 3945">
    <p class='ocr_par' dir='ltr' id='par_1_56' title="bbox 307 3873 1882 3945">
     <span class='ocr_line' id='line_1_56' title="bbox 307 3873 1882 3945; baseline 0.002 -16"><span class='ocrx_word' id='word_1_425' title='bbox 307 3875 582 3944; x_wconf 85' lang='lat' dir='ltr'><strong>discipuli.</strong></span> <span class='ocrx_word' id='word_1_426' title='bbox 615 3880 765 3945; x_wconf 87' lang='lat' dir='ltr'><strong>patet</strong></span> <span class='ocrx_word' id='word_1_427' title='bbox 792 3874 914 3928; x_wconf 90' lang='lat' dir='ltr'><strong>illos</strong></span> <span class='ocrx_word' id='word_1_428' title='bbox 949 3873 1002 3927; x_wconf 88' lang='lat' dir='ltr'><strong>in</strong></span> <span class='ocrx_word' id='word_1_429' title='bbox 1035 3873 1261 3929; x_wconf 83' lang='lat' dir='ltr'><strong>veritate</strong></span> <span class='ocrx_word' id='word_1_430' title='bbox 1293 3889 1402 3928; x_wconf 88' lang='lat' dir='ltr'><strong>non</strong></span> <span class='ocrx_word' id='word_1_431' title='bbox 1446 3884 1596 3930; x_wconf 88' lang='lat' dir='ltr'><strong>stare</strong></span> <span class='ocrx_word' id='word_1_432' title='bbox 1616 3877 1683 3931; x_wconf 84' lang='grc'><strong>³⁸.</strong></span> <span class='ocrx_word' id='word_1_433' title='bbox 1715 3876 1882 3932; x_wconf 86' lang='lat' dir='ltr'><strong>Nam-</strong></span> 
     </span>
    </p>
   </div>
   <div class='ocr_carea' id='block_1_57' title="bbox 307 3964 1880 4036">
    <p class='ocr_par' dir='ltr' id='par_1_57' title="bbox 307 3964 1880 4036">
     <span class='ocr_line' id='line_1_57' title="bbox 307 3964 1880 4036; baseline 0.001 -16"><span class='ocrx_word' id='word_1_434' title='bbox 307 3982 415 4036; x_wconf 87' lang='lat' dir='ltr'><strong>que</strong></span> <span class='ocrx_word' id='word_1_435' title='bbox 440 3965 694 4020; x_wconf 82' lang='lat' dir='ltr'><strong>Christus</strong></span> <span class='ocrx_word' id='word_1_436' title='bbox 731 3965 784 4018; x_wconf 90' lang='lat' dir='ltr'><strong>in</strong></span> <span class='ocrx_word' id='word_1_437' title='bbox 812 3964 1092 4034; x_wconf 86' lang='lat' dir='ltr'><strong>Scriptura</strong></span> <span class='ocrx_word' id='word_1_438' title='bbox 1129 3979 1284 4019; x_wconf 89' lang='lat' dir='ltr'><strong>sacra</strong></span> <span class='ocrx_word' id='word_1_439' title='bbox 1332 3973 1624 4036; x_wconf 89' lang='lat' dir='ltr'><strong>utrumque</strong></span> <span class='ocrx_word' id='word_1_440' title='bbox 1655 3983 1777 4023; x_wconf 88' lang='lat' dir='ltr'><strong>esse</strong></span> <span class='ocrx_word' id='word_1_441' title='bbox 1805 3969 1880 4024; x_wconf 92' lang='lat' dir='ltr'><strong>si-</strong></span> 
     </span>
    </p>
   </div>
   <div class='ocr_carea' id='block_1_58' title="bbox 307 4053 1877 4128">
    <p class='ocr_par' dir='ltr' id='par_1_58' title="bbox 307 4053 1877 4128">
     <span class='ocr_line' id='line_1_58' title="bbox 307 4053 1877 4128; baseline 0 -16"><span class='ocrx_word' id='word_1_442' title='bbox 307 4056 616 4128; x_wconf 67' lang='lat' dir='ltr'><strong>gniﬁcatur,</strong></span> <span class='ocrx_word' id='word_1_443' title='bbox 651 4065 713 4111; x_wconf 90' lang='lat' dir='ltr'><strong>ut</strong></span> <span class='ocrx_word' id='word_1_444' title='bbox 750 4071 874 4111; x_wconf 93' lang='lat' dir='ltr'><strong>cum</strong></span> <span class='ocrx_word' id='word_1_445' title='bbox 925 4056 1145 4122; x_wconf 86' lang='lat' dir='ltr'><strong>dicitur,</strong></span> <span class='ocrx_word' id='word_1_446' title='bbox 1182 4053 1426 4108; x_wconf 80' lang='lat' dir='ltr'><strong>Christus</strong></span> <span class='ocrx_word' id='word_1_447' title='bbox 1474 4055 1566 4112; x_wconf 89' lang='lat' dir='ltr'><strong>Dei</strong></span> <span class='ocrx_word' id='word_1_448' title='bbox 1618 4058 1784 4111; x_wconf 85' lang='lat' dir='ltr'><strong>virtus</strong></span> <span class='ocrx_word' id='word_1_449' title='bbox 1828 4069 1877 4112; x_wconf 88' lang='lat' dir='ltr'><strong>et</strong></span> 
     </span>
    </p>
   </div>
   <div class='ocr_carea' id='block_1_59' title="bbox 307 4143 1876 4217">
    <p class='ocr_par' dir='ltr' id='par_1_59' title="bbox 307 4143 1876 4217">
     <span class='ocr_line' id='line_1_59' title="bbox 307 4143 1876 4217; baseline 0.003 -17"><span class='ocrx_word' id='word_1_450' title='bbox 307 4146 407 4202; x_wconf 79' lang='lat' dir='ltr'><strong>Dei</strong></span> <span class='ocrx_word' id='word_1_451' title='bbox 443 4147 706 4217; x_wconf 88' lang='lat' dir='ltr'><strong>sapientia</strong></span> <span class='ocrx_word' id='word_1_452' title='bbox 728 4145 796 4199; x_wconf 81' lang='lat'><strong>“.</strong></span> <span class='ocrx_word' id='word_1_453' title='bbox 826 4145 1092 4212; x_wconf 87' lang='lat' dir='ltr'><strong>Quocirca</strong></span> <span class='ocrx_word' id='word_1_454' title='bbox 1131 4160 1256 4200; x_wconf 91' lang='lat' dir='ltr'><strong>cum</strong></span> <span class='ocrx_word' id='word_1_455' title='bbox 1298 4143 1493 4204; x_wconf 90' lang='lat' dir='ltr'><strong>Petrus</strong></span> <span class='ocrx_word' id='word_1_456' title='bbox 1536 4148 1612 4202; x_wconf 90' lang='lat' dir='ltr'><strong>ait</strong></span> <span class='ocrx_word' id='word_1_457' title='bbox 1645 4147 1876 4204; x_wconf 86' lang='lat' dir='ltr'><strong>Verbum</strong></span> 
     </span>
    </p>
   </div>
   <div class='ocr_carea' id='block_1_60' title="bbox 301 4235 1876 4310">
    <p class='ocr_par' dir='ltr' id='par_1_60' title="bbox 301 4235 1876 4310">
     <span class='ocr_line' id='line_1_60' title="bbox 301 4235 1876 4310; baseline 0.002 -17"><span class='ocrx_word' id='word_1_458' title='bbox 301 4253 404 4310; x_wconf 76' lang='lat' dir='ltr'><strong>per</strong></span> <span class='ocrx_word' id='word_1_459' title='bbox 429 4235 617 4294; x_wconf 68' lang='lat' dir='ltr'><strong>Iesum</strong></span> <span class='ocrx_word' id='word_1_460' title='bbox 649 4237 928 4294; x_wconf 86' lang='lat' dir='ltr'><strong>Christum</strong></span> <span class='ocrx_word' id='word_1_461' title='bbox 957 4238 1186 4292; x_wconf 90' lang='lat' dir='ltr'><strong>missum</strong></span> <span class='ocrx_word' id='word_1_462' title='bbox 1225 4253 1348 4294; x_wconf 88' lang='lat' dir='ltr'><strong>esse</strong></span> <span class='ocrx_word' id='word_1_463' title='bbox 1388 4237 1458 4294; x_wconf 90' lang='lat' dir='ltr'><strong>ad</strong></span> <span class='ocrx_word' id='word_1_464' title='bbox 1502 4239 1643 4297; x_wconf 82' lang='lat' dir='ltr'><strong>ﬁlios</strong></span> <span class='ocrx_word' id='word_1_465' title='bbox 1688 4239 1876 4310; x_wconf 78' lang='lat' dir='ltr'><strong>Israel,</strong></span> 
     </span>
    </p>
   </div>
   <div class='ocr_carea' id='block_1_61' title="bbox 306 4328 1874 4401">
    <p class='ocr_par' dir='ltr' id='par_1_61' title="bbox 306 4328 1874 4401">
     <span class='ocr_line' id='line_1_61' title="bbox 306 4328 1874 4401; baseline 0.004 -17"><span class='ocrx_word' id='word_1_466' title='bbox 306 4330 414 4386; x_wconf 88' lang='lat' dir='ltr'><strong>hoc</strong></span> <span class='ocrx_word' id='word_1_467' title='bbox 456 4331 693 4385; x_wconf 90' lang='lat' dir='ltr'><strong>indicare</strong></span> <span class='ocrx_word' id='word_1_468' title='bbox 734 4329 1088 4398; x_wconf 79' lang='lat' dir='ltr'><strong>intelligatur,</strong></span> <span class='ocrx_word' id='word_1_469' title='bbox 1140 4345 1333 4401; x_wconf 89' lang='lat' dir='ltr'><strong>nempe</strong></span> <span class='ocrx_word' id='word_1_470' title='bbox 1373 4328 1610 4386; x_wconf 80' lang='lat' dir='ltr'><strong>Verbum</strong></span> <span class='ocrx_word' id='word_1_471' title='bbox 1657 4348 1874 4390; x_wconf 87' lang='lat' dir='ltr'><strong>carnem</strong></span> 
     </span>
    </p>
   </div>
   <div class='ocr_carea' id='block_1_62' title="bbox 1989 1867 3559 1942">
    <p class='ocr_par' dir='ltr' id='par_1_62' title="bbox 1989 1867 3559 1942">
     <span class='ocr_line' id='line_1_62' title="bbox 1989 1867 3559 1942; baseline -0.003 -18"><span class='ocrx_word' id='word_1_472' title='bbox 1989 1887 2090 1934; x_wconf 84' lang='grc' dir='ltr'><strong>πος</strong></span> <span class='ocrx_word' id='word_1_473' title='bbox 2117 1871 2404 1942; x_wconf 86' lang='grc' dir='ltr'>γενόμενος</span> <span class='ocrx_word' id='word_1_474' title='bbox 2435 1870 2666 1942; x_wconf 74' lang='grc' dir='ltr'><strong>κηρύξῃ.</strong></span> <span class='ocrx_word' id='word_1_475' title='bbox 2712 1869 2928 1932; x_wconf 82' lang='grc' dir='ltr'><strong>Εὐθέως</strong></span> <span class='ocrx_word' id='word_1_476' title='bbox 2973 1867 3103 1936; x_wconf 90' lang='grc' dir='ltr'>γοῦν</span> <span class='ocrx_word' id='word_1_477' title='bbox 3147 1867 3259 1938; x_wconf 83' lang='grc'>(15)</span> <span class='ocrx_word' id='word_1_478' title='bbox 3305 1868 3559 1938; x_wconf 47' lang='lat' dir='ltr'><strong>Errant;</strong></span> 
     </span>
    </p>
   </div>
   <div class='ocr_carea' id='block_1_63' title="bbox 1982 1957 3562 2031">
    <p class='ocr_par' dir='ltr' id='par_1_63' title="bbox 1982 1957 3562 2031">
     <span class='ocr_line' id='line_1_63' title="bbox 1982 1957 3562 2031; baseline -0.003 -17"><span class='ocrx_word' id='word_1_479' title='bbox 1982 1958 2172 2030; x_wconf 87' lang='grc' dir='ltr'>Οὗτός</span> <span class='ocrx_word' id='word_1_480' title='bbox 2209 1963 2339 2016; x_wconf 83' lang='grc' dir='ltr'>ἐστι</span> <span class='ocrx_word' id='word_1_481' title='bbox 2364 1961 2604 2018; x_wconf 77' lang='grc' dir='ltr'>πάντων</span> <span class='ocrx_word' id='word_1_482' title='bbox 2639 1963 2854 2030; x_wconf 85' lang='grc' dir='ltr'>Κύριος</span> <span class='ocrx_word' id='word_1_483' title='bbox 2887 1978 2901 1992; x_wconf 78' lang='grc'><strong><em>⁸</em></strong></span> <span class='ocrx_word' id='word_1_484' title='bbox 2941 1959 3144 2031; x_wconf 76' lang='grc' dir='ltr'>Κύριος</span> <span class='ocrx_word' id='word_1_485' title='bbox 3176 1959 3234 2014; x_wconf 87' lang='grc' dir='ltr'><strong>δὲ</strong></span> <span class='ocrx_word' id='word_1_486' title='bbox 3275 1959 3495 2013; x_wconf 78' lang='grc' dir='ltr'>πάντων</span> <span class='ocrx_word' id='word_1_487' title='bbox 3531 1957 3562 2008; x_wconf 90' lang='lat'><strong>6</strong></span> 
     </span>
    </p>
   </div>
   <div class='ocr_carea' id='block_1_64' title="bbox 1986 2051 2327 2120">
    <p class='ocr_par' dir='ltr' id='par_1_64' title="bbox 1986 2051 2327 2120">
     <span class='ocr_line' id='line_1_64' title="bbox 1986 2051 2327 2120; baseline -0.009 -12"><span class='ocrx_word' id='word_1_488' title='bbox 1986 2051 2158 2120; x_wconf 82' lang='grc' dir='ltr'>Λόγος</span> <span class='ocrx_word' id='word_1_489' title='bbox 2190 2052 2327 2106; x_wconf 85' lang='grc' dir='ltr'>ὲστί.</span> 
     </span>
    </p>
   </div>
   <div class='ocr_carea' id='block_1_65' title="bbox 2059 2137 3558 2213">
    <p class='ocr_par' dir='ltr' id='par_1_65' title="bbox 2059 2137 3558 2213">
     <span class='ocr_line' id='line_1_65' title="bbox 2059 2137 3558 2213; baseline -0.003 -15"><span class='ocrx_word' id='word_1_490' title='bbox 2059 2144 2150 2198; x_wconf 78' lang='grc'><strong>51.</strong></span> <span class='ocrx_word' id='word_1_491' title='bbox 2201 2145 2310 2198; x_wconf 73' lang='grc' dir='ltr'><strong>Καὶ</strong></span> <span class='ocrx_word' id='word_1_492' title='bbox 2345 2139 2464 2197; x_wconf 81' lang='grc' dir='ltr'>εἷπε</span> <span class='ocrx_word' id='word_1_493' title='bbox 2512 2142 2716 2213; x_wconf 79' lang='grc' dir='ltr'>Μωσῆς</span> <span class='ocrx_word' id='word_1_494' title='bbox 2770 2140 2904 2212; x_wconf 77' lang='grc' dir='ltr'>πρὸς</span> <span class='ocrx_word' id='word_1_495' title='bbox 2957 2137 3198 2210; x_wconf 63' lang='grc' dir='ltr'>Ἀαρῶνα</span> <span class='ocrx_word' id='word_1_496' title='bbox 3250 2139 3558 2207; x_wconf 70' lang='grc' dir='ltr'>Πρόσελθε</span> 
     </span>
    </p>
   </div>
   <div class='ocr_carea' id='block_1_66' title="bbox 1985 2228 3559 2303">
    <p class='ocr_par' dir='ltr' id='par_1_66' title="bbox 1985 2228 3559 2303">
     <span class='ocr_line' id='line_1_66' title="bbox 1985 2228 3559 2303; baseline -0.003 -17"><span class='ocrx_word' id='word_1_497' title='bbox 1985 2235 2138 2303; x_wconf 77' lang='grc' dir='ltr'>πρὸς</span> <span class='ocrx_word' id='word_1_498' title='bbox 2175 2233 2241 2288; x_wconf 86' lang='grc' dir='ltr'>τὸ</span> <span class='ocrx_word' id='word_1_499' title='bbox 2278 2233 2732 2301; x_wconf 77' lang='grc' dir='ltr'><strong>θυσιαστήριον,</strong></span> <span class='ocrx_word' id='word_1_500' title='bbox 2759 2231 2856 2285; x_wconf 78' lang='grc' dir='ltr'><strong>καὶ</strong></span> <span class='ocrx_word' id='word_1_501' title='bbox 2895 2231 3157 2299; x_wconf 80' lang='grc' dir='ltr'>ποίησον</span> <span class='ocrx_word' id='word_1_502' title='bbox 3193 2228 3262 2284; x_wconf 86' lang='grc' dir='ltr'>τὸ</span> <span class='ocrx_word' id='word_1_503' title='bbox 3281 2229 3417 2297; x_wconf 76' lang='grc' dir='ltr'>περὶ</span> <span class='ocrx_word' id='word_1_504' title='bbox 3444 2228 3559 2299; x_wconf 82' lang='grc' dir='ltr'>τῆς</span> 
     </span>
    </p>
   </div>
   <div class='ocr_carea' id='block_1_67' title="bbox 1984 2319 3559 2395">
    <p class='ocr_par' dir='ltr' id='par_1_67' title="bbox 1984 2319 3559 2395">
     <span class='ocr_line' id='line_1_67' title="bbox 1984 2319 3559 2395; baseline -0.002 -18"><span class='ocrx_word' id='word_1_505' title='bbox 1984 2326 2274 2395; x_wconf 74' lang='grc' dir='ltr'>ἁμαρτίας</span> <span class='ocrx_word' id='word_1_506' title='bbox 2300 2340 2439 2390; x_wconf 89' lang='grc' dir='ltr'>σου,</span> <span class='ocrx_word' id='word_1_507' title='bbox 2480 2327 2576 2379; x_wconf 80' lang='grc' dir='ltr'><strong>καὶ</strong></span> <span class='ocrx_word' id='word_1_508' title='bbox 2609 2325 2672 2377; x_wconf 89' lang='grc' dir='ltr'>τὸ</span> <span class='ocrx_word' id='word_1_509' title='bbox 2703 2323 3092 2392; x_wconf 79' lang='grc' dir='ltr'>όλοκαύτωμά</span> <span class='ocrx_word' id='word_1_510' title='bbox 3132 2338 3269 2386; x_wconf 89' lang='grc' dir='ltr'>σου,</span> <span class='ocrx_word' id='word_1_511' title='bbox 3299 2321 3397 2375; x_wconf 71' lang='grc' dir='ltr'><strong>καὶ</strong></span> <span class='ocrx_word' id='word_1_512' title='bbox 3433 2319 3559 2386; x_wconf 80' lang='grc' dir='ltr'><strong>ἐξι-</strong></span> 
     </span>
    </p>
   </div>
   <div class='ocr_carea' id='block_1_68' title="bbox 1983 2412 3558 2488">
    <p class='ocr_par' dir='ltr' id='par_1_68' title="bbox 1983 2412 3558 2488">
     <span class='ocr_line' id='line_1_68' title="bbox 1983 2412 3558 2488; baseline -0.003 -17"><span class='ocrx_word' id='word_1_513' title='bbox 1983 2421 2170 2471; x_wconf 73' lang='grc' dir='ltr'>λασαι</span> <span class='ocrx_word' id='word_1_514' title='bbox 2203 2417 2313 2488; x_wconf 88' lang='grc'>(16)</span> <span class='ocrx_word' id='word_1_515' title='bbox 2344 2417 2477 2486; x_wconf 78' lang='grc' dir='ltr'>περὶ</span> <span class='ocrx_word' id='word_1_516' title='bbox 2501 2415 2764 2471; x_wconf 82' lang='grc' dir='ltr'>σεαυτοῦ</span> <span class='ocrx_word' id='word_1_517' title='bbox 2787 2417 2884 2469; x_wconf 77' lang='grc' dir='ltr'><strong>καὶ</strong></span> <span class='ocrx_word' id='word_1_518' title='bbox 2921 2415 3028 2468; x_wconf 86' lang='grc' dir='ltr'><strong>τοῦ</strong></span> <span class='ocrx_word' id='word_1_519' title='bbox 3057 2415 3226 2469; x_wconf 78' lang='grc' dir='ltr'>οἷκον</span> <span class='ocrx_word' id='word_1_520' title='bbox 3263 2428 3400 2476; x_wconf 90' lang='grc' dir='ltr'>σου,</span> <span class='ocrx_word' id='word_1_521' title='bbox 3453 2412 3558 2467; x_wconf 72' lang='grc' dir='ltr'><strong>καὶ</strong></span> 
     </span>
    </p>
   </div>
   <div class='ocr_carea' id='block_1_69' title="bbox 1985 2503 3558 2576">
    <p class='ocr_par' dir='ltr' id='par_1_69' title="bbox 1985 2503 3558 2576">
     <span class='ocr_line' id='line_1_69' title="bbox 1985 2503 3558 2576; baseline -0.002 -16"><span class='ocrx_word' id='word_1_522' title='bbox 1985 2508 2243 2576; x_wconf 76' lang='grc' dir='ltr'>ποίησον</span> <span class='ocrx_word' id='word_1_523' title='bbox 2264 2509 2335 2561; x_wconf 87' lang='grc' dir='ltr'>τὰ</span> <span class='ocrx_word' id='word_1_524' title='bbox 2365 2507 2522 2575; x_wconf 81' lang='grc' dir='ltr'>δῶρα</span> <span class='ocrx_word' id='word_1_525' title='bbox 2547 2506 2652 2560; x_wconf 91' lang='grc' dir='ltr'><strong>τοῦ</strong></span> <span class='ocrx_word' id='word_1_526' title='bbox 2682 2505 2858 2570; x_wconf 78' lang='grc' dir='ltr'>λαοῦ,</span> <span class='ocrx_word' id='word_1_527' title='bbox 2879 2505 2977 2559; x_wconf 80' lang='grc' dir='ltr'><strong>καὶ</strong></span> <span class='ocrx_word' id='word_1_528' title='bbox 2997 2505 3276 2568; x_wconf 76' lang='grc' dir='ltr'>ἐξίλασαι</span> <span class='ocrx_word' id='word_1_529' title='bbox 3294 2503 3405 2575; x_wconf 83' lang='grc'>(17)</span> <span class='ocrx_word' id='word_1_530' title='bbox 3420 2503 3558 2574; x_wconf 71' lang='grc' dir='ltr'>περὶ</span> 
     </span>
    </p>
   </div>
   <div class='ocr_carea' id='block_1_70' title="bbox 1983 2595 3557 2670">
    <p class='ocr_par' dir='ltr' id='par_1_70' title="bbox 1983 2595 3557 2670">
     <span class='ocr_line' id='line_1_70' title="bbox 1983 2595 3557 2670; baseline -0.001 -17"><span class='ocrx_word' id='word_1_531' title='bbox 1983 2598 2184 2653; x_wconf 78' lang='grc' dir='ltr'>αὐτῶν</span> <span class='ocrx_word' id='word_1_532' title='bbox 2209 2640 2225 2664; x_wconf 92' lang='grc'><strong>,</strong></span> <span class='ocrx_word' id='word_1_533' title='bbox 2264 2599 2526 2670; x_wconf 77' lang='grc' dir='ltr'>καθάπερ</span> <span class='ocrx_word' id='word_1_534' title='bbox 2576 2600 2911 2653; x_wconf 71' lang='grc' dir='ltr'>ἐνετείλατο</span> <span class='ocrx_word' id='word_1_535' title='bbox 2951 2598 3163 2666; x_wconf 85' lang='grc' dir='ltr'>Κύριος</span> <span class='ocrx_word' id='word_1_536' title='bbox 3207 2595 3288 2662; x_wconf 81' lang='grc' dir='ltr'>τῷ</span> <span class='ocrx_word' id='word_1_537' title='bbox 3331 2595 3557 2652; x_wconf 81' lang='grc' dir='ltr'>Μωσεῖ.</span> 
     </span>
    </p>
   </div>
   <div class='ocr_carea' id='block_1_71' title="bbox 1998 2688 3560 2762">
    <p class='ocr_par' dir='ltr' id='par_1_71' title="bbox 1998 2688 3560 2762">
     <span class='ocr_line' id='line_1_71' title="bbox 1998 2688 3560 2762; baseline -0.002 -18"><span class='ocrx_word' id='word_1_538' title='bbox 1998 2691 2128 2746; x_wconf 82' lang='grc' dir='ltr'>Ἰδοὺ</span> <span class='ocrx_word' id='word_1_539' title='bbox 2161 2691 2338 2745; x_wconf 86' lang='grc' dir='ltr'>τοίνυν</span> <span class='ocrx_word' id='word_1_540' title='bbox 2379 2690 2634 2755; x_wconf 73' lang='grc' dir='ltr'>ἐνταῦθα,</span> <span class='ocrx_word' id='word_1_541' title='bbox 2679 2691 2882 2762; x_wconf 84' lang='grc' dir='ltr'>καίπερ</span> <span class='ocrx_word' id='word_1_542' title='bbox 2927 2691 3042 2754; x_wconf 82' lang='grc' dir='ltr'>ἐνὸς</span> <span class='ocrx_word' id='word_1_543' title='bbox 3083 2690 3236 2753; x_wconf 78' lang='grc' dir='ltr'>ΰντος</span> <span class='ocrx_word' id='word_1_544' title='bbox 3286 2688 3380 2742; x_wconf 88' lang='grc' dir='ltr'><strong>τοῦ</strong></span> <span class='ocrx_word' id='word_1_545' title='bbox 3427 2689 3560 2742; x_wconf 83' lang='grc' dir='ltr'><strong>Μω-</strong></span> 
     </span>
    </p>
   </div>
   <div class='ocr_carea' id='block_1_72' title="bbox 1985 2779 3558 2854">
    <p class='ocr_par' dir='ltr' id='par_1_72' title="bbox 1985 2779 3558 2854">
     <span class='ocr_line' id='line_1_72' title="bbox 1985 2779 3558 2854; baseline 0 -18"><span class='ocrx_word' id='word_1_546' title='bbox 1985 2782 2145 2848; x_wconf 85' lang='grc' dir='ltr'>σέως,</span> <span class='ocrx_word' id='word_1_547' title='bbox 2177 2781 2252 2846; x_wconf 82' lang='grc' dir='ltr'>ὡς</span> <span class='ocrx_word' id='word_1_548' title='bbox 2281 2783 2408 2853; x_wconf 66' lang='grc' dir='ltr'><strong>οπερ)⁵</strong></span> <span class='ocrx_word' id='word_1_549' title='bbox 2434 2783 2619 2854; x_wconf 78' lang='grc' dir='ltr'>ἐτέρου</span> <span class='ocrx_word' id='word_1_550' title='bbox 2655 2781 2900 2846; x_wconf 81' lang='grc' dir='ltr'><strong>Μωσέως</strong></span> <span class='ocrx_word' id='word_1_551' title='bbox 2935 2781 3096 2844; x_wconf 80' lang='grc' dir='ltr'>αὐτὸς</span> <span class='ocrx_word' id='word_1_552' title='bbox 3136 2781 3342 2851; x_wconf 82' lang='grc' dir='ltr'>Μωσῆς</span> <span class='ocrx_word' id='word_1_553' title='bbox 3380 2779 3558 2848; x_wconf 75' lang='grc' dir='ltr'>λέγων</span> 
     </span>
    </p>
   </div>
   <div class='ocr_carea' id='block_1_73' title="bbox 1983 2871 3554 2943">
    <p class='ocr_par' dir='ltr' id='par_1_73' title="bbox 1983 2871 3554 2943">
     <span class='ocr_line' id='line_1_73' title="bbox 1983 2871 3554 2943; baseline -0.002 -15"><span class='ocrx_word' id='word_1_554' title='bbox 1983 2877 2100 2929; x_wconf 76' lang='grc' dir='ltr'>ἐστὶ</span> <span class='ocrx_word' id='word_1_555' title='bbox 2127 2915 2143 2940; x_wconf 92' lang='grc'><strong>,</strong></span> <span class='ocrx_word' id='word_1_556' title='bbox 2203 2875 2480 2943; x_wconf 80' lang='grc' dir='ltr'><strong>Καθάπερ</strong></span> <span class='ocrx_word' id='word_1_557' title='bbox 2533 2875 2873 2929; x_wconf 79' lang='grc' dir='ltr'>ἐνετείλατο</span> <span class='ocrx_word' id='word_1_558' title='bbox 2933 2875 3152 2943; x_wconf 83' lang='grc' dir='ltr'>Κύριος</span> <span class='ocrx_word' id='word_1_559' title='bbox 3205 2871 3285 2938; x_wconf 87' lang='grc' dir='ltr'>τῷ</span> <span class='ocrx_word' id='word_1_560' title='bbox 3329 2872 3554 2928; x_wconf 77' lang='grc' dir='ltr'><strong>Μωσεῖ.</strong></span> 
     </span>
    </p>
   </div>
   <div class='ocr_carea' id='block_1_74' title="bbox 1983 2961 3560 3036">
    <p class='ocr_par' dir='ltr' id='par_1_74' title="bbox 1983 2961 3560 3036">
     <span class='ocr_line' id='line_1_74' title="bbox 1983 2961 3560 3036; baseline -0.003 -15"><span class='ocrx_word' id='word_1_561' title='bbox 1983 2967 2138 3022; x_wconf 77' lang='grc' dir='ltr'>Οὕτω</span> <span class='ocrx_word' id='word_1_562' title='bbox 2177 2966 2354 3020; x_wconf 82' lang='grc' dir='ltr'>τοίνυν</span> <span class='ocrx_word' id='word_1_563' title='bbox 2404 2967 2499 3020; x_wconf 79' lang='grc' dir='ltr'><strong>καὶ</strong></span> <span class='ocrx_word' id='word_1_564' title='bbox 2539 2965 2669 3034; x_wconf 76' lang='grc' dir='ltr'>περὶ</span> <span class='ocrx_word' id='word_1_565' title='bbox 2702 2965 2794 3019; x_wconf 91' lang='grc' dir='ltr'><strong>τοῦ</strong></span> <span class='ocrx_word' id='word_1_566' title='bbox 2837 2964 2982 3018; x_wconf 84' lang='grc' dir='ltr'>θείου</span> <span class='ocrx_word' id='word_1_567' title='bbox 3029 2964 3238 3033; x_wconf 81' lang='grc' dir='ltr'>Λόγου,</span> <span class='ocrx_word' id='word_1_568' title='bbox 3279 2961 3375 3016; x_wconf 78' lang='grc' dir='ltr'>ἐὰν</span> <span class='ocrx_word' id='word_1_569' title='bbox 3421 2961 3560 3036; x_wconf 77' lang='grc' dir='ltr'>λέγῃ</span> 
     </span>
    </p>
   </div>
   <div class='ocr_carea' id='block_1_75' title="bbox 1981 3055 3558 3130">
    <p class='ocr_par' dir='ltr' id='par_1_75' title="bbox 1981 3055 3558 3130">
     <span class='ocr_line' id='line_1_75' title="bbox 1981 3055 3558 3130; baseline -0.003 -19"><span class='ocrx_word' id='word_1_570' title='bbox 1981 3059 2010 3111; x_wconf 92' lang='lat'><strong>6</strong></span> <span class='ocrx_word' id='word_1_571' title='bbox 2054 3059 2326 3130; x_wconf 78' lang='grc' dir='ltr'>μακάριος</span> <span class='ocrx_word' id='word_1_572' title='bbox 2377 3057 2488 3128; x_wconf 87' lang='grc'>(18)</span> <span class='ocrx_word' id='word_1_573' title='bbox 2522 3057 2760 3126; x_wconf 84' lang='grc' dir='ltr'>Πέτρος,</span> <span class='ocrx_word' id='word_1_574' title='bbox 2814 3055 3207 3118; x_wconf 84' lang='grc' dir='ltr'>ἀποσταλέντος</span> <span class='ocrx_word' id='word_1_575' title='bbox 3253 3055 3367 3118; x_wconf 85' lang='grc' dir='ltr'>τοῖς</span> <span class='ocrx_word' id='word_1_576' title='bbox 3420 3055 3558 3115; x_wconf 81' lang='grc' dir='ltr'>υἱοῖς</span> 
     </span>
    </p>
   </div>
   <div class='ocr_carea' id='block_1_76' title="bbox 1997 3145 3557 3223">
    <p class='ocr_par' dir='ltr' id='par_1_76' title="bbox 1997 3145 3557 3223">
     <span class='ocr_line' id='line_1_76' title="bbox 1997 3145 3557 3223; baseline -0.003 -20"><span class='ocrx_word' id='word_1_577' title='bbox 1997 3149 2209 3223; x_wconf 79' lang='grc' dir='ltr'>Ἰσραὴλ</span> <span class='ocrx_word' id='word_1_578' title='bbox 2227 3149 2316 3202; x_wconf 86' lang='grc' dir='ltr'><strong>διὰ</strong></span> <span class='ocrx_word' id='word_1_579' title='bbox 2342 3147 2512 3220; x_wconf 82' lang='grc' dir='ltr'>Ἰησοῦ</span> <span class='ocrx_word' id='word_1_580' title='bbox 2534 3147 2788 3218; x_wconf 70' lang='grc' dir='ltr'>Χριστοῦ,</span> <span class='ocrx_word' id='word_1_581' title='bbox 2805 3147 2867 3200; x_wconf 84' lang='grc' dir='ltr'>οὐ</span> <span class='ocrx_word' id='word_1_582' title='bbox 2887 3148 2992 3218; x_wconf 80' lang='grc' dir='ltr'>χρὴ</span> <span class='ocrx_word' id='word_1_583' title='bbox 3009 3147 3193 3217; x_wconf 78' lang='grc' dir='ltr'>ἓτερον</span> <span class='ocrx_word' id='word_1_584' title='bbox 3225 3146 3324 3217; x_wconf 82' lang='grc' dir='ltr'><strong>μὲν</strong></span> <span class='ocrx_word' id='word_1_585' title='bbox 3345 3145 3436 3198; x_wconf 82' lang='grc' dir='ltr'>τὸν</span> <span class='ocrx_word' id='word_1_586' title='bbox 3450 3145 3557 3199; x_wconf 90' lang='grc' dir='ltr'>Λό-</span> 
     </span>
    </p>
   </div>
   <div class='ocr_carea' id='block_1_77' title="bbox 1984 3236 3557 3312">
    <p class='ocr_par' dir='ltr' id='par_1_77' title="bbox 1984 3236 3557 3312">
     <span class='ocr_line' id='line_1_77' title="bbox 1984 3236 3557 3312; baseline -0.002 -19"><span class='ocrx_word' id='word_1_587' title='bbox 1984 3259 2097 3310; x_wconf 89' lang='grc' dir='ltr'>γον,</span> <span class='ocrx_word' id='word_1_588' title='bbox 2134 3241 2318 3312; x_wconf 72' lang='grc' dir='ltr'>ἕτερον</span> <span class='ocrx_word' id='word_1_589' title='bbox 2349 3241 2405 3293; x_wconf 82' lang='grc' dir='ltr'><strong>δὲ</strong></span> <span class='ocrx_word' id='word_1_590' title='bbox 2437 3239 2668 3312; x_wconf 76' lang='grc' dir='ltr'>Χριστὸν</span> <span class='ocrx_word' id='word_1_591' title='bbox 2710 3242 2885 3303; x_wconf 84' lang='grc' dir='ltr'>νοεῖν,</span> <span class='ocrx_word' id='word_1_592' title='bbox 2921 3238 3034 3292; x_wconf 86' lang='grc' dir='ltr'>ἀλλ’</span> <span class='ocrx_word' id='word_1_593' title='bbox 3063 3239 3157 3290; x_wconf 72' lang='grc' dir='ltr'>ἕνα</span> <span class='ocrx_word' id='word_1_594' title='bbox 3197 3237 3291 3292; x_wconf 73' lang='grc' dir='ltr'><strong>καὶ</strong></span> <span class='ocrx_word' id='word_1_595' title='bbox 3325 3236 3418 3290; x_wconf 83' lang='grc' dir='ltr'>τὸν</span> <span class='ocrx_word' id='word_1_596' title='bbox 3452 3236 3557 3290; x_wconf 85' lang='grc' dir='ltr'><strong>αὐ-</strong></span> 
     </span>
    </p>
   </div>
   <div class='ocr_carea' id='block_1_78' title="bbox 1983 3326 3561 3402">
    <p class='ocr_par' dir='ltr' id='par_1_78' title="bbox 1983 3326 3561 3402">
     <span class='ocr_line' id='line_1_78' title="bbox 1983 3326 3561 3402; baseline -0.003 -18"><span class='ocrx_word' id='word_1_597' title='bbox 1983 3333 2074 3385; x_wconf 86' lang='grc' dir='ltr'>τὸν</span> <span class='ocrx_word' id='word_1_598' title='bbox 2116 3332 2204 3386; x_wconf 81' lang='grc' dir='ltr'>διὰ</span> <span class='ocrx_word' id='word_1_599' title='bbox 2255 3331 2354 3402; x_wconf 76' lang='grc' dir='ltr'>τὴν</span> <span class='ocrx_word' id='word_1_600' title='bbox 2393 3332 2586 3384; x_wconf 78' lang='grc' dir='ltr'>ἕνωσιν</span> <span class='ocrx_word' id='word_1_601' title='bbox 2614 3331 2712 3400; x_wconf 83' lang='grc' dir='ltr'>τὴν</span> <span class='ocrx_word' id='word_1_602' title='bbox 2756 3331 2893 3401; x_wconf 81' lang='grc' dir='ltr'>πρὸς</span> <span class='ocrx_word' id='word_1_603' title='bbox 2924 3331 3024 3401; x_wconf 81' lang='grc' dir='ltr'>τὴν</span> <span class='ocrx_word' id='word_1_604' title='bbox 3066 3329 3215 3382; x_wconf 76' lang='grc' dir='ltr'>θείαν</span> <span class='ocrx_word' id='word_1_605' title='bbox 3259 3327 3430 3382; x_wconf 83' lang='grc' dir='ltr'>αὐτοῦ</span> <span class='ocrx_word' id='word_1_606' title='bbox 3457 3326 3561 3381; x_wconf 81' lang='grc' dir='ltr'><strong>καὶ</strong></span> 
     </span>
    </p>
   </div>
   <div class='ocr_carea' id='block_1_79' title="bbox 1985 3419 3554 3495">
    <p class='ocr_par' dir='ltr' id='par_1_79' title="bbox 1985 3419 3554 3495">
     <span class='ocr_line' id='line_1_79' title="bbox 1985 3419 3554 3495; baseline -0.002 -19"><span class='ocrx_word' id='word_1_607' title='bbox 1985 3423 2360 3495; x_wconf 82' lang='grc' dir='ltr'>φιλάνθρωπον</span> <span class='ocrx_word' id='word_1_608' title='bbox 2404 3421 2809 3492; x_wconf 78' lang='grc' dir='ltr'>συγγατάϐασίν</span> <span class='ocrx_word' id='word_1_609' title='bbox 2857 3439 2919 3476; x_wconf 90' lang='grc' dir='ltr'><strong>τε</strong></span> <span class='ocrx_word' id='word_1_610' title='bbox 2966 3421 3061 3474; x_wconf 67' lang='grc' dir='ltr'><strong>καὶ¹</strong></span> <span class='ocrx_word' id='word_1_611' title='bbox 3119 3419 3554 3492; x_wconf 82' lang='grc' dir='ltr'>ὲνανθρώπησιν.</span> 
     </span>
    </p>
   </div>
   <div class='ocr_carea' id='block_1_80' title="bbox 1984 3513 3558 3584">
    <p class='ocr_par' dir='ltr' id='par_1_80' title="bbox 1984 3513 3558 3584">
     <span class='ocr_line' id='line_1_80' title="bbox 1984 3513 3558 3584; baseline -0.001 -16"><span class='ocrx_word' id='word_1_612' title='bbox 1984 3515 2048 3568; x_wconf 81' lang='lat' dir='ltr'><strong>Ei</strong></span> <span class='ocrx_word' id='word_1_613' title='bbox 2079 3515 2134 3567; x_wconf 85' lang='grc' dir='ltr'>δὲ</span> <span class='ocrx_word' id='word_1_614' title='bbox 2166 3515 2261 3568; x_wconf 70' lang='grc' dir='ltr'><strong>καὶ</strong></span> <span class='ocrx_word' id='word_1_615' title='bbox 2303 3517 2471 3567; x_wconf 82' lang='grc' dir='ltr'>νοοῖτο</span> <span class='ocrx_word' id='word_1_616' title='bbox 2515 3513 2712 3584; x_wconf 79' lang='grc' dir='ltr'>διχῶς,</span> <span class='ocrx_word' id='word_1_617' title='bbox 2747 3514 2863 3566; x_wconf 74' lang='grc' dir='ltr'>ἀλλ’</span> <span class='ocrx_word' id='word_1_618' title='bbox 2888 3514 2986 3583; x_wconf 79' lang='grc' dir='ltr'><strong>οὐχ</strong></span> <span class='ocrx_word' id='word_1_619' title='bbox 3014 3513 3090 3575; x_wconf 78' lang='grc' dir='ltr'>ὡς</span> <span class='ocrx_word' id='word_1_620' title='bbox 3133 3513 3226 3566; x_wconf 85' lang='grc' dir='ltr'><strong>τοῦ</strong></span> <span class='ocrx_word' id='word_1_621' title='bbox 3255 3513 3430 3581; x_wconf 86' lang='grc' dir='ltr'>Λόγου</span> <span class='ocrx_word' id='word_1_622' title='bbox 3461 3529 3558 3566; x_wconf 74' lang='grc' dir='ltr'><strong>κε-</strong></span> 
     </span>
    </p>
   </div>
   <div class='ocr_carea' id='block_1_81' title="bbox 1985 3602 3560 3676">
    <p class='ocr_par' dir='ltr' id='par_1_81' title="bbox 1985 3602 3560 3676">
     <span class='ocr_line' id='line_1_81' title="bbox 1985 3602 3560 3676; baseline -0.001 -18"><span class='ocrx_word' id='word_1_623' title='bbox 1985 3607 2319 3676; x_wconf 83' lang='grc' dir='ltr'>χωρισμένου</span> <span class='ocrx_word' id='word_1_624' title='bbox 2346 3644 2360 3667; x_wconf 94' lang='grc'><strong>,</strong></span> <span class='ocrx_word' id='word_1_625' title='bbox 2395 3603 2534 3659; x_wconf 75' lang='grc' dir='ltr'>κατὰ</span> <span class='ocrx_word' id='word_1_626' title='bbox 2570 3604 2659 3657; x_wconf 73' lang='grc' dir='ltr'>τὸν</span> <span class='ocrx_word' id='word_1_627' title='bbox 2694 3604 2978 3657; x_wconf 85' lang='grc' dir='ltr'>θεσπέσιον</span> <span class='ocrx_word' id='word_1_628' title='bbox 3023 3603 3273 3673; x_wconf 79' lang='grc' dir='ltr'>Ἰωάννην</span> <span class='ocrx_word' id='word_1_629' title='bbox 3303 3643 3318 3666; x_wconf 93' lang='grc'><strong>,</strong></span> <span class='ocrx_word' id='word_1_630' title='bbox 3361 3602 3470 3657; x_wconf 78' lang='lat' dir='ltr'><strong>Kal</strong></span> <span class='ocrx_word' id='word_1_631' title='bbox 3521 3603 3560 3656; x_wconf 76' lang='grc' dir='ltr'><em>ὁ</em></span> 
     </span>
    </p>
   </div>
   <div class='ocr_carea' id='block_1_82' title="bbox 1986 3694 3557 3767">
    <p class='ocr_par' dir='ltr' id='par_1_82' title="bbox 1986 3694 3557 3767">
     <span class='ocr_line' id='line_1_82' title="bbox 1986 3694 3557 3767; baseline -0.002 -16"><span class='ocrx_word' id='word_1_632' title='bbox 1986 3699 2172 3766; x_wconf 85' lang='grc' dir='ltr'>Λόγος</span> <span class='ocrx_word' id='word_1_633' title='bbox 2206 3697 2360 3764; x_wconf 79' lang='grc' dir='ltr'>σὰρξ</span> <span class='ocrx_word' id='word_1_634' title='bbox 2397 3697 2631 3766; x_wconf 80' lang='grc' dir='ltr'>ἐγένετο</span> <span class='ocrx_word' id='word_1_635' title='bbox 2661 3737 2674 3758; x_wconf 94' lang='grc'><strong>,</strong></span> <span class='ocrx_word' id='word_1_636' title='bbox 2715 3697 2974 3767; x_wconf 78' lang='grc' dir='ltr'><strong>εἰρηκότα</strong></span> <span class='ocrx_word' id='word_1_637' title='bbox 3002 3736 3016 3760; x_wconf 91' lang='grc'><strong>,</strong></span> <span class='ocrx_word' id='word_1_638' title='bbox 3066 3696 3163 3748; x_wconf 81' lang='grc' dir='ltr'><strong>καὶ</strong></span> <span class='ocrx_word' id='word_1_639' title='bbox 3199 3694 3557 3760; x_wconf 78' lang='grc' dir='ltr'><strong>ἐσκήνωσεν</strong></span> 
     </span>
    </p>
   </div>
   <div class='ocr_carea' id='block_1_83' title="bbox 1983 3785 3559 3859">
    <p class='ocr_par' dir='ltr' id='par_1_83' title="bbox 1983 3785 3559 3859">
     <span class='ocr_line' id='line_1_83' title="bbox 1983 3785 3559 3859; baseline -0.001 -17"><span class='ocrx_word' id='word_1_640' title='bbox 1983 3790 2052 3842; x_wconf 81' lang='grc' dir='ltr'>ἐν</span> <span class='ocrx_word' id='word_1_641' title='bbox 2079 3787 2240 3857; x_wconf 70' lang='grc' dir='ltr'>ἡμῖν.</span> <span class='ocrx_word' id='word_1_642' title='bbox 2270 3787 2341 3840; x_wconf 89' lang='grc' dir='ltr'>Τὸ</span> <span class='ocrx_word' id='word_1_643' title='bbox 2388 3787 2496 3857; x_wconf 79' lang='grc' dir='ltr'>ἄρα</span> <span class='ocrx_word' id='word_1_644' title='bbox 2535 3785 2713 3850; x_wconf 85' lang='grc' dir='ltr'>καλῶς</span> <span class='ocrx_word' id='word_1_645' title='bbox 2758 3786 2853 3840; x_wconf 79' lang='grc' dir='ltr'><strong>καὶ</strong></span> <span class='ocrx_word' id='word_1_646' title='bbox 2879 3785 3054 3859; x_wconf 86' lang='grc' dir='ltr'>ὀρθῶς</span> <span class='ocrx_word' id='word_1_647' title='bbox 3095 3786 3384 3859; x_wconf 83' lang='grc' dir='ltr'>εἰρημένον</span> <span class='ocrx_word' id='word_1_648' title='bbox 3417 3786 3559 3858; x_wconf 77' lang='grc' dir='ltr'>πρὸς</span> 
     </span>
    </p>
   </div>
   <div class='ocr_carea' id='block_1_84' title="bbox 1983 3868 3558 3951">
    <p class='ocr_par' dir='ltr' id='par_1_84' title="bbox 1983 3868 3558 3951">
     <span class='ocr_line' id='line_1_84' title="bbox 1983 3868 3558 3951; baseline -0.002 -17"><span class='ocrx_word' id='word_1_649' title='bbox 1983 3880 2077 3934; x_wconf 87' lang='grc' dir='ltr'><strong>τοῦ</strong></span> <span class='ocrx_word' id='word_1_650' title='bbox 2110 3868 2379 3951; x_wconf 74' lang='grc' dir='ltr'>μακαρίόυ</span> <span class='ocrx_word' id='word_1_651' title='bbox 2413 3880 2643 3950; x_wconf 82' lang='grc' dir='ltr'>Πέτρου,</span> <span class='ocrx_word' id='word_1_652' title='bbox 2679 3878 2865 3943; x_wconf 87' lang='grc' dir='ltr'>κακῶς</span> <span class='ocrx_word' id='word_1_653' title='bbox 2895 3878 2988 3931; x_wconf 77' lang='grc' dir='ltr'><strong>καὶ</strong></span> <span class='ocrx_word' id='word_1_654' title='bbox 3012 3878 3282 3950; x_wconf 77' lang='grc' dir='ltr'>στρεϐλῶς</span> <span class='ocrx_word' id='word_1_655' title='bbox 3310 3878 3558 3942; x_wconf 78' lang='grc' dir='ltr'>νοοῦντες</span> 
     </span>
    </p>
   </div>
   <div class='ocr_carea' id='block_1_85' title="bbox 1983 3969 3562 4043">
    <p class='ocr_par' dir='ltr' id='par_1_85' title="bbox 1983 3969 3562 4043">
     <span class='ocr_line' id='line_1_85' title="bbox 1983 3969 3562 4043; baseline -0.003 -17"><span class='ocrx_word' id='word_1_656' title='bbox 1983 3975 2032 4026; x_wconf 91' lang='grc' dir='ltr'><strong>οἱ</strong></span> <span class='ocrx_word' id='word_1_657' title='bbox 2077 3971 2171 4025; x_wconf 89' lang='grc' dir='ltr'><strong>τοῦ</strong></span> <span class='ocrx_word' id='word_1_658' title='bbox 2221 3971 2614 4042; x_wconf 85' lang='grc' dir='ltr'>Σαμοσατέως,</span> <span class='ocrx_word' id='word_1_659' title='bbox 2650 3972 2708 4024; x_wconf 80' lang='grc' dir='ltr'>ἐν</span> <span class='ocrx_word' id='word_1_660' title='bbox 2745 3974 2811 4043; x_wconf 79' lang='grc' dir='ltr'>τῇ</span> <span class='ocrx_word' id='word_1_661' title='bbox 2857 3969 3085 4040; x_wconf 70' lang='grc' dir='ltr'>ἀληθείᾳ</span> <span class='ocrx_word' id='word_1_662' title='bbox 3131 3969 3230 4041; x_wconf 79' lang='grc' dir='ltr'><strong>οὐχ</strong></span> <span class='ocrx_word' id='word_1_663' title='bbox 3285 3970 3562 4024; x_wconf 72' lang='grc' dir='ltr'>ἵστανται.-</span> 
     </span>
    </p>
   </div>
   <div class='ocr_carea' id='block_1_86' title="bbox 1982 4060 3558 4136">
    <p class='ocr_par' dir='ltr' id='par_1_86' title="bbox 1982 4060 3558 4136">
     <span class='ocr_line' id='line_1_86' title="bbox 1982 4060 3558 4136; baseline -0.003 -18"><span class='ocrx_word' id='word_1_664' title='bbox 1982 4063 2215 4136; x_wconf 79' lang='grc' dir='ltr'>Χριστὺς</span> <span class='ocrx_word' id='word_1_665' title='bbox 2243 4063 2352 4136; x_wconf 79' lang='grc' dir='ltr'><strong>γὰρ</strong></span> <span class='ocrx_word' id='word_1_666' title='bbox 2380 4063 2438 4117; x_wconf 78' lang='grc' dir='ltr'>τὸ</span> <span class='ocrx_word' id='word_1_667' title='bbox 2474 4063 2878 4134; x_wconf 82' lang='grc' dir='ltr'>συναμφότερον</span> <span class='ocrx_word' id='word_1_668' title='bbox 2907 4064 3106 4115; x_wconf 85' lang='grc' dir='ltr'>νοεῖται</span> <span class='ocrx_word' id='word_1_669' title='bbox 3141 4060 3290 4129; x_wconf 81' lang='grc' dir='ltr'>παρὰ</span> <span class='ocrx_word' id='word_1_670' title='bbox 3327 4063 3393 4132; x_wconf 77' lang='grc' dir='ltr'>τῇ</span> <span class='ocrx_word' id='word_1_671' title='bbox 3434 4061 3558 4132; x_wconf 73' lang='grc' dir='ltr'>θείᾳ</span> 
     </span>
    </p>
   </div>
   <div class='ocr_carea' id='block_1_87' title="bbox 1983 4151 3562 4230">
    <p class='ocr_par' dir='ltr' id='par_1_87' title="bbox 1983 4151 3562 4230">
     <span class='ocr_line' id='line_1_87' title="bbox 1983 4151 3562 4230; baseline -0.004 -19"><span class='ocrx_word' id='word_1_672' title='bbox 1983 4158 2171 4230; x_wconf 80' lang='grc' dir='ltr'>Γραφῇ</span> <span class='ocrx_word' id='word_1_673' title='bbox 2207 4157 2340 4228; x_wconf 91' lang='grc'>(19),</span> <span class='ocrx_word' id='word_1_674' title='bbox 2363 4156 2438 4221; x_wconf 83' lang='grc' dir='ltr'><strong>ὡς</strong></span> <span class='ocrx_word' id='word_1_675' title='bbox 2467 4157 2594 4210; x_wconf 87' lang='grc' dir='ltr'>ὅταν</span> <span class='ocrx_word' id='word_1_676' title='bbox 2625 4157 2780 4226; x_wconf 82' lang='grc' dir='ltr'>λέγῃ,</span> <span class='ocrx_word' id='word_1_677' title='bbox 2814 4153 3070 4222; x_wconf 84' lang='grc' dir='ltr'>Χριστὸς</span> <span class='ocrx_word' id='word_1_678' title='bbox 3102 4153 3251 4208; x_wconf 87' lang='grc' dir='ltr'>Θεοῦ</span> <span class='ocrx_word' id='word_1_679' title='bbox 3276 4151 3562 4222; x_wconf 77' lang='grc' dir='ltr'>δύναμις,-</span> 
     </span>
    </p>
   </div>
   <div class='ocr_carea' id='block_1_88' title="bbox 1983 4243 3559 4317">
    <p class='ocr_par' dir='ltr' id='par_1_88' title="bbox 1983 4243 3559 4317">
     <span class='ocr_line' id='line_1_88' title="bbox 1983 4243 3559 4317; baseline -0.003 -15"><span class='ocrx_word' id='word_1_680' title='bbox 1983 4249 2082 4302; x_wconf 71' lang='lat' dir='ltr'><strong>seat</strong></span> <span class='ocrx_word' id='word_1_681' title='bbox 2121 4248 2268 4302; x_wconf 87' lang='grc' dir='ltr'>Θεοῦ</span> <span class='ocrx_word' id='word_1_682' title='bbox 2291 4248 2495 4316; x_wconf 67' lang='grc' dir='ltr'>σοφία.</span> <span class='ocrx_word' id='word_1_683' title='bbox 2548 4248 2609 4300; x_wconf 82' lang='grc' dir='ltr'><strong>Εἰ</strong></span> <span class='ocrx_word' id='word_1_684' title='bbox 2629 4248 2805 4301; x_wconf 88' lang='grc' dir='ltr'>τοίνυν</span> <span class='ocrx_word' id='word_1_685' title='bbox 2837 4245 2983 4314; x_wconf 84' lang='grc' dir='ltr'>λέγει</span> <span class='ocrx_word' id='word_1_686' title='bbox 3007 4246 3036 4296; x_wconf 89' lang='lat'><strong>6</strong></span> <span class='ocrx_word' id='word_1_687' title='bbox 3066 4244 3272 4317; x_wconf 85' lang='grc' dir='ltr'>Πέτρος</span> <span class='ocrx_word' id='word_1_688' title='bbox 3313 4243 3428 4314; x_wconf 70' lang='lat'><strong>(20)</strong></span> <span class='ocrx_word' id='word_1_689' title='bbox 3464 4245 3559 4298; x_wconf 78' lang='grc' dir='ltr'><strong>τὸν</strong></span> 
     </span>
    </p>
   </div>
   <div class='ocr_carea' id='block_1_89' title="bbox 1981 4337 3558 4413">
    <p class='ocr_par' dir='ltr' id='par_1_89' title="bbox 1981 4337 3558 4413">
     <span class='ocr_line' id='line_1_89' title="bbox 1981 4337 3558 4413; baseline -0.002 -18"><span class='ocrx_word' id='word_1_690' title='bbox 1981 4342 2152 4410; x_wconf 87' lang='grc' dir='ltr'>Λόγον</span> <span class='ocrx_word' id='word_1_691' title='bbox 2207 4339 2296 4394; x_wconf 80' lang='grc' dir='ltr'><strong>διὰ</strong></span> <span class='ocrx_word' id='word_1_692' title='bbox 2363 4339 2536 4413; x_wconf 80' lang='grc' dir='ltr'>Ἰησοῦ</span> <span class='ocrx_word' id='word_1_693' title='bbox 2587 4338 2824 4412; x_wconf 86' lang='grc' dir='ltr'>Χριστοῦ</span> <span class='ocrx_word' id='word_1_694' title='bbox 2873 4337 3217 4394; x_wconf 81' lang='grc' dir='ltr'>ἀπεστάλθαι</span> <span class='ocrx_word' id='word_1_695' title='bbox 3256 4339 3371 4402; x_wconf 82' lang='grc' dir='ltr'>τοῖς</span> <span class='ocrx_word' id='word_1_696' title='bbox 3419 4339 3558 4402; x_wconf 77' lang='grc' dir='ltr'>υἱοῖς</span> 
     </span>
    </p>
   </div>
   <div class='ocr_carea' id='block_1_90' title="bbox 306 4419 1881 4504">
    <p class='ocr_par' dir='ltr' id='par_1_90' title="bbox 306 4419 1877 4490">
     <span class='ocr_line' id='line_1_90' title="bbox 306 4419 1877 4490; baseline 0.004 -15"><span class='ocrx_word' id='word_1_697' title='bbox 306 4421 512 4478; x_wconf 76' lang='lat' dir='ltr'><strong>factum</strong></span> <span class='ocrx_word' id='word_1_698' title='bbox 546 4421 672 4476; x_wconf 83' lang='lat' dir='ltr'><strong>ﬁliis</strong></span> <span class='ocrx_word' id='word_1_699' title='bbox 700 4419 866 4476; x_wconf 84' lang='lat' dir='ltr'><strong>Israel</strong></span> <span class='ocrx_word' id='word_1_700' title='bbox 894 4421 1236 4490; x_wconf 90' lang='lat' dir='ltr'><strong>apparuisse,</strong></span> <span class='ocrx_word' id='word_1_701' title='bbox 1272 4431 1333 4477; x_wconf 91' lang='lat' dir='ltr'><strong>ut</strong></span> <span class='ocrx_word' id='word_1_702' title='bbox 1368 4420 1566 4478; x_wconf 86' lang='lat' dir='ltr'><strong>Joanni</strong></span> <span class='ocrx_word' id='word_1_703' title='bbox 1614 4437 1877 4482; x_wconf 89' lang='lat' dir='ltr'><strong>consonet</strong></span> 
     </span>
    </p>
   </div>
   <div class='ocr_carea' id='block_1_91' title="bbox 1992 4419 3558 4504">
    <p class='ocr_par' dir='ltr' id='par_1_91' title="bbox 1994 4428 3558 4504">
     <span class='ocr_line' id='line_1_91' title="bbox 1994 4428 3558 4504; baseline -0.003 -17"><span class='ocrx_word' id='word_1_704' title='bbox 1994 4430 2230 4504; x_wconf 80' lang='grc' dir='ltr'>Ἰσραὴλ,</span> <span class='ocrx_word' id='word_1_705' title='bbox 2263 4431 2420 4485; x_wconf 88' lang='grc' dir='ltr'>τοῦτο</span> <span class='ocrx_word' id='word_1_706' title='bbox 2447 4433 2726 4503; x_wconf 87' lang='grc' dir='ltr'>σημαίνων</span> <span class='ocrx_word' id='word_1_707' title='bbox 2751 4429 2995 4494; x_wconf 82' lang='grc' dir='ltr'>νοείσθω,</span> <span class='ocrx_word' id='word_1_708' title='bbox 3025 4429 3116 4482; x_wconf 76' lang='grc' dir='ltr'>τὸν</span> <span class='ocrx_word' id='word_1_709' title='bbox 3141 4428 3312 4498; x_wconf 86' lang='grc' dir='ltr'>Λόγον</span> <span class='ocrx_word' id='word_1_710' title='bbox 3341 4445 3558 4500; x_wconf 80' lang='grc' dir='ltr'>σαρκω-</span> 
     </span>
    </p>
   </div>
   <div class='ocr_carea' id='block_1_92' title="bbox 305 4510 1874 4582">
    <p class='ocr_par' dir='ltr' id='par_1_92' title="bbox 305 4510 1874 4582">
     <span class='ocr_line' id='line_1_92' title="bbox 305 4510 1874 4582; baseline 0.005 -16"><span class='ocrx_word' id='word_1_711' title='bbox 305 4511 529 4578; x_wconf 81' lang='lat' dir='ltr'><strong>dicenti,</strong></span> <span class='ocrx_word' id='word_1_712' title='bbox 548 4511 619 4567; x_wconf 88' lang='lat' dir='ltr'><strong>Et</strong></span> <span class='ocrx_word' id='word_1_713' title='bbox 641 4510 864 4567; x_wconf 82' lang='lat' dir='ltr'><strong>Verbum</strong></span> <span class='ocrx_word' id='word_1_714' title='bbox 885 4529 1010 4566; x_wconf 90' lang='lat' dir='ltr'><strong>caro</strong></span> <span class='ocrx_word' id='word_1_715' title='bbox 1031 4511 1234 4582; x_wconf 79' lang='lat' dir='ltr'><strong>factum</strong></span> <span class='ocrx_word' id='word_1_716' title='bbox 1254 4524 1330 4567; x_wconf 86' lang='lat' dir='ltr'><strong>est</strong></span> <span class='ocrx_word' id='word_1_717' title='bbox 1348 4514 1414 4568; x_wconf 84' lang='lat'><strong>&quot;.</strong></span> <span class='ocrx_word' id='word_1_718' title='bbox 1431 4514 1488 4570; x_wconf 90' lang='lat' dir='ltr'><strong>Si</strong></span> <span class='ocrx_word' id='word_1_719' title='bbox 1503 4531 1644 4572; x_wconf 72' lang='lat' dir='ltr'><strong>~vero</strong></span> <span class='ocrx_word' id='word_1_720' title='bbox 1671 4517 1874 4574; x_wconf 92' lang='lat' dir='ltr'><strong>dictum</strong></span> 
     </span>
    </p>
   </div>
   <div class='ocr_carea' id='block_1_93' title="bbox 305 4603 1875 4678">
    <p class='ocr_par' dir='ltr' id='par_1_93' title="bbox 305 4603 1875 4678">
     <span class='ocr_line' id='line_1_93' title="bbox 305 4603 1875 4678; baseline 0.002 -18"><span class='ocrx_word' id='word_1_721' title='bbox 305 4605 440 4661; x_wconf 88' lang='lat' dir='ltr'><strong>illud</strong></span> <span class='ocrx_word' id='word_1_722' title='bbox 470 4605 625 4661; x_wconf 84' lang='lat' dir='ltr'><strong>aliter</strong></span> <span class='ocrx_word' id='word_1_723' title='bbox 651 4615 947 4675; x_wconf 81' lang='lat' dir='ltr'><strong>exponant,</strong></span> <span class='ocrx_word' id='word_1_724' title='bbox 978 4603 1326 4676; x_wconf 78' lang='lat' dir='ltr'><strong>Verbumque</strong></span> <span class='ocrx_word' id='word_1_725' title='bbox 1359 4606 1605 4663; x_wconf 78' lang='lat' dir='ltr'><strong>divinum</strong></span> <span class='ocrx_word' id='word_1_726' title='bbox 1627 4624 1770 4678; x_wconf 88' lang='lat' dir='ltr'><strong>esse,</strong></span> <span class='ocrx_word' id='word_1_727' title='bbox 1796 4610 1875 4664; x_wconf 94' lang='lat' dir='ltr'><strong>uti</strong></span> 
     </span>
    </p>
   </div>
   <div class='ocr_carea' id='block_1_94' title="bbox 373 4755 1386 4834">
    <p class='ocr_par' dir='ltr' id='par_1_94' title="bbox 373 4755 1386 4834">
     <span class='ocr_line' id='line_1_94' title="bbox 373 4755 1386 4834; baseline 0.001 -10"><span class='ocrx_word' id='word_1_728' title='bbox 373 4770 419 4804; x_wconf 84' lang='grc'><strong>³¹</strong></span> <span class='ocrx_word' id='word_1_729' title='bbox 458 4767 581 4825; x_wconf 72' lang='lat' dir='ltr'><strong>Act.</strong></span> <span class='ocrx_word' id='word_1_730' title='bbox 610 4785 665 4832; x_wconf 71' lang='grc' dir='ltr'>χ,</span> <span class='ocrx_word' id='word_1_731' title='bbox 692 4755 782 4822; x_wconf 80' lang='lat'><strong>&#39;56.</strong></span> <span class='ocrx_word' id='word_1_732' title='bbox 884 4765 929 4798; x_wconf 81' lang='lat'>&quot;</span> <span class='ocrx_word' id='word_1_733' title='bbox 967 4765 984 4818; x_wconf 91' lang='lat' dir='ltr'><strong>l</strong></span> <span class='ocrx_word' id='word_1_734' title='bbox 1019 4766 1144 4824; x_wconf 85' lang='lat' dir='ltr'><strong>Cor.</strong></span> <span class='ocrx_word' id='word_1_735' title='bbox 1179 4785 1220 4834; x_wconf 80' lang='grc' dir='ltr'>ι,</span> <span class='ocrx_word' id='word_1_736' title='bbox 1251 4768 1302 4834; x_wconf 89' lang='grc'>7,</span> <span class='ocrx_word' id='word_1_737' title='bbox 1330 4767 1386 4825; x_wconf 88' lang='grc'><strong>8.</strong></span> 
     </span>
    </p>
   </div>
   <div class='ocr_carea' id='block_1_95' title="bbox 306 4837 988 4910">
    <p class='ocr_par' dir='ltr' id='par_1_95' title="bbox 306 4837 988 4910">
     <span class='ocr_line' id='line_1_95' title="bbox 306 4837 988 4910; baseline -0.007 -15"><span class='ocrx_word' id='word_1_738' title='bbox 306 4855 350 4910; x_wconf 84' lang='grc' dir='ltr'><strong>ι,</strong></span> <span class='ocrx_word' id='word_1_739' title='bbox 378 4839 470 4898; x_wconf 67' lang='grc'><strong>24.</strong></span> <span class='ocrx_word' id='word_1_740' title='bbox 559 4840 602 4872; x_wconf 86' lang='grc'><strong>³’</strong></span> <span class='ocrx_word' id='word_1_741' title='bbox 640 4837 800 4894; x_wconf 83' lang='lat' dir='ltr'><strong>Joan.</strong></span> <span class='ocrx_word' id='word_1_742' title='bbox 834 4853 872 4904; x_wconf 85' lang='grc' dir='ltr'>ι,</span> <span class='ocrx_word' id='word_1_743' title='bbox 900 4837 988 4891; x_wconf 77' lang='grc'><strong>14.</strong></span> 
     </span>
    </p>
   </div>
   <div class='ocr_carea' id='block_1_96' title="bbox 401 4973 1714 5041">
    <p class='ocr_par' dir='ltr' id='par_1_96' title="bbox 401 4973 1714 5041">
     <span class='ocr_line' id='line_1_96' title="bbox 401 4973 1714 5041; baseline -0.005 -9"><span class='ocrx_word' id='word_1_744' title='bbox 401 4978 490 5041; x_wconf 70' lang='grc'>12)</span> <span class='ocrx_word' id='word_1_745' title='bbox 531 4976 622 5033; x_wconf 90' lang='lat' dir='ltr'><strong>Sic</strong></span> <span class='ocrx_word' id='word_1_746' title='bbox 656 4989 793 5031; x_wconf 84' lang='lat' dir='ltr'><strong>mss.</strong></span> <span class='ocrx_word' id='word_1_747' title='bbox 821 4975 892 5028; x_wconf 87' lang='lat' dir='ltr'><strong>At</strong></span> <span class='ocrx_word' id='word_1_748' title='bbox 919 4974 1073 5041; x_wconf 87' lang='lat' dir='ltr'><strong>editi,</strong></span> <span class='ocrx_word' id='word_1_749' title='bbox 1105 4973 1402 5034; x_wconf 79' lang='grc' dir='ltr'>ἀντιθεναι,</span> <span class='ocrx_word' id='word_1_750' title='bbox 1435 4976 1714 5028; x_wconf 87' lang='lat' dir='ltr'><strong>mendose.</strong></span> 
     </span>
    </p>
   </div>
   <div class='ocr_carea' id='block_1_97' title="bbox 398 5041 1871 5115">
    <p class='ocr_par' dir='ltr' id='par_1_97' title="bbox 398 5041 1871 5115">
     <span class='ocr_line' id='line_1_97' title="bbox 398 5041 1871 5115; baseline -0.001 -14"><span class='ocrx_word' id='word_1_751' title='bbox 398 5041 488 5115; x_wconf 77' lang='lat' dir='ltr'><strong>i3)</strong></span> <span class='ocrx_word' id='word_1_752' title='bbox 513 5045 593 5102; x_wconf 86' lang='lat' dir='ltr'><strong>Ita</strong></span> <span class='ocrx_word' id='word_1_753' title='bbox 622 5045 846 5115; x_wconf 74' lang='lat' dir='ltr'><strong>Regius,</strong></span> <span class='ocrx_word' id='word_1_754' title='bbox 879 5044 1106 5115; x_wconf 74' lang='lat' dir='ltr'><strong>Seguer.</strong></span> <span class='ocrx_word' id='word_1_755' title='bbox 1135 5051 1190 5100; x_wconf 89' lang='lat' dir='ltr'><strong>et</strong></span> <span class='ocrx_word' id='word_1_756' title='bbox 1219 5041 1523 5112; x_wconf 84' lang='lat' dir='ltr'><strong>Scriptura.</strong></span> <span class='ocrx_word' id='word_1_757' title='bbox 1548 5044 1656 5098; x_wconf 80' lang='lat' dir='ltr'><strong>Alii</strong></span> <span class='ocrx_word' id='word_1_758' title='bbox 1690 5051 1871 5099; x_wconf 87' lang='lat' dir='ltr'><strong>autem</strong></span> 
     </span>
    </p>
   </div>
   <div class='ocr_carea' id='block_1_98' title="bbox 301 5062 1578 5194">
    <p class='ocr_par' dir='ltr' id='par_1_98' title="bbox 301 5062 1578 5194">
     <span class='ocr_line' id='line_1_98' title="bbox 373 5062 1578 5170; baseline -0.002 -69"><span class='ocrx_word' id='word_1_759' title='bbox 373 5062 488 5120; x_wconf 70' lang='grc' dir='ltr'><strong>(ω)</strong></span> <span class='ocrx_word' id='word_1_760' title='bbox 513 5062 593 5102; x_wconf 83' lang='lat' dir='ltr'><strong>Ita</strong></span> <span class='ocrx_word' id='word_1_761' title='bbox 622 5062 846 5170; x_wconf 46' lang='lat' dir='ltr'><strong>uagus,</strong></span> <span class='ocrx_word' id='word_1_762' title='bbox 879 5062 1106 5115; x_wconf 74' lang='lat' dir='ltr'><strong>Seguer.</strong></span> <span class='ocrx_word' id='word_1_763' title='bbox 1135 5062 1190 5100; x_wconf 81' lang='lat' dir='ltr'><strong>et</strong></span> <span class='ocrx_word' id='word_1_764' title='bbox 1220 5062 1523 5112; x_wconf 71' lang='lat' dir='ltr'><strong>Scriptura.</strong></span> <span class='ocrx_word' id='word_1_765' title='bbox 1548 5062 1578 5098; x_wconf 72' lang='grc' dir='ltr'><strong>ε</strong></span> 
     </span>
     <span class='ocr_line' id='line_1_99' title="bbox 301 5116 1578 5194; baseline 0 0"><span class='ocrx_word' id='word_1_766' title='bbox 301 5119 670 5194; x_wconf 40' lang='lat' dir='ltr'><strong>“ﬁlia”?</strong></span> <span class='ocrx_word' id='word_1_767' title='bbox 768 5116 1004 5194; x_wconf 70' lang='grc' dir='ltr'><strong>κόξθςενοιο</strong></span> <span class='ocrx_word' id='word_1_768' title='bbox 1111 5181 1152 5194; x_wconf 82' lang='grc'><strong>..</strong></span> <span class='ocrx_word' id='word_1_769' title='bbox 1219 5182 1254 5194; x_wconf 92' lang='grc'><strong>..</strong></span> <span class='ocrx_word' id='word_1_770' title='bbox 1365 5190 1375 5194; x_wconf 78' lang='lat'><strong>-</strong></span> <span class='ocrx_word' id='word_1_771' title='bbox 1438 5181 1453 5194; x_wconf 89' lang='lat'><strong>.</strong></span> <span class='ocrx_word' id='word_1_772' title='bbox 1543 5181 1578 5194; x_wconf 89' lang='lat'><strong>..</strong></span> 
     </span>
    </p>
   </div>
   <div class='ocr_carea' id='block_1_99' title="bbox 377 5181 1869 5260">
    <p class='ocr_par' dir='ltr' id='par_1_99' title="bbox 377 5181 1869 5260">
     <span class='ocr_line' id='line_1_100' title="bbox 377 5181 1869 5260; baseline -0.006 -16"><span class='ocrx_word' id='word_1_773' title='bbox 377 5187 493 5260; x_wconf 75' lang='grc'>(14)</span> <span class='ocrx_word' id='word_1_774' title='bbox 524 5181 802 5260; x_wconf 66' lang='lat' dir='ltr'><strong>Regius,&quot;</strong></span> <span class='ocrx_word' id='word_1_775' title='bbox 837 5181 1276 5260; x_wconf 60' lang='lat' dir='ltr'><strong>Seguer.__1iasil.</strong></span> <span class='ocrx_word' id='word_1_776' title='bbox 1315 5190 1382 5260; x_wconf 59' lang='lat' dir='ltr'><strong>et</strong></span> <span class='ocrx_word' id='word_1_777' title='bbox 1422 5181 1869 5260; x_wconf 51' lang='grc' dir='ltr'>Λιιειὶε.Ααὺτός.</span> 
     </span>
    </p>
   </div>
   <div class='ocr_carea' id='block_1_100' title="bbox 302 5250 1870 5324">
    <p class='ocr_par' dir='ltr' id='par_1_100' title="bbox 302 5250 1870 5324">
     <span class='ocr_line' id='line_1_101' title="bbox 302 5250 1870 5324; baseline -0.003 -10"><span class='ocrx_word' id='word_1_778' title='bbox 302 5250 499 5314; x_wconf 65' lang='lat' dir='ltr'><strong>Ceteri</strong></span> <span class='ocrx_word' id='word_1_779' title='bbox 528 5266 582 5312; x_wconf 93' lang='lat' dir='ltr'><strong>et</strong></span> <span class='ocrx_word' id='word_1_780' title='bbox 613 5250 789 5318; x_wconf 66' lang='lat' dir='ltr'><strong>&#39;editi.</strong></span> <span class='ocrx_word' id='word_1_781' title='bbox 823 5250 1040 5320; x_wconf 81' lang='grc' dir='ltr'>αὑτόύς.</span> <span class='ocrx_word' id='word_1_782' title='bbox 1074 5252 1279 5308; x_wconf 82' lang='lat' dir='ltr'><strong>Ibidem</strong></span> <span class='ocrx_word' id='word_1_783' title='bbox 1311 5250 1599 5324; x_wconf 71' lang='lat' dir='ltr'><strong>Regius&#39;et</strong></span> <span class='ocrx_word' id='word_1_784' title='bbox 1643 5250 1870 5324; x_wconf 78' lang='lat' dir='ltr'><strong>Seguer.</strong></span> 
     </span>
    </p>
   </div>
   <div class='ocr_carea' id='block_1_101' title="bbox 304 5321 1602 5386">
    <p class='ocr_par' dir='ltr' id='par_1_101' title="bbox 304 5321 1602 5386">
     <span class='ocr_line' id='line_1_102' title="bbox 304 5321 1602 5386; baseline -0.006 -4"><span class='ocrx_word' id='word_1_785' title='bbox 304 5329 364 5382; x_wconf 73' lang='grc' dir='ltr'>ιν</span> <span class='ocrx_word' id='word_1_786' title='bbox 383 5331 452 5386; x_wconf 77' lang='grc' dir='ltr'>τῇ</span> <span class='ocrx_word' id='word_1_787' title='bbox 477 5327 694 5382; x_wconf 71' lang='grc' dir='ltr'>ἑαυτοῦ.</span> <span class='ocrx_word' id='word_1_788' title='bbox 728 5327 835 5381; x_wconf 80' lang='lat' dir='ltr'><strong>Alii</strong></span> <span class='ocrx_word' id='word_1_789' title='bbox 868 5341 993 5382; x_wconf 90' lang='lat' dir='ltr'><strong>cum</strong></span> <span class='ocrx_word' id='word_1_790' title='bbox 1022 5324 1205 5386; x_wconf 87' lang='lat' dir='ltr'><strong>editis,</strong></span> <span class='ocrx_word' id='word_1_791' title='bbox 1235 5324 1296 5376; x_wconf 71' lang='grc' dir='ltr'>ἰν</span> <span class='ocrx_word' id='word_1_792' title='bbox 1322 5321 1602 5386; x_wconf 28' lang='grc' dir='ltr'>τῇίαΰτοῦ.</span> 
     </span>
    </p>
   </div>
   <div class='ocr_carea' id='block_1_102' title="bbox 375 5325 1868 5479">
    <p class='ocr_par' dir='ltr' id='par_1_102' title="bbox 375 5325 1868 5479">
     <span class='ocr_line' id='line_1_103' title="bbox 424 5325 1812 5408; baseline -0.007 -25"><span class='ocrx_word' id='word_1_793' title='bbox 424 5381 436 5400; x_wconf 65' lang='grc'><em>,</em></span> <span class='ocrx_word' id='word_1_794' title='bbox 477 5327 694 5408; x_wconf 70' lang='grc' dir='ltr'>ἑαυτοῦ.</span> <span class='ocrx_word' id='word_1_795' title='bbox 728 5327 835 5381; x_wconf 79' lang='lat' dir='ltr'><strong>Alii</strong></span> <span class='ocrx_word' id='word_1_796' title='bbox 868 5341 993 5382; x_wconf 91' lang='lat' dir='ltr'><strong>cum</strong></span> <span class='ocrx_word' id='word_1_797' title='bbox 1022 5325 1205 5386; x_wconf 89' lang='lat' dir='ltr'><strong>editis,</strong></span> <span class='ocrx_word' id='word_1_798' title='bbox 1235 5325 1296 5376; x_wconf 71' lang='lat' dir='ltr'><strong>iv</strong></span> <span class='ocrx_word' id='word_1_799' title='bbox 1416 5325 1602 5404; x_wconf 62' lang='grc' dir='ltr'>αυτοῦ.</span> <span class='ocrx_word' id='word_1_800' title='bbox 1800 5393 1812 5405; x_wconf 38' lang='grc'><strong><em>⁸</em></strong></span> 
     </span>
     <span class='ocr_line' id='line_1_104' title="bbox 375 5325 1868 5479; baseline -0.003 -28"><span class='ocrx_word' id='word_1_801' title='bbox 529 5397 622 5479; x_wconf 76' lang='lat' dir='ltr'><strong>Sic</strong></span> <span class='ocrx_word' id='word_1_802' title='bbox 643 5394 849 5479; x_wconf 58' lang='lat' dir='ltr'><strong>iieglus</strong></span> <span class='ocrx_word' id='word_1_803' title='bbox 872 5395 1074 5460; x_wconf 81' lang='lat' dir='ltr'><strong>codex,</strong></span> <span class='ocrx_word' id='word_1_804' title='bbox 1103 5325 1531 5466; x_wconf 46' lang='lat' dir='ltr'><strong>Seguerfqiasd.</strong></span> <span class='ocrx_word' id='word_1_805' title='bbox 1568 5399 1624 5446; x_wconf 89' lang='lat' dir='ltr'><strong>et</strong></span> <span class='ocrx_word' id='word_1_806' title='bbox 1657 5390 1868 5464; x_wconf 79' lang='lat' dir='ltr'><strong>Anglic.</strong></span> 
     </span>
    </p>
   </div>
   <div class='ocr_carea' id='block_1_103' title="bbox 305 5463 1844 5535">
    <p class='ocr_par' dir='ltr' id='par_1_103' title="bbox 305 5463 1844 5535">
     <span class='ocr_line' id='line_1_105' title="bbox 305 5463 1844 5535; baseline 0.005 -14"><span class='ocrx_word' id='word_1_807' title='bbox 305 5463 492 5525; x_wconf 57' lang='lat' dir='ltr'><strong>At&#39;alii</strong></span> <span class='ocrx_word' id='word_1_808' title='bbox 521 5477 577 5522; x_wconf 89' lang='lat' dir='ltr'><strong>et</strong></span> <span class='ocrx_word' id='word_1_809' title='bbox 607 5463 759 5535; x_wconf 65' lang='lat' dir='ltr'><strong>editi,</strong></span> <span class='ocrx_word' id='word_1_810' title='bbox 789 5463 903 5521; x_wconf 77' lang='grc' dir='ltr'>οὖν.</span> <span class='ocrx_word' id='word_1_811' title='bbox 1107 5534 1110 5535; x_wconf 21' lang='grc' dir='ltr'><strong>ν</strong></span> <span class='ocrx_word' id='word_1_812' title='bbox 1315 5531 1342 5535; x_wconf 89' lang='lat'><em>_</em></span> <span class='ocrx_word' id='word_1_813' title='bbox 1585 5533 1606 5535; x_wconf 36' lang='grc' dir='ltr'><em>η</em></span> <span class='ocrx_word' id='word_1_814' title='bbox 1653 5533 1701 5535; x_wconf 43' lang='grc' dir='ltr'>η</span> <span class='ocrx_word' id='word_1_815' title='bbox 1752 5463 1768 5464; x_wconf 15' lang='lat' dir='ltr'><em>ﬂ</em></span> <span class='ocrx_word' id='word_1_816' title='bbox 1841 5524 1844 5530; x_wconf 93' lang='lat'><strong>.</strong></span> 
     </span>
    </p>
   </div>
   <div class='ocr_carea' id='block_1_104' title="bbox 378 5531 1874 5609">
    <p class='ocr_par' dir='ltr' id='par_1_104' title="bbox 378 5531 1874 5609">
     <span class='ocr_line' id='line_1_106' title="bbox 378 5531 1874 5609; baseline -0.005 -15"><span class='ocrx_word' id='word_1_817' title='bbox 378 5536 493 5609; x_wconf 70' lang='grc'>(16)</span> <span class='ocrx_word' id='word_1_818' title='bbox 526 5536 628 5594; x_wconf 83' lang='lat' dir='ltr'><strong>Hic</strong></span> <span class='ocrx_word' id='word_1_819' title='bbox 651 5538 719 5594; x_wconf 89' lang='lat' dir='ltr'><strong>ad</strong></span> <span class='ocrx_word' id='word_1_820' title='bbox 745 5531 1052 5609; x_wconf 76' lang='lat' dir='ltr'><strong>marginem</strong></span> <span class='ocrx_word' id='word_1_821' title='bbox 1096 5532 1272 5609; x_wconf 64' lang='lat' dir='ltr'><strong>Regii,</strong></span> <span class='ocrx_word' id='word_1_822' title='bbox 1311 5531 1788 5609; x_wconf 75' lang='lat' dir='ltr'><strong>Seg_uer._Gohl_er.</strong></span> <span class='ocrx_word' id='word_1_823' title='bbox 1819 5540 1874 5609; x_wconf 88' lang='lat' dir='ltr'><strong>e_t</strong></span> 
     </span>
    </p>
   </div>
   <div class='ocr_carea' id='block_1_105' title="bbox 310 5602 1870 5678">
    <p class='ocr_par' dir='ltr' id='par_1_105' title="bbox 310 5602 1870 5678">
     <span class='ocr_line' id='line_1_107' title="bbox 310 5602 1870 5678; baseline -0.004 -16"><span class='ocrx_word' id='word_1_824' title='bbox 310 5602 492 5667; x_wconf 50' lang='lat' dir='ltr'><strong>reicit:</strong></span> <span class='ocrx_word' id='word_1_825' title='bbox 509 5609 566 5675; x_wconf 88' lang='grc'>1,</span> <span class='ocrx_word' id='word_1_826' title='bbox 592 5609 707 5664; x_wconf 70' lang='lat' dir='ltr'><strong>haec</strong></span> <span class='ocrx_word' id='word_1_827' title='bbox 734 5602 1007 5678; x_wconf 68' lang='lat' dir='ltr'><strong>leguntur,</strong></span> <span class='ocrx_word' id='word_1_828' title='bbox 1029 5602 1316 5678; x_wconf 61' lang='grc' dir='ltr'>ἀπόδειξις</span> <span class='ocrx_word' id='word_1_829' title='bbox 1331 5602 1439 5656; x_wconf 51' lang='lat' dir='ltr'><strong>eis</strong></span> <span class='ocrx_word' id='word_1_830' title='bbox 1465 5603 1561 5678; x_wconf 78' lang='grc' dir='ltr'><strong>τοῦ</strong></span> <span class='ocrx_word' id='word_1_831' title='bbox 1585 5602 1870 5678; x_wconf 78' lang='grc' dir='ltr'>Λευῖτικοῦ</span> 
     </span>
    </p>
   </div>
   <div class='ocr_carea' id='block_1_106' title="bbox 311 5672 1869 5752">
    <p class='ocr_par' dir='ltr' id='par_1_106' title="bbox 311 5672 1869 5752">
     <span class='ocr_line' id='line_1_108' title="bbox 311 5672 1869 5752; baseline -0.002 -19"><span class='ocrx_word' id='word_1_832' title='bbox 311 5679 440 5752; x_wconf 63' lang='lat' dir='ltr'><strong>rupi</strong></span> <span class='ocrx_word' id='word_1_833' title='bbox 470 5672 571 5749; x_wconf 78' lang='grc' dir='ltr'>τῆς</span> <span class='ocrx_word' id='word_1_834' title='bbox 601 5679 688 5749; x_wconf 68' lang='grc' dir='ltr'><strong>ἐφ’</strong></span> <span class='ocrx_word' id='word_1_835' title='bbox 711 5672 814 5733; x_wconf 62' lang='grc' dir='ltr'>ἔνι’</span> <span class='ocrx_word' id='word_1_836' title='bbox 830 5675 1114 5748; x_wconf 76' lang='grc' dir='ltr'>πράγματι</span> <span class='ocrx_word' id='word_1_837' title='bbox 1159 5672 1416 5744; x_wconf 80' lang='grc' dir='ltr'>διαφόρου</span> <span class='ocrx_word' id='word_1_838' title='bbox 1463 5674 1777 5746; x_wconf 77' lang='grc' dir='ltr'>ὀνομασίας.</span> <span class='ocrx_word' id='word_1_839' title='bbox 1813 5674 1869 5730; x_wconf 76' lang='grc' dir='ltr'><strong>ω</strong></span> 
     </span>
    </p>
   </div>
   <div class='ocr_carea' id='block_1_107' title="bbox 1496 4770 1959 4838">
    <p class='ocr_par' dir='ltr' id='par_1_107' title="bbox 1496 4770 1959 4838">
     <span class='ocr_line' id='line_1_109' title="bbox 1496 4770 1959 4838; baseline 0.006 -14"><span class='ocrx_word' id='word_1_840' title='bbox 1496 4771 1542 4803; x_wconf 83' lang='grc'><strong>³⁸</strong></span> <span class='ocrx_word' id='word_1_841' title='bbox 1579 4770 1748 4826; x_wconf 85' lang='lat' dir='ltr'><strong>Levit.</strong></span> <span class='ocrx_word' id='word_1_842' title='bbox 1780 4789 1866 4838; x_wconf 79' lang='lat' dir='ltr'><strong>ix,</strong></span> <span class='ocrx_word' id='word_1_843' title='bbox 1903 4773 1959 4828; x_wconf 88' lang='lat'><strong>7.</strong></span> 
     </span>
    </p>
   </div>
   <div class='ocr_carea' id='block_1_108' title="bbox 1983 4515 3558 4592">
    <p class='ocr_par' dir='ltr' id='par_1_108' title="bbox 1983 4515 3558 4592">
     <span class='ocr_line' id='line_1_110' title="bbox 1983 4515 3558 4592; baseline -0.002 -16"><span class='ocrx_word' id='word_1_844' title='bbox 1983 4522 2143 4577; x_wconf 84' lang='grc' dir='ltr'>θέντα</span> <span class='ocrx_word' id='word_1_845' title='bbox 2195 4524 2310 4586; x_wconf 85' lang='grc' dir='ltr'>τοῖς</span> <span class='ocrx_word' id='word_1_846' title='bbox 2344 4524 2480 4585; x_wconf 81' lang='grc' dir='ltr'>υἱοῖς</span> <span class='ocrx_word' id='word_1_847' title='bbox 2521 4520 2740 4592; x_wconf 80' lang='grc' dir='ltr'>Ἰσραὴλ</span> <span class='ocrx_word' id='word_1_848' title='bbox 2778 4518 3214 4591; x_wconf 80' lang='grc' dir='ltr'>πεφανερῶσθαι,</span> <span class='ocrx_word' id='word_1_849' title='bbox 3247 4519 3313 4572; x_wconf 77' lang='grc' dir='ltr'><strong>ἵν’</strong></span> <span class='ocrx_word' id='word_1_850' title='bbox 3428 4536 3558 4573; x_wconf 81' lang='grc' dir='ltr'>συνο</span> 
     </span>
    </p>
   </div>
   <div class='ocr_carea' id='block_1_109' title="bbox 1981 4608 3555 4702">
    <p class='ocr_par' dir='ltr' id='par_1_109' title="bbox 1981 4608 3555 4702">
     <span class='ocr_line' id='line_1_111' title="bbox 1981 4608 3555 4702; baseline -0.005 -33"><span class='ocrx_word' id='word_1_851' title='bbox 1981 4614 2123 4684; x_wconf 85' lang='grc' dir='ltr'>ᾴδων</span> <span class='ocrx_word' id='word_1_852' title='bbox 2151 4612 2248 4686; x_wconf 82' lang='grc' dir='ltr'><strong>τῷ,</strong></span> <span class='ocrx_word' id='word_1_853' title='bbox 2279 4613 2389 4669; x_wconf 81' lang='lat' dir='ltr'><strong>Kal</strong></span> <span class='ocrx_word' id='word_1_854' title='bbox 2418 4615 2452 4667; x_wconf 81' lang='grc' dir='ltr'><em>ὁ</em></span> <span class='ocrx_word' id='word_1_855' title='bbox 2483 4609 2866 4702; x_wconf 30' lang='grc' dir='ltr'>Λόγοςοσὰρξ</span> <span class='ocrx_word' id='word_1_856' title='bbox 2897 4609 3154 4679; x_wconf 81' lang='grc' dir='ltr'>ἐγένετο.</span> <span class='ocrx_word' id='word_1_857' title='bbox 3173 4609 3237 4662; x_wconf 85' lang='grc' dir='ltr'>Εἰ</span> <span class='ocrx_word' id='word_1_858' title='bbox 3266 4608 3324 4662; x_wconf 82' lang='grc' dir='ltr'><strong>δὲ</strong></span> <span class='ocrx_word' id='word_1_859' title='bbox 3353 4609 3555 4680; x_wconf 63' lang='grc' dir='ltr'>ἐτέριικ</span> 
     </span>
    </p>
   </div>
   <div class='ocr_carea' id='block_1_110' title="bbox 2063 4768 3550 4839">
    <p class='ocr_par' dir='ltr' id='par_1_110' title="bbox 2063 4768 3550 4839">
     <span class='ocr_line' id='line_1_112' title="bbox 2063 4768 3550 4839; baseline -0.004 -9"><span class='ocrx_word' id='word_1_860' title='bbox 2063 4774 2108 4806; x_wconf 72' lang='grc'><strong>⁸⁸</strong></span> <span class='ocrx_word' id='word_1_861' title='bbox 2146 4772 2306 4829; x_wconf 83' lang='lat' dir='ltr'><strong>Joan.</strong></span> <span class='ocrx_word' id='word_1_862' title='bbox 2339 4789 2379 4839; x_wconf 81' lang='grc' dir='ltr'><strong>ι,</strong></span> <span class='ocrx_word' id='word_1_863' title='bbox 2415 4773 2499 4828; x_wconf 65' lang='lat' dir='ltr'><strong>li.</strong></span> <span class='ocrx_word' id='word_1_864' title='bbox 2604 4770 2650 4802; x_wconf 86' lang='grc'><strong><em>³⁸</em></strong></span> <span class='ocrx_word' id='word_1_865' title='bbox 2687 4768 2844 4825; x_wconf 85' lang='lat' dir='ltr'><strong>Joan.</strong></span> <span class='ocrx_word' id='word_1_866' title='bbox 2894 4784 3015 4838; x_wconf 76' lang='lat' dir='ltr'><strong>nn,</strong></span> <span class='ocrx_word' id='word_1_867' title='bbox 3069 4769 3159 4825; x_wconf 69' lang='grc' dir='ltr'><strong>Η.</strong></span> <span class='ocrx_word' id='word_1_868' title='bbox 3253 4770 3298 4802; x_wconf 84' lang='grc'><strong>³⁸</strong></span> <span class='ocrx_word' id='word_1_869' title='bbox 3337 4769 3358 4823; x_wconf 92' lang='lat' dir='ltr'><strong>l</strong></span> <span class='ocrx_word' id='word_1_870' title='bbox 3418 4769 3550 4826; x_wconf 90' lang='lat' dir='ltr'><strong>Cor.</strong></span> 
     </span>
    </p>
   </div>
   <div class='ocr_carea' id='block_1_111' title="bbox 1979 4973 3550 5045">
    <p class='ocr_par' dir='ltr' id='par_1_111' title="bbox 1979 4973 3550 5045">
     <span class='ocr_line' id='line_1_113' title="bbox 1979 4973 3550 5045; baseline 0.001 -16"><span class='ocrx_word' id='word_1_871' title='bbox 1979 4983 2094 5040; x_wconf 75' lang='grc' dir='ltr'>εει,</span> <span class='ocrx_word' id='word_1_872' title='bbox 2131 4973 2399 5029; x_wconf 82' lang='lat' dir='ltr'><strong>Probatur</strong></span> <span class='ocrx_word' id='word_1_873' title='bbox 2429 4991 2494 5030; x_wconf 79' lang='lat' dir='ltr'><strong>ea:</strong></span> <span class='ocrx_word' id='word_1_874' title='bbox 2525 4973 2752 5031; x_wconf 82' lang='lat' dir='ltr'><strong>Leuitico</strong></span> <span class='ocrx_word' id='word_1_875' title='bbox 2783 4993 2893 5032; x_wconf 87' lang='lat' dir='ltr'><strong>rem</strong></span> <span class='ocrx_word' id='word_1_876' title='bbox 2939 4978 3173 5032; x_wconf 72' lang='lat' dir='ltr'><strong>eamdem</strong></span> <span class='ocrx_word' id='word_1_877' title='bbox 3206 4977 3410 5031; x_wconf 74' lang='lat' dir='ltr'><strong>diverse</strong></span> <span class='ocrx_word' id='word_1_878' title='bbox 3455 4993 3550 5045; x_wconf 88' lang='lat' dir='ltr'><strong>ap-</strong></span> 
     </span>
    </p>
   </div>
   <div class='ocr_carea' id='block_1_112' title="bbox 1979 5045 3552 5172">
    <p class='ocr_par' dir='ltr' id='par_1_112' title="bbox 1979 5045 3552 5172">
     <span class='ocr_line' id='line_1_114' title="bbox 1980 5045 3552 5127; baseline 0.002 -30"><span class='ocrx_word' id='word_1_879' title='bbox 1980 5045 2172 5126; x_wconf 75' lang='lat' dir='ltr'><strong>pellari</strong></span> <span class='ocrx_word' id='word_1_880' title='bbox 2207 5061 2386 5127; x_wconf 37' lang='lat' dir='ltr'><strong>aqua:</strong></span> <span class='ocrx_word' id='word_1_881' title='bbox 2415 5047 2579 5101; x_wconf 80' lang='lat' dir='ltr'><strong>verba</strong></span> <span class='ocrx_word' id='word_1_882' title='bbox 2620 5048 2676 5102; x_wconf 87' lang='lat' dir='ltr'><strong>in</strong></span> <span class='ocrx_word' id='word_1_883' title='bbox 2719 5045 2884 5103; x_wconf 86' lang='lat' dir='ltr'><strong>Basil.</strong></span> <span class='ocrx_word' id='word_1_884' title='bbox 2928 5058 2984 5103; x_wconf 90' lang='lat' dir='ltr'><strong>et</strong></span> <span class='ocrx_word' id='word_1_885' title='bbox 3025 5047 3238 5119; x_wconf 76' lang='lat' dir='ltr'><strong>Anglic.</strong></span> <span class='ocrx_word' id='word_1_886' title='bbox 3279 5056 3408 5102; x_wconf 82' lang='lat' dir='ltr'><strong>ante</strong></span> <span class='ocrx_word' id='word_1_887' title='bbox 3457 5049 3552 5100; x_wconf 79' lang='grc' dir='ltr'><strong>καὶ</strong></span> 
     </span>
     <span class='ocr_line' id='line_1_115' title="bbox 1979 5109 2952 5172; baseline 0.007 -7"><span class='ocrx_word' id='word_1_888' title='bbox 1979 5109 2122 5172; x_wconf 84' lang='grc' dir='ltr'>εἱπε,</span> <span class='ocrx_word' id='word_1_889' title='bbox 2156 5131 2212 5168; x_wconf 88' lang='lat' dir='ltr'><strong>m</strong></span> <span class='ocrx_word' id='word_1_890' title='bbox 2239 5130 2357 5172; x_wconf 83' lang='lat' dir='ltr'><strong>IDSO</strong></span> <span class='ocrx_word' id='word_1_891' title='bbox 2379 5125 2634 5171; x_wconf 81' lang='lat' dir='ltr'><strong>contextu</strong></span> <span class='ocrx_word' id='word_1_892' title='bbox 2660 5117 2952 5172; x_wconf 90' lang='lat' dir='ltr'><strong>habentur.</strong></span> 
     </span>
    </p>
   </div>
   <div class='ocr_carea' id='block_1_113' title="bbox 2107 5134 2952 5178">
    <p class='ocr_par' dir='ltr' id='par_1_113' title="bbox 2107 5134 2952 5178">
     <span class='ocr_line' id='line_1_116' title="bbox 2107 5134 2952 5178; baseline 0.005 -10"><span class='ocrx_word' id='word_1_893' title='bbox 2107 5153 2122 5178; x_wconf 82' lang='lat'><strong>,</strong></span> <span class='ocrx_word' id='word_1_894' title='bbox 2156 5134 2212 5168; x_wconf 79' lang='grc' dir='ltr'><strong>ιη</strong></span> <span class='ocrx_word' id='word_1_895' title='bbox 2239 5134 2357 5178; x_wconf 73' lang='lat' dir='ltr'><strong>IPSO</strong></span> <span class='ocrx_word' id='word_1_896' title='bbox 2379 5134 2634 5171; x_wconf 72' lang='lat' dir='ltr'><strong>CODlBXlu</strong></span> <span class='ocrx_word' id='word_1_897' title='bbox 2660 5134 2952 5172; x_wconf 81' lang='lat' dir='ltr'><strong>nanentur.</strong></span> 
     </span>
    </p>
   </div>
   <div class='ocr_carea' id='block_1_114' title="bbox 2051 5130 3546 5260">
    <p class='ocr_par' dir='ltr' id='par_1_114' title="bbox 2051 5130 3546 5260">
     <span class='ocr_line' id='line_1_117' title="bbox 2051 5130 2952 5185; baseline 0.007 -19"><span class='ocrx_word' id='word_1_898' title='bbox 2051 5131 2122 5178; x_wconf 87' lang='grc' dir='ltr'><strong>τε,</strong></span> <span class='ocrx_word' id='word_1_899' title='bbox 2156 5131 2212 5168; x_wconf 89' lang='lat' dir='ltr'><strong>m</strong></span> <span class='ocrx_word' id='word_1_900' title='bbox 2239 5130 2357 5185; x_wconf 80' lang='lat' dir='ltr'><strong>ipso</strong></span> <span class='ocrx_word' id='word_1_901' title='bbox 2379 5130 2634 5171; x_wconf 83' lang='lat' dir='ltr'><strong>contextu</strong></span> <span class='ocrx_word' id='word_1_902' title='bbox 2660 5130 2952 5172; x_wconf 86' lang='lat' dir='ltr'><strong>nanentur.</strong></span> 
     </span>
     <span class='ocr_line' id='line_1_118' title="bbox 2051 5183 3546 5260; baseline 0.001 -22"><span class='ocrx_word' id='word_1_903' title='bbox 2051 5185 2162 5254; x_wconf 82' lang='grc'>(17)</span> <span class='ocrx_word' id='word_1_904' title='bbox 2201 5183 2593 5260; x_wconf 75' lang='lat' dir='ltr'><strong>Begius_cod_ex</strong></span> <span class='ocrx_word' id='word_1_905' title='bbox 2629 5200 2683 5241; x_wconf 84' lang='lat' dir='ltr'><strong>et</strong></span> <span class='ocrx_word' id='word_1_906' title='bbox 2713 5186 2936 5260; x_wconf 70' lang='lat' dir='ltr'><strong>Seguer.</strong></span> <span class='ocrx_word' id='word_1_907' title='bbox 2971 5187 3062 5244; x_wconf 86' lang='lat' dir='ltr'><strong>hic</strong></span> <span class='ocrx_word' id='word_1_908' title='bbox 3097 5194 3151 5243; x_wconf 90' lang='lat' dir='ltr'><strong>et</strong></span> <span class='ocrx_word' id='word_1_909' title='bbox 3173 5201 3325 5251; x_wconf 78' lang='lat' dir='ltr'><strong>mox,</strong></span> <span class='ocrx_word' id='word_1_910' title='bbox 3363 5185 3546 5253; x_wconf 68' lang='grc' dir='ltr'>ἐξίλαο</span> 
     </span>
    </p>
   </div>
   <div class='ocr_carea' id='block_1_115' title="bbox 1980 5254 2771 5320">
    <p class='ocr_par' dir='ltr' id='par_1_115' title="bbox 1980 5254 2771 5320">
     <span class='ocr_line' id='line_1_119' title="bbox 1980 5254 2771 5320; baseline 0.005 -14"><span class='ocrx_word' id='word_1_911' title='bbox 1980 5269 2095 5320; x_wconf 86' lang='grc' dir='ltr'>σαι,</span> <span class='ocrx_word' id='word_1_912' title='bbox 2123 5263 2184 5310; x_wconf 83' lang='grc' dir='ltr'><strong>ιιι</strong></span> <span class='ocrx_word' id='word_1_913' title='bbox 2207 5254 2385 5310; x_wconf 80' lang='lat' dir='ltr'><strong>exstat</strong></span> <span class='ocrx_word' id='word_1_914' title='bbox 2408 5254 2581 5310; x_wconf 85' lang='lat' dir='ltr'><strong>Levit.</strong></span> <span class='ocrx_word' id='word_1_915' title='bbox 2612 5272 2691 5320; x_wconf 78' lang='lat' dir='ltr'><strong>lx,</strong></span> <span class='ocrx_word' id='word_1_916' title='bbox 2719 5257 2771 5310; x_wconf 93' lang='lat'><strong>7.</strong></span> 
     </span>
    </p>
   </div>
   <div class='ocr_carea' id='block_1_116' title="bbox 2075 5325 3438 5398">
    <p class='ocr_par' dir='ltr' id='par_1_116' title="bbox 2075 5325 3438 5398">
     <span class='ocr_line' id='line_1_120' title="bbox 2075 5325 3438 5398; baseline -0.001 -18"><span class='ocrx_word' id='word_1_917' title='bbox 2075 5325 2160 5398; x_wconf 81' lang='grc'>18)</span> <span class='ocrx_word' id='word_1_918' title='bbox 2200 5325 2417 5398; x_wconf 79' lang='lat' dir='ltr'><strong>Gobler.</strong></span> <span class='ocrx_word' id='word_1_919' title='bbox 2446 5335 2501 5381; x_wconf 90' lang='lat' dir='ltr'><strong>et</strong></span> <span class='ocrx_word' id='word_1_920' title='bbox 2520 5325 2702 5398; x_wconf 67' lang='lat' dir='ltr'><strong>Felck.</strong></span> <span class='ocrx_word' id='word_1_921' title='bbox 2722 5325 2766 5398; x_wconf 75' lang='lat' dir='ltr'><strong>_i</strong></span> <span class='ocrx_word' id='word_1_922' title='bbox 2802 5327 3061 5398; x_wconf 88' lang='lat' dir='ltr'><strong>omittunt</strong></span> <span class='ocrx_word' id='word_1_923' title='bbox 3082 5327 3114 5380; x_wconf 89' lang='lat'><strong>6</strong></span> <span class='ocrx_word' id='word_1_924' title='bbox 3146 5325 3438 5398; x_wconf 64' lang='grc' dir='ltr'>μακάριος,</span> 
     </span>
    </p>
   </div>
   <div class='ocr_carea' id='block_1_117' title="bbox 2077 5393 3548 5469">
    <p class='ocr_par' dir='ltr' id='par_1_117' title="bbox 2077 5393 3548 5469">
     <span class='ocr_line' id='line_1_121' title="bbox 2077 5393 3548 5469; baseline 0.001 -20"><span class='ocrx_word' id='word_1_925' title='bbox 2077 5393 2160 5464; x_wconf 84' lang='grc'>19)</span> <span class='ocrx_word' id='word_1_926' title='bbox 2201 5397 2400 5469; x_wconf 73' lang='lat' dir='ltr'><strong>Regius</strong></span> <span class='ocrx_word' id='word_1_927' title='bbox 2424 5405 2479 5469; x_wconf 82' lang='lat' dir='ltr'><strong>et</strong></span> <span class='ocrx_word' id='word_1_928' title='bbox 2513 5395 2878 5469; x_wconf 81' lang='lat' dir='ltr'><strong>Segu&#39;erianus</strong></span> <span class='ocrx_word' id='word_1_929' title='bbox 2912 5397 3119 5469; x_wconf 78' lang='lat' dir='ltr'><strong>addunt</strong></span> <span class='ocrx_word' id='word_1_930' title='bbox 3146 5393 3391 5468; x_wconf 72' lang='grc' dir='ltr'>ῖκαρὰ’τῇ</span> <span class='ocrx_word' id='word_1_931' title='bbox 3423 5393 3548 5469; x_wconf 73' lang='grc' dir='ltr'>θείᾳ</span> 
     </span>
    </p>
   </div>
   <div class='ocr_carea' id='block_1_118' title="bbox 1980 5465 3087 5539">
    <p class='ocr_par' dir='ltr' id='par_1_118' title="bbox 1980 5465 3087 5539">
     <span class='ocr_line' id='line_1_122' title="bbox 1980 5465 3087 5539; baseline 0.002 -21"><span class='ocrx_word' id='word_1_932' title='bbox 1980 5465 2370 5539; x_wconf 40' lang='grc' dir='ltr'>Γραφῇηίιυοά</span> <span class='ocrx_word' id='word_1_933' title='bbox 2401 5467 2554 5539; x_wconf 73' lang='lat' dir='ltr'><strong>abest</strong></span> <span class='ocrx_word' id='word_1_934' title='bbox 2581 5465 2651 5521; x_wconf 77' lang='lat' dir='ltr'><strong>ab</strong></span> <span class='ocrx_word' id='word_1_935' title='bbox 2679 5467 2800 5539; x_wconf 86' lang='lat' dir='ltr'><strong>aliis</strong></span> <span class='ocrx_word' id='word_1_936' title='bbox 2825 5477 2882 5522; x_wconf 85' lang='lat' dir='ltr'><strong>et</strong></span> <span class='ocrx_word' id='word_1_937' title='bbox 2907 5468 3087 5539; x_wconf 79' lang='lat' dir='ltr'><strong>editis.</strong></span> 
     </span>
    </p>
   </div>
   <div class='ocr_carea' id='block_1_119' title="bbox 1977 5533 3546 5663">
    <p class='ocr_par' dir='ltr' id='par_1_119' title="bbox 1977 5533 3546 5663">
     <span class='ocr_line' id='line_1_123' title="bbox 2024 5533 3546 5610; baseline -0.004 -14"><span class='ocrx_word' id='word_1_938' title='bbox 2024 5533 2168 5607; x_wconf 64' lang='grc' dir='ltr'>’(ἳῦ)</span> <span class='ocrx_word' id='word_1_939' title='bbox 2199 5533 2400 5607; x_wconf 73' lang='lat' dir='ltr'><strong>Regius</strong></span> <span class='ocrx_word' id='word_1_940' title='bbox 2428 5549 2482 5594; x_wconf 91' lang='lat' dir='ltr'><strong>et</strong></span> <span class='ocrx_word' id='word_1_941' title='bbox 2507 5536 2891 5608; x_wconf 73' lang='lat' dir='ltr'><strong>Seguerianus,</strong></span> <span class='ocrx_word' id='word_1_942' title='bbox 2922 5539 2950 5591; x_wconf 86' lang='lat'><strong>6</strong></span> <span class='ocrx_word' id='word_1_943' title='bbox 2986 5537 3214 5610; x_wconf 82' lang='grc' dir='ltr'>Πέτρος.</span> <span class='ocrx_word' id='word_1_944' title='bbox 3247 5533 3306 5592; x_wconf 81' lang='grc' dir='ltr'><strong>ιιι</strong></span> <span class='ocrx_word' id='word_1_945' title='bbox 3333 5535 3460 5592; x_wconf 82' lang='lat' dir='ltr'><strong>aliis</strong></span> <span class='ocrx_word' id='word_1_946' title='bbox 3491 5544 3546 5590; x_wconf 89' lang='lat' dir='ltr'><strong>et</strong></span> 
     </span>
     <span class='ocr_line' id='line_1_124' title="bbox 1977 5606 3173 5663; baseline -0.004 0"><span class='ocrx_word' id='word_1_947' title='bbox 1977 5607 2134 5663; x_wconf 87' lang='lat' dir='ltr'><strong>editis</strong></span> <span class='ocrx_word' id='word_1_948' title='bbox 2162 5606 2194 5660; x_wconf 88' lang='lat'><strong>6</strong></span> <span class='ocrx_word' id='word_1_949' title='bbox 2221 5607 2392 5663; x_wconf 87' lang='lat' dir='ltr'><strong>deest.</strong></span> <span class='ocrx_word' id='word_1_950' title='bbox 3171 5630 3173 5632; x_wconf 86' lang='grc'>·</span> 
     </span>
    </p>
   </div>
   <div class='ocr_carea' id='block_1_120' title="bbox 2046 5616 3173 5664">
    <p class='ocr_par' dir='ltr' id='par_1_120' title="bbox 2046 5616 3173 5664">
     <span class='ocr_line' id='line_1_125' title="bbox 2046 5616 3173 5664; baseline 0.008 -4"><span class='ocrx_word' id='word_1_951' title='bbox 2046 5616 2134 5664; x_wconf 69' lang='lat' dir='ltr'><strong>Ilia</strong></span> <span class='ocrx_word' id='word_1_952' title='bbox 2162 5616 2194 5660; x_wconf 89' lang='grc' dir='ltr'><strong>ο</strong></span> <span class='ocrx_word' id='word_1_953' title='bbox 2221 5616 2392 5663; x_wconf 84' lang='lat' dir='ltr'><strong>deest.</strong></span> <span class='ocrx_word' id='word_1_954' title='bbox 3171 5630 3173 5632; x_wconf 79' lang='grc'><strong><em>’</em></strong></span> 
     </span>
    </p>
   </div>
  </div>
