3834 6220
257 242 368 300 517

1357 213 1366 218 ’
1402 247 1661 304 ORATIO
1691 249 1759 304 tv
1792 249 2077 306 comm
2115 251 2440 310 ARIANOS.

3430 255 3535 315 518

218 368 438 448 ,ἐκεῖνο
475 365 678 430 νοοῦσι,
723 366 818 419 καὶ
851 364 942 420 τὸν
971 366 1144 436 Λόγον
1174 367 1296 439 μὲν,
1332 369 1518 435 καθὼς
1566 372 1661 426 καὶ
1709 371 1811 425 ἔστι

1951 389 2137 429 revera
2181 383 2299 438 est,
2333 373 2655 431 conﬁtentes
2675 412 2692 440 ,
2723 381 3070 445 assumptum
3103 375 3173 430 ab
3202 373 3322 445 ipso
3349 375 3534 430 homi-

254 459 404 512 θεῖον
454 457 864 533 ὁμολογοῦντες,
910 459 1000 513 τὸν
1043 460 1183 530 πρὸς
1228 459 1396 514 αὑτοῦ
1439 462 1710 534 ληφθέντα
1735 503 1749 526 ,

252 553 350 606 καὶ
381 550 628 624 ἡνῶσθαι
668 552 1007 616 πιστεύεται,
1037 553 1325 626 ἄνθρωπον
1349 555 1445 608 ἀπ’
1486 556 1648 610 αὑτοῦ
1679 558 1846 629 χωρί-

251 641 430 706 ζουσι,
456 641 730 711 λέγοντες,
760 643 850 696 διὰ
896 644 1073 714 Ἰησοῦ
1113 645 1351 717 Χριστοῦ
1393 647 1556 703 αὑτὸν
1584 648 1697 719 (21)
1737 650 1846 704 ὰπ-

250 733 517 788 εστάλθαι
548 776 562 799 ,
599 737 812 799 ἑαυτοῖς
855 736 1073 790 ἐναντία
1114 738 1477 810 φθεγγόμενοι
1509 740 1571 793 οὐ
1606 726 1868 797 νοοῦσινδ

250 822 316 879 Oi
366 825 479 898 γὰρ
517 825 628 900 (22)
675 826 908 880 ἐνταῦθα
945 829 1268 900 χωρίζοντες
1300 833 1402 902 τῆς
1431 831 1582 894 θείας
1627 832 1842 904 σαρκώ-

250 927 395 984 eam;
432 919 575 974 θεῖον
610 919 826 982 νοοῦσι,
860 921 1249 992 σμικρύνουσιν
1289 921 1397 991 ἄρα
1430 923 1720 988 ἀκούοντες
1749 927 1840 979 αὐ-

244 1011 342 1066 τὸν
372 1012 556 1084 σάρκα
588 1011 932 1083 γεγενῆσθαι,
981 1015 1076 1066 καὶ
1113 1013 1184 1067 τὰ
1222 1013 1492 1086 Ἐλλήνων
1521 1016 1834 1088 φρονοῦσιν,

243 1101 444 1178 ὥσπερ
471 1100 564 1158 οὖν
593 1105 687 1158 καὶ
711 1104 986 1176 φρονοῦσι,
1019 1106 1226 1177 τροπὴν
1251 1105 1345 1159 τοῦ
1372 1107 1546 1177 Λόγου
1581 1109 1681 1180 τὴν
1714 1109 1838 1181 σάρ-

243 1212 421 1250 κωσιν
443 1194 542 1268 τὴν
569 1194 718 1249 θείαν
747 1196 1244 1269 ὑπολαμϐάνοντες.
1671 1188 1676 1199 ’

315 1287 410 1344 52.
461 1288 599 1341 Ἀλλ’
627 1288 729 1342 οὐκ
769 1289 884 1343 ἔστι
924 1290 1116 1356 τοῦτο,
1161 1290 1236 1363 μὴ
1279 1291 1529 1361 γένοιτοί
1573 1295 1670 1348 ’ον
1703 1295 1834 1365 τρό-

244 1395 351 1432 πον
379 1377 492 1449 γὰρ
523 1376 756 1431 ἐνταῦθα
803 1379 902 1450 τὴν
942 1378 1319 1450 ἁνέκφραστον
1353 1381 1549 1436 ἕνωσιν
1576 1385 1620 1439 ,6
1659 1384 1836 1438 Ἰωάν-

241 1475 344 1540 νης
384 1468 499 1541 (εδ)
539 1470 828 1541 κηρύσσει,
879 1473 1284 1538 καταποθέντος
1330 1473 1425 1528 τοῦ
1475 1475 1668 1546 θνητοῦ
1727 1476 1832 1532 ὑπὸ

240 1561 344 1632 τῆς
378 1558 546 1633 ζωῆς,
581 1563 671 1615 καὶ
701 1561 982 1635 αὐτοζωῆς
1003 1565 1176 1631 ὄντος,
1211 1566 1355 1620 καθά
1383 1567 1520 1638 πρὸς
1547 1568 1648 1640 τὴν
1675 1567 1832 1640 Μὰρ-ο

1950 481 2094 528 nem,
2129 467 2218 520 cui
2250 467 2605 536 conjunctum
2657 481 2782 522 esse
2822 466 3084 532 creditur,
3135 466 3204 522 ab
3251 481 3317 521 eo
3363 465 3536 521 velint

1945 572 2225 625 separare,
2257 559 2434 627 ipsum
2482 558 2692 613 alentes
2734 574 2832 629 per
2861 557 3050 614 Jesum
3083 557 3365 612 Christum
3401 557 3537 612 mis-

1943 663 2067 702 sum
2097 665 2238 712 esse,
2271 665 2404 704 sane
2435 661 2506 704 'se
2541 651 2840 720 pugnantia
2873 650 3020 720 loqui
3065 665 3174 704 non
3221 649 3530 706 attendunt.

1942 739 2045 805 Qui
2071 741 2216 794 enim
2250 742 2354 795 hoc
2387 743 2439 795 in
2477 742 2598 795 loco
2631 742 2878 796 divinum
2914 741 3151 797 Verbum
3178 759 3209 798 a
3234 744 3418 799 divina
3448 744 3534 799 in-

1939 833 2254 888 carnatione
2285 833 2579 902 sejungunt
2602 875 2616 895 ,
2659 833 2799 888 idem
2836 834 3013 903 ipsum
3049 835 3396 891 imminutum
3429 851 3532 907 pu-

1938 931 2056 976 tant
2080 939 2204 977 cum
2239 926 2468 978 audiunt
2501 939 2720 978 carnem
2757 923 2956 979 factum
2997 941 3157 991 esse;
3191 927 3530 998 proindeque

1937 1012 2079 1068 idem
2127 1016 2352 1069 omnino
2395 1017 2638 1071 sentiunt
2687 1029 2753 1068 ac
2803 1016 3056 1084 gentiles,
3103 1016 3181 1071 uti
3226 1032 3358 1072 sane
3402 1032 3530 1072 sen-

1935 1105 2120 1172 tiunt,
2179 1120 2305 1160 cum
2359 1106 2603 1161 divinam
2669 1105 3104 1162 incarnationem
3167 1110 3526 1164 mutationem

1936 1192 2099 1249 Verbi
2127 1211 2250 1251 esse
2285 1197 2662 1265 suspicantur.

2003 1287 2094 1342 52.
2138 1287 2340 1344 Verum
2390 1304 2502 1344 non
2543 1289 2618 1344 ita
2665 1298 2791 1346 est:
2837 1290 3008 1346 absit!
3048 1287 3525 1355 Quemadmodum

1931 1379 2078 1433 enim
2108 1380 2540 1450 inexplicabilem
2569 1381 2824 1436 unionem
2854 1381 2942 1436 hic
2969 1381 3229 1452 praedicat
3259 1378 3522 1449 Joannes,

1931 1473 2190 1540 absorpto
2232 1473 2482 1530 videlicet
2538 1475 2754 1530 mortali
2807 1491 2838 1528 a
2894 1476 3006 1530 vita
3059 1473 3223 1546 509
3269 1483 3324 1530 et
3362 1476 3431 1530 ab
3457 1490 3525 1532 eo

1929 1565 2023 1633 qui
2055 1565 2171 1634 ipsa
2203 1580 2299 1634 per
2336 1581 2396 1621 se
2431 1574 2516 1621 est
2542 1567 2674 1629 vita,
2708 1575 2768 1621 ut
2814 1567 2930 1637 ipse
2978 1567 3044 1621 ad
3096 1566 3364 1622 Martham
3401 1569 3522 1636 ait.

240 1650 343 1708 θαν
369 1655 398 1707 6
430 1654 636 1726 Κύριος
664 1655 791 1726 ἔφη,
834 1656 983 1726 Ἐγώ
1005 1661 1122 1727 εὶμι
1154 1659 1194 1726 ἡ
1236 1657 1345 1726 ζωή
1376 1659 1487 1731 (24)
1507 1677 1521 1691 ⁸
1556 1659 1698 1712 οὕτω
1735 1660 1811 1713 κα¹

1947 1654 2044 1727 Ego
2091 1673 2210 1710 sum
2245 1658 2355 1712 vita
2382 1658 2426 1690 ³⁸
2457 1677 2471 1713 :
2504 1659 2578 1712 ita
2625 1675 2751 1713 cum
2804 1659 2998 1714 beatus
3030 1657 3230 1716 Petrus
3277 1657 3516 1715 Verbum

238 1743 372 1800 ὅταν
397 1745 535 1820 λέγῃ
563 1751 591 1801 6
625 1750 894 1821 μακάριος
922 1751 1132 1823 Πέτρος
1159 1752 1240 1816 τὸ,
1263 1751 1352 1804 διὰ
1389 1751 1564 1824 Ἰησοῦ
1587 1751 1811 1824 Χριστοῐ

1947 1761 2025 1800 )ει·
2069 1745 2257 1801 Jesum
2308 1746 2590 1804 Christum
2630 1747 2864 1803 missum
2901 1762 3023 1804 esse
3060 1749 3220 1814 dixit,
3272 1749 3520 1805 divinam

237 1835 583 1894 ἀπεστάλθαι
624 1841 718 1896 τὸν
763 1841 935 1911 Λόγον
959 1881 973 1906 ,
1015 1843 1114 1913 τὴν
1143 1843 1293 1897 θείαν
1321 1843 1515 1897 ἕνωσιν
1550 1844 1824 1916 σημαίνει.

249 1929 339 1995 Ὠς
368 1933 480 2006 γὰρ
506 1934 719 1988 ἁκούων
756 1952 842 1999 τις
888 1928 970 2003 τὸ,
1027 1935 1084 1989 Ὁ
1133 1938 1328 2006 Λόγος
1360 1937 1518 2008 σὰρξ
1565 1937 1825 2009 ἐγένετο,

235 2025 341 2079 οὐκ
375 2026 442 2104 ἂν
475 2026 685 2099 νομίσοι
735 2028 848 2099 (25)
884 2029 1080 2102 μηκέτι
1124 2025 1218 2085 οῦν
1261 2026 1403 2084 εἶναι
1448 2032 1643 2101 Λόγον,
1688 2032 1826 2104 ὅπερ

236 2116 462 2183 ἄτοπον,
506 2118 582 2183 ὡς
630 2118 954 2191 προείρηται
984 2136 998 2150 °
1059 2120 1203 2175 οὕτω
1262 2123 1356 2176 καὶ
1399 2122 1570 2192 Λόγον
1611 2124 1825 2178 ἀκούων

233 2206 328 2260 τὸν
374 2208 712 2278 συναφθέντα
744 2213 808 2282 τῇ
857 2212 1042 2284 σαρκὶ,
1090 2213 1154 2267 τὸ
1201 2211 1342 2267 θεῖον
1379 2213 1436 2266 ἓν
1479 2217 1574 2268 καὶ
1618 2217 1824 2271 ἁπλοῦν

233 2300 429 2354 νοείτω
463 2301 576 2371 (96)
617 2305 937 2376 μυστήριον.
969 2304 1314 2377 Σαφέστερον
1355 2307 1413 2361 δὲ
1457 2309 1552 2362 καὶ
1585 2309 1823 2380 ἀναμφι-

236 2391 510 2464 σϐήτητον
553 2395 755 2460 παντὸς
795 2395 1057 2465 λογισμοῦ
1104 2399 1165 2452 τὸ
1194 2400 1332 2470 πρὸς
1368 2401 1539 2472 αὐτὴν
1571 2401 1668 2475 τὴν
1701 2403 1826 2458 Θεο-

230 2483 394 2538 τόκον
426 2483 537 2556 (27)
571 2486 708 2558 πρὸς
744 2488 838 2541 σιοῦ
884 2489 1225 2561 ἀρχαγγέλου
1258 2489 1423 2562 ῥηθὲν
1457 2492 1556 2564 τὴν
1597 2493 1823 2563 ἑνότητα

229 2573 330 2630 τοῦ
388 2575 534 2630 θείου
571 2577 746 2647 Λόγου
796 2581 889 2632 καὶ
923 2579 1210 2653 ἀνθρώπου
1253 2581 1467 2647 δείξειε.
1517 2585 1656 2654 Φησὶ
1707 2584 1820 2658 (28)

229 2669 346 2740 γάρ
366 2685 381 2699 ·
413 2668 658 2738 Πνεῦμα
683 2669 855 2740 ἅγιον
879 2671 1271 2726 ἐπελεύσεται
1308 2675 1407 2727 ἐπὶ
1450 2669 1558 2743 σὲ,
1581 2677 1679 2730 καὶ
1715 2677 1820 2732 δύ-

228 2744 412 2829 ralia:
449 2759 740 2829 Ὑψίστου
769 2761 1114 2817 ἐπισκιάσει
1151 2777 1252 2818 σοι
1279 2783 1291 2796 ο
1325 2764 1415 2819 διὸ
1458 2767 1556 2821 καὶ
1592 2768 1658 2822 τὸ
1690 2786 1821 2838 τεν-

229 2851 820 2925 νὼμενον(ξ.)9)ἄγιον
851 2854 1220 2924 κληθήσεται
1266 2859 1398 2925 Υἱὸς
1421 2856 1590 2915 Θεοῦ.
1634 2862 1821 2934 ’Λφρό-

227 2963 339 3010 νως
383 2941 475 2999 οὖν
525 2947 574 2998 οἱ
615 2943 709 2997 τοῦ
749 2945 1112 3016 Σαμοσατέως
1155 2947 1246 3000 τὸν
1281 2949 1452 3018 Λόγον
1501 2950 1816 3023 χωρίζουσι,

1927 1839 2047 1908 ejus
2076 1838 2405 1910 signiﬁcavit
2432 1840 2711 1894 unionem.
2735 1838 2872 1894 Nam
2899 1848 2957 1894 ut
2985 1840 3032 1895 is
3053 1841 3147 1911 qui
3179 1840 3354 1906 audit,
3391 1837 3522 1895 Ver.

1926 1930 2046 1984 bum
2077 1948 2198 1985 caro
2229 1932 2431 2001 factum
2451 1941 2551 2000 est,
2585 1948 2691 1986 non
2720 1932 2926 1987 idcirco
2957 1932 3253 1987 arbitratur
3275 1930 3517 1988 Verbum

1925 2019 2162 2088 amplius
2189 2036 2296 2075 non
2333 2036 2475 2087 esse,
2515 2021 2658 2091 quod
2693 2030 2843 2077 certe
2880 2022 3277 2092 perabsurdum
3319 2031 3423 2087 est,
3457 2030 3520 2078 ut

1924 2109 2208 2164 diximus:
2245 2110 2321 2165 ita
2365 2112 2457 2180 qui
2495 2109 2729 2166 Verbum
2779 2126 2906 2167 cum
2947 2127 3114 2167 carne
3154 2113 3512 2183 conjunctum

1923 2217 2044 2258 esse
2092 2203 2264 2270 audit,
2315 2203 2562 2258 divinum
2618 2220 2791 2259 unum
2841 2203 3185 2275 simplexque
3248 2206 3518 2277 intelligat

1922 2297 2266 2366 mysterium.
2315 2294 2518 2351 Verum
2573 2297 2904 2352 luculentius
2952 2298 3270 2368 certiusque
3316 2298 3518 2366 quovis

1921 2385 2208 2440 ratiocinio
2240 2402 2326 2454 ea,
2359 2401 2481 2456 qua:
2522 2386 2591 2442 ab
2633 2387 2965 2458 archangelo
3009 2387 3076 2442 ad
3111 2388 3286 2456 ipsam
3315 2386 3516 2458 Deipa-

1921 2493 2038 2532 ram
2084 2478 2228 2532 dicta
2278 2488 2426 2542 sunt,
2467 2479 2637 2534 divini
2674 2477 2835 2533 Verbi
2871 2488 2925 2535 et
2955 2478 3194 2534 hominis
3242 2481 3510 2535 unitatem

1919 2573 2414 2628 demonstrarerint
2457 2592 2472 2628 :
2524 2573 2643 2643 ejus
2685 2573 2800 2627 haec
2844 2582 2974 2628 sunt
3012 2573 3177 2627 verba
3224 2591 3237 2627 :
3276 2570 3515 2643 Spiritus

1917 2675 2136 2719 sanctus
2166 2666 2492 2734 superveniet
2519 2666 2574 2718 in
2611 2674 2678 2729 te,
2709 2675 2759 2719 et
2800 2667 2969 2719 virtus
3005 2665 3272 2720 Altissimi
3318 2668 3514 2720 obum-

1917 2759 2091 2813 brabit
2117 2759 2464 2828 tibi,ideoque
2493 2769 2542 2813 et
2569 2762 2708 2830 quod
2734 2769 2982 2815 nascetur
3010 2769 3274 2822 sanctum,
3299 2759 3513 2814 uocabi-

1917 2860 2006 2905 tur
2028 2850 2207 2906 Filius
2237 2851 2331 2906 Dei
2350 2852 2416 2906 ³³.
2442 2851 2618 2906 Stulte
2647 2852 2812 2922 igitur
2835 2849 3251 2906 Samosatenses
3271 2848 3513 2907 Verbum

1914 2942 2184 3010 dividunt,
2213 2959 2336 2998 cum
2363 2943 2454 2997 his
2482 2959 2551 2998 ex
2583 2942 2766 2998 verbis
2804 2943 3014 2998 clarum
3048 2943 3120 2999 sit
3164 2943 3344 3012 ipsum
3387 2941 3518 2998 uni-

230 3038 422 3108 σαφῶς
450 3037 835 3107 ἀποδειχθέντα
866 3037 1105 3109 ἡνῶσθαι
1143 3039 1221 3110 τῷ
1261 3041 1326 3094 ὲκ
1357 3041 1577 3115 Μαρίας
1606 3044 1811 3117 ἀνθρὼ-

1947 3051 2031 3089 um
2073 3035 2246 3091 fuisse
2291 3036 2503 3090 homini
2552 3050 2619 3090 ex
2657 3034 2830 3090 Maria
2883 3046 3185 3106 assumpto.
3216 3035 3336 3091 Non
3378 3050 3512 3108 ergo

227 3151 338 3203 πῳ.
369 3131 485 3186 Οὐκ
510 3131 618 3203 ἄρα
642 3131 922 3200 ἀπεστάλη
948 3133 1015 3186 δι’
1041 3133 1205 3186 αὐτοῦ
1231 3149 1245 3162 ’
1281 3134 1576 3189 ἀπέστελλε
1609 3137 1720 3209 (50)
1755 3138 1813 3191 δὲ

226 3228 286 3280 δν
348 3225 499 3296 αὐτῷ
546 3268 562 3292 ,
631 3221 804 3294 λέγων
843 3245 858 3258 ο
933 3225 1336 3295 Πορευθέντες
1393 3230 1813 3299 μαθητεύσατε

225 3319 429 3372 πάντα
456 3317 528 3372 τὰ
558 3319 727 3386 ἔθνη.
1445 3315 1450 3320 ’

297 3412 387 3467 55.
444 3409 605 3474 ’Ἑθος
650 3410 708 3463 δὲ
753 3408 908 3464 τοῦτο
949 3412 1016 3481 τῇ
1074 3410 1264 3483 Γραφῇ
1319 3411 1666 3483 ἀπεριέργως
1717 3414 1812 3468 καὶ

227 3502 416 3567 ἁπλῶς
442 3501 539 3565 τὰς
567 3501 740 3568 λέξεις
784 3497 1102 3572 ὲκφράζειν.
1148 3500 1306 3554 Οὕτω
1332 3502 1441 3575 γὰρ
1476 3504 1571 3556 καὶ
1604 3506 1662 3556 ὲν
1696 3507 1811 3568 τοῖς

239 3595 519 3669 ’Δριθμοῖς
542 3612 624 3658 τις
654 3595 876 3665 εὑρήσει
897 3611 909 3624 ·
940 3590 1089 3647 Εἷπε
1119 3593 1250 3666 γὰρ,
1284 3595 1438 3665 φησὶ,
1465 3595 1690 3664 Μωσῆς
1730 3595 1811 3662 τῷ

237 3688 538 3758 Ῥατουὴλ
576 3685 656 3754 τῷ
675 3685 1032 3754 Μαδιανίτῃ,
1067 3686 1302 3758 γαμϐρῷ
1338 3685 1527 3757 Μωσῆ
1563 3690 1694 3760 (51).
1731 3689 1806 3743 Οὐ

225 3784 334 3854 γὰρ
367 3781 525 3845 ἄλλος
554 3779 759 3848 Μωσῆς
796 3779 824 3831 6
851 3778 1045 3844 λέγων,
1075 3781 1170 3834 καὶ
1197 3780 1355 3845 ἄλλος
1377 3776 1438 3834 οὗ
1461 3775 1528 3853 ἦν
1558 3781 1808 3854 γαμϐρὸς

221 3876 254 3935 6
287 3872 578 3943 Ῥαγουὴλ,
610 3871 746 3926 ἀλλὰ
792 3865 872 3935 εἷς
903 3866 971 3942 ἦν
1005 3873 1032 3924 6
1066 3872 1276 3944 Μωσῆς
1327 3871 1459 3943 (52).
1511 3872 1574 3926 Et
1616 3872 1726 3946 γὰρ
1778 3873 1806 3927 6

223 3965 394 4033 Λόγος
434 3962 528 4016 τοῦ
576 3961 710 4016 Θεοῦ
749 3963 841 4016 καὶ
883 3964 1044 4032 σοφία
1094 3963 1296 4034 ὁμοίως
1349 3966 1678 4036 χρηματίζει
1711 3965 1806 4019 καὶ

221 4057 474 4127 δύναμις,
511 4056 604 4110 καὶ
630 4054 802 4122 δεξιὰ,
845 4055 940 4108 καὶ
975 4056 1237 4126 βραχίων,
1273 4057 1367 4108 καὶ
1398 4057 1501 4110 ὅσα
1526 4057 1751 4111 τοιαῦτα
1785 4074 1800 4089 ·

221 4150 426 4220 ἥνωται
470 4146 580 4217 (55)
627 4146 683 4200 δὲ
738 4146 1137 4218 φιλανθρώπως
1189 4150 1341 4220 ἡμῖν,
1392 4147 1490 4219 τὴν
1548 4149 1802 4221 ἀπαρχὴν

222 4239 380 4313 ἡμῶν
414 4239 790 4311 περιθέμενος,
821 4238 914 4292 καὶ
943 4239 1118 4312 ταύτῃ
1162 4239 1493 4312 ἀνακραθείς
1514 4259 1527 4272 ο
1561 4241 1670 4314 ἄρα
1705 4242 1803 4296 αὐ-

219 4333 312 4396 τὸς
343 4333 371 4386 6
401 4331 573 4400 Λόγος
609 4331 703 4384 καὶ
729 4330 798 4383 τὰ
838 4329 1000 4384 λοιπὰ
1037 4331 1262 4395 εἰκότως
1287 4330 1506 4403 εἴληχεν
1534 4332 1796 4402 ὀνόματα.

221 4425 296 4479 Τὸ
338 4423 450 4496 γὰρ
493 4422 772 4496 εἰρηκέναι
813 4421 902 4475 τδν
957 4422 1211 4495 Ἰωάννην
1256 4423 1366 4494 (54)
1414 4425 1470 4477 ὲν
1509 4425 1651 4496 ἀρχῇ
1689 4422 1791 4494 μὲν

1919 3125 2155 3181 Verbum
2205 3143 2302 3198 per
2346 3126 2628 3182 Christum
2671 3136 2757 3182 est
2793 3129 3051 3193 missum,
3099 3129 3195 3184 sed
3230 3129 3417 3198 potius
3450 3130 3509 3185 in

1912 3218 2134 3277 Christo
2163 3223 2335 3286 misit,
2363 3237 2489 3276 cum
2527 3221 2638 3289 ait,
2680 3220 2788 3289 Ite,
2819 3223 3001 3277 docete
3024 3240 3203 3280 omnes
3232 3235 3411 3295 gentes
3434 3221 3506 3280 ⁵⁸.

1981 3404 2072 3459 55.
2115 3402 2334 3459 Scilicet
2365 3403 2413 3459 is
2445 3413 2530 3460 est
2563 3419 2685 3459 mos
2735 3403 3035 3476 Scriptum
3082 3406 3409 3478 simpliciter
3449 3419 3506 3468 et

1910 3495 2032 3552 sine
2074 3497 2431 3551 exornatione
2473 3497 2640 3551 verba
2678 3496 2893 3554 eﬂerre.
2933 3497 3025 3554 Sic
3053 3501 3288 3571 exempli
3321 3504 3501 3572 gratia

1909 3591 1964 3645 in
2008 3590 2150 3644 libro
2196 3587 2562 3644 Numerorum
2629 3589 2746 3644 haec
2796 3589 3069 3660 legimus:
3105 3591 3258 3646 Dixit
3295 3594 3503 3666 Moyses

1915 3680 2135 3753 Βαριωίὶ
2166 3681 2484 3736 Madianitaz
2512 3697 2698 3752 genero
2729 3681 2932 3752 Moysi:
2955 3682 3022 3736 "’.
3047 3681 3159 3740 Nec
3181 3685 3328 3741 enim
3359 3687 3503 3744 alius

1905 3782 2027 3830 erat
2061 3772 2276 3845 Moyses
2318 3773 2413 3843 qui
2455 3773 2804 3844 loquebatur,
2847 3784 2900 3828 et
2938 3775 3099 3842 alius,
3140 3775 3300 3847 cujus
3335 3794 3502 3850 gener

1905 3875 2027 3922 erat
2058 3865 2265 3938 Raguel
2297 3883 2311 3920 :
2344 3867 2438 3921 sed
2479 3880 2623 3920 unus
2655 3872 2775 3919 erat
2805 3863 3041 3936 Moyses.
3071 3865 3420 3939 QuaprOpter
3447 3870 3498 3926 si

1904 3957 2109 4029 pariter
2132 3955 2371 4010 Verbum
2403 3954 2520 4022 Dei,
2552 3955 2844 4025 sapientia,
2867 3956 3064 4022 virtus,
3091 3957 3336 4025 dextera,
3367 3960 3498 4015 bra-

1903 4052 2111 4117 chium,
2145 4050 2453 4120 similiaque
2493 4049 2827 4120 appellatur;
2881 4050 2928 4106 si
2977 4049 3107 4106 item
3158 4067 3282 4108 sese
3335 4053 3497 4109 nobis

1902 4146 2199 4202 clementer
2248 4141 2555 4214 conjunxit,
2600 4151 2927 4214 nostrasque
2975 4143 3154 4200 induit
3201 4145 3494 4216 primitias,

1902 4237 2233 4308 quibuscum
2271 4249 2392 4291 sese
2413 4233 2762 4290 commiscuit
2793 4253 2808 4290 :
2847 4250 2978 4306 ergo
3003 4238 3166 4292 etiam
3190 4237 3332 4294 idem
3357 4236 3491 4293 Ver-

1901 4327 2032 4383 bum
2068 4337 2260 4383 ctetera
2295 4324 2518 4381 nomine
2545 4323 2678 4396 jure
2706 4325 2904 4381 merito
2930 4328 3193 4383 sortitum
3233 4337 3340 4384 est.
3365 4327 3495 4384 Hac

1899 4421 2046 4477 enim
2095 4419 2324 4475 Joannis
2374 4419 2538 4474 verba
2588 4419 2788 4488 quibus
2833 4417 3076 4476 Verbum
3115 4420 3171 4476 in
3219 4422 3496 4494 principio

290 4565 339 4599 ³⁸
362 4563 525 4620 Joan.
553 4579 631 4630 ιι,
661 4561 752 4620 25'.
829 4563 873 4595 ³³
896 4559 1029 4616 Luc.
1063 4559 1217 4643 1,.55.
1295 4558 1342 4591 ⁴⁰
1374 4557 1565 4613 Matth.
1601 4572 1794 4616 xxvm.

1991 4555 2034 4587 δι
2063 4552 2224 4608 Num.
2249 4570 2305 4619 x,
2340 4556 2429 4610 29.
2537 4553 2540 4556 ’

291 4695 423 4772 (21)
445 4697 538 4772 Sic
569 4699 772 4772 Regius
799 4709 855 4772 et
891 4697 1117 4772 Seguer.
1149 4696 1220 4750 At
1252 4695 1342 4750 alii
1374 4704 1431 4772 et
1463 4695 1592 4772 editi
1627 4695 1790 4772 omit;-
1815 4699 1869 4760 D

1965 4691 2080 4764 (28)
2099 4691 2220 4766 “Sic
2248 4690 2472 4766 Segius,
2503 4691 2728 4763 Seguer.
2764 4691 2932 4750 Basil.
2967 4704 3024 4752 et
3053 4694 3267 4766 Anglic.
3293 4695 3365 4752 At
3389 4697 3488 4756 alii

217 4761 340 4829 tunt
367 4761 551 4826 αὐτόν.
579 4761 698 4826 Μοᾶ
727 4770 929 4839 Regius
957 4761 1012 4823 et
1039 4766 1288 4839 Seguer.,
1308 4765 1688 4839 φθεγγόμενοι
1724 4766 1784 4819 οὐ

1947 4761 2383 4839 ιιζι-ᾁόῃίελέφη.

217 4843 447 4913 νοοῦσιν.
482 4841 545 4913 οι
567 4842 682 4913 γάρ
706 4882 723 4907 ,
757 4837 862 4895 etc.
894 4839 999 4892 Alii
1026 4847 1081 4913 e_t
1112 4837 1240 4913 editi
1261 4837 1336 4913 οῦ
1374 4838 1632 4913 omittunt
1657 4846 1788 4913 ante

217 4912 451 4967 νοοῦσιν.
480 4906 713 4966 Goble'r.
740 4920 921 4966 autem
948 4917 1003 4963 et
1038 4906 1218 4962 Felck.
1252 4908 1278 4961 1
1322 4907 1524 4961 habent
1562 4906 1786 4970 ibidem,

1985 4832 2078 4896 29)
2109 4832 2317 4903 ﬁegius
2343 4832 2656 4903 γενόμενον.
2734 4847 2743 4855 ·

1984 4903 2075 4976 '60)
2098 4900 2804 4976 _Beg._Seguer.__Basilien.
2844 4904 3132 4976 Anglican.
3175 4913 3230 4960 et
3259 4904 3484 4963 Gobler.

217 4987 280 5039 Ol
304 4984 434 5054 γάρ,
468 4990 574 5054 etc.
602 4980 770 5054 Basil.
793 4989 846 5035 et
873 4977 1110 5050 Anglic.,
1149 4979 1245 5031 Ὃν
1280 4977 1421 5049 γάρ,
1456 4987 1562 5032 etc.
1595 4975 1789 5031 Caeteri

1947 4971 2211 5054 iri-5335135.
2364 4971 2617 5054 'et_editi,
2643 4971 2948 5054 adoretis.

215 5067 268 5109 et
298 5051 454 5114 editi,
479 5051 554 5104 υύ
587 5051 717 5162 γάρ,
745 5061 852 5106 etc.

285 5122 400 5162 [Ἧι
444 5120 656 5162 Fnrlnn
706 5121 816 5162 γάρ»

285 5122 400 5190 (22)
441 5120 609 5193 Forte
625 5120 688 5193 οἷς
706 5121 835 5193 γάρ.

284 5185 400 5260 (25)
443 5192 535 5246 Sic
562 5185 854 5262 Regius'et
884 5189 1108 5262 Seguer.
1160 5189 1230 5262 At
1258 5187 1349 5262 alii
1383 5196 1439 5242 et
1475 5187 1642 5254 editi,
1695 5185 1794 5260 τὴν

201 5258 590 5334 ’ἀνέκφρειστον
615 5258 867 5334 γὲνντισιν
895 5259 1132 5334 δνταῦθοι
1169 5258 1443 5334 ἰφάνγιιςο

288 5327 408 5405 (εξ)
430 5327 639 5405 Regius
659 5343 715 5405 et
753 5327 1002 5405 δεδίασι-η
1030 5331 1170 5403 πρὸς
1195 5330 1294 5402 τὴν
1323 5327 1555 5400 Μάρθαν
1597 5327 1759 5392 αὐτός
1778 5345 1792 5358 ·

226 5401 578 5476 ﬁtP-1159101
609 5401 746 5476 ’ζωὴν
770 5401 971 5476 λέγωῖ·

221 5467 402 5545 m(25ft)
430 5467 647 5545 gobl'er.
680 5467 899 5545 νομίσῂ.
939 5470 1066 5545 Mox
1087 5470 1324 5545 Seguer.
1361 5469 1549 5541 ὥσπερ
1574 5467 1793 5525 ἄτοπον.

311 5541 400 5612 26)
428 5541 559 5612 Reg.
593 5552 649 5598 et
681 5541 906 5612 Segne}.
933 5541 1176 5612 νοείσθω.

345 5608 401 5700 ζ)
429 5608 630 5700 Regius
859 5623 915 5671 et
948 5611 1280 5700 Seguerian.
1307 5611 1587 5668 Θεοτόκον.
1623 5608 1788 5678 Editi,

221 5684 503 5752 θισιόκου,
528 5685 808 5775 mendose:

1965 5044 2096 5124 (si)~
2115 5041 2240 5115 Seg.
2270 5042 2480 5099 Μωσεῖ.
2511 5033 2619 5099 Alii
2661 5053 2716 5101 et
2747 5045 2898 5113 editi,
2935 5045 3131 5116 Μωσῆ.
3173 5033 3477 5116 Scriptura,

1951 5118 2128 5184 ωὓσῆξ

1967 5182 2310 5266 (5ῂΒεςίυξ
2339 5182 2531 5266 codex,
2552 5183 2779 5266 Seguer.
2801 5183 3180 5266 etBasiliens.
3192 5183 3422 5266 indcium

1883 5253 2120 5325 ,Mma‘ijg,
2156 5253 2302 5324 quod
2326 5255 2586 5309 omittunt
2625 5253 2718 5325 alii
2751 5255 3010 5325 editique.
3036 5255 3160 5310 Mox
3192 5253 3396 5325 Regius
3425 5265 3476 5313 et

1897 5322 2616 5398 Segueriaﬁuxpmtaeﬁm.
2642 5324 2832 5398 ςωιςτῑ
2859 5322 2917 5380 et
2939 5326 3091 5392 editi,
3124 5322 3474 5398 χρηματίζει.

1989 5394 2078 5467 55)
2101 5393 2417 5467 Basilieiisis
2444 5405 2499 5451 et
2523 5395 2736 5467 Anglic.
2762 5393 3018 5467 ﬂvunt.“
3202 5393 3252 5467 ς’
3412 5466 3419 5467 γ
3532 5432 3540 5447 ..

1990 5463 2430 5537 54)_Sic;Regius
2459 5475 2533 5537 et,
2557 5463 2797 5537 Se'gueri
2829 5466 2900 5537 At
2930 5464 3020 5521 alii
3050 5473 3117 5537 et
3153 5465 3280 5522 editi
3313 5466 3476 5537 omit-

1897 5543 2022 5610 tunt
2050 5535 2141 5591 τὸν
2183 5535 2453 5606 Ἰωάννην.
2495 5534 2701 5592 Ibidem
2737 5534 2903 5595 Basil.
2935 5543 2994 5593 et
3030 5536 3244 5610 Anglic.
3283 5535 3387 5610 μὲν
3413 5534 3477 5593 ιν

1898 5601 2053 5663 εῖναι.

1895 5687 2053 5703 ἣ--ι-Α
