3834 6220
403 304 510 370 819

1004 314 1063 370 S.
1096 313 1466 370 ATHANASII
1498 313 1650 371 OPP.
1686 314 1866 371 PARS
1898 311 1939 368 Ι.
1971 342 2043 354 -
2080 311 2457 369 HISTORICA
2491 310 2580 366 ET
2619 299 3040 368 DOGMATICA'.

3540 311 3652 370 520

401 426 596 496 fuisse,
637 435 694 484 et
736 427 879 498 apud
918 426 1089 485 Deum
1128 445 1192 484 ac
1230 429 1402 486 Deum
1445 429 1634 494 fuisse,
1685 431 1958 501 omniaqut

2076 425 2215 484 εῖναι
2249 429 2340 482 τὸν
2362 428 2553 497 Λόγον,
2589 427 2685 481 καὶ
2725 426 2915 480 τοῦτον
2953 427 3090 498 πρὸς
3111 428 3206 481 τὸν
3234 428 3390 493 Θεὸν,
3420 432 3514 481 καὶ
3547 429 3653 482 αὑ-

399 534 501 590 per
529 521 708 591 ipsum
733 518 873 575 facta
899 535 1041 587 esse,
1065 522 1311 592 nihilque
1336 523 1454 578 sine
1483 523 1602 593 ipso
1625 539 1747 578 esse
1772 523 1974 578 factum

402 613 608 669 dicitur
631 611 699 682 δ’,
732 621 917 682 aperte
942 612 1185 682 profecto
1223 616 1518 670 ostendunt
1545 616 1722 685 ipsum
1757 631 1978 687 quoque

401 703 680 760 hominem
711 703 805 760 Dei
834 703 993 761 Verbi
1017 721 1156 776 opus
1185 722 1324 763 esse.
1357 708 1545 777 Itaque
1575 708 1621 762 si
1651 724 1798 775 eum,
1828 718 1976 779 post-

401 812 567 867 quam
607 806 897 866 corruptus
924 805 1026 864 est,
1058 797 1114 852 in
1161 813 1220 854 se
1261 799 1524 868 suscepit,
1558 808 1619 853 ut
1648 798 1826 869 ipsum
1857 808 1973 854 sta-

397 885 497 941 bili
523 895 578 943 et
597 886 754 942 ﬁrma
784 887 870 941 sui
899 887 1250 942 renovatione
1273 895 1534 958 perpetuo
1555 901 1974 957 permansura!)

399 978 668 1042 reﬁceret,
703 993 869 1048 quam
904 977 1124 1048 quidem
1152 979 1224 1033 ob
1262 995 1486 1035 causam
1516 979 1693 1035 eidem
1739 994 1799 1035 se
1837 994 1973 1034 con-

394 1061 612 1137 junxit,
643 1076 704 1121 ut
733 1067 885 1121 illum
923 1067 980 1122 in
1025 1077 1228 1122 sortem
1269 1069 1711 1124 conditionemve
1739 1068 1975 1124 divinio-

397 1173 516 1214 rem
559 1159 882 1230 proveheret
919 1177 933 1212 :
973 1159 1068 1230 qui
1116 1159 1234 1215 ﬁeri
1285 1169 1465 1231 potest
1509 1170 1570 1217 ut
1606 1160 1844 1216 Verbum
1876 1176 1974 1231 per

396 1249 673 1306 hominem
699 1251 795 1322 qui
824 1266 891 1306 ex
921 1249 1091 1306 Maria
1119 1260 1437 1322 assumptus
1466 1252 1556 1318 sit,
1588 1252 1818 1309 missum
1849 1267 1973 1308 esse

395 1342 633 1410 dicatur,
665 1344 890 1414 ipseque
917 1345 1286 1414 apostolorum
1319 1345 1582 1401 Dominus
1620 1346 1762 1402 inter
1809 1355 1970 1400 caete-

395 1446 490 1494 ros
529 1438 826 1508 apostolos,
857 1452 1050 1508 nempe
1078 1437 1394 1507 prophetas,
1440 1438 1508 1492 ab
1541 1439 1732 1494 eodem
1772 1439 1972 1494 missos

395 1530 758 1584 numeretur?
804 1529 886 1583 An
931 1544 1062 1584 vero
1118 1544 1290 1598 purus
1347 1530 1512 1584 homo
1563 1529 1736 1600 possit
1787 1529 1971 1585 vocari

393 1616 681 1677 Christus?
727 1620 947 1676 Minime
996 1629 1143 1677 certe
1195 1641 1210 1677 :
1267 1630 1322 1676 at
1375 1621 1557 1676 Verbo
1621 1621 1967 1692 coniunctus,

389 1707 516 1781 jure
545 1711 739 1767 merito
765 1711 1017 1768 Christus
1043 1724 1098 1768 et
1132 1710 1305 1772 Filius
1347 1712 1443 1768 Dei
1476 1721 1657 1783 potest
1685 1713 1968 1785 appellari,

2077 523 2168 577 τὸν
2187 523 2341 589 Θεὸν,
2375 523 2471 576 καὶ
2504 521 2682 575 πάντα
2723 521 2788 573 δι’
2817 519 3004 584 αὐτοῦ,
3039 521 3134 573 καὶ
3158 521 3328 590 χωρὶς
3356 520 3523 574 αὑτοῦ
3549 537 3653 589 γε-

2075 613 2336 685 γενῆσθαι
2369 613 2478 684 (55)
2512 613 2700 684 μηδὲν,
2723 612 2945 683 πλάσμα
2965 611 3060 664 τοῦ
3087 611 3222 665 Θεοῦ
3245 612 3418 680 Λόγου
3460 612 3654 681 σαφῶς

2077 706 2294 760 καὶτὸν
2327 705 2613 777 ἄνθρωπον
2659 704 2928 758 δείκνυσιν
2978 705 3263 776 ὑπάρχειν.
3308 705 3373 757 Εἰ
3419 703 3602 757 τοίνυν
3632 746 3651 769 ,

2075 796 2264 851 τοῦτον
2288 796 2636 867 σαθρωθέντα
2670 796 2785 868 (56)
2820 799 2902 860 εἰς
2929 797 3117 850 ἑαυτὸν
3141 795 3460 866 λασόμενος,
3484 795 3654 850 πάλιν

2076 889 2410 954 ἀνακαινίζει
2434 889 2523 943 διὰ
2545 889 2647 960 τῆς
2669 889 2890 960 βεϐαίας
2923 888 3090 944 αὐτοῦ
3112 889 3463 953 ἀνανεώσεως
3511 889 3652 962 πρὸς

2073 982 2332 1053 διαμονὴν
2360 981 2736 1054 ἀτελεύτητον,
2760 982 2961 1036 κα⁶ι⁴διά
2984 981 3139 1037 τοῦτο
3167 981 3383 1037 ἑνοῦται
3407 983 3488 1046 εἰς
3507 981 3654 1036 θειο-

2072 1071 2236 1144 τέραν
2265 1072 2481 1140 ἀνάγων
2525 1071 2634 1141 (57)
2677 1072 2840 1125 αὐτὸν
2867 1070 3020 1142 λῆξιν
3043 1088 3058 1103 ο
3089 1070 3210 1135 πῶς
3234 1067 3346 1126 οἷόν
3373 1088 3434 1124 τε
3465 1070 3653 1140 λέγειν

2072 1164 2160 1218 διὰ
2190 1165 2284 1219 τοῦ
2315 1167 2381 1218 ἐκ
2413 1165 2635 1235 Μαρίας
2659 1161 2946 1234 ἀνθρώπου
2979 1164 3070 1218 τὸν
3091 1165 3262 1232 Λόγον
3284 1164 3651 1230 ἀπεστάλθαι,

2072 1255 2168 1310 καὶ
2191 1257 2302 1317 τοῖς
2332 1254 2540 1316 λοιποῖς
2567 1253 2906 1319 ἀποστόλοις,
2936 1252 3080 1322 λέγω
3099 1255 3164 1326 δὴ
3185 1255 3296 1325 (58)
3316 1257 3648 1328 προφήταις,

2071 1347 2422 1403 ἀποσταλεῖσι
2449 1350 2581 1419 παρ’
2609 1347 2774 1401 αὐτοῦ
2801 1348 3148 1419 συναριθμεῖν
3166 1349 3256 1402 τὸν
3277 1349 3385 1403 τῶν
3407 1349 3649 1403 ἀποστό-

2071 1439 2178 1493 λων
2207 1439 2411 1512 Κύριον
2436 1457 2452 1507 ;
2478 1441 2604 1505 Πῶς
2635 1441 2692 1494 δὲ
2715 1441 2809 1494 καὶ
2837 1440 2948 1511 (59)
2979 1439 3200 1511 κληθείη
3232 1443 3469 1512 Χριστὸς
3490 1442 3653 1512 ψιλὸς

2071 1530 2394 1601 ἄνθρωπος;
2437 1531 2744 1603 Ἦνωμένος
2781 1531 2837 1585 δὲ
2863 1531 2942 1602 τῷ
2965 1531 3144 1602 Λόγῳ,
3179 1533 3407 1596 εἰκότως
3428 1551 3649 1606 χρημα-

2070 1622 2208 1688 τίζοι
2231 1623 2485 1694 Χριστὸς,
2517 1623 2611 1676 καὶ
2636 1623 2764 1686 Υἱὸς
2787 1621 2945 1686 Θεοῦ,
2983 1622 3188 1678 ἀνωθεν
3226 1623 3321 1677 τοῦ
3361 1623 3473 1695 (44))
3506 1642 3647 1697 προ·-

2076 1716 2247 1786 φήτου
2278 1715 2464 1782 σαφῶς
2495 1713 2859 1784 ἑκϐοήσαντος
2896 1714 2997 1785 τὴν
3033 1715 3306 1786 πατρικὴν
3342 1715 3652 1772 ὑπόστασιν

391 1806 532 1858 teste
562 1802 824 1872 propheta
861 1803 953 1874 qui
978 1802 1091 1873 jam
1123 1804 1252 1859 olim
1283 1812 1566 1874 paternam
1600 1804 1958 1859 substantiam

2068 1808 2196 1879 περί
2217 1805 2404 1872 αὑτοῦ,
2433 1807 2529 1860 καὶ
2560 1807 2804 1872 εἰπόντος
2829 1823 2844 1837 ⁸
2879 1807 2992 1863 Καὶ
3027 1807 3346 1863 ἀποστελῶ
3376 1809 3484 1863 τὸν
3506 1812 3652 1865 Υίόν

390 1891 681 1949 manifeste
709 1893 785 1947 illi
820 1895 1086 1959 attribuit,
1121 1911 1247 1950 cum
1287 1895 1383 1962 ait,
1415 1898 1486 1949 Et
1515 1895 1728 1950 mittam
1760 1895 1967 1950 Filium

390 1989 564 2035 meum
594 1982 882 2038 Christum.
926 1982 1084 2053 Apud
1129 1983 1418 2040 Jordanem
1451 1985 1634 2040 audita
1679 1985 1805 2042 item
1852 1987 1968 2042 haec

386 2088 496 2129 vox
524 2084 645 2141 est,
683 2073 789 2129 Hic
817 2084 896 2130 est
925 2074 1105 2130 Filius
1152 2092 1297 2131 meus
1331 2076 1556 2130 dilectus
1580 2077 1646 2132 ".
1681 2076 1964 2147 Siquidem

379 2163 629 2240 impletis
657 2166 944 2235 promissis
965 2209 980 2233 ,
1014 2174 1159 2222 recte
1187 2167 1276 2222 his
1301 2167 1484 2224 verbis
1517 2168 1778 2225 indicavit
1809 2169 1964 2225 illum

386 2269 509 2313 esse
545 2273 705 2330 quem
739 2274 798 2316 se
821 2259 1040 2316 misisse
1068 2259 1298 2316 dixerat.

459 2347 548 2406 54.
591 2350 893 2423 Utrumque
929 2367 1058 2422 ergo
1095 2351 1371 2408 Christum
1409 2366 1536 2409 esse
1565 2351 1961 2426 intelligamus,

386 2436 628 2499 Verbum
657 2445 867 2500 scilicet
891 2445 1160 2513 divinum,
1197 2446 1406 2502 homini
1434 2461 1503 2502 ex
1541 2444 1714 2500 Maria
1743 2461 1962 2501 assum-

385 2543 480 2605 pto
525 2535 582 2590 in
629 2528 801 2593 Maria
843 2537 1218 2607 conjunctum.
1244 2536 1486 2594 Verbum
1531 2538 1676 2594 enim
1711 2538 1814 2594 sibi
1857 2538 1964 2609 ipsi

385 2628 610 2683 donmm
659 2628 713 2683 in
759 2627 880 2698 ejus
927 2637 1088 2684 utero
1129 2627 1449 2696 fabricavit,
1497 2630 1959 2700 quemadmodum

383 2719 519 2776 olim
554 2719 825 2774 Adamum
867 2735 932 2775 ex
967 2727 1113 2775 terra
1147 2719 1498 2784 formaverat,
1544 2722 1656 2775 imo
1696 2720 1963 2777 diviniore

383 2821 535 2867 certo
561 2810 744 2877 modo,
771 2825 880 2881 quo
917 2810 986 2865 de
1031 2809 1311 2876 Salomon,
1357 2810 1451 2881 qui
1494 2809 1730 2866 Verbum
1759 2810 1963 2880 optime

384 2911 614 2957 noverat
635 2902 957 2972 sapientiam
982 2903 1264 2973 appellari,
1288 2903 1369 2958 sic
1394 2902 1656 2973 loquitur,
1685 2900 1961 2972 Sapientia

382 2990 670 3062 cdiﬁcavit
718 2992 821 3048 sibi
859 2997 1075 3049 domum
1099 2994 1145 3026 “
1175 3013 1190 3049 :
1215 3009 1381 3064 quam
1409 2995 1772 3065 interpretans
1805 2993 1957 3064 Apo-

383 3081 560 3143 stolus
583 3084 679 3154 ait,
708 3085 858 3155 cujus
885 3103 979 3142 nos
1005 3086 1193 3141 domus
1211 3087 1374 3158 510
1405 3103 1586 3142 sumus
1616 3087 1687 3152 “,
1721 3087 1959 3157 alibique

388 3178 640 3248 templum
661 3177 708 3210 “
737 3177 972 3248 appellat
1000 3196 1016 3233 :
1061 3188 1333 3249 quatenus
1364 3193 1558 3249 nempe
1581 3177 1695 3234 Deo
1717 3178 1873 3234 decet
1898 3180 1956 3234 in

384 3268 588 3339 templo
627 3268 914 3335 habitare;
967 3268 1127 3338 cujus
1160 3269 1388 3340 ﬁguram
1423 3267 1664 3338 antiquis
1707 3268 1957 3339 patribus

379 3375 479 3431 per
508 3357 853 3414 Salomonem
873 3357 1112 3428 iusserat
1143 3373 1212 3414 ex
1238 3358 1514 3429 lapidibus
1538 3358 1952 3416 aediﬁcandam:

379 3447 527 3503 unde
551 3455 740 3503 exorta
787 3447 1036 3514 veritate,
1071 3447 1245 3519 ﬁgura
1282 3449 1521 3504 evanuit.
1551 3447 1797 3520 Namque
1826 3466 1953 3506 cum

375 3537 568 3610 perﬁdi
593 3535 764 3592 Judati
803 3536 1032 3607 ﬁguram
1058 3538 1258 3594 vellent
1295 3538 1578 3595 veritatem
1604 3541 1780 3611 ipsam
1807 3555 1951 3608 esse,

376 3642 681 3697 verumque
712 3633 955 3682 evertere
979 3627 1290 3692 adiﬁcium,
1325 3628 1472 3699 quod
1502 3643 1604 3684 nos
1627 3627 1792 3684 Verbi
1824 3645 1950 3684 cum

377 3729 575 3775 natura
613 3719 852 3773 humana
883 3717 1326 3788 coniunctionem
1352 3735 1474 3776 esse
1520 3718 1750 3776 ﬁdenter
1777 3721 1953 3777 credi-

374 3827 520 3878 mus,
571 3811 710 3867 nihil
743 3810 850 3867 illis
889 3812 1129 3868 minatus
1175 3821 1262 3868 est
1298 3811 1564 3870 Dominus
1607 3829 1624 3868 :
1675 3813 1773 3870 sed
1821 3829 1948 3870 cum

373 3905 545 3976 probe
571 3905 739 3962 sciret
777 3905 995 3961 illorum
1033 3905 1395 3959 temeritatem
1425 3904 1479 3958 in
1511 3904 1660 3974 ipsos
1683 3904 1948 3973 recidere,

373 3996 493 4052 haec
521 3995 590 4052 ad
618 4011 714 4053 eos
740 3996 913 4051 dixit:
943 3994 1141 4051 Solvite
1173 3995 1421 4066 templum
1446 3996 1563 4060 hoc,
1595 4005 1645 4050 et
1683 3997 1742 4050 in
1780 3998 1946 4054 tribus

373 4088 559 4143 diebus
591 4088 831 4144 excitabo
853 4087 990 4143 illud
1013 4088 1081 4144 ".
1103 4086 1313 4154 Quibus
1334 4088 1515 4142 verbis
1535 4087 1681 4144 clare
1708 4090 1948 4144 ostendit

377 4174 630 4232 Salvator
657 4184 850 4247 sponte
877 4185 932 4230 et
967 4191 1036 4230 ex
1076 4191 1136 4231 se
1173 4175 1400 4231 dissolvi
1445 4176 1730 4232 hominum
1755 4193 1942 4248 opera.

371 4265 490 4324 Nisi
527 4267 675 4323 enim
708 4267 974 4322 Dominus
1010 4265 1356 4322 aediﬁcaverit
1391 4266 1636 4334 domum,
1667 4278 1722 4324 et
1759 4279 1946 4325 custo-

371 4358 537 4416 dierit
567 4359 861 4425 civitatem,
889 4356 1090 4413 frustra
1127 4359 1378 4413 laborant
1407 4358 1756 4424 aediﬁcantes,
1788 4369 1842 4416 et
1864 4362 1940 4416 vi-

2061 1917 2182 1971 μου
2227 1900 2336 1954 τὸν
2386 1901 2644 1970 Χριστόν
2679 1918 2694 1931 ’
2740 1901 2837 1955 ιιια)⁵
2882 1903 2940 1957 ἑν
2993 1902 3072 1973 τῷ
3130 1902 3368 1976 Ἰορδάνῃ
3388 1920 3401 1934 ·
3450 1899 3648 1970 οὗτός

2065 1994 2237 2048 ἐστιν
2265 1997 2299 2049 ὀ
2329 1996 2461 2060 Υἱός
2485 2013 2604 2063 μου
2634 1998 2667 2050 ὁ
2702 1997 3028 2066 ἀγαπητός.
3095 1995 3491 2067 Ἐκπληρώσας
3531 1998 3646 2071 γὰρ

2063 2083 2164 2154 τὴν
2196 2083 2509 2155 ὑπόσχεσιν,
2547 2084 2772 2148 εἰκότως
2808 2083 3108 2152 ὑπέδειξεν,
3154 2085 3230 2149 ὡς
3270 2077 3425 2150 οὗτός
3446 2089 3644 2158 ,ἑο-τιν,

2064 2175 2124 2230 ὃν
2164 2171 2316 2230 εἶπεν
2350 2175 2462 2247 (41)
2487 2175 2825 2232 ἀποστεῖλαι.

2132 2334 2222 2390 54.
2265 2334 2339 2388 Τὸ
2396 2334 2576 2388 τοίνυν
2633 2332 3042 2404 συναμφότερον
3094 2333 3304 2406 νοῶμεν
3354 2335 3593 2408 Χριστὸν
3619 2378 3641 2403 ,

2062 2428 2234 2496 Λόγον
2264 2428 2356 2482 τὸν
2386 2426 2528 2480 θεῖον
2557 2426 2832 2498 ἡνωμένον
2862 2425 2942 2497 τῷ
2969 2428 3034 2480 ἑκ
3073 2427 3292 2500 Μαρίας
3321 2430 3379 2480 ὲν
3407 2431 3474 2500 τῇ
3509 2431 3638 2484 Μα-

2065 2520 2172 2592 ρία.
2221 2519 2309 2572 Ἑν
2341 2519 2450 2592 γὰρ
2489 2521 2557 2590 τῇ
2598 2517 2802 2589 ταύτης
2845 2518 2999 2589 νηδύϊ
3039 2520 3068 2572 ὁ
3110 2519 3281 2587 Λόγος
3330 2521 3512 2592 ἑαυτῷ
3544 2522 3643 2575 τὸν

2062 2607 2209 2665 οἶκον
2234 2611 2584 2675 διεπλάσατο,
2631 2610 2690 2664 ὃν
2722 2609 2921 2682 τρόπον
2947 2607 3006 2675 ἐξ
3047 2611 3222 2683 ἀρχῆς
3242 2611 3333 2664 τὸν
3369 2613 3543 2684 Ἀδὰμ
3573 2616 3643 2668 ὲκ

2060 2706 2159 2778 τῆς
2187 2705 2291 2776 γῆς
2313 2721 2328 2737 ⁸
2365 2704 2565 2776 μᾶλλον
2597 2703 2654 2757 δὲ
2683 2702 2988 2774 θειοτέρως,
3020 2706 3148 2775 περί⁵
3172 2699 3234 2758 οὗ
3259 2707 3353 2758 καὶ
3382 2705 3643 2778 Σολομῶν

2062 2815 2195 2870 φησι
2211 2799 2343 2869 (42),
2359 2798 2448 2852 τὸν
2471 2798 2642 2866 Λόγον
2670 2796 2826 2860 εἰδὼς
2847 2797 2942 2851 καὶ
2977 2797 3166 2867 σοφίαν
3191 2797 3642 2868 χρηματίζουσαν

2062 2893 2330 2964 φανερῶςο
2347 2893 2414 2947 Ἡ
2433 2891 2622 2960 Σοφία
2643 2889 3030 2960 ᾠκοδόμησεν
3047 2889 3233 2958 ἑαυτῇ
3253 2886 3445 2943 οἷκον·
3462 2890 3524 2944 ὃν
3540 2892 3640 2946 καὶ

2060 2985 2090 3037 ὁ
2125 2983 2443 3048 Ἀπόστολος
2468 2981 2784 3054 ἑρμηνεύων
2808 2982 2975 3051 λέγει,
3014 2976 3087 3038 οὗ
3119 2981 3230 3052 (45)
3251 2977 3413 3048 οἶκός
3444 2982 3642 3052 ἐσμεν

2059 3075 2232 3147 ἡμεῖς
2256 3092 2270 3106 °
2303 3075 2399 3129 καί
2443 3073 2678 3146 ἀλλαχοῦ
2720 3074 2778 3127 δὲ
2815 3074 2966 3127 ναὸν
2989 3075 3406 3146 προσαγορεύει,
3444 3075 3639 3130 καθότι

2060 3169 2269 3240 πρέπον
2295 3167 2414 3240 Θεῷ
2435 3169 2492 3222 ἑν
2519 3166 2633 3238 ναῷ
2667 3168 2964 3232 κατοικεῖν,
2997 3159 3059 3221 οὗ
3088 3168 3184 3222 καὶ
3223 3168 3405 3223 εἰκόνα
3437 3169 3539 3240 τὴν
3569 3171 3640 3224 ἑκ

2055 3261 2218 3315 λίθων
2261 3264 2373 3325 τοῖς
2408 3261 2657 3326 παλαιοῖς
2704 3259 2910 3325 κτίζειν
2961 3260 3048 3315 διὰ
3079 3260 3421 3332 Σολομῶντος
3456 3278 3636 3332 προσ-

2053 3351 2244 3420 ἑταξεν
2273 3352 2384 3422 (44)
2403 3369 2418 3384 ο
2449 3348 2571 3406 ὅθεν
2593 3351 2692 3423 τῆς
2713 3351 2968 3423 ἀληθείας
2993 3351 3270 3423 φανείσης,
3305 3351 3582 3406 πέπαυται
3598 3354 3635 3424 ἡ

2053 3443 2235 3498 εἰκών.
2271 3442 2585 3513 Βουληθεῖσι
2611 3443 2721 3515 γὰρ
2748 3445 2861 3507 τοῖς
2888 3443 3168 3513 ἀγνώμοσι
3195 3442 3296 3513 τὴν
3317 3443 3503 3496 εἰκόνα
3525 3443 3637 3496 65i-

2053 3532 2139 3598 ξαι
2168 3532 2446 3603 ἀλήθειαν,
2484 3531 2580 3604 τὴν
2607 3532 2666 3586 δὲ
2704 3531 2878 3603 ἀληθῆ
2910 3530 3143 3602 οἴκησιν,
3191 3532 3258 3601 ἢν
3297 3531 3392 3584 καὶ
3435 3531 3636 3585 ἕνωσιν

2053 3623 2239 3694 σαφῶς
2271 3623 2632 3694 πιστεύομεν,
2667 3621 2916 3676 καθελεῖν
2941 3660 2958 3686 ,
3005 3621 3106 3676 οὐκ
3147 3620 3475 3693 ἠπείλησεν·
3512 3623 3632 3676 ἀλλ’

2051 3716 2237 3782 εἰδὼς,
2283 3716 2360 3781 ῶς
2401 3715 2556 3770 αὐτοὶ
2601 3715 2721 3769 καθ’
2758 3712 2968 3769 ἑαυτῶν
3011 3713 3284 3786 τολμῶσι,
3331 3713 3498 3784 φησὶν
3532 3715 3634 3768 αύ-

2049 3811 2162 3874 τοῖς
2191 3807 2338 3881 (45)·
2361 3809 2602 3864 Λύσατε
2627 3807 2735 3862 τὸν
2759 3805 2908 3861 ναὸν
2937 3805 3172 3872 τοῦτον,
3205 3803 3305 3859 καί
3327 3804 3398 3858 ἐν
3423 3807 3633 3874 τρισὶν

2045 3901 2293 3971 ἡμέραις
2337 3897 2520 3971 ἐγερῶ
2558 3899 2747 3954 αὐτόν
2775 3915 2790 3931 ο
2838 3895 3025 3967 σαφῶς
3050 3895 3263 3958 δεικνὺς
3290 3896 3318 3947 ό
3357 3895 3633 3968 ἡμέτερος

2048 3992 2262 4064 Σωτὴρ,
2290 3991 2366 4053 ὡς
2403 3989 2473 4044 τὰ
2509 3988 2644 4060 πρὸς
2688 3986 2990 4060 ἀνθρώπων
3035 3984 3444 4057 σπουδαζόμενα
3471 4025 3487 4051 ,
3529 3987 3632 4040 αὐ-

2045 4083 2200 4138 τόθεν
2234 4083 2348 4154 ἔχει
2372 4083 2472 4153 τὴν
2510 4082 2769 4136 διάλυσιν.
2820 4079 2946 4133 Ἐὰν
2989 4079 3097 4150 γὰρ
3125 4078 3201 4150 μὴ
3237 4077 3444 4149 Κύριος
3473 4079 3626 4132 οίκο-

2046 4177 2259 4249 δομήση
2280 4170 2447 4242 οἷκον,
2477 4175 2572 4227 καὶ
2608 4171 2819 4245 φυλάξῃ
2855 4171 3030 4233 πόλιν,
3070 4171 3151 4233 είς
3183 4168 3362 4240 μάτην
3393 4168 3625 4221 ἐκοπία-

2050 4286 2150 4324 σαν
2173 4270 2223 4322 οί
2254 4266 2684 4338 οἰκοδομοῦντες,
2714 4265 2808 4317 καὶ
2845 4260 3202 4334 ἠγρύπνησαν
3239 4262 3287 4314 οί
3317 4259 3622 4329 φυλάσσον-

2045 4380 2155 4426 τες.
2187 4361 2267 4416 Τά
2289 4359 2467 4413 τοίνυν
2497 4359 2606 4410 τῶν
2629 4355 2740 4427 (46)
2785 4353 3051 4408 Ἰουδαίων
3083 4352 3324 4406 λέλυται·
3362 4352 3490 4407 σκιά
3511 4352 3624 4424 γὰρ
3669 4375 3674 4386 ι

371 4451 546 4524 gilant
585 4450 956 4506 custodientes
989 4449 1059 4504 “.
1091 4449 1277 4520 Itaque
1317 4465 1440 4521 qua
1478 4451 1697 4521 quidem
1727 4451 1944 4509 Iudaeo-

2064 4449 2143 4525 ἦν·
2183 4451 2253 4505 τὰ
2282 4452 2339 4504 δὲ
2382 4449 2483 4518 τῆς
2530 4445 2855 4518 Ἐκκλησίας
2895 4445 3196 4516 ἦδρασται·
3232 4442 3623 4514 τεθεμελίωται

366 4557 493 4599 rum
516 4550 691 4608 erant,
722 4541 938 4612 penitus
965 4552 1094 4596 sunt
1121 4541 1406 4607 dissoluta,
1431 4542 1631 4613 quippe
1653 4559 1776 4598 cum
1805 4560 1944 4600 non-

368 4633 478 4691 nisi
509 4634 705 4690 umbra
737 4644 919 4689 essent
945 4652 959 4688 :
991 4633 1204 4688 ﬁrmata
1235 4641 1417 4688 autem
1445 4643 1530 4689 est
1555 4633 1818 4704 Ecclesia,
1855 4646 1943 4691 ut-

368 4735 494 4798 pote
525 4740 648 4797 quae
687 4725 744 4780 i—n
772 4734 926 4796 petra
960 4724 1184 4780 fundata
1217 4735 1332 4792 est;
1357 4739 1535 4796 neque
1569 4736 1740 4796 portae
1780 4727 1942 4783 inferi

440 4838 486 4872 δ’
518 4838 677 4894 Joan.
707 4854 746 4903 ι,
772 4839 886 4893 4-5.
963 4837 1010 4871 ⁸³
1037 4838 1227 4896 Matth.
1263 4856 1347 4910 ιιι,
1379 4841 1468 4895 17.
1535 4840 1595 4920 ,⁸⁸
1622 4840 1787 4899 Prov.
1813 4861 1894 4912 ιι,
1933 4846 1985 4899 4.

365 4929 415 4964 ⁵⁸
434 4927 582 4985 Psal.
614 4943 799 4994 cnvt,
829 4927 883 4985 4.

439 5042 553 5114 ('55)
591 5041 818 5114 Regius,
847 5039 1164 5114 Seguerian.
1188 5042 1351 5100 Basil.
1387 5045 1596 5113 Anglic.
1636 5052 1690 5098 et
1718 5044 1937 5100 Gohler.

366 5112 712 5185 γεγενῆσθαι.
747 5113 956 5184 ,ϐειθιί
993 5129 1120 5168 cum
1160 5115 1396 5170 editione
1428 5112 1688 5170 (lemmel.
1745 5133 1939 5185 γεγεν-

367 5182 601 5254 visitet:
692 5182 819 5254 ,λ
955 5251 987 5254 μ
1201 5247 1223 5254 ι

439 5252 662 5332 (δῇῌιε
692 5249 914 5332 Regius,
948 5251 1169 5332 Seguer.
1198 5250 1362 5307 Basil.
1391 5261 1445 5307 et
1481 5251 1689 5332 Anglic.
1718 5253 1934 5332 ln_aliis

363 5329 424 5398 et
454 5322 619 5398 editis
636 5322 729 5398 καί
753 5324 924 5398 dee_st.
955 5322 1080 5378 Mox
1104 5340 1236 5398 mss.
1264 5339 1482 5398 omnes,
1497 5322 1692 5377 τοῦτον
1716 5327 1928 5398 caepar-

365 5392 546 5466 θέντα.
579 5391 741 5466 Editi,
776 5393 930 5447 τοῦτο
957 5394 1306 5466 σαρκωθέντα
1327 5394 1604 5449 mendose.

435 5462 548 5533 (5'!)
582 5463 860 5531 Anglican.
890 5462 1098 5533 ἀνάγὸι.

461 5531 553 5602 58)
575 5533 782 5602 ᾼηειίο.
806 5534 885 5590 δέ.

497 5600 552 5670 9)
582 5600 681 5656 Sic
701 5603 903 5672 Regius
928 5611 982 5659 et
1007 5602 1231 5673 Seguer.
1274 5603 1332 5659 ln
1358 5607 1480 5663 aliis
1513 5615 1568 5664 et
1594 5603 1751 5663 editis
1780 5603 1932 5660 deest

365 5690 438 5727 κα

585 5742 689 5798 Τοῦ
718 5743 872 5800 abest
893 5759 922 5798 a
954 5746 1084 5816 Rrg.
1113 5755 1166 5802 et
1195 5742 1418 5810 Seguer.

2048 4545 2159 4616 γὰρ
2192 4544 2284 4597 ὲπί
2311 4543 2408 4613 τὴν
2433 4540 2658 4611 πέτραν,
2690 4539 2786 4591 καὶ
2818 4537 2982 4590 πύλαι
3008 4536 3134 4608 ᾅδου
3163 4535 3224 4588 ού
3256 4534 3622 4605 κατισχύσου-

2049 4654 2134 4690 σιν
2157 4635 2343 4704 αὐτῆς.
2387 4631 2639 4686 Ἐκείνων
2673 4625 2741 4709 ἦν
2773 4630 2834 4683 τὸ
2864 4628 3064 4698 λέγειν,
3097 4626 3230 4693 Πῶς
3260 4625 3366 4690 σὺ,
3392 4626 3622 4695 ἄνθρω-

2047 4744 2162 4796 πος
2186 4725 2291 4792 ὢν,
2324 4723 2513 4788 ποιεῖς
2550 4721 2814 4776 σεαυτὸν
2843 4721 3033 4784 Θεόν;
3063 4717 3270 4772 τούτων
3310 4717 3626 4799 μαθητὴς-6

2061 4844 2108 4875 ⁸⁵
2134 4841 2300 4898 Hebr.
2328 4855 2410 4903 ιιι,
2437 4837 2492 4893 6.
2574 4836 2621 4868 ⁸⁸
2656 4835 2832 4892 lCor.
2864 4851 2950 4903 ιιι,
2985 4833 3072 4890 16.
3150 4833 3194 4865 ⁸⁷
3228 4830 3387 4890 Joan.
3433 4851 3495 4903 ιι,
3526 4835 3624 4895 19.

2141 5045 2230 5111 41)
2267 5039 2554 5111 Regius_et
2583 5037 2804 5111 Seguer.
2837 5028 3091 5111 ὃνέῐπον.

2141 5045 2230 5111 41)
2267 5045 2470 5110 Regius
2498 5047 2554 5092 et
2583 5045 2804 5162 Salen
2837 5045 2898 5088 ον
2921 5045 3091 5116 εἰπον.

2117 5045 2230 5186 (42)
2264 5112 2342 5166 Ita
2369 5109 2590 5186 Regius,
2641 5177 2661 5186 η
2707 5103 3053 5186 gue_r_._I_3asd.
3086 5114 3141 5186 et
3186 5107 3474 5186 Anglican:
3504 5109 3620 5186 Alii

2041 5174 2228 5240 auieni
2268 5197 2393 5236 cum
2427 5174 2608 5247 editis,
2639 5174 2763 5247 εφή.
2805 5174 2942 5229 lbid.
2977 5174 3492 5246 Anglicanfomittit
3521 5182 3623 5234 καί

2039 5253 2416 5393 Ροῗίδῗίὲξξίι.
2458 5327 2512 5373 et
2537 5315 2817 5393 Anglican.
2846 5315 2925 5379 ὃς.
2965 5314 3135 5372 Paulo
3163 5328 3288 5387 post
3317 5319 3460 5376 idem
3498 5318 3620 5378 An-

2019 5389 2159 5465 glic.
2186 5389 2437 5465 καθάπερ
2469 5389 2695 5465 πρέπον.

2107 5465 2220 5534 (44)
2247 5457 2451 5534 Regius
2481 5457 2784 5534 et_Seguer.
2817 5457 3200 5534 προσέταττεν.

2111 5526 2225 5604 (45)
2257 5526 2387 5602 Reg.
2430 5540 2486 5585 et
2531 5528 2757 5599 Seguer.
2795 5526 2957 5598 φησὶν
2989 5529 3191 5590 αὐτοῖς.
3229 5526 3332 5581 Alii
3363 5535 3418 5582 et
3453 5527 3612 5599 editi,

2036 5603 2142 5674 ἔφη
2171 5603 2374 5674 αὐτοῖς.

2110 5672 2223 5742 (46)
2261 5672 2352 5728 Sic

2036 5745 2207 5801 deest.

2387 5671 2586 5741 Regius
2615 5676 2669 5724 et
2711 5642 2936 5739 Seguer.
2968 5665 3026 5720 in
3059 5666 3180 5723 aliis
3224 5675 3280 5723 et
3305 5665 3469 5721 editis
3499 5667 3614 5727 τῶν
