3834 6220
178 314 273 369 liii

1305 312 1565 370 onmno
1604 312 1671 367 tv
1712 290 1993 368 CONTRA
2024 301 2348 366 ARIANOS.

3328 305 3433 366 an

179 434 541 506 Σαμοσατεὺς
578 434 847 506 ὑπᾶρχεν
895 425 1018 487 ὅθεν
1062 432 1285 498 εἰκότως
1330 433 1399 488 τὰ
1425 430 1556 505 παρ’
1590 432 1739 498 αὐτοί

1861 416 2129 514 adversus
2160 445 2283 485 eam
2314 428 2691 500 praevalebunt
2720 424 2784 485 ι’.
2815 428 3035 485 Illorum
3069 440 3185 487 erat
3214 431 3426 487 dicere:

172 530 285 592 τοῖς
306 526 476 581 αὐτοῦ
503 524 853 593 ἀπαγγέλλει.
899 524 1037 609 Ἀλλς
1065 526 1241 602 ἡμεῖς
1264 526 1361 595 οὐχ
1397 525 1569 588 οὕτως
1610 524 1750 594 ἐμά-

173 616 340 688 θομεν
359 616 455 671 τὸν
480 615 734 686 Χριστὸν,
765 616 879 684 είγε
911 613 1075 669 αὐτὸν
1117 615 1445 686 ἠκούσαμεν,
1487 616 1579 668 καὶ
1618 615 1746 688 παρ’

1859 524 2057 588 Quare,
2080 522 2233 575 homo
2251 530 2307 575 tu
2334 537 2453 574 cum
2477 523 2572 587 sis,
2611 521 2742 591 facis
2778 523 2999 593 teipsum
3028 522 3195 578 Deum
3211 523 3296 576 ὀἳ
3329 523 3431 579 bo-

1856 614 1975 669 rum
2006 614 2310 685 discipulus
2343 623 2428 670 est
2464 614 2887 680 Samosatensis,
2925 616 3069 670 unde
3098 631 3205 671 non
3241 617 3433 672 imme-

171 707 336 763 αὐτοῦ
368 707 748 780 ἐδιδάχθημεν,
782 707 1112 780 ἀποθέμενοι
1150 708 1242 761 τὸν
1271 703 1739 778 παλαιὺνςᾶνθρω-

1853 706 1958 761 rito
1981 718 2081 761 sua
2110 721 2241 762 suos
2281 706 2472 760 docet:
2504 720 2607 761 nos
2637 718 2817 761 autem
2846 720 2955 761 non
2987 708 3089 763 ista
3115 708 3184 764 de
3209 707 3431 766 Christo

169 815 268 854 πον
304 800 402 854 τὸν
437 799 792 872 φθειρόμενον
832 800 977 853 κατὰ
1013 799 1112 863 τὰς
1139 799 1431 869 ἐπιθυμίας
1461 799 1562 868 τῆς
1608 796 1751 852 ἀπά-

1849 797 2162 866 didicimus,
2189 798 2235 853 si
2264 807 2445 853 tamen
2471 802 2596 853 eum
2630 799 2943 855 audivimus
2976 809 3031 855 et
3060 800 3276 870 ab'ipso
3301 800 3432 856 edo.

166 891 286 963 Δτης,
302 889 666 954 ἀναλαϐόντες
690 890 747 944 δὲ
768 889 858 944 τὸν
879 890 997 944 νέον
1016 886 1108 945 τὸν
1136 889 1279 944 κατὰ
1304 890 1436 944 Θεὸν
1461 888 1739 945 κτισθέντα

1853 889 1923 945 cti
1954 903 2168 952 sumus,
2206 899 2268 944 ut
2299 897 2480 944 vetere
2521 889 2761 954 homine,
2801 891 2894 960 qui
2929 892 3299 962 corrumpitur
3339 906 3430 947 so-

166 980 224 1033 ιν
253 976 569 1052 δικαιοσύνῃ
612 982 707 1035 κει)⁵
743 981 981 1052 ὁσιότητι
1013 981 1112 1052 τῆς
1146 981 1405 1052 ἀληθείας
1435 981 1573 1052 (47).
1608 982 1747 1050 Χρι-

168 1071 293 1136 bno;
320 1072 609 1144 τοιγαροῦν
645 1072 706 1126 τὸ
736 1072 1143 1145 συναμφότερον
1166 1072 1406 1137 εὐσεὸὦς
1428 1072 1675 1126 νοείσθω.

1849 980 2089 1036 cundum
2128 980 2400 1037 desideria
2438 982 2663 1047 erroris,
2694 980 2960 1052 deposito,
3007 983 3300 1038 induamus
3330 997 3431 1037 no-

1854 1088 1982 1127 vum
2016 1073 2318 1139 hominem,
2354 1074 2448 1143 qui
2482 1073 2783 1129 secundum
2813 1073 2984 1130 Deum
3018 1083 3233 1130 creatus
3259 1081 3343 1131 est
3370 1074 3428 1129 in

163 1164 378 1235 iustitia
427 1172 484 1220 et
532 1165 825 1220 sanctitate
876 1164 1121 1221 veritatis
1163 1163 1231 1219 ⁸¹.
1279 1165 1531 1220 Christus
1581 1165 1744 1235 igitur
1782 1171 2078 1235 utrumque
2106 1170 2227 1221 esse
2252 1165 2340 1235 pie
2368 1165 2721 1235 intelligatur.

232 1275 325 1332 ‘55.
365 1275 432 1329 Εί
466 1273 523 1328 δὲ
552 1273 734 1328 καὶτὸ
761 1271 921 1344 σῶμα
963 1274 1118 1328 καλεῖ
1157 1273 1426 1345 πολλαχοῦ
1472 1276 1506 1346 ἡ
1550 1272 1744 1347 Γραφῆ

164 1366 442 1440 Χριστὸν,
492 1364 569 1428 ὡς
600 1364 728 1418 ὅταν
781 1363 914 1438 λέγῃ
954 1367 983 1418 ό
1019 1365 1286 1437 μακάριος
1345 1366 1553 1437 Πέτρος
1610 1365 1747 1439 πρὸς

164 1456 464 1529 Κορνήλιον
497 1453 609 1525 (48)
634 1493 650 1517 ,
690 1452 957 1529 διδάσκων
996 1453 1235 1521 Ἰησοῦν
1268 1452 1376 1507 τὸν
1402 1452 1521 1508 ἀπὸ
1556 1451 1743 1513 Ναζα-

159 1546 287 1617 ρὲτ,
316 1546 392 1601 ὃν
425 1545 672 1615 ἔχρισεν
713 1548 746 1599 ό
782 1545 927 1612 Θεὸς
957 1546 1257 1616 Πνεύματι
1300 1545 1475 1616 ἁγίῳο
1514 1547 1608 1599 καὶ
1633 1544 1740 1599 πά-

161 1640 247 1695 λιν
278 1638 418 1712 πρὸς
478 1638 763 1701 Ἰουδαίους
789 1678 805 1703 ,
859 1638 1094 1707 Ἰησοῦν
1142 1637 1250 1692 τὸν
1295 1637 1415 1693 ἀπὸ
1442 1636 1737 1706 Ναζαρὲτ,

159 1731 356 1801 ἄνδρα
390 1730 509 1786 ἀπὸ
548 1730 657 1785 τοῦ
697 1730 845 1785 Θεοῦ
881 1723 1385 1802 ἀποδεδειγμένον
1427 1734 1514 1797 είς
1542 1724 1698 1800 ὑμᾶς
1723 1747 1737 1761 ο

160 1821 258 1876 καὶ
291 1820 453 1876 πάλιν
481 1823 511 1875 ό
540 1820 808 1893 μακάριος
833 1820 945 1889 (49)
969 1820 1180 1884 Παῦλος
1225 1821 1361 1892 πρὸς
1406 1820 1739 1893 Ἀθηναίους,

172 1910 272 1967 Ἑν
295 1912 490 1983 ἀνδρί,
571 1889 769 1982 ὥρισε,
787 1912 995 1965 πίστιν
1016 1889 1347 1981 παρασχὼν
1369 1889 1578 1976 πᾶσιν,
1600 1912 1746 1965 ἀνα-
1777 1889 1818 1943 Β

160 2005 407 2073 στήσας
460 2005 648 2061 αὐτὸν
695 2004 764 2058 ἐκ
811 2002 1073 2072 νεκρῶν·
1123 2002 1320 2057 ταύτὸν
1349 2000 1407 2056 δὲ
1454 2005 1521 2074 τῇ
1569 1992 1744 2074 χρίσει

159 2098 464 2170 πολλαχόσε
484 2097 585 2169 τὴν
609 2096 876 2163 ἀνάδειξιν
911 2097 1008 2151 καὶ
1038 2096 1140 2166 τὴν
1170 2093 1474 2168 ἀποστολὴν
1507 2095 1618 2167 (50)
1652 2088 1744 2148 εὖ-

161 2190 445 2263 ρίσκομεν·
481 2189 540 2257 ἐξ
566 2182 641 2244 ὧν
670 2188 960 2261 μανθάνειν
994 2187 1171 2254 ἔξεστι
1194 2187 1274 2259 τῷ
1306 2188 1636 2259 βουλομένῳ,
1669 2188 1746 2252 ὡς

155 2282 220 2336 οὐ
264 2280 538 2351 διαφωνία
589 2297 674 2344 τις
703 2281 764 2333 ὲν
809 2281 921 2342 τοῖς
966 2278 1173 2351 ῥήμασι
1219 2277 1330 2332 τῶν
1365 2278 1534 2346 ἁγίων
1558 2318 1573 2341 ,
1608 2277 1744 2332 ἀλλὰ

155 2374 434 2447 διαφόρως
474 2371 574 2445 τὴν
627 2372 764 2445 πρὸς
808 2371 902 2425 τὸν
947 2372 1012 2424 ὲκ
1042 2370 1260 2442 Μαρίας
1309 2369 1594 2442 ἄνθρωπον
1648 2370 1742 2423 τοῦ

156 2465 297 2519 Θεοῦ
327 2464 443 2538 (51)
480 2464 653 2534 Λόγου
683 2463 878 2517 ἕνωσιν
905 2461 1208 2532 γενομένην
1239 2462 1582 2533 ὀνομάζουσι·
1611 2461 1743 2517 ποτὲ

157 2556 262 2629 μὲν
289 2556 493 2631 χρίσιν,
533 2555 664 2610 ποτὲ
701 2555 759 2610 δὲ
798 2555 1122 2626 ἀποστολὴν,
1156 2553 1343 2611 ἄλλοτε
1375 2554 1432 2607 δὲ
1461 2553 1574 2625 (52)
1614 2555 1744 2609 ἀνά-

153 2648 347 2715 δειξιν.
383 2649 460 2703 Τὸ
500 2648 679 2702 τοίνυν
722 2647 1012 2719 λεγόμενον
1045 2632 1151 2702 tiara
1186 2647 1280 2702 τοῦ
1328 2640 1596 2718 μακαρίου
1639 2647 1745 2719 Hi;

152 2759 288 2816 τρου
318 2742 475 2815 ὀρθὸν
509 2740 647 2812 (53),
691 2741 786 2795 καὶ
826 2739 1092 2813 είλικρινῆ
1117 2739 1214 2811 τὴν
1244 2734 1473 2812 θεότητα
1501 2738 1595 2793 τοῦ
1626 2740 1742 2794 Mo-

151 2835 416 2904 νογενοῦς
459 2833 760 2906 κηρύσσει,
802 2833 864 2887 οὐ
906 2833 1009 2905 τὴν
1051 2833 1346 2886 ὑπόστασιν
1384 2831 1616 2903 χωρίζον
1646 2831 1741 2886 τοῦ

153 2924 296 2981 Θεοῦ
332 2925 510 2994 Λόγου
542 2925 650 2979 ἀπὸ
676 2924 771 2979 τοῦ
809 2922 875 2997 ὲκ
905 2923 1125 2994 Μαρίας
1167 2923 1498 2995 ἀνθρώπουνο
1540 2923 1614 2994 μὴ
1650 2923 1743 2992 γέ-

151 3018 337 3073 νοιτοι
368 3017 494 3081 Πῶς
525 3016 633 3089 γὰρ
665 3018 694 3070 ό
721 3015 958 3080 ἀκούσας
988 3014 1268 3085 πολλαχῶς
1296 3010 1357 3068 τὸ
1381 3056 1396 3082 ,
1453 3012 1599 3083 Ἐγὼ
1641 3015 1740 3068 καὶ

151 3113 187 3164 ό
216 3107 429 3178 Πατὴρ
460 3108 531 3162 ἒν
555 3108 763 3178 ἐσμεν,
802 3108 917 3170 καὶ,
959 3108 1020 3161 ὐ
1062 3104 1337 3174 ἑωρακὼς
1359 3104 1483 3175 ἐμὲ,
1520 3104 1741 3174 ἑώρακε

1923 1274 2015 1330 55.
2057 1273 2326 1330 Caeterum
2358 1275 2404 1331 si
2435 1278 2580 1346 saepe
2620 1275 2906 1346 Scriptura
2936 1276 3213 1333 Christum
3246 1277 3430 1348 appel-

1851 1366 1927 1421 let
1961 1367 2137 1436 ipsius
2163 1380 2389 1438 carpus,
2449 1377 2511 1422 ut
2548 1382 2672 1423 cum
2703 1368 2894 1424 beatus
2920 1368 3107 1423 Petrus
3138 1368 3205 1423 ad
3226 1367 3431 1424 Corne-

1846 1460 1980 1515 lium
2009 1461 2105 1525 ait,
2138 1458 2319 1515 Jesum
2346 1476 2379 1513 α
2410 1457 2683 1513 Nazareth
2705 1475 2855 1529 quem
2886 1459 3037 1514 unxit
3079 1459 3214 1514 Deus
3256 1457 3431 1531 Spirio

1850 1546 1908 1605 tu
1935 1561 2116 1605 sancto
2139 1552 2185 1583 “
2222 1570 2237 1619 ;
2270 1561 2323 1607 et
2356 1551 2422 1605 ad
2451 1549 2688 1616 Judzcos,
2721 1551 2903 1605 Jesum
2937 1550 3281 1605 Nazarenam
3303 1592 3318 1617 ,
3350 1552 3430 1605 vi-

1847 1659 1965 1696 rum
1991 1643 2338 1713 approbatum
2365 1659 2397 1696 a
2425 1641 2532 1697 Deo
2563 1644 2617 1697 in
2646 1644 2790 1698 vobis
2815 1643 2894 1710 ⁸³;
2918 1643 3106 1698 beatus
3132 1644 3259 1697 item
3285 1642 3430 1698 Pau-

1847 1731 1934 1786 lus
1985 1731 2101 1786 haec
2142 1731 2208 1786 ad
2254 1732 2614 1787 Athenienses
2662 1733 2923 1802 loquitur,
2978 1731 3045 1785 In
3088 1732 3221 1799 viro,
3273 1746 3427 1802 quem

1848 1822 2176 1888 destinarat,
2210 1823 2315 1891 ﬁde
2359 1822 2601 1877 omnibus
2653 1823 2954 1891 impertita,
3004 1839 3064 1876 eo
3132 1839 3164 1875 a
3202 1823 3425 1878 mortuis

1845 1915 2075 1969 excitato
2094 1913 2145 1947 “
2170 1906 2183 1966 ι
2217 1913 2290 1969 ita
2316 1929 2457 1983 saepe
2481 1930 2701 1986 quoque
2729 1915 3096 1986 ostensionem
3124 1923 3180 1968 et
3204 1915 3427 1970 missio-

1847 2021 1970 2061 nem
1995 2006 2136 2062 idem
2168 2022 2289 2062 esse
2315 2022 2380 2061 ac
2411 2007 2721 2062 unctionem
2759 2008 3080 2077 reperimus.
3120 2005 3200 2061 Ex
3221 2007 3423 2077 quibus

1846 2097 2021 2152 cuivis
2048 2095 2174 2152 licet
2212 2096 2423 2154 discere
2463 2098 2598 2153 nihil
2631 2098 2686 2153 in
2727 2098 2910 2154 verbis
2950 2106 3263 2154 sanctorum
3300 2113 3424 2154 esse

1845 2187 2128 2242 dissonum
2156 2201 2170 2240 :
2198 2188 2291 2242 sed
2320 2189 2484 2244 variis
2508 2198 2718 2243 tantum
2745 2190 3061 2245 nominibus
3085 2190 3424 2260 conjunctio-

1845 2293 1970 2335 nem
2006 2278 2103 2334 Dei
2137 2279 2299 2335 Verbi
2334 2296 2460 2335 cum
2490 2280 2713 2335 homine
2740 2295 2808 2336 ex
2837 2279 3005 2336 Maria
3034 2290 3319 2353 assumpto
3349 2282 3422 2337 il-

1844 2372 1929 2427 los
1953 2370 2262 2442 designare,
2287 2378 2409 2427 cum
2443 2384 2565 2427 eam
2588 2373 2752 2427 modo
2784 2373 3097 2429 unctionem
3125 2374 3419 2444 appellant,

1844 2459 2007 2515 modo
2052 2461 2394 2529 missionem,
2430 2462 2593 2517 modo
2633 2462 3022 2518 ostensionem.
3066 2462 3294 2518 Rectum
3336 2473 3423 2519 est

1845 2555 2012 2625 igitur
2034 2555 2182 2626 quod
2223 2555 2301 2611 ait
2327 2555 2519 2611 beatus
2553 2553 2767 2619 Petrus,
2798 2554 2889 2623 qui
2934 2569 3117 2609 veram
3143 2555 3419 2627 Unigeniti

1842 2646 2101 2717 praedicat
2143 2646 2479 2702 divinitatem
2512 2686 2527 2711 ,
2581 2660 2682 2701 nec
2729 2645 2825 2701 Dei
2884 2643 3048 2701 Verbi
3083 2648 3419 2719 hypostasim

1842 2738 2104 2809 disjungit
2157 2738 2229 2793 ab
2266 2738 2488 2793 homine
2539 2752 2605 2791 ex
2655 2736 2826 2793 Maria
2874 2748 3160 2809 assumpto
3204 2754 3218 2791 :
3272 2738 3421 2810 quod

1842 2831 2067 2886 omnino
2089 2830 2260 2886 absit!
2286 2828 2390 2896 Qui
2411 2830 2557 2885 enim
2585 2830 2639 2886 id
2665 2832 2753 2886 ille
2780 2831 3022 2896 auderet,
3050 2832 3140 2901 qui
3167 2829 3423 2902 frequen-

1842 2929 1926 2977 ter
1964 2921 2155 2987 audiit,
2198 2921 2311 2994 Ego
2357 2931 2407 2977 et
2462 2920 2627 2977 Pater
2660 2939 2826 2977 unum
2877 2940 3060 2978 sumus
3083 2924 3152 2993 ⁸⁸,
3195 2932 3270 2992 ει,
3315 2923 3421 2991 Qui

1841 3015 1973 3071 vidit
2006 3032 2107 3081 me,
2137 3016 2267 3070 vidit
2310 3014 2618 3070 Patrem“?
2641 3014 2781 3070 Hinc
2815 3018 2979 3071 etiam
3017 3026 3140 3086 post
3176 3032 3426 3072 resurre-

1841 3108 2078 3162 ctionem
2103 3106 2247 3162 idem
2277 3121 2497 3175 corpus,
2541 3105 2726 3175 januis
2752 3107 2974 3172 clausis,
3007 3107 3072 3160 ad
3105 3108 3420 3164 universum

150 3199 267 3254 τὸν
307 3199 547 3268 Πατέρα
581 3215 603 3262 ;
636 3200 714 3253 Δι’
761 3192 823 3253 οὗ
874 3199 970 3253 καὶ
1016 3197 1154 3269 μετὰ
1197 3196 1293 3268 τὴν
1331 3197 1648 3260 ἀνάστασιν,
1677 3197 1738 3249 τὸ

1853 3200 2214 3268 apostolorum
2262 3209 2465 3255 cretum
2516 3200 2826 3269 ingressum
2868 3207 2990 3265 est;
3033 3199 3177 3268 quod
3213 3214 3282 3255 ne
3329 3202 3418 3257 eui

151 3293 313 3358 αὐτὸ,
347 3292 750 3362 κεκλεισμένων
789 3291 899 3345 τῶν
951 3284 1150 3362 θυρῶν,
1190 3290 1571 3362 εἰσερχόμενον
1604 3290 1741 3362 πρὸς

151 3384 345 3437 πᾶσαν
376 3383 485 3436 τῶν
519 3366 836 3437 ἀποστόλων
879 3383 977 3453 τὴν
1007 3381 1294 3454 ξυνωρίδα,
1329 3383 1421 3436 καὶ
1450 3381 1504 3436 εί
1540 3399 1594 3435 τι
1625 3381 1737 3454 (54)

150 3476 343 3547 παρῆν
369 3477 436 3529 ὲκ
461 3474 652 3529 τούτου
694 3476 979 3540 δυσπειθὲς
997 3517 1013 3540 ,
1058 3475 1388 3530 διαλύσαντα
1413 3474 1493 3547 τῷ
1525 3478 1698 3529 εἰπεῖν
1723 3515 1736 3538 ,

154 3567 581 3637 ΐηλαερήσατέ
597 3585 696 3638 με,
727 3570 826 3622 καὶ
854 3560 1140 3634 βλέπετε,
1177 3568 1266 3622 ὅτι
1288 3558 1524 3637 πνεῦμα
1543 3567 1739 3637 σάρκα

150 3661 254 3715 καί
306 3656 493 3713 ὀστέα
539 3658 654 3735 (55)
700 3661 811 3714 οὐκ
855 3660 981 3729 ἔχει
1003 3701 1017 3723 ,
1073 3660 1268 3725 καθὼς
1323 3659 1428 3729 ἐμὲ
1475 3661 1739 3728 θεωρεῖτε

151 3754 399 3825 ἔχοντα.
431 3750 542 3804 Καὶ
574 3750 672 3803 οὐκ
702 3745 843 3815 εἷπε,
875 3751 1059 3815 Τόνδε,
1093 3751 1149 3823 ἢ,
1179 3751 1269 3805 τὸν
1303 3749 1586 3822 ἄνθρωπόν
1613 3763 1736 3821 μου,

150 3846 211 3898 δν
258 3842 565 3913 ἀνείληφα,
617 3836 731 3895 ἀλλ’
774 3842 893 3912 ἐμέ.
934 3841 1095 3896 Ὅθεν
1127 3842 1382 3914 οὐδεμίαν
1410 3842 1739 3914 συγγνώμην

152 3937 339 4007 εὑρεῖν
370 3933 662 4004 δυνήσεται
703 3934 733 3986 ὁ
775 3934 1126 4004 Σαμοσατεὺς
1153 3975 1168 3997 ,
1211 3934 1275 3987 ὲκ
1321 3926 1590 3989 τοσούτων
1639 3935 1739 4007 τὴν

153 4029 355 4081 ἕνωσιν
397 4024 495 4080 τοῦ
532 4024 668 4079 Θεοῦ
701 4010 874 4092 Λόγου
906 4024 1237 4096 διελεγχθείς
1264 4043 1278 4057 ’
1315 4026 1408 4079 καὶ
1447 4027 1540 4080 ἀπ’
1576 4026 1741 4081 αὐτοῦ

153 4118 213 4174 δὲ
239 4118 339 4172 τοῦ
370 4118 507 4172 Θεοῦ
536 4096 731 4187 Λόγου,
763 4118 889 4193 ἄρτι
928 4117 1028 4188 μὲν
1059 4112 1196 4191 ⁸ινὲρὸς
1229 4117 1434 4182 πάντας
1458 4118 1558 4189 τὴν
1603 4119 1738 4172 πεῦ-

157 4214 245 4264 σιν
290 4205 683 4283 προσάγοντος,
732 4206 825 4263 καὶ
856 4200 1218 4279 πληροφορῶν
1257 4209 1366 4283 ἀπό
1407 4226 1466 4263 τε
1504 4209 1599 4279 τοῦ
1640 4228 1742 4279 φα-

153 4300 278 4372 γεῖν
311 4302 411 4355 καὶ
442 4301 541 4372 τὴν
569 4299 885 4373 ψηλάφησιν
915 4300 1229 4372 ἐπιτρέψαι,
1277 4299 1311 4372 ἢ
1350 4299 1415 4371 δὴ
1456 4301 1552 4355 καὶ
1583 4301 1743 4371 γεγέ-

152 4394 339 4464 νηται.
368 4392 595 4456 Πάντως
626 4386 735 4465 γὰρ
767 4393 795 4445 ὁ
825 4391 1000 4454 διδοὺς
1040 4392 1142 4462 τὴν
1173 4391 1400 4464 τροφὴν,
1432 4392 1465 4464 ἢ
1495 4392 1545 4445 oi
1573 4392 1742 4446 διδόν-

149 4481 247 4548 τες
266 4484 480 4556 ἥψαντο
500 4483 607 4536 τῶν
634 4483 853 4555 χειρῶν.
888 4474 1220 4555 Ἐπέδωκαν
1257 4478 1386 4556 γὰρ,
1420 4484 1603 4555 φησὶν,
1636 4489 1742 4541 αὐ-

1839 3288 2160 3343 incredihile
2204 3287 2502 3353 videretur,
2564 3290 2680 3359 ipsc
2722 3287 3096 3343 difﬁcultatem
3142 3290 3417 3355 removit,

1836 3395 1962 3436 cum
1979 3380 2073 3447 ait,
2093 3380 2422 3435 Contrectate
2438 3396 2539 3446 me,
2554 3389 2603 3434 et
2620 3380 2809 3445 videte,
2829 3381 2955 3450 quia
2971 3380 3188 3451 spiritus
3204 3396 3420 3435 carnem

1836 3485 1886 3529 et
1914 3488 2034 3527 ossa
2074 3488 2178 3528 non
2203 3472 2378 3541 habet,
2408 3472 2545 3527 sicut
2570 3488 2651 3526 me
2672 3471 2857 3526 videtis
2885 3470 3074 3525 habere
3093 3471 3162 3526 "'.
3192 3468 3298 3526 Ubi
3321 3470 3420 3526 ad-

1836 3565 2159 3620 vertendum
2188 3573 2272 3621 est
2297 3581 2423 3620 eum
2454 3580 2563 3621 non
2599 3564 2803 3620 dixisse
2841 3583 2854 3619 :
2899 3562 3078 3628 Hunc,
3105 3564 3211 3630 vel,
3241 3564 3419 3618 homi-

1839 3673 1963 3713 nem
1991 3672 2194 3719 meum,
2224 3672 2385 3729 quem
2417 3657 2710 3727 assumpsi,
2753 3665 3109 3724 contrectate,
3147 3657 3264 3724 sed,
3293 3673 3420 3710 con-

1840 3759 2056 3804 treetate
2084 3765 2184 3804 me.
2212 3748 2372 3804 Nulla
2400 3749 2629 3820 proinde
2669 3748 2826 3803 venia
2868 3746 3245 3805 Samosatensi
3292 3765 3420 3820 spe-

1838 3842 2007 3896 randa
2035 3849 2137 3907 est,
2157 3841 2356 3911 quippe
2379 3841 2494 3910 qui,
2526 3847 2605 3895 tot
2629 3839 2913 3895 convictus
2934 3839 3292 3910 argumentis,
3320 3854 3418 3894 ne-

1839 3946 1966 4003 gare
2013 3946 2122 3985 non
2164 3931 2342 4002 possit
2378 3929 2543 3987 Verbi
2585 3930 2682 3986 Dei
2733 3930 3176 4001 conjunctionem
3203 3948 3218 3985 :
3250 3945 3417 4002 quam

1841 4023 2102 4078 nimirum
2155 4023 2334 4095 ipsum
2379 4023 2474 4079 Dei
2525 4021 2766 4078 Verbum
2809 4023 3084 4088 asseruit,
3141 4039 3307 4093 cum,
3357 4036 3420 4078 ut

1840 4114 2004 4170 modo
2034 4113 2293 4182 vidimus,
2325 4129 2518 4171 omnim
2543 4121 2629 4170 est
2668 4114 2987 4177 allocutum,
3020 4114 3222 4184 quibus
3259 4123 3315 4170 et
3360 4129 3420 4170 se

1841 4207 2209 4264 reSurrexiss‘e
2249 4207 2627 4270 conﬁrmavit,
2678 4212 2795 4261 tum
2854 4204 3011 4277 511
3059 4206 3419 4270 comedenda,

1841 4309 1957 4356 tum
1997 4316 2058 4357 se
2099 4302 2280 4374 ipsum
2321 4297 2765 4356 contrectandum
2797 4298 3183 4369 permittendo,
3228 4299 3308 4354 uti
3338 4296 3420 4353 fa-

1842 4396 1989 4449 ctum
2020 4403 2123 4449 est.
2174 4392 2313 4449 Nam
2358 4395 2472 4451 sive
2523 4408 2648 4449 cum
2678 4391 2795 4463 ipse
2822 4391 2932 4447 illis
2967 4391 3150 4448 cibum
3177 4391 3421 4463 imperti-

1806 4550 1809 4551 ν
1843 4499 1947 4557 ret,
1975 4490 2092 4546 sive
2120 4506 2244 4546 cum
2271 4490 2374 4558 illi,
2406 4490 2550 4560 ipsi,
2579 4489 2805 4544 omnino
2834 4503 3030 4544 manus
3059 4489 3179 4560 ejus
3204 4497 3421 4545 contre-

151 4574 238 4641 τῷ
267 4575 479 4646 ἰχθύος
524 4568 712 4629 ὀπτοῦ
739 4574 944 4644 μέρος,
988 4573 1087 4630 καὶ
1125 4573 1243 4629 ἀπὸ
1264 4576 1594 4644 μελισσίου
1634 4595 1739 4646 κη-

1853 4588 2144 4638 ctaverunt.
2179 4580 2460 4652 Siquidem
2491 4577 2616 4642 Illi,
2648 4578 2846 4649 inquit,
2879 4578 3180 4634 obtulerunt
3216 4587 3420 4649 partem

148 4665 293 4731 ρίου
331 4661 445 4734 (56)
476 4664 574 4718 καὶ
620 4663 827 4734 φαγὼν
874 4659 1130 4718 ἐνώπιον
1179 4662 1397 4730 αὐτῶν,
1426 4664 1628 4720 λαϐὼν
1663 4672 1738 4723 τὰ

1841 4673 2003 4743 piscis
2036 4671 2145 4725 assi
2176 4680 2225 4725 et
2252 4671 2433 4741 favum
2464 4667 2636 4723 mellis
2661 4684 2679 4722 :
2702 4677 2753 4723 et
2781 4685 2898 4723 cum
2926 4669 3298 4724 manducasset
3330 4685 3420 4722 eo-

231 4807 281 4891 ?
311 4803 505 4860 Matth.
514 4819 637 4891 ἐν,
663 4801 798 4891 13.!
824 4803 870 4835 "
893 4800 1051 4859 Joan.
1083 4819 1137 4891 xu,
1161 4803 1269 4891 ὅδὲ
1300 4805 1367 4891 "l
1392 4803 1592 4875 Ephes.
1619 4809 1739 4891 13,“?

1854 4812 1909 4867 4.
1984 4811 2030 4842 "
2060 4810 2177 4891 Act.
2204 4823 2259 4873 ι,
2292 4808 2380 4863 58.
2454 4808 2499 4841 ⁸³
2532 4808 2655 4864 Act.
2684 4825 2744 4875 ll,
2777 4808 2869 4865 22.
2948 4808 2996 4842 ⁸⁸
3016 4807 3136 4863 Act.
3168 4823 3301 4875 xm,
3327 4809 3418 4866 5i.

152 4879 201 4912 "
239 4875 403 4932 Joan.
436 4892 491 4940 χ,
513 4875 603 4930 50.

233 4991 350 5070 μη
395 4989 619 5070 ῃρεῑυὲ,
661 4987 885 5070 Seguer.
910 4998 972 5070 et
1004 4988 1308 5059 Scriptura,
1335 4989 1435 5061 τῆς
1460 4989 1736 5063 ἀληθείας.

158 5060 269 5120 Αιἷί
292 5060 349 5118 ει
374 5060 632 5130 εοίιίητῆς
664 5062 946 5113 omittunt.

229 5133 347 5199 (48)
391 5130 466 5185 Ita
509 5127 712 5201 Regius
746 5130 939 5201 codex,
970 5127 1204 5201 Seguer.
1240 5127 1407 5201 Basil.
1443 5139 1496 5201 et
1527 5130 1738 5201 Anglic.

157 5208 225 5260 At
239 5198 489 5264 Golden,
511 5198 717 5272 Πέτρος
744 5198 1046 5271 Κορνηλίῳ.
1064 5198 1171 5252 Alii
1192 5208 1245 5255 ct
1261 5199 1428 5256 editio
1451 5198 1740 5271 Comniel.,

157 5276 369 5343 Πέτρος
394 5271 720 5343 Κορνήλιον.

228 5290 268 5328 ιτ
400 5289 720 5343 λορνηλιον.

228 5289 599 5414 (EfGobler.
642 5351 699 5395 et
741 5336 887 5414 Fel_c.
937 5339 963 5393 1
1002 5339 1260 5414 omittunt
1300 5339 1532 5414 πάλινρ
1568 5343 1745 5414 μακά.

324 5409 482 5485 '_lbid.
515 5409 772 5485 ﬁeg._et
821 5411 1140 5485 Sgguerian.
1162 5411 1359 5485 Lupo;
1404 5409 1739 5485 Ἀθηναίους.

155 5478 354 5557 Ceteri
388 5491 443 5557 et
466 5478 979 5557 editi,"A0antot;.
1007 5478 1139 5536 Item
1173 5478 1306 5537 ibid.
1328 5490 1455 5552 post
1483 5478 1542 5538 ὲν
1564 5478 1737 5557 ἀνδρί,

156 5554 341 5610 deticit
372 5551 587 5622 Anglic.
610 5551 802 5622 codex.

230 5620 583 5695 (50))llegiu5
605 5620 1028 5695 etASeguerian”
1050 5620 1372 5694 ἀποστολήν.
1406 5620 1510 5679 Alii
1533 5630 1587 5681 et
1607 5622 1735 5695 editi

159 5690 495 5755 ἀποστόλων,
523 5690 799 5746 mendose.
1309 5690 1321 5694 '
1581 5695 1590 5703 '

444 5787 716 5853 Ρλτιιοι..
752 5787 868 5850 Gn.
909 5784 1142 5853 XXVI.

681 4873 728 4905 “
756 4871 916 4928 JOan.
956 4889 1068 4937 xw,
1095 4877 1147 4929 9.
1224 4875 1269 4905 ⁵⁷
1300 4871 1619 4944 ιιιοξχιιν,
1641 4879 1733 4934 ⁸59.

1941 4991 2033 5060 5|)
2059 4990 2150 5047 Sic
2179 4987 2312 5060 ἷξες.
2344 4998 2393 5045 ει
2421 4988 2644 5060 Seguer.
2670 4987 2868 5060 lnraliis
2885 4996 2939 5060 et
2957 4988 3043 5044 ed.
3066 4985 3202 5060 Θεοῦ
3219 4987 3391 5060 deest.

1941 5056 2032 5131 52)
2066 5060 2144 5116 lta
2193 5056 2395 5130 Regius
2425 5069 2479 5115 et
2499 5056 2837 5131 'Seguerian.
2879 5059 2948 5114 At
2991 5059 3084 5113 alii
3123 5066 3178 5113 et
3205 5057 3335 5113 editi
3364 5056 3427 5110 δέ

1848 5134 2127 5187 omittunt.

1921 5202 2036 5274 (55)
2067 5198 2227 5274 Beg.,
2246 5198 2427 5274 ῥρθὸν,
2454 5208 2636 5274 ιἐιθιεἒ
2648 5197 2842 5274 Caneri
2869 5205 2923 5274 et
2953 5197 3102 5274 editi,
3127 5196 3313 5274 opem.

1921 5206 2013 5271 (55
2068 5206 2227 5272 Reg.,
2250 5206 2427 5274 ὀρθόν,
2454 5208 2623 5265 recte.
2648 5206 2842 5253 Caneri
2869 5206 2923 5253 et
2953 5206 3102 5263 editi,
3127 5206 3313 5269 ὀρθήν.

1921 5206 2195 5345 (54)_Reg.
2243 5268 2558 5345 seguer._et
2597 5268 2835 5345 Goblerz,
2873 5267 2972 5345 τὴν
3017 5267 3424 5345 ξυνωρίδαηκαὶ

1844 5343 1899 5396 εί
1923 5337 2245 5397 τι.’ϐοι›ῐει·.
2275 5337 2441 5396 habet
2480 5340 2607 5396 item
2634 5339 2726 5394 καὶ
2760 5337 2814 5392 εί
2839 5355 2913 5392 τι.
2931 5337 3008 5393 ⁷1η
3040 5337 3171 5394 aliis
3190 5347 3245 5396 et
3264 5339 3425 5393 editis

1843 5414 1996 5470 deest
2021 5412 2121 5535 Ἦν
2149 5421 2203 5467 ει
2225 5412 2341 5499 atat..-

1912 5480 2027 5535 (55)
2106 5498 2190 5535 ea.
2217 5491 2273 5535 et
2298 5482 2341 5535 δ

1936 5480 2027 5554 55)
2056 5477 2190 5554 Beg.
2217 5491 2273 5537 et
2298 5481 2549 5554 Seguer.,
2572 5477 2723 5533 ὀστᾶ.

1933 5545 2025 5622 56)
2058 5545 2258 5622 Regius
2287 5558 2342 5606 et
2370 5545 2617 5622 Seguer.,
2639 5550 2860 5622 κηρίον.
2882 5547 3212 5622 Ιίᾱοηιίὶιξιι.
3235 5557 3291 5622 et
3320 5545 3427 5622 _B_a-

1839 5615 2046 5678 sili'ens.
2092 5615 2332 5684 addunt,
2378 5615 2474 5674 uati.
2513 5615 2978 5689 φαγὼν”ὲνώπιον
3011 5618 3212 5682 αὐτῶν,
3241 5615 3426 5671 λαϐὼν

1835 5693 1904 5747 τὰ
1934 5693 2186 5748 iunior-nat
2211 5690 2489 5749 ἀπέδωκεν
2517 5690 2716 5757 αὐτοῖς,
2753 5706 2874 5765 quae
2903 5690 2992 5746 alii
3014 5698 3069 5744 et
3094 5690 3224 5743 editi
3256 5703 3365 5743 om.

3083 5782 3157 5842 Π
