3834 6220
331 336 440 394 523

969 327 1027 382 S.
1068 317 1436 380 ATHANASII
1478 315 1629 373 OPP.
1674 312 1852 369 PARS
1893 313 1933 367 ι.
1968 342 2039 352 —
2075 304 2446 364 ﬂlSTORlCA
2486 300 2575 356 ET
2611 296 3030 355 DOGMATICA.

3489 287 3595 343 εει

330 468 451 516 ram
473 450 573 514 eis,
615 452 852 516 acceptas
885 440 1134 511 reliquias
1161 437 1306 489 dedit
1334 435 1409 488 eis
1433 433 1498 484 ⁵⁸.
1534 431 1611 484 lin
1645 431 1830 500 igitur,
1861 429 1905 482 si

2046 427 2312 487 πίλοιπα,
2341 418 2647 474 ἀπέδωκεν
2669 413 2893 478 αὐτοῖς.
2934 411 3063 464 Ἰδοὺ
3089 405 3290 470 τοίνυν,
3307 404 3355 458 εί
3381 404 3475 458 καὶ
3496 405 3598 474 οὐχ

2575 511 2597 516 μ
2753 506 2813 516 -.
2861 508 2872 516 .
2928 504 2938 516 ,
3153 500 3241 516 Α..
3371 496 3559 516 ...μη

333 559 445 599 non
473 550 532 597 ut
577 555 634 594 se
664 553 790 607 erga
823 533 1088 588 Thomam
1118 528 1304 598 gessit,
1349 534 1496 580 certe
1546 524 1650 576 alia
1701 521 1912 574 ratione

336 635 468 691 fecit
493 649 586 689 eos
614 631 681 686 de
711 629 795 684 sui
822 623 1223 680 resurrectione
1253 618 1536 680 certiores,
1568 629 1692 669 cum
1718 628 1777 668 se
1807 611 1914 664 illis

335 723 785 782 contrectandum
816 716 1066 789 praebuit.
1100 711 1257 780 Quod
1293 711 1339 766 si
1380 710 1528 780 ipsas
1561 707 1728 762 etiam
1770 703 1914 758 cica-

337 818 500 873 trices
534 817 689 883 cupis
722 825 968 874 cernere,
1003 808 1152 863 disce
1195 820 1225 859 a
1271 802 1504 866 Thoma,
1547 799 1635 853 cui
1668 795 1914 850 videlicet

337 905 413 960 ait
440 903 726 967 Dominus,
765 899 914 968 Infer
957 911 1172 951 manum
1205 905 1374 955 tuam,
1410 901 1458 945 et
1488 891 1636 943 mitte
1679 889 1735 941 in
1772 886 1915 939 latus

334 1010 530 1057 meum,
558 1004 605 1046 et
629 991 770 1061 infer
795 989 1023 1059 digitum
1055 997 1224 1051 tuum,
1251 993 1298 1038 et
1324 981 1439 1037 vide
1464 997 1653 1034 manus
1683 995 1823 1033 meas
1847 979 1913 1032 ⁸³.

341 1085 513 1139 Suum
548 1083 690 1138 latus
723 1093 962 1150 suasque
989 1091 1186 1132 manus
1223 1074 1367 1128 Deus
1392 1071 1631 1126 Verbum
1664 1070 1916 1140 appellat,

341 1190 509 1246 seque
539 1182 713 1228 tomm
731 1172 1008 1225 hominem
1029 1168 1264 1224 simulet
1298 1165 1466 1220 Deum
1486 1178 1609 1218 esse
1645 1161 1914 1217 ostendit:

339 1266 491 1337 quod
511 1265 728 1335 quidem
753 1264 872 1332 ipso
893 1263 1056 1316 etiam
1085 1274 1273 1323 sensu,
1294 1265 1354 1311 ut
1374 1256 1672 1325 intelligere
1697 1260 1800 1319 est,
1826 1268 1920 1308 vo-

343 1358 702 1414 luitVerbum
721 1363 942 1411 sanctos
969 1353 1371 1423 experiri,cum
1410 1364 1569 1406 suum
1590 1362 1809 1417 corpus,
1836 1346 1922 1417 ja—

343 1453 472 1508 nuis
485 1451 710 1517 clausis,
724 1449 1030 1520 ingressum
1048 1456 1128 1501 est
1144 1446 1197 1499 in
1215 1444 1524 1500 cubiculum
1541 1445 1607 1508 ⁸ο,
1623 1457 1686 1496 ae
1702 1448 1923 1510 repente

344 1553 533 1600 astans
575 1556 700 1596 cum
734 1554 986 1609 corpore,
1021 1552 1116 1592 eos
1159 1538 1225 1592 de
1260 1537 1339 1592 rei
1374 1537 1601 1591 veritate
1633 1546 1923 1604 persuasos

346 1634 601 1690 reddidit.
639 1632 764 1687 llaec
789 1642 970 1686 autem
1004 1629 1252 1685 ﬁdelibus
1285 1628 1505 1698 quidem
1536 1628 1602 1683 ad
1633 1626 1924 1682 conﬁrma-

351 1728 575 1791 tionem,
609 1722 916 1779 inﬁdelibus
950 1736 1080 1776 vero
1114 1722 1179 1775 ad
1207 1719 1668 1784 emendationem,
1688 1716 1823 1772 satis
1841 1715 1924 1770 di-

349 1829 437 1876 cta
465 1819 595 1874 sint.

419 1915 510 1970 56.
555 1912 727 1968 Suum
763 1912 949 1982 itaque
979 1925 1221 1966 errorem
1257 1910 1421 1964 etiam
1451 1908 1690 1980 corrigat
1719 1905 1923 1960 Paulus

352 2001 778 2067 Samosatensis,
810 2002 992 2056 divina
1029 1999 1328 2054 Salvator-is
1355 2013 1490 2054 voce
1518 1998 1702 2053 audita
1735 1996 1924 2051 dicen-

347 2098 442 2162 tis,
475 2096 680 2167 Corpus
707 2111 876 2148 meum
901 2095 965 2157 ⁶¹,
993 2108 1100 2148 non
1128 2101 1330 2156 autem,
1357 2091 1635 2146 Christum
1665 2090 1764 2161 qui.
1787 2089 1926 2144 alius

348 2199 436 2246 est
466 2205 499 2245 a
527 2204 615 2245 me
646 2189 738 2260 qui
775 2204 894 2244 sum
932 2186 1166 2242 Verbum
1191 2227 1206 2251 ,
1256 2184 1350 2240 sed
1391 2184 1484 2253 qui
1534 2184 1676 2238 idem
1711 2197 1925 2236 mecum

348 2290 456 2348 est,
499 2290 556 2338 et
593 2296 694 2353 ego
740 2295 866 2336 cum
910 2294 994 2334 eo.
1041 2276 1155 2347 Ego
1199 2277 1344 2333 enim
1374 2273 1636 2338 Verbum,
1669 2289 1790 2330 sum
1827 2289 1929 2327 un-

351 2381 614 2446 guentum
656 2391 670 2427 :
721 2371 868 2444 quod
911 2369 1092 2424 autem
1135 2384 1166 2423 a
1217 2384 1304 2423 me
1353 2377 1580 2423 unctum
1629 2379 1732 2432 est,
1765 2365 1929 2419 homo

350 2474 466 2534 est;
501 2472 833 2537 quapropter
875 2460 1081 2516 Unctus
1116 2460 1232 2516 sive
1272 2458 1526 2515 Christus
1555 2459 1674 2512 sine
1706 2472 1794 2511 me
1826 2456 1930 2510 mi-

351 2556 502 2613 nime
542 2556 778 2622 dicatur,
807 2553 902 2610 sed
947 2551 1039 2622 qui
1088 2565 1302 2606 mecum
1344 2560 1446 2615 est,
1493 2558 1547 2604 et
1587 2550 1639 2603 in
1681 2563 1791 2619 quo
1830 2562 1932 2618 ego

353 2663 498 2704 sum.
527 2639 718 2718 Itaque
760 2645 952 2700 missio
994 2645 1084 2699 illa
1116 2643 1280 2698 Verbi
1310 2641 1614 2712 signiﬁcata
1645 2641 1765 2711 ejus
1795 2641 1936 2696 indi-

354 2749 443 2795 cat
479 2737 919 2808 eonjun‘ctionem
959 2751 1086 2791 cum
1135 2733 1262 2790 Jesu
1310 2750 1376 2790 ex
1412 2733 1582 2788 Maria
1625 2741 1931 2803 assumpto,

353 2831 450 2900 qui
493 2821 744 2884 Salvator
769 2827 992 2890 dicitur,
1029 2841 1138 2880 non
1183 2825 1346 2878 aliam
1392 2839 1525 2879 sane
1557 2823 1629 2878 ob
1667 2823 1934 2879 rationem

355 2937 524 2994 quam
559 2921 870 2991 quodcum
912 2918 1024 2974 Deo
1058 2917 1238 2973 Verbo
1280 2917 1351 2972 sit
1396 2915 1748 2985 coniunctus.
1787 2916 1935 2970 Idem

355 3014 586 3086 proinde
622 3014 776 3067 locus
822 3011 913 3066 ille
957 3010 1228 3081 signiﬁcat
1259 3017 1422 3079 atque
1452 3010 1567 3063 haec
1599 3009 1794 3073 verba,
1831 3005 1938 3072 Qui

2011 520 2086 582 ὼς
2108 521 2136 571 ὁ
2160 517 2381 586 Θωμᾶς,
2421 511 2535 565 ἀλλ’
2573 511 2721 579 ὅμως
2749 506 2813 559 δι’
2855 504 3046 574 ἐτέρας
3082 500 3303 571 μεθόδου
3332 498 3432 568 τὴν
3459 496 3600 567 πλη-

2018 610 2273 682 ροφορίαν
2301 607 2482 666 αὐτοῖς
2507 601 2750 673 παρέσχε
2778 594 3144 669 ψηλαφηθείς.
3176 593 3239 644 Et
3261 590 3318 642 δὲ
3346 590 3442 643 καὶ
3469 587 3600 650 τοὺς

2018 677 2290 772 μώλωπας
2329 696 2454 749 ἰδεῖν
2487 692 2660 754 θέλοις
2695 689 2784 762 (57
2795 705 2832 753 ),
2869 684 3022 756 παρὰ
3049 683 3221 753 Θωμᾶ
3252 680 3410 753 μάθε·
3450 677 3602 746 Φέρε

2015 794 2123 864 γάρ
2147 808 2285 853 σου,
2321 787 2476 858 φησὶ,
2509 784 2626 852 τὴν
2655 781 2822 852 χεῖρα
2854 779 2950 832 καὶ
2977 777 3138 842 βάλε
3162 777 3250 840 εὶς
3276 773 3392 841 τὴν
3413 775 3604 825 πλευ-

2012 862 2130 954 ράιθ
2152 901 2290 953 μου,
2325 880 2423 934 καὶ
2453 877 2595 947 φέρε
2619 876 2725 927 τὸν
2753 869 3061 925 δάκτυλόν
3092 883 3233 930 σου,
3274 865 3374 919 καὶ
3400 862 3604 929 βλέπε

2016 978 2125 1042 τὰς
2160 971 2364 1044 χεῖράς
2393 987 2512 1040 μου
2542 968 2677 1038 (38).
2707 962 2952 1034 Πλευράν
2986 961 3121 1014 ίδίαν
3151 958 3246 1012 καὶ
3271 959 3460 1028 χεῖρας
3486 955 3607 1006 ὀνο-

2022 1067 2206 1137 μάζων
2235 1067 2263 1118 ὁ
2283 1062 2414 1124 Θεὸς
2434 1061 2624 1127 Λόγος,
2647 1058 2738 1110 καὶ
2765 1055 2882 1108 ὅλον
2909 1051 3070 1106 αὑτὸν
3096 1048 3380 1122 ἄνθρωπόν
3405 1064 3467 1099 τε
3490 1044 3606 1114 (59)

2020 1160 2114 1214 κα).
2145 1156 2278 1212 Θεὸν
2313 1153 2470 1226 ὁμοῦ,
2507 1152 2633 1223 ἄρτι
2685 1149 2784 1220 μὲν
2816 1146 2910 1200 τοῦ
2952 1145 3123 1213 Λόγου
3159 1143 3254 1196 καὶ
3284 1140 3383 1211 τὴν
3412 1137 3609 1208 αἴσθη-

2023 1269 2104 1305 σιν
2143 1253 2258 1313 τοῖς
2287 1248 2464 1317 ἁγίοις
2506 1243 2595 1297 διὰ
2637 1241 2921 1312 σώματος,
2968 1237 3043 1299 ὼς
3077 1235 3194 1288 ἐστι
3251 1234 3410 1294 νοεῖν,
3457 1246 3606 1300 παρ-

2021 1345 2233 1416 έχοντος
2251 1340 2327 1412 τῷ
2342 1335 2622 1398 εἰσελθεῖν,
2653 1333 2760 1386 τῶν
2793 1327 2971 1404 θυρῶν
2999 1323 3397 1395 κεκλεισμένων
3420 1337 3434 1350 ·
3466 1335 3611 1391 παρ-

2023 1435 2152 1488 ευθὺ
2214 1432 2270 1485 δὲ
2320 1431 2417 1484 σὺν
2454 1428 2532 1499 τῷ
2573 1424 2783 1495 σώματι
2827 1417 3135 1492 παρεστὼς,
3177 1417 3274 1470 καὶ
3325 1414 3424 1486 τὴν
3463 1411 3607 1480 πλη-

2028 1523 2284 1598 ροφορίαν
2315 1520 2590 1592 παρέχων.
2616 1516 2802 1570 Ταῦτα
2854 1515 2967 1576 τοῖς
3009 1513 3220 1573 πιστοῖς
3256 1512 3336 1572 είς
3375 1506 3614 1578 βεϐαίω-

2027 1636 2133 1681 σιν,
2189 1617 2284 1670 καὶ
2339 1616 2460 1673 τοῖς
2501 1611 2749 1672 ἀπίστοις
2787 1608 2866 1670 εἰς
2894 1603 3178 1677 διόρθωσιν
3211 1599 3450 1673 εἰρήσθω
3479 1615 3617 1669 συμ-

2030 1724 2262 1780 μετρως.

2097 1912 2186 1968 56.
2227 1905 2567 1982 Διορθούσθω
2621 1901 2908 1976 τοιγαροῦν
2953 1900 3050 1954 καὶ
3090 1897 3302 1962 Παῦλος
3353 1895 3469 1968 (60)
3503 1895 3617 1948 Σα-

2033 2006 2319 2081 μοσατεὺς,
2361 2003 2460 2074 τῆς
2505 2000 2655 2063 θείας
2697 1998 2965 2066 κατήκοος
3009 1990 3373 2064 γεγενημένος
3403 1987 3614 2081 φωνῆς,

2034 2078 2106 2154 Τὸ
2134 2095 2306 2166 σῶμά
2333 2112 2473 2164 μου,
2501 2092 2772 2159 λέγοντος,
2812 2087 2908 2140 καὶ
2937 2085 3057 2156 οὐχ).
3095 2083 3188 2136 τὸν
3229 2079 3464 2153 Χριστὸν
3496 2078 3621 2130 ἔτερ

2034 2208 2124 2264 ρον
2156 2187 2267 2256 (61)
2300 2187 2431 2256 παρ’
2466 2184 2568 2255 ἐμὲ
2609 2183 2701 2236 τὸν
2739 2180 2934 2248 Λόγον,
2971 2175 3110 2230 ἀλλὰ
3139 2176 3238 2228 σὺν
3270 2172 3395 2244 ἐμοὶ
3424 2169 3618 2232 αὐτὸν,

2032 2260 2126 2336 καὶ
2158 2281 2258 2352 ἐμὲ
2289 2280 2385 2332 σὺν
2423 2276 2590 2347 αὐτῷ.
2627 2275 2701 2328 Τὸ
2734 2273 2845 2344 γὰρ
2876 2271 3085 2342 χρίσμα
3123 2265 3234 2336 ἐγὼ
3259 2267 3288 2319 ό
3314 2264 3512 2332 Λόγος,
3556 2260 3622 2352 το

2032 2376 2088 2428 δὲ
2113 2372 2333 2446 χρισθὲν
2357 2371 2447 2422 ὑπ’
2481 2367 2615 2440 ἐμοῦ
2645 2369 2674 2421 ὁ
2701 2366 2984 2437 ἄνθρωπος
3003 2379 3018 2393 ⁸
3053 2361 3114 2414 οὐ
3147 2357 3316 2430 χωρὶς
3341 2352 3436 2409 οῦν
3477 2351 3619 2446 ἐμοῦ

2034 2442 2269 2537 Χριστὸς
2295 2461 2524 2533 κληθείη
2553 2460 2620 2514 ἂν
2647 2457 2785 2527 (62),
2812 2454 2949 2510 ἀλλὰ
2979 2453 3075 2507 σὺν
3101 2451 3226 2522 ἐμοὶ
3253 2448 3329 2501 ὢν
3357 2447 3452 2500 καί
3478 2442 3620 2537 ἐμοῦ

2034 2535 2101 2612 ὲν
2148 2554 2317 2624 αὐτῷ.
2363 2553 2436 2606 Τὸ
2483 2551 2664 2605 τοίνυν
2701 2547 3006 2617 ἀποστολὴν
3053 2544 3147 2598 τοῦ
3189 2542 3365 2609 Λόγον
3412 2535 3623 2608 σημαίας

2039 2649 2225 2704 νεσθαι
2257 2647 2454 2701 ἕνωσιν
2493 2643 2642 2716 δηλοί
2691 2641 2789 2713 τὴν
2832 2639 2970 2713 πρὸς
2997 2639 3090 2692 τὸν
3135 2640 3199 2690 ὲκ
3231 2633 3449 2704 Μαρίας
3512 2632 3622 2699 Ἰη-

2038 2741 2186 2805 σοῦν,
2218 2740 2279 2802 ὃς
2303 2736 2663 2812 ἑρμηνεύεται
2689 2732 2902 2804 Σωτὴρ,
2931 2732 2990 2784 οὐ
3017 2730 3085 2782 δι’
3099 2726 3285 2798 ἕτερόν
3316 2743 3388 2789 τι,
3433 2721 3551 2776 ἀλλ’
3585 2720 3622 2790 ἢ

2037 2832 2127 2886 διὰ
2145 2831 2206 2884 τὸ
2235 2829 2315 2900 τῷ
2341 2828 2454 2900 (65)
2489 2825 2611 2896 Θεῷ
2637 2823 2796 2894 Λόγῳ
2822 2821 3083 2894 ἡνῶσθαι.
3139 2817 3318 2871 Ταύτὸ
3355 2814 3623 2886 σημαίνε-

2037 2937 2126 2979 ται
2163 2923 2224 2976 τὸ
2255 2920 2416 2993 ῥητὸν
2443 2917 2601 2972 τοῦτο
2637 2915 2737 2986 τῷ,
2777 2916 2832 2967 '0
2863 2913 3109 2982 πέμψας
3125 2927 3202 2980 με
3245 2907 3472 2976 Πατὴρ,
3503 2906 3622 2966 καὶ,

2053 3013 2180 3068 Ἀπ’
2217 3007 2478 3079 ἐμαυτοῦ
2515 3008 2627 3060 οὐκ
2671 3002 2979 3070 ἐλήλυθα,
3030 3001 3168 3055 ἀλλ’
3211 3002 3244 3052 ὀ
3295 2995 3501 3066 Πατήρ
3553 3011 3626 3062 με

357 3107 507 3161 misit
535 3121 616 3160 me
647 3103 812 3157 Pater
837 3105 903 3166 ⁸³,
931 3111 1004 3169 et,
1033 3103 1077 3155 A
1110 3118 1191 3156 me
1221 3103 1336 3172 ipso
1359 3117 1460 3155 non
1488 3099 1624 3164 veni,
1657 3099 1748 3154 sed
1771 3097 1934 3153 Pater

2046 3101 2379 3159 ἀπέστειλε.
2428 3097 2539 3169 Τὴν
2585 3096 2694 3166 γὰρ
2747 3094 2883 3167 πρὸς
2926 3093 3016 3146 τὸν
3054 3090 3339 3162 ἄνθρωπον
3384 3086 3585 3140 ἕνωσιν
3607 3125 3624 3150 ,

358 3215 442 3253 me
469 3198 616 3252 misit
637 3197 701 3248 ⁸³.
735 3195 956 3251 Scilicet
991 3210 1146 3250 suam
1177 3208 1303 3249 cum
1338 3192 1562 3248 homine
1591 3191 1936 3261 conjunctio~

359 3303 510 3356 nem,
534 3300 772 3358 quocum
806 3284 1098 3340 invisibilis
1130 3291 1329 3337 natura
1365 3297 1462 3352 per
1491 3281 1762 3336 visibilem
1809 3288 1937 3336 nota

361 3379 678 3436 hominibus
703 3392 825 3434 esse
853 3384 1094 3448 poterat,
1125 3375 1441 3429 missionem
1486 3373 1796 3444 appellavit.
1828 3371 1940 3428 Nec

361 3473 507 3529 enim
533 3472 652 3527 loca
686 3470 916 3526 mutavit
941 3469 1088 3524 Deus
1117 3468 1219 3538 (uti
1245 3482 1346 3522 nos
1370 3467 1464 3538 qui
1489 3467 1625 3523 locis
1651 3464 1941 3522 abscondi-

361 3563 512 3634 mur)
540 3578 664 3618 cum
693 3569 893 3617 nostra:
921 3558 1204 3630 parvitatis
1225 3567 1454 3628 accepta
1483 3557 1658 3628 ﬁgura
1692 3557 1748 3612 in
1775 3571 1942 3612 carne

363 3654 578 3712 exstitit
613 3662 669 3710 et
715 3653 984 3724 apparuit.
1021 3652 1308 3719 Quomodo
1339 3652 1486 3706 enim
1531 3652 1584 3706 id
1631 3651 1710 3705 illi
1757 3659 1944 3720 posset

365 3746 614 3802 accidere
650 3744 746 3816 qui
774 3745 974 3800 coelum
1007 3754 1060 3800 et
1086 3751 1288 3798 terram
1321 3743 1547 3814 implet?
1577 3729 1780 3797 Verum
1806 3741 1942 3812 justi

366 3847 588 3909 propter
615 3836 736 3907 ejus
769 3835 823 3889 in
854 3850 1020 3890 carne
1050 3835 1416 3904 praesentiam,
1443 3833 1724 3889 missionis
1756 3849 1942 3909 vocem

367 3905 724 4000 iisurpavere.
759 3923 880 3995 Ipse
920 3925 1086 3995 igitur
1133 3932 1216 3978 est
1264 3922 1408 3978 Deus
1439 3921 1673 3976 Verbum
1721 3940 1734 3975 :
1769 3905 1945 3990 igitur

365 4020 621 4075 Christus
641 4026 728 4074 est
753 4018 896 4073 Deus
920 4018 1086 4072 homo
1113 4032 1178 4070 ex
1210 4015 1380 4071 Maria
1411 4022 1595 4072 natus.
1634 4014 1750 4068 Non
1785 4015 1944 4077 alius,

368 4111 618 4180 inquam,
649 4106 848 4177 aliquis
877 4116 962 4161 est
992 4105 1266 4171 Christus,
1296 4105 1388 4160 sed
1417 4120 1562 4159 unus
1591 4112 1646 4158 et
1678 4103 1819 4158 idem
1841 4111 1945 4170 est,

369 4199 464 4268 qui
509 4208 636 4253 ante
666 4197 865 4253 sarcula
904 4212 970 4252 ex
1001 4196 1182 4262 Patre,
1211 4205 1265 4252 et
1305 4196 1360 4250 in
1406 4195 1612 4250 ultimis
1659 4194 1852 4250 diebus
1883 4211 1949 4250 ex

372 4290 596 4362 Virgine
638 4299 860 4345 exortus
906 4297 991 4345 est
1025 4307 1039 4342 :
1078 4287 1170 4358 qui
1211 4287 1353 4342 idem
1403 4296 1562 4341 antea
1613 4287 1747 4356 ipsis
1784 4287 1948 4342 etiam

374 4381 580 4438 sanctis
623 4381 916 4436 virtutibus
964 4380 1019 4434 in
1065 4379 1220 4435 caelis
1266 4386 1385 4433 erat
1444 4378 1756 4447 invisibilis,
1803 4395 1952 4436 nunc

2045 3196 2144 3249 σὺν
2169 3189 2213 3263 ᾧ
2241 3191 2608 3263 γνωρισθῆναι
2636 3186 2944 3259 ἀνθρώποις
2973 3179 3042 3256 ἦν
3069 3182 3297 3237 δυνατὸν
3328 3180 3430 3251 τὴν
3461 3179 3630 3251 ἀόρα-

2045 3305 2135 3340 τον
2169 3285 2329 3356 φύσιν
2370 3282 2458 3337 διὰ
2496 3283 2594 3353 τῆς
2637 3279 2940 3352 όρωμένης,
2987 3275 3292 3346 ἀποστολὴν
3316 3273 3626 3344 ὠνόμασεν.

2047 3379 2120 3432 ob
2167 3377 2277 3449 γὰρ
2316 3377 2382 3446 δὴ
2428 3374 2561 3437 Θεὸς
2613 3371 2812 3434 τόπους
2862 3368 3080 3440 ἀμείϐει
3124 3367 3238 3437 (64)
3267 3407 3282 3432 ,
3317 3364 3442 3420 καθ’
3475 3364 3631 3435 ἡμᾶς

2047 3471 2171 3533 τοὺς
2214 3471 2272 3522 ὲν
2316 3467 2502 3528 τόποις
2555 3462 2987 3536 κρυπτομένους,
3037 3458 3115 3530 τῷ
3147 3459 3246 3529 τῆς
3297 3456 3632 3528 μικρότητος

2047 3559 2205 3632 ἡμῶν
2232 3559 2471 3628 σχήματι
2499 3555 2600 3625 τῆς
2633 3552 2920 3622 ὑπάρξεως
2962 3550 3061 3619 τῆς
3105 3549 3161 3600 ὲν
3201 3545 3367 3617 σαρκὶ
3419 3541 3633 3594 ἐπιδει-

2049 3651 2312 3722 κνύμενος
2345 3647 2458 3718 (65)
2487 3664 2500 3678 ⁸
2537 3645 2656 3708 πῶς
2686 3643 2795 3715 γὰρ
2823 3644 2851 3695 ό
2883 3640 2974 3694 τὸν
3005 3637 3232 3710 οὐρανὸν
3273 3636 3367 3689 καὶ
3396 3634 3497 3706 τὴν
3524 3633 3635 3702 γῆν

2051 3741 2305 3815 πληρῶν;
2353 3739 2513 3793 Ἀλλὰ
2543 3737 2642 3808 τῆς
2689 3737 2746 3788 ὲν
2782 3733 2947 3804 σαρκὶ
2990 3728 3291 3802 παρουσίας
3335 3727 3502 3779 ἓνεκα
3531 3725 3635 3794 τὴν

2052 3832 2355 3903 ἀποστολὴν
2398 3834 2447 3884 οἱ
2493 3829 2694 3882 δίκαιοι
2737 3826 3048 3895 ὠνόμασαν.
3083 3818 3215 3876 Εἶτα
3258 3815 3350 3873 οῦν
3382 3817 3494 3888 (66)
3537 3816 3637 3870 καὶ

2052 3929 2214 3991 αὐτὸς
2241 3927 2270 3980 ό
2303 3925 2436 3988 Θεὸς
2464 3923 2654 3990 Λόγος.
2685 3917 2920 3991 Χριστὸς
2947 3912 3040 3970 οὗν
3080 3918 3108 3968 ὁ
3143 3916 3207 3967 ὲκ
3233 3912 3454 3982 Μαρίας
3497 3908 3637 3970 Θεὸς

2054 4018 2372 4091 ἄνθρωπος·
2409 4016 2508 4086 οὐχ
2531 4012 2720 4084 ἕτερός
2761 4029 2844 4075 τις
2889 4008 3146 4080 Χριστὸς,
3183 4005 3298 4057 ἀλλ’
3345 3996 3425 4091 εἷς
3470 4001 3570 4053 καὶ

2055 4111 2217 4174 αὑτός
2251 4128 2263 4141 ·
2309 4103 2463 4172 οὗτος
2518 4105 2624 4177 πρὸ
2672 4103 2882 4158 αἰώνων
2924 4104 2986 4154 ἐκ
3037 4097 3272 4168 Πατρὸς,
3328 4086 3485 4155 οὗτος
3541 4090 3636 4143 ἐπ’

2056 4202 2298 4272 ἐσχάτων
2331 4201 2395 4251 ὲκ
2417 4198 2514 4268 τῆς
2539 4194 2848 4266 Παρθένου·
2888 4192 3118 4263 ἀόρατος
3139 4189 3199 4241 τὸ
3228 4186 3341 4256 (67)
3378 4184 3508 4255 πρὶν
3541 4182 3641 4234 καὶ

2057 4293 2175 4352 ταῖς
2209 4289 2266 4340 ὲν
2298 4285 2513 4356 οὐρανῷ
2551 4284 2846 4355 δυνάμεσιν
2887 4281 3105 4351 ἁγίαις,
3143 4278 3338 4350 ὁρατὸς
3383 4275 3504 4328 νυνὶ
3549 4273 3641 4326 διὰ

2057 4381 2156 4453 τὴν
2183 4379 2321 4451 πρὸς
2347 4378 2438 4432 τὸν
2464 4375 2743 4449 ὁρώμενον
2768 4374 3054 4445 ἄνθρωπον
3084 4370 3278 4423 ἕνωσιν
3297 4385 3312 4400 ο
3358 4365 3641 4439 ὁρώμενος

373 4481 555 4529 autem
585 4473 658 4529 ob
687 4488 842 4529 suam
867 4487 993 4528 cum
1024 4470 1224 4526 visibili
1248 4469 1469 4525 homine
1499 4471 1934 4540 conjunctionen

2055 4473 2132 4536 δὲ,
2150 4491 2223 4544 φη
2233 4473 2313 4543 μὶ,
2330 4471 2391 4524 οὐ
2407 4472 2473 4541 τῇ
2502 4468 2720 4541 ἀοράτῳ
2741 4465 2975 4534 θεότητι,
2995 4462 3131 4516 ἀλλὰ
3153 4463 3219 4532 τῇ
3251 4459 3352 4530 τῆς
3383 4457 3640 4526 θεότητος

373 4565 608 4621 visibilis
639 4573 722 4620 est
755 4563 1008 4631 eﬁ‘ectus;
1040 4562 1293 4630 visibilis,
1328 4561 1584 4633 inquam,
1620 4578 1727 4618 non
1760 4564 1952 4619 invisi-

2057 4563 2307 4635 ἐνεργείᾳ.
2338 4561 2428 4614 διὰ
2471 4558 2567 4614 τοῦ
2606 4557 2949 4631 ἀνθρωπίνου
2972 4553 3085 4628 (68)
3111 4553 3362 4624 σώματος
3388 4549 3486 4603 καὶ
3512 4547 3641 4600 ὅλου

446 4701 495 4734 ⁸⁸
526 4700 659 4756 Luc.
689 4715 839 4766 xxrv,
865 4697 1049 4762 42,43.
1125 4697 1172 4729 ⁵³
1200 4695 1357 4750 Joan.
1382 4711 1476 4761 xx,
1499 4695 1590 4749 27.
1669 4695 1715 4727 ⁶⁰
1745 4695 1879 4752 ibid.
1914 4698 1934 4751 1

2080 4701 2121 4730 ⁶¹
2155 4697 2346 4751 Matth.
2371 4706 2518 4759 xxvi,
2560 4691 2651 4747 26.
2731 4691 2776 4723 “
2795 4688 2953 4744 Joan.
2997 4675 3231 4754 vtit,10.
3309 4685 3354 4716 ⁸³
3376 4683 3510 4738 ibid.
3547 4683 3642 4736 42.

453 4810 569 4889 (57)
606 4811 844 4889 Regius,
875 4809 1259 4889 _Seguerianus
1292 4815 1347 4862 et
1391 4805 1711 4863 Basiliensis
1743 4807 1947 4872 θέλοις.

378 4881 574 4943 (Σαξιεῆ
607 4892 664 4938 et
690 4881 842 4947 editi,
873 4881 1064 4944 θέλεις.

447 4955 556 5028 (58)
593 4952 687 5028 Sic
718 4952 1138 5028 _Regius‘codex,
1174 4948 1398 5028 Seguer.
1431 4956 1486 5002 et
1518 4947 1830 5028 Basilicas;
1860 4948 1954 5004 sed

374 5019 694 5082 Basiliensis
718 5019 880 5077 habet
907 5020 1068 5091 βλέπε
1090 5023 1168 5091 είς
1195 5019 1385 5091 χεῖράς
1411 5035 1534 5089 μου.
1559 5021 1663 5074 Alii
1693 5021 1953 5091 editique,

376 5099 472 5152 καὶ
498 5095 589 5149 τὸν
625 5093 886 5148 δάκτυλόν
908 5089 1195 5162 ’σουγβάλε
1224 5089 1304 5162 είς
1333 5089 1432 5162 τὰς
1457 5090 1644 5162 χεῖράς
1677 5108 1800 5161 μου.
1822 5089 1956 5162 Mox

376 5168 659 5290 ltggigisleét
691 5163 939 5234 Seguer.,
969 5164 998 5215 ὁ
1019 5161 1152 5224 Θεὸς
1173 5159 1366 5227 Λόγος.
1393 5159 1607 5227 Caeteri,
1626 5159 1750 5216 cum
1767 5161 1948 5223 editis,

376 5255 404 5290 ο
476 5255 499 5288 ε
534 5253 561 5290 c
645 5250 752 5290 γει.

361 5241 404 5291 ’ὁ
431 5241 561 5299 Θεὸς
579 5241 752 5303 λέγει.

450 5308 561 5376 (59)
591 5300 683 5376 Sic
712 5304 843 5373 Reg.
879 5300 1087 5376 et_Seg.
1120 5304 1180 5355 ln
1208 5302 1329 5376 aliis
1361 5311 1415 5356 et
1441 5300 1599 5376 ed_iti_s
1624 5300 1776 5376 (leest
1799 5315 1881 5352 τε.

451 5368 562 5446 (60)
594 5368 820 5446 Βεςίυέ
834 5382 888 5446 et
931 5368 1155 5441 Seguer.
1187 5374 1394 5427 addunt
1428 5371 1524 5423 καὶ
1550 5369 1778 5435 Παῦλος,
1805 5368 1951 5440 quod

379 5445 468 5499 alii
498 5455 553 5498 et
578 5445 710 5498 editi
747 5445 1023 5498 omittunt.

451 5514 566 5586 (Gl)
588 5515 684 5586 _lta
719 5513 923 5586 ltegins
951 5512 1122 5569 codex
1159 5520 1213 5568 et
1242 5511 1467 5582 Seguer.
1506 5509 1563 5564 In
1592 5510 1713 5566 aliis
1739 5522 1865 5564 vero
1897 5515 1952 5563 et

379 5582 556 5656 editis
571 5582 725 5656 deest
746 5582 954 5656 ἕτερον.

453 5655 567 5726 (62)
597 5651 820 5726 Regius,
842 5646 1076 5726 'Segiier.
1099 5651 1420 5726 Goblerian.
1431 5650 1712 5726 _et_Basil_:,
1731 5646 1957 5726 κληθείη

383 5718 473 5781 ἄν.
500 5718 704 5780 ALalii
739 5733 791 5778 et
823 5718 951 5781 editi
978 5723 1041 5778 ἄν
1079 5725 1358 5778 omittunt.
1404 5720 1607 5779 Ibidem
1659 5720 1789 5792 Reg.
1822 5718 1953 5789 ‘Seg.

2053 4816 2107 4864 et
2129 4804 2369 4866 Gobler.,
2393 4803 2489 4856 καὶ
2517 4798 2674 4871 ἐμοῦ.
2699 4797 2756 4852 In
2788 4797 2908 4871 aliis
2939 4801 2994 4871 et
3019 4793 3176 4871 editis
3200 4791 3498 4871 xaideest.

2126 4875 2241 4945 (65)
2291 4861 2384 4945 Τῷ
2431 4861 2586 4945 abest
2619 4887 2658 4945 ‘a
2717 4868 2904 4945 codice
2954 4863 3225 4945 Rhegiotet
3279 4861 3643 4945 Segueriatno.

2054 4925 2238 5002 Iidem,
2256 4925 2675 5012 ἰὺίιίειῐιξταότὸν
2719 4925 3498 5012 σημαίνεσθαι.-Ιιεῐηηίὺῖὼξιιι
3529 4929 3648 4985 Go-

2057 5000 2331 5073 blerianus
2358 5023 2414 5067 et
2431 5000 2806 5065 "Felckmanni
2827 5009 2877 5068 l,
2909 5007 2969 5059 τὸ
3005 5005 3169 5077 ῥητὸν
3195 5000 3466 5077 τοῦτο-τό.

2057 5071 2094 5213 ὲ
2129 5086 2241 5207 (οὲ)
2276 5083 2478 5153 Regius
2505 5089 2560 5136 et
2599 5078 2944 5150 chuerian.,
2983 5071 3223 5147 ἀμείϐει.
3263 5072 3369 5125 Alii
3403 5079 3458 5125 et
3488 5071 3647 5135 editi,

2101 5174 2188 5213 μοι
2227 5172 2296 5208 ει.

2141 5172 2296 5209 οιοει.

2101 5176 2616 5296 μ(06ἕῗιζῖοὶ)ιει·ῑοῐι.,
2642 5216 3127 5296 ὲπιδεικνυμένοςξ.

2132 5275 2244 5365 (66)
2270 5275 2696 5365 Segius—codex,
2731 5275 2958 5365 _Seguer.
2987 5297 3041 5342 et
3065 5275 3377 5347 Basiliens.,
3403 5277 3503 5335 εἶτ’
3529 5275 3646 5334 οῦν.

2057 5357 2163 5422 Alii
2196 5357 2316 5420 cum
2345 5357 2528 5425 Editis,
2556 5358 2674 5414 εἶτα
2700 5357 2812 5413 οὖν.

2133 5436 2245 5507 (67)
2271 5434 2343 5507 T_6
2377 5424 2530 5507 abest
2558 5448 2587 5486 a
2614 5430 2924 5507 Gobletjan.
2949 5438 3012 5507 et_
3033 5426 3269 5507 Felckm.

2135 5492 2248 5628 (68)
2294 5503 2497 5573 Regius
2538 5502 2739 5564 codex,
2793 5500 3157 5568 Seguerianus
3192 5504 3246 5549 et
3292 5492 3653 5556 Basiliensis,

2173 5575 2429 5628 οωπείου.
2481 5572 2672 5628 Caeteri
2717 5583 2770 5625 et
2817 5571 2968 5625 editi.
3019 5565 3384 5628 ἀνθρωπίνου.
3445 5562 3653 5616 Ibidem

2066 5562 2429 5646 ἀνθρώπείοῦ.
2481 5572 2672 5627 εοειεςοί
2717 5562 2770 5625 ει
2817 5562 2968 5625 editi.
3019 5565 3384 5638 ἀνθρωπίνου.
3445 5562 3654 5616 Ibidem

2069 5646 2382 5702 Goblerian.
2428 5653 2485 5702 et
2515 5610 2753 5698 lz‘elckm.
2789 5642 2811 5694 l
2857 5640 3116 5695 omittunt
3147 5637 3240 5691 καὶ
3281 5633 3404 5687 ὅλου
3437 5630 3656 5704 ἀνθρώ-

2069 5733 2194 5773 που.
