3834 6220
323 327 428 395 δέοι
932 325 990 380 5.
1029 317 1399 377 ATHANASII
1437 315 1587 374 OPP.
1623 311 1804 367 PARS

2050 303 2398 362 llSTORlCA
2429 301 2518 357 ET
2556 295 2979 356 DOGMATICA.
3457 289 3564 346 528

323 457 566 514 videlicet
579 470 641 508 sn
666 449 931 507 codicibus
958 443 1272 499 Globeriano
1310 450 1359 493 et
1387 435 1732 492 Felcltmanni
1758 435 1928 502 primo
1951 433 2006 485 in
2032 430 2164 484 duas
2189 428 2391 500 pariter
2414 426 2680 479 distracta
2711 431 2788 474 est
2817 413 3091 486 epistolas.
3133 411 3325 465 Verum
3356 411 3568 463 etiamsi

324 547 658 618 exploratum
693 540 838 594 nobis
866 536 1104 591 videatur
1137 533 1297 598 italse
1332 544 1439 581 rem
1468 526 1674 589 habere,
1713 532 1884 576 tamen
1911 535 2030 574 cum
2063 521 2120 572 in
2152 516 2415 580 omnibus,
2446 529 2574 584 quos
2612 511 2862 573 vidimus,
2888 507 3266 575 manuscriptis
3297 504 3570 559 codicibus

275 658 282 680 ί
322 601 554 693 secunda
568 631 786 703 epistola
813 630 868 681 in
893 627 1026 680 duas
1049 623 1205 676 veluti
1222 618 1468 690 epistolas
1496 617 1751 670 distincta
1773 615 1865 680 sit,
1897 629 2000 666 non
2027 611 2146 664 ausi
2169 623 2349 664 sumus
2376 605 2536 660 simul
2561 605 2897 674 conjungere,
2921 605 3011 660 sed
3036 620 3150 658 eam
3175 612 3330 672 prout
3361 603 3417 655 in
3440 601 3572 670 ipsis

323 725 701 794 manuscriptis
721 719 958 784 habetur,
981 718 1284 771 divisimus.

395 818 485 875 ιν.
515 789 898 872 Felcltmannus
928 809 1210 866 secundam
1248 808 1545 879 epistolam,
1580 807 1686 861 sive
1712 805 1940 875 primam
1959 803 2072 872 ejus
2099 809 2324 871 partem,
2359 813 2476 868 qua:
2505 796 2570 850 de
2598 795 2745 849 Filio
2776 794 2988 848 disserit
3022 791 3157 863 (70),
3188 789 3438 859 synopsin
3464 806 3576 843 esse

319 909 646 966 Orationum
694 914 882 978 gontra
913 904 1145 958 Arianos
1176 909 1254 956 est
1282 900 1594 954 arbitratus.
1651 897 1721 950 At
1743 897 1864 949 huic
1899 894 2136 964 opinioni
2178 892 2522 961 refragantur
2547 904 2665 942 cum
2693 884 3044 952 manuscripti
3074 882 3301 946 codices,
3333 882 3425 950 qui
3457 897 3576 934 eam

323 1002 582 1072 epitomen
615 1014 723 1052 esse
751 997 936 1066 prima:
969 995 1036 1048 ad
1069 991 1408 1062 Serapionem
1430 990 1664 1062 epistolis
1695 987 1992 1052 observant,
2024 995 2135 1037 tum
2169 1000 2286 1038 vero
2321 985 2496 1052 ipsum
2522 979 2760 1050 ejusdem
2787 975 3084 1037 exordium,
3120 974 3208 1026 ubi
3243 973 3433 1041 prima:
3460 982 3578 1025 tan-

324 1061 438 1144 tum
459 1061 776 1143 meminit
803 1085 1146 1151 Athanasius,
1168 1061 1326 1154 quam
1349 1100 1403 1137 se
1426 1061 1504 1136 ait
1537 1082 1593 1134 in
1629 1080 1857 1134 secunda
1900 1079 2027 1142 ista,
2058 1083 2248 1144 rogatu
2292 1071 2621 1141 Serapionis,
2647 1069 2907 1139 nullisque
2955 1063 3255 1134 optantibus
3293 1061 3575 1131 fratribus,

321 1181 668 1236 contraxisse.
696 1178 819 1232 Non
841 1177 1118 1246 diffitemur
1141 1185 1317 1230 tamen
1336 1175 1604 1245 praecipua
1624 1188 1740 1241 quae
1764 1171 1819 1223 in
1843 1167 2192 1222 Orationibus
2215 1173 2404 1219 contra
2427 1162 2662 1216 Arianos
2685 1160 2860 1230 fusius
2882 1167 3216 1228 exponuntur
3241 1164 3578 1226 argumenta,

323 1275 552 1329 strictim
582 1274 665 1326 hic
688 1285 958 1340 pressoque
985 1271 1206 1324 tractari
1237 1284 1254 1321 :
1287 1278 1342 1322 at
1374 1267 1736 1323 contendimus
1766 1263 1904 1316 illud
1940 1277 2090 1330 opus,
2113 1258 2252 1328 quod
2284 1257 2530 1312 secunda:
2569 1255 2804 1323 epistola:
2825 1251 3106 1322 principio,
3148 1251 3224 1302 ait
3255 1264 3308 1301 se
3336 1248 3389 1300 in
3411 1247 3584 1314 epito-

326 1388 444 1426 tnen
473 1370 751 1441 redegisse,
778 1368 926 1421 aliud
963 1363 1168 1419 nullum
1196 1377 1306 1415 esse
1327 1375 1486 1431 quam
1511 1354 1790 1427 epistolam
1818 1353 2045 1423 primam
2072 1349 2140 1403 ad
2163 1347 2526 1416 Serapionem.

398 1465 460 1520 ν.
499 1429 700 1520 Ultima
725 1463 942 1532 denique
967 1459 1189 1530 epistola
1218 1459 1295 1512 ita
1311 1429 1540 1519 orditur,
1574 1450 1851 1520 Ἐνέτυχον
1868 1447 1964 1500 καὶ
1984 1449 2073 1516 τῇ,
2095 1453 2194 1498 etc.
2220 1441 2391 1511 Hujus
2409 1450 2586 1494 autem
2611 1456 2735 1507 pars
2754 1445 3041 1508 postrema,
3084 1431 3189 1487 sive
3204 1429 3364 1484 veluti
3382 1443 3581 1497 appen-

325 1559 422 1614 dix
442 1567 518 1613 est
550 1565 805 1611 tractatus
831 1528 886 1607 in
911 1528 1153 1606 Matthwi
1177 1551 1351 1614 verba,
1377 1546 1699 1613 Quicunque
1731 1539 1928 1595 dixerit
1954 1538 2020 1603 “,
2057 1545 2182 1598 etr.,
2206 1535 2296 1604 qui
2327 1532 2464 1586 male
2491 1533 2545 1584 in
2573 1531 2821 1585 hactenus
2845 1531 3004 1586 editis
3028 1530 3092 1583 ab
3109 1529 3202 1581 illa
3221 1537 3297 1582 est
3319 1528 3580 1580 divulsus.

329 1657 599 1726 Siquidem
619 1669 721 1708 non
742 1651 910 1706 solum
926 1650 979 1702 in
997 1642 1233 1700 omnibus
1260 1636 1630 1705 manuscriptis
1643 1631 1908 1687 codicibus
1932 1630 2065 1683 hanc
2083 1627 2263 1682 statim
2284 1624 2618 1693 subsequitur
2644 1623 2944 1692 epistolam,
2969 1622 3058 1676 sed
3089 1622 3251 1676 etiam
3279 1621 3334 1672 in
3366 1619 3584 1688 optima:

327 1708 468 1803 uola:
484 1746 642 1816 Regio
656 1753 704 1798 et
719 1742 1036 1813 Segucriano
1054 1744 1191 1790 recte
1206 1747 1320 1786 cum
1339 1731 1454 1800 ipsa
1471 1728 1661 1797 absque
1679 1724 1788 1778 ullo
1808 1721 1960 1777 titulo
1975 1717 2334 1788 coniungitur,
2355 1724 2660 1785 tantumque
2686 1718 2740 1768 in
2769 1716 3002 1784 margine
3028 1716 3182 1766 verba
3202 1714 3318 1780 ipsa
3338 1708 3587 1763 Mummi

326 1801 648 1910 aﬂ‘erunt‘itr,
686 1837 765 1889 uti
789 1801 855 1904 hi
897 1842 946 1888 et
979 1830 1102 1884 aliis
1134 1829 1190 1881 in
1215 1825 1366 1878 locis.
1395 1820 1461 1875 In
1491 1819 1805 1874 Gobleriano
1829 1825 2005 1869 autem
2026 1823 2073 1867 et
2103 1809 2447 1865 Felclsmanni
2483 1809 2654 1877 primo
2686 1807 2796 1862 hac
2825 1823 2971 1861 novre
3003 1806 3155 1878 quasi
3177 1801 3414 1873 epistola:
3441 1818 3587 1871 pra:-

329 1897 544 2004 pbnitur
571 1897 868 1998 inieriptio,
897 1925 1040 1996 Πρὸς
1069 1925 1160 1977 τὸν
1194 1921 1356 1975 αὐτὸν
1381 1917 1724 1990 Σεραπίωνα.
1755 1911 1843 1967 Νε-

2072 1925 2101 1961 n
2127 1909 2181 1961 in
2203 1907 2376 1976 prima
2407 1905 2652 1973 epistola,
2687 1903 2850 1974 516
2875 1918 3021 1955 num.
3052 1901 3106 1966 3,
3129 1908 3179 1953 et
3204 1899 3258 1952 in
3284 1898 3390 1967 ﬁne
3413 1897 3586 1966 partis

324 1993 633 2095 posterioris
658 2019 898 2074 secunda:
927 1993 1036 2070 haec
1072 2013 1342 2084 Evangelii
1372 2010 1527 2066 verba
1563 2017 1747 2062 contra
1785 2003 2116 2058 adversarios
2152 1999 2460 2053 adduxisset
2500 1996 2558 2053 S.
2597 1997 2946 2064 Athanasius,
2977 1999 3148 2066 ipsum
3192 1995 3392 2064 rogavit
3425 1993 3592 2076 Seja-

329 2087 478 2186 pion,
499 2122 557 2168 ut
582 2112 754 2166 locum
776 2108 927 2180 illum
951 2108 1405 2175 interpretaretur,
1429 2098 1815 2169 explicaretque
1837 2111 1932 2148 cur
1961 2094 2052 2163 qui
2083 2093 2137 2146 in
2169 2089 2430 2161 Spiritum
2452 2099 2697 2144 sanctum
2731 2091 3042 2159 peccaverit,
3068 2091 3276 2159 gravius
3289 2087 3592 2156 puniendus

331 2179 593 2278 sir'quam
611 2204 702 2274 qui
730 2204 785 2256 in
809 2179 1044 2262 ilium;
1071 2198 1156 2251 cui
1174 2194 1542 2266 postulationi,
1567 2190 1792 2244 multum
1839 2187 1982 2248 licet.
2015 2193 2074 2239 ut
2111 2184 2318 2248 scribit,
2347 2181 2644 2248 reluctans,
2683 2183 2739 2236 in
2781 2183 2886 2252 fine
2917 2182 3121 2236 ultima:
3162 2179 3320 2249 hujus
3347 2179 3593 2248 epistolis

331 2300 616 2370 satisfecit.

403 2367 493 2448 Vl.
523 2390 646 2446 Non
674 2391 898 2444 multum
919 2382 1320 2440 immorabimur
1347 2381 1403 2432 in
1437 2375 1723 2447 refellendo
1750 2373 2011 2444 praecipiti
2035 2381 2085 2426 et
2106 2371 2284 2441 iniquo
2308 2370 2592 2424 admodum
2631 2367 2846 2423 Erasmi
2865 2368 2927 2421 de
2951 2368 3124 2438 prima
3149 2369 3217 2421 ad
3247 2367 3593 2438 Serapionem

331 2481 554 2551 epistola
567 2481 796 2552 judicio.
825 2477 1006 2538 Salvo,
1035 2472 1203 2540 inquit
1232 2470 1343 2535 ille,
1375 2477 1430 2522 et
1452 2468 1663 2537 integro
1690 2464 1977 2518 doctorum
2017 2460 2247 2531 judicio,
2280 2474 2378 2529 ego
2409 2473 2605 2514 censeo
2645 2459 2749 2514 hoc
2779 2473 2920 2528 opus
2967 2474 3090 2516 esse
3127 2461 3367 2515 hominis
3400 2459 3591 2521 otiosi,

335 2548 594 2646 nulloque
621 2570 840 2644 ingenio
869 2567 1099 2639 prtediti,
1135 2565 1230 2636 qui
1257 2564 1487 2618 voluerit
1526 2560 1732 2614 imitari
1761 2558 1872 2614 divi
1918 2556 2200 2611 Athanasii
2239 2556 2454 2611 libellos
2486 2556 2553 2610 ad
2584 2554 2964 2628 Serapionem.
2995 2548 3094 2615 llic
3122 2561 3260 2616 mira
3303 2559 3596 2630 congeries

336 2672 582 2728 locorum
609 2677 664 2723 et
691 2668 964 2722 rationum
990 2659 1258 2726 confusio,
1281 2656 1783 2725 molestissimaque
1810 2653 1980 2709 semel
2006 2653 2280 2706 dictorum
2323 2651 2560 2706 iteratio.
2607 2652 2798 2706 Eidem
2835 2656 3108 2711 sententiae
3135 2664 3326 2710 temere
3353 2655 3596 2708 subscri-

337 2763 465 2816 bunt
492 2758 758 2816 Scultetus
783 2765 832 2812 et
874 2757 1106 2825 Rivetus,
1134 2758 1294 2813 nullis
1332 2757 1455 2812 aliis
1491 2756 1736 2810 adductis
1767 2753 2115 2824 argumentis,
2148 2753 2252 2805 nisi
2284 2751 2422 2822 quod
2448 2752 2610 2806 addat
2634 2751 2848 2808 Rivetus
2880 2757 3038 2809 citari
3066 2773 3128 2810 ea
3160 2755 3382 2824 epistola
3415 2753 3595 2807 locum

339 2857 600 2924 Michtete,‘
633 2858 723 2927 qui
754 2873 1011 2927 nusquam
1057 2857 1335 2925 reperitur,
1382 2854 1655 2918 nimirum,
1689 2850 1892 2906 Domus
1923 2847 2092 2903 Jacob
2123 2847 2473 2903 exacerbavit
2514 2847 2778 2918 Spiritum
2817 2845 3053 2902 Domini.
3095 2846 3283 2901 Verum
3321 2844 3475 2899 valde
3505 2845 3599 2897 ille

337 2947 744 3012 hallucinatur;
767 2964 888 3001 nam
913 2949 961 3002 is
986 2957 1063 3002 est
1092 2965 1270 3003 versus
1299 2950 1550 3017 septimus
1584 2947 1772 3017 capitis
1801 2945 2016 3000 secundi
2045 2942 2284 2998 Micha’a:
2297 2944 2460 3014 juxta
2487 2943 2727 2999 Grtecam
2751 2946 3063 2998 versionem.

408 3043 525 3101 Vl].
554 3043 728 3110 Quam
747 3059 883 3097 vana
906 3053 956 3098 et
985 3045 1270 3102 temeraria
1293 3045 1364 3099 sit
1394 3043 1698 3112 hujusmodi
1741 3042 1955 3095 illorum
1994 3039 2260 3108 opinatio,
2293 3054 2357 3093 ea:
2400 3038 2640 3092 omnibus
2671 3043 2881 3094 omnino
2909 3038 3287 3108 manuscriptis
3324 3035 3599 3090 codicibus

340 3138 690 3205 convincitur,
713 3137 981 3206 inquibus
1005 3137 1267 3204 videlicet,
1297 3154 1486 3209 magno
1519 3151 1792 3200 consensu,
1826 3133 1890 3188 S.
1919 3133 2212 3186 Athanasio
2244 3133 2582 3190 attribuitur.
2618 3133 2886 3189 Praterea
2914 3135 3005 3204 qui
3027 3135 3079 3187 in
3111 3133 3329 3186 lectione
3353 3129 3413 3185 S.
3432 3131 3600 3184 Atha-

341 3238 479 3293 nasii
503 3235 582 3292 vel
608 3236 826 3306 paulum
851 3245 1086 3288 versatus
1113 3235 1294 3304 fuerit,
1325 3252 1386 3289 ea
1416 3236 1470 3289 in
1490 3233 1712 3303 cpistola
1746 3230 2070 3298 methodum,
2107 3231 2384 3296 dictiones,
2423 3231 2677 3301 verbaque
2717 3232 2833 3300 ipsa
2873 3228 2932 3285 S.
2963 3228 3205 3282 Doctoris
3243 3225 3401 3296 facile
3431 3241 3602 3296 agno-

340 3337 468 3384 scet.
499 3325 610 3383 Nec
640 3327 779 3381 enim
809 3325 964 3380 aliter
1003 3325 1090 3379 hic
1129 3328 1338 3381 disserit
1373 3342 1526 3397 quam
1566 3325 1688 3378 aliis
1717 3325 1773 3376 in
1819 3321 2082 3392 operibus,
2123 3321 2262 3376 verbi
2293 3321 2467 3392 gratia
2489 3361 2504 3385 ,
2545 3323 2600 3374 in
2641 3321 2996 3376 Orationibus
3029 3327 3216 3375 contra
3252 3317 3512 3379 Arianos,
3541 3318 3602 3370 in

339 3425 528 3497 quibus
551 3422 842 3494 Scriptura!
867 3421 1166 3476 testimonia
1198 3418 1426 3488 undique
1450 3413 1769 3477 accumulat,
1785 3407 1862 3465 ‘ut
1899 3409 2033 3497 Filii
2061 3411 2392 3464 divinitatem
2425 3400 2670 3464 tueatur.
2705 3408 2836 3464 Cum
2860 3409 2997 3462 enim
3021 3415 3068 3460 et
3096 3406 3286 3459 Ariani
3306 3413 3357 3458 et
3383 3403 3604 3474 Tropici

341 3517 553 3570 easdem
573 3488 910 3569 admitterent
943 3511 1245 3580 Scripturas
1279 3523 1340 3560 ac
1362 3503 1661 3566 orthodoxi,
1691 3500 1974 3563 undenam,
2002 3488 2200 3570 quaeso,
2230 3499 2490 3553 validiora
2519 3509 2691 3568 posset
2726 3498 2962 3568 proferre
2998 3505 3310 3568 argumenta
3340 3511 3502 3565 quam
3533 3510 3604 3549 ca:

343 3612 538 3667 divinis
567 3610 650 3664 his
681 3610 829 3664 libris
855 3610 880 3663 .9
909 3606 1022 3662 Nec
1051 3607 1212 3660 etiam
1233 3601 1464 3656 crebrius
1494 3599 1579 3651 hic
1604 3597 1783 3651 eadem
1808 3596 1992 3664 repetit
2021 3610 2179 3664 quant
2210 3593 2362 3657 alibi,
2396 3593 2534 3662 quod
2568 3593 2776 3664 quidem
2825 3592 3104 3646 molestum
3142 3591 3335 3643 nemini
3363 3605 3476 3642 esse
3506 3590 3603 3642 de—

345 3705 462 3761 bere
489 3707 598 3777 ipse
627 3706 759 3760 solet
785 3717 1120 3776 praemonere.
1147 3698 1380 3768 Denique
1402 3697 1522 3750 cum
1550 3693 1709 3747 iidem
1729 3691 1813 3745 illi
1839 3690 2080 3744 secundae
2113 3689 2348 3759 epistolce
2383 3698 2586 3758 partem
2619 3689 2982 3757 posteriorem,
3019 3701 3135 3757 quia
3159 3685 3345 3753 prima:
3375 3694 3455 3738 est
3484 3685 3604 3754 epi-

347 3806 503 3866 tome,
536 3797 818 3853 Athanasii
839 3812 949 3851 esse
979 3791 1326 3855 consentiant,
1357 3785 1643 3856 permirum
1668 3798 1791 3836 sane
1818 3792 1892 3835 est
1914 3781 2052 3851 quod
2075 3781 2209 3834 hanc
2231 3781 2461 3834 audeant
2495 3781 2790 3848 repudiare.
2823 3777 2926 3833 Sed
2956 3779 3019 3832 de
3043 3777 3124 3830 his
3152 3777 3286 3830 satis
3313 3792 3599 3846 superque.

347 3895 437 3951 Ita
465 3897 604 3950 enim
627 3895 956 3964 perspicuum
986 3901 1061 3944 est
1089 3903 1203 3942 vere
1231 3883 1515 3940 Athanasii
1537 3898 1648 3936 esse
1673 3881 1898 3950 primam
1925 3879 2058 3931 hanc
2079 3877 2377 3948 epistolam,
2405 3887 2461 3931 ut
2479 3876 2671 3930 nemini
2699 3891 2805 3930 rem
2827 3873 2962 3929 serio
2987 3869 3315 3925 examinanti
3339 3867 3454 3922 ulla
3475 3885 3606 3938 pos—

347 3989 421 4046 sit
443 3988 642 4042 oboriri
667 3987 896 4056 suspicio
917 3986 972 4040 id
999 3985 1052 4038 in
1077 3984 1295 4038 dubium
1317 3978 1620 4034 revocandi.

419 4077 555 4136 Ylll.
579 4077 889 4134 Cardinalis
925 4075 1216 4131 Perronius
1244 4072 1339 4128 lib.
1375 4086 1412 4124 ιι
1451 4069 1525 4123 De
1551 4065 1918 4130 Eucharistia,
1947 4063 2143 4134 aliique
2175 4063 2418 4118 nonnulli
2442 4073 2761 4133 postremam
2789 4075 2992 4132 quoque
3028 4067 3233 4130 partem
3267 4056 3375 4108 sive
3399 4071 3604 4124 appen-

347 4171 518 4225 dicem
545 4168 781 4238 epistola:
810 4167 1035 4235 ultimae,
1065 4182 1246 4237 nempe
1271 4162 1578 4217 Tractatum
1611 4160 1666 4212 in
1693 4157 1845 4211 verba
1872 4156 2146 4222 Matthtei,
2197 4155 2525 4227 Quicunque
2558 4157 2786 4221 dixerit,
2828 4167 2954 4222 ctc.,
2987 4163 3243 4224 negarunt
3275 4168 3455 4208 verum
3486 4167 3606 4204 esse

351 4267 411 4326 8.
437 4265 716 4322 Athanasii
753 4280 903 4334 opus.
929 4265 998 4319 At
1027 4277 1332 4334 germanum
1371 4260 1483 4330 ejus
1523 4257 1686 4327 fetum
1724 4242 1854 4321 esse,
1890 4269 1951 4306 ea
1979 4269 2096 4324 qua:
2118 4251 2277 4323 paulo
2307 4264 2445 4320 ante,
2476 4269 2621 4307 num.
2650 4250 2717 4305 Ill
2755 4261 2804 4306 et
2831 4248 2897 4318 ν,
2924 4251 3066 4303 dicta
3091 4260 3232 4316 sunt,
3265 4248 3605 4318 apertissime

351 4361 650 4418 ostendunt.
677 4360 827 4415 Adde
854 4361 909 4413 in
937 4357 1172 4414 Concilio
1193 4352 1537 4410 Lateranensi
1562 4349 1656 4404 sub
1684 4347 1915 4403 Martino
1945 4345 1995 4412 Ι,
2021 4364 2142 4420 pag.
2168 4347 2291 4417 504,
2319 4357 2421 4402 tres
2447 4348 2588 4403 locos
2615 4361 2679 4403 ex
2708 4347 2804 4402 hoc
2835 4355 3088 4412 tractatu,
3109 4355 3360 4416 tanquam
3388 4358 3453 4399 ex
3475 4358 3600 4398 vero

352 4460 413 4516 S.
441 4457 724 4514 Athanasii
757 4473 929 4527 opere,
962 4455 1182 4510 adduci.

423 4601 469 4633 “
505 4597 695 4656 Matth.
725 4611 880 4662 mn,
899 4594 990 4650 52.

424 4759 538 4833 (70)
576 4755 712 4814 Vide
741 4756 866 4813 item
897 4769 1020 4826 pag.
1055 4751 1182 4820 267,
1212 4767 1267 4806 η.
1305 4750 1339 4804 5
