3834 6220
162 306 338 379 .533

1357 301 1691 381 EPISTOLA
1727 302 1744 357 ι
1784 301 1873 356 AD
1915 300 2370 358 SEBAPIONEM.

3373 298 3478 356 53H

226 433 323 469 σαι
350 418 673 489 ὴνέσχοντο;
708 417 818 470 Καὶ
839 416 946 486 γὰρ
968 417 1017 469 εἰ
1045 417 1134 470 διὰ
1177 417 1275 488 τὴν
1303 418 1438 489 πρὸς
1462 419 1555 470 τὸν
1585 417 1801 487 Πατέρα

1907 417 2125 488 quidem
2172 417 2226 471 in
2283 433 2342 472 re
2381 423 2526 471 recte
2570 413 2856 488 sentiunt.)
2893 414 3154 486 Spiritum
3205 414 3326 472 Filii
3361 434 3472 472 rem

225 505 322 560 τοῦ
343 503 515 575 Λόγου
555 506 799 576 ἑνότητα,
846 506 906 558 οὑ
962 504 1206 559 Θέλουσιν
1247 501 1385 559 εἶναι
1432 505 1538 560 τῶν
1566 505 1809 577 γενητῶν

224 597 392 651 αὐτὸν
410 598 500 651 τὸν
519 597 669 661 Υίὸν,
697 597 811 650 ἀλλ’
832 638 848 664 ,
873 599 1009 669 ὅπερ
1041 599 1188 650 ἐστὶν
1213 597 1448 670 ἀληθῶς,
1481 598 1808 672 δημιουργὸν

223 689 391 742 αὐτὸν
413 685 552 742 εἶναι
585 689 696 758 (81)
726 689 834 742 τῶν
877 689 1197 760 ποιημάτων
1237 689 1513 761 φρονοῦσι·
1552 690 1641 744 διὰ
1665 690 1720 744 τί
1745 691 1808 743 τὸ

221 781 452 852 Πνεῦμα
481 781 544 834 τὸ
573 781 727 849 ἆγιον
750 779 814 833 τὸ
836 781 936 851 τὴν
959 780 1128 851 αὐτὴν
1151 780 1273 852 ἔχον
1311 782 1536 850 ἑνότητα
1555 780 1693 852 πρὸς
1715 779 1807 833 τὸν

220 872 373 938 Υίὸν,
403 875 468 942 ἣν
488 871 650 937 αὐτὸς
675 871 786 942 ἔχει
810 871 947 944 πρὸς
969 870 1063 925 τὸν
1089 871 1332 943 Πατέρα,
1345 872 1549 943 κτίσμα
1569 872 1804 940 λέγουσι,

221 965 318 1017 καὶ
348 965 646 1034 ἠγνόησαν,
679 966 782 1028 ὅτι,
842 964 1031 1034 ὥσπερ
1081 963 1155 1035 μὴ
1183 963 1516 1036 διαιροῦντες
1559 964 1649 1017 τὸν
1680 964 1808 1020 Υίὺν

221 1057 332 1110 ἀπὸ
359 1057 454 1110 τοῦ
501 1058 739 1128 Πατρὸς,
797 1055 1026 1122 σώζουσι
1088 1056 1148 1110 τὸ
1197 1057 1309 1128 (82)
1341 1057 1437 1110 ἕνα
1489 1056 1622 1111 Θεὸν
1643 1053 1804 1121 εἶναι,

221 1147 390 1215 οὕτω,
419 1147 752 1219 διαιροῦντες
777 1149 884 1202 ἀπὸ
927 1148 1022 1201 τοῦ
1047 1148 1219 1217 Λόγου
1258 1149 1319 1201 τὸ
1355 1148 1600 1221 Πνεῦμα,
1627 1149 1807 1202 ούκὲτι

226 1239 356 1311 μίαν
376 1239 474 1312 τὴν
499 1242 557 1294 ὲν
581 1240 772 1310 Τριάδι
795 1240 1025 1310 θεότητα
1068 1239 1319 1305 σώζουσι,
1349 1241 1622 1311 σχίζοντες
1639 1243 1812 1313 αὐτὴν

223 1333 318 1386 καὶ
340 1331 728 1403 ὲπιμίσγονεες
748 1334 884 1404 αὐτῇ
902 1332 1186 1404 ἀλλοτρίαν
1219 1333 1313 1386 καὶ
1335 1333 1603 1403 ὲτεροειδῆ
1625 1332 1804 1402 φύσιν,

224 1424 461 1486 καὶτοῖς
521 1423 783 1493 κτίσμασι
843 1423 1248 1489 συνεξισοῦντες
1298 1424 1504 1494 adripi;
1557 1423 1726 1478 Τοῦτο
1752 1423 1809 1476 δὲ

223 1515 389 1568 πάλιν
421 1514 604 1567 οὐκέτι
629 1513 687 1568 ἐν
719 1511 853 1568 εἶναι
875 1515 1113 1569 δείκνυσι
1161 1515 1258 1587 τὴν
1283 1516 1509 1588 Τριάδα,
1561 1514 1702 1572 ἀλλὰ
1745 1516 1810 1568 ὲκ

221 1605 317 1659 δύο
345 1606 442 1659 καὶ
463 1605 735 1678 διαφόρων
769 1607 983 1676 φύσεων
1019 1608 1384 1678 συγκειμένην
1416 1609 1604 1678 αὐτὴν,
1633 1606 1720 1661 διὰ
1749 1607 1810 1660 τὺ

222 1699 564 1769 ὲτεροούσιον
618 1697 710 1750 τοῦ
765 1697 1102 1768 Πνεύματος,
1133 1700 1207 1762 ὡς
1246 1699 1398 1753 αὐτοὶ
1453 1701 1663 1762 ἑαυτοῖς
1685 1702 1810 1752 ἁνε-

223 1789 502 1843 πλάσαντο
539 1789 671 1860 (85).
724 1789 860 1841 Ποία
901 1785 994 1842 οὖν
1019 1788 1159 1860 αῦτη
1185 1789 1431 1859 Θεολογία
1460 1792 1524 1843 ἐκ
1547 1791 1808 1863 δημιουρ·
1842 1778 1884 1833 Β

222 1883 324 1953 γοῦ
372 1886 468 1937 καὶ
516 1883 814 1954 κτίσματος
872 1885 1236 1956 συγκειμένη;
1275 1885 1344 1936 Ἢ
1385 1883 1494 1955 γὰρ
1543 1884 1812 1956 οὺδΤριάς

223 1979 396 2038 ἐστιν,
429 1975 566 2029 ἀλλὰ
592 1976 743 2040 δυὰς,
770 1977 863 2029 καὶ
890 1975 1074 2029 λοιπὸν
1103 1975 1352 2046 ήκτίσις,
1373 1975 1428 2046 ἢ,
1447 1977 1496 2028 εἰ
1514 1975 1623 2042 (84)
1642 1977 1811 2047 Τριάς

223 2070 396 2133 ἔστιν,
416 2068 603 2139 ὥσπερ
633 2065 725 2122 οῦν
757 2069 851 2122 καί
874 2071 1012 2132 ἐστι,
1049 2069 1165 2131 πῶς
1191 2071 1302 2131 τοῖς
1337 2069 1474 2139 μετὰ
1497 2069 1810 2140 τὴνΤριὰδα

223 2155 491 2226 κτίσμασι
526 2157 874 2210 συντάττουσι
895 2158 957 2210 τὸ
987 2157 1087 2228 τῆς
1112 2159 1340 2230 Τριάδος
1367 2157 1589 2228 Πνεῦμα
1609 2175 1624 2224 ;
1643 2159 1811 2212 Τοῦτο

223 2245 334 2319 γάρ
355 2249 474 2300 ἐστι
505 2248 664 2302 πάλιν
684 2249 910 2320 διαιρεῖν
938 2250 1030 2303 καὶ
1047 2249 1282 2304 διαλύειν
1305 2250 1402 2321 τὴν
1420 2249 1645 2322 Τριάδα.
1666 2251 1804 2304 Οὐκ-

223 2338 338 2403 οῦν,
400 2340 586 2403 κακῶς
631 2341 954 2410 φρονοῦντες
999 2344 1127 2412 περὶ
1197 2342 1292 2395 τοῦ
1342 2342 1661 2412 Πνεύματος
1713 2342 1806 2395 τοῦ

224 2434 384 2500 ἁγίου
415 2433 550 2503 (85),
579 2433 702 2486 οὐδὲ
732 2436 858 2506 περὶ
883 2435 978 2488 τοῦ
999 2434 1130 2487 Υίοῦ
1157 2434 1337 2499 καλῶς
1369 2436 1654 2506 φρονοῦσιν
1672 2434 1804 2506 (86,).

221 2526 288 2579 Et
317 2525 430 2597 γὰρ
459 2525 720 2596 ἐφρόνουν
771 2524 948 2596 ὀρθῶς
999 2527 1129 2597 περὶ
1168 2525 1263 2580 τοῦ
1323 2527 1519 2595 Λόγου,
1549 2527 1808 2600 ἐφρόνουν

223 2616 397 2684 ὑγιῶς
430 2616 524 2668 καὶ
562 2616 811 2688 περὶτοῦ
847 2617 1184 2687 Πνεύματος,
1239 2619 1268 2670 ὃ
1303 2618 1454 2690 παρὰ
1480 2617 1574 2671 τοῦ
1598 2618 1808 2689 Πατρδς

223 2709 606 2780 ἐκπορεύεται,
641 2709 737 2762 καὶ
775 2707 868 2761 τοῦ
899 2707 1032 2761 Υίοῦ
1065 2707 1194 2763 ἴδιον
1227 2709 1308 2774 ὂν,
1341 2710 1471 2780 παρ’
1499 2709 1662 2763 αὐτοῦ
1693 2710 1806 2777 (87)

223 2799 426 2852 δίδοται
447 2801 560 2862 τοῖς
590 2799 858 2870 μαθηταῖς
891 2798 988 2852 καὶ
1019 2800 1152 2852 πᾶσι
1201 2803 1313 2864 τοῖς
1361 2799 1704 2854 πιστεύουσιν
1728 2804 1808 2865 είς

223 2891 409 2944 αὐτόν.
452 2889 608 2944 Οὕτω
653 2891 709 2943 δὲ
760 2888 1121 2961 πλανώμενοι,
1149 2891 1270 2944 οὐδὲ
1312 2893 1440 2962 περὶ
1482 2891 1574 2945 τοῦ
1598 2893 1807 2965 Πατρὺς

224 2981 357 3052 ὑγιῆ
398 2982 497 3053 τὴν
548 2982 730 3035 πίστιν
774 2981 1005 3052 ἔχουσιν.
1064 2984 1125 3034 Ut
1167 2981 1274 3053 γὰρ
1323 2982 1687 3053 ἀντικείμενοι
1729 2984 1806 3055 τῷ

1908 516 2146 564 creatam
2174 523 2296 564 esse
2321 511 2404 564 vel
2437 510 2600 564 etiam
2653 509 2841 564 audire
2885 509 3186 580 patiantur.
3231 509 3288 564 Si
3322 512 3468 565 enim

1907 609 2126 670 propter
2163 599 2333 660 Verbi,
2365 617 2490 656 cum
2546 599 2704 656 Patre
2734 602 2998 657 unitatem
3043 603 3238 656 nolunt
3279 601 3476 661 Filium

1905 707 2028 747 esse
2055 707 2094 747 ομ
2113 693 2279 748 rebus
2306 692 2464 748 factis
2493 709 2506 744 :
2549 692 2670 753 sed.
2703 693 2848 763 quod
2895 695 3116 764 quidem
3161 709 3352 749 verum
3373 704 3477 756 est,

1907 785 2082 854 ipsum
2134 800 2318 840 rerum
2385 783 2656 838 factarum
2712 784 2958 854 Opiticem
3012 799 3134 839 esse
3193 783 3476 850 sentiunt;

1906 893 2076 947 quare
2110 877 2372 946 Spiritum
2413 885 2687 943 sanctum,
2729 877 2825 946 qui
2851 876 3096 932 eamdem
3141 876 3305 931 habet
3350 891 3477 930 cum

1905 973 2044 1029 Filio
2066 975 2328 1028 unitatem
2354 989 2519 1043 quam
2551 973 2723 1028 Filius
2743 989 2866 1028 cum
2899 972 3076 1039 Patre,
3106 989 3218 1028 rem
3237 982 3477 1029 creatam

1905 1079 2026 1121 esse
2049 1065 2255 1120 audent.
2280 1063 2498 1120 dicere?
2520 1063 2631 1119 Cur
2664 1065 2919 1135 ignorant
2947 1065 3091 1135 quod
3123 1066 3479 1135 quemadmo-

1905 1158 2036 1214 dum
2067 1156 2266 1212 F-ilium
2297 1173 2327 1212 a
2357 1156 2517 1213 Patre
2565 1172 2678 1212 non
2718 1157 3033 1221 dividendo,
3081 1156 3172 1212 Dei
3213 1157 3476 1214 unitatem

1907 1257 2147 1313 servant,
2179 1249 2252 1302 ita
2290 1247 2582 1302 dividendo
2621 1246 2885 1317 Spiritum
2923 1263 2954 1302 a
2989 1245 3192 1312 Verbo,
3224 1261 3333 1302 non
3359 1262 3480 1302 am~

1907 1340 2050 1410 plius
2079 1355 2240 1394 unam
2269 1339 2324 1393 in
2355 1338 2624 1393 Trinitate
2656 1347 2879 1393 servant
2911 1337 3276 1404 divinitatem,
3311 1353 3478 1409 quam

1908 1445 2100 1500 nempe
2119 1430 2425 1494 dillindunt,
2451 1437 2504 1484 et
2532 1428 2620 1483 cui
2647 1429 2878 1483 alienam
2911 1443 2975 1483 ac
3015 1429 3287 1484 diversam
3323 1439 3480 1484 natu-

1908 1539 2025 1579 ram
2073 1523 2399 1589 admiscent,
2455 1536 2622 1591 quam
2673 1520 2910 1590 denique
2964 1520 3106 1574 inter
3147 1535 3236 1575 res
3271 1528 3480 1576 creatas

1908 1615 2213 1672 collocant?
2244 1615 2304 1668 Id
2329 1627 2460 1669 sane
2499 1612 2694 1682 probat
2726 1627 2832 1667 non
2858 1611 2972 1681 jam
3015 1627 3131 1666 rem
3164 1625 3327 1665 unam
3358 1626 3481 1666 esse

1910 1703 2255 1770 Trinitatem,
2287 1703 2380 1758 sed
2409 1703 2584 1772 ipsam
2625 1717 2690 1756 ex
2719 1701 2934 1757 duabus
2961 1716 3025 1755 ac
3049 1699 3281 1754 diversis
3321 1709 3481 1755 natu-

1911 1797 1988 1852 ris
2017 1805 2289 1859 constare,
2321 1796 2392 1850 ob
2433 1796 2705 1849 diversam
2743 1794 2993 1848 videlicet
3071 1792 3309 1862 Spiritus
3351 1791 3481 1848 sub-

1912 1888 2188 1950 stantiam,
2214 1903 2378 1956 quam
2407 1887 2485 1941 illi
2512 1887 2616 1942 sibi
2648 1887 2783 1956 ipsis
2809 1886 3105 1940 commenti
3135 1893 3283 1940 sunt.
3314 1883 3478 1951 Qua:-

1910 1995 2038 2038 nam
2060 1994 2192 2049 ergo
2226 1979 2328 2034 ista
2359 1981 2574 2033 tandem
2604 1965 2700 2033 est
2723 1977 2990 2046 theologia
3024 1991 3092 2031 ex
3143 1983 3391 2031 creatore
3427 1983 3480 2029 et

1911 2086 1968 2125 re
2003 2078 2186 2124 creata
2239 2066 2634 2124 conﬂata?Vel
2660 2068 2806 2122 enim
2847 2081 2954 2121 non
2988 2076 3073 2121 est
3114 2064 3354 2120 Trinitas
3383 2065 3479 2120 sed

1909 2163 2166 2227 dualitas,
2195 2177 2258 2217 ac
2280 2161 2476 2216 deinde
2511 2175 2600 2216 res
2629 2168 2812 2214 creata
2851 2175 2863 2210 :
2902 2159 2981 2213 rel
3011 2158 3058 2213 si
3102 2157 3344 2212 Trinitas
3372 2165 3476 2223 est,

1910 2255 1988 2308 uti
2016 2269 2145 2309 vere
2183 2263 2287 2318 est,
2337 2251 2614 2322 quomodo
2642 2266 2766 2306 cum
2792 2249 2955 2306 rebus
2981 2251 3182 2306 creatis
3204 2265 3328 2320 qua:
3357 2259 3480 2320 post

1910 2345 2230 2417 Trinitatem
2271 2344 2566 2410 exsistunt,
2601 2342 2884 2397 Trinitatis
2953 2342 3218 2412 Spiritum
3280 2342 3480 2396 audent

1909 2436 2219 2492 collocare?
2243 2436 2300 2491 Id
2325 2435 2469 2492 enim
2499 2449 2695 2490 rursus
2723 2443 2808 2490 est
2823 2433 3066 2488 dividere
3095 2448 3159 2488 ac
3184 2432 3480 2488 dissolvere

1909 2528 2254 2584 Trinitatem.
2293 2527 2483 2598 Itaque
2517 2527 2564 2582 si
2609 2527 2752 2582 male
2785 2527 2851 2581 de
2881 2525 3089 2596 Spiritu
3135 2535 3324 2581 sancto
3352 2540 3480 2580 sen-

1907 2623 2065 2688 tiant,
2083 2621 2223 2676 bene
2255 2621 2323 2675 de
2353 2619 2517 2690 519
2543 2618 2682 2674 Filio
2713 2619 2916 2674 sentire
2937 2634 3047 2674 non
3077 2624 3305 2688 queunt.
3340 2614 3479 2670 Nam

1908 2713 1954 2767 si
1980 2719 2124 2766 recte
2157 2711 2225 2765 de
2256 2708 2434 2764 Verbo
2451 2707 2738 2774 sentirent,
2761 2712 2909 2760 recte
2937 2719 3156 2775 quoque
3179 2705 3245 2758 de
3273 2701 3480 2772 Spiritu

1908 2810 2099 2856 sancto
2151 2800 2245 2871 qui
2293 2815 2325 2854 a
2375 2797 2538 2853 I‘atre
2593 2796 2840 2867 procedit
2893 2795 3178 2860 sentirent,
3210 2793 3305 2864 qui
3353 2807 3480 2848 cum

1905 2891 2025 2947 Filii
2060 2892 2132 2946 sit
2154 2891 2426 2962 proprius,
2452 2890 2520 2944 ab
2548 2889 2641 2944 illo
2685 2888 2981 2958 discipulis
3009 2887 3378 2956 omnibusque
3422 2884 3479 2939 in

1905 2999 2028 3040 eum
2056 2983 2402 3038 credentibus
2445 2982 2627 3035 datur.
2666 2981 2978 3046 Quinetiam
3022 2977 3120 3047 qui
3183 2979 3238 3032 in
3288 2976 3482 3048 hujus-

225 3073 531 3143 Πνεύματι,
553 3072 629 3135 ὡς
662 3065 814 3124 εἶπεν
835 3072 864 3124 ό
897 3072 1072 3143 μέγας
1102 3071 1310 3144 μάρτύς
1340 3073 1631 3142 Στέφανος,
1661 3068 1801 3128 οὗτοι

1905 3076 2054 3130 modi
2089 3090 2276 3130 errore
2325 3084 2633 3138 versantur,
2684 3087 2863 3142 neque
2911 3071 2965 3126 in
3023 3069 3237 3125 Patrem
3289 3083 3478 3124 sanam

225 3165 323 3217 καὶ
346 3164 441 3216 τὸν
474 3163 602 3215 Υἰὸν
626 3160 935 3232 ἀρνοῦνται.
957 3162 1061 3216 Τὸν
1092 3161 1148 3215 δὲ
1174 3161 1300 3214 Υίὺν
1332 3161 1801 3233 ἀρνούμενοι,οὐδὲ

1909 3168 2068 3223 tidem
2094 3168 2298 3222 habere
2334 3167 2570 3236 possint.
2603 3163 2739 3219 Nam
2769 3164 2863 3235 qui
2914 3162 3148 3234 Spiritui
3193 3161 3478 3226 resistunt,

225 3254 318 3306 τὸν
345 3252 566 3324 Πατέρα
596 3251 799 3322 ἔχουσι.

1909 3260 1986 3315 uti
2023 3259 2254 3330 insignis
2307 3267 2516 3328 martyr
2571 3256 2882 3327 Stephanus
2929 3255 3068 3311 dixit
3101 3253 3168 3320 ⁸⁷,
3215 3252 3380 3308 iidem
3423 3261 3490 3308 et

225 3343 429 3399 Filium
455 3352 676 3415 negant.
716 3341 913 3397 Filium
942 3353 1122 3399 autem
1168 3354 1449 3417 negantes,
1473 3362 1650 3418 neque
1682 3347 1894 3406 Patrem
1926 3352 2174 3423 profecto
2205 3351 2583 3407 habuerint“.

296 3526 342 3558 "
381 3524 504 3580 Act.
535 3541 635 3593 vn,
669 3525 761 3580 51.
837 3524 884 3558 ⁸⁸
921 3523 944 3578 Ι
972 3523 1129 3580 Joan.
1163 3540 1224 3589 ιι,
1251 3524 1342 3578 25.

299 3661 415 3731 (81)
455 3660 656 3731 Regius
680 3660 1166 3731 secundus,_ain:bv
1201 3655 1583 3731 eivat._Ca;teri
1612 3667 1667 3714 et
1689 3659 1805 3714 edi—

223 3734 262 3786 ti
297 3728 440 3803 εἶναι
462 3728 743 3803 omittunt.
763 3731 960 3803 Ibidem
983 3729 1113 3798 Heg.
1137 3731 1192 3803 l,
1209 3730 1334 3800 Seg.
1351 3728 1658 3799 Anglican.,
1674 3748 1806 3803 φρο-

223 3802 399 3858 νοῦσι.
434 3802 540 3854 Alii
573 3818 703 3856 vero
733 3810 788 3855 et
819 3802 972 3865 editi,
998 3800 1346 3869 φρονοῦντες.

257 3819 399 3880 ουσι.
434 3817 540 3854 Alll
573 3818 703 3856 vero
733 3817 788 3855 et
819 3817 972 3865 eam,
998 3817 1346 3922 φιρονουντες.

257 3871 414 3996 ὄξει)
459 3871 548 3927 Sic
575 3872 710 3942 Reg.
743 3873 795 3935 1,
844 3870 992 3941 Seg.,
1067 3871 1188 3926 asil.
1224 3870 1330 3924 Alit
1366 3885 1493 3924 vero
1548 3878 1602 3924 et
1650 3871 1803 3938 editi,

221 3961 340 3997 τον.

278 4007 410 4083 ’(85)
434 4013 545 4084 Sic
570 4010 708 4084 Reg.
748 4011 796 4074 1,
843 4009 967 4084 ὃρξ.
1001 4021 1054 4065 et
1082 4027 1206 4084 mox
1237 4009 1578 4083 δηλιουργοῦ.
1609 4013 1801 4068 Caneri

221 4095 279 4138 et
307 4081 473 4153 editi,
495 4082 800 4153 ὲπλάσαγτο
832 4091 886 4135 et
913 4081 1293 4153 “dqutoupyiou.

294 4152 412 4221 (84)
452 4151 544 4214 Sic
575 4151 708 4222 Reg.
748 4152 771 4204 ι
807 4160 862 4206 et
905 4151 1133 4222 ἤθρει
1169 4151 1325 4208 Gobl.
1373 4163 1428 4208 et
1472 4152 1709 4222 Felckm.
1746 4153 1800 4206 ι.

220 4221 279 4276 In
306 4218 448 4293 Reg.
479 4224 513 4275 2
553 4218 732 4293 tantum
779 4223 826 4274 εί
857 4221 1025 4293 deest.
1055 4218 1157 4275 Alii
1186 4231 1240 4275 et
1260 4223 1412 4293 editi,
1443 4226 1476 4293 ἠ
1507 4218 1800 4287 κτίσις,ἐίς

219 4290 435 4362 Τριάδα
455 4293 623 4362 ἐστὶν,
653 4291 793 4361 ὅπερ
816 4293 916 4344 οὐκ
949 4290 1082 4355 ἔστι,
1121 4293 1212 4346 καὶ
1248 4291 1380 4356 πῶς,
1408 4290 1514 4347 etc.

222 4432 234 4444 θ
297 4363 414 4483 (ἓὸ)
457 4361 581 4484 Ηὲιιο
614 4362 778 4416 verba
807 4377 980 4431 usque
1011 4363 1074 4416 ad
1098 4361 1277 4426 καλῶς
1309 4363 1570 4419 inclusive
1601 4363 1800 4418 desunt

222 4448 276 4484 ιιι
369 4448 456 4484 ρει.
531 4472 544 4484 .

219 4448 276 4486 Ill
321 4448 456 4486 ιιθα.
489 4448 544 4484 ‘Z.

295 4448 741 4574 (ggighijpigeat
769 4508 1051 4574 an_nota_re,
1076 4502 1144 4574 in
1193 4503 1309 4557 haec
1341 4502 1504 4574 verba
1541 4521 1555 4556 :
1590 4505 1652 4574 Et
1687 4505 1795 4574 γὰρ

217 4569 486 4655 ἐφρόνουν
498 4569 693 4655 ἑρθῶς
731 4569 981 4655 περὶ-τοῦ
1015 4572 1211 4655 Λόγου,
1238 4573 1493 4655 ἐφρόνουν
1509 4573 1682 4655 ύγιῶς
1700 4569 1797 4655 καὶ

219 4659 289 4695 πε
331 4642 354 4692 ἰ
376 4641 472 4694 τοῦ
497 4641 832 4711 Πνεύματος,
866 4641 981 4694 haec
1012 4643 1286 4697 observari
1313 4641 1349 4697 ξι
1384 4642 1620 4696 Felckm.
1652 4663 1665 4698 :
1699 4643 1796 4698 Est

216 4714 275 4764 in
291 4659 625 4766 gibliotheca
645 4711 1046 4781 Archipalatina
1064 4713 1226 4765 codex
1247 4715 1635 4781 manuscriptus
1655 4713 1797 4767 Cra:-

217 4799 336 4846 cus,
370 4783 423 4835 in
466 4797 568 4852 quo
595 4791 790 4854 praeter
823 4780 958 4854 illos
980 4781 1020 4835 V
1052 4783 1296 4852 Dialogos
1316 4783 1640 4854 _Athanusii,_
1666 4801 1794 4854 quos

218 4870 385 4917 supra
430 4849 556 4905 tam.
593 4850 656 4904 ΙΙ
699 4850 857 4904 habes
909 4849 1053 4921 (jam
1087 4849 1387 4921 vero'inl'ra
1420 4849 1793 4918 tom.|l)ium

221 4921 454 4975 Maximi
481 4922 630 4975 illius
653 4922 831 4990 magni
850 4921 1319 4976 Monotheletarum
1343 4922 1654 4986 adversarii,
1681 4934 1793 4977 tum

219 4990 291 5044 D.
333 4993 614 5062 Augustini
639 4991 930 5062 Solitoquia
957 5001 1006 5045 et
1033 4992 1344 5045 Dumasceui
1375 4994 1613 5062 quwdam
1641 5010 1659 5047 :
1682 5003 1793 5047 tum

217 5061 445 5130 denique
467 5065 638 5114 nescio
658 5061 807 5128 cujus
846 5061 1065 5133 alterius
1097 5062 1338 5115 monachi
1361 5061 1632 5132 complura
1658 5081 1791 5133 opu-

216 5133 392 5202 scula.
422 5133 511 5202 qui
535 5133 679 5202 circa
711 5148 908 5184 annum
931 5131 1144 5185 Domini
1171 5133 1308 5185 1170
1327 5135 1481 5185 vixit.
1521 5131 1793 5202 Siquidem

218 5201 317 5271 [οι.
358 5201 486 5266 214,
519 5201 620 5254 col.
653 5202 708 5264 ὅ,
742 5211 916 5254 exstat
939 5203 1054 5271 ejus
1091 5203 1357 5270 quoddam
1385 5201 1692 5270 opusculum
1722 5203 1790 5256 ad

219 5269 522 5324 Manualem
549 5271 868 5325 Comnenum
885 5269 1258 5340 imperatorem
1280 5273 1344 5326 de
1373 5269 1680 5340 astrologia,
1702 5275 1792 5327 ubi

215 5343 315 5412 [οι.
340 5341 530 5412 ζὶμςοί.
562 5342 618 5406 2,
640 5340 859 5396 Iudaeos
882 5343 1122 5408 refutans
1148 5344 1318 5412 inquit
1345 5359 1362 5396 :
1393 5345 1552 5410 Λέγει
1575 5340 1788 5409 λοιπὸν,

213 5409 261 5468 ὧ
293 5411 536 5486 ξίουδαῖε,
568 5411 650 5486 τίς
682 5415 715 5481 ἠ
749 5412 898 5486 αἰτία
927 5412 1076 5486 δι’
1104 5413 1197 5486 νῦν
1217 5409 1282 5486 ςὲν
1307 5409 1652 5486 αἰχμαλωσίᾳ
1675 5415 1790 5486 δια-

214 5483 425 5555 τρίϐεις
449 5481 960 5555 τοσοῦτον-καιρόκ
1009 5481 1137 5535 ’ἰδοῦ
1170 5482 1277 5554 γὰρ
1311 5481 1442 5536 ὡσεὶ
1477 5481 1790 5555 χίλιαπρὸς

212 5551 327 5615 τοῖς
363 5551 680 5624 ἑκατὸν-ἔτη
708 5551 1012 5621 διήλθοσαν,
1047 5555 1140 5606 καλ¹
1183 5556 1210 5606 ό
1250 5551 1421 5617 νῶτος
1451 5551 1604 5624 ὑμῶν
1647 5551 1789 5608 κατὰ

213 5624 311 5694 τὴν
346 5621 442 5694 τοῦ
472 5621 636 5674 Δασιδ
662 5623 966 5694 πρόρρησιν
984 5624 1064 5676 ἔτι
1083 5621 1517 5693 συγκάμπτεται.
1547 5625 1658 5679 Hoc
1675 5637 1749 5678 est
1769 5643 1785 5678 :

215 5690 312 5749 Dic
361 5693 550 5763 igitur,
576 5708 608 5748 ο
650 5690 1005 5765 humi-{quae
1052 5709 1214 5750 causa
1258 5690 1513 5764 estquod
1558 5697 1784 5750 nuncin

1901 3671 2210 3741 captivitate
2251 3670 2484 3726 verseris
2509 3679 2562 3725 et
2588 3670 2812 3741 quidem,
2843 3685 2873 3723 a
2910 3679 3017 3724 tam
3049 3671 3309 3737 diuturno
3337 3681 3478 3728 teme.

1901 3740 2071 3811 pore?
2105 3741 2391 3795 Enimvero
2439 3742 2508 3795 ab
2555 3741 2714 3796 annis
2770 3740 2988 3795 circiter
3036 3752 3252 3796 centum
3307 3759 3473 3811 supra

1902 3813 2050 3867 mille
2077 3812 2168 3881 qui
2200 3812 2594 3880 praeterierunt,
2635 3811 2856 3864 dorsum
2897 3819 3162 3876 vestrum,
3186 3813 3340 3880 juxta
3372 3811 3476 3866 Da-

1901 3882 2042 3937 vidis
2074 3882 2432 3951 prophetiam.
2456 3881 2635 3953 adhuc
2659 3881 2993 3953 incurvatur.
3023 3881 3126 3934 llic
3164 3898 3286 3950 ergo
3327 3885 3474 3953 quis-

1933 3953 2018 4006 uis
2063 3949 2140 4006 est
2171 3949 2224 4005 in
2260 3951 2531 4020 opusculo,
2565 3950 2720 4016 Quod
2749 3949 2984 4020 Spiritus
3018 3949 3241 4018 sanctus
3291 3969 3318 4006 a
3339 3949 3472 4006 solo

1947 4032 2066 4076 atre
2091 4021 2364 4091 procedat,
2397 4021 2465 4074 ad
2509 4020 2804 4073 Maximum
2840 4021 3163 4074 Smeniotam
3214 4023 3469 4088 scribens,

1902 4102 1952 4147 ct
1981 4092 2076 4161 fol.
2105 4091 2229 4153 179,
2261 4091 2360 4144 col.
2389 4091 2442 4154 5,
2471 4101 2784 4161 praesentem
2809 4096 2944 4144 hunc
2973 4092 3141 4144 locum
3174 4093 3364 4154 citans,
3392 4093 3479 4145 sic

1901 4160 2160 4233 praefatur
2182 4177 2200 4233 ς
2226 4162 2432 4214 Αὐτίκα
2473 4161 2581 4233 γὰρ
2614 4163 2642 4214 ὁ
2674 4160 2844 4233 μέγας
2879 4161 3371 4233 Ἀθλσηάσιοῇᾲόοεν
3409 4180 3470 4216 τε

1900 4234 1998 4304 τὴν
2020 4231 2572 4304 ᾃῦπαρξινηκέκτηται,
2607 4231 2702 4304 καὶ
2732 4233 2852 4284 τίνα
2880 4231 3080 4304 τρόπον
3108 4231 3380 4304 ἐκλάμπει
3409 4233 3470 4285 τὸ

1903 4299 2221 4372 Πνεῦμαξτὸ
2253 4302 2427 4371 ἅγιον,
2450 4299 2557 4372 ίκαὶ
2596 4302 2754 4372 ,ὅπως
2797 4299 2929 4365 τοῖς
2956 4299 3112 4366 ἀξίας
3163 4302 3179 4372 (
3202 4299 3281 4356 sic
3304 4319 3461 4366 mss.,

1831 4407 1874 4461 Β
1904 4362 2065 4461 [οι-ις’
2088 4370 2278 4461 ᾴξίοις)
2302 4362 2474 4461 big-abs
2498 4362 2806 4461 6t‘ufi607at:
2836 4362 2983 4458 ἐνντθῇ
3008 4362 3469 4461 πρδςρζΣαραπίωἸξ

1901 4461 1979 4514 ναξ
2011 4443 2306 4514 ἐπίσκοπον
2347 4442 2602 4513 ἐπιστολῇ
2624 4443 2842 4514 *σαφῶς
2895 4442 3038 4514 οὕτω
3060 4442 3340 4514 διείληφεν
3359 4461 3372 4472 ·
3403 4444 3467 4496 Εἰ

1900 4512 2076 4576 καλῶς
2114 4513 2368 4584 ἐφρόνουν
2400 4515 2526 4584 περὶ
2557 4511 2651 4564 τοῦ
2672 4511 2876 4584 Λόγου,
2906 4511 3078 4584 ὑγιῶς
3108 4513 3173 4565 ἂν
3195 4511 3468 4584 ἐφρόνουν

1899 4584 1992 4667 καί
2040 4582 2290 4667 περὶέτοῦ
2321 4582 2637 4667 ΠνεύΙματος
2668 4582 2696 4634 ὃ
2723 4583 2872 4654 παρὰ
2903 4582 2997 4635 τοῦ
3029 4582 3249 4667 Πατρός
3280 4582 3466 4664 Vexare-

1899 4652 2131 4725 ρεύεται.
2165 4652 2280 4725 Hoc
2304 4661 2380 4725 est
2407 4668 2428 4725 ς
2453 4652 2756 4725 Enimvero_
2768 4652 2998 4725 magnus
3027 4653 3114 4705 ille
3133 4654 3473 4725 Athanasius

1897 4721 2202 4792 opportune
2231 4723 2284 4775 in
2322 4721 2558 4789 Epistula
2605 4724 2671 4792 ad
2723 4721 3098 4792 Serapionem
3125 4723 3463 4792 episcopum,

1897 4791 2213 4846 ac'disertis
2239 4792 2418 4846 verbis
2443 4791 2712 4855 edissenit,
2745 4791 3015 4847 undenam
3068 4791 3462 4859 Spiritus’san-

1896 4871 2017 4916 ctus
2059 4861 2432 4916 exsistentiam
2464 4869 2846 4930 mutuetur,_et
2892 4877 2997 4931 qua
3031 4863 3240 4916 ratione
3271 4863 3460 4916 illuce-

1896 4941 2032 4994 scat,
2064 4947 2272 4986 necnon
2300 4948 2409 4999 quo
2435 4941 2592 5001 pacto
2621 4931 2782 4985 detur
2811 4932 2878 4986 iis
2909 4933 3002 5001 qui
3025 4932 3172 5000 digni
3205 4943 3357 4995 sunt,
3379 4934 3464 4987 his

1896 5003 2072 5056 verbis
2112 5021 2123 5055 :
2161 5002 2217 5054 Si
2249 5011 2392 5055 recte
2419 5003 2487 5055 de
2510 5000 2688 5070 Verbo
2718 5000 3001 5062 sentirent,
3030 5017 3219 5055 sanam
3244 5017 3463 5070 quoque

1894 5073 2490 5142 doctrinamﬁtcnerent
2521 5071 2588 5125 de
2627 5069 2831 5142 Spiritu
2862 5081 3052 5126 sancto
3082 5073 3176 5140 qui
3206 5069 3275 5126 ei
3300 5071 3463 5126 Patre

1894 5142 2157 5212 procedit.
2190 5141 2313 5196 Haec
2337 5141 2574 5212 Felckm.

1965 5213 2076 5283 (87)
2119 5212 2209 5267 Sic
2246 5213 2375 5281 Reg.
2409 5212 2459 5275 1,
2492 5210 2616 5283 seg.
2647 5210 2802 5283 Gobl.
2836 5210 3077 5266 Felckm.
3116 5212 3167 5273 1,
3197 5213 3456 5283 Ottobon.

1891 5291 1945 5336 et
1974 5281 2212 5337 incertus
2243 5293 2431 5350 auctor
2463 5282 2554 5350 qui
2591 5284 2732 5334 hunc
2762 5281 2940 5336 locum
2969 5283 3102 5336 citat
3130 5283 3356 5350 epistola
3391 5282 3459 5336 ad

1893 5352 2184 5406 Maximum
2224 5352 2554 5405 Smeniotam
2603 5368 2668 5404 ex
2714 5367 2849 5406 mss.
2875 5351 3046 5406 Graec.
3077 5353 3323 5406 bihlioth.
3358 5353 3458 5406 Ar-

1891 5423 2447 5494 chjpa_l.,utt_estatur
2473 5421 2707 5494 Felckm.
2739 5421 2844 5488 Alii
2873 5432 2925 5474 et
2958 5422 3108 5494 editi,
3139 5423 3167 5474 ὃ
3198 5423 3326 5494 παρ’
3359 5423 3458 5494 αύ-

1889 5490 2003 5563 τοῦζ
2041 5491 2160 5546 Mox
2204 5492 2401 5560 Regius
2422 5491 2478 5556 2,
2519 5490 2859 5563 πιστεύουσιν
2883 5494 2962 5563 είς
2987 5491 3045 5544 τὸ
3072 5492 3241 5563 ὄνομα
3268 5490 3454 5560 αὐτοῦ.

1889 5561 2009 5634 Mox
2061 5563 2186 5616 item
2239 5578 2428 5634 omnes
2471 5577 2603 5634 [ηεξ.
2638 5562 2766 5634 περὶ
2818 5562 2910 5614 τοῦ
2959 5561 3177 5634 Πατρός
3216 5564 3453 5619 habent:

1889 5633 2016 5688 editi
2047 5634 2207 5700 male,
2246 5632 2370 5702 περὶ
2404 5631 2495 5683 τοῦ
2529 5631 2862 5702 Πνεύματος.
