  <div class='ocr_page' id='page_1' title='image "/cluster/home/n/w/nwhite01/storage/ocr_20150623/26/nnc1.0046978577/275.png"; bbox 0 0 3834 6220; ppageno 0'>
   <div class='ocr_carea' id='block_1_1' title="bbox 369 289 476 346">
    <p class='ocr_par' dir='ltr' id='par_1_1' title="bbox 369 289 476 346">
     <span class='ocr_line' id='line_1_1' title="bbox 369 289 476 346; baseline -0.037 -1"><span class='ocrx_word' id='word_1_1' title='bbox 369 289 476 346; x_wconf 74' lang='grc'><strong>355</strong></span> 
     </span>
    </p>
   </div>
   <div class='ocr_carea' id='block_1_2' title="bbox 1013 283 1919 364">
    <p class='ocr_par' dir='ltr' id='par_1_2' title="bbox 1013 287 1919 346">
     <span class='ocr_line' id='line_1_2' title="bbox 1013 287 1919 346; baseline -0.001 -2"><span class='ocrx_word' id='word_1_2' title='bbox 1013 290 1068 344; x_wconf 93' lang='lat' dir='ltr'><strong>S.</strong></span> <span class='ocrx_word' id='word_1_3' title='bbox 1110 289 1480 344; x_wconf 74' lang='lat' dir='ltr'><strong>ATHANASII</strong></span> <span class='ocrx_word' id='word_1_4' title='bbox 1517 289 1667 346; x_wconf 79' lang='lat' dir='ltr'><strong>OPP.</strong></span> <span class='ocrx_word' id='word_1_5' title='bbox 1707 287 1919 344; x_wconf 60' lang='lat' dir='ltr'><strong>PARS}</strong></span> 
     </span>
    </p>
   </div>
   <div class='ocr_carea' id='block_1_3' title="bbox 2033 283 3050 364">
    <p class='ocr_par' dir='ltr' id='par_1_3' title="bbox 2033 283 3050 364">
     <span class='ocr_line' id='line_1_3' title="bbox 2033 283 3050 364; baseline -0.007 -19"><span class='ocrx_word' id='word_1_6' title='bbox 2033 321 2060 330; x_wconf 92' lang='grc'><strong><em>-</em></strong></span> <span class='ocrx_word' id='word_1_7' title='bbox 2099 286 2469 364; x_wconf 66' lang='grc' dir='ltr'>ιηετοιιιωι</span> <span class='ocrx_word' id='word_1_8' title='bbox 2505 287 2592 344; x_wconf 84' lang='lat' dir='ltr'><strong>ET</strong></span> <span class='ocrx_word' id='word_1_9' title='bbox 2633 283 3050 343; x_wconf 77' lang='lat' dir='ltr'><strong>DOCMATICA.</strong></span> 
     </span>
    </p>
   </div>
   <div class='ocr_carea' id='block_1_4' title="bbox 3513 283 3619 337">
    <p class='ocr_par' dir='ltr' id='par_1_4' title="bbox 3513 283 3619 337">
     <span class='ocr_line' id='line_1_4' title="bbox 3513 283 3619 337; baseline 0 0"><span class='ocrx_word' id='word_1_10' title='bbox 3513 283 3619 337; x_wconf 78' lang='lat'><strong>536</strong></span> 
     </span>
    </p>
   </div>
   <div class='ocr_carea' id='block_1_5' title="bbox 438 395 1919 473">
    <p class='ocr_par' dir='ltr' id='par_1_5' title="bbox 438 397 1919 472">
     <span class='ocr_line' id='line_1_5' title="bbox 438 397 1919 472; baseline 0.003 -19"><span class='ocrx_word' id='word_1_11' title='bbox 438 400 490 453; x_wconf 79' lang='grc'><strong>5.</strong></span> <span class='ocrx_word' id='word_1_12' title='bbox 529 397 809 455; x_wconf 86' lang='lat' dir='ltr'><strong>Undenam</strong></span> <span class='ocrx_word' id='word_1_13' title='bbox 844 415 974 472; x_wconf 90' lang='lat' dir='ltr'><strong>ergo</strong></span> <span class='ocrx_word' id='word_1_14' title='bbox 1000 410 1161 458; x_wconf 79' lang='lat' dir='ltr'><strong>tanta:</strong></span> <span class='ocrx_word' id='word_1_15' title='bbox 1190 402 1344 458; x_wconf 80' lang='lat' dir='ltr'><strong>vobis</strong></span> <span class='ocrx_word' id='word_1_16' title='bbox 1374 402 1694 458; x_wconf 71' lang='lat' dir='ltr'><strong>temeritatis</strong></span> <span class='ocrx_word' id='word_1_17' title='bbox 1722 409 1919 467; x_wconf 74' lang='lat' dir='ltr'><strong>causa.</strong></span> 
     </span>
    </p>
   </div>
   <div class='ocr_carea' id='block_1_6' title="bbox 2033 395 3617 473">
    <p class='ocr_par' dir='ltr' id='par_1_6' title="bbox 2102 395 3617 473">
     <span class='ocr_line' id='line_1_6' title="bbox 2102 395 3617 473; baseline -0.003 -16"><span class='ocrx_word' id='word_1_18' title='bbox 2102 405 2154 462; x_wconf 77' lang='lat'><strong>5.</strong></span> <span class='ocrx_word' id='word_1_19' title='bbox 2183 403 2354 458; x_wconf 80' lang='grc' dir='ltr'>Πόθεν</span> <span class='ocrx_word' id='word_1_20' title='bbox 2375 402 2552 457; x_wconf 82' lang='grc' dir='ltr'>τοίνυν</span> <span class='ocrx_word' id='word_1_21' title='bbox 2580 403 2726 473; x_wconf 83' lang='grc' dir='ltr'>ὑμῖν.</span> <span class='ocrx_word' id='word_1_22' title='bbox 2760 420 2806 456; x_wconf 87' lang='grc' dir='ltr'><strong>ω</strong></span> <span class='ocrx_word' id='word_1_23' title='bbox 2832 419 2999 466; x_wconf 91' lang='grc' dir='ltr'>ουτοι,</span> <span class='ocrx_word' id='word_1_24' title='bbox 3046 400 3146 471; x_wconf 85' lang='grc' dir='ltr'>τῆς</span> <span class='ocrx_word' id='word_1_25' title='bbox 3188 395 3300 470; x_wconf 83' lang='grc'><strong>(88)</strong></span> <span class='ocrx_word' id='word_1_26' title='bbox 3346 402 3617 468; x_wconf 75' lang='grc' dir='ltr'>τοσαύτης</span> 
     </span>
    </p>
   </div>
   <div class='ocr_carea' id='block_1_7' title="bbox 368 493 1938 566">
    <p class='ocr_par' dir='ltr' id='par_1_7' title="bbox 368 493 1938 566">
     <span class='ocr_line' id='line_1_7' title="bbox 368 493 1938 566; baseline 0.004 -19"><span class='ocrx_word' id='word_1_27' title='bbox 368 499 429 547; x_wconf 79' lang='grc' dir='ltr'><strong>ιιι</strong></span> <span class='ocrx_word' id='word_1_28' title='bbox 464 507 563 547; x_wconf 86' lang='lat' dir='ltr'><strong>nec</strong></span> <span class='ocrx_word' id='word_1_29' title='bbox 595 493 726 546; x_wconf 91' lang='lat' dir='ltr'><strong>illud</strong></span> <span class='ocrx_word' id='word_1_30' title='bbox 767 509 794 547; x_wconf 90' lang='lat' dir='ltr'><strong>a</strong></span> <span class='ocrx_word' id='word_1_31' title='bbox 828 493 1112 550; x_wconf 82' lang='lat' dir='ltr'><strong>Salvatore</strong></span> <span class='ocrx_word' id='word_1_32' title='bbox 1151 497 1356 552; x_wconf 85' lang='lat' dir='ltr'><strong>dictum</strong></span> <span class='ocrx_word' id='word_1_33' title='bbox 1407 499 1744 557; x_wconf 80' lang='lat' dir='ltr'><strong>vereamini:</strong></span> <span class='ocrx_word' id='word_1_34' title='bbox 1787 518 1806 551; x_wconf 75' lang='grc' dir='ltr'><strong>ι</strong></span> <span class='ocrx_word' id='word_1_35' title='bbox 1833 497 1938 566; x_wconf 87' lang='lat' dir='ltr'><strong>Qui</strong></span> 
     </span>
    </p>
   </div>
   <div class='ocr_carea' id='block_1_8' title="bbox 368 584 1940 660">
    <p class='ocr_par' dir='ltr' id='par_1_8' title="bbox 368 584 1940 660">
     <span class='ocr_line' id='line_1_8' title="bbox 368 584 1940 660; baseline 0.006 -21"><span class='ocrx_word' id='word_1_36' title='bbox 368 584 826 655; x_wconf 84' lang='lat' dir='ltr'><strong>blasphemaverit</strong></span> <span class='ocrx_word' id='word_1_37' title='bbox 874 588 930 642; x_wconf 92' lang='lat' dir='ltr'><strong>in</strong></span> <span class='ocrx_word' id='word_1_38' title='bbox 965 590 1228 660; x_wconf 80' lang='lat' dir='ltr'><strong>Spiritum</strong></span> <span class='ocrx_word' id='word_1_39' title='bbox 1267 602 1542 660; x_wconf 89' lang='lat' dir='ltr'><strong>sanctum,</strong></span> <span class='ocrx_word' id='word_1_40' title='bbox 1575 610 1683 648; x_wconf 91' lang='lat' dir='ltr'><strong>non</strong></span> <span class='ocrx_word' id='word_1_41' title='bbox 1717 594 1940 649; x_wconf 75' lang='lat' dir='ltr'><strong>habebit</strong></span> 
     </span>
    </p>
   </div>
   <div class='ocr_carea' id='block_1_9' title="bbox 367 677 1940 753">
    <p class='ocr_par' dir='ltr' id='par_1_9' title="bbox 367 677 1940 753">
     <span class='ocr_line' id='line_1_9' title="bbox 367 677 1940 753; baseline 0.006 -24"><span class='ocrx_word' id='word_1_42' title='bbox 367 677 748 732; x_wconf 83' lang='lat' dir='ltr'><strong>remissionem</strong></span> <span class='ocrx_word' id='word_1_43' title='bbox 796 694 973 748; x_wconf 87' lang='lat' dir='ltr'><strong>neque</strong></span> <span class='ocrx_word' id='word_1_44' title='bbox 1021 680 1076 735; x_wconf 91' lang='lat' dir='ltr'><strong>in</strong></span> <span class='ocrx_word' id='word_1_45' title='bbox 1125 681 1230 737; x_wconf 80' lang='lat' dir='ltr'><strong>hoc</strong></span> <span class='ocrx_word' id='word_1_46' title='bbox 1278 685 1478 738; x_wconf 66' lang='lat' dir='ltr'><strong>saeculo</strong></span> <span class='ocrx_word' id='word_1_47' title='bbox 1524 700 1700 753; x_wconf 88' lang='lat' dir='ltr'><strong>neque</strong></span> <span class='ocrx_word' id='word_1_48' title='bbox 1749 686 1802 738; x_wconf 91' lang='lat' dir='ltr'><strong>in</strong></span> <span class='ocrx_word' id='word_1_49' title='bbox 1852 684 1940 739; x_wconf 79' lang='lat' dir='ltr'><strong>fu-</strong></span> 
     </span>
    </p>
   </div>
   <div class='ocr_carea' id='block_1_10' title="bbox 367 769 1939 844">
    <p class='ocr_par' dir='ltr' id='par_1_10' title="bbox 367 769 1939 844">
     <span class='ocr_line' id='line_1_10' title="bbox 367 769 1939 844; baseline 0.006 -23"><span class='ocrx_word' id='word_1_50' title='bbox 367 769 563 822; x_wconf 81' lang='lat' dir='ltr'><strong>turo&quot;?</strong></span> <span class='ocrx_word' id='word_1_51' title='bbox 593 787 612 820; x_wconf 75' lang='grc' dir='ltr'><strong>ι</strong></span> <span class='ocrx_word' id='word_1_52' title='bbox 639 770 825 824; x_wconf 83' lang='lat' dir='ltr'><strong>Ariani</strong></span> <span class='ocrx_word' id='word_1_53' title='bbox 855 771 1101 840; x_wconf 88' lang='lat' dir='ltr'><strong>quidem,</strong></span> <span class='ocrx_word' id='word_1_54' title='bbox 1136 774 1237 833; x_wconf 90' lang='lat' dir='ltr'><strong>etsi</strong></span> <span class='ocrx_word' id='word_1_55' title='bbox 1263 789 1580 844; x_wconf 78' lang='lat' dir='ltr'><strong>corpoream</strong></span> <span class='ocrx_word' id='word_1_56' title='bbox 1612 774 1771 830; x_wconf 91' lang='lat' dir='ltr'><strong>Verbi</strong></span> <span class='ocrx_word' id='word_1_57' title='bbox 1799 790 1939 844; x_wconf 67' lang='lat' dir='ltr'><strong>prte-</strong></span> 
     </span>
    </p>
   </div>
   <div class='ocr_carea' id='block_1_11' title="bbox 367 858 1938 936">
    <p class='ocr_par' dir='ltr' id='par_1_11' title="bbox 367 858 1938 936">
     <span class='ocr_line' id='line_1_11' title="bbox 367 858 1938 936; baseline 0.007 -26"><span class='ocrx_word' id='word_1_58' title='bbox 367 858 823 929; x_wconf 66' lang='lat' dir='ltr'><strong>sentiam,ctquaa</strong></span> <span class='ocrx_word' id='word_1_59' title='bbox 853 861 973 929; x_wconf 89' lang='lat' dir='ltr'><strong>ejus</strong></span> <span class='ocrx_word' id='word_1_60' title='bbox 1001 877 1167 916; x_wconf 84' lang='lat' dir='ltr'><strong>causa</strong></span> <span class='ocrx_word' id='word_1_61' title='bbox 1183 864 1324 919; x_wconf 89' lang='lat' dir='ltr'><strong>dicta</strong></span> <span class='ocrx_word' id='word_1_62' title='bbox 1355 875 1507 932; x_wconf 89' lang='lat' dir='ltr'><strong>sunt,</strong></span> <span class='ocrx_word' id='word_1_63' title='bbox 1536 881 1642 920; x_wconf 93' lang='lat' dir='ltr'><strong>non</strong></span> <span class='ocrx_word' id='word_1_64' title='bbox 1670 866 1938 936; x_wconf 84' lang='lat' dir='ltr'><strong>intellige-</strong></span> 
     </span>
    </p>
   </div>
   <div class='ocr_carea' id='block_1_12' title="bbox 365 950 1937 1014">
    <p class='ocr_par' dir='ltr' id='par_1_12' title="bbox 365 950 1937 1014">
     <span class='ocr_line' id='line_1_12' title="bbox 365 950 1937 1014; baseline 0.007 -10"><span class='ocrx_word' id='word_1_65' title='bbox 365 957 507 1014; x_wconf 86' lang='lat' dir='ltr'><strong>rent,</strong></span> <span class='ocrx_word' id='word_1_66' title='bbox 537 963 605 1004; x_wconf 83' lang='lat' dir='ltr'><strong>ex</strong></span> <span class='ocrx_word' id='word_1_67' title='bbox 635 950 718 1005; x_wconf 92' lang='lat' dir='ltr'><strong>his</strong></span> <span class='ocrx_word' id='word_1_68' title='bbox 747 959 929 1007; x_wconf 87' lang='lat' dir='ltr'><strong>tamen</strong></span> <span class='ocrx_word' id='word_1_69' title='bbox 959 955 1301 1010; x_wconf 84' lang='lat' dir='ltr'><strong>occasionem</strong></span> <span class='ocrx_word' id='word_1_70' title='bbox 1326 973 1437 1012; x_wconf 74' lang='lat' dir='ltr'><strong>sua:</strong></span> <span class='ocrx_word' id='word_1_71' title='bbox 1460 959 1937 1014; x_wconf 62' lang='lat' dir='ltr'><strong>comminisceudaz</strong></span> 
     </span>
    </p>
   </div>
   <div class='ocr_carea' id='block_1_13' title="bbox 368 1038 1936 1110">
    <p class='ocr_par' dir='ltr' id='par_1_13' title="bbox 368 1038 1936 1110">
     <span class='ocr_line' id='line_1_13' title="bbox 368 1038 1936 1110; baseline 0.01 -20"><span class='ocrx_word' id='word_1_72' title='bbox 368 1038 589 1095; x_wconf 69' lang='lat' dir='ltr'><strong>haeresis</strong></span> <span class='ocrx_word' id='word_1_73' title='bbox 621 1041 1021 1110; x_wconf 88' lang='lat' dir='ltr'><strong>improbissime</strong></span> <span class='ocrx_word' id='word_1_74' title='bbox 1052 1045 1217 1110; x_wconf 90' lang='lat' dir='ltr'><strong>nacti,</strong></span> <span class='ocrx_word' id='word_1_75' title='bbox 1253 1045 1342 1101; x_wconf 85' lang='lat' dir='ltr'><strong>Dei</strong></span> <span class='ocrx_word' id='word_1_76' title='bbox 1380 1048 1561 1103; x_wconf 78' lang='lat' dir='ltr'><strong>hostes</strong></span> <span class='ocrx_word' id='word_1_77' title='bbox 1589 1064 1711 1104; x_wconf 90' lang='lat' dir='ltr'><strong>esse</strong></span> <span class='ocrx_word' id='word_1_78' title='bbox 1735 1059 1790 1104; x_wconf 87' lang='lat' dir='ltr'><strong>et</strong></span> <span class='ocrx_word' id='word_1_79' title='bbox 1812 1066 1936 1105; x_wconf 84' lang='lat' dir='ltr'><strong>vere</strong></span> 
     </span>
    </p>
   </div>
   <div class='ocr_carea' id='block_1_14' title="bbox 363 1129 1934 1205">
    <p class='ocr_par' dir='ltr' id='par_1_14' title="bbox 363 1129 1934 1205">
     <span class='ocr_line' id='line_1_14' title="bbox 363 1129 1934 1205; baseline 0.008 -23"><span class='ocrx_word' id='word_1_80' title='bbox 363 1129 432 1183; x_wconf 82' lang='lat' dir='ltr'><strong>de</strong></span> <span class='ocrx_word' id='word_1_81' title='bbox 466 1138 609 1184; x_wconf 88' lang='lat' dir='ltr'><strong>terra</strong></span> <span class='ocrx_word' id='word_1_82' title='bbox 650 1131 695 1162; x_wconf 84' lang='grc'><strong>⁷⁰</strong></span> <span class='ocrx_word' id='word_1_83' title='bbox 753 1131 933 1190; x_wconf 86' lang='lat' dir='ltr'><strong>inania</strong></span> <span class='ocrx_word' id='word_1_84' title='bbox 973 1133 1120 1205; x_wconf 74' lang='lat' dir='ltr'><strong>loqui</strong></span> <span class='ocrx_word' id='word_1_85' title='bbox 1169 1137 1404 1191; x_wconf 82' lang='lat' dir='ltr'><strong>convicti</strong></span> <span class='ocrx_word' id='word_1_86' title='bbox 1456 1148 1602 1193; x_wconf 88' lang='lat' dir='ltr'><strong>sunt.</strong></span> <span class='ocrx_word' id='word_1_87' title='bbox 1646 1137 1754 1192; x_wconf 89' lang='lat' dir='ltr'><strong>Vos</strong></span> <span class='ocrx_word' id='word_1_88' title='bbox 1807 1154 1934 1194; x_wconf 88' lang='lat' dir='ltr'><strong>vero</strong></span> 
     </span>
    </p>
   </div>
   <div class='ocr_carea' id='block_1_15' title="bbox 368 1220 1936 1297">
    <p class='ocr_par' dir='ltr' id='par_1_15' title="bbox 368 1220 1936 1297">
     <span class='ocr_line' id='line_1_15' title="bbox 368 1220 1936 1297; baseline 0.009 -25"><span class='ocrx_word' id='word_1_89' title='bbox 368 1220 663 1286; x_wconf 91' lang='lat' dir='ltr'><strong>undenam,</strong></span> <span class='ocrx_word' id='word_1_90' title='bbox 699 1238 907 1291; x_wconf 68' lang='lat' dir='ltr'><strong>quaeso,</strong></span> <span class='ocrx_word' id='word_1_91' title='bbox 948 1225 1003 1279; x_wconf 90' lang='lat' dir='ltr'><strong>in</strong></span> <span class='ocrx_word' id='word_1_92' title='bbox 1046 1241 1289 1282; x_wconf 88' lang='lat' dir='ltr'><strong>errorem</strong></span> <span class='ocrx_word' id='word_1_93' title='bbox 1348 1229 1552 1283; x_wconf 90' lang='lat' dir='ltr'><strong>inducti</strong></span> <span class='ocrx_word' id='word_1_94' title='bbox 1596 1231 1936 1297; x_wconf 82' lang='lat' dir='ltr'><strong>estis?Quis</strong></span> 
     </span>
    </p>
   </div>
   <div class='ocr_carea' id='block_1_16' title="bbox 365 1311 1932 1384">
    <p class='ocr_par' dir='ltr' id='par_1_16' title="bbox 365 1311 1932 1384">
     <span class='ocr_line' id='line_1_16' title="bbox 365 1311 1932 1384; baseline 0.008 -22"><span class='ocrx_word' id='word_1_95' title='bbox 365 1325 464 1365; x_wconf 92' lang='lat' dir='ltr'><strong>vos</strong></span> <span class='ocrx_word' id='word_1_96' title='bbox 494 1311 566 1365; x_wconf 90' lang='lat' dir='ltr'><strong>ita</strong></span> <span class='ocrx_word' id='word_1_97' title='bbox 600 1313 811 1377; x_wconf 80' lang='lat' dir='ltr'><strong>doeuit,</strong></span> <span class='ocrx_word' id='word_1_98' title='bbox 843 1316 925 1369; x_wconf 82' lang='lat' dir='ltr'><strong>vel</strong></span> <span class='ocrx_word' id='word_1_99' title='bbox 949 1317 1070 1384; x_wconf 88' lang='lat' dir='ltr'><strong>quis</strong></span> <span class='ocrx_word' id='word_1_100' title='bbox 1103 1319 1320 1374; x_wconf 87' lang='lat' dir='ltr'><strong>tandem</strong></span> <span class='ocrx_word' id='word_1_101' title='bbox 1351 1321 1547 1375; x_wconf 92' lang='lat' dir='ltr'><strong>modus</strong></span> <span class='ocrx_word' id='word_1_102' title='bbox 1580 1321 1748 1374; x_wconf 83' lang='lat' dir='ltr'><strong>vestri</strong></span> <span class='ocrx_word' id='word_1_103' title='bbox 1778 1337 1932 1375; x_wconf 89' lang='lat' dir='ltr'><strong>erro-</strong></span> 
     </span>
    </p>
   </div>
   <div class='ocr_carea' id='block_1_17' title="bbox 366 1400 1934 1478">
    <p class='ocr_par' dir='ltr' id='par_1_17' title="bbox 366 1400 1934 1478">
     <span class='ocr_line' id='line_1_17' title="bbox 366 1400 1934 1478; baseline 0.008 -25"><span class='ocrx_word' id='word_1_104' title='bbox 366 1401 443 1455; x_wconf 89' lang='lat' dir='ltr'><strong>ris</strong></span> <span class='ocrx_word' id='word_1_105' title='bbox 464 1400 778 1472; x_wconf 86' lang='lat' dir='ltr'><strong>?Legimus.</strong></span> <span class='ocrx_word' id='word_1_106' title='bbox 809 1406 1084 1474; x_wconf 86' lang='lat' dir='ltr'><strong>inquiunt,</strong></span> <span class='ocrx_word' id='word_1_107' title='bbox 1113 1407 1165 1461; x_wconf 92' lang='lat' dir='ltr'><strong>in</strong></span> <span class='ocrx_word' id='word_1_108' title='bbox 1199 1410 1462 1478; x_wconf 88' lang='lat' dir='ltr'><strong>propheta</strong></span> <span class='ocrx_word' id='word_1_109' title='bbox 1493 1411 1661 1464; x_wconf 83' lang='lat' dir='ltr'><strong>Amos</strong></span> <span class='ocrx_word' id='word_1_110' title='bbox 1692 1412 1808 1466; x_wconf 69' lang='lat' dir='ltr'><strong>htec</strong></span> <span class='ocrx_word' id='word_1_111' title='bbox 1837 1411 1934 1466; x_wconf 90' lang='lat' dir='ltr'><strong>Dei</strong></span> 
     </span>
    </p>
   </div>
   <div class='ocr_carea' id='block_1_18' title="bbox 369 1494 1933 1570">
    <p class='ocr_par' dir='ltr' id='par_1_18' title="bbox 369 1494 1933 1570">
     <span class='ocr_line' id='line_1_18' title="bbox 369 1494 1933 1570; baseline 0.009 -25"><span class='ocrx_word' id='word_1_112' title='bbox 369 1494 536 1548; x_wconf 85' lang='lat' dir='ltr'><strong>verba</strong></span> <span class='ocrx_word' id='word_1_113' title='bbox 571 1513 584 1548; x_wconf 93' lang='lat'><strong>:</strong></span> <span class='ocrx_word' id='word_1_114' title='bbox 626 1514 644 1546; x_wconf 86' lang='lat'><strong>(</strong></span> <span class='ocrx_word' id='word_1_115' title='bbox 676 1494 812 1562; x_wconf 85' lang='lat' dir='ltr'><strong>Quia</strong></span> <span class='ocrx_word' id='word_1_116' title='bbox 847 1514 974 1553; x_wconf 91' lang='lat' dir='ltr'><strong>ecce</strong></span> <span class='ocrx_word' id='word_1_117' title='bbox 1002 1515 1102 1570; x_wconf 88' lang='lat' dir='ltr'><strong>ego</strong></span> <span class='ocrx_word' id='word_1_118' title='bbox 1145 1501 1370 1556; x_wconf 82' lang='lat' dir='ltr'><strong>ﬁrmans</strong></span> <span class='ocrx_word' id='word_1_119' title='bbox 1399 1503 1624 1568; x_wconf 81' lang='lat' dir='ltr'><strong>tonitru,</strong></span> <span class='ocrx_word' id='word_1_120' title='bbox 1647 1512 1700 1558; x_wconf 92' lang='lat' dir='ltr'><strong>et</strong></span> <span class='ocrx_word' id='word_1_121' title='bbox 1740 1519 1933 1559; x_wconf 87' lang='lat' dir='ltr'><strong>creans</strong></span> 
     </span>
    </p>
   </div>
   <div class='ocr_carea' id='block_1_19' title="bbox 367 1584 1928 1663">
    <p class='ocr_par' dir='ltr' id='par_1_19' title="bbox 367 1584 1928 1663">
     <span class='ocr_line' id='line_1_19' title="bbox 367 1584 1928 1663; baseline 0.006 -25"><span class='ocrx_word' id='word_1_122' title='bbox 367 1584 617 1654; x_wconf 85' lang='lat' dir='ltr'><strong>spiritum</strong></span> <span class='ocrx_word' id='word_1_123' title='bbox 641 1629 656 1651; x_wconf 92' lang='lat'><strong>,</strong></span> <span class='ocrx_word' id='word_1_124' title='bbox 685 1597 735 1642; x_wconf 88' lang='lat' dir='ltr'><strong>et</strong></span> <span class='ocrx_word' id='word_1_125' title='bbox 767 1591 1100 1644; x_wconf 85' lang='lat' dir='ltr'><strong>annuntians</strong></span> <span class='ocrx_word' id='word_1_126' title='bbox 1124 1593 1189 1646; x_wconf 88' lang='lat' dir='ltr'><strong>ad</strong></span> <span class='ocrx_word' id='word_1_127' title='bbox 1214 1593 1461 1648; x_wconf 87' lang='lat' dir='ltr'><strong>homines</strong></span> <span class='ocrx_word' id='word_1_128' title='bbox 1483 1592 1766 1652; x_wconf 80' lang='lat' dir='ltr'><strong>Christum</strong></span> <span class='ocrx_word' id='word_1_129' title='bbox 1790 1595 1928 1663; x_wconf 85' lang='lat' dir='ltr'><strong>ejus,</strong></span> 
     </span>
    </p>
   </div>
   <div class='ocr_carea' id='block_1_20' title="bbox 2038 490 3615 568">
    <p class='ocr_par' dir='ltr' id='par_1_20' title="bbox 2038 490 3615 568">
     <span class='ocr_line' id='line_1_20' title="bbox 2038 490 3615 568; baseline -0.004 -18"><span class='ocrx_word' id='word_1_130' title='bbox 2038 497 2244 568; x_wconf 74' lang='grc' dir='ltr'>τόλμης</span> <span class='ocrx_word' id='word_1_131' title='bbox 2291 497 2324 566; x_wconf 83' lang='grc' dir='ltr'><strong>ή</strong></span> <span class='ocrx_word' id='word_1_132' title='bbox 2369 495 2659 566; x_wconf 74' lang='grc' dir='ltr'>πρόφασις,</span> <span class='ocrx_word' id='word_1_133' title='bbox 2686 493 2826 547; x_wconf 84' lang='grc' dir='ltr'>ὥστε</span> <span class='ocrx_word' id='word_1_134' title='bbox 2865 494 2939 564; x_wconf 82' lang='grc' dir='ltr'>μὴ</span> <span class='ocrx_word' id='word_1_135' title='bbox 2961 492 3258 563; x_wconf 85' lang='grc' dir='ltr'>φοϐηθῆναι</span> <span class='ocrx_word' id='word_1_136' title='bbox 3287 492 3347 544; x_wconf 87' lang='grc' dir='ltr'><strong>τὸ</strong></span> <span class='ocrx_word' id='word_1_137' title='bbox 3384 490 3491 550; x_wconf 70' lang='grc' dir='ltr'>ὑπὸ</span> <span class='ocrx_word' id='word_1_138' title='bbox 3517 490 3615 543; x_wconf 79' lang='grc' dir='ltr'><strong>τοῦ</strong></span> 
     </span>
    </p>
   </div>
   <div class='ocr_carea' id='block_1_21' title="bbox 2040 583 3616 660">
    <p class='ocr_par' dir='ltr' id='par_1_21' title="bbox 2040 583 3616 660">
     <span class='ocr_line' id='line_1_21' title="bbox 2040 583 3616 660; baseline -0.004 -18"><span class='ocrx_word' id='word_1_139' title='bbox 2040 589 2244 660; x_wconf 81' lang='grc' dir='ltr'><strong>Κυρίου</strong></span> <span class='ocrx_word' id='word_1_140' title='bbox 2281 588 2591 659; x_wconf 78' lang='grc' dir='ltr'><strong>εἰρημένον·</strong></span> <span class='ocrx_word' id='word_1_141' title='bbox 2621 605 2640 637; x_wconf 81' lang='grc' dir='ltr'><strong>ι</strong></span> <span class='ocrx_word' id='word_1_142' title='bbox 2681 589 2775 648; x_wconf 85' lang='grc' dir='ltr'>Ὃς</span> <span class='ocrx_word' id='word_1_143' title='bbox 2826 586 2872 639; x_wconf 91' lang='grc' dir='ltr'>δ’</span> <span class='ocrx_word' id='word_1_144' title='bbox 2904 586 2971 639; x_wconf 83' lang='grc' dir='ltr'>ἂν</span> <span class='ocrx_word' id='word_1_145' title='bbox 3026 585 3387 655; x_wconf 79' lang='grc' dir='ltr'><strong>βλασφημήσῃ</strong></span> <span class='ocrx_word' id='word_1_146' title='bbox 3441 585 3521 646; x_wconf 88' lang='grc' dir='ltr'><strong>είς</strong></span> <span class='ocrx_word' id='word_1_147' title='bbox 3549 583 3616 636; x_wconf 83' lang='grc' dir='ltr'>τὸ</span> 
     </span>
    </p>
   </div>
   <div class='ocr_carea' id='block_1_22' title="bbox 2038 673 3612 748">
    <p class='ocr_par' dir='ltr' id='par_1_22' title="bbox 2038 673 3612 748">
     <span class='ocr_line' id='line_1_22' title="bbox 2038 673 3612 748; baseline -0.001 -16"><span class='ocrx_word' id='word_1_148' title='bbox 2038 677 2262 748; x_wconf 79' lang='grc' dir='ltr'><strong>Πνεῦμα</strong></span> <span class='ocrx_word' id='word_1_149' title='bbox 2273 677 2333 729; x_wconf 85' lang='grc' dir='ltr'><strong>τὸ</strong></span> <span class='ocrx_word' id='word_1_150' title='bbox 2351 677 2524 744; x_wconf 74' lang='grc' dir='ltr'>ἆγιον,</span> <span class='ocrx_word' id='word_1_151' title='bbox 2542 677 2642 728; x_wconf 76' lang='grc' dir='ltr'><strong>οὐκ</strong></span> <span class='ocrx_word' id='word_1_152' title='bbox 2657 675 2766 745; x_wconf 76' lang='grc' dir='ltr'>ἔχει</span> <span class='ocrx_word' id='word_1_153' title='bbox 2790 675 2979 742; x_wconf 79' lang='grc' dir='ltr'>ἄφεσιν</span> <span class='ocrx_word' id='word_1_154' title='bbox 3001 673 3124 727; x_wconf 71' lang='grc' dir='ltr'>οὔτε</span> <span class='ocrx_word' id='word_1_155' title='bbox 3157 677 3213 727; x_wconf 82' lang='grc' dir='ltr'>ὲν</span> <span class='ocrx_word' id='word_1_156' title='bbox 3233 673 3309 744; x_wconf 83' lang='grc' dir='ltr'>τῷ</span> <span class='ocrx_word' id='word_1_157' title='bbox 3326 673 3479 727; x_wconf 83' lang='grc' dir='ltr'>αἰῶνι</span> <span class='ocrx_word' id='word_1_158' title='bbox 3497 674 3612 743; x_wconf 84' lang='lat'><strong>(89)</strong></span> 
     </span>
    </p>
   </div>
   <div class='ocr_carea' id='block_1_23' title="bbox 2037 763 3609 838">
    <p class='ocr_par' dir='ltr' id='par_1_23' title="bbox 2037 763 3609 838">
     <span class='ocr_line' id='line_1_23' title="bbox 2037 763 3609 838; baseline -0.004 -16"><span class='ocrx_word' id='word_1_159' title='bbox 2037 769 2231 838; x_wconf 79' lang='grc' dir='ltr'>τούτῳ,</span> <span class='ocrx_word' id='word_1_160' title='bbox 2263 767 2391 822; x_wconf 84' lang='grc' dir='ltr'>οῦτε</span> <span class='ocrx_word' id='word_1_161' title='bbox 2421 769 2478 822; x_wconf 82' lang='grc' dir='ltr'><strong>ἐν</strong></span> <span class='ocrx_word' id='word_1_162' title='bbox 2498 766 2575 837; x_wconf 82' lang='grc' dir='ltr'>τῷ</span> <span class='ocrx_word' id='word_1_163' title='bbox 2608 765 2884 836; x_wconf 74' lang='grc' dir='ltr'>μέλλοντις</span> <span class='ocrx_word' id='word_1_164' title='bbox 2922 784 2940 817; x_wconf 80' lang='grc' dir='ltr'><strong>ι</strong></span> <span class='ocrx_word' id='word_1_165' title='bbox 2963 767 3026 818; x_wconf 88' lang='grc' dir='ltr'>Οἱ</span> <span class='ocrx_word' id='word_1_166' title='bbox 3057 765 3155 836; x_wconf 81' lang='grc' dir='ltr'>μὲν</span> <span class='ocrx_word' id='word_1_167' title='bbox 3177 763 3286 835; x_wconf 78' lang='grc' dir='ltr'>γὰρ</span> <span class='ocrx_word' id='word_1_168' title='bbox 3324 766 3609 836; x_wconf 76' lang='lat' dir='ltr'><strong>‘Apstavol,</strong></span> 
     </span>
    </p>
   </div>
   <div class='ocr_carea' id='block_1_24' title="bbox 2038 853 3611 931">
    <p class='ocr_par' dir='ltr' id='par_1_24' title="bbox 2038 853 3611 931">
     <span class='ocr_line' id='line_1_24' title="bbox 2038 853 3611 931; baseline -0.003 -19"><span class='ocrx_word' id='word_1_169' title='bbox 2038 861 2214 914; x_wconf 86' lang='grc' dir='ltr'>καίτοι</span> <span class='ocrx_word' id='word_1_170' title='bbox 2243 859 2343 931; x_wconf 81' lang='grc' dir='ltr'><strong>τὴν</strong></span> <span class='ocrx_word' id='word_1_171' title='bbox 2367 857 2627 927; x_wconf 77' lang='grc' dir='ltr'>ἔνσαρκον</span> <span class='ocrx_word' id='word_1_172' title='bbox 2651 857 2951 930; x_wconf 78' lang='grc' dir='ltr'>παρουσίαν</span> <span class='ocrx_word' id='word_1_173' title='bbox 2990 856 3084 910; x_wconf 88' lang='grc' dir='ltr'><strong>τοῦ</strong></span> <span class='ocrx_word' id='word_1_174' title='bbox 3115 855 3287 924; x_wconf 84' lang='grc' dir='ltr'>Λόγου</span> <span class='ocrx_word' id='word_1_175' title='bbox 3319 857 3411 908; x_wconf 78' lang='grc' dir='ltr'>καὶ</span> <span class='ocrx_word' id='word_1_176' title='bbox 3439 855 3509 909; x_wconf 85' lang='grc' dir='ltr'>τὰ</span> <span class='ocrx_word' id='word_1_177' title='bbox 3539 853 3611 908; x_wconf 75' lang='grc' dir='ltr'>δι’</span> 
     </span>
    </p>
   </div>
   <div class='ocr_carea' id='block_1_25' title="bbox 2036 945 3612 1023">
    <p class='ocr_par' dir='ltr' id='par_1_25' title="bbox 2036 945 3612 1023">
     <span class='ocr_line' id='line_1_25' title="bbox 2036 945 3612 1023; baseline -0.006 -17"><span class='ocrx_word' id='word_1_178' title='bbox 2036 951 2204 1023; x_wconf 74' lang='grc' dir='ltr'>αὐτὴν</span> <span class='ocrx_word' id='word_1_179' title='bbox 2229 951 2494 1023; x_wconf 78' lang='grc' dir='ltr'>εἰρημένα</span> <span class='ocrx_word' id='word_1_180' title='bbox 2526 950 2600 1021; x_wconf 83' lang='grc' dir='ltr'>μὴ</span> <span class='ocrx_word' id='word_1_181' title='bbox 2653 952 2961 1020; x_wconf 79' lang='grc' dir='ltr'>νοήσαντες,</span> <span class='ocrx_word' id='word_1_182' title='bbox 3011 949 3160 1019; x_wconf 84' lang='grc' dir='ltr'>ὅμως</span> <span class='ocrx_word' id='word_1_183' title='bbox 3190 946 3248 1014; x_wconf 79' lang='grc' dir='ltr'>ἐξ</span> <span class='ocrx_word' id='word_1_184' title='bbox 3274 945 3450 1000; x_wconf 83' lang='grc' dir='ltr'>αὐτῶν</span> <span class='ocrx_word' id='word_1_185' title='bbox 3476 946 3612 1017; x_wconf 83' lang='grc' dir='ltr'>πρό-</span> 
     </span>
    </p>
   </div>
   <div class='ocr_carea' id='block_1_26' title="bbox 2036 1038 3611 1112">
    <p class='ocr_par' dir='ltr' id='par_1_26' title="bbox 2036 1038 3611 1112">
     <span class='ocr_line' id='line_1_26' title="bbox 2036 1038 3611 1112; baseline -0.004 -13"><span class='ocrx_word' id='word_1_186' title='bbox 2036 1059 2197 1110; x_wconf 75' lang='grc' dir='ltr'>φασιν</span> <span class='ocrx_word' id='word_1_187' title='bbox 2225 1041 2480 1104; x_wconf 83' lang='grc' dir='ltr'>λαϐόντες</span> <span class='ocrx_word' id='word_1_188' title='bbox 2540 1042 2620 1104; x_wconf 84' lang='grc' dir='ltr'><strong>είς</strong></span> <span class='ocrx_word' id='word_1_189' title='bbox 2663 1040 2760 1112; x_wconf 83' lang='grc' dir='ltr'>τὴν</span> <span class='ocrx_word' id='word_1_190' title='bbox 2789 1040 2996 1093; x_wconf 77' lang='grc' dir='ltr'>ἑαυτῶν</span> <span class='ocrx_word' id='word_1_191' title='bbox 3047 1040 3274 1112; x_wconf 80' lang='grc' dir='ltr'>αἵρεσιν,</span> <span class='ocrx_word' id='word_1_192' title='bbox 3309 1038 3405 1092; x_wconf 76' lang='grc' dir='ltr'>καὶ</span> <span class='ocrx_word' id='word_1_193' title='bbox 3434 1038 3611 1102; x_wconf 74' lang='grc' dir='ltr'>οὕτως</span> 
     </span>
    </p>
   </div>
   <div class='ocr_carea' id='block_1_27' title="bbox 2032 1132 3609 1205">
    <p class='ocr_par' dir='ltr' id='par_1_27' title="bbox 2032 1132 3609 1205">
     <span class='ocr_line' id='line_1_27' title="bbox 2032 1132 3609 1205; baseline -0.001 -19"><span class='ocrx_word' id='word_1_194' title='bbox 2032 1134 2373 1205; x_wconf 81' lang='grc' dir='ltr'>ἡλέγχθησαν</span> <span class='ocrx_word' id='word_1_195' title='bbox 2407 1133 2658 1203; x_wconf 78' lang='grc' dir='ltr'>θεομάχοι</span> <span class='ocrx_word' id='word_1_196' title='bbox 2709 1134 2802 1186; x_wconf 73' lang='grc' dir='ltr'><strong>καὶ</strong></span> <span class='ocrx_word' id='word_1_197' title='bbox 2836 1132 2913 1195; x_wconf 83' lang='grc' dir='ltr'>ὼς</span> <span class='ocrx_word' id='word_1_198' title='bbox 2936 1132 3152 1204; x_wconf 83' lang='grc' dir='ltr'>ἀληθῶς</span> <span class='ocrx_word' id='word_1_199' title='bbox 3184 1132 3291 1186; x_wconf 80' lang='grc' dir='ltr'><strong>ἀπὸ</strong></span> <span class='ocrx_word' id='word_1_200' title='bbox 3321 1132 3426 1202; x_wconf 80' lang='grc' dir='ltr'>γῆς</span> <span class='ocrx_word' id='word_1_201' title='bbox 3453 1150 3609 1186; x_wconf 85' lang='grc' dir='ltr'>κενο-</span> 
     </span>
    </p>
   </div>
   <div class='ocr_carea' id='block_1_28' title="bbox 2033 1223 3614 1296">
    <p class='ocr_par' dir='ltr' id='par_1_28' title="bbox 2033 1223 3614 1296">
     <span class='ocr_line' id='line_1_28' title="bbox 2033 1223 3614 1296; baseline 0.001 -18"><span class='ocrx_word' id='word_1_202' title='bbox 2033 1225 2315 1293; x_wconf 86' lang='grc' dir='ltr'>λογοῦντες</span> <span class='ocrx_word' id='word_1_203' title='bbox 2341 1223 2471 1296; x_wconf 87' lang='lat'><strong>(90),</strong></span> <span class='ocrx_word' id='word_1_204' title='bbox 2515 1226 2703 1296; x_wconf 81' lang='grc' dir='ltr'>Ὑμεῖς</span> <span class='ocrx_word' id='word_1_205' title='bbox 2751 1225 2809 1278; x_wconf 82' lang='grc' dir='ltr'>δὲ</span> <span class='ocrx_word' id='word_1_206' title='bbox 2853 1224 3016 1278; x_wconf 85' lang='grc' dir='ltr'>πόθεν</span> <span class='ocrx_word' id='word_1_207' title='bbox 3048 1225 3396 1295; x_wconf 75' lang='grc' dir='ltr'>ἠπατήθητε;</span> <span class='ocrx_word' id='word_1_208' title='bbox 3458 1225 3614 1296; x_wconf 83' lang='grc' dir='ltr'>παρὰ</span> 
     </span>
    </p>
   </div>
   <div class='ocr_carea' id='block_1_29' title="bbox 2032 1315 3614 1387">
    <p class='ocr_par' dir='ltr' id='par_1_29' title="bbox 2032 1315 3614 1387">
     <span class='ocr_line' id='line_1_29' title="bbox 2032 1315 3614 1387; baseline -0.001 -17"><span class='ocrx_word' id='word_1_209' title='bbox 2032 1317 2192 1370; x_wconf 89' lang='grc' dir='ltr'>τίνων</span> <span class='ocrx_word' id='word_1_210' title='bbox 2214 1318 2566 1382; x_wconf 77' lang='grc' dir='ltr'>ἀκούσαντες,</span> <span class='ocrx_word' id='word_1_211' title='bbox 2588 1316 2620 1387; x_wconf 82' lang='grc' dir='ltr'>ἦ</span> <span class='ocrx_word' id='word_1_212' title='bbox 2647 1316 2730 1380; x_wconf 86' lang='grc' dir='ltr'><strong>τίς</strong></span> <span class='ocrx_word' id='word_1_213' title='bbox 2761 1317 2789 1370; x_wconf 92' lang='lat'><strong>6</strong></span> <span class='ocrx_word' id='word_1_214' title='bbox 2818 1316 3018 1386; x_wconf 85' lang='grc' dir='ltr'>τρόπος</span> <span class='ocrx_word' id='word_1_215' title='bbox 3045 1315 3142 1385; x_wconf 85' lang='grc' dir='ltr'>τῆς</span> <span class='ocrx_word' id='word_1_216' title='bbox 3167 1315 3421 1386; x_wconf 81' lang='grc' dir='ltr'>τοιαύτης</span> <span class='ocrx_word' id='word_1_217' title='bbox 3455 1316 3614 1386; x_wconf 85' lang='grc' dir='ltr'>ὑμῶν</span> 
     </span>
    </p>
   </div>
   <div class='ocr_carea' id='block_1_30' title="bbox 2034 1402 3608 1480">
    <p class='ocr_par' dir='ltr' id='par_1_30' title="bbox 2034 1402 3608 1480">
     <span class='ocr_line' id='line_1_30' title="bbox 2034 1402 3608 1480; baseline 0.005 -21"><span class='ocrx_word' id='word_1_218' title='bbox 2034 1409 2240 1478; x_wconf 77' lang='grc' dir='ltr'>πλάνης</span> <span class='ocrx_word' id='word_1_219' title='bbox 2268 1425 2282 1473; x_wconf 87' lang='lat'><strong>;</strong></span> <span class='ocrx_word' id='word_1_220' title='bbox 2330 1402 2688 1479; x_wconf 78' lang='grc' dir='ltr'>Ἀνέγνωμεν,</span> <span class='ocrx_word' id='word_1_221' title='bbox 2715 1409 2897 1476; x_wconf 79' lang='grc' dir='ltr'>φασὶν,</span> <span class='ocrx_word' id='word_1_222' title='bbox 2920 1408 2977 1459; x_wconf 85' lang='grc' dir='ltr'>ὲν</span> <span class='ocrx_word' id='word_1_223' title='bbox 3003 1407 3082 1477; x_wconf 83' lang='grc' dir='ltr'>τῷ</span> <span class='ocrx_word' id='word_1_224' title='bbox 3119 1409 3368 1480; x_wconf 84' lang='grc' dir='ltr'>προφήτῃ</span> <span class='ocrx_word' id='word_1_225' title='bbox 3404 1406 3608 1478; x_wconf 72' lang='grc' dir='ltr'>Ἀμὼςν</span> 
     </span>
    </p>
   </div>
   <div class='ocr_carea' id='block_1_31' title="bbox 2032 1496 3609 1572">
    <p class='ocr_par' dir='ltr' id='par_1_31' title="bbox 2032 1496 3609 1572">
     <span class='ocr_line' id='line_1_31' title="bbox 2032 1496 3609 1572; baseline 0.003 -22"><span class='ocrx_word' id='word_1_226' title='bbox 2032 1497 2279 1566; x_wconf 82' lang='grc' dir='ltr'>λέγοντος</span> <span class='ocrx_word' id='word_1_227' title='bbox 2311 1497 2405 1550; x_wconf 90' lang='grc' dir='ltr'><strong>τοῦ</strong></span> <span class='ocrx_word' id='word_1_228' title='bbox 2437 1496 2596 1557; x_wconf 82' lang='grc' dir='ltr'>Θεοῦ,</span> <span class='ocrx_word' id='word_1_229' title='bbox 2632 1515 2650 1549; x_wconf 80' lang='grc' dir='ltr'><strong>ι</strong></span> <span class='ocrx_word' id='word_1_230' title='bbox 2676 1498 2798 1550; x_wconf 81' lang='grc' dir='ltr'>’Ότι</span> <span class='ocrx_word' id='word_1_231' title='bbox 2835 1497 2963 1551; x_wconf 77' lang='grc' dir='ltr'>Ἰδοὺ</span> <span class='ocrx_word' id='word_1_232' title='bbox 3013 1496 3124 1566; x_wconf 79' lang='grc' dir='ltr'>ἐγὼ</span> <span class='ocrx_word' id='word_1_233' title='bbox 3163 1498 3396 1572; x_wconf 84' lang='grc' dir='ltr'>στερεῶν</span> <span class='ocrx_word' id='word_1_234' title='bbox 3445 1497 3609 1570; x_wconf 79' lang='grc' dir='ltr'>βρον-</span> 
     </span>
    </p>
   </div>
   <div class='ocr_carea' id='block_1_32' title="bbox 2029 1585 3613 1658">
    <p class='ocr_par' dir='ltr' id='par_1_32' title="bbox 2029 1585 3613 1658">
     <span class='ocr_line' id='line_1_32' title="bbox 2029 1585 3613 1658; baseline 0 -18"><span class='ocrx_word' id='word_1_235' title='bbox 2029 1587 2148 1658; x_wconf 79' lang='grc' dir='ltr'>τὴν,</span> <span class='ocrx_word' id='word_1_236' title='bbox 2183 1588 2276 1640; x_wconf 75' lang='grc' dir='ltr'>καὶ</span> <span class='ocrx_word' id='word_1_237' title='bbox 2315 1587 2511 1652; x_wconf 77' lang='grc' dir='ltr'>κτίζων</span> <span class='ocrx_word' id='word_1_238' title='bbox 2555 1585 2790 1656; x_wconf 85' lang='grc' dir='ltr'>πνεῦμα,</span> <span class='ocrx_word' id='word_1_239' title='bbox 2825 1586 2918 1639; x_wconf 72' lang='grc' dir='ltr'><strong>καὶ</strong></span> <span class='ocrx_word' id='word_1_240' title='bbox 2968 1587 3325 1654; x_wconf 80' lang='grc' dir='ltr'><strong>ἀπαγγέλλων</strong></span> <span class='ocrx_word' id='word_1_241' title='bbox 3372 1589 3452 1650; x_wconf 89' lang='grc' dir='ltr'><strong>είς</strong></span> <span class='ocrx_word' id='word_1_242' title='bbox 3509 1587 3613 1640; x_wconf 82' lang='grc' dir='ltr'><strong>ἀν-</strong></span> 
     </span>
    </p>
   </div>
   <div class='ocr_carea' id='block_1_33' title="bbox 365 1674 1919 1753">
    <p class='ocr_par' dir='ltr' id='par_1_33' title="bbox 365 1674 1919 1753">
     <span class='ocr_line' id='line_1_33' title="bbox 365 1674 1919 1753; baseline 0.006 -25"><span class='ocrx_word' id='word_1_243' title='bbox 365 1674 573 1731; x_wconf 83' lang='lat' dir='ltr'><strong>faciens</strong></span> <span class='ocrx_word' id='word_1_244' title='bbox 601 1677 901 1733; x_wconf 82' lang='lat' dir='ltr'><strong>diluculum</strong></span> <span class='ocrx_word' id='word_1_245' title='bbox 952 1689 1007 1734; x_wconf 89' lang='lat' dir='ltr'><strong>et</strong></span> <span class='ocrx_word' id='word_1_246' title='bbox 1061 1682 1335 1747; x_wconf 84' lang='lat' dir='ltr'><strong>nebulam,</strong></span> <span class='ocrx_word' id='word_1_247' title='bbox 1371 1692 1425 1737; x_wconf 93' lang='lat' dir='ltr'><strong>et</strong></span> <span class='ocrx_word' id='word_1_248' title='bbox 1485 1684 1741 1753; x_wconf 86' lang='lat' dir='ltr'><strong>gradiens</strong></span> <span class='ocrx_word' id='word_1_249' title='bbox 1768 1699 1919 1752; x_wconf 75' lang='lat' dir='ltr'><strong>super</strong></span> 
     </span>
    </p>
   </div>
   <div class='ocr_carea' id='block_1_34' title="bbox 2033 1674 3610 1753">
    <p class='ocr_par' dir='ltr' id='par_1_34' title="bbox 2034 1677 3610 1750">
     <span class='ocr_line' id='line_1_34' title="bbox 2034 1677 3610 1750; baseline 0.001 -19"><span class='ocrx_word' id='word_1_250' title='bbox 2034 1678 2286 1750; x_wconf 84' lang='grc' dir='ltr'>θρώπους</span> <span class='ocrx_word' id='word_1_251' title='bbox 2340 1680 2432 1733; x_wconf 84' lang='grc' dir='ltr'><strong>τὸν</strong></span> <span class='ocrx_word' id='word_1_252' title='bbox 2486 1679 2722 1750; x_wconf 83' lang='grc' dir='ltr'>Χριστὸν</span> <span class='ocrx_word' id='word_1_253' title='bbox 2781 1677 2967 1732; x_wconf 86' lang='grc' dir='ltr'>αὑτοῦ·</span> <span class='ocrx_word' id='word_1_254' title='bbox 3020 1679 3186 1732; x_wconf 86' lang='grc' dir='ltr'>ποιῶν</span> <span class='ocrx_word' id='word_1_255' title='bbox 3254 1678 3450 1750; x_wconf 77' lang='grc' dir='ltr'>ὄρθρον</span> <span class='ocrx_word' id='word_1_256' title='bbox 3511 1680 3610 1734; x_wconf 70' lang='grc' dir='ltr'><strong>καὶ</strong></span> 
     </span>
    </p>
   </div>
   <div class='ocr_carea' id='block_1_35' title="bbox 363 1747 1919 1846">
    <p class='ocr_par' dir='ltr' id='par_1_35' title="bbox 363 1771 1919 1846">
     <span class='ocr_line' id='line_1_35' title="bbox 363 1771 1919 1846; baseline 0.007 -25"><span class='ocrx_word' id='word_1_257' title='bbox 363 1771 578 1824; x_wconf 61' lang='lat' dir='ltr'><strong>etcelsa</strong></span> <span class='ocrx_word' id='word_1_258' title='bbox 614 1780 806 1827; x_wconf 74' lang='lat' dir='ltr'><strong>terrze:</strong></span> <span class='ocrx_word' id='word_1_259' title='bbox 844 1774 1106 1830; x_wconf 77' lang='lat' dir='ltr'><strong>Dominus</strong></span> <span class='ocrx_word' id='word_1_260' title='bbox 1143 1775 1284 1830; x_wconf 89' lang='lat' dir='ltr'><strong>Deus</strong></span> <span class='ocrx_word' id='word_1_261' title='bbox 1315 1778 1683 1846; x_wconf 84' lang='lat' dir='ltr'><strong>omnipotens,</strong></span> <span class='ocrx_word' id='word_1_262' title='bbox 1732 1793 1919 1832; x_wconf 86' lang='lat' dir='ltr'><strong>nomen</strong></span> 
     </span>
    </p>
   </div>
   <div class='ocr_carea' id='block_1_36' title="bbox 2033 1747 3608 1846">
    <p class='ocr_par' dir='ltr' id='par_1_36' title="bbox 2033 1747 3608 1846">
     <span class='ocr_line' id='line_1_36' title="bbox 2033 1747 3608 1846; baseline 0.004 -26"><span class='ocrx_word' id='word_1_263' title='bbox 2033 1747 2284 1839; x_wconf 82' lang='grc' dir='ltr'>ὀμίχλην,</span> <span class='ocrx_word' id='word_1_264' title='bbox 2320 1771 2413 1824; x_wconf 78' lang='grc' dir='ltr'><strong>καὶ</strong></span> <span class='ocrx_word' id='word_1_265' title='bbox 2439 1747 2731 1824; x_wconf 76' lang='grc' dir='ltr'>ἐπιϐαίνων</span> <span class='ocrx_word' id='word_1_266' title='bbox 2768 1771 2861 1823; x_wconf 74' lang='grc' dir='ltr'><strong>ἐπὶ</strong></span> <span class='ocrx_word' id='word_1_267' title='bbox 2897 1771 2965 1824; x_wconf 82' lang='grc' dir='ltr'>τά</span> <span class='ocrx_word' id='word_1_268' title='bbox 2997 1771 3176 1841; x_wconf 73' lang='grc' dir='ltr'>ὑψηλὰ</span> <span class='ocrx_word' id='word_1_269' title='bbox 3209 1747 3307 1841; x_wconf 65' lang='grc' dir='ltr'><strong>τῆξ</strong></span> <span class='ocrx_word' id='word_1_270' title='bbox 3338 1747 3449 1841; x_wconf 71' lang='lat' dir='ltr'><strong>(si;</strong></span> <span class='ocrx_word' id='word_1_271' title='bbox 3477 1772 3608 1846; x_wconf 73' lang='grc' dir='ltr'>γῆς,</span> 
     </span>
    </p>
   </div>
   <div class='ocr_carea' id='block_1_37' title="bbox 362 1859 1919 1940">
    <p class='ocr_par' dir='ltr' id='par_1_37' title="bbox 362 1859 1919 1940">
     <span class='ocr_line' id='line_1_37' title="bbox 362 1859 1919 1940; baseline 0.008 -28"><span class='ocrx_word' id='word_1_272' title='bbox 362 1859 543 1929; x_wconf 82' lang='lat' dir='ltr'><strong>ipsi&quot;.</strong></span> <span class='ocrx_word' id='word_1_273' title='bbox 575 1880 592 1912; x_wconf 75' lang='grc' dir='ltr'><strong>ι</strong></span> <span class='ocrx_word' id='word_1_274' title='bbox 619 1861 745 1918; x_wconf 88' lang='lat' dir='ltr'><strong>lude</strong></span> <span class='ocrx_word' id='word_1_275' title='bbox 769 1864 984 1920; x_wconf 84' lang='lat' dir='ltr'><strong>adducti</strong></span> <span class='ocrx_word' id='word_1_276' title='bbox 1019 1865 1221 1922; x_wconf 84' lang='lat' dir='ltr'><strong>fuimus</strong></span> <span class='ocrx_word' id='word_1_277' title='bbox 1247 1877 1305 1921; x_wconf 89' lang='lat' dir='ltr'><strong>ut</strong></span> <span class='ocrx_word' id='word_1_278' title='bbox 1345 1869 1586 1933; x_wconf 83' lang='lat' dir='ltr'><strong>Arianis,</strong></span> <span class='ocrx_word' id='word_1_279' title='bbox 1626 1870 1720 1938; x_wconf 85' lang='lat' dir='ltr'><strong>qui</strong></span> <span class='ocrx_word' id='word_1_280' title='bbox 1758 1869 1919 1940; x_wconf 91' lang='lat' dir='ltr'><strong>Spiri-</strong></span> 
     </span>
    </p>
   </div>
   <div class='ocr_carea' id='block_1_38' title="bbox 2033 1859 3614 1940">
    <p class='ocr_par' dir='ltr' id='par_1_38' title="bbox 2033 1862 3614 1934">
     <span class='ocr_line' id='line_1_38' title="bbox 2033 1862 3614 1934; baseline 0.001 -18"><span class='ocrx_word' id='word_1_281' title='bbox 2033 1863 2237 1933; x_wconf 82' lang='grc' dir='ltr'>Κύριος</span> <span class='ocrx_word' id='word_1_282' title='bbox 2265 1863 2294 1915; x_wconf 94' lang='lat'><strong>6</strong></span> <span class='ocrx_word' id='word_1_283' title='bbox 2321 1863 2452 1927; x_wconf 80' lang='grc' dir='ltr'>Θεὸς</span> <span class='ocrx_word' id='word_1_284' title='bbox 2475 1865 2504 1916; x_wconf 97' lang='lat'><strong>6</strong></span> <span class='ocrx_word' id='word_1_285' title='bbox 2525 1862 2918 1934; x_wconf 78' lang='grc' dir='ltr'>παντοκράτωρ</span> <span class='ocrx_word' id='word_1_286' title='bbox 2939 1863 3109 1932; x_wconf 73' lang='grc' dir='ltr'>ὄνομα</span> <span class='ocrx_word' id='word_1_287' title='bbox 3138 1862 3304 1933; x_wconf 76' lang='grc' dir='ltr'>αὐτῷ.</span> <span class='ocrx_word' id='word_1_288' title='bbox 3336 1882 3353 1914; x_wconf 74' lang='grc' dir='ltr'><strong>ι</strong></span> <span class='ocrx_word' id='word_1_289' title='bbox 3397 1864 3507 1917; x_wconf 71' lang='grc' dir='ltr'><strong>Καὶ</strong></span> <span class='ocrx_word' id='word_1_290' title='bbox 3528 1864 3614 1918; x_wconf 74' lang='grc' dir='ltr'>έν-</span> 
     </span>
    </p>
   </div>
   <div class='ocr_carea' id='block_1_39' title="bbox 359 1951 1919 2033">
    <p class='ocr_par' dir='ltr' id='par_1_39' title="bbox 359 1959 1919 2024">
     <span class='ocr_line' id='line_1_39' title="bbox 359 1959 1919 2024; baseline 0.007 -18"><span class='ocrx_word' id='word_1_291' title='bbox 359 1961 475 2007; x_wconf 91' lang='lat' dir='ltr'><strong>tum</strong></span> <span class='ocrx_word' id='word_1_292' title='bbox 525 1963 772 2009; x_wconf 92' lang='lat' dir='ltr'><strong>sanctum</strong></span> <span class='ocrx_word' id='word_1_293' title='bbox 800 1972 913 2011; x_wconf 89' lang='lat' dir='ltr'><strong>rem</strong></span> <span class='ocrx_word' id='word_1_294' title='bbox 961 1967 1198 2012; x_wconf 85' lang='lat' dir='ltr'><strong>creatam</strong></span> <span class='ocrx_word' id='word_1_295' title='bbox 1230 1974 1350 2013; x_wconf 90' lang='lat' dir='ltr'><strong>esse</strong></span> <span class='ocrx_word' id='word_1_296' title='bbox 1378 1959 1596 2024; x_wconf 88' lang='lat' dir='ltr'><strong>docent,</strong></span> <span class='ocrx_word' id='word_1_297' title='bbox 1637 1961 1919 2017; x_wconf 73' lang='lat' dir='ltr'><strong>assentire.</strong></span> 
     </span>
    </p>
   </div>
   <div class='ocr_carea' id='block_1_40' title="bbox 2033 1951 3611 2033">
    <p class='ocr_par' dir='ltr' id='par_1_40' title="bbox 2033 1951 3611 2033">
     <span class='ocr_line' id='line_1_40' title="bbox 2033 1951 3611 2033; baseline 0.003 -27"><span class='ocrx_word' id='word_1_298' title='bbox 2033 1953 2122 2006; x_wconf 91' lang='grc' dir='ltr'><strong>θεν</strong></span> <span class='ocrx_word' id='word_1_299' title='bbox 2154 1953 2484 2024; x_wconf 78' lang='grc' dir='ltr'>ἐπείσθημεν</span> <span class='ocrx_word' id='word_1_300' title='bbox 2514 1955 2624 2017; x_wconf 87' lang='grc' dir='ltr'>τοῖς</span> <span class='ocrx_word' id='word_1_301' title='bbox 2655 1953 2952 2024; x_wconf 77' lang='grc' dir='ltr'>’Δρειανοῖς</span> <span class='ocrx_word' id='word_1_302' title='bbox 2981 1953 3198 2022; x_wconf 86' lang='grc' dir='ltr'>λέγουσι</span> <span class='ocrx_word' id='word_1_303' title='bbox 3228 1955 3434 2033; x_wconf 79' lang='grc' dir='ltr'>κτίσμα</span> <span class='ocrx_word' id='word_1_304' title='bbox 3465 1951 3611 2012; x_wconf 75' lang='grc' dir='ltr'>εἶναι</span> 
     </span>
    </p>
   </div>
   <div class='ocr_carea' id='block_1_41' title="bbox 359 2043 1919 2121">
    <p class='ocr_par' dir='ltr' id='par_1_41' title="bbox 359 2045 1919 2121">
     <span class='ocr_line' id='line_1_41' title="bbox 359 2045 1919 2121; baseline 0.005 -24"><span class='ocrx_word' id='word_1_305' title='bbox 359 2060 504 2098; x_wconf 91' lang='lat' dir='ltr'><strong>mur.</strong></span> <span class='ocrx_word' id='word_1_306' title='bbox 530 2045 612 2098; x_wconf 80' lang='lat' dir='ltr'><strong>An</strong></span> <span class='ocrx_word' id='word_1_307' title='bbox 646 2061 774 2116; x_wconf 89' lang='lat' dir='ltr'><strong>ergo</strong></span> <span class='ocrx_word' id='word_1_308' title='bbox 814 2048 960 2115; x_wconf 89' lang='lat' dir='ltr'><strong>quod</strong></span> <span class='ocrx_word' id='word_1_309' title='bbox 1021 2049 1162 2119; x_wconf 85' lang='lat' dir='ltr'><strong>apud</strong></span> <span class='ocrx_word' id='word_1_310' title='bbox 1214 2047 1382 2113; x_wconf 78' lang='lat' dir='ltr'><strong>Amos</strong></span> <span class='ocrx_word' id='word_1_311' title='bbox 1441 2058 1620 2104; x_wconf 82' lang='lat' dir='ltr'><strong>exstat</strong></span> <span class='ocrx_word' id='word_1_312' title='bbox 1670 2051 1877 2121; x_wconf 79' lang='lat' dir='ltr'><strong>legistis</strong></span> <span class='ocrx_word' id='word_1_313' title='bbox 1913 2069 1919 2105; x_wconf 88' lang='lat'><strong>:</strong></span> 
     </span>
    </p>
   </div>
   <div class='ocr_carea' id='block_1_42' title="bbox 2033 2043 3607 2121">
    <p class='ocr_par' dir='ltr' id='par_1_42' title="bbox 2033 2043 3607 2119">
     <span class='ocr_line' id='line_1_42' title="bbox 2033 2043 3607 2119; baseline 0.004 -23"><span class='ocrx_word' id='word_1_314' title='bbox 2033 2043 2089 2096; x_wconf 84' lang='grc' dir='ltr'>τὸ</span> <span class='ocrx_word' id='word_1_315' title='bbox 2109 2045 2330 2115; x_wconf 80' lang='grc' dir='ltr'>Πνεῦμα</span> <span class='ocrx_word' id='word_1_316' title='bbox 2361 2045 2423 2098; x_wconf 85' lang='grc' dir='ltr'><strong>τὸ</strong></span> <span class='ocrx_word' id='word_1_317' title='bbox 2456 2046 2629 2112; x_wconf 84' lang='grc' dir='ltr'>ἆγιον.</span> <span class='ocrx_word' id='word_1_318' title='bbox 2649 2043 2779 2099; x_wconf 84' lang='grc' dir='ltr'>Εἶτα</span> <span class='ocrx_word' id='word_1_319' title='bbox 2798 2045 2858 2100; x_wconf 77' lang='grc' dir='ltr'>τὸ</span> <span class='ocrx_word' id='word_1_320' title='bbox 2885 2047 2984 2116; x_wconf 86' lang='grc' dir='ltr'>μὲν</span> <span class='ocrx_word' id='word_1_321' title='bbox 3017 2048 3164 2119; x_wconf 71' lang='grc' dir='ltr'>παρὰ</span> <span class='ocrx_word' id='word_1_322' title='bbox 3183 2046 3262 2117; x_wconf 83' lang='grc' dir='ltr'><strong>τῷ</strong></span> <span class='ocrx_word' id='word_1_323' title='bbox 3289 2046 3470 2118; x_wconf 79' lang='grc' dir='ltr'>’Δμὼς</span> <span class='ocrx_word' id='word_1_324' title='bbox 3493 2049 3607 2118; x_wconf 67' lang='lat'><strong>(92)</strong></span> 
     </span>
    </p>
   </div>
   <div class='ocr_carea' id='block_1_43' title="bbox 358 2129 1919 2218">
    <p class='ocr_par' dir='ltr' id='par_1_43' title="bbox 358 2129 1919 2210">
     <span class='ocr_line' id='line_1_43' title="bbox 358 2129 1919 2210; baseline 0.006 -22"><span class='ocrx_word' id='word_1_325' title='bbox 358 2137 502 2200; x_wconf 81' lang='lat' dir='ltr'><strong>quod</strong></span> <span class='ocrx_word' id='word_1_326' title='bbox 529 2146 708 2191; x_wconf 84' lang='lat' dir='ltr'><strong>autem</strong></span> <span class='ocrx_word' id='word_1_327' title='bbox 736 2139 788 2192; x_wconf 90' lang='lat' dir='ltr'><strong>in</strong></span> <span class='ocrx_word' id='word_1_328' title='bbox 821 2129 1132 2195; x_wconf 84' lang='lat' dir='ltr'><strong>Proverbiis</strong></span> <span class='ocrx_word' id='word_1_329' title='bbox 1154 2141 1354 2195; x_wconf 89' lang='lat' dir='ltr'><strong>dicitur</strong></span> <span class='ocrx_word' id='word_1_330' title='bbox 1384 2157 1396 2192; x_wconf 93' lang='lat'>:</span> <span class='ocrx_word' id='word_1_331' title='bbox 1436 2141 1744 2210; x_wconf 51' lang='lat' dir='ltr'><strong>(Dominus</strong></span> <span class='ocrx_word' id='word_1_332' title='bbox 1778 2157 1919 2198; x_wconf 49' lang='lat' dir='ltr'><strong>cret</strong></span> 
     </span>
    </p>
   </div>
   <div class='ocr_carea' id='block_1_44' title="bbox 2033 2129 3607 2218">
    <p class='ocr_par' dir='ltr' id='par_1_44' title="bbox 2033 2137 3607 2218">
     <span class='ocr_line' id='line_1_44' title="bbox 2033 2137 3607 2218; baseline 0.004 -27"><span class='ocrx_word' id='word_1_333' title='bbox 2033 2138 2318 2204; x_wconf 76' lang='grc' dir='ltr'>ἀνέγνωτε·</span> <span class='ocrx_word' id='word_1_334' title='bbox 2371 2138 2431 2190; x_wconf 84' lang='grc' dir='ltr'><strong>τὸ</strong></span> <span class='ocrx_word' id='word_1_335' title='bbox 2479 2137 2536 2189; x_wconf 84' lang='grc' dir='ltr'>δὲ</span> <span class='ocrx_word' id='word_1_336' title='bbox 2601 2140 2659 2191; x_wconf 83' lang='grc' dir='ltr'>ὲν</span> <span class='ocrx_word' id='word_1_337' title='bbox 2726 2141 2847 2202; x_wconf 88' lang='grc' dir='ltr'>ταῖς</span> <span class='ocrx_word' id='word_1_338' title='bbox 2908 2139 3237 2210; x_wconf 90' lang='grc' dir='ltr'>Παροιμίαις</span> <span class='ocrx_word' id='word_1_339' title='bbox 3290 2138 3607 2218; x_wconf 77' lang='grc' dir='ltr'>λεγόμενον,</span> 
     </span>
    </p>
   </div>
   <div class='ocr_carea' id='block_1_45' title="bbox 356 2227 1919 2303">
    <p class='ocr_par' dir='ltr' id='par_1_45' title="bbox 356 2228 1919 2303">
     <span class='ocr_line' id='line_1_45' title="bbox 356 2228 1919 2303; baseline 0.004 -24"><span class='ocrx_word' id='word_1_340' title='bbox 356 2228 436 2280; x_wconf 82' lang='lat' dir='ltr'><strong>vit</strong></span> <span class='ocrx_word' id='word_1_341' title='bbox 471 2243 554 2282; x_wconf 90' lang='lat' dir='ltr'><strong>me</strong></span> <span class='ocrx_word' id='word_1_342' title='bbox 586 2229 800 2283; x_wconf 89' lang='lat' dir='ltr'><strong>initium</strong></span> <span class='ocrx_word' id='word_1_343' title='bbox 851 2231 1064 2286; x_wconf 83' lang='lat' dir='ltr'><strong>viarum</strong></span> <span class='ocrx_word' id='word_1_344' title='bbox 1118 2247 1342 2290; x_wconf 87' lang='lat' dir='ltr'><strong>suarum</strong></span> <span class='ocrx_word' id='word_1_345' title='bbox 1380 2233 1433 2286; x_wconf 91' lang='lat' dir='ltr'><strong>in</strong></span> <span class='ocrx_word' id='word_1_346' title='bbox 1474 2248 1637 2303; x_wconf 84' lang='lat' dir='ltr'><strong>Opera</strong></span> <span class='ocrx_word' id='word_1_347' title='bbox 1682 2235 1861 2301; x_wconf 82' lang='lat' dir='ltr'><strong>sua&quot;,</strong></span> <span class='ocrx_word' id='word_1_348' title='bbox 1901 2253 1919 2286; x_wconf 78' lang='grc' dir='ltr'><strong>ι</strong></span> 
     </span>
    </p>
   </div>
   <div class='ocr_carea' id='block_1_46' title="bbox 2033 2227 3609 2303">
    <p class='ocr_par' dir='ltr' id='par_1_46' title="bbox 2033 2227 3609 2300">
     <span class='ocr_line' id='line_1_46' title="bbox 2033 2227 3609 2300; baseline 0.003 -21"><span class='ocrx_word' id='word_1_349' title='bbox 2033 2245 2051 2278; x_wconf 82' lang='grc' dir='ltr'><strong>ι</strong></span> <span class='ocrx_word' id='word_1_350' title='bbox 2101 2227 2304 2299; x_wconf 84' lang='grc' dir='ltr'>Κύριος</span> <span class='ocrx_word' id='word_1_351' title='bbox 2332 2227 2512 2280; x_wconf 77' lang='grc' dir='ltr'>εκτισέ</span> <span class='ocrx_word' id='word_1_352' title='bbox 2537 2245 2603 2298; x_wconf 92' lang='grc' dir='ltr'><strong>με</strong></span> <span class='ocrx_word' id='word_1_353' title='bbox 2657 2229 2831 2298; x_wconf 85' lang='grc' dir='ltr'>ἀρχὴν</span> <span class='ocrx_word' id='word_1_354' title='bbox 2863 2227 2998 2281; x_wconf 79' lang='grc' dir='ltr'>ὁδῶν</span> <span class='ocrx_word' id='word_1_355' title='bbox 3026 2228 3192 2282; x_wconf 82' lang='grc' dir='ltr'>αὑτοῦ</span> <span class='ocrx_word' id='word_1_356' title='bbox 3223 2232 3302 2293; x_wconf 88' lang='grc' dir='ltr'><strong>είς</strong></span> <span class='ocrx_word' id='word_1_357' title='bbox 3335 2229 3471 2300; x_wconf 76' lang='grc' dir='ltr'>ἔργα</span> <span class='ocrx_word' id='word_1_358' title='bbox 3507 2233 3609 2284; x_wconf 66' lang='lat' dir='ltr'><strong>aia—-</strong></span> 
     </span>
    </p>
   </div>
   <div class='ocr_carea' id='block_1_47' title="bbox 355 2317 1928 2390">
    <p class='ocr_par' dir='ltr' id='par_1_47' title="bbox 355 2317 1928 2390">
     <span class='ocr_line' id='line_1_47' title="bbox 355 2317 1928 2390; baseline 0.005 -22"><span class='ocrx_word' id='word_1_359' title='bbox 355 2332 423 2369; x_wconf 86' lang='lat' dir='ltr'><strong>an</strong></span> <span class='ocrx_word' id='word_1_360' title='bbox 457 2317 665 2387; x_wconf 82' lang='lat' dir='ltr'><strong>legistis</strong></span> <span class='ocrx_word' id='word_1_361' title='bbox 705 2322 920 2374; x_wconf 85' lang='lat' dir='ltr'><strong>necne?</strong></span> <span class='ocrx_word' id='word_1_362' title='bbox 966 2319 1177 2390; x_wconf 86' lang='lat' dir='ltr'><strong>Ergone</strong></span> <span class='ocrx_word' id='word_1_363' title='bbox 1233 2321 1377 2376; x_wconf 88' lang='lat' dir='ltr'><strong>istud</strong></span> <span class='ocrx_word' id='word_1_364' title='bbox 1412 2320 1829 2376; x_wconf 90' lang='lat' dir='ltr'><strong>Proverbiorum</strong></span> <span class='ocrx_word' id='word_1_365' title='bbox 1859 2336 1928 2376; x_wconf 82' lang='lat' dir='ltr'><strong>ex</strong></span> 
     </span>
    </p>
   </div>
   <div class='ocr_carea' id='block_1_48' title="bbox 354 2408 1925 2479">
    <p class='ocr_par' dir='ltr' id='par_1_48' title="bbox 354 2408 1925 2479">
     <span class='ocr_line' id='line_1_48' title="bbox 354 2408 1925 2479; baseline 0.004 -17"><span class='ocrx_word' id='word_1_366' title='bbox 354 2408 582 2463; x_wconf 80' lang='lat' dir='ltr'><strong>veritate</strong></span> <span class='ocrx_word' id='word_1_367' title='bbox 632 2409 1084 2479; x_wconf 83' lang='lat' dir='ltr'><strong>interpretamini,</strong></span> <span class='ocrx_word' id='word_1_368' title='bbox 1146 2428 1214 2467; x_wconf 91' lang='lat' dir='ltr'><strong>ne</strong></span> <span class='ocrx_word' id='word_1_369' title='bbox 1241 2413 1494 2468; x_wconf 84' lang='lat' dir='ltr'><strong>videlicet</strong></span> <span class='ocrx_word' id='word_1_370' title='bbox 1541 2412 1781 2468; x_wconf 84' lang='lat' dir='ltr'><strong>Verbum</strong></span> <span class='ocrx_word' id='word_1_371' title='bbox 1810 2429 1925 2469; x_wconf 88' lang='lat' dir='ltr'><strong>rem</strong></span> 
     </span>
    </p>
   </div>
   <div class='ocr_carea' id='block_1_49' title="bbox 353 2501 1927 2574">
    <p class='ocr_par' dir='ltr' id='par_1_49' title="bbox 353 2501 1927 2574">
     <span class='ocr_line' id='line_1_49' title="bbox 353 2501 1927 2574; baseline 0.004 -22"><span class='ocrx_word' id='word_1_372' title='bbox 353 2509 591 2554; x_wconf 90' lang='lat' dir='ltr'><strong>creatam</strong></span> <span class='ocrx_word' id='word_1_373' title='bbox 615 2501 813 2555; x_wconf 89' lang='lat' dir='ltr'><strong>dicatis</strong></span> <span class='ocrx_word' id='word_1_374' title='bbox 851 2518 864 2556; x_wconf 91' lang='lat'><strong>:</strong></span> <span class='ocrx_word' id='word_1_375' title='bbox 893 2502 1023 2559; x_wconf 84' lang='lat' dir='ltr'><strong>illud</strong></span> <span class='ocrx_word' id='word_1_376' title='bbox 1049 2512 1230 2558; x_wconf 88' lang='lat' dir='ltr'><strong>autem</strong></span> <span class='ocrx_word' id='word_1_377' title='bbox 1257 2506 1533 2574; x_wconf 69' lang='lat' dir='ltr'><strong>propheta:</strong></span> <span class='ocrx_word' id='word_1_378' title='bbox 1580 2505 1728 2560; x_wconf 90' lang='lat' dir='ltr'><strong>nulla</strong></span> <span class='ocrx_word' id='word_1_379' title='bbox 1757 2506 1927 2561; x_wconf 88' lang='lat' dir='ltr'><strong>inter-</strong></span> 
     </span>
    </p>
   </div>
   <div class='ocr_carea' id='block_1_50' title="bbox 350 2589 1926 2664">
    <p class='ocr_par' dir='ltr' id='par_1_50' title="bbox 350 2589 1926 2664">
     <span class='ocr_line' id='line_1_50' title="bbox 350 2589 1926 2664; baseline 0.007 -24"><span class='ocrx_word' id='word_1_380' title='bbox 350 2589 656 2656; x_wconf 87' lang='lat' dir='ltr'><strong>pretatione</strong></span> <span class='ocrx_word' id='word_1_381' title='bbox 683 2591 991 2660; x_wconf 77' lang='lat' dir='ltr'><strong>explicatis,</strong></span> <span class='ocrx_word' id='word_1_382' title='bbox 1019 2593 1112 2648; x_wconf 90' lang='lat' dir='ltr'><strong>sed</strong></span> <span class='ocrx_word' id='word_1_383' title='bbox 1145 2608 1276 2648; x_wconf 89' lang='lat' dir='ltr'><strong>voce</strong></span> <span class='ocrx_word' id='word_1_384' title='bbox 1312 2612 1331 2646; x_wconf 79' lang='grc' dir='ltr'><strong>ι</strong></span> <span class='ocrx_word' id='word_1_385' title='bbox 1373 2595 1600 2664; x_wconf 89' lang='lat' dir='ltr'><strong>spiritus</strong></span> <span class='ocrx_word' id='word_1_386' title='bbox 1630 2615 1648 2647; x_wconf 75' lang='grc' dir='ltr'><strong>ι</strong></span> <span class='ocrx_word' id='word_1_387' title='bbox 1679 2605 1926 2651; x_wconf 84' lang='lat' dir='ltr'><strong>tantum-</strong></span> 
     </span>
    </p>
   </div>
   <div class='ocr_carea' id='block_1_51' title="bbox 351 2673 1921 2751">
    <p class='ocr_par' dir='ltr' id='par_1_51' title="bbox 351 2673 1921 2751">
     <span class='ocr_line' id='line_1_51' title="bbox 351 2673 1921 2751; baseline 0.008 -20"><span class='ocrx_word' id='word_1_388' title='bbox 351 2679 514 2734; x_wconf 77' lang='lat' dir='ltr'><strong>modo</strong></span> <span class='ocrx_word' id='word_1_389' title='bbox 543 2673 751 2746; x_wconf 80' lang='lat' dir='ltr'><strong>audita,</strong></span> <span class='ocrx_word' id='word_1_390' title='bbox 791 2681 1052 2751; x_wconf 87' lang='lat' dir='ltr'><strong>Spiritum</strong></span> <span class='ocrx_word' id='word_1_391' title='bbox 1086 2694 1336 2739; x_wconf 90' lang='lat' dir='ltr'><strong>sanctum</strong></span> <span class='ocrx_word' id='word_1_392' title='bbox 1390 2702 1503 2740; x_wconf 86' lang='lat' dir='ltr'><strong>rem</strong></span> <span class='ocrx_word' id='word_1_393' title='bbox 1548 2697 1787 2742; x_wconf 87' lang='lat' dir='ltr'><strong>creatam</strong></span> <span class='ocrx_word' id='word_1_394' title='bbox 1815 2689 1921 2744; x_wconf 90' lang='lat' dir='ltr'><strong>dici</strong></span> 
     </span>
    </p>
   </div>
   <div class='ocr_carea' id='block_1_52' title="bbox 349 2771 1925 2850">
    <p class='ocr_par' dir='ltr' id='par_1_52' title="bbox 349 2771 1925 2850">
     <span class='ocr_line' id='line_1_52' title="bbox 349 2771 1925 2850; baseline 0.009 -28"><span class='ocrx_word' id='word_1_395' title='bbox 349 2771 900 2843; x_wconf 80' lang='lat' dir='ltr'><strong>existimatis?Atqui</strong></span> <span class='ocrx_word' id='word_1_396' title='bbox 956 2775 1011 2830; x_wconf 93' lang='lat' dir='ltr'><strong>in</strong></span> <span class='ocrx_word' id='word_1_397' title='bbox 1069 2775 1380 2833; x_wconf 86' lang='lat' dir='ltr'><strong>Proverbiis</strong></span> <span class='ocrx_word' id='word_1_398' title='bbox 1424 2777 1698 2848; x_wconf 78' lang='lat' dir='ltr'><strong>Sapientia</strong></span> <span class='ocrx_word' id='word_1_399' title='bbox 1740 2791 1925 2850; x_wconf 87' lang='lat' dir='ltr'><strong>aperte</strong></span> 
     </span>
    </p>
   </div>
   <div class='ocr_carea' id='block_1_53' title="bbox 347 2856 1924 2928">
    <p class='ocr_par' dir='ltr' id='par_1_53' title="bbox 347 2856 1924 2928">
     <span class='ocr_line' id='line_1_53' title="bbox 347 2856 1924 2928; baseline 0.011 -20"><span class='ocrx_word' id='word_1_400' title='bbox 347 2856 481 2910; x_wconf 74' lang='lat' dir='ltr'><strong>dicit</strong></span> <span class='ocrx_word' id='word_1_401' title='bbox 520 2876 534 2911; x_wconf 87' lang='lat'><strong>:</strong></span> <span class='ocrx_word' id='word_1_402' title='bbox 575 2877 594 2909; x_wconf 80' lang='grc' dir='ltr'><strong>ι</strong></span> <span class='ocrx_word' id='word_1_403' title='bbox 627 2858 849 2914; x_wconf 84' lang='lat' dir='ltr'><strong>Creavit</strong></span> <span class='ocrx_word' id='word_1_404' title='bbox 883 2877 989 2916; x_wconf 88' lang='lat' dir='ltr'><strong>me.</strong></span> <span class='ocrx_word' id='word_1_405' title='bbox 1039 2881 1057 2914; x_wconf 74' lang='grc' dir='ltr'><strong>ι</strong></span> <span class='ocrx_word' id='word_1_406' title='bbox 1097 2862 1484 2922; x_wconf 81' lang='lat' dir='ltr'><strong>Verumtamen</strong></span> <span class='ocrx_word' id='word_1_407' title='bbox 1532 2879 1679 2928; x_wconf 72' lang='lat' dir='ltr'><strong>recte</strong></span> <span class='ocrx_word' id='word_1_408' title='bbox 1701 2885 1796 2924; x_wconf 92' lang='lat' dir='ltr'><strong>vos</strong></span> <span class='ocrx_word' id='word_1_409' title='bbox 1839 2872 1924 2924; x_wconf 87' lang='lat' dir='ltr'><strong>di-</strong></span> 
     </span>
    </p>
   </div>
   <div class='ocr_carea' id='block_1_54' title="bbox 349 2950 1922 3030">
    <p class='ocr_par' dir='ltr' id='par_1_54' title="bbox 349 2950 1922 3030">
     <span class='ocr_line' id='line_1_54' title="bbox 349 2950 1922 3030; baseline 0.01 -31"><span class='ocrx_word' id='word_1_410' title='bbox 349 2955 495 3001; x_wconf 86' lang='lat' dir='ltr'><strong>ctum</strong></span> <span class='ocrx_word' id='word_1_411' title='bbox 543 2950 678 3004; x_wconf 90' lang='lat' dir='ltr'><strong>illud</strong></span> <span class='ocrx_word' id='word_1_412' title='bbox 709 2952 782 3004; x_wconf 88' lang='lat' dir='ltr'><strong>ita</strong></span> <span class='ocrx_word' id='word_1_413' title='bbox 812 2953 1082 3022; x_wconf 82' lang='lat' dir='ltr'><strong>excipitis,</strong></span> <span class='ocrx_word' id='word_1_414' title='bbox 1108 2965 1168 3014; x_wconf 89' lang='lat' dir='ltr'><strong>ut</strong></span> <span class='ocrx_word' id='word_1_415' title='bbox 1195 2972 1304 3011; x_wconf 93' lang='lat' dir='ltr'><strong>non</strong></span> <span class='ocrx_word' id='word_1_416' title='bbox 1337 2960 1657 3013; x_wconf 86' lang='lat' dir='ltr'><strong>creatricem</strong></span> <span class='ocrx_word' id='word_1_417' title='bbox 1693 2960 1922 3030; x_wconf 79' lang='lat' dir='ltr'><strong>Sapien—</strong></span> 
     </span>
    </p>
   </div>
   <div class='ocr_carea' id='block_1_55' title="bbox 2025 2319 3603 2400">
    <p class='ocr_par' dir='ltr' id='par_1_55' title="bbox 2025 2319 3603 2400">
     <span class='ocr_line' id='line_1_55' title="bbox 2025 2319 3603 2400; baseline 0.003 -29"><span class='ocrx_word' id='word_1_418' title='bbox 2025 2319 2140 2382; x_wconf 82' lang='grc' dir='ltr'>τοῦ,</span> <span class='ocrx_word' id='word_1_419' title='bbox 2167 2338 2184 2369; x_wconf 76' lang='grc' dir='ltr'><strong>ι</strong></span> <span class='ocrx_word' id='word_1_420' title='bbox 2217 2321 2316 2373; x_wconf 84' lang='grc' dir='ltr'><strong>οὐκ</strong></span> <span class='ocrx_word' id='word_1_421' title='bbox 2343 2319 2684 2390; x_wconf 82' lang='grc' dir='ltr'>ἀνέγνωτε,ἢ</span> <span class='ocrx_word' id='word_1_422' title='bbox 2711 2320 2979 2388; x_wconf 81' lang='grc' dir='ltr'>ἀνέγνωτε</span> <span class='ocrx_word' id='word_1_423' title='bbox 3001 2335 3015 2384; x_wconf 90' lang='grc'><strong>;</strong></span> <span class='ocrx_word' id='word_1_424' title='bbox 3039 2319 3148 2372; x_wconf 59' lang='grc' dir='ltr'><strong>ΚαὶΙ</strong></span> <span class='ocrx_word' id='word_1_425' title='bbox 3169 2319 3324 2372; x_wconf 89' lang='grc' dir='ltr'>τοῦτο</span> <span class='ocrx_word' id='word_1_426' title='bbox 3347 2321 3444 2390; x_wconf 82' lang='grc' dir='ltr'>μὲν</span> <span class='ocrx_word' id='word_1_427' title='bbox 3466 2321 3603 2400; x_wconf 61' lang='grc'><strong>(93).</strong></span> 
     </span>
    </p>
   </div>
   <div class='ocr_carea' id='block_1_56' title="bbox 2024 2414 3608 2489">
    <p class='ocr_par' dir='ltr' id='par_1_56' title="bbox 2024 2414 3608 2489">
     <span class='ocr_line' id='line_1_56' title="bbox 2024 2414 3608 2489; baseline 0.003 -21"><span class='ocrx_word' id='word_1_428' title='bbox 2024 2417 2100 2480; x_wconf 87' lang='grc' dir='ltr'>ὡς</span> <span class='ocrx_word' id='word_1_429' title='bbox 2132 2415 2244 2486; x_wconf 76' lang='grc' dir='ltr'>ἔχει</span> <span class='ocrx_word' id='word_1_430' title='bbox 2271 2415 2546 2486; x_wconf 83' lang='grc' dir='ltr'>ἀληθείας,</span> <span class='ocrx_word' id='word_1_431' title='bbox 2570 2414 2918 2487; x_wconf 80' lang='grc' dir='ltr'>ἑρμηνεύετε,</span> <span class='ocrx_word' id='word_1_432' title='bbox 2955 2417 3043 2470; x_wconf 76' lang='grc' dir='ltr'>ἵνα</span> <span class='ocrx_word' id='word_1_433' title='bbox 3072 2416 3147 2488; x_wconf 83' lang='grc' dir='ltr'>μὴ</span> <span class='ocrx_word' id='word_1_434' title='bbox 3182 2416 3373 2488; x_wconf 69' lang='grc' dir='ltr'>εἴπητε</span> <span class='ocrx_word' id='word_1_435' title='bbox 3399 2417 3608 2489; x_wconf 78' lang='grc' dir='ltr'>κτίσμα</span> 
     </span>
    </p>
   </div>
   <div class='ocr_carea' id='block_1_57' title="bbox 2023 2506 3602 2578">
    <p class='ocr_par' dir='ltr' id='par_1_57' title="bbox 2023 2506 3602 2578">
     <span class='ocr_line' id='line_1_57' title="bbox 2023 2506 3602 2578; baseline 0.001 -17"><span class='ocrx_word' id='word_1_436' title='bbox 2023 2509 2115 2562; x_wconf 87' lang='grc' dir='ltr'><strong>τὸν</strong></span> <span class='ocrx_word' id='word_1_437' title='bbox 2146 2509 2337 2575; x_wconf 86' lang='grc' dir='ltr'>Λόγον·</span> <span class='ocrx_word' id='word_1_438' title='bbox 2371 2507 2432 2560; x_wconf 82' lang='grc' dir='ltr'><strong>τὸ</strong></span> <span class='ocrx_word' id='word_1_439' title='bbox 2481 2507 2539 2560; x_wconf 84' lang='grc' dir='ltr'>δὲ</span> <span class='ocrx_word' id='word_1_440' title='bbox 2574 2509 2632 2560; x_wconf 86' lang='grc' dir='ltr'>ὲν</span> <span class='ocrx_word' id='word_1_441' title='bbox 2687 2506 2765 2576; x_wconf 81' lang='grc' dir='ltr'><strong>τῷ</strong></span> <span class='ocrx_word' id='word_1_442' title='bbox 2798 2508 3046 2578; x_wconf 80' lang='grc' dir='ltr'>προφήτῃ</span> <span class='ocrx_word' id='word_1_443' title='bbox 3099 2507 3196 2576; x_wconf 74' lang='grc' dir='ltr'>οὐχ</span> <span class='ocrx_word' id='word_1_444' title='bbox 3244 2507 3602 2578; x_wconf 82' lang='grc' dir='ltr'>ἑρμηνεύετε,</span> 
     </span>
    </p>
   </div>
   <div class='ocr_carea' id='block_1_58' title="bbox 2023 2598 3602 2668">
    <p class='ocr_par' dir='ltr' id='par_1_58' title="bbox 2023 2598 3602 2668">
     <span class='ocr_line' id='line_1_58' title="bbox 2023 2598 3602 2668; baseline -0.001 -15"><span class='ocrx_word' id='word_1_445' title='bbox 2023 2599 2158 2654; x_wconf 75' lang='grc' dir='ltr'>ἀλλὰ</span> <span class='ocrx_word' id='word_1_446' title='bbox 2203 2598 2388 2662; x_wconf 83' lang='grc' dir='ltr'>ἁπλῶς</span> <span class='ocrx_word' id='word_1_447' title='bbox 2419 2598 2708 2661; x_wconf 85' lang='grc' dir='ltr'>ἀκούοντες</span> <span class='ocrx_word' id='word_1_448' title='bbox 2775 2617 2794 2649; x_wconf 82' lang='grc' dir='ltr'><strong>ι</strong></span> <span class='ocrx_word' id='word_1_449' title='bbox 2834 2598 3080 2668; x_wconf 85' lang='grc' dir='ltr'>πνεῦμα,</span> <span class='ocrx_word' id='word_1_450' title='bbox 3113 2618 3130 2649; x_wconf 78' lang='grc' dir='ltr'><strong>ι</strong></span> <span class='ocrx_word' id='word_1_451' title='bbox 3179 2599 3465 2668; x_wconf 81' lang='grc' dir='ltr'>ὲνομίσατε</span> <span class='ocrx_word' id='word_1_452' title='bbox 3510 2599 3602 2652; x_wconf 85' lang='grc' dir='ltr'>λέ-</span> 
     </span>
    </p>
   </div>
   <div class='ocr_carea' id='block_1_59' title="bbox 2021 2689 3605 2762">
    <p class='ocr_par' dir='ltr' id='par_1_59' title="bbox 2021 2689 3605 2762">
     <span class='ocr_line' id='line_1_59' title="bbox 2021 2689 3605 2762; baseline 0.001 -18"><span class='ocrx_word' id='word_1_453' title='bbox 2021 2691 2212 2761; x_wconf 86' lang='grc' dir='ltr'>γεσθαι</span> <span class='ocrx_word' id='word_1_454' title='bbox 2264 2691 2471 2761; x_wconf 85' lang='grc' dir='ltr'>κτίσμα</span> <span class='ocrx_word' id='word_1_455' title='bbox 2491 2691 2553 2743; x_wconf 85' lang='grc' dir='ltr'><strong>τὸ</strong></span> <span class='ocrx_word' id='word_1_456' title='bbox 2572 2690 2794 2759; x_wconf 84' lang='grc' dir='ltr'>Πνεῦμα</span> <span class='ocrx_word' id='word_1_457' title='bbox 2823 2689 2883 2742; x_wconf 83' lang='grc' dir='ltr'><strong>τὸ</strong></span> <span class='ocrx_word' id='word_1_458' title='bbox 2929 2691 3116 2758; x_wconf 86' lang='grc' dir='ltr'>ἆγιον;</span> <span class='ocrx_word' id='word_1_459' title='bbox 3170 2691 3362 2744; x_wconf 85' lang='grc' dir='ltr'>Καίτοι</span> <span class='ocrx_word' id='word_1_460' title='bbox 3409 2693 3467 2743; x_wconf 82' lang='grc' dir='ltr'>ὲν</span> <span class='ocrx_word' id='word_1_461' title='bbox 3503 2693 3605 2762; x_wconf 86' lang='grc' dir='ltr'>μὲν</span> 
     </span>
    </p>
   </div>
   <div class='ocr_carea' id='block_1_60' title="bbox 2021 2780 3603 2854">
    <p class='ocr_par' dir='ltr' id='par_1_60' title="bbox 2021 2780 3603 2854">
     <span class='ocr_line' id='line_1_60' title="bbox 2021 2780 3603 2854; baseline -0.001 -17"><span class='ocrx_word' id='word_1_462' title='bbox 2021 2787 2140 2847; x_wconf 91' lang='grc' dir='ltr'>ταῖς</span> <span class='ocrx_word' id='word_1_463' title='bbox 2167 2782 2494 2854; x_wconf 84' lang='grc' dir='ltr'>Παροιμίαις</span> <span class='ocrx_word' id='word_1_464' title='bbox 2518 2780 2765 2851; x_wconf 85' lang='grc' dir='ltr'>φανερῶς</span> <span class='ocrx_word' id='word_1_465' title='bbox 2797 2781 2906 2852; x_wconf 74' lang='grc'><strong>(94)</strong></span> <span class='ocrx_word' id='word_1_466' title='bbox 2931 2782 2964 2851; x_wconf 81' lang='grc' dir='ltr'>ἡ</span> <span class='ocrx_word' id='word_1_467' title='bbox 3023 2781 3189 2850; x_wconf 86' lang='grc' dir='ltr'>Σοφία</span> <span class='ocrx_word' id='word_1_468' title='bbox 3218 2782 3455 2850; x_wconf 88' lang='grc' dir='ltr'>λέγουσά</span> <span class='ocrx_word' id='word_1_469' title='bbox 3482 2784 3603 2836; x_wconf 81' lang='grc' dir='ltr'>ὲσ-τι</span> 
     </span>
    </p>
   </div>
   <div class='ocr_carea' id='block_1_61' title="bbox 2018 2871 3603 2944">
    <p class='ocr_par' dir='ltr' id='par_1_61' title="bbox 2018 2871 3603 2944">
     <span class='ocr_line' id='line_1_61' title="bbox 2018 2871 3603 2944; baseline -0.002 -17"><span class='ocrx_word' id='word_1_470' title='bbox 2018 2874 2099 2936; x_wconf 84' lang='grc' dir='ltr'><strong>τὺ,</strong></span> <span class='ocrx_word' id='word_1_471' title='bbox 2133 2893 2151 2926; x_wconf 82' lang='grc' dir='ltr'><strong>ι</strong></span> <span class='ocrx_word' id='word_1_472' title='bbox 2179 2873 2358 2926; x_wconf 78' lang='grc' dir='ltr'>έκτισέ</span> <span class='ocrx_word' id='word_1_473' title='bbox 2397 2888 2485 2944; x_wconf 79' lang='grc' dir='ltr'>με’</span> <span class='ocrx_word' id='word_1_474' title='bbox 2506 2891 2524 2924; x_wconf 76' lang='grc' dir='ltr'><strong>ι</strong></span> <span class='ocrx_word' id='word_1_475' title='bbox 2568 2872 2660 2925; x_wconf 73' lang='grc' dir='ltr'><strong>καὶ</strong></span> <span class='ocrx_word' id='word_1_476' title='bbox 2685 2872 2833 2941; x_wconf 87' lang='grc' dir='ltr'>ὅμως</span> <span class='ocrx_word' id='word_1_477' title='bbox 2871 2871 3049 2935; x_wconf 83' lang='grc' dir='ltr'>καλῶς</span> <span class='ocrx_word' id='word_1_478' title='bbox 3081 2889 3144 2940; x_wconf 92' lang='grc' dir='ltr'><strong>γε</strong></span> <span class='ocrx_word' id='word_1_479' title='bbox 3182 2871 3484 2935; x_wconf 84' lang='grc' dir='ltr'>ποιοῦντες,</span> <span class='ocrx_word' id='word_1_480' title='bbox 3513 2874 3603 2943; x_wconf 73' lang='grc' dir='ltr'><strong>ὲρο</strong></span> 
     </span>
    </p>
   </div>
   <div class='ocr_carea' id='block_1_62' title="bbox 2022 2961 3603 3035">
    <p class='ocr_par' dir='ltr' id='par_1_62' title="bbox 2022 2961 3603 3035">
     <span class='ocr_line' id='line_1_62' title="bbox 2022 2961 3603 3035; baseline -0.001 -19"><span class='ocrx_word' id='word_1_481' title='bbox 2022 2963 2281 3035; x_wconf 81' lang='grc' dir='ltr'>μηνεύετε</span> <span class='ocrx_word' id='word_1_482' title='bbox 2312 2963 2374 3015; x_wconf 89' lang='grc' dir='ltr'><strong>τὸ</strong></span> <span class='ocrx_word' id='word_1_483' title='bbox 2416 2961 2597 3033; x_wconf 76' lang='grc' dir='ltr'>ῥητὸν,</span> <span class='ocrx_word' id='word_1_484' title='bbox 2649 2961 2734 3012; x_wconf 80' lang='grc' dir='ltr'><strong>ἵνα</strong></span> <span class='ocrx_word' id='word_1_485' title='bbox 2771 2961 2844 3032; x_wconf 82' lang='grc' dir='ltr'>μὴ</span> <span class='ocrx_word' id='word_1_486' title='bbox 2885 2961 2984 3032; x_wconf 82' lang='grc' dir='ltr'>τὴν</span> <span class='ocrx_word' id='word_1_487' title='bbox 3034 2961 3362 3032; x_wconf 80' lang='grc' dir='ltr'>δημιουργὸν</span> <span class='ocrx_word' id='word_1_488' title='bbox 3399 2963 3603 3031; x_wconf 81' lang='grc' dir='ltr'>Σοφίαν</span> 
     </span>
    </p>
   </div>
   <div class='ocr_carea' id='block_1_63' title="bbox 348 3041 1919 3147">
    <p class='ocr_par' dir='ltr' id='par_1_63' title="bbox 348 3041 1916 3121">
     <span class='ocr_line' id='line_1_63' title="bbox 348 3041 1916 3121; baseline 0.008 -27"><span class='ocrx_word' id='word_1_489' title='bbox 348 3041 478 3094; x_wconf 84' lang='lat' dir='ltr'><strong>tiam</strong></span> <span class='ocrx_word' id='word_1_490' title='bbox 504 3043 671 3099; x_wconf 84' lang='lat' dir='ltr'><strong>rebus</strong></span> <span class='ocrx_word' id='word_1_491' title='bbox 702 3046 900 3100; x_wconf 77' lang='lat' dir='ltr'><strong>creatis</strong></span> <span class='ocrx_word' id='word_1_492' title='bbox 930 3051 1324 3105; x_wconf 87' lang='lat' dir='ltr'><strong>annumeretis.</strong></span> <span class='ocrx_word' id='word_1_493' title='bbox 1359 3049 1449 3105; x_wconf 87' lang='lat' dir='ltr'><strong>Sic</strong></span> <span class='ocrx_word' id='word_1_494' title='bbox 1493 3050 1662 3121; x_wconf 84' lang='lat' dir='ltr'><strong>igitur</strong></span> <span class='ocrx_word' id='word_1_495' title='bbox 1689 3067 1794 3108; x_wconf 77' lang='lat' dir='ltr'><strong>vox</strong></span> <span class='ocrx_word' id='word_1_496' title='bbox 1825 3054 1916 3114; x_wconf 82' lang='lat' dir='ltr'><strong>illa</strong></span> 
     </span>
    </p>
   </div>
   <div class='ocr_carea' id='block_1_64' title="bbox 2033 3041 3606 3147">
    <p class='ocr_par' dir='ltr' id='par_1_64' title="bbox 2033 3053 3606 3127">
     <span class='ocr_line' id='line_1_64' title="bbox 2033 3053 3606 3127; baseline 0.001 -19"><span class='ocrx_word' id='word_1_497' title='bbox 2033 3064 2074 3108; x_wconf 68' lang='grc' dir='ltr'><strong>ιν</strong></span> <span class='ocrx_word' id='word_1_498' title='bbox 2109 3055 2219 3126; x_wconf 86' lang='grc'>(95)</span> <span class='ocrx_word' id='word_1_499' title='bbox 2249 3058 2362 3119; x_wconf 87' lang='grc' dir='ltr'>τοῖς</span> <span class='ocrx_word' id='word_1_500' title='bbox 2387 3055 2647 3124; x_wconf 80' lang='grc' dir='ltr'>κτίσμασι</span> <span class='ocrx_word' id='word_1_501' title='bbox 2674 3053 3059 3125; x_wconf 81' lang='grc' dir='ltr'>συναριθμῆτε,</span> <span class='ocrx_word' id='word_1_502' title='bbox 3092 3054 3166 3106; x_wconf 82' lang='grc' dir='ltr'><strong>Τὸ</strong></span> <span class='ocrx_word' id='word_1_503' title='bbox 3191 3054 3247 3107; x_wconf 77' lang='grc' dir='ltr'><strong>δὲ</strong></span> <span class='ocrx_word' id='word_1_504' title='bbox 3279 3057 3338 3108; x_wconf 82' lang='grc' dir='ltr'>ἐν</span> <span class='ocrx_word' id='word_1_505' title='bbox 3362 3054 3440 3126; x_wconf 82' lang='grc' dir='ltr'><strong>τῷ</strong></span> <span class='ocrx_word' id='word_1_506' title='bbox 3463 3073 3606 3127; x_wconf 83' lang='grc' dir='ltr'>προ-</span> 
     </span>
    </p>
   </div>
   <div class='ocr_carea' id='block_1_65' title="bbox 345 3133 1915 3208">
    <p class='ocr_par' dir='ltr' id='par_1_65' title="bbox 345 3133 1915 3208">
     <span class='ocr_line' id='line_1_65' title="bbox 345 3133 1915 3208; baseline 0.008 -22"><span class='ocrx_word' id='word_1_507' title='bbox 345 3133 627 3203; x_wconf 72' lang='lat' dir='ltr'><strong>propheta:</strong></span> <span class='ocrx_word' id='word_1_508' title='bbox 651 3151 759 3190; x_wconf 91' lang='lat' dir='ltr'><strong>non</strong></span> <span class='ocrx_word' id='word_1_509' title='bbox 793 3136 1057 3206; x_wconf 77' lang='lat' dir='ltr'><strong>Spiritum</strong></span> <span class='ocrx_word' id='word_1_510' title='bbox 1102 3151 1350 3208; x_wconf 82' lang='lat' dir='ltr'><strong>sanetum</strong></span> <span class='ocrx_word' id='word_1_511' title='bbox 1403 3143 1645 3206; x_wconf 86' lang='lat' dir='ltr'><strong>denotat,</strong></span> <span class='ocrx_word' id='word_1_512' title='bbox 1676 3145 1767 3199; x_wconf 89' lang='lat' dir='ltr'><strong>sed</strong></span> <span class='ocrx_word' id='word_1_513' title='bbox 1793 3154 1915 3199; x_wconf 84' lang='lat' dir='ltr'><strong>tan-</strong></span> 
     </span>
    </p>
   </div>
   <div class='ocr_carea' id='block_1_66' title="bbox 347 3225 1914 3301">
    <p class='ocr_par' dir='ltr' id='par_1_66' title="bbox 347 3225 1914 3301">
     <span class='ocr_line' id='line_1_66' title="bbox 347 3225 1914 3301; baseline 0.008 -25"><span class='ocrx_word' id='word_1_514' title='bbox 347 3232 462 3276; x_wconf 91' lang='lat' dir='ltr'><strong>tum</strong></span> <span class='ocrx_word' id='word_1_515' title='bbox 489 3225 556 3280; x_wconf 90' lang='lat' dir='ltr'><strong>de</strong></span> <span class='ocrx_word' id='word_1_516' title='bbox 590 3227 782 3295; x_wconf 90' lang='lat' dir='ltr'><strong>spiritu</strong></span> <span class='ocrx_word' id='word_1_517' title='bbox 813 3230 1032 3284; x_wconf 80' lang='lat' dir='ltr'><strong>dicitur.</strong></span> <span class='ocrx_word' id='word_1_518' title='bbox 1067 3230 1202 3284; x_wconf 85' lang='lat' dir='ltr'><strong>Cum</strong></span> <span class='ocrx_word' id='word_1_519' title='bbox 1237 3246 1367 3301; x_wconf 88' lang='lat' dir='ltr'><strong>ergo</strong></span> <span class='ocrx_word' id='word_1_520' title='bbox 1394 3233 1564 3287; x_wconf 89' lang='lat' dir='ltr'><strong>multa</strong></span> <span class='ocrx_word' id='word_1_521' title='bbox 1587 3234 1660 3289; x_wconf 90' lang='lat' dir='ltr'><strong>sit</strong></span> <span class='ocrx_word' id='word_1_522' title='bbox 1681 3234 1735 3288; x_wconf 91' lang='lat' dir='ltr'><strong>in</strong></span> <span class='ocrx_word' id='word_1_523' title='bbox 1766 3234 1914 3288; x_wconf 83' lang='lat' dir='ltr'><strong>Scri-</strong></span> 
     </span>
    </p>
   </div>
   <div class='ocr_carea' id='block_1_67' title="bbox 346 3315 1915 3394">
    <p class='ocr_par' dir='ltr' id='par_1_67' title="bbox 346 3315 1915 3394">
     <span class='ocr_line' id='line_1_67' title="bbox 346 3315 1915 3394; baseline 0.008 -25"><span class='ocrx_word' id='word_1_524' title='bbox 346 3315 526 3383; x_wconf 87' lang='lat' dir='ltr'><strong>pturis</strong></span> <span class='ocrx_word' id='word_1_525' title='bbox 578 3317 870 3386; x_wconf 88' lang='lat' dir='ltr'><strong>spirituum</strong></span> <span class='ocrx_word' id='word_1_526' title='bbox 920 3319 1243 3384; x_wconf 62' lang='lat' dir='ltr'><strong>(liderentia,</strong></span> <span class='ocrx_word' id='word_1_527' title='bbox 1301 3332 1623 3394; x_wconf 90' lang='lat' dir='ltr'><strong>rectumque</strong></span> <span class='ocrx_word' id='word_1_528' title='bbox 1690 3340 1915 3381; x_wconf 86' lang='lat' dir='ltr'><strong>sensum</strong></span> 
     </span>
    </p>
   </div>
   <div class='ocr_carea' id='block_1_68' title="bbox 345 3407 1916 3482">
    <p class='ocr_par' dir='ltr' id='par_1_68' title="bbox 345 3407 1916 3482">
     <span class='ocr_line' id='line_1_68' title="bbox 345 3407 1916 3482; baseline 0.009 -22"><span class='ocrx_word' id='word_1_529' title='bbox 345 3407 549 3462; x_wconf 86' lang='lat' dir='ltr'><strong>habere</strong></span> <span class='ocrx_word' id='word_1_530' title='bbox 579 3410 752 3477; x_wconf 90' lang='lat' dir='ltr'><strong>possit</strong></span> <span class='ocrx_word' id='word_1_531' title='bbox 804 3411 906 3466; x_wconf 88' lang='lat' dir='ltr'><strong>iste</strong></span> <span class='ocrx_word' id='word_1_532' title='bbox 959 3411 1256 3482; x_wconf 62' lang='lat' dir='ltr'><strong>Scriptura:</strong></span> <span class='ocrx_word' id='word_1_533' title='bbox 1304 3415 1479 3480; x_wconf 91' lang='lat' dir='ltr'><strong>locus,</strong></span> <span class='ocrx_word' id='word_1_534' title='bbox 1499 3431 1600 3470; x_wconf 90' lang='lat' dir='ltr'><strong>cur</strong></span> <span class='ocrx_word' id='word_1_535' title='bbox 1632 3431 1730 3474; x_wconf 88' lang='lat' dir='ltr'><strong>vos</strong></span> <span class='ocrx_word' id='word_1_536' title='bbox 1768 3418 1916 3474; x_wconf 86' lang='lat' dir='ltr'><strong>velut</strong></span> 
     </span>
    </p>
   </div>
   <div class='ocr_carea' id='block_1_69' title="bbox 343 3497 1915 3578">
    <p class='ocr_par' dir='ltr' id='par_1_69' title="bbox 343 3497 1915 3578">
     <span class='ocr_line' id='line_1_69' title="bbox 343 3497 1915 3578; baseline 0.009 -26"><span class='ocrx_word' id='word_1_537' title='bbox 343 3497 566 3568; x_wconf 77' lang='lat' dir='ltr'><strong>litigiosi</strong></span> <span class='ocrx_word' id='word_1_538' title='bbox 609 3510 704 3555; x_wconf 87' lang='lat' dir='ltr'><strong>aut</strong></span> <span class='ocrx_word' id='word_1_539' title='bbox 761 3505 1030 3572; x_wconf 87' lang='lat' dir='ltr'><strong>serpentis</strong></span> <span class='ocrx_word' id='word_1_540' title='bbox 1085 3505 1270 3560; x_wconf 70' lang='lat' dir='ltr'><strong>Ariani</strong></span> <span class='ocrx_word' id='word_1_541' title='bbox 1325 3525 1512 3564; x_wconf 88' lang='lat' dir='ltr'><strong>morsu</strong></span> <span class='ocrx_word' id='word_1_542' title='bbox 1559 3511 1813 3578; x_wconf 88' lang='lat' dir='ltr'><strong>ulcerati,</strong></span> <span class='ocrx_word' id='word_1_543' title='bbox 1845 3511 1915 3566; x_wconf 90' lang='lat' dir='ltr'><strong>de</strong></span> 
     </span>
    </p>
   </div>
   <div class='ocr_carea' id='block_1_70' title="bbox 348 3587 1917 3668">
    <p class='ocr_par' dir='ltr' id='par_1_70' title="bbox 348 3587 1917 3668">
     <span class='ocr_line' id='line_1_70' title="bbox 348 3587 1917 3668; baseline 0.008 -29"><span class='ocrx_word' id='word_1_544' title='bbox 348 3587 552 3658; x_wconf 89' lang='lat' dir='ltr'><strong>Spiritu</strong></span> <span class='ocrx_word' id='word_1_545' title='bbox 585 3600 773 3646; x_wconf 87' lang='lat' dir='ltr'><strong>sancto</strong></span> <span class='ocrx_word' id='word_1_546' title='bbox 821 3594 1140 3662; x_wconf 89' lang='lat' dir='ltr'><strong>prophetam</strong></span> <span class='ocrx_word' id='word_1_547' title='bbox 1177 3594 1338 3665; x_wconf 79' lang='lat'><strong>520</strong></span> <span class='ocrx_word' id='word_1_548' title='bbox 1379 3597 1548 3652; x_wconf 89' lang='lat' dir='ltr'><strong>Amos</strong></span> <span class='ocrx_word' id='word_1_549' title='bbox 1583 3599 1733 3668; x_wconf 90' lang='lat' dir='ltr'><strong>loqui</strong></span> <span class='ocrx_word' id='word_1_550' title='bbox 1770 3598 1917 3652; x_wconf 82' lang='lat' dir='ltr'><strong>arbi-</strong></span> 
     </span>
    </p>
   </div>
   <div class='ocr_carea' id='block_1_71' title="bbox 344 3681 1912 3758">
    <p class='ocr_par' dir='ltr' id='par_1_71' title="bbox 344 3681 1912 3758">
     <span class='ocr_line' id='line_1_71' title="bbox 344 3681 1912 3758; baseline 0.004 -24"><span class='ocrx_word' id='word_1_551' title='bbox 344 3681 590 3748; x_wconf 88' lang='lat' dir='ltr'><strong>tramini,</strong></span> <span class='ocrx_word' id='word_1_552' title='bbox 641 3699 708 3737; x_wconf 91' lang='lat' dir='ltr'><strong>ne</strong></span> <span class='ocrx_word' id='word_1_553' title='bbox 761 3684 970 3739; x_wconf 88' lang='lat' dir='ltr'><strong>scilicet</strong></span> <span class='ocrx_word' id='word_1_554' title='bbox 1030 3685 1254 3742; x_wconf 87' lang='lat' dir='ltr'><strong>credere</strong></span> <span class='ocrx_word' id='word_1_555' title='bbox 1314 3688 1591 3742; x_wconf 81' lang='lat' dir='ltr'><strong>desistatis</strong></span> <span class='ocrx_word' id='word_1_556' title='bbox 1651 3687 1912 3758; x_wconf 88' lang='lat' dir='ltr'><strong>Spiritum</strong></span> 
     </span>
    </p>
   </div>
   <div class='ocr_carea' id='block_1_72' title="bbox 347 3778 1190 3832">
    <p class='ocr_par' dir='ltr' id='par_1_72' title="bbox 347 3778 1190 3832">
     <span class='ocr_line' id='line_1_72' title="bbox 347 3778 1190 3832; baseline 0.007 -6"><span class='ocrx_word' id='word_1_557' title='bbox 347 3783 594 3828; x_wconf 85' lang='lat' dir='ltr'><strong>sanctum</strong></span> <span class='ocrx_word' id='word_1_558' title='bbox 628 3790 741 3828; x_wconf 91' lang='lat' dir='ltr'><strong>rem</strong></span> <span class='ocrx_word' id='word_1_559' title='bbox 767 3785 1003 3830; x_wconf 81' lang='lat' dir='ltr'><strong>creatam</strong></span> <span class='ocrx_word' id='word_1_560' title='bbox 1035 3778 1190 3832; x_wconf 85' lang='lat' dir='ltr'><strong>esse?</strong></span> 
     </span>
    </p>
   </div>
   <div class='ocr_carea' id='block_1_73' title="bbox 415 3971 1913 4049">
    <p class='ocr_par' dir='ltr' id='par_1_73' title="bbox 415 3971 1913 4049">
     <span class='ocr_line' id='line_1_73' title="bbox 415 3971 1913 4049; baseline 0.007 -24"><span class='ocrx_word' id='word_1_561' title='bbox 415 3972 468 4025; x_wconf 71' lang='grc'><strong>4.</strong></span> <span class='ocrx_word' id='word_1_562' title='bbox 515 3971 705 4035; x_wconf 83' lang='lat' dir='ltr'><strong>Dicite,</strong></span> <span class='ocrx_word' id='word_1_563' title='bbox 740 3975 955 4038; x_wconf 82' lang='lat' dir='ltr'><strong>amabo,</strong></span> <span class='ocrx_word' id='word_1_564' title='bbox 988 3991 1054 4028; x_wconf 86' lang='lat' dir='ltr'><strong>an</strong></span> <span class='ocrx_word' id='word_1_565' title='bbox 1079 3975 1132 4028; x_wconf 88' lang='lat' dir='ltr'><strong>in</strong></span> <span class='ocrx_word' id='word_1_566' title='bbox 1169 3975 1354 4046; x_wconf 85' lang='lat' dir='ltr'><strong>aliquo</strong></span> <span class='ocrx_word' id='word_1_567' title='bbox 1387 3976 1588 4032; x_wconf 74' lang='lat' dir='ltr'><strong>divina:</strong></span> <span class='ocrx_word' id='word_1_568' title='bbox 1617 3977 1913 4049; x_wconf 72' lang='lat' dir='ltr'><strong>Scriptum</strong></span> 
     </span>
    </p>
   </div>
   <div class='ocr_carea' id='block_1_74' title="bbox 347 4062 1914 4156">
    <p class='ocr_par' dir='ltr' id='par_1_74' title="bbox 347 4062 1914 4156">
     <span class='ocr_line' id='line_1_74' title="bbox 347 4062 1914 4156; baseline 0.006 -41"><span class='ocrx_word' id='word_1_569' title='bbox 347 4063 466 4116; x_wconf 91' lang='lat' dir='ltr'><strong>loco</strong></span> <span class='ocrx_word' id='word_1_570' title='bbox 497 4062 758 4135; x_wconf 86' lang='lat' dir='ltr'><strong>Spiritum</strong></span> <span class='ocrx_word' id='word_1_571' title='bbox 811 4075 1058 4118; x_wconf 87' lang='lat' dir='ltr'><strong>sanctum</strong></span> <span class='ocrx_word' id='word_1_572' title='bbox 1121 4066 1441 4134; x_wconf 89' lang='lat' dir='ltr'><strong>simpliciter</strong></span> <span class='ocrx_word' id='word_1_573' title='bbox 1497 4069 1751 4138; x_wconf 86' lang='lat' dir='ltr'><strong>spiritum</strong></span> <span class='ocrx_word' id='word_1_574' title='bbox 1805 4072 1914 4156; x_wconf 80' lang='lat' dir='ltr'><strong>dici</strong></span> 
     </span>
    </p>
   </div>
   <div class='ocr_carea' id='block_1_75' title="bbox 346 4155 1914 4228">
    <p class='ocr_par' dir='ltr' id='par_1_75' title="bbox 346 4155 1914 4228">
     <span class='ocr_line' id='line_1_75' title="bbox 346 4155 1914 4228; baseline 0.006 -19"><span class='ocrx_word' id='word_1_575' title='bbox 346 4155 654 4224; x_wconf 83' lang='lat' dir='ltr'><strong>reperiatis,</strong></span> <span class='ocrx_word' id='word_1_576' title='bbox 680 4155 797 4210; x_wconf 90' lang='lat' dir='ltr'><strong>sine</strong></span> <span class='ocrx_word' id='word_1_577' title='bbox 828 4157 1010 4210; x_wconf 82' lang='lat' dir='ltr'><strong>addita</strong></span> <span class='ocrx_word' id='word_1_578' title='bbox 1050 4173 1182 4212; x_wconf 88' lang='lat' dir='ltr'><strong>voce</strong></span> <span class='ocrx_word' id='word_1_579' title='bbox 1225 4158 1309 4212; x_wconf 89' lang='lat' dir='ltr'><strong>vel</strong></span> <span class='ocrx_word' id='word_1_580' title='bbox 1347 4157 1462 4223; x_wconf 91' lang='lat' dir='ltr'><strong>Dei,</strong></span> <span class='ocrx_word' id='word_1_581' title='bbox 1490 4163 1572 4214; x_wconf 88' lang='lat' dir='ltr'><strong>vel</strong></span> <span class='ocrx_word' id='word_1_582' title='bbox 1600 4159 1798 4228; x_wconf 84' lang='lat' dir='ltr'><strong>Patris,</strong></span> <span class='ocrx_word' id='word_1_583' title='bbox 1828 4155 1914 4218; x_wconf 86' lang='lat' dir='ltr'><strong>vel</strong></span> 
     </span>
    </p>
   </div>
   <div class='ocr_carea' id='block_1_76' title="bbox 2020 3145 3603 3218">
    <p class='ocr_par' dir='ltr' id='par_1_76' title="bbox 2020 3145 3603 3218">
     <span class='ocr_line' id='line_1_76' title="bbox 2020 3145 3603 3218; baseline 0 -17"><span class='ocrx_word' id='word_1_584' title='bbox 2020 3147 2163 3218; x_wconf 84' lang='grc' dir='ltr'>φήτῃ</span> <span class='ocrx_word' id='word_1_585' title='bbox 2200 3145 2360 3216; x_wconf 79' lang='grc' dir='ltr'>ῥητὸν</span> <span class='ocrx_word' id='word_1_586' title='bbox 2385 3147 2486 3198; x_wconf 84' lang='grc' dir='ltr'><strong>οὐκ</strong></span> <span class='ocrx_word' id='word_1_587' title='bbox 2509 3145 2924 3215; x_wconf 80' lang='grc' dir='ltr'>ἕχειγνώρισμα</span> <span class='ocrx_word' id='word_1_588' title='bbox 2958 3147 3084 3217; x_wconf 78' lang='grc' dir='ltr'>περὶ</span> <span class='ocrx_word' id='word_1_589' title='bbox 3117 3145 3212 3199; x_wconf 93' lang='grc' dir='ltr'><strong>τοῦ</strong></span> <span class='ocrx_word' id='word_1_590' title='bbox 3247 3148 3406 3215; x_wconf 86' lang='grc' dir='ltr'>ἁγίου</span> <span class='ocrx_word' id='word_1_591' title='bbox 3429 3148 3603 3201; x_wconf 70' lang='lat' dir='ltr'><strong>Ilvati-</strong></span> 
     </span>
    </p>
   </div>
   <div class='ocr_carea' id='block_1_77' title="bbox 2021 3236 3602 3310">
    <p class='ocr_par' dir='ltr' id='par_1_77' title="bbox 2021 3236 3602 3310">
     <span class='ocr_line' id='line_1_77' title="bbox 2021 3236 3602 3310; baseline 0.002 -18"><span class='ocrx_word' id='word_1_592' title='bbox 2021 3256 2208 3309; x_wconf 82' lang='grc' dir='ltr'>ματος,</span> <span class='ocrx_word' id='word_1_593' title='bbox 2268 3237 2593 3300; x_wconf 79' lang='grc' dir='ltr'>ἀλλ’ἀπλῶς</span> <span class='ocrx_word' id='word_1_594' title='bbox 2643 3236 2857 3308; x_wconf 81' lang='grc' dir='ltr'>εἴρηται</span> <span class='ocrx_word' id='word_1_595' title='bbox 2911 3240 3038 3307; x_wconf 76' lang='grc' dir='ltr'>περὶ</span> <span class='ocrx_word' id='word_1_596' title='bbox 3094 3238 3424 3310; x_wconf 77' lang='grc' dir='ltr'>πνεύματος.</span> <span class='ocrx_word' id='word_1_597' title='bbox 3471 3241 3602 3306; x_wconf 82' lang='grc' dir='ltr'><strong>Πῶς</strong></span> 
     </span>
    </p>
   </div>
   <div class='ocr_carea' id='block_1_78' title="bbox 2016 3327 3601 3402">
    <p class='ocr_par' dir='ltr' id='par_1_78' title="bbox 2016 3327 3601 3402">
     <span class='ocr_line' id='line_1_78' title="bbox 2016 3327 3601 3402; baseline 0.003 -20"><span class='ocrx_word' id='word_1_598' title='bbox 2016 3327 2128 3394; x_wconf 80' lang='grc' dir='ltr'>οὖν,</span> <span class='ocrx_word' id='word_1_599' title='bbox 2155 3329 2330 3383; x_wconf 86' lang='grc' dir='ltr'>καίτοι</span> <span class='ocrx_word' id='word_1_600' title='bbox 2365 3329 2620 3399; x_wconf 82' lang='grc' dir='ltr'>πλείστης</span> <span class='ocrx_word' id='word_1_601' title='bbox 2647 3328 2812 3399; x_wconf 68' lang='grc' dir='ltr'>οὔσης</span> <span class='ocrx_word' id='word_1_602' title='bbox 2849 3329 3110 3400; x_wconf 83' lang='grc' dir='ltr'>διαφορᾶς</span> <span class='ocrx_word' id='word_1_603' title='bbox 3132 3332 3188 3384; x_wconf 83' lang='grc' dir='ltr'>ὲν</span> <span class='ocrx_word' id='word_1_604' title='bbox 3213 3335 3329 3393; x_wconf 86' lang='grc' dir='ltr'>ταῖς</span> <span class='ocrx_word' id='word_1_605' title='bbox 3353 3333 3601 3402; x_wconf 87' lang='grc' dir='ltr'>Γραφαῖς</span> 
     </span>
    </p>
   </div>
   <div class='ocr_carea' id='block_1_79' title="bbox 2019 3420 3599 3498">
    <p class='ocr_par' dir='ltr' id='par_1_79' title="bbox 2019 3420 3599 3498">
     <span class='ocr_line' id='line_1_79' title="bbox 2019 3420 3599 3498; baseline 0.004 -25"><span class='ocrx_word' id='word_1_606' title='bbox 2019 3423 2147 3493; x_wconf 72' lang='grc' dir='ltr'>περὶ</span> <span class='ocrx_word' id='word_1_607' title='bbox 2182 3421 2506 3489; x_wconf 85' lang='grc' dir='ltr'>πνευμάτων</span> <span class='ocrx_word' id='word_1_608' title='bbox 2529 3420 2662 3489; x_wconf 87' lang='lat'><strong>(96),</strong></span> <span class='ocrx_word' id='word_1_609' title='bbox 2684 3420 2779 3473; x_wconf 76' lang='grc' dir='ltr'><strong>καὶ</strong></span> <span class='ocrx_word' id='word_1_610' title='bbox 2831 3420 3129 3491; x_wconf 85' lang='grc' dir='ltr'>δυναμένου</span> <span class='ocrx_word' id='word_1_611' title='bbox 3167 3423 3260 3475; x_wconf 88' lang='grc' dir='ltr'><strong>τοῦ</strong></span> <span class='ocrx_word' id='word_1_612' title='bbox 3294 3425 3462 3496; x_wconf 81' lang='grc' dir='ltr'>ῥητοῦ</span> <span class='ocrx_word' id='word_1_613' title='bbox 3498 3428 3599 3498; x_wconf 87' lang='grc' dir='ltr'>τὴν</span> 
     </span>
    </p>
   </div>
   <div class='ocr_carea' id='block_1_80' title="bbox 2022 3509 3598 3582">
    <p class='ocr_par' dir='ltr' id='par_1_80' title="bbox 2022 3509 3598 3582">
     <span class='ocr_line' id='line_1_80' title="bbox 2022 3509 3598 3582; baseline 0.003 -15"><span class='ocrx_word' id='word_1_614' title='bbox 2022 3512 2156 3568; x_wconf 77' lang='grc' dir='ltr'>ἰδίαν</span> <span class='ocrx_word' id='word_1_615' title='bbox 2188 3511 2422 3565; x_wconf 84' lang='grc' dir='ltr'>διάνοιαν</span> <span class='ocrx_word' id='word_1_616' title='bbox 2453 3511 2596 3580; x_wconf 80' lang='grc' dir='ltr'>ἔχειν</span> <span class='ocrx_word' id='word_1_617' title='bbox 2619 3509 2802 3582; x_wconf 82' lang='grc' dir='ltr'>ὀρθὴν,</span> <span class='ocrx_word' id='word_1_618' title='bbox 2834 3511 3011 3581; x_wconf 81' lang='grc' dir='ltr'>ὑμεῖς,</span> <span class='ocrx_word' id='word_1_619' title='bbox 3061 3511 3135 3575; x_wconf 86' lang='grc' dir='ltr'>ὼς</span> <span class='ocrx_word' id='word_1_620' title='bbox 3166 3513 3598 3582; x_wconf 84' lang='grc' dir='ltr'>φιλονεικοῦντες</span> 
     </span>
    </p>
   </div>
   <div class='ocr_carea' id='block_1_81' title="bbox 2021 3601 3595 3676">
    <p class='ocr_par' dir='ltr' id='par_1_81' title="bbox 2021 3601 3595 3676">
     <span class='ocr_line' id='line_1_81' title="bbox 2021 3601 3595 3676; baseline 0.006 -22"><span class='ocrx_word' id='word_1_621' title='bbox 2021 3603 2054 3672; x_wconf 81' lang='grc' dir='ltr'>ἢ</span> <span class='ocrx_word' id='word_1_622' title='bbox 2081 3602 2155 3666; x_wconf 82' lang='grc' dir='ltr'>ὡς</span> <span class='ocrx_word' id='word_1_623' title='bbox 2183 3602 2287 3667; x_wconf 80' lang='grc' dir='ltr'><strong>ὑπὸ</strong></span> <span class='ocrx_word' id='word_1_624' title='bbox 2318 3603 2590 3674; x_wconf 74' lang='grc' dir='ltr'>δήγματος</span> <span class='ocrx_word' id='word_1_625' title='bbox 2632 3601 2724 3654; x_wconf 86' lang='grc' dir='ltr'><strong>τοῦ</strong></span> <span class='ocrx_word' id='word_1_626' title='bbox 2769 3601 3046 3672; x_wconf 79' lang='grc' dir='ltr'>Ἀρειανοῦ</span> <span class='ocrx_word' id='word_1_627' title='bbox 3077 3603 3249 3673; x_wconf 75' lang='grc' dir='ltr'>ὄφεως</span> <span class='ocrx_word' id='word_1_628' title='bbox 3284 3604 3595 3676; x_wconf 87' lang='grc' dir='ltr'>βλαϐέντες,</span> 
     </span>
    </p>
   </div>
   <div class='ocr_carea' id='block_1_82' title="bbox 2019 3693 3598 3771">
    <p class='ocr_par' dir='ltr' id='par_1_82' title="bbox 2019 3693 3598 3771">
     <span class='ocr_line' id='line_1_82' title="bbox 2019 3693 3598 3771; baseline 0.006 -25"><span class='ocrx_word' id='word_1_629' title='bbox 2019 3696 2080 3746; x_wconf 84' lang='grc' dir='ltr'>τὸ</span> <span class='ocrx_word' id='word_1_630' title='bbox 2127 3694 2348 3764; x_wconf 87' lang='grc' dir='ltr'>Πνεῦμα</span> <span class='ocrx_word' id='word_1_631' title='bbox 2404 3694 2466 3746; x_wconf 80' lang='grc' dir='ltr'><strong>τὸ</strong></span> <span class='ocrx_word' id='word_1_632' title='bbox 2532 3694 2685 3762; x_wconf 81' lang='grc' dir='ltr'>ἆγιον</span> <span class='ocrx_word' id='word_1_633' title='bbox 2740 3693 2990 3766; x_wconf 82' lang='grc' dir='ltr'>εἰρῆσθαι</span> <span class='ocrx_word' id='word_1_634' title='bbox 3047 3694 3197 3766; x_wconf 79' lang='grc' dir='ltr'>παρὰ</span> <span class='ocrx_word' id='word_1_635' title='bbox 3249 3696 3342 3750; x_wconf 90' lang='grc' dir='ltr'><strong>τοῦ</strong></span> <span class='ocrx_word' id='word_1_636' title='bbox 3413 3699 3598 3771; x_wconf 84' lang='grc' dir='ltr'>Ἀμὼς</span> 
     </span>
    </p>
   </div>
   <div class='ocr_carea' id='block_1_83' title="bbox 2029 3785 3599 3862">
    <p class='ocr_par' dir='ltr' id='par_1_83' title="bbox 2029 3785 3599 3862">
     <span class='ocr_line' id='line_1_83' title="bbox 2029 3785 3599 3862; baseline -0.003 -22"><span class='ocrx_word' id='word_1_637' title='bbox 2029 3786 2304 3858; x_wconf 77' lang='grc' dir='ltr'>νομίζετε,</span> <span class='ocrx_word' id='word_1_638' title='bbox 2365 3787 2450 3839; x_wconf 78' lang='grc' dir='ltr'><strong>ἵνα</strong></span> <span class='ocrx_word' id='word_1_639' title='bbox 2480 3785 2636 3856; x_wconf 87' lang='grc' dir='ltr'>μόνον</span> <span class='ocrx_word' id='word_1_640' title='bbox 2685 3785 2779 3838; x_wconf 86' lang='grc' dir='ltr'><strong>τοῦ</strong></span> <span class='ocrx_word' id='word_1_641' title='bbox 2825 3788 3040 3856; x_wconf 85' lang='grc' dir='ltr'>φρονεῖν</span> <span class='ocrx_word' id='word_1_642' title='bbox 3082 3787 3286 3860; x_wconf 86' lang='grc' dir='ltr'>κτίσμα</span> <span class='ocrx_word' id='word_1_643' title='bbox 3345 3791 3423 3862; x_wconf 84' lang='grc' dir='ltr'>μὴ</span> <span class='ocrx_word' id='word_1_644' title='bbox 3477 3796 3599 3848; x_wconf 73' lang='grc' dir='ltr'><strong>ἐπι-</strong></span> 
     </span>
    </p>
   </div>
   <div class='ocr_carea' id='block_1_84' title="bbox 2014 3881 2268 3952">
    <p class='ocr_par' dir='ltr' id='par_1_84' title="bbox 2014 3881 2268 3952">
     <span class='ocr_line' id='line_1_84' title="bbox 2014 3881 2268 3952; baseline -0.004 -18"><span class='ocrx_word' id='word_1_645' title='bbox 2014 3881 2268 3952; x_wconf 75' lang='grc' dir='ltr'>λάθησθες</span> 
     </span>
    </p>
   </div>
   <div class='ocr_carea' id='block_1_85' title="bbox 2085 3970 3594 4047">
    <p class='ocr_par' dir='ltr' id='par_1_85' title="bbox 2085 3970 3594 4047">
     <span class='ocr_line' id='line_1_85' title="bbox 2085 3970 3594 4047; baseline -0.005 -20"><span class='ocrx_word' id='word_1_646' title='bbox 2085 3974 2137 4027; x_wconf 70' lang='grc'><strong>4.</strong></span> <span class='ocrx_word' id='word_1_647' title='bbox 2172 3974 2375 4027; x_wconf 80' lang='grc' dir='ltr'>Εἴπατε</span> <span class='ocrx_word' id='word_1_648' title='bbox 2407 3971 2537 4040; x_wconf 90' lang='grc' dir='ltr'>γοῦν</span> <span class='ocrx_word' id='word_1_649' title='bbox 2562 3971 2616 4024; x_wconf 81' lang='grc' dir='ltr'>εἴ</span> <span class='ocrx_word' id='word_1_650' title='bbox 2643 3989 2744 4026; x_wconf 84' lang='grc' dir='ltr'><strong>που</strong></span> <span class='ocrx_word' id='word_1_651' title='bbox 2781 3973 2879 4041; x_wconf 81' lang='grc' dir='ltr'>τῆς</span> <span class='ocrx_word' id='word_1_652' title='bbox 2908 3970 3056 4034; x_wconf 87' lang='grc' dir='ltr'>θείας</span> <span class='ocrx_word' id='word_1_653' title='bbox 3087 3973 3308 4044; x_wconf 80' lang='grc' dir='ltr'>Γραφῆς</span> <span class='ocrx_word' id='word_1_654' title='bbox 3339 3974 3594 4047; x_wconf 78' lang='grc' dir='ltr'>εὕρισκε-</span> 
     </span>
    </p>
   </div>
   <div class='ocr_carea' id='block_1_86' title="bbox 2016 4061 3593 4137">
    <p class='ocr_par' dir='ltr' id='par_1_86' title="bbox 2016 4061 3593 4137">
     <span class='ocr_line' id='line_1_86' title="bbox 2016 4061 3593 4137; baseline 0.001 -19"><span class='ocrx_word' id='word_1_655' title='bbox 2016 4083 2074 4118; x_wconf 90' lang='grc' dir='ltr'><strong>τε</strong></span> <span class='ocrx_word' id='word_1_656' title='bbox 2106 4065 2216 4134; x_wconf 84' lang='grc'><strong>(97)</strong></span> <span class='ocrx_word' id='word_1_657' title='bbox 2234 4064 2294 4117; x_wconf 84' lang='grc' dir='ltr'><strong>τὸ</strong></span> <span class='ocrx_word' id='word_1_658' title='bbox 2321 4063 2544 4133; x_wconf 86' lang='grc' dir='ltr'>Πνεῦμα</span> <span class='ocrx_word' id='word_1_659' title='bbox 2566 4063 2626 4116; x_wconf 85' lang='grc' dir='ltr'><strong>τὸ</strong></span> <span class='ocrx_word' id='word_1_660' title='bbox 2652 4063 2804 4130; x_wconf 75' lang='grc' dir='ltr'>ἅγιον</span> <span class='ocrx_word' id='word_1_661' title='bbox 2826 4061 3012 4124; x_wconf 78' lang='grc' dir='ltr'>ἁπλῶς</span> <span class='ocrx_word' id='word_1_662' title='bbox 3037 4063 3322 4133; x_wconf 79' lang='grc' dir='ltr'>εἰρημένον</span> <span class='ocrx_word' id='word_1_663' title='bbox 3350 4065 3593 4137; x_wconf 84' lang='grc' dir='ltr'>πνεῦμα,</span> 
     </span>
    </p>
   </div>
   <div class='ocr_carea' id='block_1_87' title="bbox 2015 4154 3593 4230">
    <p class='ocr_par' dir='ltr' id='par_1_87' title="bbox 2015 4154 3593 4230">
     <span class='ocr_line' id='line_1_87' title="bbox 2015 4154 3593 4230; baseline 0.003 -20"><span class='ocrx_word' id='word_1_664' title='bbox 2015 4159 2184 4230; x_wconf 67' lang='grc' dir='ltr'>χωρὶς</span> <span class='ocrx_word' id='word_1_665' title='bbox 2219 4156 2534 4227; x_wconf 79' lang='grc' dir='ltr'>προσθήκης</span> <span class='ocrx_word' id='word_1_666' title='bbox 2581 4155 2672 4208; x_wconf 90' lang='grc' dir='ltr'><strong>τοῦ</strong></span> <span class='ocrx_word' id='word_1_667' title='bbox 2711 4154 2963 4221; x_wconf 79' lang='grc' dir='ltr'>λέγεσθαι</span> <span class='ocrx_word' id='word_1_668' title='bbox 3015 4155 3048 4224; x_wconf 83' lang='grc' dir='ltr'>ἢ</span> <span class='ocrx_word' id='word_1_669' title='bbox 3105 4155 3194 4208; x_wconf 86' lang='grc' dir='ltr'><strong>τοῦ</strong></span> <span class='ocrx_word' id='word_1_670' title='bbox 3229 4156 3384 4223; x_wconf 87' lang='grc' dir='ltr'>Θεοῦ,</span> <span class='ocrx_word' id='word_1_671' title='bbox 3435 4160 3593 4230; x_wconf 76' lang='grc' dir='ltr'>ἢτοῦ</span> 
     </span>
    </p>
   </div>
   <div class='ocr_carea' id='block_1_88' title="bbox 416 4267 1919 4352">
    <p class='ocr_par' dir='ltr' id='par_1_88' title="bbox 416 4268 1916 4352">
     <span class='ocr_line' id='line_1_88' title="bbox 416 4268 1916 4352; baseline 0.006 -31"><span class='ocrx_word' id='word_1_672' title='bbox 416 4270 460 4302; x_wconf 74' lang='grc' dir='ltr'><strong>⁸ο</strong></span> <span class='ocrx_word' id='word_1_673' title='bbox 500 4268 688 4327; x_wconf 85' lang='lat' dir='ltr'><strong>Matth.</strong></span> <span class='ocrx_word' id='word_1_674' title='bbox 723 4287 818 4352; x_wconf 80' lang='lat' dir='ltr'><strong>xu,</strong></span> <span class='ocrx_word' id='word_1_675' title='bbox 845 4271 945 4325; x_wconf 72' lang='lat'><strong>53°</strong></span> <span class='ocrx_word' id='word_1_676' title='bbox 993 4271 1160 4327; x_wconf 82' lang='lat' dir='ltr'><strong>Marc.</strong></span> <span class='ocrx_word' id='word_1_677' title='bbox 1197 4288 1278 4336; x_wconf 87' lang='lat' dir='ltr'><strong>Ill,</strong></span> <span class='ocrx_word' id='word_1_678' title='bbox 1302 4271 1392 4328; x_wconf 71' lang='grc'><strong>29.</strong></span> <span class='ocrx_word' id='word_1_679' title='bbox 1451 4276 1496 4307; x_wconf 79' lang='grc' dir='ltr'><strong>⁷ο</strong></span> <span class='ocrx_word' id='word_1_680' title='bbox 1524 4275 1684 4331; x_wconf 85' lang='lat' dir='ltr'><strong>Joan.</strong></span> <span class='ocrx_word' id='word_1_681' title='bbox 1716 4279 1916 4348; x_wconf 41' lang='lat'><strong>&quot;1,131.</strong></span> 
     </span>
    </p>
   </div>
   <div class='ocr_carea' id='block_1_89' title="bbox 2033 4267 3062 4352">
    <p class='ocr_par' dir='ltr' id='par_1_89' title="bbox 2033 4267 3062 4331">
     <span class='ocr_line' id='line_1_89' title="bbox 2033 4267 3062 4331; baseline -0.01 -2"><span class='ocrx_word' id='word_1_682' title='bbox 2033 4302 2034 4306; x_wconf 58' lang='grc' dir='ltr'><strong>π</strong></span> <span class='ocrx_word' id='word_1_683' title='bbox 2072 4278 2240 4329; x_wconf 83' lang='lat' dir='ltr'><strong>Amos</strong></span> <span class='ocrx_word' id='word_1_684' title='bbox 2271 4290 2343 4331; x_wconf 81' lang='lat' dir='ltr'><strong>iv.</strong></span> <span class='ocrx_word' id='word_1_685' title='bbox 2377 4272 2461 4326; x_wconf 75' lang='lat' dir='ltr'><strong>l3.</strong></span> <span class='ocrx_word' id='word_1_686' title='bbox 2540 4272 2586 4302; x_wconf 72' lang='grc' dir='ltr'><strong>τ’</strong></span> <span class='ocrx_word' id='word_1_687' title='bbox 2625 4269 2786 4322; x_wconf 89' lang='lat' dir='ltr'><strong>Prov.</strong></span> <span class='ocrx_word' id='word_1_688' title='bbox 2821 4283 2940 4330; x_wconf 82' lang='lat' dir='ltr'><strong>VIII,</strong></span> <span class='ocrx_word' id='word_1_689' title='bbox 2973 4267 3062 4320; x_wconf 76' lang='lat'><strong>2?...</strong></span> 
     </span>
    </p>
   </div>
   <div class='ocr_carea' id='block_1_90' title="bbox 417 4471 3590 4554">
    <p class='ocr_par' dir='ltr' id='par_1_90' title="bbox 417 4471 3590 4554">
     <span class='ocr_line' id='line_1_90' title="bbox 417 4471 3590 4554; baseline 0 -24"><span class='ocrx_word' id='word_1_690' title='bbox 417 4476 533 4554; x_wconf 67' lang='grc'><strong>(88)</strong></span> <span class='ocrx_word' id='word_1_691' title='bbox 573 4475 663 4530; x_wconf 92' lang='lat' dir='ltr'><strong>Sic</strong></span> <span class='ocrx_word' id='word_1_692' title='bbox 692 4475 824 4546; x_wconf 87' lang='lat' dir='ltr'><strong>Reg.</strong></span> <span class='ocrx_word' id='word_1_693' title='bbox 860 4477 1085 4554; x_wconf 80' lang='lat' dir='ltr'><strong>l,__8_eg.</strong></span> <span class='ocrx_word' id='word_1_694' title='bbox 1120 4478 1331 4554; x_wconf 81' lang='lat' dir='ltr'><strong>Anglic.</strong></span> <span class='ocrx_word' id='word_1_695' title='bbox 1379 4478 1536 4554; x_wconf 67' lang='lat' dir='ltr'><strong>Qohl.</strong></span> <span class='ocrx_word' id='word_1_696' title='bbox 1583 4476 1819 4554; x_wconf 81' lang='lat' dir='ltr'><strong>Felckm.</strong></span> <span class='ocrx_word' id='word_1_697' title='bbox 1856 4477 1910 4530; x_wconf 77' lang='lat' dir='ltr'><strong>l.</strong></span> <span class='ocrx_word' id='word_1_698' title='bbox 1945 4478 1988 4533; x_wconf 92' lang='lat' dir='ltr'><strong>D</strong></span> <span class='ocrx_word' id='word_1_699' title='bbox 2090 4474 2202 4544; x_wconf 82' lang='lat'><strong>(9|)</strong></span> <span class='ocrx_word' id='word_1_700' title='bbox 2245 4475 2372 4543; x_wconf 79' lang='lat' dir='ltr'><strong>lleg.</strong></span> <span class='ocrx_word' id='word_1_701' title='bbox 2405 4474 2456 4554; x_wconf 76' lang='lat' dir='ltr'><strong>l_,</strong></span> <span class='ocrx_word' id='word_1_702' title='bbox 2480 4471 2614 4554; x_wconf 66' lang='lat' dir='ltr'><strong>Seg.</strong></span> <span class='ocrx_word' id='word_1_703' title='bbox 2645 4472 2801 4526; x_wconf 83' lang='lat' dir='ltr'><strong>Gobl.</strong></span> <span class='ocrx_word' id='word_1_704' title='bbox 2849 4471 3270 4554; x_wconf 63' lang='lat' dir='ltr'><strong>Felekp1._l,_r&amp;</strong></span> <span class='ocrx_word' id='word_1_705' title='bbox 3295 4477 3433 4554; x_wconf 42' lang='lat'><em>661;:</em></span> <span class='ocrx_word' id='word_1_706' title='bbox 3456 4481 3590 4548; x_wconf 64' lang='lat' dir='ltr'><strong>Qua;</strong></span> 
     </span>
    </p>
   </div>
   <div class='ocr_carea' id='block_1_91' title="bbox 345 4547 1916 4619">
    <p class='ocr_par' dir='ltr' id='par_1_91' title="bbox 345 4547 1916 4619">
     <span class='ocr_line' id='line_1_91' title="bbox 345 4547 1916 4619; baseline -0.001 -17"><span class='ocrx_word' id='word_1_707' title='bbox 345 4547 537 4602; x_wconf 57' lang='lat' dir='ltr'><strong>Ca‘teri</strong></span> <span class='ocrx_word' id='word_1_708' title='bbox 560 4555 760 4619; x_wconf 81' lang='lat' dir='ltr'><strong>autem</strong></span> <span class='ocrx_word' id='word_1_709' title='bbox 796 4555 850 4600; x_wconf 87' lang='lat' dir='ltr'><strong>et</strong></span> <span class='ocrx_word' id='word_1_710' title='bbox 878 4547 1336 4619; x_wconf 55' lang='lat' dir='ltr'><strong>editi,&#39;10ta6%ng.</strong></span> <span class='ocrx_word' id='word_1_711' title='bbox 1389 4548 1589 4618; x_wconf 83' lang='lat' dir='ltr'><strong>Regius</strong></span> <span class='ocrx_word' id='word_1_712' title='bbox 1629 4549 1836 4616; x_wconf 89' lang='lat' dir='ltr'><strong>primus</strong></span> <span class='ocrx_word' id='word_1_713' title='bbox 1861 4557 1916 4601; x_wconf 88' lang='lat' dir='ltr'><strong>et</strong></span> 
     </span>
    </p>
   </div>
   <div class='ocr_carea' id='block_1_92' title="bbox 347 4617 1812 4689">
    <p class='ocr_par' dir='ltr' id='par_1_92' title="bbox 347 4617 1812 4689">
     <span class='ocr_line' id='line_1_92' title="bbox 347 4617 1812 4689; baseline 0.003 -21"><span class='ocrx_word' id='word_1_714' title='bbox 347 4617 716 4689; x_wconf 69' lang='lat' dir='ltr'><strong>Seguerianus</strong></span> <span class='ocrx_word' id='word_1_715' title='bbox 760 4631 887 4671; x_wconf 79' lang='lat' dir='ltr'><strong>mox</strong></span> <span class='ocrx_word' id='word_1_716' title='bbox 921 4632 1021 4686; x_wconf 88' lang='lat' dir='ltr'><strong>pro</strong></span> <span class='ocrx_word' id='word_1_717' title='bbox 1056 4617 1283 4689; x_wconf 78' lang='grc' dir='ltr'>Κυρίου,</span> <span class='ocrx_word' id='word_1_718' title='bbox 1313 4617 1512 4689; x_wconf 82' lang='lat' dir='ltr'><strong>habent</strong></span> <span class='ocrx_word' id='word_1_719' title='bbox 1542 4619 1812 4689; x_wconf 82' lang='grc' dir='ltr'>Σωτῆρος.</span> 
     </span>
    </p>
   </div>
   <div class='ocr_carea' id='block_1_93' title="bbox 417 4685 1916 4759">
    <p class='ocr_par' dir='ltr' id='par_1_93' title="bbox 417 4685 1916 4759">
     <span class='ocr_line' id='line_1_93' title="bbox 417 4685 1916 4759; baseline -0.001 -17"><span class='ocrx_word' id='word_1_720' title='bbox 417 4685 531 4759; x_wconf 57' lang='grc'><strong>(⁷89)</strong></span> <span class='ocrx_word' id='word_1_721' title='bbox 573 4685 775 4759; x_wconf 67' lang='lat' dir='ltr'><strong>Regius</strong></span> <span class='ocrx_word' id='word_1_722' title='bbox 805 4685 1100 4759; x_wconf 80' lang='lat' dir='ltr'><strong>secundus,</strong></span> <span class='ocrx_word' id='word_1_723' title='bbox 1132 4685 1188 4742; x_wconf 76' lang='grc' dir='ltr'>ἓν</span> <span class='ocrx_word' id='word_1_724' title='bbox 1237 4689 1314 4759; x_wconf 84' lang='grc' dir='ltr'>τῷ</span> <span class='ocrx_word' id='word_1_725' title='bbox 1355 4688 1450 4742; x_wconf 90' lang='grc' dir='ltr'><strong>νῦν</strong></span> <span class='ocrx_word' id='word_1_726' title='bbox 1505 4685 1916 4741; x_wconf 51' lang='grc' dir='ltr'>αίῶνιᾙΙὺίάεηι</span> 
     </span>
    </p>
   </div>
   <div class='ocr_carea' id='block_1_94' title="bbox 346 4756 1918 4829">
    <p class='ocr_par' dir='ltr' id='par_1_94' title="bbox 346 4756 1918 4829">
     <span class='ocr_line' id='line_1_94' title="bbox 346 4756 1918 4829; baseline -0.001 -16"><span class='ocrx_word' id='word_1_727' title='bbox 346 4756 520 4829; x_wconf 55' lang='grc' dir='ltr'>ϐοθίζ</span> <span class='ocrx_word' id='word_1_728' title='bbox 537 4766 590 4812; x_wconf 89' lang='lat' dir='ltr'><strong>et</strong></span> <span class='ocrx_word' id='word_1_729' title='bbox 612 4756 892 4829; x_wconf 52' lang='lat' dir='ltr'><strong>felelgm.</strong></span> <span class='ocrx_word' id='word_1_730' title='bbox 915 4758 1122 4829; x_wconf 75' lang='lat' dir='ltr'><strong>primus</strong></span> <span class='ocrx_word' id='word_1_731' title='bbox 1170 4775 1269 4828; x_wconf 90' lang='lat' dir='ltr'><strong>pro</strong></span> <span class='ocrx_word' id='word_1_732' title='bbox 1287 4756 1564 4829; x_wconf 75' lang='grc' dir='ltr'>μέλλοντι,</span> <span class='ocrx_word' id='word_1_733' title='bbox 1595 4759 1918 4829; x_wconf 48' lang='lat' dir='ltr'><strong>hallentﬁp-</strong></span> 
     </span>
    </p>
   </div>
   <div class='ocr_carea' id='block_1_95' title="bbox 344 4826 1914 4910">
    <p class='ocr_par' dir='ltr' id='par_1_95' title="bbox 344 4826 1914 4910">
     <span class='ocr_line' id='line_1_95' title="bbox 344 4826 1914 4910; baseline 0.001 -29"><span class='ocrx_word' id='word_1_734' title='bbox 344 4828 580 4910; x_wconf 82' lang='grc' dir='ltr'>χομένῳ.</span> <span class='ocrx_word' id='word_1_735' title='bbox 612 4826 734 4910; x_wconf 65' lang='lat' dir='ltr'><strong>hlox</strong></span> <span class='ocrx_word' id='word_1_736' title='bbox 767 4827 968 4910; x_wconf 77' lang='lat' dir='ltr'><strong>Regius</strong></span> <span class='ocrx_word' id='word_1_737' title='bbox 1001 4826 1572 4910; x_wconf 25' lang='lat' dir='ltr'><strong>primu—snseg260bl.</strong></span> <span class='ocrx_word' id='word_1_738' title='bbox 1597 4826 1914 4910; x_wconf 51' lang='lat' dir='ltr'><strong>etl’elclrm.</strong></span> 
     </span>
    </p>
   </div>
   <div class='ocr_carea' id='block_1_96' title="bbox 345 4897 1918 4966">
    <p class='ocr_par' dir='ltr' id='par_1_96' title="bbox 345 4897 1918 4966">
     <span class='ocr_line' id='line_1_96' title="bbox 345 4897 1918 4966; baseline 0.001 -16"><span class='ocrx_word' id='word_1_739' title='bbox 345 4897 578 4966; x_wconf 86' lang='lat' dir='ltr'><strong>primus,</strong></span> <span class='ocrx_word' id='word_1_740' title='bbox 620 4898 906 4966; x_wconf 82' lang='grc' dir='ltr'>Ἀρειανοὶ,</span> <span class='ocrx_word' id='word_1_741' title='bbox 965 4899 1163 4953; x_wconf 87' lang='grc' dir='ltr'>καίτοι.</span> <span class='ocrx_word' id='word_1_742' title='bbox 1219 4897 1411 4954; x_wconf 68' lang='lat' dir='ltr'><strong>Caneri</strong></span> <span class='ocrx_word' id='word_1_743' title='bbox 1461 4909 1516 4952; x_wconf 90' lang='lat' dir='ltr'><strong>et</strong></span> <span class='ocrx_word' id='word_1_744' title='bbox 1561 4897 1691 4952; x_wconf 85' lang='lat' dir='ltr'><strong>editi</strong></span> <span class='ocrx_word' id='word_1_745' title='bbox 1741 4899 1918 4952; x_wconf 85' lang='grc' dir='ltr'>καίτοι</span> 
     </span>
    </p>
   </div>
   <div class='ocr_carea' id='block_1_97' title="bbox 343 4967 1914 5038">
    <p class='ocr_par' dir='ltr' id='par_1_97' title="bbox 343 4967 1914 5038">
     <span class='ocr_line' id='line_1_97' title="bbox 343 4967 1914 5038; baseline 0.001 -21"><span class='ocrx_word' id='word_1_746' title='bbox 343 4968 623 5038; x_wconf 77' lang='lat' dir='ltr'><strong>omittunt.</strong></span> <span class='ocrx_word' id='word_1_747' title='bbox 665 4967 787 5020; x_wconf 79' lang='lat' dir='ltr'><strong>Mox</strong></span> <span class='ocrx_word' id='word_1_748' title='bbox 823 4967 951 5020; x_wconf 86' lang='lat' dir='ltr'><strong>item</strong></span> <span class='ocrx_word' id='word_1_749' title='bbox 985 4967 1183 5038; x_wconf 80' lang='lat' dir='ltr'><strong>Regius</strong></span> <span class='ocrx_word' id='word_1_750' title='bbox 1217 4970 1448 5035; x_wconf 85' lang='lat' dir='ltr'><strong>primus,</strong></span> <span class='ocrx_word' id='word_1_751' title='bbox 1486 4968 1735 5036; x_wconf 88' lang='lat' dir='ltr'><strong>Seguer.,</strong></span> <span class='ocrx_word' id='word_1_752' title='bbox 1763 4969 1914 5036; x_wconf 81' lang='grc' dir='ltr'>ὅμως</span> 
     </span>
    </p>
   </div>
   <div class='ocr_carea' id='block_1_98' title="bbox 345 5036 1914 5108">
    <p class='ocr_par' dir='ltr' id='par_1_98' title="bbox 345 5036 1914 5108">
     <span class='ocr_line' id='line_1_98' title="bbox 345 5036 1914 5108; baseline 0.002 -19"><span class='ocrx_word' id='word_1_753' title='bbox 345 5037 404 5102; x_wconf 75' lang='grc' dir='ltr'>ἐξ</span> <span class='ocrx_word' id='word_1_754' title='bbox 430 5036 630 5100; x_wconf 78' lang='grc' dir='ltr'>αὐτῶν,</span> <span class='ocrx_word' id='word_1_755' title='bbox 661 5047 714 5091; x_wconf 92' lang='lat' dir='ltr'><strong>et</strong></span> <span class='ocrx_word' id='word_1_756' title='bbox 744 5038 905 5108; x_wconf 78' lang='lat' dir='ltr'><strong>paulo</strong></span> <span class='ocrx_word' id='word_1_757' title='bbox 929 5036 1082 5105; x_wconf 57' lang='lat' dir='ltr'><strong>post,</strong></span> <span class='ocrx_word' id='word_1_758' title='bbox 1101 5040 1195 5092; x_wconf 71' lang='lat' dir='ltr'><strong>xui.</strong></span> <span class='ocrx_word' id='word_1_759' title='bbox 1222 5038 1392 5102; x_wconf 73' lang='grc' dir='ltr'>οὕτως</span> <span class='ocrx_word' id='word_1_760' title='bbox 1420 5038 1781 5108; x_wconf 82' lang='grc' dir='ltr'>ἡλέγχθησαν.</span> <span class='ocrx_word' id='word_1_761' title='bbox 1808 5038 1914 5092; x_wconf 84' lang='lat' dir='ltr'><strong>Alii</strong></span> 
     </span>
    </p>
   </div>
   <div class='ocr_carea' id='block_1_99' title="bbox 343 5099 1486 5177">
    <p class='ocr_par' dir='ltr' id='par_1_99' title="bbox 343 5099 1486 5177">
     <span class='ocr_line' id='line_1_99' title="bbox 343 5099 1486 5177; baseline -0.002 -16"><span class='ocrx_word' id='word_1_762' title='bbox 343 5099 400 5161; x_wconf 79' lang='lat' dir='ltr'><strong>et</strong></span> <span class='ocrx_word' id='word_1_763' title='bbox 428 5108 590 5177; x_wconf 82' lang='lat' dir='ltr'><strong>editi,</strong></span> <span class='ocrx_word' id='word_1_764' title='bbox 614 5114 666 5164; x_wconf 85' lang='lat' dir='ltr'><strong>et</strong></span> <span class='ocrx_word' id='word_1_765' title='bbox 692 5099 786 5177; x_wconf 73' lang='grc' dir='ltr'><strong>καὶ</strong></span> <span class='ocrx_word' id='word_1_766' title='bbox 811 5099 980 5177; x_wconf 72' lang='grc' dir='ltr'>ὅμως,</span> <span class='ocrx_word' id='word_1_767' title='bbox 1009 5107 1180 5172; x_wconf 74' lang='grc' dir='ltr'>οὕτως</span> <span class='ocrx_word' id='word_1_768' title='bbox 1213 5099 1486 5162; x_wconf 66' lang='lat' dir='ltr'><strong>omittunt.</strong></span> 
     </span>
    </p>
   </div>
   <div class='ocr_carea' id='block_1_100' title="bbox 415 5175 1906 5249">
    <p class='ocr_par' dir='ltr' id='par_1_100' title="bbox 415 5175 1906 5249">
     <span class='ocr_line' id='line_1_100' title="bbox 415 5175 1906 5249; baseline 0.001 -19"><span class='ocrx_word' id='word_1_769' title='bbox 415 5176 526 5249; x_wconf 81' lang='lat'><strong>(90)</strong></span> <span class='ocrx_word' id='word_1_770' title='bbox 568 5176 659 5231; x_wconf 84' lang='lat' dir='ltr'><strong>Sic</strong></span> <span class='ocrx_word' id='word_1_771' title='bbox 691 5175 909 5249; x_wconf 76' lang='lat' dir='ltr'><strong>Regius</strong></span> <span class='ocrx_word' id='word_1_772' title='bbox 925 5179 1133 5246; x_wconf 84' lang='lat' dir='ltr'><strong>primus</strong></span> <span class='ocrx_word' id='word_1_773' title='bbox 1183 5188 1237 5232; x_wconf 92' lang='lat' dir='ltr'><strong>et</strong></span> <span class='ocrx_word' id='word_1_774' title='bbox 1280 5178 1666 5249; x_wconf 85' lang='lat' dir='ltr'><strong>Seguerianus.</strong></span> <span class='ocrx_word' id='word_1_775' title='bbox 1696 5177 1764 5249; x_wconf 85' lang='lat' dir='ltr'><strong>At</strong></span> <span class='ocrx_word' id='word_1_776' title='bbox 1803 5176 1906 5232; x_wconf 75' lang='grc' dir='ltr'><strong>(ἓοο</strong></span> 
     </span>
    </p>
   </div>
   <div class='ocr_carea' id='block_1_101' title="bbox 343 5246 1907 5328">
    <p class='ocr_par' dir='ltr' id='par_1_101' title="bbox 343 5246 1907 5328">
     <span class='ocr_line' id='line_1_101' title="bbox 343 5246 1907 5328; baseline 0.001 -28"><span class='ocrx_word' id='word_1_777' title='bbox 343 5246 621 5328; x_wconf 52' lang='grc' dir='ltr'>’ξιεεῐυίεηυε</span> <span class='ocrx_word' id='word_1_778' title='bbox 669 5247 1120 5328; x_wconf 45' lang='grc' dir='ltr'>ειηίῖειοὶιηιαῃηί</span> <span class='ocrx_word' id='word_1_779' title='bbox 1169 5246 1419 5328; x_wconf 49' lang='lat' dir='ltr'><strong>primus,</strong></span> <span class='ocrx_word' id='word_1_780' title='bbox 1461 5247 1907 5328; x_wconf 60' lang='lat' dir='ltr'><strong>atavotpwvoﬁvnrsg.</strong></span> 
     </span>
    </p>
   </div>
   <div class='ocr_carea' id='block_1_102' title="bbox 343 5316 1909 5405">
    <p class='ocr_par' dir='ltr' id='par_1_102' title="bbox 343 5316 1909 5405">
     <span class='ocr_line' id='line_1_102' title="bbox 343 5316 1909 5405; baseline 0.001 -35"><span class='ocrx_word' id='word_1_781' title='bbox 343 5317 533 5405; x_wconf 49' lang='lat' dir='ltr'><strong>ﬁm‘teri</strong></span> <span class='ocrx_word' id='word_1_782' title='bbox 585 5327 645 5405; x_wconf 45' lang='lat' dir='ltr'><strong>ei</strong></span> <span class='ocrx_word' id='word_1_783' title='bbox 682 5316 834 5405; x_wconf 60' lang='lat' dir='ltr'><strong>editi,</strong></span> <span class='ocrx_word' id='word_1_784' title='bbox 884 5316 1341 5405; x_wconf 45' lang='grc' dir='ltr'>καινολογοῦντες..</span> <span class='ocrx_word' id='word_1_785' title='bbox 1373 5318 1524 5405; x_wconf 48' lang='lat' dir='ltr'><strong>Mos“</strong></span> <span class='ocrx_word' id='word_1_786' title='bbox 1540 5316 1670 5398; x_wconf 74' lang='lat' dir='ltr'><strong>Reg.</strong></span> <span class='ocrx_word' id='word_1_787' title='bbox 1701 5318 1752 5378; x_wconf 84' lang='grc'>1,</span> <span class='ocrx_word' id='word_1_788' title='bbox 1777 5318 1909 5405; x_wconf 72' lang='lat' dir='ltr'><strong>Seg.</strong></span> 
     </span>
    </p>
   </div>
   <div class='ocr_carea' id='block_1_103' title="bbox 345 5385 1910 5470">
    <p class='ocr_par' dir='ltr' id='par_1_103' title="bbox 345 5385 1910 5470">
     <span class='ocr_line' id='line_1_103' title="bbox 345 5385 1910 5470; baseline 0 -30"><span class='ocrx_word' id='word_1_789' title='bbox 345 5385 501 5466; x_wconf 63' lang='grc' dir='ltr'><strong>(ἔριδι.</strong></span> <span class='ocrx_word' id='word_1_790' title='bbox 520 5395 584 5470; x_wconf 57' lang='grc' dir='ltr'><strong>ει</strong></span> <span class='ocrx_word' id='word_1_791' title='bbox 605 5386 842 5470; x_wconf 60' lang='grc' dir='ltr'>Ιξοιρξιιη.</span> <span class='ocrx_word' id='word_1_792' title='bbox 882 5387 903 5439; x_wconf 83' lang='grc'><strong>1</strong></span> <span class='ocrx_word' id='word_1_793' title='bbox 933 5388 1233 5470; x_wconf 72' lang='lat' dir='ltr'><strong>sic_habent</strong></span> <span class='ocrx_word' id='word_1_794' title='bbox 1266 5406 1278 5440; x_wconf 93' lang='lat'><strong>:</strong></span> <span class='ocrx_word' id='word_1_795' title='bbox 1309 5385 1641 5470; x_wconf 67' lang='grc' dir='ltr'>ἠπατήθητέ</span> <span class='ocrx_word' id='word_1_796' title='bbox 1662 5385 1910 5469; x_wconf 40' lang='grc' dir='ltr'>παρ”αὗ-</span> 
     </span>
    </p>
   </div>
   <div class='ocr_carea' id='block_1_104' title="bbox 343 5456 1906 5533">
    <p class='ocr_par' dir='ltr' id='par_1_104' title="bbox 343 5456 1906 5533">
     <span class='ocr_line' id='line_1_104' title="bbox 343 5456 1906 5533; baseline 0.001 -26"><span class='ocrx_word' id='word_1_797' title='bbox 343 5456 485 5533; x_wconf 67' lang='grc' dir='ltr'>τῶνς</span> <span class='ocrx_word' id='word_1_798' title='bbox 520 5456 584 5508; x_wconf 90' lang='grc' dir='ltr'>Τί</span> <span class='ocrx_word' id='word_1_799' title='bbox 619 5456 969 5533; x_wconf 79' lang='grc' dir='ltr'>ἀκούσαντες,</span> <span class='ocrx_word' id='word_1_800' title='bbox 993 5458 1043 5533; x_wconf 37' lang='grc' dir='ltr'><strong>’ἢ</strong></span> <span class='ocrx_word' id='word_1_801' title='bbox 1084 5459 1167 5520; x_wconf 87' lang='grc' dir='ltr'><strong>τίς</strong></span> <span class='ocrx_word' id='word_1_802' title='bbox 1208 5459 1236 5509; x_wconf 87' lang='grc' dir='ltr'>ὁ</span> <span class='ocrx_word' id='word_1_803' title='bbox 1512 5456 1612 5533; x_wconf 70' lang='grc' dir='ltr'>τῆς</span> <span class='ocrx_word' id='word_1_804' title='bbox 1655 5456 1906 5533; x_wconf 77' lang='grc' dir='ltr'>τοιαύτης</span> 
     </span>
    </p>
   </div>
   <div class='ocr_carea' id='block_1_105' title="bbox 345 5525 1906 5599">
    <p class='ocr_par' dir='ltr' id='par_1_105' title="bbox 345 5525 1906 5599">
     <span class='ocr_line' id='line_1_105' title="bbox 345 5525 1906 5599; baseline 0.001 -20"><span class='ocrx_word' id='word_1_805' title='bbox 345 5525 498 5599; x_wconf 74' lang='grc' dir='ltr'>ὑμῶν</span> <span class='ocrx_word' id='word_1_806' title='bbox 525 5541 766 5599; x_wconf 53' lang='lat' dir='ltr'><strong>raging;</strong></span> <span class='ocrx_word' id='word_1_807' title='bbox 807 5527 942 5599; x_wconf 61' lang='grc' dir='ltr'>Ἀλλ’</span> <span class='ocrx_word' id='word_1_808' title='bbox 976 5527 1052 5590; x_wconf 82' lang='grc' dir='ltr'>ὡς</span> <span class='ocrx_word' id='word_1_809' title='bbox 1088 5525 1388 5599; x_wconf 70' lang='grc' dir='ltr'>γραφεῖσαν</span> <span class='ocrx_word' id='word_1_810' title='bbox 1432 5525 1600 5599; x_wconf 69' lang='grc' dir='ltr'>αὐτὴν</span> <span class='ocrx_word' id='word_1_811' title='bbox 1643 5529 1805 5597; x_wconf 79' lang='grc' dir='ltr'>φασὶν</span> <span class='ocrx_word' id='word_1_812' title='bbox 1829 5525 1906 5599; x_wconf 5' lang='grc' dir='ltr'><strong>γὲν</strong></span> 
     </span>
    </p>
   </div>
   <div class='ocr_carea' id='block_1_106' title="bbox 345 5595 1905 5666">
    <p class='ocr_par' dir='ltr' id='par_1_106' title="bbox 345 5595 1905 5666">
     <span class='ocr_line' id='line_1_106' title="bbox 345 5595 1905 5666; baseline 0.002 -17"><span class='ocrx_word' id='word_1_813' title='bbox 345 5595 443 5666; x_wconf 81' lang='grc' dir='ltr'><strong>τῷ,</strong></span> <span class='ocrx_word' id='word_1_814' title='bbox 467 5604 576 5666; x_wconf 90' lang='lat' dir='ltr'><strong>etc.</strong></span> <span class='ocrx_word' id='word_1_815' title='bbox 608 5595 806 5666; x_wconf 82' lang='lat' dir='ltr'><strong>Regius</strong></span> <span class='ocrx_word' id='word_1_816' title='bbox 827 5607 880 5651; x_wconf 87' lang='lat' dir='ltr'><strong>et</strong></span> <span class='ocrx_word' id='word_1_817' title='bbox 903 5595 1266 5666; x_wconf 76' lang='lat' dir='ltr'><strong>Seguerianus</strong></span> <span class='ocrx_word' id='word_1_818' title='bbox 1297 5600 1463 5653; x_wconf 69' lang='grc' dir='ltr'>αὐτιιν</span> <span class='ocrx_word' id='word_1_819' title='bbox 1493 5595 1768 5656; x_wconf 81' lang='lat' dir='ltr'><strong>omittunt.</strong></span> <span class='ocrx_word' id='word_1_820' title='bbox 1801 5597 1905 5652; x_wconf 87' lang='lat' dir='ltr'><strong>lbi-</strong></span> 
     </span>
    </p>
   </div>
   <div class='ocr_carea' id='block_1_107' title="bbox 347 5665 1217 5736">
    <p class='ocr_par' dir='ltr' id='par_1_107' title="bbox 347 5665 1217 5736">
     <span class='ocr_line' id='line_1_107' title="bbox 347 5665 1217 5736; baseline -0.001 -17"><span class='ocrx_word' id='word_1_821' title='bbox 347 5665 470 5721; x_wconf 74' lang='lat' dir='ltr'><strong>clem</strong></span> <span class='ocrx_word' id='word_1_822' title='bbox 501 5665 661 5722; x_wconf 90' lang='lat' dir='ltr'><strong>iidem</strong></span> <span class='ocrx_word' id='word_1_823' title='bbox 693 5665 888 5722; x_wconf 85' lang='lat' dir='ltr'><strong>habent</strong></span> <span class='ocrx_word' id='word_1_824' title='bbox 912 5666 1043 5719; x_wconf 80' lang='grc' dir='ltr'>διότι</span> <span class='ocrx_word' id='word_1_825' title='bbox 1076 5681 1217 5736; x_wconf 59' lang='lat' dir='ltr'><strong>mm,</strong></span> 
     </span>
    </p>
   </div>
   <div class='ocr_carea' id='block_1_108' title="bbox 2019 4544 3586 4620">
    <p class='ocr_par' dir='ltr' id='par_1_108' title="bbox 2019 4544 3586 4620">
     <span class='ocr_line' id='line_1_108' title="bbox 2019 4544 3586 4620; baseline 0.004 -20"><span class='ocrx_word' id='word_1_826' title='bbox 2019 4555 2321 4620; x_wconf 76' lang='lat' dir='ltr'><strong>sequuntur</strong></span> <span class='ocrx_word' id='word_1_827' title='bbox 2350 4544 2626 4620; x_wconf 56' lang='grc' dir='ltr'>καὶ-ἔνθεν</span> <span class='ocrx_word' id='word_1_828' title='bbox 2661 4558 2832 4613; x_wconf 82' lang='lat' dir='ltr'><strong>usque</strong></span> <span class='ocrx_word' id='word_1_829' title='bbox 2875 4544 2942 4598; x_wconf 82' lang='lat' dir='ltr'><strong>ad</strong></span> <span class='ocrx_word' id='word_1_830' title='bbox 2971 4545 3032 4596; x_wconf 85' lang='grc' dir='ltr'><strong>τὸ</strong></span> <span class='ocrx_word' id='word_1_831' title='bbox 3072 4545 3294 4618; x_wconf 86' lang='grc' dir='ltr'>Πνεῦμα</span> <span class='ocrx_word' id='word_1_832' title='bbox 3322 4544 3586 4620; x_wconf 65' lang='grc' dir='ltr'>τδᾰγιον,</span> 
     </span>
    </p>
   </div>
   <div class='ocr_carea' id='block_1_109' title="bbox 2017 4612 2620 4672">
    <p class='ocr_par' dir='ltr' id='par_1_109' title="bbox 2017 4612 2620 4672">
     <span class='ocr_line' id='line_1_109' title="bbox 2017 4612 2620 4672; baseline -0.007 0"><span class='ocrx_word' id='word_1_833' title='bbox 2017 4612 2215 4672; x_wconf 68' lang='grc' dir='ltr'>υοὲυηι</span> <span class='ocrx_word' id='word_1_834' title='bbox 2238 4616 2290 4668; x_wconf 92' lang='lat' dir='ltr'><strong>in</strong></span> <span class='ocrx_word' id='word_1_835' title='bbox 2320 4629 2423 4668; x_wconf 91' lang='lat' dir='ltr'><strong>ms.</strong></span> <span class='ocrx_word' id='word_1_836' title='bbox 2454 4612 2620 4668; x_wconf 90' lang='lat' dir='ltr'><strong>Basil.</strong></span> 
     </span>
    </p>
   </div>
   <div class='ocr_carea' id='block_1_110' title="bbox 2086 4682 3588 4764">
    <p class='ocr_par' dir='ltr' id='par_1_110' title="bbox 2086 4682 3588 4764">
     <span class='ocr_line' id='line_1_110' title="bbox 2086 4682 3588 4764; baseline 0.007 -27"><span class='ocrx_word' id='word_1_837' title='bbox 2086 4685 2197 4764; x_wconf 45' lang='lat'><strong>£92)</strong></span> <span class='ocrx_word' id='word_1_838' title='bbox 2235 4683 2439 4764; x_wconf 69' lang='lat' dir='ltr'><strong>Regius</strong></span> <span class='ocrx_word' id='word_1_839' title='bbox 2457 4683 2750 4764; x_wconf 83' lang='lat' dir='ltr'><strong>secundus,</strong></span> <span class='ocrx_word' id='word_1_840' title='bbox 2771 4682 2920 4755; x_wconf 76' lang='grc' dir='ltr'>παρὰ</span> <span class='ocrx_word' id='word_1_841' title='bbox 2942 4682 3036 4737; x_wconf 87' lang='grc' dir='ltr'><strong>τοῦ</strong></span> <span class='ocrx_word' id='word_1_842' title='bbox 3066 4685 3262 4758; x_wconf 83' lang='grc' dir='ltr'>Ἀμώς.</span> <span class='ocrx_word' id='word_1_843' title='bbox 3285 4687 3403 4744; x_wconf 78' lang='lat' dir='ltr'><strong>Mox</strong></span> <span class='ocrx_word' id='word_1_844' title='bbox 3431 4689 3588 4764; x_wconf 84' lang='lat' dir='ltr'><strong>Seg.,</strong></span> 
     </span>
    </p>
   </div>
   <div class='ocr_carea' id='block_1_111' title="bbox 2013 4755 3592 4815">
    <p class='ocr_par' dir='ltr' id='par_1_111' title="bbox 2013 4755 3592 4815">
     <span class='ocr_line' id='line_1_111' title="bbox 2013 4755 3592 4815; baseline -0.017 -4"><span class='ocrx_word' id='word_1_845' title='bbox 2013 4760 2041 4810; x_wconf 92' lang='lat'><strong>6</strong></span> <span class='ocrx_word' id='word_1_846' title='bbox 2070 4756 2272 4815; x_wconf 81' lang='grc' dir='ltr'>Κύριος</span> <span class='ocrx_word' id='word_1_847' title='bbox 2308 4755 2509 4815; x_wconf 78' lang='grc' dir='ltr'>ἔκτισε,</span> <span class='ocrx_word' id='word_1_848' title='bbox 2539 4762 2642 4808; x_wconf 85' lang='lat' dir='ltr'><strong>etc.</strong></span> <span class='ocrx_word' id='word_1_849' title='bbox 3132 4755 3140 4758; x_wconf 73' lang='lat'><strong>&#39;</strong></span> <span class='ocrx_word' id='word_1_850' title='bbox 3505 4755 3534 4764; x_wconf 68' lang='grc' dir='ltr'><strong>ν</strong></span> <span class='ocrx_word' id='word_1_851' title='bbox 3576 4755 3592 4784; x_wconf 83' lang='grc'><strong>-.</strong></span> 
     </span>
    </p>
   </div>
   <div class='ocr_carea' id='block_1_112' title="bbox 2083 4772 3591 4894">
    <p class='ocr_par' dir='ltr' id='par_1_112' title="bbox 2083 4772 3591 4894">
     <span class='ocr_line' id='line_1_112' title="bbox 2083 4772 3591 4815; baseline -0.009 -6"><span class='ocrx_word' id='word_1_852' title='bbox 2083 4772 2151 4809; x_wconf 58' lang='lat' dir='ltr'><strong>su</strong></span> <span class='ocrx_word' id='word_1_853' title='bbox 2197 4772 2272 4815; x_wconf 87' lang='grc' dir='ltr'><strong>ιος</strong></span> <span class='ocrx_word' id='word_1_854' title='bbox 2308 4772 2509 4815; x_wconf 82' lang='grc' dir='ltr'>εκτισε,</span> <span class='ocrx_word' id='word_1_855' title='bbox 2539 4772 2642 4808; x_wconf 84' lang='lat' dir='ltr'><strong>etc.</strong></span> <span class='ocrx_word' id='word_1_856' title='bbox 3585 4777 3591 4784; x_wconf 82' lang='lat'><strong><em>-</em></strong></span> 
     </span>
     <span class='ocr_line' id='line_1_113' title="bbox 2083 4772 3591 4894; baseline 0.007 -19"><span class='ocrx_word' id='word_1_857' title='bbox 2083 4772 2196 4894; x_wconf 47' lang='lat'><strong>(96))</strong></span> <span class='ocrx_word' id='word_1_858' title='bbox 2239 4825 2328 4877; x_wconf 88' lang='lat' dir='ltr'><strong>Sic</strong></span> <span class='ocrx_word' id='word_1_859' title='bbox 2382 4824 2591 4891; x_wconf 89' lang='lat' dir='ltr'><strong>primus</strong></span> <span class='ocrx_word' id='word_1_860' title='bbox 2627 4822 2796 4876; x_wconf 79' lang='lat' dir='ltr'><strong>codex</strong></span> <span class='ocrx_word' id='word_1_861' title='bbox 2845 4823 3066 4892; x_wconf 85' lang='lat' dir='ltr'><strong>Regius.</strong></span> <span class='ocrx_word' id='word_1_862' title='bbox 3111 4825 3301 4880; x_wconf 64' lang='lat' dir='ltr'><strong>Caneri</strong></span> <span class='ocrx_word' id='word_1_863' title='bbox 3341 4834 3492 4884; x_wconf 83' lang='lat' dir='ltr'><strong>vero’</strong></span> <span class='ocrx_word' id='word_1_864' title='bbox 3530 4845 3591 4889; x_wconf 87' lang='lat' dir='ltr'><strong>et</strong></span> 
     </span>
    </p>
   </div>
   <div class='ocr_carea' id='block_1_113' title="bbox 2013 4894 3584 4970">
    <p class='ocr_par' dir='ltr' id='par_1_113' title="bbox 2013 4894 3584 4970">
     <span class='ocr_line' id='line_1_114' title="bbox 2013 4894 3584 4970; baseline 0.003 -23"><span class='ocrx_word' id='word_1_865' title='bbox 2013 4897 2165 4970; x_wconf 79' lang='lat' dir='ltr'><strong>editi,</strong></span> <span class='ocrx_word' id='word_1_866' title='bbox 2195 4895 2268 4947; x_wconf 85' lang='grc' dir='ltr'>Τὸ</span> <span class='ocrx_word' id='word_1_867' title='bbox 2291 4895 2348 4947; x_wconf 82' lang='grc' dir='ltr'>δὲ</span> <span class='ocrx_word' id='word_1_868' title='bbox 2371 4895 2574 4970; x_wconf 64' lang='grc' dir='ltr'>ἐνταῖς</span> <span class='ocrx_word' id='word_1_869' title='bbox 2598 4894 2925 4970; x_wconf 36' lang='grc' dir='ltr'>Παροιμία-ις</span> <span class='ocrx_word' id='word_1_870' title='bbox 2949 4895 3256 4970; x_wconf 75' lang='grc' dir='ltr'>λεγόμενον,</span> <span class='ocrx_word' id='word_1_871' title='bbox 3277 4897 3434 4970; x_wconf 77' lang='grc' dir='ltr'>τοῦτο</span> <span class='ocrx_word' id='word_1_872' title='bbox 3455 4901 3584 4970; x_wconf 86' lang='grc' dir='ltr'>μέν,</span> 
     </span>
    </p>
   </div>
   <div class='ocr_carea' id='block_1_114' title="bbox 2017 4964 3588 5036">
    <p class='ocr_par' dir='ltr' id='par_1_114' title="bbox 2017 4964 3588 5036">
     <span class='ocr_line' id='line_1_115' title="bbox 2017 4964 3588 5036; baseline 0.003 -18"><span class='ocrx_word' id='word_1_873' title='bbox 2017 4966 2153 5036; x_wconf 69' lang='lat' dir='ltr'><strong>Item</strong></span> <span class='ocrx_word' id='word_1_874' title='bbox 2194 4979 2320 5036; x_wconf 74' lang='lat' dir='ltr'><strong>mox</strong></span> <span class='ocrx_word' id='word_1_875' title='bbox 2369 4964 2576 5036; x_wconf 81' lang='lat' dir='ltr'><strong>primus</strong></span> <span class='ocrx_word' id='word_1_876' title='bbox 2619 4964 2791 5036; x_wconf 60' lang='lat' dir='ltr'><strong>codex;</strong></span> <span class='ocrx_word' id='word_1_877' title='bbox 2845 4964 3305 5036; x_wconf 24' lang='lat' dir='ltr'><strong>RegsAuinean.</strong></span> <span class='ocrx_word' id='word_1_878' title='bbox 3337 4964 3492 5023; x_wconf 84' lang='lat' dir='ltr'><strong>Gobl.</strong></span> <span class='ocrx_word' id='word_1_879' title='bbox 3527 4984 3588 5028; x_wconf 82' lang='lat' dir='ltr'><strong>et</strong></span> 
     </span>
    </p>
   </div>
   <div class='ocr_carea' id='block_1_115' title="bbox 2018 5032 3580 5116">
    <p class='ocr_par' dir='ltr' id='par_1_115' title="bbox 2018 5032 3580 5116">
     <span class='ocr_line' id='line_1_116' title="bbox 2018 5032 3580 5116; baseline 0.003 -28"><span class='ocrx_word' id='word_1_880' title='bbox 2018 5035 2255 5116; x_wconf 41' lang='lat' dir='ltr'><strong>liciqkm.</strong></span> <span class='ocrx_word' id='word_1_881' title='bbox 2285 5035 2337 5098; x_wconf 78' lang='grc'>1,</span> <span class='ocrx_word' id='word_1_882' title='bbox 2368 5033 2442 5095; x_wconf 83' lang='grc' dir='ltr'>ὡς</span> <span class='ocrx_word' id='word_1_883' title='bbox 2473 5033 2584 5104; x_wconf 80' lang='grc' dir='ltr'>ἔχει</span> <span class='ocrx_word' id='word_1_884' title='bbox 2607 5032 2882 5105; x_wconf 81' lang='grc' dir='ltr'>ἀληθείας.</span> <span class='ocrx_word' id='word_1_885' title='bbox 2917 5032 3020 5088; x_wconf 70' lang='lat' dir='ltr'><strong>Alii</strong></span> <span class='ocrx_word' id='word_1_886' title='bbox 3046 5032 3281 5102; x_wconf 41' lang='lat' dir='ltr'><strong>ct&#39;editi,</strong></span> <span class='ocrx_word' id='word_1_887' title='bbox 3309 5037 3384 5101; x_wconf 83' lang='grc' dir='ltr'>ὡς</span> <span class='ocrx_word' id='word_1_888' title='bbox 3407 5039 3521 5109; x_wconf 78' lang='grc' dir='ltr'>ἔχει</span> <span class='ocrx_word' id='word_1_889' title='bbox 3545 5046 3580 5116; x_wconf 76' lang='grc' dir='ltr'><strong>η</strong></span> 
     </span>
    </p>
   </div>
   <div class='ocr_carea' id='block_1_116' title="bbox 2015 5105 2257 5158">
    <p class='ocr_par' dir='ltr' id='par_1_116' title="bbox 2015 5105 2257 5158">
     <span class='ocr_line' id='line_1_117' title="bbox 2015 5105 2257 5158; baseline 0 0"><span class='ocrx_word' id='word_1_890' title='bbox 2015 5105 2257 5158; x_wconf 83' lang='grc' dir='ltr'>ἀλήθεια.</span> 
     </span>
    </p>
   </div>
   <div class='ocr_carea' id='block_1_117' title="bbox 2083 5111 3583 5245">
    <p class='ocr_par' dir='ltr' id='par_1_117' title="bbox 2083 5111 3583 5245">
     <span class='ocr_line' id='line_1_118' title="bbox 2083 5111 3583 5245; baseline 0.007 -21"><span class='ocrx_word' id='word_1_891' title='bbox 2083 5111 2327 5245; x_wconf 46' lang='lat' dir='ltr'><strong>mium</strong></span> <span class='ocrx_word' id='word_1_892' title='bbox 2361 5173 2494 5244; x_wconf 83' lang='lat' dir='ltr'><strong>Reg.</strong></span> <span class='ocrx_word' id='word_1_893' title='bbox 2523 5174 2542 5226; x_wconf 85' lang='lat' dir='ltr'><strong>l</strong></span> <span class='ocrx_word' id='word_1_894' title='bbox 2583 5182 2635 5226; x_wconf 88' lang='lat' dir='ltr'><strong>et</strong></span> <span class='ocrx_word' id='word_1_895' title='bbox 2656 5175 2710 5235; x_wconf 67' lang='grc' dir='ltr'>Ξ,</span> <span class='ocrx_word' id='word_1_896' title='bbox 2744 5171 2866 5244; x_wconf 82' lang='lat' dir='ltr'><strong>Seg.</strong></span> <span class='ocrx_word' id='word_1_897' title='bbox 2893 5175 3056 5228; x_wconf 85' lang='lat' dir='ltr'><strong>Basil.</strong></span> <span class='ocrx_word' id='word_1_898' title='bbox 3088 5175 3369 5242; x_wconf 79' lang='lat' dir='ltr'><strong>Anglican.</strong></span> <span class='ocrx_word' id='word_1_899' title='bbox 3395 5187 3452 5231; x_wconf 89' lang='lat' dir='ltr'><strong>et</strong></span> <span class='ocrx_word' id='word_1_900' title='bbox 3480 5178 3583 5234; x_wconf 82' lang='lat' dir='ltr'><strong>Ot-</strong></span> 
     </span>
    </p>
   </div>
   <div class='ocr_carea' id='block_1_118' title="bbox 2014 5245 3585 5317">
    <p class='ocr_par' dir='ltr' id='par_1_118' title="bbox 2014 5245 3585 5317">
     <span class='ocr_line' id='line_1_119' title="bbox 2014 5245 3585 5317; baseline 0.003 -17"><span class='ocrx_word' id='word_1_901' title='bbox 2014 5246 2426 5317; x_wconf 73' lang='lat' dir='ltr'><strong>tobon._Ca:ter_i</strong></span> <span class='ocrx_word' id='word_1_902' title='bbox 2455 5254 2507 5317; x_wconf 79' lang='lat' dir='ltr'><strong>et</strong></span> <span class='ocrx_word' id='word_1_903' title='bbox 2530 5245 2679 5304; x_wconf 70' lang='lat' dir='ltr'><strong>editi.</strong></span> <span class='ocrx_word' id='word_1_904' title='bbox 2703 5245 2963 5317; x_wconf 80' lang='grc' dir='ltr'>φανερόν.</span> <span class='ocrx_word' id='word_1_905' title='bbox 2991 5245 3112 5300; x_wconf 81' lang='lat' dir='ltr'><strong>Mox</strong></span> <span class='ocrx_word' id='word_1_906' title='bbox 3147 5245 3276 5317; x_wconf 87' lang='lat' dir='ltr'><strong>lleg.</strong></span> <span class='ocrx_word' id='word_1_907' title='bbox 3313 5248 3370 5311; x_wconf 76' lang='grc'>2,</span> <span class='ocrx_word' id='word_1_908' title='bbox 3395 5247 3585 5304; x_wconf 76' lang='grc' dir='ltr'>ἑκτισὲ</span> 
     </span>
    </p>
   </div>
   <div class='ocr_carea' id='block_1_119' title="bbox 2017 5314 2884 5385">
    <p class='ocr_par' dir='ltr' id='par_1_119' title="bbox 2017 5314 2884 5385">
     <span class='ocr_line' id='line_1_120' title="bbox 2017 5314 2884 5385; baseline 0.002 -18"><span class='ocrx_word' id='word_1_909' title='bbox 2017 5332 2105 5385; x_wconf 92' lang='grc' dir='ltr'>με.</span> <span class='ocrx_word' id='word_1_910' title='bbox 2133 5315 2237 5367; x_wconf 83' lang='lat' dir='ltr'><strong>Alii</strong></span> <span class='ocrx_word' id='word_1_911' title='bbox 2266 5325 2318 5368; x_wconf 91' lang='lat' dir='ltr'><strong>et</strong></span> <span class='ocrx_word' id='word_1_912' title='bbox 2350 5314 2478 5380; x_wconf 74' lang='lat' dir='ltr'><strong>editi</strong></span> <span class='ocrx_word' id='word_1_913' title='bbox 2513 5331 2579 5383; x_wconf 90' lang='grc' dir='ltr'><strong>με</strong></span> <span class='ocrx_word' id='word_1_914' title='bbox 2606 5314 2884 5385; x_wconf 77' lang='lat' dir='ltr'><strong>omittunt.</strong></span> 
     </span>
    </p>
   </div>
   <div class='ocr_carea' id='block_1_120' title="bbox 2085 5382 3185 5454">
    <p class='ocr_par' dir='ltr' id='par_1_120' title="bbox 2085 5382 3185 5454">
     <span class='ocr_line' id='line_1_121' title="bbox 2085 5382 3185 5454; baseline 0.001 -17"><span class='ocrx_word' id='word_1_915' title='bbox 2085 5386 2197 5454; x_wconf 86' lang='lat'><strong>(95)</strong></span> <span class='ocrx_word' id='word_1_916' title='bbox 2251 5386 2338 5437; x_wconf 89' lang='grc' dir='ltr'>Ἑν</span> <span class='ocrx_word' id='word_1_917' title='bbox 2363 5382 2565 5437; x_wconf 65' lang='grc' dir='ltr'>ιιιιεειιι</span> <span class='ocrx_word' id='word_1_918' title='bbox 2597 5382 2754 5447; x_wconf 68' lang='grc' dir='ltr'>βυυι.</span> <span class='ocrx_word' id='word_1_919' title='bbox 2781 5395 2833 5438; x_wconf 91' lang='lat' dir='ltr'><strong>et</strong></span> <span class='ocrx_word' id='word_1_920' title='bbox 2864 5384 3098 5440; x_wconf 81' lang='lat' dir='ltr'><strong>Felclun.</strong></span> <span class='ocrx_word' id='word_1_921' title='bbox 3134 5385 3185 5438; x_wconf 78' lang='lat' dir='ltr'><strong>l.</strong></span> 
     </span>
    </p>
   </div>
   <div class='ocr_carea' id='block_1_121' title="bbox 2085 5455 3580 5529">
    <p class='ocr_par' dir='ltr' id='par_1_121' title="bbox 2085 5455 3580 5529">
     <span class='ocr_line' id='line_1_122' title="bbox 2085 5455 3580 5529; baseline 0.001 -20"><span class='ocrx_word' id='word_1_922' title='bbox 2085 5455 2194 5526; x_wconf 82' lang='lat'><strong>(96)</strong></span> <span class='ocrx_word' id='word_1_923' title='bbox 2237 5455 2328 5510; x_wconf 90' lang='lat' dir='ltr'><strong>Sic</strong></span> <span class='ocrx_word' id='word_1_924' title='bbox 2361 5456 2560 5524; x_wconf 83' lang='lat' dir='ltr'><strong>Regius</strong></span> <span class='ocrx_word' id='word_1_925' title='bbox 2589 5455 2815 5522; x_wconf 88' lang='lat' dir='ltr'><strong>primus.</strong></span> <span class='ocrx_word' id='word_1_926' title='bbox 2850 5455 3042 5510; x_wconf 71' lang='lat' dir='ltr'><strong>Cteteri</strong></span> <span class='ocrx_word' id='word_1_927' title='bbox 3068 5466 3122 5511; x_wconf 89' lang='lat' dir='ltr'><strong>et</strong></span> <span class='ocrx_word' id='word_1_928' title='bbox 3150 5456 3296 5515; x_wconf 78' lang='lat' dir='ltr'><strong>editi.</strong></span> <span class='ocrx_word' id='word_1_929' title='bbox 3331 5457 3580 5529; x_wconf 57' lang='grc' dir='ltr'>Πνεῦμα-</span> 
     </span>
    </p>
   </div>
   <div class='ocr_carea' id='block_1_122' title="bbox 2011 5543 2119 5586">
    <p class='ocr_par' dir='ltr' id='par_1_122' title="bbox 2011 5543 2119 5586">
     <span class='ocr_line' id='line_1_123' title="bbox 2011 5543 2119 5586; baseline 0 0"><span class='ocrx_word' id='word_1_930' title='bbox 2011 5543 2119 5586; x_wconf 74' lang='grc' dir='ltr'>τος.</span> 
     </span>
    </p>
   </div>
   <div class='ocr_carea' id='block_1_123' title="bbox 2075 5561 3581 5670">
    <p class='ocr_par' dir='ltr' id='par_1_123' title="bbox 2075 5561 3581 5670">
     <span class='ocr_line' id='line_1_124' title="bbox 2075 5561 3581 5670; baseline 0.003 -21"><span class='ocrx_word' id='word_1_931' title='bbox 2075 5561 2196 5664; x_wconf 59' lang='grc' dir='ltr'><strong>ἶέφῖ)</strong></span> <span class='ocrx_word' id='word_1_932' title='bbox 2239 5595 2327 5650; x_wconf 91' lang='lat' dir='ltr'><strong>Sic</strong></span> <span class='ocrx_word' id='word_1_933' title='bbox 2362 5595 2491 5666; x_wconf 82' lang='lat' dir='ltr'><strong>Reg.</strong></span> <span class='ocrx_word' id='word_1_934' title='bbox 2525 5595 2570 5662; x_wconf 76' lang='grc' dir='ltr'><strong>ι,</strong></span> <span class='ocrx_word' id='word_1_935' title='bbox 2599 5595 2722 5666; x_wconf 69' lang='lat' dir='ltr'><strong>ch.</strong></span> <span class='ocrx_word' id='word_1_936' title='bbox 2755 5595 2909 5652; x_wconf 85' lang='lat' dir='ltr'><strong>Gobl.</strong></span> <span class='ocrx_word' id='word_1_937' title='bbox 2935 5595 3034 5650; x_wconf 84' lang='lat' dir='ltr'><strong>Alii</strong></span> <span class='ocrx_word' id='word_1_938' title='bbox 3062 5606 3114 5652; x_wconf 86' lang='lat' dir='ltr'><strong>et</strong></span> <span class='ocrx_word' id='word_1_939' title='bbox 3143 5597 3289 5665; x_wconf 84' lang='lat' dir='ltr'><strong>editi,</strong></span> <span class='ocrx_word' id='word_1_940' title='bbox 3321 5599 3581 5670; x_wconf 61' lang='grc' dir='ltr'>εὐρίσκετ</span> 
     </span>
    </p>
   </div>
   <div class='ocr_carea' id='block_1_124' title="bbox 2010 5683 2116 5720">
    <p class='ocr_par' dir='ltr' id='par_1_124' title="bbox 2010 5683 2116 5720">
     <span class='ocr_line' id='line_1_125' title="bbox 2010 5683 2116 5720; baseline 0 -2"><span class='ocrx_word' id='word_1_941' title='bbox 2010 5683 2116 5720; x_wconf 82' lang='grc' dir='ltr'>ται.</span> 
     </span>
    </p>
   </div>
  </div>
