3834 6220
390 274 494 331 545
554 316 567 331 .

1017 276 1073 333 S.
1110 275 1487 333 ATHANASII
1525 275 1675 331 OPP.
1721 274 1903 332 PARS
1942 276 1980 332 l.
2021 305 2091 319 -—-
2129 273 2498 332 HISTORICA
2534 273 2622 328 ET
2662 272 3083 329 DOGMATlCA.

3555 274 3659 331 ειι

391 390 458 448 Et
481 395 641 463 paulo
665 403 789 464 post
818 411 832 447 :
870 410 895 445 ι
931 394 989 448 Si
1018 404 1200 450 autem
1229 410 1331 467 ego
1359 395 1415 451 in
1449 393 1656 468 Spiritu
1688 395 1785 451 Dei
1812 396 1964 466 ejicio

2076 412 2151 465 μα
2176 393 2273 449 τοῦ
2296 393 2511 466 Πατρδς
2533 391 2689 463 ὑμῶν
2721 391 2783 444 τὸ
2815 390 3008 444 λαλοῦν
3040 390 3100 444 ἐν
3132 390 3286 461 ὑμίν⁸
3320 409 3340 442 ι
3394 393 3494 446 καὶ
3543 397 3660 463 μετ’

391 481 686 551 daemonia,
743 485 911 557 igitur
940 488 1186 556 pervenit
1234 488 1289 542 iu
1335 503 1433 544 vos
1480 503 1706 560 regnum
1739 488 1836 543 Dei
1863 490 1907 543 ⁵.
1945 506 1966 541 ι

392 575 710 633 Universam
742 578 869 639 item
910 579 1235 651 theologiam
1264 581 1547 651 nostrique
1587 580 1970 648 initiationem,

388 672 444 725 in
487 686 595 739 qua
643 672 851 735 scilicet
899 688 1004 729 nos
1043 674 1148 729 sibi
1181 674 1285 744 ipsi
1314 684 1369 730 et
1423 691 1522 746 per
1550 676 1795 746 seipsum
1824 674 1973 730 Patri

388 760 697 829 conjunxit,
724 760 779 816 in
809 762 1001 816 eodem
1026 766 1329 835 complens,
1363 764 1650 834 discipulis
1684 765 1798 819 haec
1828 779 1973 834 prat-

388 850 658 919 cipiebat:
695 871 715 906 ι
752 852 957 915 Euntes
998 858 1188 912 docete
1217 872 1410 913 omnes
1449 866 1658 927 gentes,
1690 857 1973 929 baptizan-

389 950 469 996 tes
494 957 587 999 eos
604 944 657 998 in
678 947 897 1002 nomine
910 946 1111 1013 Patris,
1135 956 1188 1002 et
1201 946 1408 1017 Filii,et
1426 946 1661 1017 Spiritus
1689 951 1861 1005 sancti
1883 949 1922 1004 ⁸.
1945 966 1965 1002 ι

386 1030 655 1090 Praeterea
705 1053 833 1093 cum
894 1054 956 1094 se
1001 1040 1109 1095 illis
1158 1054 1287 1096 eum
1328 1041 1626 1096 missurum
1678 1039 1969 1111 promisit,

393 1142 414 1175 ι
452 1127 707 1195 praecepit
754 1129 823 1184 ab
867 1128 1226 1202 Jerosolymis
1278 1146 1348 1187 ne
1387 1131 1729 1187 discederent
1768 1131 1812 1198 ',
1850 1148 1871 1184 ι
1906 1146 1970 1187 ac

388 1217 580 1284 paucis
612 1218 805 1275 diebus
850 1221 1171 1292 interjectis,
1219 1241 1239 1275 ι
1273 1221 1413 1278 Cum
1447 1222 1810 1294 compleretur
1851 1222 1969 1279 dies

388 1305 761 1374 Pentecostes,
783 1320 941 1366 erant
962 1326 1153 1369 omnes
1182 1314 1385 1384 pariter
1415 1313 1472 1368 in
1500 1314 1691 1369 eodem
1721 1313 1843 1369 loco
1868 1332 1883 1368 ε
1913 1321 1969 1369 et

390 1397 566 1460 factus
594 1410 678 1456 est
698 1412 922 1473 repente
947 1404 1015 1460 de
1034 1406 1176 1461 coelo
1199 1420 1370 1461 sonus
1394 1414 1651 1476 tanquam
1675 1404 1968 1463 advenien-

389 1491 461 1546 tis
484 1493 706 1562 spiritus
734 1497 1072 1554 vehementis
1097 1537 1113 1563 ,
1162 1506 1218 1553 et
1264 1498 1491 1569 replevit
1523 1506 1692 1553 totam
1741 1497 1965 1553 domum

388 1584 481 1638 ubi
509 1595 665 1641 erant
683 1588 934 1645 sedentes
962 1608 976 1644 :
1020 1598 1074 1645 et
1113 1599 1489 1660 apparuerunt
1518 1590 1631 1645 illis
1663 1589 1966 1660 dispertita:

389 1672 585 1743 linguae
614 1685 873 1746 tanquam
903 1678 1063 1749 ignis.
1114 1680 1479 1750 sederuntque
1526 1694 1689 1750 supra
1720 1679 1964 1750 singulos

387 1778 579 1821 eorum
608 1785 620 1821 :
656 1777 711 1822 et
735 1748 941 1838 repleti
961 1780 1086 1825 sunt
1117 1787 1308 1827 omnes
1321 1748 1528 1842 Spiritu
1554 1748 1838 1837 sancto,et
1850 1787 1964 1827 cm-
1994 1748 2038 1804 Β

388 1865 584 1922 perunt
622 1857 771 1926 loqui
817 1861 983 1916 variis
1006 1861 1229 1931 linguis,
1260 1872 1423 1933 prout
1456 1861 1692 1934 Spiritus
1742 1873 1965 1920 sanctus

388 1947 552 2001 dabat
580 1949 762 2020 eloqui
796 1951 904 2007 illis
931 1952 973 2006 ⁸.
1013 1970 1032 2004 ι
1068 1952 1207 2008 Hinc
1240 1964 1427 2024 postea
1454 1954 1803 2024 impositione
1842 1970 1964 2010 ma-

388 2054 558 2093 nuum
604 2042 977 2110 apostolorum
1014 2044 1249 2114 Spiritus
1299 2055 1524 2103 sanctus
1552 2048 1965 2104 renascentibus

387 2128 620 2183 dabatur
652 2132 696 2185 ⁸.
722 2131 953 2198 Quidam
989 2134 1214 2204 insuper
1252 2134 1472 2205 Agabus
1512 2137 1566 2190 in
1600 2138 1793 2193 eodem
1820 2138 1965 2192 vati-

389 2222 601 2278 cinatus
626 2233 729 2291 est,
751 2226 904 2282 aiens
931 2245 945 2280 :
979 2246 999 2279 ι
1036 2226 1162 2283 Haec
1186 2228 1318 2283 dicit
1337 2228 1574 2297 Spiritus
1594 2238 1822 2285 sanctus
1850 2229 1918 2285 ιθ.
1940 2247 1961 2281 ι

389 2314 457 2367 Ει
486 2313 732 2371 Paulus:
791 2336 810 2368 ι
846 2317 903 2371 In
945 2334 1055 2384 quo
1099 2335 1200 2375 vos
1232 2319 1470 2390 Spiritus
1522 2329 1746 2377 sanctus
1784 2321 1969 2391 posuit

385 2405 691 2475 episcopos,
722 2423 911 2479 regere
940 2409 1239 2467 Ecclesiam
1276 2411 1409 2475 Dei,
1462 2427 1626 2482 quam
1675 2411 1968 2480 acquisivit

292 2550 297 2557 .
386 2499 609 2565 proprio
658 2500 922 2569 sanguine
974 2502 1038 2554 “.
1103 2520 1122 2553 ι
1193 2500 1261 2556 Et
1328 2503 1583 2558 eunucho
1644 2502 1964 2573 baptizato:

396 2603 415 2636 ι
455 2584 689 2655 Spiritus
722 2588 936 2644 Domini
992 2591 1175 2661 rapuit
1204 2590 1512 2661 Philippum
1556 2593 1623 2644 ".
1665 2609 1686 2643 ›
1739 2590 1969 2662 Scripsit

384 2693 603 2748 quoque
634 2678 829 2737 Petrus
862 2699 876 2735 :
918 2701 939 2733 ι
985 2681 1346 2752 Reportantes
1380 2682 1541 2738 ﬁnem
1568 2682 1691 2738 ﬁdei
1737 2685 1967 2739 salutem

387 2769 717 2826 animarum.
748 2772 825 2827 De
847 2789 956 2843 qua
1010 2775 1187 2829 salute
1214 2775 1595 2845 exquisierunt
1617 2784 1779 2845 atque
1812 2790 1970 2830 scru-

387 2862 483 2915 tati
513 2871 641 2917 sunt
666 2865 975 2933 prophetae,
1020 2866 1116 2935 qui
1161 2866 1230 2920 de
1280 2865 1465 2920 futura
1501 2866 1556 2920 in
1589 2866 1748 2921 vobis
1792 2865 1965 2936 gratia

386 2949 869 3015 prophetavcrunt,
895 2958 1202 3006 scrutantes
1227 2952 1280 3005 in
1299 2952 1444 3021 quod
1472 2957 1555 3005 vel
1575 2953 1735 3020 quale
1754 2962 1968 3020 tempus

2071 488 2257 557 ὀλίγα·
2283 506 2304 539 ι
2331 487 2395 540 Ei
2420 487 2477 541 δὲ
2497 487 2558 541 ἐν
2590 483 2866 554 Πνεῦματι
2885 481 3020 536 Θεοῦ
3048 480 3159 551 ἐγὼ
3181 481 3430 536 ἐκϐάλλω
3450 485 3524 538 τὰ
3549 484 3664 538 δαι-

2075 582 2268 652 μόνια,
2317 580 2426 652 ἄρα
2472 579 2705 648 ἔφθασεν
2738 577 2823 646 ἐφ’
2872 576 3017 647 ὑμᾶς
3048 575 3161 646 (27)
3196 577 3230 646 ἡ
3264 575 3518 648 βασιλεία
3567 576 3661 632 τοῦ

2069 672 2227 727 Θεοῦ.
2261 692 2281 725 ›
2313 672 2423 725 Kal
2454 670 2553 743 τὴν
2586 670 2686 742 μὲν
2717 671 2898 724 πᾶσαν
2915 666 3206 738 ,θεολογίαν
3234 668 3329 721 καὶ
3362 670 3467 739 τὴν
3495 668 3662 741 ήμῶν

2067 764 2368 827 τελείωσιν,
2399 764 2456 815 ἐν
2555 761 2827 832 συνῆπτεν
2852 761 3005 831 ἡμᾶς
3032 758 3210 829 ἐαυτῷ
3239 759 3335 813 καὶ
3359 760 3429 814 δι’
3459 760 3663 816 ἑαυτοῦ

2069 856 2147 929 τῷ
2177 856 2353 929 Πατρ).
2376 896 2392 920 ,
2426 857 2484 909 ἐν
2520 854 2695 924 τούτῳ
2728 851 3103 925 συμπληρῶν,
3156 852 3497 924 παρήγγειλε
3548 857 3664 918 τοῖς

2074 946 2373 1019 μαθηταῖς⁸
2413 963 2432 996 ι
2460 943 2825 1016 Πορευθέντες
2862 942 2975 1014 (28)
2995 983 3010 1007 ,
3052 940 3431 1014 μαθητεύσατε
3472 942 3665 998 πάντα

2068 1038 2138 1093 τὰ
2161 1037 2309 1107 ἐθνη.
2339 1034 2689 1107 βαπτίζοντες
2708 1034 2904 1098 αὐτοὺς
2929 1036 3008 1097 είς
3028 1033 3090 1087 τὸ
3111 1033 3283 1104 ὄνομα
3302 1032 3398 1087 τοῦ
3417 1034 3659 1107 Πατρδς,

2070 1130 2279 1185 καὶτοῦ
2310 1128 2463 1193 Υίοῦ,
2487 1129 2581 1183 καὶ
2614 1126 2711 1182 τοῦ
2760 1127 2916 1195 ἁγίου
2946 1125 3297 1197 Πνεύματος·
3329 1145 3351 1179 ι
3395 1128 3664 1195 ἐπαγγει-

2067 1221 2300 1293 λάμενος
2322 1219 2381 1275 δέ
2412 1221 2596 1283 αὐτοῖς
2626 1218 2757 1273 αὐτὸ
2787 1217 3027 1290 πέμψειν
3052 1216 3189 1288 (29),
3224 1236 3245 1268 ι
3278 1218 3659 1289 παρήγγειλεν

2066 1314 2177 1368 ἀπὺ
2218 1312 2605 1385 Ἰεροσολύμων
2651 1310 2726 1382 μὴ
2766 1309 3121 1382 χωρίζεσθαι·
3155 1327 3175 1362 ι
3228 1310 3325 1364 καὶ
3368 1310 3491 1383 μεθ’
3521 1311 3661 1384 ἡμέτ

2070 1419 2171 1474 ρας
2194 1402 2405 1471 ὀλίγας,
2441 1420 2460 1454 ι
2483 1402 2574 1454 Ἐν
2605 1400 2685 1471 τῷ
2718 1397 3170 1470 συμπληροῦσθαι
3202 1399 3300 1471 τὴν
3319 1400 3539 1472 ἡμέραν
3557 1402 3661 1474 τῆς

2067 1493 2442 1565 Πεντηκοστῆς
2461 1532 2477 1557 ,
2521 1487 2660 1564 ἦσαν
2711 1490 2912 1554 πάντες
2930 1490 3077 1562 ’ὁμοῦ
3110 1491 3206 1544 ἐπὶ
3232 1492 3295 1544 τὸ
3337 1492 3472 1547 αὐτό
3501 1490 3654 1565 (50)τ

2066 1584 2159 1638 καὶ
2184 1584 2399 1654 ἐγένετο
2425 1584 2577 1653 ἄφνω
2602 1587 2666 1639 ἐκ
2688 1582 2782 1638 τοῦ
2812 1582 3042 1657 οὐρανοῦ
3073 1578 3239 1654 ἦχος,
3269 1582 3459 1656 ὥσπερ
3488 1601 3658 1656 φεροτ

2070 1677 2239 1748 μένης
2262 1677 2429 1749 πνοῆς
2459 1675 2640 1748 βιαίας
2661 1716 2677 1741 ,
2723 1676 2820 1730 καὶ
2848 1676 3167 1748 ἐπλήρωσεν
3196 1676 3317 1730 ὅλον
3348 1676 3440 1730 τὸν
3475 1672 3654 1741 οἷκον,

2064 1764 2124 1824 οὗ
2149 1765 2290 1840 ἦσαν
2317 1769 2617 1842 καθήμενοι
2639 1784 2655 1799 ·
2702 1768 2799 1826 καὶ
2835 1766 3098 1840 ὤφθησαν
3128 1768 3310 1834 αὐτοῖς
3338 1769 3658 1843 διαμεριζὸτ

2068 1880 2228 1934 μεναι
2254 1861 2493 1930 γλῶσσαι
2519 1860 2651 1913 ὡσεὶ
2672 1860 2862 1931 πυρὸς,
2889 1860 2985 1914 καὶ
3012 1858 3273 1914 ἐκάθισαν
3302 1860 3412 1932 (51)
3440 1861 3532 1931 ἐφ’
3554 1860 3657 1916 ἕνα

2064 1955 2293 2009 ἕκαστον
2321 1953 2497 2006 αὐτῶν
2516 1970 2531 1983 ’
2565 1953 2657 2006 καὶ
2680 1951 3030 2023 ἐπλήσθησαν
3061 1951 3300 2016 ἅπαντες
3327 1952 3653 2023 Πνεὺματος

2065 2048 2244 2119 ἁγίου,
2279 2046 2373 2101 καὶ
2401 2044 2636 2118 ήρξαντο
2661 2044 2842 2098 λαλεῖν
2876 2043 3092 2115 ἑτέραις
3123 2042 3431 2112 γλώσσαις,
3463 2043 3655 2108 καθὼς

2064 2141 2126 2194 τὸ
2152 2138 2378 2211 Πνεῦμα
2421 2136 2593 2190 ἐδίδου
2641 2133 3085 2204 ἀποφθέγγεσθαι
3134 2133 3336 2199 αὐτοῖς.
3367 2153 3388 2186 ι
3454 2133 3654 2189 Ἔνθεν

2065 2226 2159 2284 οὖν
2197 2229 2292 2284 καὶ
2322 2227 2411 2282 διὰ
2442 2227 2539 2298 μὲν
2572 2226 2673 2296 τῆς
2703 2224 2815 2298 (52)
2842 2225 3140 2289 ἐπιθέσεως
3169 2224 3279 2278 τῶν
3307 2225 3511 2298 χειρῶν
3539 2226 3653 2279 τῶν

2066 2318 2378 2374 ἀποστόλων
2400 2317 2597 2371 ἐδίδοτο
2622 2317 2736 2379 τοῖς
2758 2315 3228 2386 ἀναγεννωμένοις
3248 2314 3308 2368 τὸ
3334 2313 3567 2386 Πνεῦμα
3586 2315 3650 2369 τὸ

2068 2413 2224 2481 ἅγιον
2239 2427 2253 2440 ·
2288 2409 2528 2479 ’Ἄγαϐος
2547 2406 2605 2461 δέ
2628 2423 2713 2471 τις
2735 2407 3141 2478 προεφήτευσεν
3161 2408 3220 2460 ἐν
3244 2406 3415 2477 τούτῳ
3432 2405 3617 2474 λέγων
3634 2422 3651 2439 ·

2073 2522 2092 2555 ι
2128 2502 2267 2556 Τάδε
2299 2500 2447 2569 λέγει
2499 2499 2561 2553 τὸ
2615 2496 2841 2569 Πνεῦμα
2874 2497 2935 2550 τὸ
2966 2497 3123 2565 ἅγιον
3144 2515 3159 2529 ·
3194 2516 3213 2549 ι
3255 2499 3283 2552 ὁ
3312 2497 3369 2550 δὲ
3402 2496 3649 2562 Παῦλος·

2074 2612 2093 2646 ι
2127 2593 2216 2646 Ἐν
2246 2585 2291 2660 ᾧ
2317 2592 2462 2663 ὑμᾶς
2486 2589 2600 2663 (5'5)
2630 2588 2692 2642 τὸ
2719 2586 2945 2659 Πνεῦμα
2975 2587 3037 2641 τὸ
3070 2587 3223 2655 ᾶγιον
3250 2587 3403 2641 ἔθετο
3428 2588 3655 2643 ἐπισκό-

2068 2703 2224 2751 πους,
2258 2682 2564 2755 ποιμαίνειν
2604 2680 2706 2752 τὴν
2739 2680 3071 2751 Ἐκκλησίαν
3113 2679 3207 2734 τοῦ
3238 2677 3373 2734 Θεοῦ
3402 2679 3515 2751 (⁸54)
3538 2721 3554 2744 ,
3585 2680 3652 2749 ἣν

2068 2774 2490 2847 περιεποιήσατο
2510 2771 2596 2825 διὰ
2616 2768 2708 2823 τοῦ
2736 2770 2867 2823 ἰδίου
2898 2771 3160 2841 αἵματος*
3194 2790 3213 2825 ι
3240 2769 3333 2823 τοῦ
3370 2786 3431 2823 τε
3464 2769 3654 2824 εὐνού-

2067 2884 2164 2937 χου
2201 2864 2620 2937 βαπτισθέντος,
2691 2881 2711 2914 ι
2747 2864 3003 2935 Ἥρπασε
3034 2861 3259 2932 Πνεῦμα
3289 2862 3500 2934 Κυρίου
3536 2862 3650 2933 (35)

2066 2958 2165 3012 τὸν
2184 2956 2467 3010 Φίλιππον.
2504 2973 2522 3007 ι
2550 2954 2659 3007 Kal
2677 2954 2881 3026 Πέτρος
2896 2952 3100 3025 ἔγραψε
3121 2970 3136 2984 ο
3163 2971 3183 3005 ι
3200 2951 3567 3023 Κομιζόμενοι
3591 2954 3663 3031 to

388 3036 791 3107 signiﬁcaretur
818 3041 873 3094 in
922 3040 1003 3095 eis
1037 3039 1272 3111 Spiritus
1311 3042 1550 3105 Christi,
1596 3044 1964 3111 praenuntians

2073 3050 2219 3113 τέλος
2246 3048 2344 3119 τῆς
2376 3046 2632 3115 πίστεως,
2664 3045 2940 3116 σωτηρίαν
2969 3043 3156 3116 ψυχῶν
3175 3062 3189 3076 ο
3219 3044 3349 3115 περὶ
3373 3041 3443 3118 ἧς
3468 3061 3650 3116 σωτη-

1992 3095 2039 3156 C

383 3141 480 3180 eas
502 3142 623 3202 qua;
666 3129 720 3182 in
750 3128 971 3184 Christo
1030 3138 1159 3185 sunt
1212 3132 1497 3201 passiones
1541 3141 1595 3185 et
1636 3133 1964 3202 posteriores

2073 3142 2189 3215 ρίας
2220 3139 2552 3211 ἐξεζήτησαν
2574 3137 2670 3191 καὶ
2703 3136 3075 3209 ἐξηρεύνησαν
3101 3137 3375 3209 προφῆται
3393 3134 3418 3202 ,”
3436 3137 3497 3191 οἱ.
3523 3137 3658 3207 περὶ

384 3220 583 3283 g'orias
601 3221 664 3272 ¹³.
693 3241 711 3274 ι
730 3220 967 3279 Joannes
987 3224 1113 3279 item
1139 3225 1331 3280 scribit
1367 3244 1380 3280 :
1406 3243 1425 3276 ι
1451 3224 1507 3279 In
1545 3227 1651 3281 hoc
1676 3225 1961 3296 cognosci-

382 3325 508 3365 mus
523 3313 777 3381 quoniam
811 3314 864 3366 in
888 3328 953 3369 eo
978 3330 1284 3378 manemus,
1312 3317 1567 3385 etipse‘in
1596 3317 1753 3373 nobis
1780 3335 1795 3373 ι
1822 3332 1962 3386 quo,

385 3402 531 3455 niam
557 3403 624 3457 de
654 3402 859 3474 Spiritu
890 3422 992 3461 suo
1008 3407 1157 3462 dedit
1179 3409 1337 3462 nobis
1365 3406 1463 3462 ιδ.»
1491 3407 1690 3463 Paulus
1712 3407 1962 3462 similiter

384 3495 500 3549 haec
526 3496 591 3550 ad
618 3495 894 3553 Romanos
917 3499 1109 3554 scribit
1140 3518 1154 3554 :
1190 3518 1208 3550 ι
1244 3498 1352 3554 Vos
1377 3509 1557 3555 autem
1589 3500 1642 3554 in
1664 3515 1829 3554 carne
1847 3514 1957 3553 non

390 3588 544 3652 estis,
574 3588 666 3643 sed
703 3588 757 3641 in
788 3590 1006 3659 spiritu,
1047 3591 1093 3646 si
1130 3599 1309 3646 tamen
1342 3590 1579 3662 Spiritus
1617 3590 1711 3646 Dei
1757 3590 1965 3653 habitat

387 3679 441 3731 in
466 3679 640 3734 vobis.
667 3679 723 3734 Si
756 3682 881 3750 quis
903 3694 1082 3737 autem
1113 3682 1376 3752 Spiritum
1407 3683 1609 3738 Christi
1632 3697 1740 3736 non
1776 3681 1960 3746 habet,

387 3770 477 3826 hic
509 3782 722 3827 nonest
747 3773 884 3842 ejus.
938 3772 996 3827 Si
1034 3785 1215 3829 autem
1259 3773 1513 3829 Christus
1538 3774 1590 3827 in
1641 3772 1797 3829 vobis
1844 3780 1960 3837 est,

385 3877 586 3932 corpus
623 3862 840 3934 quidem
866 3874 1138 3920 mortuum
1164 3874 1250 3921 est
1275 3878 1495 3935 propter
1528 3875 1833 3935 peccatum,
1859 3864 1967 3934 spi-

383 3954 525 4008 ritus
551 3971 677 4010 vero
696 3956 805 4010 vita
822 3964 907 4011 est
922 3970 1143 4026 propter
1160 3956 1451 4026 justitiam.
1478 3957 1632 4022 Quod
1657 3957 1702 4012 si
1726 3955 1961 4026 Spiritus

385 4047 506 4115 ejus
528 4047 621 4115 qui
643 4048 871 4103 suscitat
894 4047 1173 4103 Christum
1197 4047 1386 4104 Jesum
1422 4065 1451 4103 a
1478 4049 1730 4113 mortuis,
1756 4048 1963 4103 habitat

384 4137 440 4192 in
464 4138 616 4193 vobis
643 4156 658 4195 :
689 4139 781 4209 qui
814 4141 1099 4195 suscitavit
1121 4137 1309 4194 Jesum
1334 4139 1615 4195 Christum
1642 4155 1672 4194 a
1705 4138 1960 4207 mortuis,

455 4301 476 4331 '
502 4298 636 4353 an.
664 4313 742 4362 ιι,
775 4298 867 4353 20.
960 4299 982 4330 ⁸
1009 4296 1200 4354 Matth.
1259 4311 1454 4363 xxvm,
1510 4295 1597 4350 19.
1675 4298 1696 4328 ⁷
1724 4297 1843 4351 Act.
1875 4312 1914 4358 ι.
1947 4296 1964 4350 4

2095 4295 2118 4326 ⁸
2148 4294 2267 4350 Act.
2309 4311 2371 4361 ιι,
2407 4297 2528 4353 1-5.

2064 3232 2166 3303 τῆς
2202 3233 2281 3294 εἰς
2304 3231 2449 3301 ὑμᾶς
2476 3226 2587 3300 (56)
2609 3227 2830 3299 χάριτος
2860 3225 3355 3296 προφητεύσαντες,
3391 3225 3666 3297 ἐρευνῶν-ι

2062 3339 2155 3386 τες
2179 3323 2258 3384 είς
2283 3320 2405 3372 τίνα
2442 3318 2476 3389 ἢ
2504 3319 2657 3370 ποῖον
2678 3316 2866 3388 καιρὸν
2892 3314 3145 3387 ἐδηλοῦτο
3172 3317 3230 3369 ἐν
3261 3315 3446 3378 αὐτοῖς
3479 3314 3654 3381 Πνεῦτ

2068 3429 2145 3483 μα
2173 3410 2413 3483 Χριστοῦ
2450 3409 2564 3481 (57)
2585 3451 2600 3474 ,
2652 3407 3177 3482 προμαρτυρόμενον
3204 3405 3273 3459 τὰ
3305 3407 3387 3469 είς
3414 3406 3653 3477 Χριστὸν

2066 3505 2365 3576 παθήματα
2386 3543 2400 3569 ,
2435 3503 2527 3557 καὶ
2553 3503 2652 3567 τὰς
2683 3501 2821 3574 μετὰ
2847 3500 3019 3554 ταῦτα
3049 3498 3227 3565 δόξας.
3262 3518 3280 3550 ι
3341 3498 3455 3552 Kal
3483 3497 3514 3549 ὁ
3551 3499 3653 3570 μὲν

2073 3595 2325 3663 Ἰωάννης
2355 3590 2687 3646 ἐπέστειλενο
2755 3609 2774 3641 ι
2819 3591 2908 3643 Ἐν
2940 3588 3114 3660 τούτῳ
3149 3587 3493 3658 γινώσκομεν
3515 3629 3531 3653 ,
3566 3589 3659 3653 ὅτι,

2060 3687 2118 3739 ἐν
2142 3682 2290 3755 αὐτῷ
2315 3684 2568 3754 μένομεν,
2592 3682 2686 3735 καὶ
2707 3671 2865 3745 αὐτὸς
2895 3683 2954 3734 ἐν
2978 3683 3131 3752 ἡμῖν,
3162 3680 3243 3734 ὅτι
3268 3681 3334 3733 ἐκ
3356 3679 3451 3733 τοῦ
3476 3679 3660 3749 Πνεὺο⁴

2064 3791 2232 3846 ματος
2260 3771 2424 3826 αὑτοῦ
2475 3771 2677 3825 ἔδωκεν
2724 3772 2888 3843 ἡμῖν·
2933 3790 2952 3822 ι
3014 3773 3043 3824 ὁ
3084 3769 3141 3823 δὲ
3190 3768 3403 3832 Παῦλος
3442 3769 3652 3841 γράφει

2070 3865 2365 3936 Ῥωμαίοις
2401 3863 2498 3935 μέν
2517 3880 2533 3895 ⁸
2584 3880 2604 3915 ι
2626 3862 2821 3934 Ὑμεῖς
2847 3863 2905 3917 δέ
2931 3862 3033 3916 οῦκ
3062 3864 3186 3915 ἐστε
3220 3863 3279 3915 ἐν
3309 3861 3496 3934 σαρκὶ,
3532 3860 3662 3916 ἀλλ’·

2066 3958 2124 4010 ἐν
2157 3955 2427 4027 πνεύματι
2446 3995 2461 4019 ,
2495 3953 2653 4025 είπερ
2678 3954 2904 4025 Πνεῦμα
2935 3953 3070 4008 Θεοῦ
3094 3954 3234 4007 οἰκεῖ
3258 3955 3317 4007 ἐν
3348 3953 3481 4024 ὑμῖν
3511 3953 3652 4024 (58).

2068 4048 2130 4100 El
2157 4046 2215 4099 δέ
2247 4063 2330 4109 τις
2354 4044 2581 4115 Πνεῦμα
2610 4045 2847 4116 Χριστοῦ
2879 4045 2981 4099 οὐκ
3001 4045 3146 4116 ἔχει,
3177 4037 3332 4108 οὗτος
3361 4045 3462 4097 οὐκ
3502 4026 3659 4111 ἔστιῆ

2068 4139 2257 4195 αὑτοῦ.
2318 4139 2383 4193 Εἰ
2412 4138 2471 4190 δέ
2499 4137 2732 4207 Χριστὸς
2764 4141 2823 4194 ἐν
2851 4141 3009 4211 ὑμῖν,
3038 4138 3100 4191 τὸ
3135 4137 3234 4208 μὲν
3264 4138 3426 4209 σῶμα
3455 4138 3655 4207 νεκρὸν

2637 4298 2659 4330 ⁸
2683 4298 2803 4353 Act.
2848 4311 2966 4364 vni,
2996 4297 3084 4353 17.
3181 4299 3224 4331 ¹⁰
3248 4296 3370 4352 Act.
3407 4312 3525 4366 ut,
3558 4299 3649 4356 11.

422 4371 461 4401 ¹¹
504 4372 622 4423 Act.
650 4384 742 4435 xx,
772 4368 862 4423 28.
943 4370 987 4401 "
1010 4376 1130 4424 Act.
1156 4383 1277 4432 vnt,
1303 4367 1390 4423 '59.
1472 4366 1559 4420 ³³1
1590 4367 1735 4423 Petr.
1766 4384 1805 4436 t,
1829 4366 1964 4421 9-ll

2073 4364 2151 4418 »ιι
2184 4364 2343 4423 Joau.
2378 4383 2455 4436 iv,
2484 4369 2573 4423 15.

459 4534 571 4617 (ξῖ)
600 4535 691 4593 Sic
713 4534 887 4607 Regii,
921 4534 1145 4608 chuer.
1181 4534 1363 4592 Ottob.
1384 4536 1523 4592 Editi
1556 4545 1737 4592 autem
1764 4545 1819 4591 et
1841 4536 1955 4603 alii,

2073 4612 2107 4617 μ
2139 4536 2250 4607 (51)
2270 4535 2414 4617 ~Reg.
2448 4536 2500 4602 1,
2527 4536 2751 4608 Κυρίου.
2771 4536 2840 4590 At
2863 4532 3087 4606 Seguer.
3120 4530 3277 4587 Gobl.
3307 4541 3362 4588 et
3395 4530 3550 4589 Felc.
3584 4533 3638 4605 1,

387 4609 551 4666 ἡμᾶς.
1113 4638 1121 4651 ε

408 4625 564 4747 ἶῆἓῗί)
602 4676 755 4748 Regii
789 4685 844 4730 et
877 4638 1221 4748 Seguerian.,
1255 4677 1525 4751 μαθηταῖς
1547 4676 1634 4731 τόν
1662 4676 1963 4748 Πορευθέν-

382 4763 493 4809 τες,
526 4757 632 4801 etc.

453 4816 563 4888 (29)
593 4816 727 4885 Reg.
770 4817 830 4888 1⁷.
878 4816 1106 4885 Seguer.
1133 4819 1248 4880 τοῖς
1293 4817 1580 4888 μαθηταῖς.
1619 4815 1746 4871 Haec
1778 4826 1959 4888 autem

379 4887 551 4959 verba
573 4887 1041 4959 ἐπαγγειλάμενος
1074 4902 1248 4959 usque
1284 4887 1351 4959 ad
1383 4888 1502 4958 μεθ’
1536 4887 1747 4959 ἡμέρας
1774 4887 1963 4959 ὀλίγας

380 4958 639 5021 omittunt
665 4956 893 5012 Gobler.‘
918 4967 973 5012 et
1000 4956 1239 5012 Felckm.
1276 4957 1330 5016 1.
1370 4956 1603 5026 quorum
1633 4956 1753 5011 loco
1789 4958 1960 5012 solam

381 5027 574 5099 paftic.
606 5028 700 5082 καί
748 5028 851 5083 hoc
897 5027 1059 5083 modo
1110 5028 1311 5082 habent
1343 5045 1357 5081 :
1388 5028 1482 5081 καὶ
1505 5028 1564 5079 ἐν
1591 5026 1669 5097 τῷ
1702 5027 1954 5099 συμπλη-

382 5096 625 5167 ροῦσθαι.
648 5109 748 5152 etc.

454 5166 562 5240 (ὅθ)
597 5167 729 5240 Reg.
766 5167 818 5234 1,
858 5167 1085 5239 Seguer.
1122 5165 1341 5223 Gobler.
1374 5175 1429 5222 et
1462 5166 1612 5222 Felc.
1660 5166 1722 5232 1,
1756 5165 1956 5238 ὁμοθυ-

2062 4612 2484 4750 Χᾌσέἰῖξυρίου
2513 4676 2667 4731 abest
2689 4691 2718 4730 a
2744 4672 2878 4746 Reg.
2904 4672 2960 4728 2.
2995 4670 3121 4727 Mox
3153 4670 3296 4726 idem
3327 4679 3383 4725 et
3414 4669 3553 4743 Reg.
3596 4674 3649 4739 1,

2060 4747 2188 4817 .Setz.
2201 4791 2215 4814 ,
2230 4747 2475 4818 ἔγραφε.

2136 4813 2248 4887 (56)
2280 4813 2433 4887 Regii
2463 4825 2517 4870 et
2542 4813 2792 4884 Seguer.,
2823 4814 2992 4884 ἡμᾶς.

2136 4879 2249 4960 (57)
2287 4879 2389 4942 Sic
2416 4879 2791 4960 omnes'niss.
2829 4879 3020 4953 praeter
3048 4879 3272 4960 Pelei}
3309 4879 3552 4960 et‘ch.
3588 4880 3642 4960 ξ,

2063 4948 2181 5032 qui,
2210 4948 2279 5032 ut
2302 4948 3080 5032 brgc11s_Sc_t-iptum§'tcajns,
3120 4948 3521 5032 ἐδήλου-τὸέν
3545 4952 3643 5003 αὐ-

2059 5019 2192 5095 τοῖς’.
2231 5028 2353 5082 Mox
2389 5026 2571 5095 Regii,
2602 5019 2825 5095 Seguer.
2850 5021 3090 5095 iGobler;
3109 5031 3164 5095 et
3197 5019 3377 5095 Fulck.
3402 5021 3481 5095 1,
3510 5036 3645 5091 προ-

2108 5089 2700 5172 αρτυροῦμενον.]ι›ἰόῖ
2726 5093 2944 5172 βοὺιιξι.
2972 5089 3301 5172 οι.1ῖ“θιο.“1.,.
3314 5089 3638 5172 παθήματα.

2108 5120 2141 5155 α
2179 5120 2527 5170 τυρουμενον.
2557 5120 2690 5148 ultu.
2728 5120 2944 5148 uuunu.
2972 5120 3026 5144 ει
3051 5120 3193 5146 rem.
3230 5120 3281 5154 ι,
3314 5120 3638 5170 suasorias-na.

2061 5120 2176 5225 Ῐξαῗ
2209 5168 2479 5238 Ἰωάννης·
2520 5166 2608 5218 Ἐν
2648 5162 2856 5234 τούτῳ,
2886 5173 2989 5216 etc.
3031 5160 3163 5217 Item
3195 5160 3393 5214 ibidem
3427 5136 3638 5229 Samia,

606 5306 738 5379 Reg.
784 5307 838 5374 1,
887 5305 1111 5379 Segucr.
1154 5306 1445 5375 ἐκάθισεν,
1477 5305 1571 5376 qui
1610 5304 1773 5361 iidem
1803 5322 1952 5374 mox,

2059 5238 2399 5296 ἐπέστελλεν.

2132 5311 2242 5382 (38)
2272 5305 2614 5382 Basiliensis,
2647 5304 2877 5382 A_nglic..
2911 5297 3514 5382 suntxsi._Qn_m_ibide'm
3548 5314 3638 5381 se-

380 5367 628 5452 πάὶτέςμ
689 5367 719 5379 “
823 5367 891 5452 ⁷-
960 5367 990 5379 ”
1067 5368 1105 5452 ,γ
1643 5445 1655 5452 ,
1772 5445 1783 5452 ,

2073 5367 2303 5452 quatitur
2330 5391 2506 5452 usque
2552 5376 2634 5452 ad.
2668 5367 2903 5452 Χριστὸς
2948 5372 3180 5452 ἐνὺμζν
3227 5367 3634 5452 habenthRSgii,

452 5435 575 5515 (52)
590 5444 724 5519 Reg.
757 5448 811 5513 1,
858 5445 1249 5519 Seguerianus,‘
1287 5448 1480 5501 Ἔνθεν
1512 5445 1700 5503 λοιπὸν
1729 5445 1828 5518 μὲν
1866 5446 1954 5501 διὰ

2073 5435 2289 5518 ἓὲιξυθιέ.
2339 5435 2549 5520 Αηξςιίρ.
2596 5435 2831 5520 G_o_blcr._
2860 5435 2916 5497 et
2948 5435 3152 5520 Fel-cl}
3176 5479 3192 5505 ,
3221 5450 3275 5495 et
3297 5440 3461 5520 vertit
3489 5435 3635 5520 itan:

380 5507 501 5585 τῆξν
531 5507 637 5585 έίθ·
672 5507 748 5585 νμ
795 5507 824 5552 ⁷·
931 5507 961 5519 ν
1233 5507 1245 5515 ’
1622 5570 1629 5576 .
1729 5507 1743 5518 ’
2059 5507 2226 5585 nius:
2260 5507 2454 5573 αξιοι-ἴ
2482 5524 2535 5569 et
2563 5515 2693 5570 editi
2723 5514 3001 5585 omittunt.
3039 5510 3177 5565 Ibid.
3223 5507 3550 5585 mox_l_le_gii
3582 5514 3634 5570 et

453 5583 564 5661 (g5)
600 5585 689 5661 Ἑν
712 5578 757 5656 ᾧ
782 5587 926 5659 ὑμᾶς
951 5588 1210 5644 omittunt
1237 5587 1369 5661 Reg.
1402 5588 1455 5658 1,
1481 5587 1706 5661 Segner.
1732 5587 1948 5645 Goliler.

2073 5582 2291 5661 Seguer.
2306 5603 2417 5661 inec
2438 5600 2544 5661 non
2565 5586 2799 5661 ίῖιῖιιςῑιιε⁵
2818 5583 3114 5661 Scriptores
3135 5588 3334 5643 textus,
3361 5577 3428 5633 δι’
3454 5579 3631 5650 ἁμαρ·

380 5651 740 5712 εῐῖοιο.1.’
822 5651 917 5659 ’ί
1320 5651 1347 5661 “
1442 5651 1451 5658 ’
1554 5651 1583 5661 ⁷

2073 5651 2198 5725 ιίῶ).
2234 5659 2339 5717 Alii
2372 5666 2424 5714 et
2451 5656 2601 5720 editi,
2631 5654 2717 5708 διὰ
2751 5654 2848 5723 τὴν
2872 5651 3166 5724 ἁμαρτίαν.
