3834 6220
159 281 270 340 5&9

1293 283 1632 341 EPISTULA
1671 285 1691 339 l
1729 286 1819 340 AD
1869 284 2324 342 SERAPlONEM.

3327 279 3434 336 530

155 393 452 467 ἀνθρώπου
474 395 523 449 εί
548 394 623 468 μὴ
636 395 696 450 τδ
716 395 941 468 Πνεῦμα
960 398 1052 452 τοῦ
1074 397 1362 470 ἀνθρώπου
1382 401 1443 453 τὸ
1459 403 1516 454 ἐν
1536 403 1703 474 αὐτῷ.
1720 424 1727 454 ι

1852 423 1871 456 ι
1908 402 2079 458 Nemo
2113 404 2215 458 scit
2240 416 2362 472 qua:
2402 409 2530 455 sunt
2561 399 2824 462 hominis,
2857 397 2962 452 nisi
2991 396 3218 464 spiritus
3251 395 3429 448 homi-

169 487 265 541 Ἕν
294 488 356 541 δὲ
374 489 442 558 τῇ
493 488 632 558 πρὸς
659 487 1070 552 Θεσσαλονικεῖς
1096 489 1353 559 ἐπιστολῇ
1382 492 1748 563 ἐπευχόμενος

157 579 336 648 λέγει’
377 597 396 630 ι
439 579 763 650 Ὀλόκληρον
802 579 958 649 ὑμῶν
989 579 1048 632 τὺ
1073 579 1299 651 Πνεῦμα
1322 621 1336 644 ,
1366 583 1460 634 καὶ
1505 584 1538 654 ἡ
1578 582 1743 655 ψυχὴ,

159 672 255 724 καὶ
279 671 344 724 τὸ
375 669 534 740 σῶμα
572 670 876 739 ἀμέμπτως
905 670 964 722 ὲν
997 673 1062 741 τῇ
1093 671 1368 742 ’παρουσία⁵
1411 672 1505 726 τοῦ
1540 674 1744 744 Κυρίου

158 761 318 834 ἡμῶν
340 760 452 832 (55)
489 760 662 831 Ἰησοῦ
687 759 924 832 Χριστοῦ
948 760 1234 832 τηρηθείη.
1261 781 1279 812 ι
1311 763 1542 831 Λέγεται
1569 762 1625 814 δὲ
1651 763 1745 816 καὶ

155 853 376 923 ἀνέμων
401 851 688 922 mappam
734 851 908 916 οὕτως
939 853 995 904 ὲν
1031 852 1130 922 μὲν
1167 855 1234 923 τῇ
1268 853 1508 920 γενέσει·
1578 872 1595 905 ς
1634 854 1745 908 Καὶ

155 946 440 1015 ἐπήγαγεν
473 946 502 997 6
532 943 664 1007 Θεὸς
697 941 916 1014 πνεῦμα
960 945 1054 997 ἐπὶ
1083 942 1180 1013 τὴν
1213 944 1316 1013 γῆν
1336 983 1351 1008 ,
1380 945 1475 997 καὶ
1505 945 1742 998 ἐκόπασε

151 1037 214 1089 τὸ
240 1035 418 1106 ὕδωρ
448 1054 467 1086 ι
496 1034 590 1087 ἐπὶ
625 1034 682 1087 δὲ
721 1033 817 1086 τοῦ
867 1035 1021 1087 Ἰωνᾶ
1040 1050 1053 1063 ⁸
1091 1053 1108 1086 ι
1133 1035 1242 1087 Καὶ
1271 1034 1474 1106 Κύριος
1493 1037 1746 1108 ἐξήγειρε,

155 1126 376 1197 πνεῦμα
398 1127 491 1179 ἐπὶ
515 1127 613 1198 τὴν
640 1126 935 1192 θάλασσαν,
969 1126 1062 1180 καὶ
1090 1127 1305 1196 ἐγένετο
1334 1128 1540 1182 κλύδων
1570 1130 1742 1200 μέγας

153 1220 212 1272 ὲν
236 1222 304 1290 τῇ
341 1218 615 1290 θαλάσσῃ-
647 1219 741 1271 καὶ
768 1218 829 1271 τὸ
857 1218 1041 1272 πλοῖον
1065 1219 1368 1274 ἐκινδύνευε
1400 1221 1494 1274 τοῦ
1527 1239 1742 1293 συντρι-

154 1311 318 1380 ϐῆναι
347 1310 482 1382 (56).
519 1330 538 1362 ι
596 1312 707 1364 Καὶ
734 1314 792 1364 ὲν
819 1311 919 1382 μὲν
947 1311 1026 1383 τῷ
1068 1312 1346 1384 ἑκατοστῷ
1373 1313 1516 1384 ἕκτῳ
1539 1315 1740 1386 ψαλμῷ

151 1403 494 1475 γέγραπταν
526 1422 545 1453 ι
575 1399 732 1467 Εἶπε,
763 1405 856 1457 καὶ
883 1403 1012 1474 ἔστη
1045 1401 1261 1474 πνεῦμα
1279 1407 1612 1474 καταιγίδος,
1646 1408 1740 1460 καὶ

152 1494 346 1565 ὑψώθη
372 1495 440 1549 τὰ
469 1493 690 1565 κύματα
710 1495 904 1566 αὐτῆς.
936 1514 954 1546 ι
997 1495 1085 1548 Ἐν
1108 1495 1166 1548 δὲ
1197 1494 1276 1565 τῷ
1307 1497 1582 1569 ἑκατοστῷ
1612 1515 1737 1551 τεσ-

152 1585 483 1656 σαρακοστῷ
509 1583 680 1655 ὀγδόῳ
707 1582 908 1654 ψαλμῷ
928 1602 941 1615 ο
1001 1603 1020 1636 ‹
1054 1585 1263 1638 Αἰνεῖτε
1295 1586 1387 1639 τὸν
1419 1586 1622 1659 Κύριον
1674 1590 1738 1641 ὲκ

148 1676 252 1747 τῆς
278 1677 404 1746 γῆς,
425 1676 717 1746 δράκοντες
739 1675 834 1728 καὶ
861 1676 1032 1728 πᾶσαι
1056 1674 1280 1730 ἄϐυσσοι
1301 1716 1315 1741 ,
1343 1676 1476 1748 πῦρ,
1503 1678 1733 1748 χάλαζα,

1851 496 1937 550 nis
1964 495 2057 564 qui
2095 498 2146 548 in
2177 495 2296 563 ipso
2325 502 2408 548 est
2439 492 2508 546 ³⁸.
2551 510 2569 542 ι
2603 490 2669 545 Et
2709 490 2949 559 Epistola
2983 490 3047 544 ad
3078 485 3432 542 Thessaloni-

1845 601 2038 642 censes
2077 587 2190 640 haec
2223 593 2519 655 precatur;
2579 601 2600 633 ι
2635 580 2848 652 Integer
2880 582 3109 651 spiritus
3147 587 3329 634 vester
3377 587 3430 630 ct

1845 681 2026 733 anima
2071 688 2125 734 et
2163 693 2364 746 corpus
2403 677 2521 730 sine
2560 675 2780 744 querela
2828 675 2882 728 in
2924 675 3159 728 adventu
3210 671 3426 725 Domini

1844 770 2016 825 nostri
2050 769 2177 825 Jesu
2208 769 2411 824 Christi
2436 775 2684 822 servetur
2707 767 2774 820 ³⁷.
2822 786 2841 817 ι
2875 765 3083 820 Dicitur
3107 765 3270 820 etiam
3303 778 3428 817 ven-

1845 871 2024 917 torum
2049 861 2272 930 spiritus
2313 859 2473 915 sicuti
2503 859 2557 912 in
2587 857 2780 912 Genesi
2818 857 3081 926 scriptum
3130 865 3257 910 est:
3298 873 3316 905 ι
3358 853 3427 908 Et

1844 956 2071 1011 adduxit
2099 955 2244 1010 Deus
2279 954 2532 1024 spiritum
2575 966 2740 1021 super
2787 962 3009 1013 terram,
3039 958 3093 1004 et
3120 949 3426 1003 imminuta

1843 1057 1972 1104 sunt
1991 1063 2147 1118 aquae
2181 1047 2250 1100 ³⁸.
2293 1066 2314 1097 ι
2354 1045 2429 1099 De
2459 1043 2596 1098 Jona
2635 1044 2762 1098 item
2796 1061 2813 1095 ι
2845 1060 2864 1093 ι
2908 1025 2994 1095 Ει¹
3018 1041 3273 1095 excitavit
3313 1039 3423 1094 Do-

1842 1141 2026 1195 minus
2056 1139 2308 1210 spiritum
2335 1137 2389 1192 in
2427 1153 2598 1202 mare,
2627 1145 2681 1191 et
2713 1135 2856 1190 facta
2880 1141 2965 1189 est
2988 1141 3279 1202 tempestas
3306 1148 3423 1185 ma-

1842 1247 1945 1301 gna
1973 1232 2029 1286 in
2061 1231 2223 1294 mari,
2245 1239 2299 1283 et
2327 1229 2489 1284 navis
2516 1227 2927 1298 periclitabatur
2950 1224 3155 1280 conteri
3185 1224 3252 1276 ³³.
3303 1243 3319 1274 υ
3358 1221 3424 1276 Et

1839 1321 1896 1376 in
1929 1323 2223 1378 centesimo
2251 1330 2409 1376 sexto
2451 1321 2702 1390 psalmo:
2747 1337 2772 1369 ι.
2810 1317 2962 1371 Dixit
2995 1324 3050 1370 et
3086 1314 3233 1368 venit
3261 1313 3425 1381 spiri-

1843 1421 1930 1468 tus
1961 1412 2228 1482 procellat,
2251 1423 2304 1466 et
2326 1411 2552 1467 exaltati
2587 1418 2716 1466 sunt
2741 1408 2942 1464 [luctus
2968 1406 3088 1476 eius
3121 1406 3187 1458 ⁸ο.
3222 1424 3240 1456 ι
3270 1403 3335 1456 Ει
3367 1405 3423 1457 in

1840 1504 2142 1558 centesimo
2168 1503 2587 1573 quadragesimo
2615 1510 2810 1556 octavo
2831 1500 3044 1570 psalmo
3079 1517 3090 1551 :
3125 1516 3142 1548 ‹
3182 1495 3423 1550 Laudate

1839 1593 2132 1651 Dominum
2157 1595 2224 1651 de
2255 1604 2429 1659 terra,
2448 1595 2716 1649 dracones
2737 1602 2790 1647 et
2822 1605 3012 1645 omnes
3035 1590 3238 1660 abyssi,
3257 1587 3426 1658 ignis,

1838 1687 2066 1757 grando,
2093 1686 2208 1753 nix,
2231 1686 2455 1756 glacies,
2492 1684 2717 1755 spiritus
2763 1673 3126 1753 procellarum
3149 1721 3164 1742 ,
3201 1694 3322 1748 quae
3347 1677 3422 1732 fa-

149 1766 286 1837 χιὼν
307 1805 326 1836 ,
353 1763 684 1837 κρύσταλλος
709 1807 723 1832 ,
754 1762 970 1836 πνεῦμα
998 1767 1310 1835 καταιγίδος
1336 1809 1350 1832 ,
1383 1769 1452 1821 τά
1485 1768 1727 1822 ποιοῦντα

1841 1777 1990 1832 ciunt
2015 1777 2237 1831 verbum
2262 1775 2381 1846 ejus
2403 1776 2478 1830 ’⁶¹’.
2513 1794 2531 1826 ι
2567 1773 2634 1828 Et
2665 1774 2808 1844 apud
2832 1771 3207 1838 gEzechielem,
3245 1769 3297 1822 in
3337 1769 3422 1822 la-

147 1857 242 1910 τδν
273 1855 432 1924 λόγον
461 1854 624 1909 αὐτοῦ
649 1873 662 1886 ·
692 1875 712 1908 ι
747 1855 843 1909 κα)⁴
879 1856 938 1909 ὲν
967 1855 1046 1926 τῷ
1081 1857 1339 1928 Ἰεζεχιὴλ
1367 1858 1458 1911 ἐπὶ
1487 1859 1581 1912 τοῦ
1608 1858 1740 1932 θρή-

146 1965 243 2002 νου
271 1948 379 2019 Σόρ
403 1947 515 2019 (57)
539 1963 554 1977 ’
586 1966 604 1999 ι
651 1933 748 2000 Ἐν
771 1944 968 2019 καρδίᾳ
1001 1947 1300 2020 Θαλάσσης,
1335 1952 1393 2003 ὲν
1425 1951 1576 2004 ῦδατι
1607 1952 1737 2006 πολ-

145 2038 226 2109 λῷ
251 2033 390 2108 ἦγόν
425 2054 483 2090 σε
514 2037 564 2090 οί
593 2035 913 2106 κωπηλάται
956 2053 1051 2089 σου
1073 2055 1086 2066 ·
1116 2037 1177 2092 τὸ
1209 2038 1426 2110 πνεῦμα
1456 2038 1550 2091 τοῦ
1583 2039 1736 2092 νότου

148 2124 440 2202 συνέτριψέ
471 2147 550 2184 σε.
585 2148 604 2181 ι

219 2223 276 2278 8.
306 2223 751 2293 Ἐντυγχάνοντες
773 2221 829 2275 δὲ
848 2222 942 2275 καὶ
963 2221 1121 2293 ὑμεῖς
1142 2225 1260 2287 ταῖς
1279 2223 1462 2292 ἁγίαις
1477 2223 1587 2295 (58)
1607 2225 1739 2296 Γρα-

145 2315 310 2382 φαῖς,
365 2310 629 2384 εὑρήσετε
673 2309 965 2384 λεγόμενον
1018 2313 1234 2384 πνεῦμα
1266 2314 1480 2368 καὶτὸν
1533 2316 1590 2366 ὲν
1641 2317 1738 2368 αὐ-

139 2403 260 2468 τοῖς
289 2407 402 2468 τοῖς
435 2404 601 2468 θείοις
644 2403 824 2472 λόγοις
852 2404 1006 2472 νοῦν,
1037 2406 1338 2477 γράφοντος
1371 2404 1465 2458 τοῦ
1496 2405 1733 2460 Παύλουο

148 2517 168 2548 ε
187 2495 287 2560 ⁸ος
309 2489 420 2568 (59)
451 2497 545 2550 καὶ
583 2493 845 2550 ἱκάνωσεν
879 2497 1027 2568 ἡμᾶς
1063 2497 1342 2561 διακόνους
1375 2497 1588 2568 Καινῆς
1612 2500 1736 2553 Δια-

142 2589 346 2660 θήκης,
370 2589 429 2642 οὐ
449 2584 795 2660 γράμματος,
817 2588 954 2642 ἀλλὰ
976 2587 1306 2660 πνεύματος.
1334 2588 1406 2642 Τὸ
1427 2589 1536 2660 γάρ
1561 2591 1737 2661 γράμ-

143 2699 225 2753 μα
254 2681 604 2746 ἀποκτείνει,
630 2681 692 2734 τὸ
717 2681 776 2734 δὲ
799 2681 1018 2753 πνεῦμα
1047 2681 1320 2746 ζωοποιεῖ.
1348 2701 1366 2732 ι
1405 2682 1478 2734 Τὸ
1503 2683 1601 2753 μὲν
1626 2682 1734 2751 γὰρ

143 2767 310 2842 ῥητὸν
354 2768 649 2841 γράμματι
699 2770 1068 2841 κεχάρακται·
1115 2771 1144 2822 6
1173 2770 1230 2822 δὲ
1268 2769 1392 2834 νοῦς
1424 2771 1452 2823 6
1497 2772 1554 2823 ἐν
1583 2771 1733 2843 αύτῷ

140 2860 366 2932 πνεῦμα
394 2855 630 2928 λέγεται.
698 2860 885 2926 Οὕτως
915 2862 1008 2916 καὶ
1064 2879 1085 2912 ι
1121 2863 1151 2915 6
1177 2860 1340 2932 νόμος
1367 2863 1733 2933 πνευματικός

139 2957 316 3017 ἐστιν,
350 2972 369 3004 ι
402 2953 468 3006 ἵν’
497 2948 574 3016 ὡς
605 2953 766 3006 πάλιν
792 2952 984 3024 εἴρηκε
1023 2952 1157 3024 (60),
1192 2953 1268 3026 μὴ
1300 2953 1639 3025 δουλεύωμεν
1672 2957 1731 3009 ὲν

139 3043 469 3116 παλαιότητι
493 3043 841 3115 γράμματος,
871 3044 986 3098 ἀλλ’
1019 3044 1077 3096 ὲν
1099 3045 1376 3115 καινότητι
1399 3045 1727 3116 πνεύματος.

1841 1877 2026 1923 mento
2051 1867 2179 1939 Tyri
2210 1886 2224 1922 :
2267 1886 2284 1919 ι
2322 1867 2379 1922 In
2409 1867 2573 1922 corde
2603 1866 2793 1931 maris,
2828 1865 2883 1918 in
2914 1865 3072 1934 aquis
3100 1863 3286 1916 multis
3315 1862 3416 1914 ad-

1839 1959 2114 2014 duxerunt
2141 1967 2190 2013 te
2219 1960 2453 2029 remiges
2500 1959 2626 2012 tui:
2667 1957 2892 2026 spiritus
2937 1954 3112 2010 austri
3161 1953 3422 2008 contrivit

1837 2051 2048 2107 te“.»

1912 2227 1967 2281 8.
2010 2225 2150 2293 Quin
2174 2226 2336 2280 etiam
2367 2226 2412 2280 si
2437 2224 2591 2280 vobis
2619 2233 2837 2279 sanctas
2868 2223 3102 2277 Litteras
3132 2221 3310 2290 legero
3331 2221 3418 2275 lu-

1837 2319 1983 2386 beat,
2012 2319 2191 2388 ipsum
2222 2318 2533 2372 divinorum
2556 2316 2849 2370 verborum
2892 2330 3133 2380 sensum,
3161 2315 3416 2385 spiritum

1835 2427 2054 2482 quoque
2087 2410 2348 2481 appellari
2400 2401 2704 2480 reperietis.
2754 2408 2846 2462 Sic
2870 2408 3022 2476 enim
3048 2407 3250 2462 Paulus
3278 2407 3418 2462 scri-

1834 2504 1915 2559 bit
1942 2522 1955 2558 :
1989 2502 2134 2572 «Qui
2153 2511 2206 2557 et
2229 2502 2454 2557 idoneos
2475 2517 2574 2556 nos
2604 2499 2732 2556 fecit
2758 2500 3042 2554 ministros
3068 2499 3203 2552 Novi
3225 2497 3420 2553 Testa-
3458 2506 3465 2513 '

1835 2593 2025 2662 menti,
2057 2609 2164 2647 non
2200 2594 2412 2659 litterae,
2445 2593 2539 2648 sed
2567 2591 2813 2662 spiritus.
2846 2590 3053 2646 Littera
3086 2591 3232 2646 enim
3269 2590 3421 2645 occi—

1833 2687 1935 2752 dit,
1961 2686 2184 2756 spiritus
2207 2695 2392 2740 autem
2417 2684 2656 2739 viviﬁcat
2678 2683 2745 2740 ⁸³.
2801 2696 2820 2736 ι
2855 2682 3130 2753 Siquidem
3163 2684 3365 2738 dictum
3397 2721 3416 2747 ,

1833 2779 2008 2833 littera
2044 2789 2326 2833 exaratum
2360 2787 2486 2833 est:
2539 2792 2736 2833 sensus
2765 2787 2894 2831 vero
2937 2789 3096 2844 quem
3131 2775 3409 2836 continet,

1833 2872 2057 2942 spiritus
2083 2871 2301 2926 dicitur.
2336 2871 2417 2926 ita
2442 2880 2496 2925 et
2531 2890 2549 2922 ε
2596 2871 2682 2926 lex
2725 2869 3024 2940 spiritualis
3056 2877 3140 2923 est
3160 2868 3228 2933 “,
3267 2887 3287 2920 ι
3332 2875 3414 2930 ut,

1833 2963 2295 3032 quemadmodum
2327 2962 2472 3018 idem
2502 2963 2661 3026 dixit,
2690 2977 2799 3015 non
2844 2961 3147 3015 serviamus
3169 2961 3225 3014 in
3259 2969 3413 3014 vetn-

1835 3060 1974 3127 state
1998 3053 2211 3119 litterae,
2237 3053 2332 3107 sed
2370 3054 2423 3106 in
2464 3053 2704 3106 novitate
2738 3053 2983 3122 spiritUs.
3020 3051 3164 3107 Idem
3197 3067 3418 3122 quoque

139 3137 254 3191 Καὶ
280 3135 446 3200 αὐτὸς
481 3135 580 3207 μὲν
605 3127 940 3206 εὐχαριστῶν
973 3133 1158 3204 ἔλεγεν
1178 3151 1192 3165 ο
1229 3153 1247 3186 ι
1276 3135 1418 3206 Ἀρα
1451 3131 1544 3190 οῦν
1569 3135 1727 3200 αὐτὸς

1841 3131 2034 3212 gratias
2061 3157 2230 3214 agens
2259 3143 2475 3198 dicebat
2496 3144 2541 3175 “
2564 3159 2577 3194 :
2618 3162 2636 3195 ι
2665 3143 2833 3214 Igitur
2853 3160 2953 3215 ego
2972 3145 3087 3216 ipse
3103 3155 3284 3200 mente
3301 3161 3418 3200 ser-

138 3226 256 3296 ὲγὼ
279 3227 360 3298 τῷ
395 3228 494 3298 μὲν
521 3225 602 3281 νοῒ
625 3225 861 3279 δουλεύω
885 3226 1034 3298 νόμῳ
1060 3224 1196 3279 Θεοῦ
1213 3267 1228 3293 ,
1263 3227 1328 3298 τῇ
1357 3226 1414 3279 δὲ
1439 3227 1602 3299 σαρκὶ
1636 3227 1726 3281 νό-

142 3338 231 3392 μῳ
260 3317 541 3391 ἁμαρτίας
560 3337 573 3349 ·
607 3318 759 3374 οὐδὲν
784 3318 880 3372 νῦν
907 3317 1017 3392 ἄρα
1044 3315 1157 3390 (61)
1185 3317 1506 3390 κατάκριμα
1532 3319 1643 3384 τοῖς
1670 3321 1728 3373 ὲν

137 3411 369 3485 Χριστῷ
398 3409 594 3482 Ἰησοῦ.
627 3409 686 3463 Ὁ
707 3409 816 3482 γάρ
835 3409 1000 3481 νόμος
1019 3407 1113 3461 τοῦ
1136 3407 1444 3479 πνεύματος
1464 3409 1563 3480 τῆς
1583 3410 1728 3481 ζωῆς

137 3500 202 3552 ιν
235 3496 460 3569 Χριστῷ
504 3492 677 3568 Ἰησοῦ
710 3496 1053 3568 ὴλευθέρωσέ
1081 3514 1149 3568 με
1185 3497 1292 3550 ἀπὸ
1315 3496 1410 3550 τοῦ
1433 3497 1599 3569 νόμου
1628 3500 1728 3570 τῆς

139 3588 454 3661 ἁμαρτίας
493 3608 512 3641 ›
557 3591 586 3643 6
617 3588 688 3642 6s“
718 3587 1011 3653 Φίλιππος,
1059 3588 1150 3642 τὸν
1197 3589 1459 3661 εὐνοῦχον
1492 3590 1602 3643 ἀπὸ
1632 3590 1726 3644 τοῦ

140 3681 476 3752 γράμματος
524 3681 605 3743 είς
636 3678 695 3742 τὸ
728 3679 944 3750 πνεῦμα
976 3679 1143 3732 θέλων
1178 3680 1527 3750 ἐπιστρέφειν
1547 3720 1561 3746 ,
1614 3681 1729 3735 ἔλε-

139 3787 274 3842 γενσ
313 3791 332 3825 ι
368 3767 518 3844 Ἀρά
545 3788 611 3840 γε
639 3770 929 3840 γινώσκεις
967 3771 1003 3827 ἃ
1033 3772 1461 3841 ἀναγινώσκεις;
1494 3792 1514 3826 ι
1549 3773 1728 3827 τοιοῦ-

141 3882 236 3919 τον
263 3859 516 3937 ἐσχηκὼς
552 3866 909 3936 μαρτυρεῖται
955 3864 1049 3919 καὶ
1099 3866 1129 3919 6
1176 3865 1356 3924 Χάλεϐ
1381 3865 1492 3937 (62)
1525 3868 1583 3920 ἐν
1614 3869 1729 3931 τοῖς

155 3957 457 4029 Ἀριθμοῖς,
483 3955 578 4010 τοῦ
600 3955 733 4010 Θεοῦ
761 3955 1006 4027 λέγοντος
1030 3975 1044 3989 ·
1087 3976 1106 4010 t
1147 3958 1205 4010 '0
1233 3957 1288 4010 δὲ
1321 3961 1450 4023 παῖς
1482 3977 1584 4030 μου
1611 3960 1727 4014 Χά-

140 4045 260 4115 λεό,
283 4049 366 4102 ὅτι
399 4048 632 4120 ἐγενήθη
660 4049 845 4122 ἕτερον
869 4048 1085 4120 πνεῦμα
1111 4049 1170 4103 ὲν
1194 4049 1342 4121 αὐτῷ
1359 4089 1376 4116 ,
1404 4050 1499 4102 καὶ
1527 4052 1730 4122 ἐπηκο-

140 4140 376 4213 λούθησέ
410 4159 499 4212 μοι
518 4157 530 4172 ·
562 4141 761 4207 εἰσάξω
792 4142 953 4196 αὐτὸν
986 4142 1066 4205 είς
1087 4142 1188 4214 τὴν
1219 4142 1322 4213 γῆν
1350 4143 1428 4207 είς
1451 4143 1516 4214 ἢν
1546 4143 1728 4214 εἰσῆλ-

141 4229 238 4287 θεν
265 4234 386 4286 ἐκεῖ
407 4231 516 4304 (65)
536 4272 549 4286 .
580 4251 600 4284 ι
635 4231 804 4304 Ἀλλῃ
831 4231 941 4303 γὰρ
969 4228 1178 4304 διανοίᾳ
1207 4232 1357 4303 παρὰ
1381 4232 1480 4303 τὴν
1503 4231 1726 4286 ἐκείνων

139 4325 309 4388 αὐτὸς
338 4325 579 4397 λαλήσας
597 4363 612 4388 ,
638 4325 932 4397 εὐάρεστος
954 4323 1034 4395 τῷ
1060 4323 1180 4390 Θεῷ
1209 4324 1421 4393 γέγονε.
1457 4322 1728 4396 Τοιαύτην

140 4415 292 4489 ἔχειν
318 4416 655 4488 προέτρεψεν
682 4418 712 4470 6
743 4416 876 4480 Θεὸς
900 4415 993 4471 τὸν
1021 4415 1148 4470 λαὸν
1179 4415 1407 4487 καρδίαν
1434 4414 1524 4470 διὰ
1566 4415 1726 4480 Ἰεζε-

1791 3310 1794 3312 V
1831 3234 1923 3290 vio
1950 3235 2053 3307 legi
2083 3234 2174 3291 Dei
2206 3256 2220 3290 :
2258 3251 2424 3292 carne
2455 3250 2660 3303 autem,
2683 3237 2789 3308 legi
2837 3237 3068 3306 peccati.
3103 3235 3253 3290 Nihil
3284 3253 3416 3306 ergo

1831 3341 1979 3382 nunc
2005 3327 2372 3383 damnationis
2395 3337 2478 3382 est
2504 3329 2573 3382 iis
2601 3327 2696 3398 qui
2727 3336 2857 3382 sunt
2905 3328 2958 3382 in
3000 3327 3220 3382 Christo
3261 3325 3410 3380 Jesu.

1832 3416 1944 3472 Lex
1963 3418 2107 3473 enim
2137 3419 2364 3489 spiritus
2402 3420 2526 3474 vitae
2561 3418 2615 3474 in
2651 3414 2871 3475 Christo
2892 3419 3022 3475 Jesu
3046 3419 3295 3475 liberavit
3325 3434 3414 3474 me

1832 3521 1863 3561 a
1893 3509 2008 3578 lege
2025 3509 2235 3578 peccati
2264 3511 2331 3563 η.
2365 3528 2384 3561 ›
2422 3508 2706 3579 Philippus
2723 3510 2887 3564 etiam
2913 3509 3227 3565 eunuchum
3263 3525 3293 3562 a
3328 3509 3413 3562 Iit-

1831 3608 1948 3655 tera
1981 3601 2050 3654 ad
2081 3599 2334 3671 spiritum
2361 3609 2679 3656 convertere
2711 3600 2901 3656 volens
2932 3601 3113 3656 aiebat
3140 3617 3154 3654 :
3193 3619 3212 3652 ‹
3251 3601 3412 3655 lntel«

1831 3691 1956 3762 ligis
1995 3705 2116 3760 quae
2163 3692 2296 3762 legis
2331 3692 2412 3746 *7?
2461 3711 2479 3743 ›
2519 3685 2704 3746 Talem
2749 3703 2970 3762 quoque
3019 3692 3270 3762 spiritum
3309 3692 3386 3746 Ca

1831 3779 1918 3834 leb
1976 3779 2237 3837 habuisse
2306 3797 2373 3836 ex
2422 3780 2679 3836 Numeris
2711 3791 2964 3848 constat,
3007 3781 3119 3838 Deo
3148 3783 3409 3838 dicente:

1838 3885 1856 3919 ι
1898 3867 2098 3925 Servus
2130 3885 2284 3924 meus
2312 3870 2497 3935 Caleb,
2531 3870 2657 3940 quia
2699 3870 2876 3927 factus
2900 3881 2984 3928 est
3013 3871 3153 3928 alius
3185 3873 3410 3942 spiritus

1830 3958 1884 4013 in
1911 3974 1976 4014 eo
1996 4001 2010 4025 ,
2049 3969 2104 4015 et
2128 3970 2348 4017 secutus
2374 3970 2458 4017 est
2486 3978 2593 4028 me,
2620 3963 2874 4018 inducam
2913 3962 3094 4032 ipsum
3120 3963 3174 4017 in
3205 3971 3409 4017 terram

1832 4050 1886 4104 in
1922 4066 2086 4121 quam
2122 4052 2235 4108 illic
2267 4053 2548 4124 ingressus
2594 4064 2678 4111 est
2721 4053 2789 4107 ⁸⁸.
2851 4069 2870 4106 ι
2916 4053 3120 4124 Nempe
3152 4055 3281 4124 quia
3321 4051 3411 4108 ille

1831 4142 1938 4196 alia
1986 4143 2055 4197 ab
2099 4143 2208 4199 illis
2245 4155 2426 4200 mente
2457 4147 2675 4202 locutus
2699 4146 2804 4213 sit,
2835 4144 2946 4201 Deo
2974 4146 3080 4200 fuit
3130 4154 3406 4214 acceptus.

1831 4233 1962 4290 Tale
1989 4235 2117 4291 item
2152 4251 2247 4291 cor
2270 4237 2530 4307 populum
2565 4239 2764 4294 habere
2795 4239 2964 4309 jussit
2991 4237 3131 4293 Deus
3158 4253 3259 4308 per
3278 4235 3410 4290 Eze-

1829 4326 2058 4382 chielem
2081 4343 2100 4381 :
2145 4345 2165 4378 ι
2203 4327 2388 4384 Facite
2426 4327 2588 4398 525
2626 4329 2784 4385 vobis
2818 4345 2916 4384 cor
2944 4343 3148 4385 novum
3171 4340 3225 4382 et
3251 4326 3412 4397 spiri-

1829 4426 1946 4472 tum
1969 4433 2169 4474 novum
2199 4419 2266 4472 ιθ.
2309 4437 2328 4471 ι
2363 4417 2497 4486 Quae
2537 4436 2664 4476 cum
2697 4422 2770 4476 ita
2799 4421 2929 4486 sint,
2961 4429 3015 4477 et
3045 4429 3195 4474 tanta
3223 4421 3322 4484 sit,
3352 4425 3413 4473 ut

215 4551 266 4623 ’ξ
291 4552 315 4606 l
340 4552 494 4623 corL
503 4567 565 4618 ιι,
591 4553 680 4606 11.
759 4553 802 4585 ⁸⁷
832 4545 1071 4610 lThess.
1107 4552 1278 4623 v.25.
1359 4553 1405 4585 ³⁸
1430 4553 1567 4608 Gen.
1601 4569 1727 4618 Vill.

1902 4555 1946 4588 ”
1976 4553 2102 4611 Jon.
2144 4571 2198 4622 ι,
2228 4557 2284 4611 4.
2361 4558 2407 4590 ἰο
2445 4557 2590 4613 Psal.
2623 4575 2731 4623 cvr,
2763 4557 2852 4612 25.
2929 4557 2973 4589 “
3007 4555 3151 4613 Psal.
3183 4572 3408 4620 CXLVIII,

140 4623 202 4685 7,
240 4622 298 4676 8.
384 4622 432 4653 “
455 4621 651 4678 Ezech.
679 4639 854 4690 xxvii,
885 4623 976 4679 25.
1024 4657 1029 4662 -
1084 4623 1132 4656 ⁴³
1164 4622 1185 4676 l
1215 4622 1343 4677 Cor.
1371 4638 1456 4684 ιιι.
1485 4623 1539 4677 6.

1642 4624 1688 4655 “
1721 4623 1881 4679 Rom.
1918 4640 2031 4693 vn,
2077 4627 2166 4681 14.

2267 4627 2313 4660 "
2341 4627 2476 4684 ibid.
2513 4628 2568 4684 6.
2674 4628 2874 4683 “ibid.
2903 4628 3006 4696 25;
3057 4645 3176 4693 vm,
3241 4629 3293 4693 1,
3352 4629 3408 4685 2.

141 4694 188 4725 ⁴⁷
222 4694 346 4748 Act.
373 4707 492 4758 vin,
515 4692 604 4748 50.
684 4693 730 4726 ’⁵⁸
758 4692 920 4749 Num.
956 4708 1067 4759 xw,
1091 4692 1180 4748 24.
1260 4693 1306 4726 ’δ’
1334 4692 1532 4748 Ezech.
1557 4709 1713 4759 xvm,
1747 4695 1837 4750 51.

217 4782 339 4862 (εξ)
380 4781 474 4862 Sic
509 4783 723 4854 primus
750 4786 923 4862 codex
954 4784 1188 4862 Regius,
1224 4784 1456 4862 Seguer.
1485 4785 1719 4862 etprae-

1841 4787 1948 4862 gius
1977 4787 2308 4862 l,_Seguer.,
2333 4791 2652 4862 ᾁποκτένει,
2688 4790 2830 4846 forte
2865 4807 2963 4862 pro
2989 4791 3312 4862 ἀποκτενεῖ,
3347 4801 3409 4846 υι

143 4852 246 4908 cus
279 4852 580 4923 Scriptura;
612 4863 792 4911 textus
833 4855 889 4909 in
920 4852 1178 4910 omnibus
1207 4852 1340 4911 mss.
1373 4857 1504 4910 edit.
1538 4854 1717 4910 Oxon.

140 4923 253 4996 Alii
292 4923 519 4996 et_ed_i_ti
541 4963 558 4989 ,
588 4923 761 4996 ὑμῶν.
794 4923 996 4996 [bidem
1041 4923 1267 4996 Seguer.
1306 4927 1508 4996 omittit
1545 4925 1720 4996 Ἰησοῦ

143 4993 407 5066 Χριστοῦ.
425 4992 572 5066 *Μοξι
602 4992 744 5050 idem
778 4993 1013 5066 _Seguer.
1036 5037 1052 5062 ,
1081 4992 1181 5065 pro
1209 4994 1493 5066 πνεύματα
1511 5038 1526 5064 ,
1562 4992 1725 5052 habet

142 5061 594 5137 nisipaLPaulo
622 5074 748 5137 post
775 5061 990 5137 Regius
1006 5061 1150 5137 2,};6
1177 5061 1423 5137 Πνεῦμα.

216 5133 336 5203 (56)
377 5133 484 5205 Τοῦ
515 5133 668 5205 deest
697 5135 752 5190 in
782 5133 915 5205 mss.
957 5133 1228 5205 Regiisget
1255 5133 1478 5205 Seguer.
1517 5135 1720 5193 Ibidem

143 5202 283 5277 Reg,
316 5202 371 5270 1,
401 5203 758 5277 ἐκινδύνευσε.
776 5203 961 5277 Ρειυιο
989 5202 1130 5277 post
1153 5202 1359 5277 Regius
1390 5207 1416 5259 1
1441 5245 1456 5270 ,
1494 5205 1720 5277 Seguer.

141 5273 368 5348 (jobler.
399 5282 454 5328 et
482 5273 741 5348 Eelclg‘l.
763 5273 1312 5346 Graecus‘Scripturaa
1339 5285 1536 5342 textus,
1567 5273 1718 5348 ἔστη.

138 5343 339 5418 (ᾄξειεΞὶ
365 5344 592 5418 ᾳῃεεῃιὶ,
619 5342 779 5418 ἦλθε.

234 5411 330 5484 57)
378 5411 470 5470 Sic
499 5411 712 5487 Regius
735 5418 788 5483 1,
831 5415 1057 5487 Seguer.
1084 5418 1156 5470 At
1181 5415 1277 5487 alii
1301 5425 1356 5472 et
1376 5416 1528 5483 editi,
1553 5416 1717 5483 male,

365 5500 482 5558 σου.
497 5482 650 5558 _lbi'd.
681 5485 815 5557 Reg.
831 5482 1176 5558 1ξκαρδίαις
1200 5485 1501 5541 θαλασσῶν.

210 5552 331 5627 (58)
369 5553 464 5627 _S_ic
497 5553 699 5627 Regius
726 5552 794 5622 1',
824 5552 1050 5627 Seguer.
1095 5559 1287 5611 Caneri
1317 5568 1446 5612 vero
1475 5565 1530 5611 et
1555 5555 1718 5621 editi,

138 5622 806 5698 θείαιςεῌοχ-Ηὲεἰιιεὲ,
834 5622 1052 5698 πνεῦμα
1077 5628 1171 5698 καὶ
1201 5627 1262 5680 τὸ
1288 5627 1345 5680 ὲν
1373 5628 1576 5692 αὐτοῖς.

212 5645 337 5686 ιαις.
369 5645 496 5680 mox
521 5645 724 5698 neglus
749 5645 806 5694 2,
834 5645 966 5681 πνευ
1016 5645 1052 5681 α
1077 5645 1171 5680 και
1201 5645 1262 5680 το
1288 5645 1345 5680 εν
1373 5645 1576 5692 αυτοις.

212 5694 440 5766 (59)Ὄς
464 5696 619 5754 abest
663 5714 693 5754 a
716 5697 935 5756 Goblcr.
961 5645 1142 5755 δοιοὶ.
1175 5698 1228 5755 1.
1262 5699 1433 5755 Paulo
1465 5705 1586 5768 post
1617 5695 1721 5754 Re—

1827 4859 1991 4983 ἓέρὲἑ
2015 4858 2219 4982 Riegius
2254 4860 2309 4914 2.
2339 4860 2543 4916 ibidem
2573 4863 2683 4933 γάρ
2715 4858 2882 4917 (ἱερεῖ
2904 4862 2962 4916 in
2991 4861 3320 4916 Gobleriano
3354 4875 3408 4916 et

1873 4943 2011 4982 810K.
2044 4943 2095 4982 1.

1900 4997 2012 5122 (hoc?
2055 4997 2146 5054 Sic
2187 4999 2399 5082 primus
2427 5001 2598 5056 codex
2640 4999 2878 5088 Regius,
2924 4999 3148 5070 Seguer.
3183 4999 3399 5056 Gobler.

1827 5075 1884 5150 et
1958 5069 2095 5150 erit.
2145 5069 2197 5150 l_.
2232 5070 2513 5150 Aln_vero
2565 5080 2638 5150 et_
2669 5073 2918 5150 editi-mg
2953 5073 3132 5150 solum
3183 5069 3403 5150 habent.

1827 5136 1952 5214 Mox
1981 5139 2143 5214 iidem
2176 5140 2235 5192 ὲν
2269 5141 2591 5214 παλαιότητι
2625 5141 2827 5196 habent
2884 5159 2897 5196 :
2940 5141 3122 5196 caeteri
3171 5150 3225 5194 et
3273 5142 3404 5194 editi

1829 5209 1888 5260 ἐν
1918 5210 2196 5264 omittunt.
2523 5209 2534 5214 ’
2971 5269 2973 5271 ,

1899 5277 2010 5356 (6-1)
2054 5278 2304 5356 Seguer._,_
2330 5296 2430 5356 p_ro
2455 5281 2550 5356 νῦν
2580 5282 2716 5356 (ἄρα,
2753 5275 3054 5356 oﬁv_habet.
3080 5278 3252 5334 Paulo
3284 5288 3406 5348 post

1829 5345 2036 5424 Regius
2130 5345 2238 5424 ῖτῆς
2272 5345 2418 5424 ζωῆς
2444 5353 2546 5424 τῆς
2566 5345 2640 5424 .ὲὸ
2666 5345 2908 5424 Χριστῷ.

1900 5367 2036 5418 :glus
2057 5367 2112 5414 z,
2138 5367 2239 5472 της
2272 5367 2418 5422 ςωης
2444 5368 2546 5424 της
2574 5367 2634 5408 εν
2666 5367 2908 5424 λριστῳ.

1900 5418 2014 5494 (62)
2049 5419 2219 5494 Sic___
2243 5422 2396 5494 egius
2443 5423 2518 5494 1,
2557 5422 2793 5494 Seguer.
2821 5421 3040 5494 Anglic.
3087 5418 3404 5494 Goblerzet

1825 5486 2017 5571 Felck.
2041 5490 2092 5544 1.
2126 5486 2304 5558 Εᾱίιίξ
2351 5492 2410 5545 ὐ
2439 5486 2513 5546 δὲ’
2535 5486 2665 5558 παῖς
2697 5491 2878 5546 Χαλὲϐ
2896 5486 3017 5557 [ὅτι
3042 5532 3057 5556 ,
3101 5498 3207 5544 etc.
3225 5529 3242 5554 ,
3269 5489 3403 5546 'aliis

1827 5572 2068 5614 omnssns.

1901 5629 2010 5706 (65)
2031 5629 2150 5706 _Sic_
2168 5628 2372 5706 Regius
2401 5634 2451 5703 1,
2488 5632 2807 5706 Seguerian.
2834 5641 2887 5689 et
2919 5629 3082 5686 LXX.
3116 5629 3308 5687 Caetcri
3345 5634 3404 5689 et

1828 5698 1956 5756 editi
1977 5698 1999 5766 ,⁷
2028 5698 2252 5764 ἐκλήθη.
