3834 6220
339 306 442 362 559

937 306 994 360 S.
1035 303 1404 359 ATHA‘NASII
1441 301 1592 362 OPP.
1632 303 1812 360 PARS
1850 307 1888 360 Ι.

2009 334 2013 344 ι
2050 302 2413 360 ιιιετοιιιατι
2455 303 2542 358 ετ
2581 289 3001 362 οοοιιΑτιεΑέ

3480 306 3591 362 550

339 417 620 474 Christum
647 418 845 475 electos
867 419 1087 490 angelos
1108 419 1448 488 nominavit;
1475 420 1657 475 dicant
1685 421 1906 490 quinam

2010 421 2099 474 τὸν
2131 421 2362 492 Χριστὸν
2381 422 2506 486 τοὺς
2532 422 2823 486 ἐκλεκτοὺς
2849 421 3136 490 ἀγγέλους,
3166 419 3478 475 εἰπάτωσαν
3501 421 3592 486 τις

338 525 407 565 ex
432 511 539 567 illis
561 511 813 568 omnibus
829 509 1075 568 Trinitati
1101 512 1479 583 adjungendus
1502 513 1610 568 sit?
1632 511 1742 568 Nec
1762 513 1907 567 enim

343 619 533 659 omnes
562 621 704 659 unus
740 613 866 659 sunt
893 619 1140 659 numero.
1174 605 1282 659 Aut
1309 604 1434 674 quis
1485 606 1703 660 illorum
1729 607 1782 660 in
1814 621 1909 661 co-

341 695 543 750 lumbae
572 697 752 766 specie
776 696 827 750 in
863 695 1155 752 Jordanem
1201 698 1519 754 descendit?
1564 697 1700 753 Nam
1740 699 1908 753 millia

340 787 572 842 millium
623 798 674 842 et
735 789 915 845 decies
947 789 1144 844 millies
1185 789 1325 844 dena
1375 790 1544 845 millia
1597 791 1912 846 ministrant

340 878 391 933 ei
427 879 495 934 ⁷⁸.
545 876 643 934 Vel
669 897 839 950 quare
882 881 1036 937 caelis
1084 883 1286 953 apertis
1310 897 1445 938 -non
1484 885 1688 939 dictum
1715 892 1817 948 est,
1845 881 1913 937 Et

342 968 622 1026 descendit
667 973 867 1042 aliquis
914 989 982 1028 ex
1041 974 1228 1028 electis
1271 975 1496 1045 angelis,
1528 976 1644 1042 sed,
1675 975 1910 1044 Spiritus

341 1064 602 1119 sanctus?
634 1064 728 1119 Vel
776 1079 947 1135 quare
992 1066 1106 1136 ipse
1139 1066 1401 1122 Dominus
1434 1068 1501 1121 de
1553 1065 1659 1120 ﬁne
1695 1076 1906 1136 tempo-

339 1171 462 1210 rum
492 1171 614 1210 cum
648 1157 929 1227 discipulis
956 1158 1252 1225 disserens,
1291 1152 1455 1228 528
1491 1157 1744 1212 distincte
1785 1158 1861 1212 ait
1890 1174 1906 1210 :

344 1266 364 1300 ι
393 1247 565 1302 Mittet
599 1246 768 1303 Filius
795 1248 1030 1304 hominis
1053 1250 1272 1319 angelos
1303 1265 1434 1305 suos
1451 1249 1548 1303 ⁷η»
1579 1248 1709 1303 item
1736 1258 1787 1304 et
1813 1265 1909 1303 an-

339 1346 427 1394 tea
457 1339 658 1393 dictum
705 1338 926 1395 fuerat:
966 1359 985 1392 ι
1025 1339 1214 1412 Angeli
1264 1341 1649 1397 ministrabant
1688 1342 1738 1396 ei
1776 1341 1842 1394 ⁷⁸.
1883 1361 1902 1394 ι

343 1429 548 1485 lterum
581 1447 799 1501 quoque
825 1433 962 1487 dixit
1015 1451 1027 1486 :
1059 1451 1077 1485 ι
1131 1433 1366 1488 Exibunt
1400 1433 1577 1504 angeli
1609 1434 1676 1488 ⁷⁵.
1720 1453 1740 1486 ι
1769 1434 1908 1488 Cum

339 1534 472 1574 vero
496 1521 775 1591 discipulis
803 1531 1053 1577 sanctum
1093 1523 1360 1593 Spiritum
1400 1525 1573 1587 daret,
1598 1527 1710 1580 ait:
1753 1545 1772 1578 ι
1809 1527 1910 1581 Ac-

339 1611 506 1680 cipite
545 1611 803 1682 Spiritum
844 1624 1090 1670 sanctum
1137 1616 1202 1669 ⁷⁸.
1241 1636 1258 1668 ι
1300 1615 1515 1672 Rursus
1557 1628 1757 1673 etcum
1785 1634 1907 1674 eos-

339 1701 463 1756 dem
498 1704 564 1757 ad
604 1706 1003 1774 praedicandum
1047 1707 1233 1762 misit:
1268 1727 1286 1760 ‹
1311 1707 1535 1773 Euntes,
1570 1710 1767 1779 inquit,
1818 1711 1908 1764 do-

338 1803 456 1848 cete
476 1809 668 1850 omnes
699 1807 906 1867 gentes,
961 1799 1302 1868 haptizantes
1336 1817 1431 1856 eos
1469 1801 1523 1854 in
1557 1804 1775 1858 nomine
1804 1802 1909 1859 Pa-

341 1885 440 1941 tris
489 1895 544 1941 et
579 1885 700 1941 Filii
730 1900 783 1943 et
829 1889 1063 1959 Spiritus
1084 1892 1349 1946 sancti".
1382 1911 1401 1945 ›
1433 1891 1543 1948 Nec
1566 1895 1708 1949 enim
1739 1911 1905 1966 ange-

337 1975 452 2032 lum
487 1994 611 2033 cum
652 1980 931 2036 divinitate
961 1984 1261 2052 copulavit,
1295 1999 1472 2055 neque
1522 2000 1624 2040 nos
1663 1986 1766 2041 sibi
1804 1987 1906 2057 ipsi

338 2077 394 2124 ct
420 2068 570 2124 Patri
599 2072 652 2125 in
681 2087 740 2126 re
773 2083 952 2127 creata
980 2076 1283 2144 conjunxit,
1312 2077 1407 2131 sed
1458 2077 1512 2131 in
1545 2077 1748 2147 Spiritu
1775 2095 1873 2134 san
1894 2108 1907 2120 -

339 2170 449 2229 cto,
477 2178 636 2232 quem
669 2179 792 2218 cum
843 2166 1201 2234 promitteret,
1234 2182 1343 2221 non
1399 2169 1476 2221 ait
1541 2184 1599 2222 se
1648 2171 1902 2240 angelum

339 2254 575 2319 mittere,
601 2255 694 2309 sed
736 2274 755 2306 ι
791 2253 1056 2324 Spiritum
1084 2259 1328 2312 veritatis
1360 2258 1454 2328 qui
1485 2274 1515 2312 a
1566 2257 1727 2314 Patre
1778 2275 1908 2330 pro-

337 2345 500 2410 cedit,
524 2346 568 2376 "
590 2365 610 2397 ι
649 2346 743 2416 qui
765 2347 907 2402 idem
935 2359 1000 2404 ex
1027 2349 1147 2419 ipso
1170 2349 1366 2418 accipit
1395 2357 1449 2403 et
1476 2349 1658 2404 datur.

411 2629 502 2684 l2.
530 2627 744 2702 Moyses
768 2644 986 2698 quoque
1005 2628 1097 2698 qui
1135 2629 1359 2700 angelos
1388 2606 1608 2698 quidbm
1643 2643 1730 2683 res
1755 2643 1908 2682 crea-

341 2734 427 2778 tas
455 2737 598 2784 esse,
656 2719 916 2790 Spiritum
973 2727 1155 2774 autem
1197 2730 1446 2775 sanctum
1497 2717 1635 2774 Filio
1656 2729 1709 2774 et
1759 2717 1907 2773 Patri

339 2815 693 2884 conjunetum
753 2821 1000 2880 noverat,
1056 2812 1166 2868 Deo
1219 2812 1323 2884 ipsi
1392 2812 1641 2867 dicente:
1680 2832 1698 2864 (
1740 2812 1905 2876 Vade,

341 2905 572 2962 ascende
619 2906 686 2961 de
741 2905 864 2960 loco
917 2907 1024 2959 isto
1070 2913 1127 2960 tu
1169 2915 1221 2959 et
1269 2905 1502 2976 populus
1556 2913 1682 2959 tuus
1745 2919 1905 2973 quem

339 2997 576 3052 eduxisti
606 2996 673 3051 de
707 3007 847 3050 terra
871 2994 1115 3067 Egypti,
1160 2997 1212 3048 in
1261 3004 1462 3048 terram
1519 3009 1682 3064 quam
1726 2993 1905 3063 juravi

2012 515 2075 565 ἐκ
2093 512 2310 566 πάντων
2332 513 2534 568 τούτων
2563 514 2753 568 ἐστὶνὸ
2785 515 2852 584 τῇ
2874 513 2948 584 (5)
2991 514 3181 585 Τριάδι
3220 514 3596 585 συντασσόμε-

2011 621 2127 670 νος;
2163 606 2237 658 Οὐ
2284 605 2392 678 γὰρ
2426 605 2490 678 δὴ
2531 605 2732 670 πάντες
2775 605 2855 672 εἷς
2898 608 3004 660 εἰσι
3037 605 3112 676 τῷ
3161 605 3399 678 ἀριθμῷ·
3432 607 3466 677 ἢ
3505 606 3595 669 τίς

2010 696 2188 750 αὐτῶν
2227 698 2374 751 ἐστιν
2411 697 2440 748 ὁ
2479 697 2754 751 κατελθὼν
2782 699 2864 762 είς
2897 698 2987 751 τὸν
3047 696 3318 768 Ἰορδάνην
3354 697 3413 748 ἐν
3457 695 3593 749 εἴδει

2010 789 2370 859 περιστερᾶς;
2397 788 2578 842 Χίλιαι
2611 788 2722 860 γὰρ
2749 788 2986 859 χιλιάδες
3015 788 3120 842 εἰσὶ
3144 788 3240 841 καὶ
3271 787 3462 859 μύριαι
3487 805 3594 858 μυ-

2012 879 2192 951 ριάδες
2213 882 2261 933 οἱ
2288 879 2464 933 λειτου
2475 881 2749 951 ργοῦντες.
2773 884 2843 936 Ἢ
2871 881 2959 936 διὰ
2977 881 3050 945 τί,
3086 881 3454 952 ἀνοιγομένων
3476 879 3591 933 τῶν

2009 971 2286 1043 οὐρανῶν,
2326 974 2425 1025 οὐκ
2461 975 2697 1045 εἴρηται,
2743 975 2853 1027 Kal.
2887 974 3157 1044 κατῆλθεν
3185 975 3250 1027 ἐκ
3288 973 3398 1027 τῶν
3429 973 3590 1026 ἐκλε-

2011 1062 2154 1116 κτῶν
2185 1061 2452 1131 ἀγγέλων,
2480 1062 2638 1129 ἀλλὰ,
2667 1063 2727 1116 τὸ
2764 1063 2989 1134 Πνεῦμα
3015 1064 3075 1117 τὸ
3103 1065 3284 1133 ἀγιον;
3313 1065 3385 1118 Ἦ
3417 1063 3502 1117 διὰ
3529 1064 3590 1118 τί

2009 1155 2169 1218 αὐτὸς
2189 1155 2216 1206 ὁ
2245 1154 2446 1227 Κύριος
2474 1156 2601 1226 περὶ
2633 1156 2730 1226 μὲν
2752 1157 2850 1228 τῆς
2874 1156 3178 1221 συντελείας
3206 1156 3592 1226 διαλεγόμενος

2009 1247 2120 1308 τοῖς
2163 1245 2448 1316 μαθηταῖς,
2476 1245 2796 1300 διαστέλλων
2830 1248 2928 1318 μὲν
2949 1247 3161 1317 ἔλεγενο
3201 1267 3219 1298 ι
3276 1249 3596 1301 Ἀποστελεῖ

2008 1340 2036 1391 ὁ
2070 1339 2197 1402 Υἱὸς
2222 1337 2315 1391 τοῦ
2343 1338 2635 1410 ἀνθρώπου
2688 1341 2812 1403 τοὺς
2860 1340 3122 1409 ἀγγέλους
3157 1341 3320 1394 αὑτοῦ
3348 1356 3367 1406 ;
3415 1361 3432 1392 ι
3473 1342 3589 1396 Καὶ

2009 1431 2114 1504 πρὸ
2146 1430 2348 1484 τούτων
2382 1432 2595 1502 εἴρητο·
2635 1450 2653 1482 ‹
2690 1433 2752 1485 Ol
2783 1432 3000 1500 ἄγγελοι
3043 1432 3321 1502 διηκόνουν
3359 1433 3528 1504 αύτῷ.
3560 1454 3581 1485 ο

2009 1522 2120 1573 Kal.
2146 1523 2308 1575 πάλιν
2345 1522 2504 1584 αὐτὸς
2525 1522 2703 1591 λέγει·
2743 1541 2762 1574 α
2811 1521 3209 1586 Ἐξελεύσονται
3237 1524 3283 1574 οἱ
3305 1522 3545 1591 ἄγγελοι.
3563 1541 3582 1574 ι

2009 1615 2134 1678 Τοῖς
2176 1614 2233 1667 δὲ
2293 1614 2560 1684 μαθηταῖς
2613 1614 2786 1678 διδοὺς
2823 1615 2974 1681 ἔλεγε
3041 1632 3059 1664 ι
3096 1613 3300 1667 Λάϐετε
3361 1614 3592 1684 Πνεῦμα

2010 1708 2195 1776 ἅγιον·
2241 1727 2260 1758 ι
2290 1707 2632 1760 ἀποστέλλων
2659 1723 2720 1758 τε
2760 1706 2955 1769 αὐτοὺς
2995 1705 3180 1774 ἔλεγεο
3223 1725 3241 1756 ι
3283 1707 3593 1776 Πορευθέν-

2007 1815 2098 1862 τες
2151 1797 2528 1869 μαθητεύσατε
2566 1797 2642 1869 (4)
2685 1797 2864 1850 πάντα
2913 1797 2982 1850 τὰ
3033 1797 3160 1868 ἔθνη
3185 1839 3200 1862 ,
3234 1796 3594 1866 βαπτίζοντες

2009 1891 2202 1952 αὐτοὺς
2230 1891 2310 1952 εἰς
2336 1889 2396 1941 τὸ
2420 1889 2588 1958 ὄνομα
2621 1887 2712 1940 τοῦ
2751 1887 2964 1959 Πατρδς
2985 1927 2999 1952 ,
3045 1887 3140 1940 καὶ
3177 1886 3268 1940 τοῦ
3297 1885 3427 1940 Υἱοῦ
3445 1925 3459 1948 ,
3488 1888 3591 1939 καὶ

2009 1982 2102 2035 τοῦ
2137 1981 2290 2050 ἁγίου
2321 1981 2657 2051 Πνεύματος.
2703 1999 2722 2032 ι
2759 1981 2833 2033 Οὐ
2877 1980 2987 2050 γὰρ
3024 1980 3254 2048 ἄγγελον
3290 1978 3589 2032 συνέτασσε

2007 2079 2073 2146 τῇ
2097 2075 2331 2146 θεότητι,
2363 2075 2484 2128 οὐδὲ
2523 2077 2580 2127 ἐν
2613 2074 2870 2143 κτίσματι
2900 2073 3170 2142 συνῆπτεν
3211 2073 3359 2143 ἡμᾶς
3402 2070 3592 2142 ἐαυτῷ

2007 2183 2066 2220 τε
2090 2167 2183 2220 καὶ
2202 2165 2282 2236 τῷ
2303 2166 2496 2236 Πατρὶ,
2528 2163 2642 2217 ἀλλ’
2673 2165 2728 2216 ἐν
2749 2163 2826 2233 τῷ
2855 2162 3133 2233 Πνεύματι
3160 2163 3236 2233 τῷ
3263 2164 3420 2233 ἁγίῳ,
3442 2164 3590 2234 δπρ

2009 2257 2167 2320 αὐτὸς
2198 2256 2662 2325 ἐπαγγελλόμενος
2693 2254 2769 2324 (5)
2800 2254 2898 2307 οὐκ
2925 2254 3147 2324 εἴρηκεν
3182 2255 3410 2325 ἄγγελον
3445 2257 3590 2309 ἀπο-

2009 2349 2266 2410 στέλλειν,
2296 2347 2428 2401 am
2451 2365 2468 2398 ι
2495 2347 2555 2399 τὸ
2578 2346 2796 2416 Πνεῦμα
2825 2347 2924 2417 τῆς
2955 2346 3228 2416 ἀληθείας,
3258 2347 3286 2400 ὃ
3312 2347 3460 2419 παρὰ
3485 2347 3591 2401 τοῦ

2009 2440 2222 2509 Πατρδς
2246 2439 2625 2511 ἐκπορεύεται,
2668 2459 2686 2490 ›
2715 2440 2809 2492 καὶ
2840 2441 2904 2492 ἐκ
2952 2438 3047 2491 τοῦ
3095 2439 3261 2494 αὐτοῦ
3316 2439 3592 2510 λαμϐάνει

2008 2530 2103 2584 καὶ
2137 2529 2354 2582 δίδοται.

2082 2645 2168 2701 l2.
2206 2645 2316 2696 Καὶ
2335 2644 2540 2714 Μωσῆς
2569 2645 2619 2711 γ’
2649 2639 2762 2707 οὖν,
2793 2643 3076 2713 γινώσκων
3117 2647 3244 2710 τοὺς
3293 2645 3392 2718 μὲν
3415 2649 3588 2717 ἀγγέ-

2007 2735 2130 2798 λους
2155 2735 2447 2804 κτίσματα,
2477 2733 2534 2786 τὸ
2564 2734 2620 2786 δὲ
2645 2733 2869 2805 Πνεῦμα
2894 2733 2952 2787 τὸ
2988 2735 3142 2804 ἅγιον
3179 2735 3458 2806 ἡνωμένον
3503 2736 3592 2809 τῷ

2008 2825 2122 2896 Υίῷ
2149 2825 2243 2879 καὶ
2266 2825 2343 2895 τῷ
2372 2827 2567 2898 Πατρὶ,
2607 2825 2858 2895 λέγοντος
2891 2825 3039 2897 αὐτῷ
3076 2825 3171 2879 τοῦ
3194 2826 3329 2880 Θεοῦ
3348 2845 3363 2859 ο
3411 2847 3430 2879 ι
3472 2829 3592 2882 Πο-

2011 2917 2168 2988 ρεύου
2193 2958 2208 2982 ,
2243 2917 2472 2989 ἀνάϐηθι
2498 2917 2751 2970 ἐντεῦθεν
2779 2917 2842 2970 σὺ
2887 2917 2962 2988 (6)
2993 2918 3084 2970 καὶ
3111 2921 3139 2972 ὁ
3163 2920 3289 2983 λαός
3337 2937 3452 2985 σου,
3487 2920 3592 2986 οὓς

2008 3009 2272 3080 ἐξήγαγες
2303 3010 2367 3062 ἐκ
2399 3012 2500 3080 γῆς
2533 3010 2809 3078 Αἰγύπτου
2849 3012 2926 3073 είς
2973 3011 3070 3081 τὴν
3117 3011 3241 3080 γῆν,
3276 3011 3342 3082 ἦν
3389 3011 3585 3082 ὤμοσα

339 3087 642 3152 Abraham,
677 3087 828 3144 isaac
870 3095 924 3142 et
972 3085 1161 3154 Jacob,
1214 3087 1437 3142 dicens:
1468 3086 1672 3142 Scmiui
1720 3096 1902 3141 vestro

2009 3100 2082 3172 τῷ
2118 3101 2386 3172 Ἀϐραὰμ,
2413 3102 2506 3154 καὶ
2537 3100 2614 3171 τῷ
2649 3101 2854 3167 Ἰσαὰκ,
2891 3103 2984 3156 καὶ
3007 3102 3083 3173 τῷ
3134 3101 3330 3156 Ἰακὼὸ
3365 3103 3539 3170 λέγων
3566 3120 3583 3134 ·

342 3183 486 3237 dabo
507 3196 625 3236 eam
661 3189 755 3236 :et
791 3181 1002 3234 mittam
1036 3189 1161 3236 ante
1210 3180 1404 3235 faciem
1452 3189 1602 3234 tuam
1650 3181 1902 3250 angelum

346 3291 552 3340 meum,
581 3283 636 3330 et
676 3273 1242 3345 ejicietChananzenm
1262 3275 1328 3341 7';
1360 3293 1376 3325 ι
1429 3273 1480 3328 id
1511 3274 1802 3338 recusavit,
1832 3275 1905 3328 ita

339 3366 676 3436 respondens
708 3381 722 3418 :
760 3383 779 3416 ι
809 3362 922 3419 Nisi
953 3365 1068 3435 ipse
1101 3365 1466 3435 proﬁciscaris
1497 3364 1805 3432 nobiseum,
1836 3379 1906 3420 ne

339 3473 428 3512 me
455 3473 520 3512 ex
544 3449 793 3513 isto'loco
825 3457 1025 3512 educas
1054 3458 1118 3508 ⁷⁸.
1163 3476 1181 3508 ι
1215 3453 1438 3510 Nolcbat
1489 3471 1683 3524 nempe
1733 3471 1906 3525 popu-

339 3548 452 3604 lum
483 3565 511 3604 a
539 3565 599 3604 re
638 3559 821 3604 creata
852 3548 1000 3615 duci,
1031 3564 1099 3603 ne
1138 3548 1218 3603 rei
1270 3558 1464 3602 creatae
1513 3549 1695 3617 potius
1743 3562 1908 3616 quam

341 3642 454 3698 Deo
477 3643 717 3696 omnium
749 3640 998 3696 Creatori
1030 3639 1235 3694 servire
1263 3639 1552 3694 discerent.
1583 3637 1742 3694 Certe
1767 3637 1906 3692 idem

340 3735 431 3789 ille
485 3734 576 3804 qui
621 3735 871 3805 angelum
921 3734 1116 3788 ducem
1167 3731 1369 3786 habere
1411 3737 1685 3793 renuerat,
1739 3731 1907 3784 Deum

338 3819 516 3900 ipsum
550 3837 608 3880 ut
636 3827 719 3880 sui
752 3825 860 3880 dux
903 3833 1049 3879 esset
1095 3822 1327 3893 rogavit.
1382 3819 1539 3887 Quod
1574 3837 1699 3875 cum
1761 3825 1905 3876 Deus

337 3919 612 3989 pollicitus
679 3915 782 3985 ipsi
834 3913 1174 3983 responderit
1211 3931 1224 3966 :
1266 3931 1284 3962 ι
1338 3909 1405 3964 Et
1461 3911 1605 3966 istud
1677 3911 1901 3966 verbum

338 4021 514 4074 tuum,
569 4009 714 4079 quod
773 4007 984 4061 locutus
1034 4020 1114 4070 es,
1150 4002 1345 4058 faciam
1392 4019 1407 4054 :
1458 4003 1710 4058 invenisti
1757 4004 1901 4058 enim

339 4101 569 4172 gratiam
598 4114 781 4153 coram
836 4113 942 4161 me,
998 4105 1053 4151 et
1103 4096 1226 4149 novi
1256 4103 1308 4149 te
1341 4109 1450 4166 pra:
1484 4095 1797 4152 omnibus'o
1826 4109 1840 4150 :
1877 4114 1895 4148 ι

301 4197 306 4206 ’
334 4207 458 4245 cum
490 4191 618 4244 item
646 4189 770 4243 inde
793 4188 848 4242 in
879 4187 1019 4243 Isaia
1061 4188 1326 4256 scriptum
1357 4187 1600 4258 legamus
1637 4205 1650 4242 :
1683 4205 1701 4238 ι
1738 4185 1841 4254 Qui
1869 4205 1900 4244 e

2007 3189 2096 3260 Τῷ
2123 3192 2393 3262 σπέρματι
2417 3191 2570 3262 ὑμῶν
2615 3191 2772 3245 δώσω
2803 3195 2970 3264 αὑτήν
2995 3211 3008 3222 ·
3051 3195 3146 3247 καὶ
3199 3195 3586 3248 συναποστελῶ

2007 3283 2113 3354 πρὸ
2144 3283 2429 3354 προσώπου
2465 3301 2558 3336 σου
2591 3283 2679 3336 τὸν
2707 3285 2935 3352 ἄγγελόν
2978 3303 3098 3356 μου,
3132 3286 3226 3340 καὶ
3245 3274 3463 3340 ἐκϐαλεῖ
3489 3286 3589 3340 τὸν

2005 3376 2305 3428 Χαναναίον
2326 3391 2340 3405 ο
2378 3393 2395 3427 ι
2435 3378 2779 3446 παραιτεῖται
2814 3376 2890 3446 (7)
2921 3375 3094 3444 λέγων
3117 3395 3129 3407 ·
3168 3395 3187 3428 ι
3219 3377 3280 3430 Et
3310 3378 3383 3448 μὴ
3423 3377 3589 3442 αὐτὸς

2007 3465 2326 3539 συμπορεύῃ
2371 3464 2487 3537 μεθ’
2521 3465 2700 3536 ἡμῶν,
2733 3467 2805 3538 μή
2835 3483 2902 3538 με
2929 3468 3211 3540 ἀναγάγῃς
3240 3468 3509 3523 ἐντεῦθεν.
3555 3487 3582 3521 δ

2005 3559 2118 3611 Οὐκ
2140 3557 2387 3611 ἐϐούλετο
2413 3559 2520 3629 γὰρ
2541 3558 2746 3630 κτίσμα
2773 3559 2847 3630 (8)
2885 3561 3247 3632 προηγεῖσθαι
3289 3561 3384 3614 τοῦ
3423 3561 3583 3622 λαοῦ.

2006 3648 2092 3703 ἵνα
2124 3649 2198 3720 μὴ
2245 3649 2455 3720 μάθωσι
2497 3649 2779 3721 λατρεύειν
2817 3654 2884 3723 τῇ
2932 3653 3108 3705 κτίσει
3150 3653 3302 3724 παρά
3341 3653 3433 3706 τὸν
3473 3654 3590 3708 κτί-

2010 3756 2173 3792 σαντα
2198 3740 2267 3792 τά
2291 3741 2466 3794 πάντα
2489 3739 2642 3794 Θεόν.
2686 3740 2922 3812 Ἀμέλει,
2946 3743 3033 3796 τὸν
3057 3742 3284 3812 ἄγγελον
3316 3760 3587 3816 παραιτη-

2008 3832 2258 3902 σάμενος,
2289 3832 2587 3904 παρεκάλει
2620 3833 2780 3886 αὐτὸν
2813 3833 2905 3887 τὸν
2933 3834 3064 3888 Θεὸν
3095 3835 3456 3906 καθηγεῖσθαι
3482 3838 3588 3890 αὺ-

2006 3921 2136 3975 τῶν.
2168 3919 2274 3974 Τοῦ
2299 3921 2355 3974 δὲ
2379 3920 2513 3974 Θεοῦ
2543 3920 3008 3993 ἐπαγγειλαμένου
3038 3920 3130 3975 καὶ
3164 3921 3408 3986 εἰπόντος
3443 3923 3585 3995 πρὸς
3691 3986 3703 3995 _

2007 4010 2166 4065 αὐτόν
2196 4009 2303 4082 (9)·
2347 4028 2365 4061 ι
2401 4009 2510 4064 Καὶ
2536 4009 2722 4064 τοῦτόν
2759 4026 2851 4065 σου
2890 4010 2980 4064 τὸν
3007 4009 3164 4080 λόγον
3188 4053 3202 4078 ,
3237 4011 3296 4065 ὃν
3327 4013 3583 4083 εἴρηκας,

2006 4103 2215 4176 ποιήσω
2234 4121 2247 4134 ο
2278 4101 2516 4174 εὕρηκας
2536 4103 2644 4176 γάρ
2670 4104 2828 4176 χάριν
2856 4102 3083 4157 ἐνώπιόν
3107 4121 3230 4175 μου,
3257 4103 3349 4158 καὶ
3378 4099 3497 4157 οἷδά
3517 4119 3585 4158 σι

2007 4196 2157 4266 παρά
2182 4197 2418 4260 πάντας*
2452 4213 2472 4249 ι
2498 4196 2805 4268 γέγραπται
2837 4197 2894 4248 ἐν
2925 4195 3002 4265 τῷ
3040 4195 3269 4266 Ἡσαΐᾳ*
3311 4212 3332 4245 ι
3373 4193 3430 4248 ’0
3450 4194 3586 4247 ἀνα-
3622 4263 3630 4272 _

334 4291 476 4336 terra
503 4280 691 4336 eduxit
710 4288 983 4350 pastorem
1011 4279 1194 4333 ovium
1221 4297 1236 4332 :
1264 4277 1358 4333 ubi
1379 4285 1464 4333 est
1496 4277 1590 4348 qui
1629 4279 1813 4350 posuit
1845 4280 1898 4335 in

2009 4287 2236 4351 6ι6ἀσας
2263 4289 2328 4341 ἐκ
2354 4288 2451 4357 τῆς
2479 4287 2582 4360 γῆς
2604 4287 2694 4340 τὸν
2725 4285 2959 4360 ποιμένα
2985 4285 3092 4339 τῶν
3121 4283 3409 4357 προϐάτων
3430 4301 3443 4314 ’
3473 4283 3581 4338 ποῦ

402 4462 442 4491 ⁷¹
487 4460 622 4512 Dan.
653 4473 748 4518 vn,
783 4458 869 4510 10.
943 4455 1191 4510 "Matth.
1224 4471 1338 4521 xm,
1368 4456 1457 4509 41.

332 4546 523 4595 xxviii,
568 4531 647 4585 l9.

407 4714 484 4785 (3)
523 4711 616 4785 _Sic
644 4710 793 4785 llegii
829 4710 852 4762 1
891 4719 945 4762 et
976 4709 1031 4774 '2,
1065 4705 1382 4785 ;Gohl.
1417 4717 1471 4762 et
1503 4708 1737 4764 Felckm.
1777 4714 1888 4780 pri-

331 4779 474 4840 mus.
511 4782 700 4836 Czeteri
733 4788 911 4833 autem
939 4788 991 4833 et
1022 4779 1174 4841 editi,
1205 4780 1264 4831 ὲν
1285 4781 1373 4900 Ἦ,
1409 4789 1512 4833 etc.

403 4855 477 4900 (In
519 4851 675 4900 Gohl.
703 4858 757 4900 et
782 4847 1017 4900 Felckm.
1043 4849 1272 4900 nrimus.
1353 4848 1512 4900 νεῦμα

403 4855 477 4925 (lt)
513 4851 675 4925 AG_obl.
703 4858 757 4904 et
782 4847 1017 4925 Eelckm.
1043 4849 1272 4925 primus,
1304 4847 1526 4918 Πνεῦμα
1565 4849 1738 4917 ἅγιον,
1775 4851 1891 4913 καὶ,

333 4918 686 4989 πορευθέντες
717 4918 1112 4989 μαθητεύσατε,
1145 4923 1250 4989 εις.

404 4976 482 5064 is)
525 4976 1139 5064 Sic‘ilegiusuprimus,
1179 4985 1302 5064 Sag.
1334 4988 1489 5043 Gobl.
1536 4996 1615 5064 et.
1643 4987 1892 5064 πεπτω,

329 5057 695 5134 ργίἰῐιιιε.-Α1ἰὶ
809 5059 960 5134 editi,
988 5057 1491 5134 ΔἐπαγγειλάμενοςῘ
1544 5057 1678 5134 Ibid.
1721 5058 1892 5134 _Regii

328 5126 352 5188 ἦ
387 5144 438 5188 et
466 5133 522 5198 2,
569 5130 694 5200 Seg.
727 5127 882 5200 Gobl.
911 5127 1148 5200 Felcktn.
1171 5126 1175 5127 ⁷
1197 5126 1687 5200 ρι’-ἰηιιιδηᾼιιειίος-
1709 5126 1886 5200 Βοεῖί.

321 5197 534 5266 0tt0b.,
564 5197 666 5254 οὐκ
711 5199 930 5270 εἴρηκεν
977 5197 1615 5270 ἄγγελονλὰποστέλλειν,
1640 5197 1776 5270 ἀλλὰ
1827 5199 1890 5270 τδ

322 5265 569 5335 ῐΙνευμα,
599 5278 729 5331 etc.,
764 5265 856 5322 ubi
889 5265 1071 5322 tamen
1091 5266 1277 5331 Basil.,
1313 5267 1665 5320 ἐπιστέλλειν.
1697 5265 1891 5324 Caeteri

316 5346 371 5387 et
405 5338 554 5400 editi,
591 5338 869 5408 mendose,
906 5337 1006 5408 οὐκ
1031 5338 1241 5408 εἴρηκε
1281 5337 1506 5408 Πνεῦμα
1547 5338 1887 5408 ἀωστέχειν.

323 5409 450 5463 Mox
480 5409 610 5462 ibid.
637 5407 791 5465 Gobl.
825 5407 1138 5461 et'Fclckm.
1164 5407 1393 5476 primus,
1422 5407 1622 5474 Regius
1650 5407 1882 5476 primus,

328 5477 864 5549 Seg.,ﬁxrropgﬁevgn
897 5477 992 5530 ita).
1021 5480 1085 5549 ἐκ
1128 5477 1221 5530 τοῦ
1253 5478 1415 5549 αὑτοῦ
1462 5476 1747 5549 λαμϐάνει,
1781 5488 1886 5533 etc.

325 5549 378 5602 in
404 5545 527 5602 Βοὴ
552 5587 566 5601 .
598 5545 662 5602 σι’
688 5545 935 5617 Feckm.
963 5548 1138 5616 primo
1171 5549 1263 5599 καί
1297 5548 1449 5602 deest
1496 5545 1618 5617 post
1636 5546 1881 5617 _Slaorat.

321 5618 678 5688 Anglicanus,
702 5612 1084 5688 ἐκπορεύεται.
1121 5617 1239 5688 Kal.
1260 5612 1572 5688 Μωῡσῆς’γ’
1603 5612 1694 5670 οὖν
1729 5618 1888 5685 γινώ-

324 5705 491 5741 σκων.
519 5687 712 5750 (ἴωσι-ἰ
740 5695 792 5740 et
831 5687 978 5752 editi,
1013 5687 1388 5756 ἐκπορεύεται.
1435 5687 1543 5740 Kal.
1573 5690 1883 5756 γικώσκων,

1537 4456 1599 4530 "_"
1622 4455 1810 4530 Matth.
1837 4475 1907 4522 iv,

2016 4503 2028 4516 .
2106 4465 2154 4496 ’δ
2194 4464 2381 4519 Matth.
2416 4481 2534 4529 xm,
2566 4466 2654 4520 49.
2735 4466 2779 4497 "
2819 4463 2977 4519 Joan.
3009 4482 3101 4530 xx,
3133 4463 3225 4519 22.
3300 4463 3350 4497 ’⁸
3385 4462 3578 4519 Matth.

725 4529 767 4557 ⁷⁷
806 4526 962 4582 Joan.
1001 4543 1085 4589 xv,
1125 4526 1360 4592 '26;xv1,
1394 4525 1482 4579 14.
1557 4525 1602 4556 ⁷³
1643 4522 1816 4582 Exod.
1855 4545 2051 4595 χχχιιι,
2081 4535 2132 4598 l,
2161 4534 2216 4588 2.

2295 4536 2339 4567 τ’
2380 4535 2516 4591 ibid.
2556 4536 2645 4590 15.
2721 4535 2769 4566 ⁸⁸
2807 4534 2936 4592 ibid.
2977 4534 3064 4599 17,
3097 4534 3184 4588 18.

1995 4726 2100 4838 et?
2132 4715 2268 4771 Ibid.
2294 4716 2448 4787 Regii
2484 4718 2510 4771 ι
2547 4726 2602 4773 et
2625 4717 2680 4786 2,
2709 4717 2859 4790 Seg.,
2885 4719 3178 4791 κτισματα.
3211 4719 3314 4774 Alii
3336 4731 3390 4775 et
3419 4722 3580 4786 editi,

1997 4804 2062 4838 κτ
2089 4803 2203 4838 σιια
2212 4827 2224 4838 .

1994 4803 2342 4979 ἰζὲξδζ-Ξῖετ,
2377 4857 2610 4912 ἐνταῦθα
2646 4860 2734 4926 σύ,
2767 4870 2871 4916 etc.
2905 4860 3028 4916 Mox
3057 4859 3340 4928 0ttobon.,
3377 4863 3443 4916 ἐκ
3473 4861 3582 4932 τῆς

2063 4944 2403 5073 ἓῗῗιῖἲιηιιε
2417 4999 2594 5073 _codex
2615 4999 2837 5073 Regius,
2859 5000 3010 5072 Seg.,
3027 4999 3578 5073 «rapat-rel'ragGobl.

1993 5065 2590 5142 et__Felckm._primus,
2621 5065 2904 5142 Ottobon"
2933 5065 3284 5142 τιταραίτείτο.
3337 5071 3483 5142 Editi
3518 5082 3582 5128 et.

1991 5136 2114 5214 alii;
2135 5136 2512 5214 παρῃτήσατο.
2546 5139 2668 5195 Mox
2715 5140 2920 5214 Regius
2973 5136 3364 5214 primus_,gS_eg.
3399 5141 3576 5214 _Gobl.

1990 5204 2311 5285 et__F:elclirii.
2342 5204 2572 5285 primus,
2625 5204 2949 5285 συμπονρεύῃ
2974 5204 3057 5266 ἰιι
3085 5223 3138 5268 et
3164 5204 3342 5267 LXX:
3380 5212 3488 5268 Alii
3521 5223 3584 5268 et.

1990 5277 2138 5352 editi:
2176 5277 2554 5352 ενμτεόρεύστιο
3453 5323 3459 5328 η

2063 5345 2156 5471 (ὃί
2183 5345 2275 5404 Sic
2304 5345 2460 5430 Regii
2492 5345 2532 5404 t"
2556 5360 2612 5405 et
2641 5349 2696 5414 2,
2737 5351 2862 5424 Seg.
2897 5351 3069 5433 Basil.
3089 5353 3373 5435 Anglican.
3411 5352 3580 5436 Gobl.

1992 5412 2118 5471 Felc
2162 5434 2236 5473 m.
2279 5435 2514 5474 primus.
2567 5419 2824 5474 Ottobon.
2877 5422 3075 5474 Caneri
3132 5433 3186 5474 et
3229 5425 3400 5474 editi.
3459 5440 3584 5474 κτι-

2037 5422 2236 5473 elckm.
2279 5422 2514 5488 primus,
2567 5422 2832 5477 Ottobon.
2877 5422 3075 5477 Caneri
3132 5422 3196 5478 et’
3229 5425 3400 5488 editi,
3459 5422 3549 5476 κτί

1989 5502 2388 5689 ῑζξέδαὶὶεείυε
2411 5561 2445 5614 2
2477 5571 2530 5617 οι
2558 5560 2800 5618 Fclckm.
2831 5563 2886 5630 2,
2920 5578 3046 5619 cum
3088 5563 3270 5630 editis,
3308 5563 3448 5636 πρὸς
3471 5563 3579 5617 αὐ-
