3834 6220
275 289 377 348 561

1402 290 1749 348 ΕΡιετοιΑ
1783 291 1803 346 Ι
1842 292 1934 346 AD
1973 289 2426 348 SERAPLOPSEM.

3405 272 3528 350 ’τος

272 431 426 488 ἔστιν
450 428 482 483 6
509 427 624 493 θεὶς
651 431 708 483 ιν
727 431 907 494 αὐτοῖς
928 431 991 485 τὸ
1019 431 1242 504 Πνεῦμα
1273 432 1333 486 τὸ
1358 433 1512 502 ἅγιον
1535 474 1549 496 ,
1579 436 1609 490 6
1648 434 1857 502 ἀναγα-

1971 434 2097 506 ipsis
2127 435 2390 504 Spiritum
2434 442 2708 499 sanctum,
2753 433 2848 504 qui
2895 431 3117 506 Moysen
3163 433 3386 490 dextera
3436 435 3530 491 de-

271 519 388 588 γὼν
427 517 544 591 (10)
577 521 642 590 τῇ
677 518 826 590 δεξιᾷ
849 521 1086 590 Μωσῆν;
1127 541 1146 574 ι
1187 522 1282 576 καὶ
1323 523 1438 592 μετ’
1488 522 1644 591 ὀλίγα
1689 524 1854 593 φησί·

275 631 298 664 ι
333 611 555 682 Κατέση
576 609 800 682 Πνεῦμα
826 613 978 683 παρὰ
1000 614 1205 686 Κυρίου
1227 613 1621 686 καὶὼδήγησεν
1640 614 1858 679 αὐτούς.

273 703 462 766 υῦτως
497 703 706 774 ἤγαγες
746 703 839 757 τὸν
883 702 1012 756 λαόν
1064 721 1158 758 σου
1218 705 1449 776 ποιήσας
1494 705 1606 777 (11)
1651 705 1860 776 σεαυτῷ

272 793 447 865 δνομα
467 794 626 866 δόξης
644 811 657 825 ·
689 813 708 847 ι
735 795 818 858 τίς
839 797 905 848 ἐκ
927 796 1131 850 τούτων
1151 797 1212 850 οὐ
1238 799 1440 870 συνορᾷ
1458 799 1555 869 τὴν
1581 798 1858 870 ἅλήθειαν;

275 883 386 938 Τοῦ
418 884 531 955 γὰρ
556 885 690 938 θεοῦ
721 887 1193 958 ἐπαγγειλαμένου
1223 888 1602 959 καθηγεῖσθαι,
1629 890 1737 944 ἰδοῦ
1760 891 1862 943 οὐκ

273 978 360 1032 ἔτι
392 978 622 1046 ἄγγελον
649 977 1041 1046 ἐπαγγέλλεται
1084 979 1342 1048 πέμπειν,
1374 980 1512 1034 ἀλλὰ
1548 981 1611 1033 τὸ
1636 980 1861 1051 Πνεῦμα

275 1068 467 1131 αὑτοῦ,
503 1069 532 1122 ὃ
576 1069 723 1122 ἐστιν
753 1068 894 1139 ὑπὲρ
921 1070 1048 1132 τοὺς
1074 1069 1338 1137 ἀγγέλους
1361 1109 1376 1136 ,
1422 1071 1517 1124 καὶ
1555 1071 1688 1124 αὐτὸ
1731 1070 1864 1126 καθ-

276 1159 586 1232 ηγούμενόν
628 1161 745 1214 ἐστι
773 1159 869 1212 τοῦ
897 1159 1049 1216 λαοῦ.
1078 1160 1190 1214 Καὶ
1215 1160 1506 1225 δείκνυται,
1535 1161 1617 1215 ὅτι
1659 1161 1719 1214 οὐ
1752 1161 1862 1215 τῶν

277 1252 619 1323 κτισμάτων,
654 1250 774 1304 οὐδὲ
795 1251 1025 1320 ἄγγελός
1059 1253 1176 1304 ἐστι
1198 1252 1258 1305 τὸ
1280 1252 1532 1323 Πνεῦμα,
1580 1253 1714 1306 ἀλλὰ
1753 1252 1863 1307 ἄνω

277 1345 381 1416 τῆς
423 1343 658 1406 κτίσεως
704 1346 850 1398 ἐστιν
887 1344 996 1416 (12)
1021 1383 1036 1408 ,
1080 1345 1360 1414 ἡνωμένον
1399 1348 1466 1415 τῇ
1511 1344 1723 1416 θεότητι
1766 1343 1860 1399 τοῦ

279 1435 518 1506 Πατρός.
555 1434 724 1497 Αὐτὸς
752 1435 861 1506 γὰρ
883 1437 912 1491 6
940 1435 1071 1498 Θεὸς
1095 1435 1184 1490 διὰ
1222 1434 1317 1488 τοῦ
1361 1437 1534 1504 Λόγου
1591 1437 1649 1488 ὲν
1695 1436 1863 1490 Πνεῦ-

283 1542 415 1596 ματι
444 1524 738 1596 καθηγεῖτο
769 1526 864 1578 τοῦ
910 1525 1074 1579 λαοῦο
1101 1526 1225 1580 ὅθεν
1263 1526 1356 1580 καὶ
1400 1526 1490 1581 διὰ
1541 1528 1720 1596 πάσης
1762 1527 1864 1596 τῆς

277 1619 508 1688 Γραφῆς
547 1635 730 1688 φησιν’
769 1636 788 1669 t
833 1617 973 1687 Ἐγὼ
1003 1620 1275 1690 ἀνήγαγον
1324 1618 1437 1690 (15)
1471 1619 1616 1688 ὑμᾶς
1661 1620 1726 1671 ὲκ
1762 1619 1865 1689 γῆς

279 1709 558 1777 Αἰγύπτου
579 1725 594 1739 ο
653 1710 929 1780 μάρτυρες
997 1710 1154 1779 ὑμεῖς
1187 1712 1330 1774 ἐστε,
1378 1711 1427 1763 εί
1451 1709 1582 1773 Θεὸς
1611 1705 1680 1781 ἦν
1713 1709 1866 1764 ἀλλό-

1959 529 2118 584 duxit
2166 527 2244 580 '1?
2269 547 2290 582 ι
2348 537 2404 584 et
2449 528 2612 598 paulo
2651 535 2814 598 post:
2849 526 3173 583 «Descendit
3207 526 3446 597 Spiritus
3497 545 3526 580 a

1962 621 2194 676 Domino
2219 630 2274 676 et
2300 621 2494 676 ductor
2513 619 2728 676 illorum
2761 619 2884 676 fuit.
2920 618 3011 674 Sic
3033 619 3238 675 duxisti
3264 615 3525 689 populoin

1961 721 2138 775 tuum.
2193 721 2256 767 ut
2294 711 2501 768 faceres
2548 713 2644 767 tibi
2677 727 2877 767 nomen
2920 711 3106 782 gloriae
3134 709 3218 762 '1':
3254 728 3274 762 ι
3301 710 3426 780 quis
3460 724 3529 764 ex

1961 803 2049 858 his
2077 803 2362 858 veritatem
2385 817 2496 858 non
2521 802 2815 873 perspicit?
2843 800 2982 856 Nam
3005 817 3128 856 cum
3162 800 3308 856 Deus
3337 815 3400 855 se
3427 800 3529 855 du-

1961 909 2079 949 cem
2114 895 2297 964 populi
2326 893 2442 949 l’ore
2466 899 2612 949 esset
2650 893 2947 963 pollicitus,
2975 908 3101 948 ecce
3152 907 3262 948 non
3287 892 3401 963 jam
3429 905 3531 945 an-

1962 983 2163 1052 gelum,
2197 983 2291 1038 sed
2317 997 2476 1038 suum
2497 981 2781 1050 Spiritum,
2801 981 2894 1051 qui
2913 981 3119 1049 angelis
3149 980 3400 1051 superior
3421 987 3526 1044 est,

1961 1073 2244 1128 ductorem
2295 1071 2481 1141 populi
2541 1085 2602 1127 se
2652 1071 2951 1127 missurum
3007 1071 3299 1142 promittit.
3347 1068 3529 1137 Quare

1962 1169 2111 1233 patet
2149 1162 2412 1232 Spiritum
2451 1177 2560 1217 non
2614 1177 2682 1218 ex
2729 1163 2894 1219 rebus
2927 1162 3126 1219 creatis
3153 1176 3332 1233 neque
3362 1177 3531 1234 ange-

1964 1256 2076 1310 lum
2100 1270 2242 1320 esse,
2268 1255 2364 1311 sed
2393 1255 2558 1311 rebus
2582 1255 2842 1310 omnibus
2882 1255 3081 1311 creatis
3114 1254 3449 1324 superiorem
3475 1261 3531 1309 et

1963 1345 2141 1402 Patris
2191 1345 2466 1401 divinitati
2513 1347 2867 1416 conjunctum
2923 1360 3066 1401 esse.
3118 1343 3366 1415 Namque
3414 1346 3532 1415 ipse

1964 1439 2110 1494 Deus
2165 1453 2262 1509 per
2302 1437 2540 1494 Verbum
2588 1439 2644 1493 in
2708 1439 2914 1509 Spiritu
2969 1439 3231 1509 populum
3263 1438 3529 1501 ducebat;

1965 1531 2110 1587 unde
2156 1546 2253 1602 per
2278 1539 2448 1586 totam
2489 1530 2825 1600 Scripturam
2872 1539 3141 1586 testatur:
3180 1549 3200 1582 ‹
3226 1529 3340 1601 Ego
3367 1527 3532 1584 eduxi

1966 1636 2063 1676 vos
2083 1621 2152 1677 de
2184 1629 2329 1676 terra
2351 1618 2572 1692 Egypti
2602 1636 2614 1671 :
2643 1627 2807 1675 testes
2835 1634 2931 1676 vos
2955 1621 3111 1686 estis,
3143 1620 3187 1674 si
3226 1618 3372 1674 Deus
3395 1618 3530 1672 alie-

1966 1725 2071 1766 nus
2093 1718 2212 1765 erat
2231 1710 2288 1765 in
2307 1710 2463 1765 vobis
2493 1721 2690 1780 prater
2729 1724 2815 1764 me
2831 1709 2898 1763 ⁸³.
2935 1727 2958 1764 ι,
2987 1708 3175 1764 Sancti
3208 1723 3427 1780 quoque
3457 1708 3533 1762 ita

278 1817 430 1872 τριος
454 1802 510 1852 ὲν
545 1801 672 1870 ὑμῖν
697 1779 1010 1871 πλὴνίὲμοῦ.
1057 1821 1075 1852 ι
1112 1801 1220 1854 Καὶ
1267 1802 1316 1854 oi
1342 1800 1489 1870 ἅγιοι
1520 1799 1578 1852 δὲ
1605 1779 1860 1872 ττροσφωρ

1971 1800 2075 1856 Deo
2118 1801 2458 1872 loquuntur:
2494 1779 2516 1853 ξ
2565 1801 2849 1856 Deduxisti
2901 1800 3045 1855 sicut
3085 1815 3216 1856 oves
3267 1799 3532 1871 populum

279 1891 433 1947 νοῦσι
461 1891 540 1963 τῷ
566 1891 685 1963 Θεῷ
708 1907 723 1923 ο
767 1912 786 1944 ι
839 1892 1138 1964 Ὠδήγησας
1187 1893 1262 1956 ὡς
1294 1892 1541 1964 πρόϐατα
1586 1892 1677 1946 τὸν
1734 1893 1860 1945 λαόν

281 1999 381 2038 σου
405 2003 419 2017 ·
451 2005 468 2038 ι
487 1986 602 2047 καὶ,
628 2004 646 2037 t
670 1985 961 2056 Ὠδήγησεν
990 1985 1186 2048 αὐτοὺς
1208 1984 1409 2056 Κύριος
1425 1985 1512 2038 ἐπ’
1531 1983 1704 2038 ἐλπίδι
1723 1987 1739 2054 ζ
1748 1984 1857 2055 11),

278 2079 379 2132 καὶ
411 2079 512 2132 οὐκ
549 2077 870 2134 ὲδειλίασαν.
921 2097 941 2130 ι
981 2077 1168 2147 Τούτῳ
1199 2077 1292 2130 καὶ
1340 2077 1430 2129 τὸν
1475 2075 1640 2147 ῦμνον
1675 2077 1860 2130 ἀνατι-

275 2169 439 2224 θέασι
467 2169 714 2239 λέγοντες
736 2186 748 2202 ·
784 2187 804 2220 r
846 2167 936 2239 Τῷ
967 2169 1276 2237 διαγαγόντι
1312 2169 1402 2222 τὸν
1443 2168 1568 2222 λαὸν
1615 2168 1778 2222 αὐτοῦ
1805 2170 1862 2221 ὲν

278 2263 350 2332 τῇ
387 2261 600 2332 ἐρήμῳ,
623 2261 707 2313 ὅτι
733 2261 812 2324 είς
833 2259 924 2312 τὸν
957 2257 1132 2313 αίῶνα
1154 2259 1216 2310 τὸ
1241 2257 1388 2320 έλεος
1409 2257 1595 2311 αὐτοῦ.
1628 2277 1646 2308 ι
1705 2258 1762 2310 ὐ
1805 2257 1862 2310 δὲ

286 2353 463 2424 μέγας
509 2353 716 2422 Μωσῆς
750 2349 987 2421 συνεχῶς
1023 2350 1288 2420 διηγεῖται
1337 2348 1478 2418 (15)·
1537 2366 1554 2397 ι
1591 2346 1795 2417 Κύριος
1835 2347 1864 2399 6

281 2445 418 2509 Θεὸς
452 2446 480 2498 6
529 2444 1000 2516 προπορευόμενος
1039 2443 1146 2514 πρὸ
1185 2440 1476 2512 προσώπου
1511 2440 1684 2510 ὑμῶν.
1731 2458 1749 2490 ›
1789 2439 1864 2492 Τὸ

281 2538 397 2608 ἄρα
427 2537 518 2590 τοῦ
549 2536 684 2590 Θεοῦ
713 2535 936 2606 Πνεῦμα
963 2535 1062 2588 οὐκ
1093 2533 1158 2588 ἂν
1190 2535 1276 2604 εἴη
1313 2533 1560 2601 ἄγγελος,
1597 2531 1718 2584 οὐδὲ
1750 2529 1867 2583 κτί-

284 2647 422 2699 σμα,
451 2629 566 2684 ἀλλ’
598 2628 726 2682 ἴδιον
753 2627 850 2697 τῆς
871 2625 1122 2698 Θεότητος
1171 2623 1354 2679 αὐτοῦ.
1405 2624 1512 2676 Τοῦ
1549 2623 1656 2694 γὰρ
1702 2620 1866 2676 Πνεύο

288 2738 460 2792 ματος
499 2721 648 2784 ὄντος
679 2721 737 2772 ὲν
765 2719 843 2788 τῷ
869 2716 1003 2788 λαῷ,
1033 2719 1061 2770 6
1081 2716 1211 2780 Θεὸς
1239 2716 1304 2770 δι’
1331 2715 1462 2768 Υἱοῦ
1495 2717 1554 2769 ὲν
1587 2708 1865 2785 Πνεῦματι

284 2808 358 2884 ἦν
385 2814 443 2866 ὲν
471 2814 676 2875 αὐτοῖς.

365 2906 450 2962 15.
496 2906 634 2959 Ἀλλ’
661 2904 800 2958 ἔστω
823 2902 1016 2966 ταῦτα,
1043 2901 1174 2972 φασὶ
1202 2901 1295 2954 καὶ
1329 2899 1519 2953 αὐτοί·
1563 2898 1650 2952 διὰ
1683 2899 1735 2950 τί
1771 2893 1864 2951 οὖν

283 2997 318 3050 6
379 2995 702 3058 Ἀπόστολος
735 2993 874 3064 μετὰ
928 2992 1020 3046 τὸν
1065 2989 1298 3062 Χριστὸν
1354 2990 1454 3041 οὐκ
1513 2987 1762 3057 ὠνόμασε
1806 2986 1867 3039 τὸ

1958 1904 2112 1950 tuum
2144 1895 2243 1947 “.i
2269 1894 2369 1950 Et:
2395 1915 2413 1946 ε
2449 1893 2675 1950 Deduxit
2699 1909 2795 1950 eos
2819 1893 3086 1948 Dominus
3117 1894 3170 1947 in
3206 1907 3323 1963 spe,
3347 1903 3401 1946 et
3421 1906 3534 1946 non

1959 1989 2342 2044 timuerunt”.
2376 2007 2394 2040 ι
2429 1987 2570 2045 Huic
2631 1988 2804 2043 eidem
2860 1989 3120 2058 hymnum
3167 1986 3404 2040 oﬂ‘erunt
3437 1986 3534 2054 qui

1960 2079 2116 2133 aiunt
2154 2095 2168 2132 :
2205 2097 2225 2130 ι
2249 2077 2352 2144 Qui
2378 2077 2617 2132 traduxit
2638 2077 2897 2148 populum
2928 2092 3090 2131 suum
3121 2091 3214 2146 per
3233 2076 3532 2142 desertum,

1959 2169 2221 2240 quoniam
2255 2170 2312 2224 in
2379 2171 2639 2225 saeculum
2700 2169 3076 2225 misericordia
3135 2169 3254 2238 ejus
3271 2169 3336 2222 ⁸⁵.
3371 2186 3389 2220 ι
3421 2166 3537 2234 Ma-

1961 2276 2102 2332 gnus
2146 2275 2279 2315 vero
2333 2259 2546 2332 Moyses
2590 2261 2884 2316 identidem
2929 2261 3124 2330 repetit
3159 2276 3173 2312 :
3211 2279 3231 2312 ‹
3270 2259 3536 2316 Dominus

1963 2350 2106 2406 Deus
2132 2351 2227 2420 qui
2274 2351 2429 2421 praeit
2473 2360 2599 2406 ante
2655 2351 2850 2406 faciem
2908 2360 3145 2406 vestram
3180 2351 3246 2405 ⁸⁷.
3274 2369 3292 2402 ι
3347 2349 3536 2420 Itaque

1963 2441 2059 2496 Dei
2089 2443 2328 2512 Spiritus
2355 2459 2461 2498 non
2497 2452 2582 2498 est
2607 2445 2834 2514 angelus
2869 2457 3046 2512 neque
3093 2459 3180 2498 res
3213 2450 3413 2506 creata,
3438 2441 3535 2497 sed

1963 2533 2084 2602 ejus
2121 2533 2420 2588 divinitatis
2451 2542 2535 2588 est
2572 2534 2847 2603 proprius.
2887 2531 3020 2586 Nam
3045 2547 3170 2587 cum
3198 2530 3437 2602 Spiritus
3478 2531 3535 2584 in

1965 2624 2169 2693 pOpulo
2201 2632 2368 2689 esset,
2401 2622 2546 2678 Deus
2575 2639 2671 2694 per
2699 2623 2897 2678 Filium
2927 2624 2982 2678 in
3014 2622 3220 2693 Spiritu
3248 2623 3302 2677 in
3339 2622 3534 2678 iisdem

1965 2723 2103 2769 erat.

2039 2891 2126 2947 15.
2169 2892 2368 2948 Verum
2399 2892 2513 2947 haec
2540 2893 2614 2946 ita
2637 2891 2765 2957 sint,
2797 2893 3054 2962 inquiunt
3086 2892 3164 2948 illi
3199 2907 3212 2945 :
3243 2907 3343 2947 cur
3366 2892 3536 2962 igitur

1968 2985 2262 3056 Apostolus
2295 2995 2419 3054 post
2445 2985 2747 3050 Christum,
2779 3001 2890 3040 non
2921 2986 3182 3055 Spiritum
3214 2983 3378 3055 529
3407 3000 3537 3039 san—

286 3087 516 3156 Πνεῦμα
548 3085 609 3138 τὸ
642 3085 820 3153 ἅγιον,
846 3081 981 3137 ἀλλὰ
1001 3083 1126 3146 τοὺς
1155 3080 1444 3142 ἐκλεκτοὺς
1467 3078 1764 3147 ἀγγέλου;;
1797 3077 1864 3130 Τὸ

1971 3086 2136 3140 ctum,
2167 3077 2258 3131 sed
2277 3077 2477 3132 electos
2490 3077 2710 3146 angelos
2749 3077 3088 3132 nominavit?
3110 3076 3275 3145 Atqui
3300 3075 3440 3131 idem
3468 3078 3538 3131 ab

286 3179 422 3235 αὐτὸ
450 3180 494 3232 δ’
519 3179 583 3232 ἄν
604 3195 685 3241 τις
715 3177 914 3240 αὐτοὺς
945 3175 1260 3248 ἐρωτήσειε·
1293 3171 1392 3225 Διὰ
1415 3170 1468 3224 τί
1499 3169 1574 3241 μὴ
1598 3168 1871 3241 ἀρχαγγέ-

285 3269 438 3337 λους,
458 3268 592 3340 μηδὲ
610 3266 720 3340 (16)
743 3264 1029 3338 χερουϐιμ,
1066 3264 1199 3334 μηδὲ
1224 3261 1465 3332 σεραφὶμ
1484 3300 1496 3321 ,
1533 3259 1668 3330 μηδὲ
1690 3257 1873 3328 κυριό-

284 3379 482 3436 τητας,
511 3360 644 3431 μηδὲ
671 3358 910 3430 θρόνους,
939 3355 1074 3426 μηδὲ
1101 3354 1290 3426 ἒτερὸν
1324 3369 1398 3418 τι,
1433 3350 1547 3405 ἀλλ’
1583 3349 1872 3411 ἐκλεκτοὺς

289 3455 490 3527 μόνους
513 3452 781 3522 ἀγγέλους
808 3449 1091 3519 ὠνόμασεν
1123 3447 1152 3499 6
1179 3445 1424 3509 Παῦλος;
1454 3439 1580 3513 'Ap’
1613 3436 1728 3503 οὖν,
1748 3440 1870 3492 ἐπεὶ

291 3548 371 3621 μὴ
403 3545 576 3608 οῦτως
601 3543 904 3614 ὠνόμασεν,
934 3542 984 3594 οἱ
1016 3539 1234 3609 ἄγγελοι
1263 3533 1589 3608 ἀρχάγγελοί
1615 3535 1752 3587 εἰσιν
1771 3573 1785 3597 ,
1829 3533 1862 3603 ἢ

292 3639 445 3711 μόνοι
474 3635 694 3706 ἄγγελοί
735 3636 863 3695 εισι,
893 3632 987 3686 καὶ
1020 3629 1142 3684 οὔτε
1177 3629 1452 3700 σεραφὶμ,
1495 3626 1527 3696 ἢ
1562 3623 1827 3696 χερουϐὶμ
1847 3665 1860 3687 ,

285 3731 392 3786 οὐκ
415 3727 766 3800 ὰρχάγγελοι,
797 3725 916 3778 οὐδὲ
943 3723 1282 3793 κυριότητες,
1313 3721 1373 3772 οὐ
1399 3718 1597 3789 θρόνοι,
1635 3717 1734 3769 οὐκ
1769 3717 1864 3786 ἀρ-

287 3823 404 3895 χαὶ,
433 3821 533 3890 οὐχ
576 3819 764 3890 ἕτερόν
793 3835 844 3870 τι
872 3817 1052 3882 tactv;
1091 3813 1250 3868 Ἀλλὰ
1276 3811 1433 3866 τοῦτό
1458 3813 1606 3863 ἐστιν
1625 3809 1868 3876 ἀνάγκην

292 3914 396 3985 μὲν
421 3910 732 3966 ὲτιιῢάλλειν
753 3907 830 3978 τῷ
871 3906 1198 3976 Ἀποστόλῳ,
1227 3905 1314 3959 διὰ
1352 3903 1401 3956 τί
1437 3903 1510 3974 μὴ
1535 3902 1726 3964 οὕτως,
1755 3901 1868 3954 ἀλλ’

287 4005 465 4068 οὕτως
488 4002 745 4074 ἔγραψεν,
781 4002 994 4069 ἀγνοεῖν
1021 3998 1077 4051 δὲ
1103 3997 1200 4062 τὰς
1228 3996 1374 4058 θείας
1397 3994 1638 4066 Γραφὰς,
1667 3995 1760 4046 καὶ
1785 3993 1872 4046 διὰ

287 4093 451 4149 τοῦτο
480 4089 784 4146 πλανᾶσθαι
811 4090 939 4160 περὶ
971 4089 1084 4160 (17)
1115 4087 1212 4158 τὴν
1253 4085 1531 4156 ἀλήθειαν.
1588 4084 1720 4137 Ἰδοὺ
1761 4083 1870 4154 γὰρ

291 4183 448 4256 παρὰ
469 4182 567 4253 μὲν
586 4179 665 4250 τῷ
691 4180 887 4249 Ἡσαΐᾳ
910 4178 1219 4256 γέγραπται
1237 4193 1252 4207 °
1281 4195 1299 4227 ‹
1327 4173 1712 4246 Προσαγάγετε
1736 4173 1872 4244 πρὸς

294 4254 503 4347 μὲ,κα“ι
525 4272 794 4327 ἀκούσατε
829 4254 1030 4324 ταῦτα’
1077 4271 1191 4324 Οὐκ
1229 4271 1324 4324 ἀπ’
1373 4266 1546 4338 ἀρχῆς
1585 4267 1642 4319 ὲν
1687 4267 1866 4336 κρυφῇ

1970 3169 2077 3224 llis
2095 3168 2289 3223 merito
2315 3169 2440 3238 quis
2466 3170 2772 3226 sciscitetur
2798 3187 2811 3223 :
2830 3168 3010 3236 Quare
3028 3185 3134 3223 non
3154 3168 3534 3238 archangelos.

1967 3275 2141 3330 neque
2157 3260 2461 3326 cherubim,
2481 3277 2658 3331 neque
2684 3262 2964 3330 seraphin,
2997 3276 3172 3330 neque
3209 3255 3539 3314 dominatio-

1966 3367 2082 3417 nes,
2105 3368 2280 3422 nequc
2315 3353 2562 3419 thronos,
2595 3368 2773 3422 neque
2803 3352 2932 3422 quid
2955 3352 3122 3416 aliud,
3150 3351 3242 3406 sed
3261 3351 3408 3406 solos
3423 3349 3536 3406 ele-

1967 3453 2088 3498 ctos
2105 3444 2323 3512 angelos
2349 3443 2550 3500 Paulus
2574 3445 2914 3500 nominavit?
2933 3444 3072 3498 Num
3100 3457 3252 3513 ergo,
3275 3443 3403 3511 quia
3426 3457 3535 3495 non

1967 3536 2041 3590 ita
2061 3538 2382 3602 nominavit,
2401 3537 2576 3607 angeli
2603 3546 2731 3592 sunt
2751 3537 3201 3608 archangeliJ‘aut
3225 3537 3326 3591 soli
3359 3535 3539 3606 angeli

1968 3629 2260 3694 exsistunt,
2291 3630 2534 3700 nullique
2566 3638 2693 3684 sunt
2751 3629 3024 3698 seraphim
3080 3636 3175 3683 aut
3229 3629 3535 3694 cherubim,

1970 3720 2104 3774 nulli
2149 3721 2460 3790 archangeli
2508 3728 2562 3774 et
2608 3720 3032 3784 dominationes,
3071 3720 3202 3774 nulli
3250 3718 3432 3772 throni
3485 3725 3541 3772 et

1970 3810 2333 3880 principatus,
2375 3810 2512 3863 nihil
2560 3810 2797 3878 denique
2845 3810 2992 3864 aliud
3043 3808 3294 3864 exsistit?
3333 3807 3536 3861 Verum

1934 3902 1942 3910 '
1969 3900 2025 3954 id
2057 3901 2332 3970 inquirere
2363 3899 2496 3953 nihil
2532 3900 2680 3954 aliud
2721 3910 2822 3964 est,
2848 3915 3012 3968 quam
3069 3898 3323 3966 Apostolo
3351 3913 3540 3953 neces-

1969 3992 2183 4047 sitatem
2218 3992 2322 4045 hoc
2365 3991 2447 4045 vel
2477 3991 2570 4045 illo
2589 3992 2756 4046 modo
2787 3990 3058 4046 scribendi
3111 3991 3410 4060 imponere,
3437 4004 3539 4044 nec

1969 4101 2080 4139 non
2114 4085 2327 4140 divinas
2355 4086 2667 4155 Scripturas
2709 4085 2978 4156 ignorare,
3012 4100 3076 4140 ac
3123 4085 3352 4154 proinde
3379 4099 3410 4138 a
3453 4098 3540 4140 ve-

1969 4174 2128 4228 ritate
2156 4174 2431 4230 aberrare.
2475 4174 2614 4231 Ecce
2661 4175 2805 4229 enim
2845 4174 2987 4245 apud
3030 4173 3224 4229 Isaiam
3271 4173 3536 4243 scriptum

1972 4266 2202 4337 legimus
2233 4283 2246 4319 :
2279 4285 2296 4319 ι
2337 4266 2590 4335 Accedite
2613 4266 2682 4320 ad
2718 4281 2806 4322 me
2835 4274 2889 4320 et
2919 4265 3102 4321 audite
3131 4267 3246 4321 hazc
3271 4282 3286 4320 :
3316 4263 3434 4320 Non
3468 4265 3538 4320 ab

363 4437 406 4472 ’ί
443 4437 546 4494 lsa.
583 4452 740 4500 LXIII,
771 4437 859 4494 11,
896 4435 982 4488 12.
1058 4435 1102 4466 δ’
1137 4433 1264 4487 ἰὶιίεί.
1303 4433 1387 4486 11.
1465 4432 1512 4465 ³⁸
1535 4432 1707 4487 Levit.
1731 4447 1805 4494 χι,
1836 4431 1864 4482 1

1976 4430 2128 4486 Deut.
2152 4447 2326 4491 xxxii.
2357 4429 2739 4498 '59;lsa.'xt.v,
2775 4430 2876 4496 2i;
2909 4429 3032 4486 Ose.
3066 4429 3256 4498 xttt,4.
3327 4429 3374 4462 ⁸⁸
3391 4428 3533 4486 Psal.

290 4525 477 4574 uxvr,
513 4508 603 4561 21.
680 4506 726 4538 ⁸³
767 4505 909 4562 Psal.
943 4520 1144 4568 Lxxvn,
1174 4504 1260 4557 55.

348 4667 476 4758 ⁹(10)
514 4664 716 4738 Regius
737 4663 971 4735 primus,
996 4661 1118 4733 Seg.
1140 4661 1296 4716 Gohl.
1321 4672 1373 4713 et
1399 4658 1636 4712 Fclckm.
1658 4658 1710 4721 l,
1732 4659 1868 4726 ἀγα·
1902 4663 1945 4716 D

288 4757 479 4875 vum)
517 4805 1014 4878 Regittsprimus,_
1038 4799 1187 4871 Seg.,
1238 4802 1480 4878 ποιῆσαι.
1706 4797 1868 4878 iidem

286 4891 349 4938 et
371 4868 540 4962 'Go'bl.
573 4868 630 4934 εἷ
663 4868 903 4930 Felcktn.
939 4868 1166 4944 primus,
1219 4868 1446 4940 σεαυτῷ.
1487 4868 1593 4962 {alii
1633 4877 1686 4922 et
1719 4869 1868 4934 editi,

290 4956 493 5102 έαῖξὲῗ
519 5017 612 5073 Sic
646 5016 799 5088 Regii
833 5017 858 5070 1
908 5026 962 5069 et
988 5014 1044 5080 2,
1078 5012 1201 5082 Seg.
1238 5009 1430 5065 Czcteri
1462 5020 1514 5062 et
1545 5008 1674 5061 editi
1711 5009 1866 5060 ἐστίν

281 5111 315 5148 Ο
330 5099 676 5229 Tigurini.
710 5156 966 5229 Felckm.
981 5155 1211 5229 primus,
1225 5150 1353 5229 ἕθεν
1370 5148 1460 5202 καί
1484 5165 1646 5229 φησιν
1667 5164 1680 5178 ·
1721 5144 1862 5229 Ἐγὼ

283 5217 592 5300 ἀνήγαγον,
621 5237 726 5282 etc.
762 5228 897 5281 lbid.
936 5217 1097 5280 iidem
1139 5232 1191 5277 et
1225 5221 1428 5298 Regios
1470 5217 1700 5297 primus,
1733 5217 1858 5286 Seg.

287 5302 460 5355 Basil.
493 5301 638 5370 ὑμᾶς
668 5298 894 5363 addunt,
926 5312 1049 5366 quae
1080 5309 1188 5348 vox
1217 5294 1286 5346 ab
1317 5292 1438 5345 altis
1473 5299 1528 5342 et
1571 5289 1730 5342 cdttis
1763 5290 1860 5341 ah-

283 5380 480 5508 ρςιίιι)
521 5439 612 5493 Sic
640 5438 844 5508 Regius
879 5438 1112 5507 primus,
1145 5431 1273 5503 ξος.
1306 5429 1589 5508 δνβϋθωλ
1621 5427 1776 5508 69‘3"
1811 5436 1866 5481 θι

293 5497 534 5565 Ρείοιῑᾶη.
568 5497 798 5580 ρι’ἰηιιῖε.
833 5497 935 5562 Alii
972 5497 1248 5580 autent-et
1283 5497 1416 5580 editi
1442 5513 1630 5580 vocem
1661 5497 1862 5580 Κύριος

292 5569 915 5654 omittunt;habentque
958 5580 1015 5630 ὲν
1050 5573 1246 5654 ὲλ-πίδι.
1273 5571 1465 5654 ,Ριξυιοι
1495 5575 1746 5654 post‘pro
1777 5569 1862 5620 λέ-

292 5667 503 5718 γοντες,
563 5650 759 5716 Regitts
810 5637 1040 5718 primus,
1091 5645 1218 5715 Sag.
1272 5637 1509 5704 habent,
1545 5637 1854 5707 ψάλλοντες.

292 5720 551 5776 Ottobon.
564 5757 576 5779 ,
607 5719 665 5772 λέ
679 5736 850 5787 γοντα.

1341 4505 1387 4534 ⁸⁸
1409 4502 1552 4557 Psal.
1584 4518 1784 4565 cxxxv,
1829 4501 1908 4556 16.
1990 4502 2033 4534 ⁸⁷
2074 4502 2230 4556 Deut.
2256 4517 2294 4568 I,
2325 4504 2412 4568 50,
2445 4501 2534 4555 ⁸55.

2049 4659 2159 4730 (l5)
2201 4657 2740 4730 Συνεχῶςδιηγεῖται
2765 4657 3023 4730 om_ittu_nt_
3042 4655 3270 4730 Go_hl._et
3295 4655 3536 4730 Felcktn.

1973 4724 2202 4798 primus.
2231 4724 2368 4782 Mei
2395 4729 2526 4798 ibid.
2550 4724 2722 4798 iidem
2750 4736 2803 4780 et
2831 4724 2982 4792 Regii
3006 4727 3098 4798 let
3114 4727 3168 4789 2,
3195 4726 3344 4798 Seg.,
3363 4727 3536 4798 ὑμῶν.

1968 4795 2071 4853 Alii
2102 4807 2156 4854 et
2182 4800 2333 4858 editi.
2353 4797 2530 4868 ἡμῶν.
2551 4796 2682 4868 Item
2715 4798 2881 4868 paulo
2911 4805 3050 4868 post,
3078 4795 3282 4864 Regius
3304 4795 3535 4868 prit'nus,

1971 4869 2094 4952 Seg.
2128 4865 2501 4952 habent,
2539 4867 2674 4952 iam
2715 4867 2834 4948 τῆς,
2863 4866 3132 4952 Θεότητος,
3167 4875 3272 4920 etc.
3318 4865 3388 4920 At
3433 4881 3540 4920 ca:-

1967 4935 2068 4996 ter’i
2099 4948 2153 4993 et
2189 4939 2342 5002 editi,
2373 4938 2510 4992 ἀλλὰ
2547 4937 2748 5007 μᾶλλον
2773 4935 2874 5006 τῆς
2899 4935 3172 5007 θεότητος.

2039 4977 2089 5078 (Ii
2189 4977 2772 5080 ’ῥῖἴμῆἓῖεἷ
2781 4977 3177 5080 {{éin
3202 5014 3264 5080 _et
3295 5005 3535 5080 Felckm.

1967 5076 2176 5150 primus
2202 5081 2235 5149 ἦ
2268 5076 2662 5150 habent._lbid.
2693 5076 2894 5150 Regius
2926 5076 3344 5150 pt'ittius,_Seg.,
3383 5077 3536 5150 ἐκλε-

1967 5146 2128 5214 Ξιτοὺς
2161 5146 2352 5230 μόνους
2383 5148 2668 5230 ἀγγέλους.
2699 5146 2836 5230 Etliti
2857 5161 3004 5230 ~vero
3026 5156 3082 5230 _et
3113 5146 3212 5228 alii.
3231 5147 3538 5230 νοερῷ-μό-

1967 5237 2090 5283 νους
2119 5215 2395 5274 omittunt.
2434 5215 2557 5272 Mox
2613 5233 2715 5272 vox
2768 5215 2977 5278 Παῦλος
3006 5217 3157 5270 deest
3201 5217 3254 5270 in
3297 5215 3454 5270 Gohl.
3483 5227 3540 5272 et

1969 5291 2204 5346 Felckm.
2243 5291 2297 5352 1,
2329 5291 2420 5358 qui
2453 5291 2615 5342 iidem
2661 5285 2821 5358 paulo
2861 5295 3001 5354 post,
3029 5286 3412 5358 ἄγγελοίείσι,
3443 5287 3538 5358 δαὶ.

1965 5361 2087 5484 ἓῦτε
2135 5363 2191 5414 αί
2246 5355 2636 5433 προειρημέναι
2664 5355 2936 5427 δυνάμεις
2979 5357 3134 5410 εἰσίν.
3176 5355 3335 5409 Ἀλλὰ
3380 5355 3538 5409 τοῦτό

1997 5449 2101 5484 στι.
2125 5441 2229 5484 etc.

1997 5449 2101 5493 στι,
2125 5441 2229 5486 etc.

2041 5503 2154 5573 (17)
2197 5501 2286 5556 Sic
2322 5501 2525 5572 Regius
2553 5503 2784 5572 primus,
2821 5499 2946 5573 ξος.
2986 5499 3302 5573 Alii_autem
3337 5505 3392 5551 et
3423 5496 3541 5550 edi-

1967 5568 2238 5696 ἓξπάρά.
2273 5568 2440 5628 Paulo
2471 5568 2594 5643 post
2627 5573 2787 5626 iidem
2823 5568 2950 5624 Reiz.
2990 5580 3042 5624 et
3084 5568 3336 5640 Seguer.,
3369 5582 3540 5642 προσ·-

2003 5659 2158 5696 γαγε.

2003 5659 2158 5712 γαγε.
