3834 6220
313 302 419 359 563

906 306 965 361 S.
1005 305 1377 365 ATHANASII
1415 307 1569 365 OPP.
1612 307 1792 366 PARS
1825 310 1865 365 Ι.
1906 284 1981 353 -ν
2012 280 2386 368 RISTDRICA
2420 312 2508 368 ET
2543 312 2946 371 DOGMATICA

3453 274 3559 368 sui

309 419 473 478 initio
500 422 555 478 in
609 422 930 480 abscondito
974 424 1191 482 locutus
1232 442 1385 495 sum;
1420 443 1545 483 cum
1592 426 1878 494 ﬂeret,.ibi

1995 429 2276 501 tela-Matr
2317 431 2480 502 ήνίκα
2503 422 2739 499 ἐγένετο,
2756 431 2875 484 εκεῖ
2904 421 3078 500 ήμην)
3114 429 3207 482 καὶ
3233 427 3328 482 νῦν
3351 426 3563 501 Κύριος

310 529 463 570 eram
498 533 515 571 :
545 523 600 571 et
647 531 793 572 nunc
841 515 1105 573 Dominus
1174 518 1324 573 misit
1386 534 1472 573 me
1522 528 1576 574 et
1644 517 1880 589 Spiritus

311 602 434 674 eius
450 605 517 659 ⁸⁸.
541 623 563 659 ι
612 605 680 662 Ει
707 606 849 677 apud
874 607 1130 678 Aggmum
1166 626 1179 662 :
1214 625 1234 660 ι
1262 608 1327 662 Et
1369 624 1517 663 nunc
1540 608 1875 674 confortare,

311 696 635 763 Zorobabel,
668 698 798 754 dicit
835 698 1118 765 Dominus,
1169 708 1225 755 et
1264 700 1595 763 confortare,
1637 697 1766 756 Jesu
1801 700 1875 756 ﬁli

308 788 560 852 Josedec,
591 789 849 845 sacerdos
872 804 1086 860 magne,
1120 800 1173 846 et
1202 791 1537 848 confortetur
1558 793 1741 850 omnis
1782 807 1882 863 po-

309 879 471 949 pulus
531 887 707 946 terrae,
756 881 890 936 dicit
941 880 1229 947 Dominus,
1262 892 1318 939 et
1371 883 1562 947 facite,
1622 886 1879 955 quoniam

306 983 411 1037 ego
436 969 718 1026 vobiscum
744 986 889 1032 sum,
922 971 1054 1027 dicit
1097 971 1364 1028 Dominus
1404 975 1770 1044 omnipotens.
1817 974 1887 1029 Et

312 1055 554 1129 Spiritus
597 1074 753 1116 meus
817 1062 970 1117 stetit
1039 1063 1093 1117 in
1163 1063 1343 1119 medio
1410 1065 1578 1122 vestri
1601 1066 1670 1120 ”.
1709 1084 1729 1117 ι
1778 1064 1879 1143 llic

312 1149 455 1218 apud
481 1159 775 1220 utrumque
829 1152 1174 1222 prophetam,
1211 1155 1383 1210 solius
1426 1154 1642 1212 Domini
1666 1165 1719 1212 et
1753 1156 1875 1228 Spi-

307 1242 451 1296 ritus
481 1240 541 1297 fit
580 1242 786 1297 mentio
827 1260 841 1295 :
882 1244 1011 1313 quid
1064 1246 1231 1314 igitur
1274 1246 1342 1301 a-‘l
1386 1250 1438 1303 id
1472 1248 1669 1304 dicturi
1712 1249 1879 1303 sunt?

308 1329 446 1386 Nam
477 1332 610 1388 sieo
633 1334 777 1404 quod
794 1332 998 1390 Paulus
1028 1326 1231 1391 Christi
1275 1340 1605 1394 mentionem
1654 1338 1879 1404 faciens,

311 1421 381 1476 de
410 1419 617 1492 Spiritu
645 1424 895 1491 tacuerit,
924 1432 979 1479 et
1002 1425 1302 1481 electorum
1338 1428 1658 1497 angelorum
1686 1429 1882 1483 memi‘

312 1512 459 1567 nerit
486 1530 501 1579 ;
527 1512 595 1581 si,
631 1515 878 1585 inquam,
908 1530 1027 1571 eam
1061 1516 1133 1571 ob
1172 1532 1394 1573 causam
1431 1518 1694 1590 Spiritum
1740 1520 1883 1574 inter

311 1605 539 1675 angelos
561 1606 833 1662 collocare
871 1608 1010 1663 nihil
1040 1618 1301 1665 verentur
1333 1629 1347 1665 :
1387 1620 1558 1666 restat
1594 1621 1653 1666 ut
1687 1627 1756 1667 ex
1795 1613 1882 1667 his

310 1695 648 1766 propheticis
690 1698 893 1766 verbis,
942 1699 1107 1755 iidem
1162 1700 1231 1757 de
1279 1701 1375 1755 illo
1406 1701 1500 1771 qui
1546 1702 1622 1756 ibi
1664 1701 1882 1758 silentio

1982 520 2288 575 ἀπέσταλκε
2322 537 2413 592 με,
2445 522 2540 576 καὶ
2571 521 2633 576 τὸ
2663 521 2889 593 Πνεῦμα
2915 519 3110 574 αὐτοῦ·
3159 538 3178 572 ι
3214 519 3367 591 παρὰ
3386 519 3445 574 δὲ
3480 518 3565 589 τῷ

1994 612 2232 685 Ἀγγαίῳ
2258 630 2273 643 ο
2308 630 2327 664 ι
2356 612 2467 667 Καὶ
2497 613 2594 668 νῦν
2623 612 2735 684 (18)
2771 613 3028 683 κατίσχυε
3058 611 3384 681 Ζοροϐάϐελ,
3411 612 3565 681 λέγει

1983 701 2204 773 Κύριος,
2239 701 2333 756 καὶ
2360 702 2619 773 κατίσχυε
2658 701 2829 772 Ἰησοῦ
2861 700 2999 756 ὁτοῦ
3032 699 3299 764 Ἰωσεδὲκ,
3325 703 3355 755 6
3384 702 3567 773 ἱερεὺς

1981 800 2011 850 6
2041 797 2231 866 μέγας,
2263 796 2414 865 λέγει
2443 796 2668 869 Κύριος.
2704 797 2815 849 Καὶ
2847 794 3188 865 κατισχυέτω
3223 795 3332 857 πᾶς
3364 795 3393 847 6
3429 793 3563 857 λαὸς

1981 889 2080 957 τῆς
2102 886 2224 957 γῆς,
2248 886 2396 954 λέγει
2429 885 2633 957 Κύριος
2657 903 2671 916 ·
2700 885 2794 939 καὶ
2819 889 3044 949 ποιεῖτε,
3083 884 3218 938 διότι
3250 884 3370 955 μεθ’
3406 884 3566 953 ὑμῶν

1982 976 2092 1045 ἐγώ
2112 979 2247 1048 είμι,
2273 977 2421 1046 λέγει
2440 976 2644 1051 Κύριος
2665 976 3080 1048 παντοκράτωρ,
3112 977 3204 1031 καὶ
3235 976 3296 1029 τὸ
3334 975 3566 1046 Πνεῦμά

1986 1085 2086 1139 μου
2130 1068 2428 1139 ἐφέστηκεν
2461 1071 2521 1123 ὲν
2555 1068 2704 1139 μέσῳ
2734 1067 2906 1139 ὑμῶν.
2946 1087 2965 1120 ι
3002 1069 3113 1122 Καὶ
3144 1070 3276 1139 παρ’
3319 1068 3566 1138 ἀμφοτέ-

1984 1174 2099 1228 ροις
2121 1161 2234 1222 τοῖς
2263 1158 2570 1231 προφήταις
2599 1158 2727 1229 περὶ
2750 1158 2912 1228 μόνου
2950 1158 3045 1211 τοῦ
3089 1159 3298 1230 Κυρίου
3334 1158 3432 1211 καὶ
3467 1157 3568 1211 τοῦ

1982 1248 2298 1319 Πνεύματος
2342 1251 2529 1322 μνήμη
2564 1248 2778 1318 γέγονε.
2808 1249 2873 1302 Τί
2918 1250 3092 1303 τοίνυν
3134 1250 3230 1302 καὶ
3277 1251 3407 1321 περὶ
3445 1247 3573 1302 τού·

1979 1357 2071 1392 του
2094 1340 2205 1408 (19)
2240 1342 2534 1413 φήσουσιν;
2556 1341 2619 1393 El
2651 1339 2782 1412 γὰρ,
2811 1340 3000 1411 ἐπειδὴ
3023 1341 3119 1393 τοῦ
3147 1339 3389 1412 Χριστοῦ
3427 1357 3570 1410 μνη-

1984 1428 2252 1499 μονεύσας
2269 1430 2298 1481 6
2317 1429 2529 1494 Παῦλος
2547 1429 2675 1499 περὶ
2692 1430 2791 1500 μὲν
2811 1428 2906 1482 τοῦ
2926 1430 3240 1501 Πνεύματος
3262 1427 3567 1500 ἐσιώπησε,

1978 1520 2085 1571 τῶν
2124 1520 2179 1572 δὲ
2203 1519 2473 1574 ἐκλεκτῶν
2498 1522 2743 1592 ἀγγέλων
2776 1521 3170 1593 ἐμνημόνευσε,
3203 1520 3292 1574 διὰ
3322 1520 3485 1575 τοῦτο
3505 1522 3581 1573 ὲν

1979 1612 2232 1680 ἀγγέλοις
2275 1610 2338 1664 τὸ
2382 1611 2607 1683 Πνεῦμα
2657 1613 3041 1667 συντάττουσιν
3063 1630 3078 1644 ο
3112 1610 3261 1682 ὥρα,
3314 1612 3409 1665 κα)⁵
3448 1614 3571 1675 τοῖς

1982 1704 2337 1772 προφητικοῖς
2369 1703 2578 1766 τούτοις
2629 1703 3059 1783 ἐντυγχάνοντας
3093 1701 3246 1773 (20),
3291 1702 3541 1773 τολμηρό

311 1782 583 1838 omittitur
603 1783 865 1841 audacius
899 1786 1198 1857 disputent.
1232 1788 1368 1845 Nam
1409 1791 1455 1846 si
1485 1790 1669 1847 dicant
1700 1782 1882 1846 Domi-

1995 1808 2139 1864 ιερον
2165 1794 2363 1857 αὐτοὺς
2382 1793 2782 1861 διαλογίζεσθαι
2812 1796 2906 1849 καὶ
2937 1795 3064 1867 περὶ
3093 1793 3187 1848 τοῦ
3212 1793 3570 1865 σεσιωπημὲο

310 1887 445 1928 num
470 1889 612 1943 esse,
640 1877 784 1932 idem
810 1892 936 1934 esse
968 1894 1034 1935 ac
1058 1877 1257 1934 Filium
1293 1895 1417 1936 esse
1443 1896 1459 1934 :
1488 1881 1618 1952 quid
1636 1880 1704 1937 de
1728 1881 1890 1938 Patre

311 1962 513 2020 dicturi
563 1969 725 2022 sunt?
770 1966 829 2022 Si
883 1983 1013 2024 vero
1074 1969 1207 2024 illud
1249 1969 1318 2025 de
1356 1969 1519 2026 Patre
1564 1970 1887 2042 intelligant,

312 2056 444 2126 quid
477 2055 678 2114 dicturi
704 2069 833 2116 sunt
864 2061 932 2116 de
961 2060 1139 2116 Filio?
1180 2060 1380 2117 Procul
1409 2071 1591 2119 autem
1622 2064 1765 2119 absit
1803 2065 1889 2120 vel

311 2163 348 2206 ι
367 2148 483 2205 sola
517 2149 861 2221 cogitatione,
887 2166 951 2206 ea
979 2166 1102 2222 qua:
1127 2166 1194 2207 ex
1222 2152 1439 2207 illorum
1462 2152 1731 2209 sententia
1758 2168 1891 2209 con-

312 2241 563 2311 sequitur
596 2241 868 2313 impietas.
903 2241 1109 2313 Nempe
1132 2243 1255 2299 illos
1286 2245 1621 2313 respondere
1664 2257 1889 2300 necesse

313 2343 418 2399 est,
442 2337 527 2388 vel
556 2334 764 2390 nullum
814 2335 969 2390 illum
1003 2351 1148 2404 esse,
1169 2336 1276 2402 vel,
1308 2337 1452 2406 quod
1502 2337 1724 2392 silentio
1757 2352 1889 2407 pra:-

312 2426 606 2483 termissus
629 2428 723 2493 sit,
752 2443 877 2483 eum
904 2428 1049 2483 inter
1077 2443 1166 2482 res
1193 2440 1405 2483 creatas
1428 2443 1815 2483 annumerare.

276 2546 280 2553 ι
386 2516 475 2587 14.
516 2515 658 2584 Quid
692 2519 821 2572 item
850 2518 1049 2574 dicturi
1084 2528 1241 2583 sunt,
1274 2521 1320 2574 si
1355 2520 1532 2588 ipsum
1565 2519 1731 2575 etiam
1777 2517 1887 2571 Do-

316 2607 524 2662 minum
559 2608 827 2663 dicentem
866 2608 1177 2663 audierint:
1218 2627 1237 2659 ι
1284 2607 1459 2663 Judex
1503 2609 1724 2682 quidam
1772 2619 1890 2663 erat

317 2698 373 2751 in
407 2698 643 2769 quadam
672 2699 911 2765 civitate,
945 2700 1040 2768 qui
1072 2699 1242 2754 Deum
1273 2715 1380 2754 non
1427 2702 1671 2766 timebat,
1705 2709 1761 2755 et
1790 2701 1890 2755 ho-

318 2789 520 2845 minem
560 2805 671 2845 non
707 2791 1059 2846 reverebatur
1098 2791 1166 2845 '°.
1205 2810 1224 2841 ι
1279 2790 1536 2861 Nunquid
1588 2793 1714 2862 quia
1768 2801 1891 2861 post

317 2878 491 2935 Deum
550 2881 830 2937 hominem
879 2882 1204 2948 nominavit,
1245 2883 1335 2937 ille
1387 2884 1550 2938 homo
1590 2891 1675 2939 est
1718 2881 1888 2938 Filius

316 2987 480 3042 quem
515 2972 755 3044 iniustus
775 2975 945 3045 judex
976 2989 1086 3030 non
1114 2976 1430 3030 reveretur?
1476 2976 1558 3030 An
1594 2975 1730 3030 forte
1758 2977 1888 3045 quia

316 3071 442 3132 post
468 3062 663 3128 Deum,
706 3064 979 3121 hominem
1010 3064 1332 3127 subdiderit,
1363 3066 1557 3119 tertius
1604 3075 1686 3119 est
1720 3064 1888 3120 Filius

316 3162 442 3223 post
473 3152 774 3216 hominem.
804 3162 857 3209 et
885 3164 1116 3224 quartus
1149 3152 1387 3223 Spiritus
1430 3154 1695 3208 sanctus?
1724 3152 1888 3219 Quid,

318 3243 367 3298 si
405 3245 728 3314 Apostolum
767 3245 954 3300 eadem
986 3243 1229 3315 Epistola
1257 3259 1450 3298 rursus
1480 3244 1748 3299 dicentem
1788 3259 1891 3297 au-

318 3334 472 3389 diant
537 3352 558 3386 ι
593 3334 856 3404 Praecipio
915 3335 1012 3390 tibi
1056 3350 1243 3391 coram
1300 3334 1453 3398 Deo,
1500 3335 1594 3404 qui
1654 3333 1890 3390 viviﬁcat

315 3427 523 3491 omnia,
556 3436 612 3481 et
637 3425 856 3482 Christo
892 3424 1043 3489 Iesu,
1090 3426 1186 3497 qui
1230 3427 1601 3481 testimonium
1654 3424 1889 3481 reddidit

319 3516 423 3572 sub
451 3515 644 3571 Pontio
683 3515 859 3571 Pilato
902 3517 1099 3572 bonam
1137 3515 1559 3581 confessionem,
1601 3525 1662 3571 ut
1705 3531 1889 3573 serves

299 3608 635 3666 mandatum
662 3608 781 3664 sine
808 3609 1040 3671 macula,
1065 3609 1541 3679 irreprehensibile
1560 3609 1604 3640 “
1636 3628 1656 3662 ι
1685 3608 1709 3662 ?
1745 3606 1889 3663 Num

319 3699 448 3771 quia
472 3700 562 3756 hic
589 3700 658 3756 de
698 3700 906 3771 angelis
947 3709 1003 3756 et
1047 3698 1252 3771 Spiritu
1282 3701 1454 3766 siluit,
1487 3701 1555 3757 de
1587 3701 1794 3771 Spiritu
1839 3709 1895 3756 et

316 3791 388 3846 de
415 3790 621 3863 angelis
648 3798 832 3846 utrum
865 3790 976 3847 sint
1001 3791 1288 3846 dubitant?
1327 3791 1405 3847 Ita
1444 3806 1576 3848 sane
1611 3791 1895 3847 dubitave-

265 3895 274 3905 ’
319 3882 448 3949 rint,
498 3880 906 3952 quandiuhaec
961 3881 1098 3937 adeo
1163 3882 1330 3952 impia
1386 3891 1575 3938 contra
1626 3881 1890 3953 Spiritum

318 3972 746 4029 meditabuntur.
770 3971 828 4028 Si
854 3984 1114 4043 praeterea
1139 3974 1207 4029 ad
1231 3974 1348 4029 haec
1374 3972 1499 4028 libri
1528 3973 1699 4028 Exodi
1730 3974 1892 4028 verba

318 4064 602 4120 attendant
628 4105 646 4133 ,
718 4083 737 4116 ι
784 4062 990 4120 Timuit
1017 4075 1198 4121 autem
1229 4065 1463 4135 populus
1493 4064 1805 4130 Dominum,
1837 4074 1889 4119 et

317 4157 667 4214 crediderunt
695 4157 807 4215 Deo
843 4168 901 4214 et
926 4159 1096 4232 Moysi
1129 4174 1287 4215 servo
1318 4160 1439 4229 ejus
1452 4158 1499 4191 ⁹²
1526 4197 1544 4223 ,
1584 4177 1602 4210 ι
1638 4173 1707 4212 an
1733 4155 1889 4228 Moy-

1986 1901 2097 1938 νου.
2123 1887 2221 1939 "Av
2251 1903 2309 1939 τε
2336 1886 2446 1958 γὰρ
2472 1886 2562 1940 τὸν
2586 1886 2790 1958 Κύριον
2804 1881 2965 1947 εἶναι,
2996 1878 3423 1958 φήσουσινῒεῖναι
3465 1887 3566 1939 τὸν

1987 1975 2136 2039 Υίὸν,
2170 1978 2224 2030 τί
2246 1976 2314 2031 ἃν
2334 1977 2536 2030 εἴποιεν
2562 1978 2689 2048 περὶ
2713 1978 2809 2030 τοῦ
2841 1976 3088 2049 Πατρός;
3116 1976 3181 2029 ἄν
3214 1993 3275 2029 τε
3316 1976 3408 2028 τὸν
3449 1977 3569 2029 Πα-

1986 2065 2118 2135 τέρα
2140 2068 2354 2131 είπωσι,
2399 2066 2452 2119 τί
2491 2066 2558 2120 ἂν
2586 2068 2790 2120 εἴποιεν
2816 2065 3066 2137 περὶτοῦ
3103 2064 3262 2129 Υίοῦ;
3303 2064 3414 2135 Τὴν
3451 2066 3568 2136 γὰρ

1987 2154 2385 2211 ἀκολουθοῦσαν
2415 2159 2535 2211 κατ’
2563 2158 2807 2220 ἐκείνους
2828 2156 3140 2228 δυσφημίαν
3180 2157 3314 2227 μηδὲ
3342 2156 3573 2226 λογίσα-

1990 2247 2113 2301 σθαί
2142 2264 2266 2302 τινα
2286 2247 2496 2316 γένοιτο
2514 2264 2528 2279 ο
2561 2247 2779 2318 ἀνάγκη
2808 2248 2918 2319 γὰρ
2945 2248 3142 2311 αὐτοὺς
3176 2250 3372 2309 εἰπεῖν,
3400 2248 3435 2318 ἢ
3476 2250 3566 2301 ὅτι

1986 2339 2087 2391 οὐκ
2113 2338 2281 2401 ἔστιν,
2308 2337 2341 2409 ἢ
2365 2339 2477 2401 τοῖς
2522 2338 2790 2408 ποιήμασι
2820 2336 3173 2408 συναριθμεῖν
3192 2338 3253 2390 τὸ
3284 2354 3565 2408 σεσιωπη-

1991 2430 2170 2502 μένον.

2060 2523 2145 2576 14.
2188 2522 2319 2576 Τίδ’
2346 2522 2413 2577 ἂν
2440 2524 2644 2577 εἴποιεν
2680 2520 2818 2593 (21),
2857 2523 2954 2577 ἐὰν
2991 2522 3284 2577 ἀκούσουσι
3327 2522 3422 2576 καὶ
3463 2521 3564 2576 τοῦ

1986 2615 2192 2686 Κυρίου
2217 2615 2490 2683 λέγοντοςο
2517 2634 2535 2665 r
2562 2616 2771 2687 Κριτής
2797 2633 2880 2679 τις
2903 2611 2971 2687 ἦν
2998 2615 3056 2668 ἐν
3086 2627 3195 2668 τινι
3239 2613 3429 2685 χώρᾳ,
3466 2613 3567 2667 τὸν

1986 2704 2117 2756 Θεὸν
2148 2701 2222 2774 μὴ
2253 2702 2583 2773 φοϐούμενος
2603 2742 2618 2767 ,
2661 2703 2755 2757 καὶ
2789 2703 3075 2774 ἄνθρωπον
3120 2703 3194 2774 μὴ
3229 2703 3564 2774 ἐντρεπόμε-

1987 2811 2094 2855 νος.
2128 2812 2147 2844 »
2182 2789 2348 2861 'Apa,
2384 2791 2571 2863 ἐπειδὴ
2614 2791 2754 2863 μετὰ
2794 2792 2886 2845 τὸν
2936 2791 3070 2845 Θεὸν
3101 2790 3382 2861 ὠνόμασεν
3439 2791 3561 2860 (22)

1986 2885 2288 2957 ἄνθρωπον,
2311 2887 2340 2939 6
2359 2886 2483 2949 Υἱός
2505 2888 2651 2939 ἐστιν
2674 2878 2830 2950 οὗτος
2859 2887 2888 2939 6
2918 2885 3221 2957 ἄνθρωπος,
3257 2885 3315 2938 ὃν
3340 2884 3440 2937 οὐκ
3473 2885 3534 2938 ἐν

1987 2974 2196 3044 ετράπη
2224 2973 2445 3038 ὁᾶδικος
2469 2975 2661 3045 κριτής
2678 2990 2693 3038 ;
2720 2974 2792 3027 Ἦ
2811 2973 2997 3045 ἐπειδὴ
3019 2974 3155 3044 μετὰ
3172 2973 3262 3026 τὸν
3277 2972 3405 3026 Θεὸν
3421 2972 3564 3025 ὠνά-

1995 3078 2131 3134 μασε
2179 3064 2270 3116 τὸν
2309 3065 2621 3135 ἄνθρωπον,
2664 3063 2844 3135 τρίτος
2868 3064 3015 3118 ἐστὶν
3056 3064 3085 3116 6
3118 3063 3247 3127 Υἱὸς
3299 3063 3436 3134 μετὰ
3468 3063 3568 3116 τὸν

1993 3153 2297 3225 ἄνθρωπον,
2338 3155 2433 3206 καὶ
2459 3154 2718 3225 τέταρτον
2741 3153 2801 3211 τὸ
2827 3154 3051 3225 Πνεῦμα
3078 3152 3141 3207 τὸ
3169 3152 3355 3221 ἆγιονς
3394 3152 3460 3205 Τί
3504 3152 3567 3206 δὲ

1994 3244 2122 3315 ἄρα,
2139 3243 2232 3296 ὲάν
2249 3243 2340 3296 καὶ
2368 3243 2461 3297 τοῦ
2498 3242 2818 3297 Ἀποστόλου
2845 3246 2903 3297 ὲν
2921 3245 2986 3315 τῇ
3004 3243 3140 3315 αὐτῇ
3171 3242 3421 3314 ἐπιστολῇ
3453 3243 3568 3296 πά-

1991 3334 2072 3388 λιν
2122 3335 2363 3403 λέγοντος
2393 3335 2700 3388 ἀκούσωσι·
2738 3353 2757 3386 ι
2788 3335 3160 3408 Παραγγέλλω
3200 3352 3281 3389 σοι
3331 3332 3568 3389 ἐνώπιον

1990 3427 2083 3480 τοῦ
2111 3426 2246 3479 Θεοῦ
2295 3424 2387 3478 τοῦ
2418 3424 2802 3494 ζωογονοῦντος
2841 3442 2913 3478 τα
2963 3426 3141 3485 πάντα
3164 3467 3180 3491 ,
3231 3426 3324 3479 καὶ
3352 3425 3568 3496 Κυρίου

2006 3517 2179 3588 Ἰησοῦ
2204 3516 2461 3588 Χριστοῦ.
2489 3516 2583 3570 τοῦ
2611 3516 3056 3588 μαρτυρήσαντος
3088 3514 3182 3567 ἐπὶ
3216 3515 3438 3575 Ποντίου
3466 3516 3572 3571 Πι-

1993 3609 2175 3671 λάτου,
2203 3609 2303 3679 τὴν
2323 3608 2492 3679 καλὴν
2524 3607 2831 3678 ὁμολογίαν,
2854 3606 3088 3679 τηρῆσαί
3114 3623 3173 3659 σε
3206 3607 3305 3677 τὴν
3344 3606 3572 3677 ἐντολὴν

1993 3700 2239 3761 ἄσπιλον,
2279 3699 2645 3769 ἀνεπίληπτον
2673 3715 2688 3765 ;
2720 3718 2739 3749 ι
2776 3694 2921 3771 τΑρα
2968 3694 3061 3755 οὖν
3084 3737 3100 3763 ,
3139 3697 3327 3769 ἐπειδὴ
3372 3698 3575 3751 σεσιώ⁹

1993 3810 2135 3861 πηκε
2155 3790 2250 3845 νῦν
2273 3791 2401 3862 περὶ
2425 3790 2668 3858 ἀγγέλων
2689 3791 2784 3843 καὶ
2806 3789 3141 3861 Πνεύματος,
3166 3789 3504 3859 ἀμφιϐάλλου
3514 3808 3571 3843 σι

1997 3882 2127 3952 περὶ
2159 3880 2491 3951 Πνεύματος,
2517 3883 2565 3933 εί
2598 3880 2712 3933 ἐστι
2746 3880 2879 3951 (25),
2911 3879 3004 3933 καὶ
3042 3879 3166 3950 περὶ
3193 3879 3439 3947 ἀγγέλων
3460 3918 3476 3942 ,
3517 3880 3578 3931 εί

1997 3975 2102 4027 εἰσι
2124 3973 2263 4039 ;Ναὶ
2281 3972 2711 4044 ἁμφιὸἁλλουσιν
2732 3973 2837 4037 ἕως
2863 3972 3086 4026 τοιαῦτα
3113 3973 3411 4042 δυσφημεῖν
3436 3974 3574 4043 περὶ

1995 4065 2089 4119 τοῦ
2135 4064 2450 4136 Πνεύματος
2489 4064 2944 4136 μεμελετήκασιν.
3013 4063 3136 4117 Ἐὰν
3183 4063 3241 4116 δὲ
3292 4062 3575 4123 ἀκούσωσι

1994 4157 2092 4227 τῆς
2125 4157 2344 4228 Γραφῆς
2372 4155 2634 4227 λεγούσης
2665 4154 2846 4227 ὲν<24)
2876 4158 2943 4227 τῇ
2987 4154 3202 4227 Ἐξὸδῳυ
3237 4175 3256 4206 ί
3293 4153 3573 4228 Ἑφοσήθη

388 4292 435 4325 ’⁸
471 4290 577 4348 lsa.
608 4308 796 4361 xum,
829 4292 912 4348 16.
989 4294 1035 4327 ⁸⁹
1074 4293 1208 4367 Agg.
1243 4311 1303 4358 η,
1343 4294 1398 4362 5,
1422 4293 1475 4351 6.
1549 4293 1596 4326 ”
1634 4292 1765 4348 Luc.
1797 4308 1882 4347 xvr

1995 4289 2032 4345 ι.
2104 4291 2149 4322 ⁸⁸
2191 4287 2211 4342 1
2244 4287 2385 4343 Tim.
2420 4288 2611 4354 vr,13.
2685 4289 2731 4321 ⁹¹
2773 4286 2943 4341 Exod.
2971 4302 3081 4352 xw,
3117 4287 3206 4341 5|.

351 4430 525 4514 ~(l8)_
728 4440 782 4486 et
807 4430 1046 4514 Felckm.
1075 4433 1315 4514 primus,
1340 4432 1433 4514 καὶ
1463 4433 1720 4514 ςᾼγγαῖοὶς
1746 4430 1889 4514 ’,Ἶκαὶ
1924 4433 1964 4487 D

315 4501 434 4573 νῦν,
476 4501 747 4573 etcaMox
799 4502 895 4555 καί
946 4501 1297 4573 διζηξιισῠυιη
1344 4502 1497 4573 Βςείί
1530 4507 1547 4556 1
1585 4502 1724 4573 et}.
1761 4501 1887 4573 ch.

318 4572 537 4695 Editli{e't
561 4572 652 4626 alii
678 4580 957 4627 omittunt.
987 4570 1117 4627 Item
1143 4575 1297 4627 abest
1325 4588 1354 4626 a
1380 4570 1513 4643 ch.
1550 4574 1600 4638 l,
1626 4570 1776 4642 Seg.,
1805 4570 1891 4623 λέ-

318 4659 400 4695 γει
490 4657 660 4695 umor.

316 4659 400 4696 γει
436 4657 660 4696 δυοιος.

316 4659 400 4709 γει
436 4658 660 4713 Κυριος.

389 4712 502 4783 (19)
545 4710 748 4783 Regius
780 4713 1012 4783 primus,
1043 4711 1193 4783 δεμ,
1222 4712 1350 4783 περὶ
1377 4711 1605 4766 τούτων.
1749 4729 1755 4737 ‘

410 4780 504 4852 20)
547 4780 653 4853 δῖοί
671 4780 825 4853 Regii
855 4782 878 4834 1
901 4792 964 4853 _et
991 4783 1048 4853 2,
1085 4780 1210 4851 seg.
1252 4780 1451 4853 _A‘liiet
1483 4783 1615 4837 editi
1664 4781 1890 4853 mendo-

315 4850 406 4915 ω,
425 4850 865 4922 ἐντυγχάνοντες.
901 4850 1072 4922 Paulo
1102 4850 1226 4919 pest
1252 4851 1469 4922 Regius
1486 4853 1716 4921 primus,
1736 4852 1888 4922 Seg.,

317 4924 539 4994 habent,
566 4917 660 4994 τ’ζᾶν
698 4918 1075 4994 Κύριονμεῐναι
1105 4917 1381 4994 φήσουσιν
1419 4917 1559 4994 εἶναι
1600 4922 1702 4994 τον
1740 4917 1886 4994 Υίόν.

313 4993 423 5075 Alii
452 4995 510 5075 et
532 4991 696 5075 θερίᾳ..
714 4988 810 5075 τὸν
824 4991 1039 5075 ,Κύριον
1069 4988 1312 5072 φήσωσιν
1329 4988 1470 5075 εῖν-αι
1496 4992 1586 5075 τὸν
1609 4991 1757 5045 Υἱόν.
1787 4989 1890 5075 Re-

316 5064 440 5131 gius
468 5061 525 5127 2,
561 5060 720 5116 Gobl.
754 5072 810 5117 et
824 5060 1063 5116 Felckm.
1084 5060 1305 5130 primus
1334 5063 1535 5117 habent
1566 5072 1746 5116 tamen
1780 5060 1888 5132 φή-

316 5131 837 5212 “9?”..09331119x
874 5143 1176 5212 sequuntur
1210 5132 1267 5212 τί
1293 5131 1361 5212 ἀν
1394 5131 1601 5212 εἴποιεν
1626 5147 1799 5212 usque
1821 5131 1887 5212 ad

313 5201 445 5272 περὶ
470 5200 564 5273 τοῦ
602 5200 965 5273 “quidem”!
989 5200 1198 5273 in‘Seg.
1231 5201 1365 5256 Ibid.
1400 5218 1526 5256 mox
1559 5202 1760 5273 Regius
1782 5202 1891 5271 pri-

318 5269 460 5359 mus,
497 5269 622 5359 εἰς.
658 5271 816 5359 prl.
844 5280 899 5359 et
925 5269 1167 5359 Fnelckmi
1192 5274 1421 5359 primus.
1448 5269 1817 5359 xai‘éxé'iyouf
1837 5282 1889 5324 et

313 5339 653 5410 λογίσασθαι.
689 5341 794 5395 Alii
827 5351 883 5397 et
908 5342 1061 5411 editi,
1089 5339 1208 5395 κατ⁴
1239 5343 1447 5411 ἐκείνου
1477 5352 1533 5397 et
1556 5341 1885 5409 λογίζεσθαι.

319 5411 441 5481 Ἔτι
464 5426 704 5481 sequens
732 5415 886 5466 abest
915 5426 945 5464 a
983 5410 1112 5481 Reg.
1147 5411 1364 5481 itSeg.

388 5480 503 5547 (21)
541 5478 634 5534 Sic
675 5480 875 5549 Regius
923 5478 1175 5550 primus,
1204 5478 1330 5549 Seg.
1366 5480 1525 5536 Gobl.
1565 5489 1621 5535 et
1648 5479 1886 5539 Felckm.

314 5551 548 5620 primus,
583 5550 676 5623 ubi
713 5559 893 5607 tamen
926 5550 1075 5640 Seg.,
1109 5551 1403 5623 ἀκούσωσι.
1440 5551 1632 5613 Baeteri
1658 5558 1713 5605 et
1733 5550 1885 5613 editi,

314 5619 365 5673 τί
395 5616 440 5673 δ’
468 5618 537 5697 ἂν
567 5618 773 5674 εἴποιεν
820 5622 867 5672 οί
902 5639 1002 5697 κατ
1055 5622 1325 5697 ἐκείνους·
1378 5623 1587 5697 Κριτής
1618 5637 1703 5689 τις
1729 5616 1797 5691 ἦν
1832 5619 1888 5683 ἐν

314 5706 418 5744 τινι
447 5687 619 5743 πόλει.
988 5692 994 5697 ’
1066 5694 1071 5697 ’
1434 5687 1443 5717 τ

2063 4428 2176 4500 (22)
2192 4427 2452 4500 _Verhum
2485 4428 2769 4500 ὠνόμασεν
2794 4427 2998 4500 habent
3024 4425 3176 4500 Regii
3207 4425 3228 4476 1
3268 4434 3322 4477 et
3345 4423 3403 4488 2,
3436 4422 3570 4500 διἐ,

1992 4496 2167 4553 (ἶοωζ
2189 4497 2428 4567 Felclun.
2467 4496 2695 4567 primus,
2721 4499 2977 4567 Ottobon.
3002 4497 3293 4567 ;o_mittunt
3320 4496 3572 4567 vero‘alii

1990 4582 2046 4624 et
2075 4568 2226 4622 editi.
2252 4568 2372 4621 Mox
2401 4562 2601 4638 Regius
2630 4571 2862 4636 primus,
2900 4565 3211 4638 583.001“.
3237 4573 3290 4618 et
3322 4562 3567 4638 Felckm.

1993 4640 2204 4709 primus
2237 4639 2443 4709 addunt
2482 4632 2581 4691 καὶ
2624 4632 2890 4709 τέταρτον
2926 4632 2998 4689 τδ
3030 4634 3255 4709 Πνεῦμα
3281 4632 3349 4688 τὸ
3383 4634 3571 4709 ἀγιον,

1991 4704 2114 4778 qua:
2158 4707 2381 4778 inualiis
2428 4717 2482 4762 et
2531 4708 2691 4778 editis
2738 4704 3020 4761 deﬁciunt.
3050 4704 3218 4758 Paulo
3246 4711 3371 4774 post
3399 4704 3571 4778 iidem

1992 4774 2117 4847 post
2164 4776 2327 4830 πάλιν
2384 4779 2589 4832 addunt
2634 4776 2905 4845 λέγοντος,
2938 4791 3104 4846 quam
3144 4789 3333 4831 vocem
3379 4774 3472 4828 alii
3512 4783 3577 4830 et

1991 4848 2119 4903 editi
2148 4849 2426 4902 omittunt.

2064 4918 2177 4988 (2'5)
2219 4917 2310 4972 Sic
2328 4917 2553 4988 primus
2586 4917 2754 4972 codex
2789 4915 2925 4987 Reg.
2960 4915 3093 4988 Scjg.
3118 4913 3312 4988 Ceteri
3336 4921 3403 4988 _et
3430 4913 3575 4988 editi

1992 4983 2255 5042 omittunt
2280 4983 2489 5041 είῐστι.
2527 4988 2650 5041 Mox
2697 4983 2896 5041 iidem'
2918 4997 2976 5041 et
2996 4983 3178 5047 Gobl..
3211 4983 3572 5042 Felckmauni

1994 5060 2228 5127 primus,
2257 5066 2381 5127 post
2406 5057 2855 5129 ἁμφιὸάλλουσιν,
2874 5057 3075 5129 habent
3090 5067 3149 5129 ut
3175 5055 3277 5129 hic
3292 5056 3567 5129 sequitur.

1991 5126 2324 5207 Anglicanus
2359 5126 2509 5207 _ve_ro
2537 5139 2611 5207 ,ει
2637 5127 2923 5207 Ottobon.3
2956 5126 3196 5207 Τοιαῦτα
3220 5126 3338 5207 γαρ.
3360 5126 3575 5207 δυσφη.

1994 5196 2128 5278 μεῖν.
2144 5200 2274 5278 περὶ
2294 5196 2747 5278 τοῦΠνεύμαςεος.
2762 5197 3217 5278 μεμελετιήκασιν.
3372 5204 3428 5278 ft
3454 5196 3573 5250 edi-

1991 5264 2050 5331 ii,
2086 5264 2325 5322 Τοιαῦτα
2347 5268 2456 5339 γὰρ
2488 5264 2943 5339 μεμελετήκασιν.
2983 5264 3142 5322 (ὶόὺι.
3169 5276 3224 5321 et
3247 5264 3567 5321 Felckman.

1993 5339 2204 5406 primus
2236 5353 2334 5406 pro
2367 5337 2451 5391 ναί
2479 5337 2681 5392 habent
2705 5337 2820 5392 καί.

2062 5408 2174 5476 (24)
2214 5402 2430 5461 Primus
2475 5409 2645 5462 codex
2692 5406 2915 5475 Regius,
2947 5406 3211 5476 λεγούσης
3243 5405 3379 5476 καίζ
3394 5402 3566 5476 _Gphl.

1990 5487 2044 5532 ιιι
2072 5472 2320 5531 Ἐυιοιιηι.
2364 5478 2596 5546 primus.
2613 5478 2738 5532 Ἐὰν
2763 5472 2821 5531 δὲ
2855 5472 3127 5532 ἀκούσωσι
3157 5472 3217 5530 τὸ
3246 5478 3303 5528 ἐν
3318 5472 3523 5546 λΕξόδῳ
3549 5490 3566 5504 ·

1989 5547 2254 5618 ἐφοϐήθη,
2286 5543 2395 5618 etc.
2426 5547 2596 5601 Paulo
2649 5558 2772 5617 past
2827 5548 2987 5618 iidem
3016 5546 3193 5618 ἐροίη..
3237 5557 3287 5600 et
3318 5543 3568 5599 Fclckm.

1991 5615 2229 5686 primus,
2253 5617 2317 5690 Τί
2342 5618 2419 5681 δὲ,
2453 5619 2547 5683 tam
2572 5615 2847 5672 ἀκούσωσι
2874 5616 2965 5688 τοῦ
2997 5615 3210 5682 Ἰακώϐ,
3240 5625 3345 5670 etc.
