3834 6220
221 293 336 352 565

1349 295 1684 355 EPISTOLA
1720 299 1742 353 Ι
1779 298 1871 354 AD
1910 297 2367 356 SERAPIONEM.

3369 300 3473 358 566

219 415 282 468 δὲ
303 415 336 467 6
369 413 494 478 λαὸς
528 415 618 468 τὸν
643 414 869 487 Κύριον,
923 417 1019 470 καὶ
1052 417 1380 472 ὲπιστευσαν
1413 417 1491 489 τῷ
1534 417 1674 488 Θεῷ,
1701 417 1792 472 καὶ

1901 435 2012 476 sem
2043 417 2154 476 Deo
2178 417 2588 474 annumeraturi
2615 425 2766 482 sunt,
2802 429 2978 487 neque
3005 424 3131 486 post
3161 415 3355 482 Deum,
3381 415 3477 472 Fi-

219 510 421 579 Μωσῇ,
453 508 531 579 τῷ
564 508 1074 580 θεραπόντιαύτοῦ,
1119 530 1139 562 ι
1180 507 1290 584 ἂρα
1335 512 1799 584 συναριθμήσουσι

220 600 302 672 τῷ
335 600 452 672 Θεῷ
478 602 570 655 τὸν
598 602 823 672 Μωσῆν,
864 603 956 656 καὶ
993 605 1130 674 μετὰ
1155 604 1248 660 τὸν
1281 603 1414 658 Θεὸν
1461 605 1520 658 οὐ
1550 607 1798 677 νοήσουσι

217 692 315 754 τὸν
343 692 489 754 Υίὸν,
516 692 652 746 ἀλλὰ
675 693 833 763 μόνον
857 693 949 748 τὸν
975 695 1210 766 Μωσῆν;
1272 693 1337 747 Τί
1377 694 1456 758 δὲ,
1506 693 1602 748 ἐὰν
1637 695 1800 750 ἀκού-

219 799 359 836 σωσι
394 783 490 836 καὶ
538 783 634 836 τοῦ
675 785 1016 856 πατριάρχου
1073 785 1268 839 Ἰακὼὸ
1325 785 1671 855 εὑλογοῦντος
1707 787 1798 840 τὸν

231 873 430 946 Ἰωσὴφ
464 875 558 929 καὶ
583 875 834 942 λέγοντος
854 893 867 905 °
905 895 923 928 ι
968 878 1026 931 '0
1049 877 1180 943 Θεὸς
1199 880 1227 932 6
1249 879 1464 950 τρέφων
1493 897 1560 950 με
1596 882 1661 933 ὲκ
1685 881 1800 934 νεό-

215 967 379 1036 τητός
416 985 517 1038 μου
542 967 648 1032 ’ἐως
679 967 780 1038 τῆς
810 969 1020 1040 ἡμέρας
1047 971 1253 1042 ταύτης
1275 987 1288 1002 ·
1317 973 1344 1024 6
1376 971 1603 1040 ἄγγελος
1626 975 1654 1026 ὁ
1671 973 1796 1042 ρυόο

217 1059 382 1129 μενός
421 1076 489 1129 με
517 1062 582 1112 ὲκ
609 1061 826 1114 πάντων
861 1060 969 1114 τῶν
1015 1062 1197 1116 κακῶν
1245 1062 1536 1134 εύλογήσαι
1570 1063 1683 1133 (25)
1727 1062 1798 1116 τὰ

216 1151 409 1204 παιδία
437 1150 611 1206 ταῦτα
640 1171 659 1204 I
688 1169 703 1218 ;
735 1149 903 1223 "Apat,
937 1154 1124 1226 ἐπειδὴ
1159 1154 1298 1226 μετὰ
1338 1155 1440 1222 ,τὸν
1495 1155 1626 1210 Θεὸν
1668 1156 1800 1210 ὠνό-

217 1260 398 1312 μασεν
429 1243 683 1313 ἄγγελον,
733 1245 946 1318 πρῶτός
999 1249 1146 1300 ἐστιν
1198 1247 1308 1319 (26)
1342 1250 1371 1302 6
1420 1247 1650 1316 ἄγγελος
1699 1247 1794 1300 τοῦ

217 1333 373 1398 Υίοῦ,
403 1335 438 1406 ἢ
461 1337 714 1405 ἀγγέλοις
753 1331 1168 1411 συναριθμεῖται
1197 1341 1226 1393 6
1267 1340 1425 1406 Υίός;
1461 1342 1602 1406 Ναὶ,
1634 1342 1796 1395 πάλιν

215 1425 360 1481 οῦτω
395 1430 668 1499 νοήσουσι,
715 1430 1118 1503 διεφθαρμένην
1149 1433 1366 1504 ἔχοντες
1399 1433 1496 1506 τὴν
1543 1435 1792 1505 καρδίαν.

227 1518 368 1571 Ἀλλ’
401 1519 501 1589 οὐχ
532 1522 565 1590 ἡ
599 1521 930 1594 ἀποστολικὴ
986 1523 1166 1587 πίστις
1225 1525 1341 1578 ἐστὶ
1368 1522 1590 1594 τοιαύτη
1615 1565 1630 1589 ,
1682 1524 1792 1578 οὐδ’

213 1611 352 1676 ὅλως
378 1613 706 1684 Χριστιανὸς
729 1615 1015 1686 ἀνάσχοιτο
1045 1615 1110 1669 ἂν
1139 1615 1364 1670 τούτων.
1411 1615 1473 1670 Ἦ
1512 1617 1622 1688 γὰρ
1664 1616 1796 1684 ἁγία

214 1703 312 1758 καὶ
365 1706 616 1776 μακαρία
645 1705 838 1777 Τριὰς,
868 1706 1172 1778 ἀδιαίρετος
1223 1708 1318 1761 καὶ
1358 1707 1610 1779 ἡνωμένη
1659 1709 1795 1779 πρὸς

1900 512 2032 566 lium
2061 511 2155 568 sed
2202 505 2380 566 solum
2412 509 2653 583 Moysem
2686 518 2816 564 sunt
2855 507 3230 564 intellecturi?
3258 506 3397 575 Quid
3428 511 3474 563 si

1898 605 2063 660 etiam
2100 603 2463 676 patriarcham
2509 601 2679 658 Jacob
2739 600 2978 673 Josepho
3011 600 3173 672 530
3209 600 3306 657 his
3347 615 3471 654 ver-

1897 697 1982 752 bis
1999 698 2315 752 benedicere
2335 695 2684 751 meminerint
2716 713 2734 745 ι
2766 693 2911 750 Deus
2959 694 3053 764 qui
3087 692 3266 764 pascit
3295 706 3382 746 me
3404 691 3475 746 ab

1899 789 2268 845 adolescentia
2291 803 2410 842 mea
2440 803 2614 858 usque
2651 788 2703 841 in
2737 795 3060 856 praesentem
3089 787 3232 842 diem
3261 802 3276 852 ;
3303 801 3473 856 angeo

1897 879 2005 943 lus,
2041 880 2137 949 qui
2175 879 2321 933 eruit
2351 893 2437 932 me
2470 879 2537 932 de
2567 877 2782 932 cunctis
2813 877 2992 940 malis,
3024 876 3309 932 benedicat
3337 889 3472 946 pue-

1898 969 1976 1024 ris
2008 969 2128 1024 istis
2154 969 2202 1001 ⁹³
2236 987 2254 1021 ι
2279 968 2302 1021 ?
2329 966 2470 1021 Num
2508 967 2634 1036 quia
2663 976 2787 1037 post
2811 965 2980 1022 Deum
3021 966 3272 1035 angelum
3304 963 3472 1019 nomi-

1897 1059 2068 1124 navit,
2103 1059 2255 1131 prior
2297 1067 2382 1114 est
2416 1058 2643 1128 angelus
2674 1057 2836 1124 Filio,
2872 1065 2967 1112 aut
3002 1057 3174 1112 Filius
3202 1057 3342 1111 inter
3371 1071 3471 1110 an-

1896 1151 2046 1223 gelos
2078 1149 2508 1222 annumeratur?
2548 1147 2626 1203 Ita
2660 1147 2905 1218 profecto
2938 1148 3241 1212 senserint,
3273 1148 3473 1219 quippe

1897 1245 2096 1316 quibus
2128 1259 2224 1300 cor
2250 1253 2566 1313 corruptum
2592 1244 2683 1299 sit.
2712 1243 2915 1299 Verum
2943 1258 3052 1298 non
3081 1242 3197 1298 haec
3229 1248 3314 1298 est
3343 1255 3475 1309 apo-

1898 1337 2089 1390 stolica
2120 1335 2274 1400 tides,
2306 1350 2482 1404 neque
2511 1349 2574 1389 ea
2616 1333 2758 1390 ferre
2805 1335 2933 1389 licet
2972 1334 3306 1388 Christiano.
3334 1318 3472 1390 Na‘m

1897 1433 2084 1481 sancta
2133 1433 2187 1480 et
2227 1424 2384 1479 beata
2418 1423 2656 1478 Trinitas
2696 1424 2975 1479 individua
3019 1433 3182 1494 atque
3221 1425 3337 1494 ipsa
3379 1439 3472 1479 se-

1897 1532 2020 1572 cum
2053 1516 2206 1571 unita
2233 1525 2346 1583 est,
2380 1517 2452 1570 ita
2488 1523 2546 1570 ut
2575 1515 2666 1570 ubi
2702 1515 2880 1570 Patris
2922 1515 3129 1572 mentio
3172 1515 3285 1580 ﬁat,
3323 1514 3471 1585 eius-

1896 1607 2019 1663 dem
2072 1608 2256 1664 statim
2289 1606 2551 1674 Verbum,
2594 1623 2658 1663 ac
2707 1607 2764 1661 in
2813 1606 2952 1662 Filio
2999 1606 3236 1677 Spiritus
3281 1607 3474 1663 debeat

1897 1701 2144 1770 intelligi.
2192 1698 2348 1766 Quod
2401 1699 2446 1754 si
2496 1698 2669 1754 Filius
2721 1699 3055 1765 nominetur,
3109 1698 3359 1752 similiter
3416 1697 3474 1752 in

209 1765 418 1869 ἑαυτην
441 1765 557 1851 ἐστι
578 1815 592 1827 ο
612 1765 706 1851 καί
726 1765 1128 1870 λεγομένουιτοῦ
1151 1765 1656 1870 Πατρὸςίπρόσεσῖτι

1901 1789 2036 1846 Filio
2057 1765 2140 1846 est
2165 1765 2346 1858 Pater,
2379 1805 2479 1846 nec
2507 1799 2660 1845 extra
2691 1789 2925 1869 Verbum
2955 1801 3040 1846 est
3076 1788 3312 1859 Spiritus
3346 1805 3474 1844 sau-

212 1888 309 1942 καὶ
341 1891 371 1942 6
390 1890 584 1944 τούτου
612 1890 782 1959 Λόγος
811 1891 906 1944 καὶ
931 1891 993 1944 τὸ
1025 1891 1083 1944 ἐν
1119 1890 1198 1962 τῷ
1235 1889 1350 1962 Υἱῷ
1385 1891 1626 1962 Πνεῦμα.
1667 1892 1792 1946 Ἐὰν

211 1975 270 2027 δὲ
302 1976 401 2028 κει.)¹
429 1977 457 2029 6
484 1975 610 2040 Υίὸς
637 1976 986 2050 ὀνομάζηται,
1014 1979 1072 2032 ὲν
1091 1978 1169 2050 τῷ
1196 1977 1311 2050 Υίῷ
1345 1981 1492 2033 ἐστιν
1517 1982 1546 2032 6
1579 1981 1788 2052 Πατὴρ,

213 2067 309 2120 καὶ
339 2066 404 2119 τὸ
431 2067 656 2138 Πνεῦμα
685 2070 785 2123 οὐκ
812 2069 957 2124 ἐστιν
990 2070 1145 2134 ἐκτὸς
1169 2070 1263 2124 τοῦ
1305 2070 1503 2140 Λόγου.
1544 2072 1661 2126 Μία
1685 2072 1790 2146 γάρ

207 2159 362 2212 ἐστιν
388 2161 455 2212 ὲκ
470 2159 564 2212 τοῦ
589 2161 801 2232 Πατρὸς
834 2161 993 2233 χάρις
1018 2161 1084 2214 δι’
1105 2161 1236 2215 Υἰοῦ
1263 2165 1320 2216 ὲν
1353 2161 1632 2234 Πνεύματι
1653 2164 1792 2234 ἁγίῳ

213 2248 570 2322 πληρουμένη
597 2267 611 2282 ·
668 2252 763 2304 καὶ
825 2252 922 2322 μία
959 2250 1148 2324 θεότης
1207 2253 1344 2318 ἐστὶ,
1395 2252 1488 2307 κα)⁴
1531 2247 1612 2316 εἷς
1663 2253 1793 2318 Θεός

206 2343 361 2394 ἐστιν
395 2341 508 2412 (28)
537 2343 565 2395 6
599 2341 692 2395 ἐπὶ
723 2342 962 2409 πάντων,
988 2344 1084 2398 κα)⁵
1113 2342 1198 2396 διὰ
1222 2343 1456 2408 πάντων,
1487 2345 1582 2397 καὶ
1613 2347 1670 2398 έν
1691 2349 1794 2399 πᾶ-

215 2451 320 2488 σιν.
355 2433 518 2488 Οὕτω
538 2435 646 2506 γὰρ
679 2435 774 2488 καὶ
805 2437 834 2488 6
859 2434 1090 2499 Παῦλος,
1119 2435 1386 2508 εἰρηκὼς,
1428 2454 1447 2489 ι
1487 2438 1794 2509 Διαμαρτύ-

209 2540 387 2598 ρομαι
420 2523 647 2578 ἐνώπιον
674 2524 767 2578 τοῦ
799 2525 933 2578 Θεοῦ
963 2527 1057 2580 καὶ
1090 2526 1263 2598 Ἰησοῦ
1289 2529 1527 2598 Χριστοῦ
1554 2571 1569 2595 ,
1621 2548 1638 2580 ι
1677 2529 1791 2597 ἐγί-

212 2633 447 2680 νωσκεν,
478 2617 638 2670 ὅτιού
669 2616 906 2691 διῃρεῖτο
937 2617 1028 2671 τοῦ
1052 2618 1182 2672 Υίοῦ
1205 2619 1266 2671 τὸ
1297 2620 1522 2691 Πνεῦμα
1548 2660 1562 2684 ,
1589 2620 1702 2674 ἀλλ’
1734 2624 1792 2674 ὲν

211 2706 441 2779 Χριστῷ
479 2702 549 2779 ἦν
582 2708 677 2761 καὶ
712 2708 865 2772 αὐτὸ,
925 2708 1110 2782 ὥσπερ
1149 2710 1177 2762 ὁ
1207 2710 1334 2774 Υἱὸς
1386 2712 1443 2764 ὲν
1472 2711 1549 2783 τῷ
1581 2713 1788 2784 Πατρί·

211 2795 336 2856 τοὺς
388 2795 449 2850 δὲ
495 2795 784 2862 ἐκλεκτοὺς
824 2797 1091 2867 ἀγγέλους
1136 2801 1512 2871 συνεπήγαγεν
1547 2801 1789 2866 εἰκότως,

212 2885 320 2950 ἵνα,
359 2885 553 2958 ἐπειδὴ
608 2887 972 2961 διαμαρτυρία
1019 2885 1088 2961 ἦν
1126 2889 1203 2961 τῷ
1254 2891 1465 2964 μαθητῇ
1506 2892 1788 2963 λεγομένη,

186 2977 525 3060 ογινὼσκων,
572 2979 647 3044 ὡς
681 2981 792 3052 (29)
830 2981 898 3035 τὰ
926 2982 1023 3053 μὲν
1041 2982 1307 3054 λεγόμενα
1339 2985 1491 3057 παρὰ
1532 2985 1666 3038 Θεοῦ
1707 2985 1792 3038 διὰ

211 3071 456 3142 Χριστοῦ
486 3073 544 3124 ὲν
575 3072 854 3144 Πνεύματι
886 3073 1201 3145 λελάληται,
1233 3077 1283 3128 οἱ
1323 3076 1380 3129 δὲ
1428 3075 1648 3145 ἄγγελοι
1680 3076 1793 3131 δια-

212 3162 436 3216 κονοῦσι
475 3163 546 3216 τὰ
577 3163 708 3235 παρ’
735 3165 912 3236 ἡμῶν,
959 3167 1381 3231 ἐπισκοποῦντες
1416 3169 1515 3232 τὰς
1558 3168 1787 3222 ἑκάστου

209 3253 466 3324 πράξεις,
490 3253 698 3326 φυλάξῃ
723 3255 821 3318 τὰς
834 3255 928 3309 τοῦ
952 3255 1268 3310 διδασκάλου
1292 3259 1640 3330 παραινέσεις
1658 3259 1790 3329 (50),

209 3341 286 3409 ὥς
309 3345 454 3415 ἔχων
484 3346 609 3410 τοὺς
633 3346 944 3418 ἐφορῶντας
982 3348 1088 3401 τῶν
1134 3349 1442 3420 λεγομένων
1486 3349 1789 3422 μάρτυρας.

216 3438 284 3490 Ἦ
321 3438 469 3508 τάχα
515 3439 611 3492 κα)⁴
662 3439 751 3493 διὰ
801 3441 926 3504 τοὺς
974 3440 1062 3495 διὰ
1090 3441 1292 3505 παντὸς
1335 3441 1674 3514 θεωροῦντας
1729 3440 1791 3495 τὸ

215 3529 509 3602 πρόσωπον
548 3529 642 3582 τοῦ
680 3529 922 3601 Πατρὸς,
964 3530 1056 3584 τοῦ
1106 3533 1165 3585 ἐν
1212 3535 1326 3597 τοῖς
1374 3533 1642 3605 οὐρανοῖς,
1681 3532 1800 3585 δια-

1897 1891 2038 1938 ctus.
2067 1881 2344 1952 Siquidem
2371 1899 2478 1937 una
2503 1892 2588 1938 est
2613 1882 2789 1938 Patris
2818 1883 2988 1952 gratia
3010 1898 3130 1953 quas
3154 1898 3247 1952 per
3272 1881 3471 1954 Filium

1898 1975 1954 2029 in
1985 1974 2188 2044 Spiritu
2221 1983 2410 2030 sancto
2443 1977 2765 2046 completur.
2807 1974 2923 2029 Una
2971 1975 3172 2045 pariter
3213 1973 3472 2030 divinitas

1897 2076 1953 2124 et
2005 2083 2148 2123 unus
2203 2067 2346 2124 Deus
2401 2081 2485 2123 est
2537 2067 2630 2138 qui
2678 2077 2761 2123 est
2806 2082 2971 2137 super
3021 2067 3226 2134 omnia,
3274 2076 3329 2123 ει
3376 2083 3473 2138 per

1897 2159 2103 2224 omnia,
2134 2166 2296 2228 atque
2325 2159 2379 2212 in
2408 2159 2684 2214 omnibus.
2714 2157 2961 2228 Namque
2990 2159 3105 2228 ipse
3127 2159 3290 2213 etiam
3324 2157 3472 2214 Pau-

1899 2247 1985 2304 lus
2011 2249 2169 2319 cujus
2197 2251 2313 2305 ι]ωο
2342 2259 2470 2304 sunt
2495 2250 2680 2311 verba,
2715 2270 2734 2302 ι
2763 2249 3047 2305 Testilicor
3075 2264 3259 2306 coram
3287 2249 3398 2305 Deo
3416 2257 3474 2306 et

1897 2341 2028 2399 Jesu
2055 2342 2352 2410 Christo”,
2381 2363 2400 2394 ι
2424 2341 2684 2413 Spiritum
2711 2359 2741 2396 a
2765 2341 2904 2398 Filio
2935 2341 3252 2413 neutiQuam
3281 2343 3468 2407 dividi,
3539 2356 3543 2360 ‘

1900 2434 1994 2490 sed
2012 2435 2191 2504 ipsum
2221 2435 2274 2488 in
2291 2433 2512 2490 Christo
2543 2449 2685 2500 esse,
2724 2434 3184 2502 quemadmodum
3213 2432 3385 2488 Filius
3415 2433 3471 2488 in

1898 2522 2058 2579 Patre
2091 2534 2193 2592 est,
2231 2525 2433 2594 Optime
2461 2533 2706 2580 noverat.
2729 2523 3124 2579 Convenienter
3159 2533 3338 2580 tamen
3363 2525 3473 2580 ele-

1898 2629 2016 2674 ctos
2044 2618 2267 2688 angelos
2293 2633 2400 2672 una
2431 2617 2701 2686 adjunxit,
2731 2628 2813 2682 ut,
2849 2617 3107 2687 quoniam
3147 2617 3263 2672 haec
3294 2616 3360 2671 ad
3390 2615 3474 2670 di—

1898 2709 2167 2778 scipulum
2200 2708 2506 2772 scribebat,
2535 2707 2623 2763 ille
2651 2707 2738 2763 cui
2772 2708 2994 2762 minime
3030 2707 3328 2763 lat‘ebat'ea
3352 2722 3475 2778 qua:

1881 2816 1930 2883 ¹ει
1970 2801 2080 2856 Dco
2125 2801 2270 2857 dicta
2321 2809 2449 2856 sunt
2491 2816 2588 2871 per
2631 2799 2913 2855 Christum
2962 2801 3018 2855 in
3074 2799 3279 2871 Spiritu
3329 2801 3472 2856 dicta

1897 2908 2039 2958 esse,
2070 2903 2124 2949 et
2152 2895 2375 2965 angelos
2415 2910 2502 2950 res
2543 2904 2761 2950 nostras
2791 2893 3193 2958 administrare,
3230 2891 3472 2964 singulo-

1859 2987 1862 2992 λ
1897 3000 2129 3052 rumque
2161 2995 2315 3041 actus
2343 2986 2633 3055 speculari,
2672 2987 2918 3058 magistri
2948 2982 3350 3042 exhortationes
3377 3000 3473 3040 cu-

1898 3077 2143 3142 stodiret,
2199 3087 2260 3131 ut
2315 3077 2404 3132 cui
2465 3093 2785 3147 persuasum
2854 3088 3000 3134 esset
3051 3077 3293 3134 omnium
3349 3092 3471 3146 qua:

1896 3167 2103 3222 diceret
2150 3167 2297 3237 ipsos
2342 3168 2565 3238 angelos
2615 3167 2990 3238 speculatores
3038 3176 3205 3223 testes
3249 3167 3469 3222 habere.

1899 3259 1984 3316 An
2017 3259 2161 3315 forte
2207 3260 2432 3330 angelos
2465 3260 2560 3330 qui
2595 3275 2811 3330 semper
2837 3260 3021 3315 vident
3051 3258 3245 3314 faciem
3270 3257 3470 3321 Patris,

1899 3350 1993 3422 qui
2037 3350 2091 3404 in
2143 3350 2298 3405 ccelis
2345 3359 2448 3416 est,
2486 3359 2707 3419 propter
2741 3349 2996 3406 Ecclesiae
3024 3349 3275 3418 pusillos,
3305 3357 3472 3403 testes

1898 3439 2151 3510 appellat,
2192 3447 2254 3493 ut
2299 3438 2626 3509 discipulus,
2667 3439 2898 3510 cognitis
2946 3439 3270 3510 populorum
3311 3452 3472 3492 cura-

1906 3531 2140 3596 toribus,
2167 3529 2416 3600 Apostoli
2443 3529 2847 3587 admonitiones
2872 3546 2982 3586 non
3019 3533 3332 3603 negligeret.

213 3619 556 3692 μαρτύρεται
596 3619 691 3672 νῦν
732 3621 1162 3692 (51)άγγέλους,
1188 3621 1353 3677 ἓνεκά
1391 3641 1455 3687 γε
1485 3623 1592 3677 τῶν
1633 3625 1690 3677 ὲν
1722 3625 1789 3694 τῇ
1845 3621 2139 3693 Ἐκκλησία
2189 3621 2434 3693 μικρῶν,
2485 3623 2604 3688 ἵνα,
2657 3621 2941 3690 γινώσκων
2981 3623 3008 3676 6
3047 3622 3291 3694 μαθητὴς
3345 3626 3470 3692 τοὺς

211 3715 522 3787 κηδεμόνας
555 3714 663 3768 τῶν
687 3714 852 3780 λαῶν,
884 3715 959 3788 μὴ
998 3717 1248 3793 ἀμελήσῃ
1290 3717 1397 3772 τῶν
1429 3719 1801 3790 παραινέσεων
1837 3715 1928 3769 τοῦ
1978 3715 2321 3770 Ἀποστόλου.

280 3808 370 3862 15.
409 3806 530 3860 Τῶν
561 3807 658 3878 μὲν
679 3803 773 3862 οὖν
797 3807 955 3863 θείων
979 3809 1175 3880 λογίων
1195 3810 1433 3875 τοιοῦτος
1459 3814 1486 3864 6
1517 3811 1642 3875 νοῦς
1668 3811 1790 3881 ἐμοὶ

211 3900 484 3968 φαίνεται,
516 3899 803 3970 διελέγχων
829 3899 928 3973 τὴν
957 3901 1064 3955 τῶν
1088 3902 1298 3972 ἀλόγων
1328 3903 1470 3957 κατὰ
1499 3900 1592 3956 τοῦ
1623 3901 1793 3956 Πνεύ-

217 4008 384 4061 ματος
413 3990 725 4062 δυσφημίαν
744 4009 758 4022 ’
785 3994 940 4047 αὐτοὶ
964 3994 1021 4048 δὲ
1053 3994 1153 4066 τὴν
1193 3993 1524 4064 φιλονεικίαν
1555 3993 1788 4064 ἔμμονον

212 4081 431 4152 ἔχοντες
467 4081 606 4154 πρὸς
642 4082 739 4155 τὴν
760 4084 1038 4155 ἀλήθειαν,
1071 4087 1148 4150 ὠς
1177 4087 1428 4158 γράφεις,
1464 4085 1646 4139 οὐκέτι
1692 4083 1789 4155 μὲν

214 4171 320 4224 ἀπὸ
362 4171 473 4226 τῶν
501 4172 731 4244 Γραφῶν
769 4173 899 4245 (οὐχ
926 4160 1238 4245 εὑρίσκουσι
1281 4175 1444 4248 γὰρ),
1465 4174 1573 4228 ἀπὸ
1600 4173 1658 4228 δὲ
1693 4173 1786 4226 τοῦ

215 4261 654 4333 περισσεύματος
694 4263 796 4332 τῆς
824 4264 1050 4335 καρδίας
1089 4265 1188 4336 τῆς
1235 4265 1370 4329 ιδίας
1403 4264 1784 4336 ἐρευγόμενοι,

217 4353 378 4408 πάλιν
408 4353 735 4425 φάσκουσιν·
766 4357 829 4409 El
861 4357 933 4428 μὴ
964 4355 1168 4427 κτίσμα
1192 4357 1340 4422 ἐστὶ,
1375 4356 1508 4428 μηδὲ
1542 4355 1649 4408 τῶν
1684 4355 1786 4422 ἁγ-

217 4440 391 4508 γέλων
435 4437 516 4506 εἷς
547 4444 716 4508 ἐστιν,
747 4444 948 4499 ἀλλ’ὲκ
994 4445 1090 4499 τοῦ
1139 4446 1350 4518 Πατρὸς
1397 4444 1783 4516 ἐκπορεύεταιο

285 4623 334 4656 ’³
371 4622 507 4678 Gen.
530 4639 722 4688 XLVIII,
747 4625 835 4679 15.
910 4627 956 4658 ³⁸
995 4625 1036 4679 ll
1069 4627 1308 4682 Timoth.
1344 4645 1414 4691 Iv,
1458 4629 1506 4681 l.

287 4779 407 4856 (ἓξ)
448 4780 539 4856 Sic
569 4779 774 4856 Regius
792 4783 1036 4856 primus,
1071 4780 1196 4851 Seg.
1232 4792 1284 4836 et
1308 4781 1469 4856 LXX.
1498 4782 1635 4856 Edgiti
1669 4799 1794 4839 vero
1825 4796 1872 4856 ο

217 4857 270 4904 ει
297 4850 424 4923 alii,
453 4850 760 4923 εὐλογήσει.
792 4850 965 4908 Porro
994 4850 1162 4921 supra
1183 4854 1430 4906 oratione
1463 4854 1618 4907 tertia
1659 4868 1792 4908 con-

218 4929 299 4993 tra
332 4919 599 4993 Arianos,
637 4919 764 4992 pag.
791 4923 914 4986 444,
969 4919 1246 4993 num._l2.
1280 4923 1384 4976 hoc
1411 4923 1464 4975 in
1499 4923 1792 4993 Scriptura:

218 4989 360 5054 loco,
387 4992 565 5062 angeli
600 4989 839 5059 nomine,
868 4992 1105 5046 Verbum
1138 4991 1234 5048 Dei
1259 4993 1488 5046 indicari
1518 4989 1693 5047 docet.
1720 4992 1789 5046 At

219 5075 342 5132 cum
370 5077 430 5116 ea
462 5063 776 5117 observatio
820 5063 956 5117 nihil
1003 5063 1093 5116 hic
1136 5063 1201 5117 ad
1253 5078 1367 5117 rem
1396 5063 1685 5132 pertineat,
1720 5065 1785 5117 ad

219 5130 334 5203 sola
357 5132 598 5203 attendit
632 5132 1141 5203 Scripturzewverba.

288 5200 401 5273 (26)
440 5200 658 5273 Primus
703 5200 1146 5273 c6dex_Regius,
1177 5202 1328 5272 Seg.,
1360 5206 1505 5258 ἐστιν
1527 5205 1732 5259 addunt
1768 5224 1780 5259 :

221 5268 309 5322 alii
335 5268 390 5324 et
417 5271 548 5325 editi
575 5273 854 5327 omittunt.
884 5268 1200 5327 Mox'Gohl.
1229 5268 1283 5328 et
1316 5273 1555 5329 Felekm.
1575 5276 1627 5335 1,
1663 5293 1786 5328 συν-

220 5339 531 5412 αριθμεῖται
552 5343 594 5412 6
622 5342 754 5406 Θεὸς
784 5344 878 5396 καὶ
916 5342 1063 5405 Υἱός.
1111 5342 1247 5397 Ibid.
1289 5359 1390 5412 pro
1440 5345 1528 5398 ναί
1586 5344 1787 5411 Regius

220 5409 428 5476 primus
459 5419 513 5465 et
544 5409 863 5484 seguerian.
893 5413 1094 5484 habent
1119 5413 1233 5479 καί,
1263 5409 1318 5469 et
1353 5413 1552 5484 Regius
1577 5409 1787 5484 primus

221 5490 476 5598 ἓῖἆιὶιειέε
523 5483 780 5553 νοήσωσι,
811 5491 865 5538 ει
894 5483 1060 5552 paulo
1095 5492 1220 5553 post
1243 5483 1479 5539 διάνοιαν
1525 5483 1622 5555 pro
1651 5502 1789 5556 καρ-

271 5565 355 5602 αν.

224 5686 226 5688 τ
273 5619 403 5699 .(97)
445 5617 596 5693 Seg.,
634 5623 883 5694 συνέστη.
919 5619 1126 5694 Regius
1167 5624 1398 5695 primus,
1430 5624 1780 5700 Anglicanus.

228 5701 454 5743 σύνεστι.
542 5718 548 5724 ’
1417 5743 1422 5748 ,

1968 3808 2054 3862 15.
2084 3807 2270 3879 itaque
2309 3809 2356 3864 is
2387 3809 2517 3863 mihi
2558 3807 2769 3864 videtur
2798 3822 2918 3865 esse
2951 3823 3144 3865 sensus
3175 3807 3469 3878 Scriptura:

1896 3916 2088 3964 sacrae,
2121 3917 2230 3968 quo
2258 3902 2416 3972 plane
2444 3903 2661 3957 illorum
2689 3902 2952 3958 adversus
2978 3903 3240 3973 Spiritum
3274 3902 3468 3971 impie.

1894 4003 1980 4047 tas
2014 3994 2343 4049 validissime
2372 3994 2660 4050 refutatur.
2688 3992 2891 4050 Verum
2930 3993 3091 4048 iidem
3137 3994 3213 4048 illi
3255 3994 3466 4049 veritati

1895 4085 2173 4140 adversari
2199 4096 2451 4157 pergunt,
2471 4095 2526 4141 ut
2558 4086 2774 4152 scribis,
2795 4102 2902 4141 non
2918 4088 3030 4156 jam
3054 4102 3121 4141 ex
3147 4084 3464 4157 Scripturis,

1894 4179 2091 4248 quippe
2118 4180 2214 4250 qui
2244 4179 2378 4234 nihil
2408 4180 2482 4235 ibi
2511 4180 2812 4244 inveniant,
2840 4181 2934 4235 sed
2959 4195 3026 4234 ex
3051 4179 3254 4249 proprii
3287 4177 3467 4235 cordis

1893 4272 2255 4327 redundantia
2291 4273 2404 4327 haec
2449 4288 2644 4328 rursus
2690 4280 2942 4328 eructant
2971 4288 2985 4325 :
3023 4271 3079 4325 Si
3113 4270 3348 4342 Spiritus
3377 4285 3466 4325 res

1894 4372 2073 4416 creata
2109 4379 2213 4417 non
2243 4373 2344 4428 est,
2391 4380 2568 4434 neque
2598 4380 2740 4419 unus
2771 4379 2838 4419 ex
2871 4363 3099 4433 angelis,
3137 4363 3231 4418 sed
3265 4378 3331 4419 ex
3359 4360 3464 4418 Pa-

1896 4464 1975 4508 tre
2021 4457 2305 4523 procedit:
2341 4457 2506 4526 igitur
2553 4455 2721 4511 Filius
2770 4472 2986 4527 quoque
3036 4455 3152 4524 ipse
3201 4453 3463 4509 dicendus

1991 4784 2057 4838 98
2134 4785 2312 4838 Ἐστιν
2338 4788 2491 4839 deest
2528 4784 2582 4838 in
2614 4784 2783 4855 Regio
2816 4786 2994 4852 primo
3027 4791 3080 4837 et
3107 4784 3230 4852 Seg.

1967 4784 2081 4927 i29i
2120 4854 2427 4927 Felckmaﬁ
2461 4863 2515 4910 et
2539 4855 2692 4927 editi,
2723 4854 3200 4927 ytvcbcgtovn,_§'ct.
3249 4851 3389 4927 Reg.
3426 4851 3463 4908 ἓ

1895 4935 1948 4980 et
1977 4922 2251 4981 "Ottobon.
2299 4926 2500 4980 habent
2550 4924 2854 4993 γινώσκων,
2888 4925 2990 4978 ὅτι.
3023 4922 3127 4976 Alii
3160 4931 3219 4976 ut
3247 4924 3336 4977 hic
3365 4937 3461 4978 ex-

1895 5005 2077 5138 εῑῖἓθ)
2119 5063 2309 5132 Basil.,
2337 5068 2765 5188 napaerﬁci-ztg.
2807 5063 2978 5118 Paulo
3026 5071 3150 5131 post
3201 5017 3290 5114 διά
3336 5071 3462 5132 post

1895 5135 2031 5188 τάνα
2082 5137 2176 5188 καί
2222 5136 2475 5188 omittunt
2564 5153 2649 5188 ea.
2684 5137 2707 5188 l
2742 5144 2796 5188 et
2820 5135 2875 5188 2.
2907 5142 2961 5188 et
2991 5131 3114 5188 Seu.
3153 5131 3315 5188 lbid..
3363 5148 3460 5188 Dl‘o

1890 5131 2031 5206 τάχα
2057 5131 2176 5188 ’καί
2222 5131 2475 5206 omittunt
2516 5131 2707 5206 κείω
2742 5144 2796 5188 et
2820 5135 2875 5198 2,
2907 5142 2961 5188 et
2991 5131 3114 5203 Seg.
3153 5131 3315 5199 lbid.,
3340 5131 3460 5202 pro

1889 5205 2466 5277 Oswpoiv§a¢,__Basil.,
2495 5205 2822 5277 ἐφορῶνταςΣ

1963 5270 2075 5345 (5i)
2116 5274 2207 5330 Sic
2259 5275 2458 5344 Regius
2513 5270 2740 5344 primus,
2798 5273 2924 5345 Seg.
2961 5271 3154 5345 _Basil._
3197 5270 3370 5345 Gobl._
3406 5280 3462 5327 et

1889 5341 2126 5400 Felckin.
2153 5341 2384 5415 primus.
2420 5341 2634 5415 Cgeteri"
2649 5354 2704 5400 et
2736 5341 2889 5415 pediti
2921 5341 3019 5415 νῦν
3049 5341 3330 5415 om_ittunt__,
3358 5341 3462 5415 ha-_-

1891 5417 2123 5485 bentqnc
2153 5410 2254 5468 art.
2288 5417 2433 5479 τούς.
2456 5414 2592 5470 Ibid.
2616 5414 2816 5485 Regius
2851 5412 3086 5485 primus,
3118 5410 3270 5485 Sey,
3295 5412 3461 5466 ἕνεκά

1927 5503 1974 5538 ε.
2011 5476 2267 5540 Particul.
2309 5503 2372 5554 γε
2394 5476 2461 5539 ἶη
2503 5486 2624 5539 aliis
2657 5476 2900 5554 et'editis
2927 5476 3297 5554 deestLPaiilo
3335 5488 3461 5554 post

1927 5503 1974 5538 ε.
2011 5503 2267 5540 ιἐι-ιιοιιι.
2309 5503 2372 5554 γε
2406 5503 2461 5539 In
2503 5503 2624 5539 aliis
2657 5503 2710 5539 ει
2737 5503 2897 5537 ealtls
2931 5503 3099 5550 uec-5t,
3129 5503 3297 5534 raqu
3337 5503 3460 5549 post.

1889 5503 2093 5626 ilegius
2125 5556 2356 5627 primus,
2390 5555 2513 5627 Seg.
2563 5554 2772 5625 Anglic.
2803 5550 2967 5610 σθω,
2993 5561 3048 5606 ει
3075 5550 3310 5607 Felcltm.
3340 5549 3460 5621 ιιι-ῖς

1893 5625 2034 5690 mus,
2074 5625 2420 5697 κηδομένους.

2134 4785 2312 4855 Ἔστιν
2338 4788 2491 4839 deest
2528 4784 2582 4838 in
2614 4784 2783 4855 Regio
2816 4786 2994 4855 primo
3027 4791 3080 4837 et
3107 4783 3230 4855 Seg.
