3834 6220
242 347 351 410 589

1293 389 1298 393 ς
1349 349 1688 409 ενιετοιιι
1731 352 1750 406 l
1792 352 1884 407 AD
1925 351 2392 410 SERAPIONEM.

3415 352 3521 408 570

243 468 344 520 καὶ
391 465 440 518 tl
484 459 599 529 υίὸς
644 465 862 534 λέγεται
880 495 908 528 ,~
940 465 1053 518 ἀλλ’
1090 465 1278 536 ἑτέρου
1328 466 1518 534 γέγονε
1559 463 1670 534 (40)
1721 483 1827 518 πα-

1946 477 2085 522 aater
2111 467 2310 536 aliquis
2336 466 2556 531 dicitur,
2589 437 2770 522 tamen
2793 465 2934 521 idem
2960 465 3186 521 alterius
3215 465 3360 520 ﬁlius
3391 465 3520 522 fuit.

241 546 387 629 τῆρ’
430 556 571 611 ὥστε
617 560 702 611 ἐπ’
744 555 1048 630 ἀνθρώπων
1097 557 1170 629 μὴ
1216 556 1485 622 σώζεσθαι
1529 557 1734 628 κυρίως
1765 557 1828 610 τὸ

243 649 450 718 πατρὸς
503 649 598 702 καὶ
650 648 770 702 υίοῦ
809 649 1000 719 ὅνομα.
1061 649 1313 720 Ἀϐραὰμ
1358 648 1491 718 γοῦν
1519 688 1534 712 ,
1593 647 1707 710 υίὸς
1752 646 1828 701 ὢν

241 739 339 794 τοῦ
371 740 609 813 Θάρρου,
650 741 832 811 πατὴρ
863 741 1054 809 γέγονε
1085 740 1181 794 τοῦ
1225 740 1428 794 Ἰσαάκ·
1479 739 1575 793 καὶ
1621 739 1825 804 Ἰσαὰκ,

242 826 360 894 υίὸς
403 831 483 885 ὢν
523 832 619 885 τοῦ
663 833 942 904 Ἀϐραὰμ,
993 832 1174 904 πατὴρ
1219 832 1410 901 γέγονε
1454 831 1548 885 τοῦ
1590 829 1785 888 Ἰακώϐ
1811 849 1823 861 ·

242 925 340 977 καὶ
366 922 559 978 τοῦτον
588 923 682 978 τὸν
715 925 915 996 τρόπον
943 927 976 996 ἡ
1012 925 1175 995 φύσις
1208 925 1315 978 τῶν
1348 922 1649 993 ἀνθρώπων
1677 921 1823 994 ἔχει’

252 1016 395 1086 μέρη
431 1015 542 1087 γάρ
587 1017 725 1068 εἰσιν
767 1015 1068 1086 ἀλλήλων.
1094 1018 1187 1068 καὶ
1225 1016 1453 1078 ἕκαστος
1491 1013 1830 1086 γεννώμενος

248 1106 362 1176 εχει
387 1104 484 1160 τοῦ
533 1108 736 1177 πατρὸς
773 1108 956 1178 μέρος,
995 1108 1082 1161 ἵνα
1116 1108 1208 1160 καὶ
1240 1108 1403 1171 αὐτὸς
1445 1109 1632 1178 ἑτέρου
1665 1107 1827 1177 γένη-

242 1215 334 1253 ται
370 1201 579 1272 πατήρ.
626 1191 750 1253 Ἐπὶ
777 1200 835 1252 δὲ
871 1201 971 1271 τῆς
1009 1197 1260 1270 θεότητος
1303 1200 1402 1252 οὐκ
1445 1199 1592 1252 ἐστιν
1635 1198 1825 1262 οὕτως.

247 1291 325 1344 οὐ
355 1291 471 1362 γὰρ
500 1291 577 1353 ὡς
607 1287 892 1362 ἄνθρωπος
925 1293 953 1344 6
983 1291 1136 1355 Θεὸς,
1163 1291 1285 1344 οὐδὲ
1319 1291 1684 1362 μεριζομὲνην
1717 1291 1829 1361 ἔχει

245 1385 452 1454 φύσινο
489 1385 570 1439 διὸ
605 1384 717 1456 (41)
763 1385 884 1438 οὐδὲ
928 1387 1094 1456 γεννᾷ
1124 1385 1256 1441 Υίὸν
1303 1383 1695 1456 μεριζόμενος,
1745 1385 1831 1438 ἵνα

244 1478 345 1530 καὶ
383 1477 550 1540 αὐτὸς
585 1476 807 1548 γένηται
852 1477 1043 1549 Πατὴρ
1089 1477 1298 1548 ἑτέρου,
1334 1476 1456 1529 ἐπεὶ
1505 1477 1625 1548 μηδ’
1669 1477 1832 1540 αὑτός

245 1569 399 1620 ἔστιν
430 1568 496 1619 ὲκ
533 1567 744 1639 Πατρός
769 1586 780 1598 ·
815 1567 937 1622 οὔτε
970 1571 998 1622 6
1028 1569 1154 1633 Υἱὸς
1177 1569 1234 1622 δὲ
1270 1569 1433 1640 μέρος
1465 1571 1581 1622 ἐστὶ
1601 1568 1696 1621 τοῦ
1721 1569 1832 1622 Πα-

244 1659 411 1730 τρός·
445 1659 526 1712 διὸ
558 1662 652 1713 καὶ
700 1660 812 1728 (42)
862 1661 982 1714 οὐδὲ
1031 1663 1232 1733 γεννᾷ,
1282 1661 1471 1733 ὥσπερ
1510 1662 1830 1732 γεγέννηται

245 1752 436 1817 αὐτὸς,
472 1753 608 1808 ἀλλὰ
631 1753 752 1817 ὅλος
787 1754 932 1806 ἐστὶν
961 1753 1086 1806 ὅλου
1119 1751 1282 1806 εἰκὼν
1309 1755 1404 1807 καὶ
1448 1751 1789 1822 ἀπαύγασμα
1814 1769 1826 1781 ·

1935 557 2173 614 Tametsi
2208 559 2460 614 similiter
2491 559 2636 614 illius
2658 560 2783 629 quis
2809 559 3030 622 dicitur,
3064 569 3247 614 tamen
3274 558 3416 616 idem
3441 561 3522 613 al-

1935 647 2106 702 terius
2150 656 2236 702 est
2277 658 2451 718 pater.
2484 647 2642 705 Unde
2686 663 2793 704 non
2839 649 3062 718 pmprie
3105 649 3160 701 in
3205 648 3521 704 hominibus

1934 739 2107 807 patris
2136 747 2190 793 et
2218 738 2314 793 ﬁlii
2340 753 2540 793 nomen
2568 751 2840 794 servatur.
2873 737 2965 794 Sic
2989 739 3269 792 Abraham
3297 740 3389 808 qui
3420 739 3522 794 fuit

1935 830 2080 884 ﬁlius
2111 829 2323 895 Tharar,
2355 831 2497 884 idem
2529 829 2633 884 fuit
2665 840 2820 900 pater
2852 830 3025 886 lsaac.
3072 830 3339 886 Similiter
3367 829 3522 886 Isaac

1935 923 2026 990 qui
2057 921 2200 976 filius
2231 930 2350 976 erat
2379 921 2634 986 Abrahae,
2670 923 2774 977 fuit
2815 931 2969 992 pater
2997 922 3188 989 Jacob,
3221 931 3395 992 eaque
3439 932 3523 977 est

1937 1013 2192 1067 humanae
2233 1023 2442 1068 natura:
2485 1015 2750 1069 conditio.
2783 1014 2920 1070 Nam
2969 1017 3071 1072 sibi
3115 1018 3347 1072 invicem
3395 1028 3524 1072 sunt

1939 1115 2140 1172 partes,
2178 1112 2232 1158 et
2281 1106 2532 1176 quisquis
2577 1107 2839 1178 gignitur,
2881 1111 3052 1178 patris
3085 1119 3294 1180 partem
3336 1109 3521 1176 habet,

1937 1208 1997 1253 ut
2021 1207 2074 1252 et
2106 1199 2220 1267 ipse
2245 1199 2470 1254 alterius
2499 1201 2593 1254 ﬁat
2616 1210 2789 1270 pater.
2822 1200 2887 1256 At
2918 1217 3026 1256 non
3059 1204 3131 1257 ita
3162 1219 3219 1258 se
3247 1219 3335 1258 res
3362 1203 3527 1259 habet

1938 1289 1992 1342 in
2039 1289 2342 1344 divinitate.
2386 1289 2498 1346 Nec
2531 1292 2676 1346 enim
2708 1291 2990 1345 hominum
3019 1293 3214 1348 similis
3242 1302 3327 1349 est
3358 1294 3522 1358 Deus,

1938 1397 2038 1436 nec
2063 1382 2292 1437 divisam
2323 1383 2485 1438 habet
2530 1393 2806 1439 naturam.
2834 1383 3178 1456 Quapropter
3218 1402 3395 1456 neque
3437 1387 3525 1442 sui

1938 1473 2214 1528 divisione
2255 1474 2428 1528 ﬁlium
2473 1483 2718 1545 generat,
2762 1484 2821 1529 ut
2855 1483 2910 1530 et
2943 1477 3059 1546 ipse
3103 1477 3331 1530 alterius
3373 1483 3526 1546 pater

1937 1567 2051 1631 ﬁat,
2081 1582 2202 1620 cum
2233 1583 2408 1637 neque
2435 1568 2550 1638 ipse
2583 1570 2746 1652 sit’ex
2778 1577 2953 1638 patre,
2991 1585 3170 1640 neque
3201 1568 3372 1625 Filius
3400 1584 3527 1639 pars

1939 1661 2012 1714 sit
2047 1659 2244 1716 Patris.
2273 1658 2460 1730 Itaque
2485 1659 2658 1716 Filius
2684 1677 2792 1720 non
2827 1671 3072 1732 generat,
3110 1671 3172 1716 ut
3218 1664 3337 1732 ipse
3372 1660 3527 1732 geni-

1941 1761 2025 1806 tus
2058 1761 2162 1814 est,
2199 1752 2296 1806 sed
2330 1763 2476 1808 totus
2503 1762 2587 1808 est
2621 1754 2792 1808 totius
2822 1755 3002 1824 imago
3025 1763 3081 1808 et
3110 1754 3408 1824 splendor:
3445 1763 3529 1808 at-

247 1846 348 1899 καὶ
377 1847 471 1899 ἐπὶ
503 1845 602 1914 τῆς
635 1843 886 1914 θεότητος
938 1846 1104 1915 μόνης
1162 1847 1190 1898 6
1241 1845 1429 1916 Πατὴρ
1481 1845 1684 1914 κυρίως
1715 1843 1830 1917 ἐστι

1946 1857 2040 1912 (ne
2075 1844 2128 1898 in
2163 1844 2280 1899 sola
2327 1846 2620 1900 divinitate
2662 1845 2830 1902 Pater
2875 1847 3096 1917 prOprie
3135 1859 3221 1902 εει
3262 1845 3445 1912 Pater,
3475 1854 3531 1900 et

247 1939 450 2009 Πατήρ
474 1954 489 1969 ο
525 1940 619 1991 καὶ
647 1941 676 1992 6
702 1937 846 2004 Υἱὸς,
877 1938 1081 2009 κυρίως
1105 1937 1232 2000 Υἱός
1263 1938 1436 1990 ἐστιν·
1475 1937 1568 1989 καὶ
1596 1936 1687 1988 ἐπὶ
1713 1936 1836 1988 τού-

243 2046 362 2082 των
412 2028 612 2099 ἔστηκε
652 2029 714 2081 τὸ
755 2027 944 2098 Πατὴρ
980 2031 1065 2082 ἀεὶ
1095 2029 1304 2100 Πατὴρ,
1336 2028 1430 2080 καὶ
1460 2027 1522 2079 τὸ
1560 2026 1686 2089 Υἱὸς
1721 2025 1833 2095 (45)

244 2121 340 2173 ἀεὶ
372 2119 522 2183 Υἱός.
553 2120 663 2174 Καὶ
688 2119 878 2191 ὥσπερ
907 2121 1006 2173 οὐκ
1031 2119 1096 2172 ἂν
1126 2120 1212 2184 εἴη
1245 2120 1371 2172 ποτὲ
1405 2123 1434 2172 6
1465 2119 1654 2191 Πατὴρ
1683 2119 1831 2184 Υἱὸς,

246 2215 431 2279 οὕτως
462 2215 560 2268 οὐκ
592 2213 657 2269 ἄν
685 2231 817 2268 ποτε
837 2215 1048 2282 γένοιτο
1071 2214 1099 2266 6
1123 2214 1249 2277 Υἱὸς
1276 2215 1486 2284 Πατήρ.
1519 2214 1627 2268 Καὶ
1649 2213 1835 2285 ὥσπερ

245 2308 313 2359 οὐ
344 2305 610 2360 παύσεταί
641 2311 769 2358 ποτε
812 2309 841 2359 6
872 2306 1065 2378 Πατὴρ
1110 2307 1267 2376 μόνος
1307 2305 1383 2375 ᾣν
1430 2307 1642 2378 Πατὴρ,
1665 2303 1836 2369 οὕτως

243 2399 310 2451 οὐ
341 2397 610 2452 παύσεταί
637 2415 764 2451 ποτε
785 2400 813 2450 6
847 2399 976 2462 Υἱὸς
1006 2399 1165 2469 μόνος
1194 2397 1270 2452 ὢν
1315 2399 1462 2462 Υἱός.
1500 2401 1683 2454 Μανία
1726 2399 1836 2469 ἄρα

241 2489 357 2548 κᾶν
386 2491 526 2556 ὅλως
557 2493 906 2564 ἐνθυμεῖσθαι
940 2496 1034 2548 καὶ
1057 2493 1236 2562 λέγειν
1269 2494 1362 2549 ἐπὶ
1395 2495 1491 2564 μὲν
1522 2494 1652 2548 Υίοῦ
1680 2494 1834 2548 ἀδελ-

243 2585 375 2654 φὸν,
411 2586 505 2638 ἐπὶ
538 2585 594 2638 δὲ
627 2586 838 2657 Πατρδς
864 2589 925 2638 τὸ
948 2585 1172 2639 πάππου
1203 2584 1312 2653 (44)
1340 2583 1529 2656 ὄνομα.
1561 2587 1697 2638 Οὐδὲ
1725 2585 1834 2658 γὰρ

241 2673 549 2746 ὠνομάσθη
579 2677 638 2729 ὲν
669 2679 788 2740 ταῖς
822 2674 860 2728 Γ
865 2679 1065 2747 ραφαῖς
1108 2677 1222 2740 υἱὸς
1251 2674 1312 2730 τὸ
1351 2677 1595 2748 Πνεῦμα,
1635 2677 1722 2730 ἶνα
1759 2677 1834 2749 μὴ

242 2764 482 2836 ἁδελφὸς
515 2769 744 2840 νομισθῇ
775 2785 790 2800 ’
823 2767 943 2822 οὐδὲ
975 2769 1089 2832 υίὸς
1120 2769 1214 2822 τοῦ
1255 2767 1406 2833 rio-3,
1443 2769 1528 2821 i'va
1564 2768 1638 2838 μὴ
1687 2769 1836 2822 πάπ-

240 2876 354 2923 πος
385 2863 557 2913 νοοῖτο
591 2860 704 2929 (45)
734 2863 762 2914 6
796 2859 988 2932 Πατήρ
1010 2878 1021 2889 ·
1057 2861 1171 2914 ἀλλ’
1214 2863 1242 2914 6
1293 2859 1442 2925 Υἱὸς,
1476 2860 1571 2914 τοῦ
1623 2859 1835 2932 Πατρὸς

242 2949 391 3016 υἱὸς,
434 2953 528 3006 καὶ
559 2954 622 3006 τὸ
668 2952 896 3024 Πνεῦμα
940 2954 1034 3006 τοῦ
1065 2954 1278 3026 Πατρὸς
1309 2953 1524 3024 πνεῦμα
1570 2953 1785 3024 εἴρηται
1815 2971 1828 2984 ·

240 3047 348 3099 καὶ
375 3043 551 3109 οὕτως
585 3047 685 3118 τῆς
722 3046 884 3114 ἁγίας
916 3046 1144 3119 Τριὰδος
1187 3046 1283 3118 μία
1315 3047 1349 3118 ἡ
1393 3045 1582 3119 θεότης
1622 3048 1715 3100 καὶ
1745 3045 1833 3098 πί-

242 3156 371 3200 στις
403 3139 569 3192 ἐστίν.

1937 1935 2109 1992 Filius
2157 1939 2375 2008 proprie
2421 1950 2504 1994 eat
2545 1939 2720 1994 Filius
2761 1955 2774 1994 :
2813 1940 2904 2010 qui
2959 1939 3120 1993 Pater
3167 1952 3383 2008 semper
3427 1937 3531 1993 fuit

1937 2028 2117 2095 Pater,
2148 2041 2202 2086 et
2229 2030 2402 2086 Filius
2431 2034 2638 2101 pariter
2667 2048 2883 2103 semper
2908 2034 3010 2088 fuit
3034 2033 3226 2088 Filius.
3258 2032 3531 2100 Quemad-

1937 2125 2157 2178 modum
2191 2124 2321 2178 item
2354 2139 2637 2195 nunquam
2670 2124 2834 2180 Pater
2864 2125 3084 2180 futurus
3116 2136 3200 2180 est
3227 2124 3414 2186 Filius,
3447 2125 3531 2180 sic

1937 2231 2217 2285 nunquam
2247 2215 2420 2271 Filius
2455 2215 2675 2272 futurus
2704 2227 2786 2272 est
2816 2217 3000 2273 Pater.
3038 2217 3102 2272 Et
3139 2227 3200 2272 ut
3245 2230 3527 2288 nunquam

1935 2307 2098 2364 Pater
2123 2310 2335 2365 desinet
2371 2310 2524 2366 solus
2555 2325 2681 2366 esse
2711 2309 2874 2366 Pater
2900 2329 2914 2366 :
2945 2312 3016 2365 ita
3048 2310 3222 2365 Filius
3249 2326 3529 2381 nunquam

1935 2401 2149 2454 desinet
2183 2414 2305 2454 esse
2351 2401 2502 2455 solus
2548 2399 2741 2456 Filius.
2785 2399 2956 2456 Nemo
3005 2402 3170 2471 igitur
3204 2402 3309 2456 nisi
3349 2411 3532 2456 mente

1936 2497 2128 2560 captus
2171 2493 2368 2546 dixerit
2393 2493 2479 2546 vel
2510 2494 2838 2563 cogitaverit
2871 2493 3092 2548 fratrem
3133 2510 3256 2556 esse
3284 2492 3448 2558 Filio,
3477 2503 3532 2549 et

1937 2597 2134 2636 nomen
2165 2583 2248 2634 avi
2292 2581 2437 2637 Patri
2474 2586 2789 2638 convenire.
2829 2583 2968 2640 Hinc
2998 2586 3144 2640 enim
3175 2601 3444 2656 nusquam
3475 2585 3528 2640 in

1939 2672 2240 2742 Scripturis
2272 2675 2442 2728 sacris
2477 2673 2716 2748 Spiritus
2765 2676 2912 2732 ﬁlius
2963 2679 3143 2732 dictus
3181 2686 3288 2741 est,
3321 2691 3389 2732 ne
3421 2677 3528 2731 fra-

1937 2772 2019 2817 ter
2048 2777 2170 2819 esse
2208 2764 2618 2819 existimaretur
2661 2785 2673 2819 :
2725 2767 2800 2818 uti
2839 2781 2938 2821 nec
2967 2767 3113 2821 tilius
3147 2765 3293 2830 Filii,
3326 2783 3394 2822 ne
3422 2766 3530 2822 Pa-

1937 2864 2016 2908 ter
2045 2871 2182 2910 avus
2212 2857 2545 2911 crederetur.
2587 2855 2692 2912 Sed
2739 2857 2935 2922 Filius,
2993 2858 3172 2915 Patris
3216 2869 3299 2915 est
3350 2860 3528 2923 ﬁlius;

1935 2959 1987 3001 et
2017 2947 2272 3018 Spiritus,
2305 2947 2483 3004 Patris
2524 2950 2752 3019 spiritus
2781 2950 2961 3007 dictus
2993 2962 3096 3018 est,
3126 2961 3290 3024 atque
3319 2953 3393 3008 ita
3423 2969 3531 3010 una

1936 3039 2222 3096 Trinitatis
2251 3041 2510 3098 divinitas
2535 3049 2589 3098 et
2613 3044 2749 3099 ﬁdes
2781 3050 2887 3099 est.

320 3185 413 3283 {7.
456 3228 665 3282 Οὐκοῦν
695 3231 788 3284 καὶ
820 3229 962 3284 κατὰ
996 3231 1154 3284 τοῦτο
1190 3232 1358 3301 μανία
1385 3231 1448 3284 τὸ
1488 3231 1666 3300 λέγειν
1701 3231 1830 3284 αὐτὸ

2015 3218 2100 3271 t7.
2143 3218 2411 3284 Quocirca
2445 3231 2566 3273 eam
2601 3235 2822 3290 quoque
2872 3221 2944 3276 ob
2998 3223 3266 3278 rationem
3317 3224 3530 3280 insania

240 3322 481 3393 κτίσμα.
502 3323 566 3375 Ei
585 3322 694 3393 γὰρ
723 3324 929 3394 κτίσμα
955 3313 1042 3394 ἦν,
1064 3324 1124 3375 οὐ
1156 3323 1514 3377 συνετάσσετο
1533 3325 1598 3394 τῇ
1620 3321 1830 3394 Τριάδι.

241 3410 395 3482 Ὅλη
428 3412 535 3482 γὰρ
579 3407 660 3476 εἷς
693 3412 824 3476 Θεός
854 3414 989 3467 ἐστι.
1040 3415 1152 3466 Καὶ
1187 3413 1348 3485 ἀρκεῖ
1378 3413 1703 3482 γινώσκειν,
1751 3412 1833 3466 ὅτι

247 3501 331 3575 μὴ
365 3503 573 3572 κτίσμα
598 3505 716 3556 ἐστὶ
745 3505 804 3557 τὸ
836 3504 1075 3576 Πνεῦμα,
1111 3505 1244 3576 μηδὲ
1277 3508 1388 3568 τοῖς
1418 3505 1684 3576 ποιήμασι
1709 3521 1832 3557 συν-

241 3593 568 3665 αριθμεϊται
636 3610 650 3625 ·
711 3595 773 3647 οὐ
847 3593 955 3665 γὰρ
1021 3595 1297 3666 ἀλλότριον
1355 3595 1705 3666 ὲπιμίγνυται
1763 3597 1829 3666 τῇ

243 3687 466 3756 Τριάδι,
507 3686 622 3739 ἀλλ’
663 3686 968 3759 ἀδιαίρετός
1014 3689 1130 3741 ἐστι
1164 3690 1258 3741 καὶ
1297 3687 1457 3758 ὁμοία
1489 3685 1601 3759 (46)
1641 3687 1828 3757 ἑαυτῇ.

255 3780 319 3833 Ἀ
331 3782 452 3851 ρκεῖ
479 3779 649 3832 ταῦτα
679 3783 791 3844 τοῖς
819 3784 1029 3844 πιστοῖς
1053 3798 1066 3810 ·
1108 3781 1267 3853 μέχρι
1303 3781 1508 3834 τούτων
1537 3783 1594 3833 ἐν
1623 3778 1832 3849 ἀνθρὼ-

242 3887 374 3934 ποις
404 3873 440 3942 ἡ
465 3871 665 3937 γνῶσις
691 3872 882 3940 φθάνει
913 3892 926 3906 ο
963 3875 1068 3937 ἕως
1099 3875 1303 3927 τούτων
1331 3875 1398 3928 τὰ
1429 3875 1697 3946 χερου6ιμ
1733 3892 1830 3928 κα-

241 3961 442 4016 λύπτει
478 3966 600 4026 ταῖς
644 3963 922 4034 πτέρυξιν.
976 3967 1033 4018 '0
1066 3967 1123 4019 δὲ
1164 3967 1393 4037 περιττὰ
1423 3967 1625 4020 τούτων
1653 3964 1832 4036 ζητῶν

242 4056 346 4109 καὶ
373 4054 544 4108 θέλων
585 4055 811 4126 ὲρευνᾷν
863 4057 1164 4128 παρακούει
1214 4057 1308 4110 τοῦ
1346 4056 1631 4126 λέγοντοςο
1678 4076 1696 4109 ι
1741 4059 1830 4130 Μὴ

243 4143 474 4211 coacij
523 4145 758 4215 περισσὰ
797 4145 931 4216 (47),
965 4148 1051 4199 ἴνα
1085 4148 1159 4218 μὴ
1205 4147 1507 4219 ὲκπλαγῇς.
1541 4167 1558 4198 ν
1599 4145 1682 4199 Τὰ
1721 4146 1831 4216 γὰρ

244 4235 434 4287 πίστει
461 4235 855 4306 παραδοθέντα,
884 4236 1055 4289 ταῦτα
1079 4237 1177 4289 οὐκ
1208 4238 1264 4290 ὲν
1298 4235 1613 4308 ἀνθρωπίνῃ
1646 4235 1830 4306 σοφίᾳ,

243 4325 365 4378 ἀλλ’
391 4325 449 4376 ἐν
473 4329 609 4396 ἀκοῇ
645 4327 884 4390 πίστεως
922 4327 1247 4382 διανοεῖσθαι
1280 4329 1498 4399 πρέπει.
1535 4331 1691 4390 Ποῖος
1723 4329 1832 4396 γὰο

319 4509 366 4540 ⁸⁸
405 4506 582 4566 Eccle.
615 4525 710 4578 vn,
742 4509 828 4564 ΓΙ.

1942 3313 2060 3368 sine
2111 3310 2276 3366 dubio
2327 3312 2493 3367 fuerit
2545 3313 2876 3368 contendere
2924 3330 3041 3372 rem
3086 3326 3324 3371 creatam
3375 3316 3528 3372 illum

1938 3413 2082 3455 esse.
2114 3399 2246 3454 Nam
2278 3403 2320 3456 si
2356 3413 2444 3456 res
2476 3411 2658 3456 creata
2691 3412 2856 3468 esset,
2889 3403 3145 3459 Trinitati
3189 3422 3294 3460 non
3331 3408 3530 3476 adiun-

1941 3505 2175 3565 geretur.
2204 3494 2336 3548 Nam
2373 3504 2486 3550 tota
2519 3512 2660 3552 unus
2696 3496 2837 3554 Deus
2870 3507 2973 3552 est.
3011 3497 3158 3555 Satis
3199 3515 3330 3569 ergo
3361 3499 3530 3556 fuerit

1939 3601 2270 3656 cognoscere
2325 3586 2590 3657 Spiritum
2645 3602 2759 3642 rem
2805 3599 3045 3644 creatam
3084 3605 3192 3645 non
3239 3606 3380 3656 esse,
3429 3609 3530 3648 nec

1935 3678 2100 3732 rebus
2131 3679 2330 3733 creatis
2379 3681 2752 3734 annumerari.
2797 3680 3076 3749 Siquidem
3111 3682 3248 3736 nihil
3286 3684 3527 3739 alienum

1932 3768 2187 3823 Trinitati
2247 3769 2599 3835 admiscetur,
2652 3769 2747 3824 sed
2793 3767 2952 3840 532
2984 3770 3266 3826 individua
3314 3784 3368 3828 ει
3420 3775 3525 3830 sibi

1935 3860 2036 3930 ipsi
2069 3859 2266 3915 similis
2315 3867 2416 3914 est.
2466 3856 2612 3926 Haec,
2653 3859 2898 3930 inquam,
2944 3862 3195 3918 ﬁdelibus
3239 3865 3371 3919 satis
3406 3879 3530 3920 esse

1935 3953 2133 4008 debent
2171 3971 2182 4006 :
2220 3951 2327 4006 huc
2357 3966 2528 4021 usque
2567 3953 2810 4007 humana
2845 3954 3085 4024 cognitio
3117 3956 3402 4026 pervenire
3429 3972 3530 4026 po-

1937 4055 2082 4100 test:
2125 4045 2216 4099 hic
2253 4045 2540 4100 cherubim
2587 4044 2688 4100 alis
2731 4045 2923 4101 faciem
2953 4048 3154 4102 velant.
3193 4046 3297 4114 Qui
3345 4058 3526 4102 antrm

1943 4139 2028 4192 his
2073 4138 2230 4208 plura
2287 4136 2482 4206 quzerit
2529 4145 2581 4191 et
2625 4137 2956 4208 investigare
3009 4139 3178 4208 cupit,
3221 4139 3530 4210 refragatur

1938 4228 2137 4282 dicenti
2168 4243 2181 4280 :
2211 4246 2232 4278 ι
2261 4225 2338 4282 Νε
2367 4227 2489 4296 plus
2520 4227 2703 4296 sapias
2726 4243 2889 4298 quam
2924 4244 3144 4286 necesse
3185 4241 3292 4296 est,
3332 4247 3400 4286 ne
3431 4231 3531 4284 oh-

1937 4334 2227 4392 stupcscas
2273 4320 2340 4375 ⁹⁶.
2379 4339 2398 4372 ι
2443 4319 2578 4386 Qua:
2619 4321 2767 4375 enim
2812 4321 2918 4377 ﬁde
2957 4323 3154 4378 tradita
3208 4333 3365 4389 sunt,
3413 4323 3530 4378 hac

320 4666 436 4736 (40)
477 4665 682 4738 Regius
728 4666 964 4736 primus,
1017 4663 1166 4738 seg..
1203 4663 1416 4732 γέγονε.
1450 4661 1613 4738 Editi_
1642 4671 1696 4738 et
1726 4661 1842 4726 alii,
1877 4660 1921 4720 D
1950 4730 1992 4738 _
2021 4660 2134 4738 (44)
2178 4659 2268 4714 Sir
2297 4659 2523 4738 Regius
2575 4661 2807 4738 primus,
2831 4657 2986 4738 “Seg.
3019 4658 3206 4738 ‘Basil.
3263 4656 3422 4712 Gobl.
3474 4665 3531 4712 et

244 4738 492 4806 λέγεται.

244 4942 457 5020 Κυρίου
491 4942 840 5020 ὄνομαᾎΜῦκ
880 4946 1287 5020 ᾖὺίίιηΑιιςιὶεη
1310 4942 1404 4997 τοῦ
1432 4943 1644 5016 Θάρρα.
1677 4942 1837 5000 Gobl.

245 5029 303 5076 et
337 5016 665 5084 Felekmfi,
699 5019 834 5088 Reg.
868 5019 920 5084 i,
953 5018 1048 5071 τοῦ
1078 5016 1305 5087 Ναχώρ.

319 5091 433 5159 (41)
474 5089 599 5143 Haec
650 5083 850 5150 verba,
905 5083 1029 5143 οὐδὲ
1087 5083 1452 5160 μεριζομένην
1495 5084 1608 5155 ἔχει
1654 5083 1835 5156 φύσιν,

245 5162 351 5224 διό,
388 5163 590 5215 desunt
624 5161 677 5213 in
696 5160 931 5213 editione
947 5159 1408 5215 Commeliniana.

321 5227 438 5301 με)
479 5231 586 5301 Κναί
619 5228 774 5285 abest
807 5247 836 5284 a
874 5230 1046 5298 Regio
1081 5231 1280 5297 primo,
1312 5229 1438 5295 Seg.
1473 5225 1608 5301 Bas.
1633 5226 1834 5301 Ibidem

246 5298 489 5356 Gn'hl.'et
523 5300 765 5358 Frlrkm.
817 5305 1049 5370 primus,
1079 5301 1235 5363 ὅλως.
1271 5303 1555 5370 Ottobon.)
1590 5300 1618 5350 6
1645 5298 1836 5370 Λόγος.

245 5373 423 5428 Paulo
453 5381 576 5441 post
608 5371 740 5441 Reg.
763 5367 830 5432 1(
845 5373 970 5440 Seg.
993 5372 1118 5426 Bas.
1139 5372 1297 5425 Gohl.
1321 5380 1373 5423 et
1401 5367 1617 5422 Felrkm
1664 5370 1713 5428 l,
1738 5369 1838 5438 τῆς

245 5443 506 5514 θεότητος
542 5443 730 5513 μόνης.
783 5444 976 5496 (laetari
1032 5453 1086 5495 ει
1143 5443 1272 5514 editi
1305 5511 1313 5514 _
1341 5441 1507 5510 μόνης
1555 5441 1834 5493 omittunt.

246 5511 553 5580 ιυιίιξιιεκ.
576 5514 630 5570 2.
669 5511 820 5577 θείας
854 5514 1070 5582 φύσεως
1101 5529 1198 5580 pro
1227 5511 1499 5582 Θεότητος.

323 5585 437 5650 (45)
481 5579 573 5638 Sic
605 5582 804 5652 Regius
835 5579 882 5648 Ι,
917 5584 1040 5653 Seg.
1075 5579 1198 5637 Bas.
1232 5579 1390 5636 Gobl.
1417 5591 1474 5653 (et
1512 5579 1749 5653 Frlrkm.
1775 5581 1832 5644 ¹1.

247 5655 317 5708 At
348 5657 442 5709 alii
489 5663 545 5708 et
587 5651 737 5717 editi,
773 5651 1011 5724 ἕστηκεν
1045 5654 1315 5724 6'11a'1‘i1p_
1349 5652 1436 5707 ἀεὶ
1487 5651 1702 5724 πατὴρ,
1742 5653 1836 5704 καὶ

246 5728 277 5779 6
306 5725 455 5790 Υἱός,
489 5733 595 5780 etc.
621 5724 744 5779 Mox
786 5722 990 5793 Regius
1031 5722 1444 5794 primus,Seg.,
1476 5732 1598 5790 post
1639 5722 1749 5791 εἴη,
1783 5731 1837 5777 ει

250 5796 546 5862 παύσεται,
582 5796 710 5850 πυγτέ
738 5797 945 5852 addunt
976 5815 986 5851 :
1027 5798 1118 5850 alii
1153 5806 1205 5851 et
1232 5795 1361 5851 edi.i
1399 5795 1678 5848 omittunt.

517 4731 650 4804 Qum
682 4731 1011 4806 sequuntur,
1045 4731 1364 4806 $615,790.,
1398 4734 1464 4786 ad
1492 4731 1616 4806 υἱοῦ
1638 4732 1842 4806 ὄνομα,

244 4801 451 4864 desunt
485 4801 835 4862 in'Ottoho'n.
879 4805 1012 4875 Reg.
1043 4809 1078 4861 2
1119 4815 1174 4858 et
1199 4802 1538 4875 _Felekrn.§.
1575 4803 1709 4856 Ibid.
1741 4801 1844 4856 Re-

242 4881 372 4950 gius
403 4879 636 4948 primus,
685 4878 836 4950 59.5.,
863 4872 1206 4950 liabentutoﬁ
1243 4872 1614 4950 bvopg.‘Et_Ii-il
1651 4875 1840 4950 et_ali_i,

1950 4729 2191 4787 Felrkm.
2230 4729 2671 4798 primus.Ca2teri
2695 4741 2748 4784 et
2780 4730 2928 4790 editi,
2964 4730 3208 4791 πάππος.

2023 4802 2137 4868 (45)
2178 4796 2372 4854 Νοοῖτο
2404 4801 2555 4855 abest
2583 4818 2611 4854 a
2643 4801 2812 4868 Regio
2844 4802 3041 4868 primo,
3080 4798 3202 4867 Srg.
3225 4797 3348 4851 Bas.
3369 4796 3525 4868 Gohl.

1949 4881 1999 4926 ot
2036 4871 2274 4926 Felckm.
2308 4873 2536 4937 primus.
2576 4872 2706 4925 Ibid.
2730 4867 2945 4937 Regius
2980 4870 3210 4939 primus.
3233 4869 3382 4936 Seg.,
3414 4867 3527 4919 ἀλλ’

1947 4945 1975 4995 6
2000 4944 2147 5016 Υἱὸς,
2175 4941 2268 5016 τοῦ
2301 4942 2515 5016 Πατρὸς
2544 4942 2678 5016 υίός.
2703 4937 3268 5016 _Gob|.___et___lfelcl§_m.
3317 4941 3528 5016 primus

1948 5015 2163 5066 articul.
2199 5015 2226 5064 6
2256 5008 2535 5066 omittunt.
2575 5011 2714 5065 Editi
2750 5021 2803 5064 et
2841 5010 2952 5073 alii,
2982 5009 3096 5062 ἀλλ’
3128 5008 3241 5071 υἱὸς
3284 5008 3376 5059 τοῦ
3411 5008 3526 5059 Hae

1940 5085 2072 5156 τρὸς
2105 5085 2132 5135 6
2165 5083 2311 5145 Υἱός.
2363 5083 2426 5136 Et
2466 5099 2590 5135 mox
2620 5081 3093 5160 Regius-primus,
3127 5078 3250 5147 Seg.
3283 5076 3440 5132 Gobl.
3461 5087 3528 5158 ft

1939 5155 2181 5208 Fuit-km.
2212 5155 2444 5221 primus.
2486 5155 2580 5207 καὶ
2618 5155 2678 5207 τὸ
2713 5155 2957 5221 Πνευμα,
2990 5168 3084 5203 του
3114 5148 3326 5221 Πατρὸς
3353 5163 3522 5221 πνευ-

1985 5169 2181 5208 elt'ltm.
2212 5170 2444 5213 Dt'tnltts.
2486 5171 2580 5207 και
2618 5169 2678 5207 το
2713 5169 2957 5213 ιινευμτι,
2990 5169 3084 5203 του
3114 5169 3326 5213 ιιατρος
3353 5169 3522 5200 πνευ-

1943 5170 2181 5208 Ι⁴υ1ι·1ι11ι.
2212 5170 2444 5222 prunus.
2486 5171 2580 5207 και
2618 5170 2678 5207 το
2713 5170 2957 5221 ιινευμα,
2990 5170 3084 5203 του
3114 5170 3326 5218 ιιατρος
3353 5170 3522 5200 πνευ-

1943 5243 2019 5297 μα
2055 5226 2296 5297 εἴρηται.
2327 5223 2530 5297 Caneri
2566 5234 2616 5276 rt
2649 5224 2800 5297 editi,
2833 5223 2931 5297 κα).
3043 5219 3266 5297 Πνεῦμα
3294 5217 3386 5297 του
3423 5221 3527 5272 Ila-

1937 5290 2085 5366 τρὸς,
2111 5290 2206 5348 τοῦ
2235 5295 2366 5347 Υίοῦ
2394 5293 2615 5366 Πνεῦμα
2643 5295 2876 5363 εἴρηται.
2898 5291 3032 5344 lhid.
3067 5290 3522 5366 Regiuspt‘itnns,

1943 5361 2050 5436 S'rg
2078 5407 2096 5434 ,
2126 5368 2225 5438 μία
2261 5375 2382 5436 post
2416 5361 2588 5426 οὕτως
2617 5361 2840 5426 habent,
2877 5371 2931 5417 et
2957 5377 3144 5416 vocem
3186 5361 3348 5429 ἁγίας
3363 5364 3526 5414 uinit-

1942 5449 2085 5491 lunt.

1968 5456 2127 5576 “(1.6)
2171 5507 2368 5577 Regius
2397 5505 2631 5577 primus,
2661 5505 2939 5577 ὅμοουσία.
2985 5502 3106 5557 Mox
3159 5499 3496 5577 Resinata-ri

1943 5571 2086 5640 mus,
2109 5571 2545 5648 5ι·ς.ξὰπίστοις.
2571 5576 2672 5627 Alii
2694 5571 2746 5628 et
2769 5576 2897 5648 editi
2918 5613 2946 5648 ᾗ,
2965 5577 3198 5648 πιστοῖς.
3218 5572 3336 5625 Mox
3363 5571 3501 5626 Gobl

1939 5662 1993 5705 et.
2030 5643 2265 5703 Felekin.
2298 5650 2506 5716 primus
2537 5648 2795 5700 omittunt
2822 5647 2876 5697 ὲν
2906 5643 3236 5716 ἀνθρώποις.

2013 5719 2125 5786 (47)
2166 5714 2486 5791 Sicliegius
2515 5719 2745 5791 primus
2761 5728 2810 5770 ιιι
2843 5714 3064 5773 (ir-meus
3089 5714 3383 5791 Scriptura:
3409 5721 3525 5783 ιετο

1943 5800 2050 5847 tus.
2084 5789 2276 5845 (lateri
2311 5786 2550 5856 ct‘editi,
2585 5786 2774 5842 πολλὰ.
3217 5786 3224 5791 ⁷
3557 5803 3560 5806 ’
