3834 6220
333 319 434 372 57⁷1

937 317 996 373 S.
1034 317 1408 373 ATHANASII
1447 318 1598 374 OPP.
1638 263 1820 375 éARS
1857 319 1903 409 1ἶ
1943 350 2013 362 —
2053 317 2427 374 HlSTOlllCA
2468 317 2558 373 ET
2601 307 3022 378 DOGMATICA.

3489 319 3602 377 5Ἰῖ

337 451 447 490 non
492 434 730 489 humana
779 433 1040 501 sapientia
1071 419 1395 502 expendere,
1440 432 1534 487 sed
1571 431 1694 487 ildei
1728 432 1916 487 auditu

2036 433 2173 499 κόγος
2219 432 2459 498 ἐπαξίως
2490 431 2878 503 διερμηνεῦσαι
2905 431 3196 503 δυνήσεται
3229 432 3298 485 τὰ
3325 432 3465 504 ὑπὲρ
3498 433 3605 506 τὴν

335 527 592 596 excipere
642 525 914 580 convenit.
962 522 1094 599 Qua:
1133 525 1280 576 enim
1313 524 1490 578 oratio
1518 539 1582 578 ea
1611 538 1732 593 quae
1757 538 1916 578 crea-

338 629 450 673 tam
480 627 729 672 naturam
759 616 1152 680 transcendunt
1183 615 1348 685 digne
1386 616 1560 686 possit
1602 615 1917 685 explicare?

336 711 434 764 Vel
466 725 740 780 quasnam,
770 724 976 778 quaeso,
1007 724 1169 764 aures
1202 723 1399 778 capere
1425 708 1638 778 possint
1669 724 1790 779 qum
1819 708 1918 763 ho-

335 805 576 858 minibus
603 817 701 857 nec
727 803 917 857 audire
956 818 1057 857 nec
1094 803 1243 872 loqui
1280 803 1440 857 licet?
1471 802 1562 858 Sic
1595 803 1738 858 enim
1771 801 1915 856 Pau-

335 895 420 950 lus
472 894 538 948 de
581 893 666 948 his
711 908 831 962 quae
865 893 978 962 ipse
1009 893 1217 947 audivit
1254 902 1486 949 testatus
1531 902 1651 959 est;
1704 894 1772 949 de
1806 893 1917 947 Deo

334 993 517 1038 autem
549 986 665 1038 hanc
692 985 866 1037 dicit:
907 1002 924 1034 ι
965 985 1139 1051 Quam
1190 986 1596 1056 investigabiles
1628 986 1732 1040 viae
1762 986 1913 1054 ejus!

334 1075 468 1142 Quis
495 1077 640 1130 enim
673 1077 929 1144 cognovit
962 1092 1184 1131 sensum
1216 1076 1475 1132 Domini?
1507 1078 1614 1132 Aut
1643 1079 1767 1148 quis
1793 1091 1920 1132 con-

334 1169 578 1224 siliarius
617 1170 736 1233 ejus
770 1169 872 1223 fuit
892 1170 975 1222 9"?
1002 1190 1020 1220 ι
1067 1168 1204 1226 Hinc
1236 1171 1510 1224 Abraham
1541 1172 1678 1225 nihil
1705 1177 1918 1226 curiose

334 1260 638 1328 inquisivit,
675 1277 777 1316 nec
810 1262 1082 1330 loquentis
1117 1262 1277 1316 verba
1314 1262 1595 1326 discussit,
1625 1263 1720 1317 sed
1755 1278 1917 1317 rere-

333 1355 473 1409 didit
503 1353 612 1410 Deo
647 1363 701 1408 et
741 1363 1044 1423 repulatum
1077 1364 1159 1408 est
1201 1355 1250 1408 ei
1280 1354 1346 1407 ad
1374 1354 1643 1422 justitiam
1669 1354 1738 1406 ".
1777 1373 1795 1405 ι
1829 1352 1920 1408 Sic

336 1446 550 1515 Moyses
596 1447 770 1500 lidelis
825 1446 1062 1500 famulus
1113 1447 1415 1516 appellatus
1455 1455 1540 1500 est
1562 1447 1628 1498 θ’.
1667 1444 1821 1511 Quod
1869 1444 1917 1499 si

336 1536 546 1598 Ariani,
579 1536 704 1604 quia
754 1536 806 1588 in
856 1535 1174 1589 malevolam
1224 1537 1467 1605 ipsorum
1518 1536 1754 1589 animam
1809 1550 1916 1588 non

336 1625 665 1695 ingredietur
708 1627 998 1695 sapientia,
1037 1615 1378 1680 individuam
1424 1635 1479 1682 et
1521 1637 1764 1681 sanctam
1801 1625 1922 1679 Tri-

337 1718 561 1774 nitatem
594 1735 692 1773 nec
727 1720 1030 1789 intelligere
1066 1734 1167 1774 nec
1194 1720 1418 1774 credere
1456 1728 1704 1789 queunt:
1732 1735 1800 1774 ne
1833 1717 1920 1772 id-

2024 523 2256 595 γενητὴν
2294 523 2422 577 ὅντα
2453 522 2651 593 φύσιν;
2685 525 2755 577 Ἢ
2791 523 2920 578 ποία
2948 539 3035 586 τις
3063 523 3202 586 ὅλως
3239 523 3377 596 ἀκοὴ
3422 526 3606 580 συνιέ-

2024 632 2111 668 ναι
2145 614 2256 685 (48)
2289 615 2554 679 δύναται,
2628 615 2664 670 ἃ
2706 617 2778 688 μὴ
2825 615 3036 683 ἔξεστιν
3095 615 3406 687 ἀνθρώποις
3462 618 3602 689 μήτε

2025 704 2261 770 ἀκούειν,
2297 706 2433 776 μήτε
2466 707 2680 771 λαλείν;
2716 707 2851 778 Περὶ
2905 707 3006 778 μὲν
3055 703 3147 760 οὖν
3192 701 3267 760 ὧν
3310 708 3543 778 ἤκουσεν
3574 711 3605 763 ὁ

2026 794 2236 858 Παῦλος
2261 837 2275 859 ,
2308 795 2480 859 οὕτως
2520 798 2706 867 εἴρηκε
2730 814 2742 826 ·
2786 797 2916 868 περὶ
2952 798 3010 850 δέ
3057 797 3220 851 αὐτοῦ
3265 797 3360 851 τοῦ
3415 798 3554 852 Θεοῦ
3586 817 3600 831 ·
3626 825 3665 889 i‘

2032 905 2050 937 ι
2092 887 2179 949 Ὡς
2209 887 2604 957 ἀνεξιχνίαστοι
2650 891 2705 942 αί
2737 889 2846 942 ὁδοὶ
2891 889 3056 944 αὐτοῦ
3105 892 3117 943 l
3157 892 3254 954 Τίς
3304 891 3413 962 γὰρ
3461 893 3606 962 ἐγνω

2024 977 2148 1030 νοῦν
2181 979 2422 1048 Κυρίου;
2458 977 2524 1031 Ἢ
2552 979 2637 1042 τίς
2667 978 2970 1048 σύμϐουλος
2999 979 3162 1033 αὑτοῦ
3192 980 3446 1048 ἐγένετο;
3479 999 3498 1032 ι
3545 981 3605 1034 '0

2025 1068 2155 1136 γοῦν
2205 1069 2454 1142 Ἀϐραὰμ
2490 1068 2614 1122 οὔτε
2667 1071 3090 1141 περιειργάσατο
3116 1111 3132 1136 ,
3174 1071 3296 1125 οὐδὲ
3347 1073 3605 1142 ἀνέκρινε

2023 1160 2114 1212 τὸν
2138 1159 2420 1224 λαλοῦντα,
2457 1161 2570 1214 ἀλλ’
2609 1181 2627 1212 ι
2659 1161 2939 1214 ἐπίστευσε
2966 1201 2980 1224 ,
3021 1162 3116 1215 καὶ
3161 1163 3412 1234 ἐλογίσθη
3455 1163 3606 1234 αύτῷ

2025 1252 2106 1313 είς
2126 1251 2471 1322 δικαιοσύνην
2495 1269 2509 1282 ·
2537 1272 2556 1303 ι
2596 1252 2739 1306 οὕτω
2764 1254 2968 1324 Μωσῆς
2997 1254 3187 1317 πιστὸς
3213 1254 3416 1326 ἐκλήθη
3445 1256 3609 1327 θερά-

2027 1360 2166 1396 πωνο
2196 1344 2259 1396 Εἰ
2297 1343 2354 1396 δὲ
2384 1345 2432 1396 oi
2463 1343 2530 1396 τὰ
2565 1342 2674 1414 (49)
2724 1344 2931 1415 Ἀρείου
2964 1345 3309 1415 φρονοῦντες,
3354 1348 3482 1401 ἐπεὶ
3525 1350 3609 1411 είς

2025 1434 2123 1505 τὴν
2158 1434 2483 1506 κακότεχνον
2517 1435 2696 1488 αὐτῶν
2740 1435 2918 1507 ψυχὴν
2964 1438 3065 1490 οὐκ
3107 1437 3471 1493 εἰσελεύσεται
3523 1457 3612 1494 σο-

2027 1530 2146 1598 φία,
2180 1528 2241 1581 οὐ
2265 1527 2520 1581 δύνανται
2550 1530 2689 1581 νοεῖν
2715 1528 2836 1581 οὐδὲ
2861 1528 3135 1592 πιστεύειν
3165 1531 3294 1601 ’περὶ⁸
3316 1531 3414 1602 τῆς
3438 1530 3611 1584 ἀδιαι-

2030 1620 2186 1692 ρέτου
2219 1612 2313 1672 καὶ
2350 1619 2513 1687 ἁγίας
2545 1619 2794 1690 Τριάδος,
2831 1619 2905 1690 μὴ
2928 1619 3016 1673 διὰ
3044 1619 3203 1674 τοῦτο
3227 1621 3322 1674 καὶ
3350 1622 3449 1690 τὴν
3475 1622 3612 1693 ἀλή-

2029 1713 2180 1767 θειαν
2211 1712 2326 1784 (50)
2355 1709 2891 1783 παρεξηγείσθωσαν,
2914 1713 3048 1783 μηδέ
3065 1712 3208 1785 ᾇπερ
3237 1714 3392 1767 αὐτοὶ
3418 1713 3493 1785 μὴ
3516 1713 3613 1767 δύο

335 1809 486 1865 circo
519 1811 798 1864 veritatem
828 1811 1156 1875 adulterent,
1198 1827 1298 1865 nec
1327 1827 1450 1881 quae
1497 1811 1600 1880 ipsi
1646 1811 1924 1881 percipere

2036 1819 2213 1855 νανται
2238 1804 2399 1864 νοεῖν,
2438 1799 2610 1854 ταῦτα
2635 1801 2939 1870 λεγέτωσαν
2981 1802 3116 1873 μηδὲ
3147 1799 3285 1856 εἶναι
3321 1803 3608 1858 δύνασθαι.

335 1913 446 1954 non
483 1907 731 1968 possunt,
771 1900 884 1952 hmc
913 1913 1022 1953 non
1054 1914 1216 1969 posse
1246 1915 1368 1955 esse
1397 1901 1753 1954 contendant.
1789 1899 1923 1954 Per-

336 1990 574 2045 absurda
615 1991 758 2045 enim
807 2006 896 2044 res
935 1997 1040 2058 est,
1093 1990 1260 2059 quod,
1312 2007 1437 2046 cum
1486 1993 1771 2061 concipere
1813 2007 1924 2045 non

336 2081 570 2145 valeant,
607 2068 699 2150 qui
729 2082 842 2136 lieri
877 2083 1048 2151 possit
1090 2090 1150 2136 ιιι
1179 2082 1462 2138 individua
1489 2084 1561 2138 sit
1587 2093 1773 2138 sancta
1803 2081 1927 2136 Tri-

337 2173 510 2239 nitas,
542 2173 730 2229 Ariani
776 2174 981 2228 idcirco
1028 2171 1260 2238 Filium,
1311 2183 1366 2228 et
1416 2174 1608 2242 tr0pici
1661 2172 1924 2243 Spiritum

337 2269 588 2316 sanctum
617 2261 757 2316 inter
783 2279 870 2317 res
895 2271 1110 2317 creatas
1142 2272 1448 2317 numerent.
1474 2262 1679 2333 Nempe
1707 2278 1924 2333 aequum

337 2360 457 2406 erat
488 2351 571 2406 vel
614 2353 715 2406 ista
765 2367 872 2405 non
917 2352 1304 2423 intelligentes,
1341 2368 1570 2422 prorsus
1613 2353 1794 2418 silere,
1829 2367 1928 2408 nec

339 2443 462 2498 illos
495 2438 715 2506 Filium,
753 2459 851 2497 nec
893 2443 1028 2497 istos
1074 2441 1337 2512 Spiritum
1377 2455 1624 2496 sanctum
1658 2443 1802 2497 inter
1836 2459 1926 2499 res

339 2543 555 2590 creatas
603 2532 939 2600 collocare_:
994 2533 1078 2588 vel
1130 2543 1280 2588 certe
1329 2534 1474 2602 quod
1526 2535 1788 2604 scriptum
1843 2545 1928 2591 est

305 2639 668 2695 ,agnoscere,
706 2623 1018 2694 Filiumque
1059 2640 1183 2678 cum
1220 2623 1786 2696 Patrescoujungere,
1826 2643 1927 2683 nec

341 2715 610 2785 Spiritum
645 2731 674 2768 a
709 2715 848 2769 Filio
877 2716 1140 2783 dividere,
1187 2725 1250 2770 ut
1293 2717 1502 2771 scilicet
1546 2719 1824 2773 individua
1864 2735 1930 2774 ac

343 2807 588 2878 ejusdem
619 2822 745 2861 vere
777 2809 1051 2877 particeps
1092 2816 1302 2862 naturae
1350 2819 1695 2878 permaneret
1741 2819 1928 2864 sancta

346 2895 608 2955 Trinitas.
649 2897 856 2963 Quibus
899 2899 1089 2968 utique
1138 2901 1376 2970 cognitis
1421 2917 1529 2956 non
1573 2917 1639 2957 eo
1690 2903 1928 2958 audaciae

345 3005 704 3059 prorumpere
749 2990 1042 3058 debebant,
1098 3003 1159 3045 ut
1209 2992 1523 3048 dubitantes
1590 2994 1930 3064 inquirerent

345 3095 588 3137 auonam
617 3090 777 3150 pacto
802 3081 916 3136 haec
941 3097 1000 3137 se
1021 3082 1278 3149 habeant,
1311 3098 1378 3136 ne
1408 3083 1454 3138 si
1478 3083 1840 3154 interrogatus
1871 3085 1925 3139 in

346 3171 723 3240 respondendo
750 3171 994 3235 haereret,
1039 3173 1143 3242 ipsi
1173 3188 1374 3242 pravos
1418 3173 1522 3228 sibi
1553 3175 1687 3244 ipsis
1728 3191 1924 3230 sensus

345 3260 911 3316 ceruminiscerentur.
958 3261 1086 3317 Haec
1131 3264 1278 3319 enim
1322 3274 1407 3319 est
1453 3280 1634 3320 rerum
1683 3268 1922 3320 omniu

345 3350 614 3413 factarum
671 3353 1034 3425 inprimisque
1093 3357 1372 3411 hominum
1421 3359 1694 3424 conditio,
1758 3367 1818 3412 ut
1861 3357 1928 3411 de

348 3447 514 3501 rebus
548 3461 670 3515 quae
709 3447 887 3501 verbis
916 3447 1151 3516 exprimi
1178 3461 1288 3501 non
1317 3459 1548 3518 queunt,
1575 3449 1737 3519 digne
1776 3449 1926 3519 loqui

347 3551 460 3592 non
488 3539 780 3605 possimus.
813 3537 986 3608 Major
1014 3547 1197 3593 autem
1239 3554 1370 3594 sane
1405 3541 1681 3596 temeritas
1723 3535 1887 3596 fuerit
1909 3584 1924 3609 ,

349 3629 407 3700 εἰ,
425 3630 491 3682 ad
518 3631 632 3683 haec
657 3631 844 3684 eadem
874 3625 1222 3700 explicanda,
1253 3646 1394 3685 nova
1425 3633 1686 3686 vocabula
1713 3633 1929 3703 aliaque

348 3734 382 3772 a
422 3717 718 3787 Scripturis
749 3721 1142 3790 excogitemus.
1178 3719 1294 3774 lmo
1324 3736 1454 3775 vero
1486 3723 1708 3778 insanus
1741 3725 1929 3778 admo-

350 3809 478 3862 dum
512 3809 599 3863 ille
631 3813 936 3866 censendus
970 3812 1063 3877 sit,
1094 3814 1187 3881 qui
1219 3813 1367 3867 hisce
1398 3812 1465 3867 de
1500 3814 1664 3868 rebus
1696 3816 1928 3870 interro-

349 3898 500 3967 ganti
548 3900 633 3952 vel
671 3907 884 3953 tantum
928 3901 1128 3969 cogitet
1177 3900 1508 3970 respondere
1542 3919 1555 3954 :
1589 3903 1934 3972 quandoqui-

2027 1893 2269 1962 Πρᾶγμα
2316 1891 2424 1962 γὰρ
2463 1892 2762 1961 πάσχουσιν
2789 1890 3136 1946 ἀτοπώτατον
3169 1909 3182 1923 ·
3213 1895 3314 1957 ὅτι,
3343 1894 3417 1965 μὴ
3441 1895 3610 1948 δυνά-

2030 2002 2179 2055 μενοι
2211 1967 2390 2047 νοεῖν,
2424 1983 2543 2047 πῶς
2594 1983 2897 2055 ἀδιαίρετός
2944 1985 3092 2037 ἐστιν
3141 1987 3173 2055 ή
3229 1986 3362 2054 ἁγία.
3409 1987 3608 2058 Τριάς,

2027 2076 2272 2130 ποιοῦσιν
2303 2077 2352 2128 oi
2390 2075 2490 2145 μὲν
2532 2077 2798 2146 Ἀρειανοὶ
2836 2076 2894 2129 ἓν
2925 2077 3034 2146 (5i)
3056 2077 3147 2130 τὸν
3175 2076 3303 2130 Υίὸν
3342 2076 3479 2148 μετά
3505 2078 3612 2149 τῆς

2027 2169 2256 2232 κτίσεως
2307 2184 2319 2195 ο
2366 2169 2415 2221 οἱ
2457 2167 2514 2220 δὲ
2563 2168 2816 2240 τροπικο)⁸
2841 2168 2904 2220 τὸ
2935 2167 3160 2239 Πνεῦμα
3183 2170 3276 2222 καὶ
3301 2170 3455 2224 αὐτοὶ
3490 2173 3611 2235 τοῖς

2027 2263 2288 2334 κτίσμασι
2325 2260 2770 2332 συναριθμοῦσιν.
2811 2261 2956 2315 Ἔδει
2987 2261 3044 2315 δὲ
3073 2262 3282 2327 αὐτοὺς
3309 2263 3342 2335 ἢ
3373 2263 3609 2317 καθόλου

2031 2357 2106 2428 μὴ
2130 2356 2384 2420 νοοῦντας
2412 2357 2642 2426 σιωπᾷν,
2667 2355 2762 2408 καὶ
2802 2354 2876 2425 μὴ
2921 2354 3258 2422 συντάσσειν,
3298 2356 3436 2427 μήτε
3463 2357 3611 2410 ἐκεί-

2028 2464 2150 2510 νους
2171 2446 2262 2499 τὸν
2289 2438 2434 2511 Υίδν,
2470 2445 2606 2516 μήτε
2636 2443 2860 2507 τούτους
2891 2444 2951 2496 τὸ
2973 2443 3198 2514 Πνεῦμα
3225 2447 3338 2507 τοῖς
3372 2445 3612 2514 κτίσμα-

2030 2555 2115 2592 σιν
2137 2554 2150 2566 ·
2191 2537 2224 2608 ἢ
2254 2536 2314 2590 τὸ
2346 2535 2729 2607 γεγραμμένον
2777 2535 3174 2605 ἐπιγινώσκειν,
3209 2536 3302 2588 καὶ
3325 2535 3403 2606 τῷ
3430 2537 3611 2604 Πατρὶ

2031 2629 2321 2683 συνάπτειν
2349 2627 2440 2680 τὸν
2476 2627 2627 2690 Υίὺν,
2667 2627 2760 2680 καὶ
2789 2627 2850 2679 τὸ
2878 2627 3104 2698 Πνεῦμα
3137 2625 3212 2697 μὴ
3239 2625 3468 2697 διαιρεῖν
3497 2627 3611 2680 ἀπὸ

2027 2719 2122 2772 τοῦ
2148 2718 2302 2781 Υίοῦ,
2330 2720 2416 2771 ἵνα
2443 2717 2505 2770 τὸ
2533 2718 2836 2788 ἀδιαίρετον
2865 2718 2958 2771 καὶ
2990 2719 3230 2788 ὁμοφυὲς
3262 2719 3478 2790 ἀληθῶς
3505 2720 3609 2792 τῆς

2029 2809 2189 2878 ἁγίας
2238 2809 2466 2881 Τριάδος
2523 2808 2801 2880 διαμείνῃ.
2854 2807 3041 2862 Ταῦτα
3089 2811 3364 2879 μαθόντας
3402 2812 3606 2876 αὐτοὺς

2029 2903 2136 2955 ἔδει
2173 2902 2245 2972 μὴ
2277 2901 2502 2971 τολμᾷν,
2557 2899 2681 2971 μηδ’
2729 2899 3168 2970 ἀμφιὸάλλοντας
3211 2903 3442 2974 ἐρωτᾷν,
3486 2903 3609 2967 πῶς

2027 2993 2200 3046 ταῦτα
2250 2991 2480 3059 γένοιτο,
2532 2992 2637 3055 ἵνα,
2687 2990 2787 3044 κᾶν
2833 2993 2862 3043 ὁ
2909 2990 3261 3062 ἐρωτώμενος
3299 2992 3479 3063 ἀπορῇ
3514 2993 3608 3050 λέ-

2029 3100 2167 3152 γειν,
2204 3082 2277 3153 μὴ
2308 3081 2593 3137 ἐπινοῶσιν
2639 3081 2792 3135 αὐτοὶ
2834 3082 3122 3145 κακονοίας
3169 3083 3402 3146 ἑαυτοῖς.
3446 3085 3608 3137 Ἔστι

2034 3175 2130 3244 μὲν
2157 3173 2268 3244 γὰρ
2317 3175 2451 3227 πᾶσι
2484 3176 2597 3237 τοῖς
2642 3176 2907 3241 γενητοῖς,
2946 3173 3186 3244 μάλιστα
3232 3174 3288 3226 δέ
3319 3177 3450 3245 ἡμῖν
3491 3178 3610 3240 τοῖς

2029 3265 2336 3336 ἀνθρώποις
2369 3264 2630 3317 ἀδύνατον
2663 3262 2900 3329 ἐπαξίως
2933 3265 3106 3316 εἰπεῖν
3129 3264 3257 3334 περὶ
3295 3265 3404 3318 τῶν
3433 3267 3610 3339 ἀπορ-

2033 3359 2211 3428 ρήτων
2246 3355 2378 3427 (52).
2416 3355 2826 3426 Τολμηρότερον
2867 3355 2924 3407 δέ
2954 3356 3133 3420 πάλιν,
3175 3357 3248 3428 μὴ
3276 3356 3610 3428 δυναμένους

2031 3450 2229 3518 λέγειν,
2266 3449 2500 3501 ἐπινοεῖν
2535 3446 2628 3499 ἐπὶ
2670 3444 2874 3499 τούτων
2902 3448 3218 3519 καινοτέρας
3249 3449 3423 3515 λέξεις
3453 3453 3610 3522 παρά

2031 3541 2130 3604 τὰς
2161 3539 2267 3592 τῶν
2300 3537 2548 3611 Γραφῶν.
2581 3536 2792 3600 Ἀλλως
2813 3554 2872 3590 τε
2902 3538 2994 3591 καὶ
3023 3537 3295 3611 μανιώδης
3322 3541 3354 3610 ή
3380 3541 3610 3613 τοιαύτη

2030 3630 2368 3701 ἐπιχείρησις
2394 3628 2489 3682 τοῦ
2515 3646 2572 3680 τε
2609 3628 2922 3698 ἐρωτῶντος
2957 3630 3053 3682 καὶ
3087 3630 3182 3684 τοῦ
3208 3631 3310 3686 κᾶν
3328 3631 3467 3696 ὅλως
3494 3632 3608 3703 (53)

2032 3719 2435 3793 ἐνθυμουμένου
2488 3718 2905 3791 ἀποκρίνασθαι.
2968 3721 3104 3774 Οὐδὲ
3159 3722 3269 3794 γὰρ
3319 3724 3442 3777 οὺδέ
3474 3728 3612 3796 περὶ

2031 3813 2138 3866 τῶν
2170 3810 2415 3882 γενητῶν
2461 3810 2603 3862 οὓτω
2630 3827 2714 3872 τις
2745 3810 2965 3881 ἐρωτῶν
2999 3812 3278 3883 νομισθείη
3307 3814 3432 3868 νοῦν
3463 3815 3612 3886 ἐχειν

2037 3905 2214 3977 ὀρθόν.

350 3993 473 4046 dem
505 3993 680 4048 necis
715 3991 914 4046 mentis
940 4007 1168 4062 compos
1194 4007 1318 4048 esse
1342 3993 1723 4059 aestimabitur,
1747 3995 1838 4063 qui
1865 3997 1980 4054 haec
2007 3999 2194 4055 eadem
2230 3997 2298 4052 de
2330 3997 2494 4052 rebus
2525 3995 2683 4052 factis
2722 3995 2885 4052 fuerit
2906 4005 3274 4068 percontatus.

422 4102 511 4157 18.
552 4101 686 4156 Nam
719 4103 800 4156 vel
828 4103 1044 4156 tandem
1069 4103 1144 4156 illi
1173 4104 1266 4174 qui
1296 4104 1364 4160 de
1389 4120 1447 4160 re
1475 4107 1623 4161 nulla
1651 4108 1925 4176 dubitant,

350 4195 680 4264 respondere
723 4194 979 4260 audeant,
1025 4197 1304 4264 quomodo
1347 4206 1402 4252 et
1443 4213 1509 4252 ex
1551 4216 1659 4268 qua
1701 4205 1924 4257 materia

348 4285 475 4341 «mli
499 4285 779 4340 constituti
807 4286 938 4352 sint,
971 4286 1057 4340 vel
1096 4303 1346 4356 quaenam
1377 4290 1595 4344 illorum
1637 4293 1708 4346 sit
1747 4293 1925 4347 admi-

350 4379 489 4441 stio,
539 4393 718 4446 quove
749 4379 910 4433 modo
951 4379 1033 4434 sol
1075 4392 1128 4433 et
1174 4381 1388 4449 singula
1440 4391 1588 4438 astra
1623 4387 1925 4452 composita

1961 4428 2008 4485 D

2106 4109 2193 4164 l8.
2235 4109 2306 4162 Ἦ
2334 4108 2762 4179 τολμησάτωσαν
2805 4107 3202 4178 ἀποκρίνασθαι
3231 4110 3280 4162 oi
3315 4111 3493 4164 πάντα
3523 4115 3612 4166 λέ-

2033 4219 2220 4274 γοντες
2249 4202 2508 4272 εὐχερῶς,
2539 4202 2654 4264 πῶς
2686 4203 2714 4254 ὁ
2740 4201 2966 4270 οὐρανὸς
2994 4201 3244 4273 συνέστη,
3274 4204 3369 4255 καὶ
3401 4204 3465 4256 ἐκ
3485 4207 3608 4258 ποί-

2032 4313 2099 4358 ας
2131 4293 2285 4364 ὕλης,
2333 4293 2428 4346 καὶ⁴
2461 4293 2572 4362 (54)
2599 4293 2683 4356 τίς
2711 4291 2954 4364 ήτούτου
2989 4293 3209 4364 μίξις,ἢ
3240 4294 3405 4358 πῶςό
3438 4296 3608 4366 ἥλιος,

2034 4387 2126 4440 καὶ
2164 4385 2531 4449 ἕκαστος-τῶν
2561 4386 2804 4457 ἀστέρων
2833 4403 2847 4449 ;
2881 4385 2947 4439 Τί
2979 4387 3036 4439 δὲ
3058 4386 3369 4456 θαυμαστὸν
3410 4390 3474 4441 ἐκ
3499 4388 3610 4442 τῶν

349 4469 596 4524 fuerint?
622 4469 822 4526 Verum
847 4472 977 4541 quid
1002 4473 1224 4537 mirum,
1249 4473 1294 4528 si
1322 4489 1388 4528 ex
1416 4477 1790 4544 superioribus
1815 4479 1925 4534 sive

2036 4477 2465 4548 ὑπερκειμένων,
2499 4477 2679 4529 αὐτῶν
2711 4477 2951 4546 ἐλέγχειν
2987 4475 3084 4546 τὴν
3111 4477 3442 4549 ἀφροσύνην,
3472 4479 3607 4532 ὅπου

349 4563 665 4621 cmlestibus
699 4564 881 4629 rebus,
927 4565 1143 4619 illorum
1181 4566 1475 4620 amentiam
1517 4571 1927 4640 convincamus,

347 4671 473 4711 cum
506 4641 682 4727 neque
713 4656 847 4727 ipsis
873 4666 1055 4728 pateat
1083 4674 1334 4729 quaenam
1379 4661 1451 4714 sit
1488 4678 1670 4716 rerum
1702 4662 1928 4719 inferio-

419 4856 464 4887 "
504 4853 664 4909 Rom.
701 4871 778 4922 XI,
816 4855 903 4910 55.
981 4856 1026 4887 ⁸⁸
1067 4855 1226 4910 Rom.
1255 4874 1328 4924 tv,
1363 4859 1414 4912 5.
1491 4860 1536 4891 ’9
1569 4857 1732 4915 Hebr.
1761 4878 1842 4929 ιιι,
1875 4864 1927 4917 5.

422 5033 536 5109 (ιὸ)
577 5033 778 5104 Regius
825 5035 1057 5104 primus,
1098 5034 1220 5106 Seg.
1259 5036 1418 5092 Gobl.
1451 5047 1505 5092 et
1537 5037 1777 5092 Felckm.
1819 5039 1931 5108 pri-

352 5121 498 5169 mus,
532 5109 791 5158 συνεῖναι.
1033 5113 1041 5118 “
1514 5124 1519 5130 δ

424 5197 538 5267 (49)
581 5196 673 5252 Sic
727 5196 930 5266 Regius
977 5200 1206 5266 primus.
1240 5199 1340 5252 Alii
1373 5213 1502 5253 vero
1527 5199 1581 5252 et
1613 5199 1764 5262 editi,
1795 5201 1843 5252 οἱ
1877 5199 1934 5252 δὲ

350 5267 441 5333 τά,
468 5277 605 5340 _etc.,
643 5269 847 5321 omissa
895 5271 1148 5340 particul.
1185 5271 1254 5340 ei.
1290 5269 1433 5322 Idem
1472 5269 1674 5340 [legitis
1724 5271 1935 5338 primtts

352 5337 520 5406 paulo
550 5345 675 5406 post
711 5349 770 5390 ut
810 5345 864 5390 et
892 5337 1017 5404 ch.
1055 5339 1177 5392 Bas.
1218 5338 1374 5393 Gobl.
1411 5349 1462 5393 et
1490 5337 1737 5392 Felckm.’
1763 5341 1810 5404 l,
1845 5355 1934 5391 σο-

355 5405 569 5479 ςξίαηού
603 5407 857 5461 δύνανται
889 5411 1028 5479 νοεῖν
1050 5411 1170 5462 οὐδὲ
1201 5409 1475 5462 πιστεύειν
1513 5410 1641 5479 περὶ
1666 5410 1782 5476 τῆς,
1828 5419 1934 5463 etc.

356 5475 498 5550 Editi
550 5492 681 5532 vero
729 5487 785 5532 et
832 5478 960 5541 alii,
1011 5481 1201 5548 σοφία,
1250 5480 1370 5532 ούδέ
1419 5475 1765 5532 πιστεύουσιν
1811 5481 1938 5550 περὶ

355 5547 477 5616 τῆς,
515 5555 621 5601 etc.

429 5635 553 5710 (50)
585 5636 718 5710 Reg.
754 5638 1103 5710 (ἐκαληθινὴν
1143 5639 1282 5710 ὁδὸν,
1313 5638 1444 5693 ibid.
1476 5637 1676 5710 Regius
1707 5638 1936 5710 primus.

359 5705 482 5776 Seg.
522 5705 707 5767 Basili.
738 5707 896 5778 μηδὲ.
930 5705 1033 5764 Alii
1064 5705 1120 5764 et
1151 5709 1303 5773 editi,
1343 5711 1499 5781 μήτε.
1534 5705 1652 5764 Mox
1691 5705 1809 5780 post
1852 5709 1936 5761 λε-

2041 4589 2100 4640 γε
2133 4571 2256 4625 οὐδὲ
2290 4569 2409 4634 πῶς
2433 4569 2543 4622 τῶν
2580 4565 2680 4624 ὧδε
2709 4571 2859 4623 κάτω
2888 4569 3114 4641 ξύλωνη
3146 4571 3326 4639 φύσις,
3363 4573 3462 4625 καὶ
3500 4572 3611 4625 τῶν

2035 4665 2244 4719 ὑδάτων
2281 4664 2350 4716 τὰ
2391 4665 2734 4736 συστήματα,
2767 4663 2883 4727 πῶς
2914 4682 2972 4718 τε
3003 4664 3112 4718 τῶν
3143 4664 3294 4730 ζώων
3336 4669 3371 4736 ἡ
3415 4668 3614 4731 πλάσις

2037 5035 2304 5104 γέτωσαν,
2341 5034 2542 5105 Regius
2576 5033 2806 5105 primus,
2833 5034 2956 5105 Seg.
2990 5035 3148 5090 Gobl.
3176 5045 3230 5091 et
3260 5035 3611 5095 Felckmanni

2037 5107 2266 5176 primus.
2302 5104 2458 5176 μηδέ,
2488 5104 2588 5159 ιιὶή
2615 5105 2708 5159 alii
2733 5113 2787 5160 et
2812 5104 2965 5169 editi,
3008 5108 3103 5177 μή.

2109 5195 2222 5269 (5|)
2265 5195 2840 5269 Si_c_Begius_prir_nus,
2860 5196 2996 5269 _Seg.
3027 5197 3182 5252 Gobl.
3211 5207 3264 5269 et
3293 5197 3608 5269 Felckman.

2038 5265 2268 5337 primus.
2307 5265 2450 5338 Editi
2477 5265 2538 5318 ’et
2561 5267 2689 5338 alii.)
2708 5266 2822 5319 ἕνα.
2860 5265 3026 5322 Paulo
3051 5277 3173 5338 post
3199 5267 3356 5323 Gobl.
3384 5281 3442 5324 et
3462 5271 3612 5326 Felc.

2039 5335 2268 5406 primus,
2301 5335 2438 5406 μετά
2458 5339 2570 5398 τοῖς
2603 5335 2886 5404 κτίσμασι.

2111 5428 2222 5500 (52)
2263 5427 2355 5503 Sic
2392 5427 2592 5503 Regius
2626 5427 2858 5503 primus,
3037 5428 3196 5503 Gobl.
3229 5430 3470 5503 Felckm.
3501 5434 3616 5503 pri-

2039 5495 2164 5570 mtis
2200 5495 2281 5570 (et
2312 5495 2512 5570 Basil.)
2551 5495 2643 5570 sed
2691 5495 2870 5570 Basil.‘
2902 5495 3066 5570 habet
3112 5501 3384 5570 ἀρρήτων.
3419 5495 3527 5557 Alii
3563 5516 3622 5559 et

2039 5569 2167 5626 editi
2200 5568 2400 5639 habent
2428 5567 2685 5639 ἀρρήτων
2709 5577 2769 5639 _et
2798 5567 3086 5639 τολμηρόν.

2114 5639 2226 5705 (55)
2270 5637 2401 5706 Reg.
2438 5635 2479 5689 ’Ξ
2500 5635 2821 5706 ὲιἘθΙεὶςιιι.
2851 5635 3080 5706 prinius.
3117 5637 3208 5691 τοῦ
3246 5655 3302 5691 τε
3327 5639 3485 5705 ὅλως,
3509 5650 3617 5698 etc.

2113 5708 2224 5777 (54)
2266 5705 2464 5775 Regius
2487 5707 2716 5777 primus,
2746 5705 2895 5778 Segi,
2925 5707 2976 5778 ἡ.
3367 5745 3372 5748 .
