3834 6220
199 347 316 404 επις
1295 339 1631 396 ΕριετοιΑ
1670 339 1690 392 l
1729 341 1767 392 Α

1876 334 2330 392 SEBAPIONEM.
3348 333 3450 387 571

190 462 298 518 καὶ
343 461 377 532 ἠ
428 443 706 521 σύστασις,
742 456 1098 526 γινώσκεται,
1143 458 1280 510 Ἀλλ’
1316 459 1415 512 οὑκ
1453 457 1518 511 ἂν
1549 455 1661 527 (55)
1690 454 1767 508 εί-

1876 469 2014 520 rum,
2047 452 2196 507 verbi
2222 466 2410 517 causa,
2446 449 2715 520 lignorum
2759 457 2978 514 natura,
3011 448 3287 517 quomodo
3315 463 3452 512 con-

195 569 374 616 ποιεν,
401 553 535 604 ὅπου
559 567 623 619 γε
653 551 747 604 καὶ
779 549 1054 620 ωομὼν,
1082 551 1112 601 6
1142 550 1527 621 περισσότερον
1556 549 1767 602 πάντων

1876 542 2074 598 sistant
2115 558 2306 613 aquae,
2356 555 2606 612 quaenam
2638 540 2710 596 sit
2739 539 3058 596 animalium
3087 537 3454 595 conformatio

197 644 396 712 σοφίας
430 642 734 714 μετασχὼν,
783 642 924 716 ὁρῶν
982 641 1244 695 ἀδύνατον
1289 639 1596 709 ἀνθρώποις
1646 639 1775 709 περὶ

194 735 406 789 τούτων
428 735 629 805 εὑρεῖν,
658 734 810 802 ἔλεγε
835 749 848 762 ·
889 754 908 784 ι
936 735 1042 787 Καί
1069 751 1132 802 γε
1167 733 1458 804 σύμπαντα
1485 733 1577 786 τὸν
1601 731 1772 785 αἰῶνα

191 828 398 887 Εδωκεν
435 827 492 878 ὲν
531 825 726 896 καρδίᾳ
769 825 968 890 αὐτῶν,
1013 825 1160 887 ὅπως
1201 824 1276 896 μὴ
1321 823 1456 898 εὕρῃ
1488 823 1774 894 ἄνθρωπος

187 922 259 975 τὸ
309 921 542 990 ποίημα,
583 919 612 971 ὃ
643 919 895 988 ἐποίησεν
923 920 950 972 ὁ
981 917 1240 980 Θεὸς’ἁπ’
1275 917 1446 988 ἀρχῆς
1474 916 1568 970 καὶ
1611 916 1771 986 μέχρι

193 1013 404 1076 τέλους.
438 1031 457 1063 ι
508 1008 634 1082 'Ap’
669 1009 784 1074 οὖν,
839 1014 960 1064 ἐπει.
995 1012 1068 1082 μὴ
1121 1011 1370 1064 δύνανται
1409 1009 1588 1079 εὑρεῖν
1636 1007 1768 1078 (56),

189 1104 321 1159 οὐδὲ
372 1099 516 1157 εἶναι
560 1103 700 1156 αὐτὰ
749 1103 1119 1173 ὀμολογοῦσι;
1172 1102 1282 1154 Ναὶ
1347 1100 1770 1170 ὁμολογήσουσιν

165 1193 555 1263 ιὲφοαρμένην
593 1192 806 1261 ἔχοντες
844 1190 942 1260 τὴν
980 1191 1238 1244 διάνοιαν.
1289 1188 1498 1242 Ούκοῦν
1547 1189 1770 1252 εἰκότως

194 1286 262 1338 ἄν
287 1301 371 1346 τις
403 1283 588 1347 αὐτοῖς
619 1284 762 1335 εἴποι
791 1299 805 1312 θ
833 1278 902 1334 Ὦ
929 1283 1146 1352 ἀνόητοι
1170 1283 1262 1335 καὶ
1287 1282 1460 1334 πάντα
1487 1281 1768 1353 τολμηροὶ.

191 1371 283 1425 διὰ.
315 1373 369 1424 τί
411 1372 485 1442 μὴ
535 1371 733 1442 μᾶλλον
779 1371 872 1424 ἐπὶ
918 1372 1015 1441 τῆς
1059 1373 1220 1441 ἁγίας
1271 1371 1497 1442 Τριὰδος
1529 1371 1767 1425 παύεσθε

194 1465 706 1535 περιεργαζόμενοι,
724 1465 818 1518 καὶ
839 1464 999 1534 μόνον
1027 1464 1458 1536 πιστεύετε
1483 1465 1566 1516 ὅτι
1594 1464 1763 1518 ἔστιν·

185 1554 413 1624 ἐχοντες
437 1557 516 1620 είς
536 1555 694 1608 τοῦτο
719 1555 1034 1608 διδάσκαλον
1057 1555 1147 1610 τὸν
1181 1556 1498 1610 Ἀπόστολον
1520 1555 1764 1624 λέγον-ια’

197 1667 216 1696 ι
247 1646 548 1702 Πιστεῦσαι
585 1647 694 1718 γὰρ
739 1647 818 1700 δεῖ
843 1648 1056 1713 πρῶτον
1085 1648 1223 1720 Θεῷ,
1251 1649 1329 1701 ὅτι
1353 1648 1490 1708 ἔστι,
1525 1650 1620 1702 καὶ
1660 1653 1770 1712 τοῖς

190 1736 520 1807 ἐκζητοῦσιν
565 1739 726 1791 αὑτὸν
762 1739 1157 1810 μισθαποδότης
1199 1740 1404 1808 γίνεται
1432 1758 1446 1805 ;
1474 1760 1492 1791 ι
1533 1742 1604 1794 Οὐ
1639 1740 1765 1812 γὰρ,

1875 656 1939 697 ac
1980 641 2344 711 compositio?
2377 638 2504 694 liae
2555 639 2700 694 enim
2745 637 2989 708 profecto
3035 651 3320 706 nunquam
3376 635 3454 692 illi

1873 732 2281 802 explicaverint,
2310 730 2530 801 quando
2559 730 2676 798 ipse
2709 727 2966 784 Salomon
2988 767 3002 792 ,
3034 727 3128 798 qui
3174 727 3456 796 sapientia:

1874 823 2202 878 cumulatius
2237 822 2342 877 fuit
2374 823 2643 892 particeps
2669 838 2834 892 quam
2879 823 2969 880 alii
2997 837 3210 886 omnes,
3239 821 3344 875 ista
3383 819 3453 873 ab

1873 913 2095 968 homine
2142 913 2378 970 inveniri
2421 928 2531 971 non
2575 929 2735 980 posse
2767 914 3106 983 perspiciens
3148 911 3223 970 ait
3265 927 3279 962 :

1871 1007 2090 1077 quidem
2133 1006 2451 1060 universum
2483 1006 2744 1060 saeculum
2775 1006 2924 1061 dedit
2950 1006 3002 1059 in
3033 1004 3198 1062 corde
3224 1019 3448 1068 eorum,

1873 1108 1932 1152 ut
1987 1114 2094 1152 non
2144 1097 2388 1151 inveniat
2431 1097 2598 1151 homo
2650 1113 2787 1166 opus
2833 1095 2979 1166 quod
3021 1094 3148 1151 fecit
3192 1093 3336 1150 Deus
3379 1094 3451 1148 ab

1871 1189 2028 1243 initio
2050 1199 2104 1244 et
2131 1204 2306 1258 usque
2342 1189 2396 1241 in
2423 1189 2586 1245 finem
2605 1188 2677 1241 ί.)
2699 1189 2780 1241 An
2811 1203 2938 1257 ergo
2960 1187 3090 1257 quia
3121 1187 3237 1240 haec
3262 1185 3445 1239 omnia

1872 1290 2406 1351 nossenequeunt,
2461 1279 2668 1336 idcirco
2729 1279 3060 1334 contendent
3128 1277 3286 1348 533
3333 1290 3437 1332 non

1870 1373 2169 1428 exsistere?
2211 1371 2404 1428 Nullus
2444 1373 2632 1440 utique
2661 1371 2850 1428 dubito
2881 1372 3015 1441 quin
3057 1371 3110 1424 id
3151 1367 3436 1426 contende-

1869 1467 2000 1529 rint,
2039 1467 2237 1536 quippe
2281 1465 2376 1536 qui
2422 1472 2657 1519 mentem
2712 1464 2930 1532 penitus
2981 1469 3292 1530 corruptam
3343 1459 3445 1517 ha-

1871 1557 2050 1612 beant.
2087 1556 2217 1612 Jure
2249 1557 2415 1628 igitur
2453 1556 2648 1610 merito
2679 1569 2772 1608 eos
2805 1555 2877 1607 ita
2907 1553 3109 1622 aIIOqui
3155 1553 3316 1608 liceat
3349 1569 3362 1604 :
3401 1547 3448 1606 Ο

1841 1695 1844 1698 .
1870 1650 2025 1706 stulti
2057 1657 2220 1718 atque
2255 1649 2322 1702 ad
2362 1648 2547 1702 omnia
2579 1645 2814 1701 audaces
2843 1659 2896 1700 et
2923 1644 3248 1718 praecipites,
3275 1656 3449 1712 quare

1871 1758 1980 1796 non
2039 1743 2220 1810 potius
2266 1748 2508 1794 sanctam
2569 1736 2894 1795 Trinitatem
2945 1736 3162 1791 curiose
3211 1733 3445 1792 scrutari

187 1806 326 1892 πῶς
347 1831 514 1895 ἐστιν,
549 1806 792 1902 εἴρηκεν,
819 1830 954 1883 ἀλλὰ
989 1806 1168 1900 μόνον,
1205 1806 1327 1884 ιὸτι
1359 1831 1524 1885 ἔστιν.
1552 1852 1570 1883 ›
1706 1806 1762 1885 δὲ

1876 1832 2139 1896 desinitis,
2164 1845 2395 1899 eamque
2417 1845 2539 1884 esse
2565 1829 2833 1885 duntaxat
2856 1827 3096 1891 creditis,
3125 1827 3445 1897 magistrum

188 1921 335 1990 μηδὲ
362 1921 506 1974 οὕτω
539 1921 915 1985 καταδύονται,
949 1921 1258 1974 εἰπάτωσαν
1285 1921 1400 1984 πῶς
1427 1923 1572 1994 ἐστιν
1591 1924 1619 1974 6
1647 1923 1763 1976 Πα-

181 2011 331 2085 τὴρ,
372 2013 438 2065 ἵν’
465 2012 607 2066 οῦτω
649 2012 895 2083 μάθωσι,
939 2013 1054 2076 πῶς
1087 2015 1200 2066 ἐστι
1245 2013 1338 2065 καὶ
1368 2014 1396 2065 6
1437 2012 1626 2066 τούτου
1665 2013 1768 2065 Λό-

186 2120 308 2170 γος.
363 2103 503 2157 Ἀλλ’
533 2103 754 2168 ἄτοπον,
794 2105 1046 2174 φήσουσι,
1087 2104 1216 2175 περὶ
1241 2104 1334 2156 τοῦ
1363 2105 1574 2176 Πατρὸς
1596 2103 1767 2168 οὕτως

183 2196 427 2266 ἐρωτᾷν.
480 2196 711 2248 Ἀτοπον
737 2191 829 2248 οὖν
862 2195 973 2265 (58)
1009 2196 1355 2248 ἀκουέτωσαν
1387 2197 1479 2250 καὶ
1518 2197 1646 2266 περὶ
1673 2197 1766 2249 τοῦ

183 2285 369 2354 Λόγου
390 2287 554 2340 αὑτοῦ
584 2285 756 2350 οὕτως
787 2287 1015 2358 ἐρωτᾷν.

1869 1924 2191 1994 Apostolum
2219 1924 2319 1977 hac
2349 1922 2400 1975 in
2428 1938 2485 1974 re
2513 1920 2736 1983 imitati,
2762 1919 2919 1988 cujus
2955 1919 3072 1972 haec
3110 1926 3239 1973 sunt
3278 1915 3445 1970 verba

1875 2034 1894 2067 ‹
1931 2015 2166 2070 Credere
2197 2015 2343 2069 enim
2371 2021 2586 2082 oportet
2631 2012 2868 2082 primum
2905 2011 3034 2075 Deo,
3073 2009 3200 2081 quia
3239 2017 3356 2074 est,
3390 2016 3446 2066 et

1868 2107 2273 2177 inquirentibus
2323 2120 2384 2161 se
2438 2113 2820 2160 remuneratur
2843 2105 2916 2158 sit
2951 2105 2970 2132 ‘
3001 2121 3020 2154 ι
3053 2101 3076 2166 2
3145 2099 3256 2155 Nec
3297 2099 3444 2158 enim

1868 2197 2025 2266 dixit,
2058 2199 2334 2268 quomodo
2360 2204 2464 2262 est,
2499 2197 2594 2250 sed
2623 2203 2854 2260 tantum,
2892 2212 2910 2244 ι
2939 2193 3067 2264 quia
3100 2201 3202 2252 est.
3236 2211 3254 2243 ι
3288 2189 3444 2257 Quod

1869 2291 1915 2346 si
1956 2305 2057 2345 nec
2089 2289 2170 2345 sic
2195 2289 2414 2358 quidem
2442 2287 2797 2350 erubescunt,
2838 2286 3021 2339 dicant
3052 2299 3182 2352 ergo
3213 2294 3447 2352 quomo-

183 2378 257 2432 do
289 2379 367 2432 sit
390 2376 567 2443 Pater,
599 2387 658 2432 ut
690 2379 794 2431 hoc
819 2385 977 2444 pacto
1007 2377 1214 2432 discant
1247 2378 1523 2447 quomodo
1549 2394 1765 2448 quoque
1802 2378 1923 2448 ejus
1961 2379 2034 2434 sit
2083 2377 2337 2433 Verbum.
2374 2375 2478 2431 Sed
2521 2376 2818 2430 absurdum
2881 2382 2982 2437 est,
3019 2373 3284 2444 inquient,
3331 2372 3448 2430 haec

179 2470 252 2525 de
280 2469 449 2524 Patre
486 2471 780 2541 inquirere.
821 2469 1055 2523 Audinnt
1092 2471 1254 2541 igitur
1283 2473 1577 2526 absurdum
1627 2487 1839 2542 quoque
1869 2488 1992 2526 esse
2020 2473 2160 2527 idem
2185 2472 2252 2526 de
2277 2471 2398 2540 ejus
2432 2469 2604 2524 Verbo
2631 2467 2918 2524 sciscitari.

256 2562 354 2616 19.
397 2562 664 2632 Περιττῆς
701 2563 987 2634 τοιγαροῦν
1027 2563 1120 2616 καὶ
1159 2562 1320 2616 πλέον
1362 2565 1558 2634 μανίας
1598 2561 1765 2634 ούσης

179 2653 286 2722 τῆς
317 2653 577 2722 τοιαύτης
603 2654 1018 2725 ἐπιχειρήσεως,
1047 2653 1240 2724 μηκέτι
1273 2654 1496 2708 τοιαῦτά
1528 2671 1612 2717 τις
1639 2656 1765 2724 ὲρω-

172 2747 360 2809 κάτω,
394 2745 426 2815 ἢ
456 2745 614 2814 μόνον
642 2742 712 2797 τὰ
745 2747 802 2798 ἐν
830 2748 949 2808 ταῖς
979 2746 1221 2817 Γραφαϊς
1256 2745 1592 2815 μανθανέτω.
1629 2747 1766 2798 Αὑτ-

183 2835 343 2905 άρκη
386 2833 496 2904 γὰρ
539 2835 634 2888 καὶ
687 2835 846 2888 ἱκανὰ
888 2833 956 2887 τὰ
997 2835 1055 2887 ἐν
1101 2835 1327 2900 ταύταις
1375 2835 1485 2905 (59)
1540 2835 1766 2906 κείμενα

181 2925 324 2994 περὶ
359 2923 549 2977 τούτου
608 2926 1042 2998 παραδείγματα.
1099 2927 1260 2996 Πηγὴ
1306 2927 1484 2980 τοίνυν
1516 2927 1609 2980 καὶ
1651 2927 1766 2995 φῶς

179 3013 413 3084 λέγεται
445 3018 473 3068 6
506 3017 696 3087 Πατήρ
720 3031 734 3045 ο
785 3035 804 3067 ι
837 3017 966 3087 Ἐμὲ
991 3036 1010 3068 ι
1052 3018 1181 3088 γὰρ,
1215 3017 1398 3087 φησὶν,
1436 3037 1453 3068 ι
1484 3019 1764 3085 ἐγκατέλι-

182 3124 290 3160 πον
542 3106 734 3171 ὓδατος
774 3105 994 3171 ζῶντος.
1033 3128 1050 3159 ι
1091 3109 1200 3162 Καὶ
1245 3107 1407 3162 πάλιν
1447 3111 1504 3161 ὲν
1553 3108 1630 3178 τῷ
1663 3109 1766 3160 Βα-

1946 2564 2028 2617 19.
2071 2564 2257 2633 itaque
2299 2579 2424 2618 cum
2466 2561 2677 2615 inutilis
2707 2573 2758 2613 et
2788 2558 2986 2613 stultus
3021 2557 3091 2612 sit
3131 2555 3446 2625 hujusmodi

1872 2663 2122 2720 conatus,
2150 2671 2311 2720 nemo
2339 2655 2452 2725 jam
2485 2654 2720 2722 amplius
2760 2652 2825 2704 de
2867 2651 2950 2703 his
2992 2649 3299 2718 percontari
3347 2665 3448 2703 au-

1873 2747 2016 2812 deat,
2065 2747 2161 2803 sed
2192 2762 2257 2802 ea
2309 2755 2518 2811 tantum
2568 2760 2688 2814 quae
2737 2741 3034 2811 Scripturis
3069 2731 3441 2804 continentur.

1873 2839 2082 2893 discere
2123 2839 2258 2894 satis
2302 2838 2554 2892 habeant.
2602 2835 2878 2906 Siquidem
2913 2834 3138 2888 omnino
3173 2833 3448 2888 sufﬁciunt

1871 2945 1992 2998 quae
2034 2930 2087 2983 in
2121 2930 2262 2984 hanc
2293 2945 2406 2984 rem
2452 2927 2658 2998 profert
2699 2925 2970 2995 exempla.
3009 2923 3212 2995 Nempe
3243 2924 3366 2979 fons
3393 2933 3448 2978 et

1872 3025 1962 3077 lux
1991 3023 2150 3078 Pater
2177 3023 2376 3078 dicitur
2405 3039 2419 3075 :
2453 3041 2472 3073 ι
2509 3020 2593 3076 Me
2622 3041 2642 3074 ι
2669 3021 2835 3081 enim.
2870 3018 3067 3090 inquit,
3101 3037 3119 3069 ι
3151 3018 3451 3088 derelique-

1870 3125 1998 3169 runt
2024 3115 2228 3170 fontem
2271 3130 2426 3185 aqua:
2456 3113 2688 3169 viventis
2711 3114 2752 3167 ³.
2788 3132 2806 3165 ι
2838 3111 2905 3167 Et
2933 3113 3126 3168 iterum
3159 3112 3302 3182 apud
3339 3111 3447 3165 Ba-

180 3197 329 3269 ρούχ
349 3214 362 3226 ·
410 3217 430 3249 ι
459 3198 525 3250 Τί
557 3200 724 3263 ἐστιν,
767 3200 1002 3270 Ἰσραὴλ,
1024 3201 1106 3252 ὃτι
1135 3203 1192 3252 ἐν
1221 3203 1287 3271 τῇ
1321 3203 1390 3271 γῇ
1420 3200 1528 3253 τῶν
1557 3199 1765 3270 ἐχθρῶν

1876 3206 2001 3260 rucli
2033 3221 2050 3258 :
2083 3223 2103 3256 ‹
2135 3204 2274 3270 Quid
2300 3212 2404 3266 est,
2438 3203 2624 3271 Israel,
2656 3203 2802 3274 quod
2837 3204 2887 3256 in
2921 3211 3065 3256 terra
3100 3201 3444 3256 inimicorum

181 3285 236 3341 εἶ
262 3288 384 3358 (60)
412 3305 426 3353 ;
475 3289 830 3357 ἐγκατέλιπες
859 3289 956 3360 τὴν
1001 3290 1182 3362 πηγὴν
1211 3291 1310 3361 τῆς
1347 3290 1536 3359 σοφίας
1561 3306 1574 3317 ⁶
1616 3311 1633 3341 ι
1677 3292 1769 3344 καὶ

184 3380 339 3434 κατὰ
370 3381 462 3433 τὸν
501 3381 754 3452 Ἰωάννην
777 3398 790 3413 ·
823 3400 842 3432 ι
872 3383 931 3436 '0
955 3383 1086 3446 Θεὸς
1117 3381 1276 3453 ἡμῶν
1307 3382 1421 3451 φῶς
1453 3385 1586 3435 ἐστι,
1615 3403 1632 3433 ι
1669 3384 1769 3436 Λέ-

183 3491 353 3544 γεται
381 3473 439 3526 δὲ
480 3475 575 3526 καὶ
606 3475 634 3525 ὁ
667 3475 793 3538 Υἱὸς
824 3473 899 3538 ὡς
948 3474 1046 3546 μὲν
1081 3474 1218 3546 πρὸς
1248 3473 1346 3545 τὴν
1377 3474 1558 3545 πηγὴν
1603 3491 1770 3528 ποτα-

191 3567 296 3636 μός
327 3582 342 3596 ο
380 3584 397 3615 ι
431 3562 493 3618 Ὀ
528 3565 770 3635 ποταμὸς
794 3585 812 3616 ι
843 3566 952 3638 γὰρ
987 3583 1015 3615 «ι
1036 3565 1129 3618 τοῦ
1159 3564 1293 3618 Θεοῦ
1324 3565 1612 3637 ἐπληρώθη
1646 3567 1770 3620 ὑδά-

181 3675 298 3710 των
319 3675 333 3686 ο
359 3675 378 3706 ι
431 3657 568 3726 πρὸς
615 3656 671 3707 δὲ
718 3656 778 3708 τὸ
812 3657 928 3722 φῶς
965 3656 1304 3729 ἀπαύγασμα
1333 3699 1348 3722 ,
1396 3657 1643 3726 λέγοντος
1673 3658 1767 3710 τοῦ

184 3747 410 3802 Παύλου
433 3762 448 3776 ο
483 3765 502 3797 ι
531 3749 628 3810 Ὃς
652 3744 728 3798 ὣν
758 3747 1096 3818 ἀπαύγασμα
1138 3747 1240 3817 τῆς
1270 3748 1449 3818 δόξης,
1479 3747 1573 3800 καὶ
1599 3763 1770 3818 χαρα-

184 3840 334 3910 κτὴρ
366 3838 464 3907 τῆς
491 3838 838 3900 ὑποστάσεως
869 3838 1056 3891 αὐτοῦ.
1103 3857 1122 3890 ›
1186 3837 1293 3890 Τοῦ
1339 3837 1514 3892 τοίνυν
1556 3839 1769 3910 Πατρὸς

186 3927 373 3994 φωτὸς
400 3926 552 3990 ὄντος
577 3926 708 3992 (61),
751 3927 842 3979 τοῦ
875 3929 932 3980 δὲ
977 3928 1105 3981 Υίοῦ
1138 3929 1570 3998 ἀπαυγὰσματος
1604 3926 1767 3980 αὐτοῦ

184 4018 296 4084 (τά
332 4018 474 4070 αὐτὰ
503 4018 614 4090 γὰρ
661 4021 789 4091 περὶ
833 4020 1037 4073 τούτων
1091 4019 1324 4090 μάλιστα
1368 4019 1467 4072 οὐκ
1515 4019 1768 4088 ὀκνητέον

183 4108 379 4177 λέγειν
419 4111 679 4175 πολλάκις
708 4114 750 4182 ),
809 4110 1020 4178 ἔξεστιν
1052 4115 1184 4184 όρᾷν
1219 4113 1313 4165 καὶ
1346 4115 1404 4166 ἐν
1438 4112 1516 4182 τῷ
1539 4112 1652 4182 Υίῷ
1708 4113 1770 4165 τὸ

187 4202 445 4271 Πνεῦμα,
479 4205 538 4270 ὲν
565 4199 608 4273 ᾧ
634 4205 1008 4276 φὼτιζόμεθω
1047 4224 1064 4256 ι
1093 4207 1210 4259 Ἵνα
1230 4225 1247 4256 ι
1279 4204 1406 4274 γὰρ,
1437 4205 1590 4276 φησὶ,
1616 4224 1633 4256 ι
1658 4204 1767 4276 δώῃ

188 4293 326 4362 ὑμῖν
361 4293 586 4364 Πνεῦμα
637 4295 830 4364 σοφίας
873 4295 968 4348 καὶ
1001 4294 1397 4363 ἀποκαλύψεως
1429 4296 1487 4346 ἐν
1538 4293 1770 4362 ἐπιγνώ-

186 4401 276 4436 σει
311 4383 498 4450 αὐτοῦ,
535 4385 979 4454 πεφωτισμένους
1016 4386 1142 4448 τοὺς
1163 4385 1471 4455 ὀφθαλμοὺς
1501 4387 1597 4464 τῇς
1630 4403 1770 4457 καρε·

182 4475 333 4538 δίας.
363 4495 380 4526 ι
418 4476 508 4547 Τῷ
539 4477 596 4531 δὲ
631 4478 907 4548 Πνεύματι
951 4477 1062 4548 (62)
1109 4476 1494 4548 φωτιζομένων
1534 4478 1709 4548 ἡμῶν,
1741 4479 1770 4530 6

187 4567 432 4642 Χριστός
471 4570 620 4621 ἐστιν
651 4569 680 4620 6
725 4571 782 4621 ὲν
824 4567 974 4639 αύτῷ
1009 4567 1258 4638 φωτίζων
1286 4586 1299 4596 ·
1359 4587 1376 4619 ι
1406 4565 1514 4621 Ἦν
1542 4587 1560 4619 ι
1620 4569 1730 4640 γὰρ
1752 4609 1766 4633 ,

189 4661 330 4728 φησὶ
355 4697 369 4720 ,
409 4678 428 4709 ι
455 4659 516 4711 τὸ
549 4658 664 4728 φῶς
710 4659 768 4712 τὸ
801 4659 1054 4732 ἀληθινὸν
1077 4700 1091 4722 ,
1132 4659 1164 4710 ὃ
1200 4657 1423 4727 φωτίζει
1465 4659 1640 4712 πάντα
1679 4659 1772 4714 ἄν·

186 4750 413 4822 θρωπον
458 4751 752 4823 ἐρχόμενον
807 4754 883 4816 είς
933 4751 1024 4804 τὸν
1052 4751 1277 4822 κόσμον.
1305 4771 1323 4802 ι
1360 4750 1528 4803 Πάλιν
1567 4767 1627 4803 τε
1673 4749 1769 4803 τοῦ

188 4842 406 4910 nam;
435 4843 588 4905 ὄντος
619 4842 826 4912 πηγῆς,
871 4841 965 4895 τοῦ
998 4843 1055 4896 δὲ
1101 4843 1232 4895 Υιοῦ
1267 4841 1513 4912 ποταμοῦ
1544 4840 1770 4912 λεγομέ-

187 4952 308 4996 νου,
351 4933 523 4985 πίνειν
556 4933 826 5004 λεγόμεθα
867 4934 929 4987 τὸ
961 4933 1187 5004 Πνεῦμα
1222 4951 1236 4964 ο
1285 4934 1594 5004 γέγραπται
1637 4933 1769 5004 γὰρ,

268 5051 282 5079 ¹
313 5049 490 5104 Eccle.
526 5065 608 5112 Ill,
630 5049 712 5102 11.

182 5165 214 5217 .'
253 5164 420 5219 Hebr.
453 5180 492 5228 ι,
523 5164 576 5218 ’5.
618 5163 640 5194 ⁸
678 5161 876 5232 Ephes.
912 5179 950 5228 ι,
984 5163 1070 5216 17.
1149 5165 1170 5194 ⁹
1208 5160 1367 5217 Joan.
1403 5177 1440 5223 I,
1467 5161 1518 5215 9.

265 5278 379 5349 (55)
434 5275 570 5349 Ἀλλ’
600 5277 700 5349 οὐκ
738 5275 804 5328 ἄν
846 5276 1000 5331 deest
1035 5277 1087 5328 in
1117 5275 1249 5345 Reg.
1295 5274 1350 5337 2,
1381 5272 1618 5328 Felckm.
1646 5272 1682 5327 2
1716 5282 1771 5329 et

190 5347 436 5406 editione
457 5347 721 5402 Commel.

268 5419 380 5488 (56)
422 5415 624 5488 Regius
651 5417 860 5485 primus
883 5425 938 5470 et
973 5415 1324 5488 Anglicanus,
1355 5413 1553 5488 λέγειιρ

266 5485 383 5555 (‘57)
423 5483 526 5539 διό
569 5483 770 5558 Regius
809 5483 1225 5558 primus,'Seg.
1273 5485 1437 5537 Basil.
1508 5483 1663 5538 Gobl.
1717 5493 1773 5539 et

194 5559 438 5614 Felekm.
473 5557 704 5622 primus.
740 5559 952 5617 Caneri,
979 5557 1343 5617 πιστεύοντες.

269 5629 382 5695 (58)
423 5629 530 5684 Ούν
581 5629 730 5682 abest
779 5645 807 5682 a
864 5625 1030 5696 Regio
1084 5631 1281 5696 primo,
1333 5625 1454 5694 Seg.
1508 5624 1663 5677 Gohl.
1719 5635 1770 5678 et

199 5698 440 5768 fell-km.
467 5698 664 5765 primo,
694 5698 853 5752 Basil.

271 5769 385 5840 (59)
428 5763 520 5826 Sic
553 5770 748 5840 Regius
778 5768 1004 5838 primus,
1036 5767 1158 5838 Seg.
1197 5767 1352 5822 ϐοΜ.
1385 5773 1436 5820 et
1458 5763 1743 5818 Feltrkman

791 5051 810 5080 ²
835 5048 994 5104 Hebr.
1024 5064 1100 5114 si,
1122 5048 1174 5102 6.
1251 5045 1486 5101 'Jerem.
1519 5062 1580 5111 tl,
1618 5045 1702 5099 15.
1779 5047 1800 5078 ⁸
1836 5047 2046 5104 Baruch
2076 5037 2156 5108 ιιι.
2190 5048 2384 5106 10.12.

1867 3295 1967 3349 es?
1999 3295 2338 3366 dereliquisti
2369 3294 2571 3350 fontem
2601 3295 2879 3364 sapientia:
2904 3293 2948 3347 ⁸.
2985 3313 3003 3344 ι
3043 3291 3110 3345 Et
3143 3293 3444 3347 secundum

1866 3382 2150 3446 Joannem,
2193 3402 2213 3436 ι
2252 3383 2394 3439 Deus
2434 3396 2622 3438 noster
2657 3384 2749 3438 lux
2794 3392 2879 3438 est
2915 3383 2956 3437 ⁸.
3001 3401 3022 3434 ι
3073 3381 3245 3437 Filius
3290 3397 3444 3445 vero,

1868 3490 1992 3529 cum
2033 3473 2265 3529 refertur
2310 3475 2378 3529 ad
2425 3474 2652 3539 fontem,
2702 3474 2904 3529 dicitur
2944 3473 3178 3528 fluvius:
3207 3488 3444 3542 namque

1875 3585 1893 3616 ι
1926 3565 2125 3619 flumen
2179 3565 2273 3620 Dei
2325 3565 2588 3634 repletum
2633 3576 2717 3621 est
2764 3565 2924 3635 aquis
2954 3565 2996 3618 ⁸.
3033 3584 3053 3616 ι
3090 3564 3227 3619 Cum
3260 3573 3440 3619 autem

1869 3656 2010 3711 idem
2041 3656 2107 3710 ad
2138 3657 2311 3711 lucem
2345 3656 2598 3723 refertur,
2629 3657 2888 3726 splendor
2908 3655 3230 3726 appellatur,
3257 3656 3446 3710 dicen-

1872 3758 1925 3803 te
1953 3746 2124 3802 Paulo
2153 3764 2166 3800 :
2205 3765 2223 3799 ι
2265 3747 2370 3814 Qui
2403 3764 2526 3803 cum
2570 3749 2644 3802 sit
2688 3749 2944 3818 splendor
2974 3748 3160 3818 gloriae
3185 3756 3240 3801 et
3271 3747 3443 3818 ﬁgura

1869 3839 2189 3897 substantiae
2217 3840 2338 3910 ejus
2366 3841 2406 3892 ⁷.
2451 3859 2469 3891 ι
2515 3839 2654 3894 Cum
2687 3856 2816 3911 ergo
2842 3839 3002 3894 Pater
3028 3840 3098 3894 sit
3133 3840 3247 3902 lux,
3275 3848 3329 3892 et
3355 3837 3448 3892 Fi-

1869 3932 1976 3986 lius
2013 3930 2134 4000 ejus
2163 3931 2234 3985 sit
2264 3930 2520 4000 splendor
2547 3929 2696 4000 (nam
2724 3927 2913 3983 eadem
2948 3942 3112 3996 saepe,
3149 3924 3445 3996 praesertim

1869 4026 1935 4079 de
1977 4023 2294 4094 hujusmodi
2338 4022 2524 4085 rebus,
2565 4022 2746 4075 dicere
2798 4019 3004 4074 nemini
3063 4033 3224 4089 grave
3273 4015 3448 4071 videri

1869 4115 2071 4182 debet),
2115 4115 2242 4170 licet
2290 4129 2510 4184 quoque
2558 4113 2610 4166 in
2657 4111 2795 4166 Filio
2838 4110 3146 4181 perspicere
3183 4107 3444 4178 Spiritum

1871 4215 2145 4269 sanctum,
2194 4205 2246 4259 in
2293 4220 2402 4273 quo
2455 4219 2648 4272 nempe
2697 4203 3089 4257 illuminamur.
3125 4198 3262 4254 llinc
3300 4197 3445 4252 enim

1870 4297 2204 4370 Apostolus:
2242 4315 2260 4347 t
2291 4294 2364 4350 Ut
2389 4296 2481 4350 det
2504 4295 2680 4360 vobis,
2722 4313 2740 4347 ι
2773 4294 2966 4363 inquit,
3003 4312 3020 4344 ι
3055 4291 3313 4361 Spiritum
3355 4303 3446 4342 sa-

1871 4391 2089 4460 pientia:
2121 4398 2175 4443 et
2213 4387 2590 4452 revelationis,
2626 4388 2680 4441 in
2709 4386 2983 4456 agnitione
3013 4384 3153 4454 ejus,
3185 4381 3450 4436 illumina-

1875 4491 1959 4538 tns
1981 4483 2169 4537 oculos
2190 4482 2371 4536 cordis
2393 4483 2433 4535 ⁸.
2460 4500 2479 4532 ›
2501 4479 2670 4534 Porro
2686 4495 2809 4534 cum
2828 4478 3029 4547 Spiritu
3053 4475 3445 4534 illuminamur.

1877 4574 2130 4629 Christus
2159 4573 2273 4643 ipse
2310 4571 2514 4642 estqui
2546 4587 2645 4626 nos
2687 4571 2743 4624 in
2789 4569 2880 4625 illo
2927 4567 3216 4629 illuminat,
3245 4574 3305 4618 ut
3333 4563 3448 4617 hac

1878 4665 2040 4719 verba
2093 4673 2364 4719 testantur
2422 4681 2435 4717 :
2487 4682 2505 4714 ι
2543 4661 2672 4716 Erat
2715 4661 2810 4715 lux
2863 4676 2992 4714 vera
3019 4675 3141 4728 qua?
3179 4656 3450 4710 illuminat

1876 4770 2094 4809 omnem
2114 4755 2389 4809 hominem
2409 4754 2712 4808 venientem
2734 4752 2786 4806 in
2805 4751 3064 4805 mundum
3083 4751 3124 4803 θ.
3139 4767 3157 4800 ι
3189 4747 3447 4801 Similiter

1878 4857 1938 4900 ut
1954 4845 2115 4900 Pater
2138 4856 2222 4902 est
2247 4845 2388 4908 fons.
2410 4854 2466 4900 et
2480 4845 2654 4899 Filius
2671 4843 2866 4898 fluvius
2892 4841 3211 4910 appellatur,
3234 4839 3308 4891 ita
3331 4836 3449 4904 Spi-

1878 4940 2038 4994 ritum
2071 4939 2260 4994 bibere
2289 4939 2544 4994 dicimur.
2570 4937 2704 4991 Nam
2737 4937 2996 5005 scriptum
3025 4942 3145 4988 est:
3187 4950 3206 4981 ι
3241 4928 3447 4984 Omnes

2487 5047 2545 5100 'l
2577 5047 2734 5101 Juan.
2775 5063 2811 5110 I,
2844 5045 2896 5100 Β.
2974 5045 2994 5076 ⁸
3029 5039 3443 5106 Psa|.utv,10.

1874 5273 2104 5343 primus.
2136 5271 2240 5326 Alii
2296 5278 2476 5326 autem
2531 5279 2609 5343 et_
2633 5267 2786 5328 editi,
2812 5267 3031 5343 αύταῖς.
3079 5263 3213 5319 Ibid.
3243 5262 3446 5335 Regius

1876 5336 2270 5413 prilnustnsp‘i
2297 5343 2486 5394 τούτου
2519 5338 2611 5393 τοῦ
2653 5336 3112 5413 παραδείγματος.

1947 5411 2060 5481 (60')
2100 5411 2191 5465 Sic
2217 5406 2550 5481 Anglicanus
2575 5419 2629 5462 ct
2653 5406 2874 5481 Griecus
2908 5406 3205 5481 scriptura:
3228 5412 3443 5481 textus.

1879 5472 2020 5546 Ed‘iti
2041 5472 2120 5534 vet
2164 5472 2341 5535 exteri
2375 5478 2424 5533 εἴ
2452 5481 2731 5534 omittunt.
2765 5475 2895 5548 Reg.
2935 5474 2971 5528 2
2998 5472 3126 5530 vero
3152 5475 3338 5542 habet,
3375 5472 3444 5530 sl-

1879 5570 1998 5616 ναι;
2032 5553 2080 5603 εἰ
2111 5552 2487 5618 ἐγκατέλιπες,
2524 5560 2628 5602 etc.

1949 5615 2060 5688 (6|)
2107 5615 2297 5683 Ὀντος
2324 5622 2476 5676 deest
2509 5620 2562 5673 in
2600 5617 2900 5686 Anglicano
2927 5623 2982 5672 et
3009 5615 3139 5672 edit.
3177 5615 3443 5682 Commet.

1949 5690 2062 5761 (6‘2)
2108 5689 2304 5762 Regius
2335 5692 2560 5763 primus,
2589 5688 2780 5758 Πατρί.

3331 909 3536 982 «Ειν
