3834 6220
431 325 540 383 575

1035 325 1093 380 5.
1136 325 1516 382 ATHANASII
1556 327 1707 383 OPP.
1750 329 1934 385 PARS
1969 330 2008 384 1.
2048 363 2119 373 -
2153 333 2529 392 HISTORICA
2562 335 2650 390 ΕΤ
2702 334 3126 393 DOGMATICA.

3593 337 3695 393 576

432 459 602 498 utinm
638 444 899 515 Spiritum
935 444 1174 501 bibimus
1199 447 1263 500 ".
1297 465 1315 498 ›
1354 445 1562 504 Rursus
1589 465 1710 504 cum
1742 449 2006 520 Spiritum

2118 457 2190 509 Ξτι
2231 475 2248 508 ι
2286 457 2477 528 Ἡμεῖς
2511 458 2712 523 πάντες
2753 459 2810 512 ἓν
2838 459 3067 530 Πνεῦμα
3113 459 3499 530 ἐποτίσθημεν.
3535 479 3554 512 ι
3625 459 3696 512 Τὸ

429 535 691 600 bibimus,
716 536 994 593 Christum
1022 553 1128 591 una
1153 538 1411 597 bibimus.
1435 538 1680 610 Namque
1707 558 1726 593 ι
1756 541 2014 601 bibebant

431 629 500 685 de
543 631 779 702 spiritali
824 645 1192 701 consequente
1242 647 1415 708 petra.
1469 635 1628 692 Petra
1671 646 1852 692 autem
1898 649 2016 694 erat

427 721 683 778 Christus
707 723 772 778 “.
787 723 1079 781 »ΡΙ-πίεται
1105 736 1164 781 ut
1179 727 1429 782 Christus
1442 742 1605 782 verus
1619 737 1704 782 est
1727 726 1920 796 Filius,
1941 731 2011 785 ita

428 829 531 869 nos
551 815 818 885 Spiritum
837 819 1190 888 accipientes.
1207 820 1304 875 ﬁlii
1325 821 1608 876 eﬂicimur.
1623 840 1641 872 ι
1660 821 1780 877 Νοη
1797 823 1966 887 enim,
1988 842 2007 875 ι

428 905 630 976 inquit,
655 925 676 958 ι
708 909 999 979 accepistis
1031 912 1282 981 spiritum
1315 914 1594 969 servitutis
1626 915 1822 969 iterum
1861 917 1915 970 in
1947 917 2015 969 ti—

426 1011 581 1054 more
608 1018 623 1055 :
657 1002 751 1054 sed
781 1002 1070 1072 accepistis
1100 1002 1363 1073 Spiritum
1397 1006 1708 1076 adoptionis
1733 1009 1796 1061 “.
1830 1027 1848 1059 ι
1875 1008 2012 1062 Cum

430 1099 616 1145 autem
673 1091 878 1162 Spiritu
930 1095 1025 1150 lilii
1075 1095 1170 1150 Dei
1215 1096 1500 1165 efﬁcimur,
1535 1099 1882 1154 manifestum
1929 1111 2014 1154 est

428 1194 529 1234 nos
565 1182 617 1235 in
653 1181 872 1238 Christo
906 1185 1046 1241 ﬁlios
1079 1185 1173 1241 Dei
1203 1188 1483 1257 appellari.
1521 1187 1657 1244 Nam
1692 1209 1710 1242 ι
1735 1189 2014 1260 Quotquot

428 1286 756 1342 receperunt
794 1291 957 1341 eum,
1001 1278 1151 1332 dedit
1193 1279 1302 1334 illis
1354 1289 1678 1351 potestatem
1725 1283 1866 1338 ﬁlios
1921 1281 2013 1336 Dei

428 1363 550 1418 ﬁeri
583 1365 647 1417 ⁸³.
681 1384 701 1418 t
736 1365 942 1423 Deinde
984 1371 1443 1440 quemadmodum
1500 1371 1678 1434 Pater,
1736 1374 1811 1428 uti
1857 1375 2016 1428 docet

429 1451 655 1524 Paulus,
688 1459 841 1515 solus
885 1469 968 1516 est
999 1463 1238 1531 sapiens,
1273 1463 1352 1517 sic
1396 1465 1516 1533 ejus
1555 1463 1727 1519 Filius
1776 1474 1862 1519 est
1926 1481 2015 1520 sa-

427 1550 664 1620 pientia:
693 1570 711 1603 ‹
742 1552 994 1608 Christus
1020 1574 1039 1605 ι
1061 1555 1202 1608 enim
1239 1574 1256 1606 ι
1288 1554 1381 1609 Dei
1407 1557 1580 1612 virtus
1605 1567 1659 1612 et
1679 1558 1773 1612 Dei
1800 1558 2014 1628 sapien-

428 1646 506 1702 tia
538 1648 603 1702 “.
637 1668 657 1702 ι
696 1647 763 1704 Ut
795 1648 922 1703 item
950 1647 1124 1704 Filius
1149 1661 1231 1705 est
1259 1651 1548 1720 sapientia,
1574 1653 1646 1706 ita
1679 1668 1780 1708 nos
1809 1651 2013 1722 Spiritu

426 1741 711 1809 sapientia:
727 1751 968 1811 accepto,
994 1739 1193 1796 Filium
1228 1743 1513 1809 habemus,
1541 1755 1595 1799 et
1624 1745 1678 1799 in
1707 1745 1894 1799 eodem
1922 1760 2013 1800 sa-

2113 549 2170 602 δὲ
2201 548 2425 621 Πνεῦμα
2455 550 2817 620 ποτιζόμενοι,
2851 551 2944 604 τὸν
2977 551 3213 623 Χριστὸν
3246 552 3471 622 πίνομεν
3493 569 3508 583 ο
3544 571 3562 604 ι
3598 553 3693 606 ’Έ-

2113 658 2266 694 πινον
2292 661 2309 692 ι
2350 641 2457 714 γὰρ
2489 661 2508 693 ι
2539 643 2604 696 ὲκ
2623 643 2998 713 πνευματικῆς
3019 642 3419 712 ἀκολουθούσης
3448 644 3660 714 πέτρας
3679 659 3692 672 ·

2112 734 2145 802 ἡ
2173 731 2229 784 δὲ
2269 731 2441 802 πέτρα
2467 728 2536 803 ἦν
2577 734 2605 785 6
2641 734 2893 804 Χριστός.
2918 752 2936 785 ι
2977 735 3090 786 Kal.
3125 733 3282 788 πάλιν
3315 735 3410 787 τοῦ
3450 733 3692 806 Χριστοῦ

2111 828 2264 891 ὄντος
2292 827 2546 897 ἀληθινοῦ
2574 827 2728 892 Υίοῦ,
2759 829 2922 898 ἡμεῖς
2940 827 3002 880 τὸ
3033 827 3261 898 Πνεῦμα
3298 827 3688 898 λαμϐάνοντες,

2115 919 2533 990 υἱοποιούμεθα·
2576 939 2594 971 ι
2623 921 2697 973 Οὐ
2730 919 2838 990 γὰρ
2881 918 3124 979 ἐλάϐετε,
3154 938 3172 969 ι
3220 918 3374 988 φησὶ,
3415 937 3433 968 ι
3466 917 3692 987 Πνεῦμα

2111 1010 2354 1073 δουλείας
2378 1011 2540 1063 πάλιν
2566 1013 2646 1074 είς
2676 1010 2867 1080 φόϐον·
2905 1010 3022 1064 ἀλλ’
3065 1009 3289 1065 ἐλάϐετε
3317 1010 3542 1081 Πνεῦμα
3573 1012 3689 1062 υἱο-

2114 1101 2319 1164 θεσίας.
2352 1121 2371 1154 ι
2426 1102 2837 1172 Υίοποιούμενοι
2891 1102 2947 1155 δὲ
3003 1101 3082 1173 τῷ
3131 1102 3449 1172 Πνεύματι,
3506 1102 3688 1173 δῆλον,

2113 1195 2194 1246 ὅτι
2229 1193 2342 1262 (63)
2391 1195 2448 1246 ὲν
2480 1193 2558 1264 τῷ
2591 1193 2812 1266 Χριστῷ
2854 1195 3266 1266 χρηματίζομεν
3308 1195 3472 1248 τέκνα
3512 1195 3686 1248 Θεοῦ·

2122 1286 2336 1339 ιὌσοιι
2365 1286 2473 1358 γὰρ
2505 1286 2721 1339 «ἔλαϐον
2756 1287 2940 1350 αὑτὸν,
2981 1287 3178 1340 ἔδωκεν
3219 1288 3402 1350 αὐτοῖς
3441 1286 3692 1352 ἐξουσίαν

2113 1376 2279 1428 τέκνα
2307 1375 2442 1430 Θεοῦ
2476 1377 2744 1444 γενέσθαι.
2773 1397 2791 1429 ι
2831 1373 2966 1431 Εἶτα
2989 1377 3083 1430 τοῦ
3118 1379 3351 1449 Πατρὸς,
3381 1379 3455 1442 ὡς
3488 1381 3516 1431 6
3542 1377 3693 1432 Παῦ-

2113 1468 2206 1534 λος
2236 1465 2379 1537 εἶπε,
2417 1473 2576 1542 μόνου
2605 1471 2768 1541 σοφοῦ
2797 1472 2970 1536 ὄντος,
3003 1473 3030 1524 6
3063 1472 3190 1535 Υἱός
3221 1471 3332 1543 (64)
3362 1472 3509 1524 ἐστιν
3534 1473 3567 1542 ἡ
3603 1487 3694 1523 σο-

2115 1563 2214 1633 φία
2261 1562 2448 1616 αὐτοῦ.
2495 1582 2512 1613 ι
2556 1563 2788 1633 Χριστὸς
2836 1582 2855 1615 ι
2914 1563 3024 1635 γὰρ
3079 1582 3097 1614 ι
3127 1562 3262 1616 Θεοῦ
3315 1563 3542 1633 δύναμις
3596 1566 3693 1616 καὶ

2115 1655 2248 1709 Θεοῦ
2287 1654 2467 1724 σοφία.
2495 1673 2512 1706 ι
2550 1654 2654 1706 Τοῦ
2689 1654 2746 1707 δὲ
2789 1654 2920 1707 Υίοῦ
2955 1655 3106 1717 ὄντος
3135 1655 3234 1724 τῆς
3281 1654 3491 1721 σοφίας,
3525 1656 3695 1725 ἡμεῖς

2115 1746 2339 1816 Πνεῦμα
2377 1747 2566 1814 σοφίας
2598 1745 2968 1816 λαμϐάνοντες
2988 1786 3002 1810 ,
3042 1745 3133 1798 τὸν
3170 1745 3292 1798 Υίὸν
3324 1745 3517 1816 ἔχομεν
3543 1786 3557 1809 ,
3595 1745 3695 1797 καὶ

426 1833 638 1902 pientes
671 1831 957 1887 eﬂieimur.
989 1833 1082 1890 Sic
1113 1836 1261 1890 enim
1298 1837 1561 1906 scriptum
1593 1845 1678 1892 est
1706 1837 1760 1890 in
1796 1838 2010 1908 psalmo

2118 1841 2172 1892 ὲν
2203 1811 2351 1908 αύ-τῷ
2402 1811 2554 1907 σοφοὶ
2605 1811 2886 1907 γινόμεθα.
2943 1837 3099 1891 Οὖτω
3144 1837 3252 1908 γὰρ
3301 1811 3394 1891 κα)
3423 1811 3552 1907 ⁷(65)
3600 1837 3696 1905 γέ»

427 1925 726 1980 centesimo
754 1926 1172 1997 quadragesimo
1199 1928 1394 1998 quinto
1425 1946 1437 1981 :
1480 1947 1498 1981 ι
1539 1929 1805 1985 Dominus
1851 1932 2012 1988 solvit

423 2018 786 2088 compeditos,
841 2019 1103 2076 Dominus
1154 2037 1326 2101 ctrcus
1376 2025 1646 2092 sapientes
1688 2023 1849 2079 eﬂieit
1877 2025 1940 2079 ⁸⁸.
1987 2044 2006 2077 ι

425 2111 566 2166 Cum
621 2111 843 2181 insuper
895 2111 1128 2184 Spiritus
1185 2116 1344 2171 nobis
1399 2116 1560 2170 datur
1608 2119 1674 2185 (ι
1711 2117 1954 2188 Accipite
1987 2137 2006 2170 ι

423 2204 570 2258 enim
604 2221 622 2254 ι
659 2203 918 2273 Spiritum
950 2216 1221 2272 sanctum,
1258 2226 1276 2258 ι
1312 2207 1592 2277 inquiebat
1626 2209 1878 2265 Salvator
1905 2211 2010 2282 η),

425 2293 570 2350 Deus
611 2294 684 2351 ita
729 2296 785 2350 in
839 2297 996 2352 nobis
1025 2308 1147 2353 est:
1182 2300 1260 2354 sic
1297 2301 1442 2354 enim
1474 2301 1694 2372 scripsit
1722 2300 1962 2358 Joannes
1996 2321 2009 2358 :

433 2409 454 2440 ι
489 2387 548 2442 Si
577 2388 866 2459 diligamus
912 2391 1169 2452 invicem,
1208 2389 1352 2446 Deus
1384 2391 1440 2445 in
1490 2392 1652 2448 nobis
1700 2403 1904 2449 manet.
1951 2393 2011 2448 ln

427 2481 538 2536 hoc
564 2483 955 2551 cognoscimus
984 2483 1244 2553 quoniam
1278 2484 1331 2537 in
1375 2497 1442 2538 eo
1473 2500 1782 2553 manemus,
1815 2495 1864 2540 et
1897 2487 2014 2555 ipse

424 2573 486 2626 in
519 2572 701 2638 nobis,
726 2573 982 2642 quoniam
1025 2573 1092 2627 de
1133 2573 1341 2644 Spiritu
1389 2589 1490 2629 suo
1520 2575 1670 2630 dedit
1705 2576 1862 2631 nobis
1889 2578 1953 2630 ¹⁷.
1988 2596 2007 2630 ι

423 2664 678 2735 Cumque
708 2663 851 2721 Deus
886 2667 940 2719 in
982 2666 1142 2720 nobis
1189 2675 1291 2727 est,
1335 2663 1510 2722 Filius
1545 2674 1691 2722 certe
1728 2668 1914 2723 itidem
1957 2669 2013 2724 in

420 2756 586 2813 nobis
619 2765 728 2824 est,
759 2757 878 2827 ipso
911 2755 1049 2810 Filio
1077 2757 1290 2812 dicente
1316 2775 1329 2810 :
1363 2758 1528 2828 «Ego
1552 2768 1604 2813 et
1633 2757 1798 2814 Pater
1829 2761 2014 2817 venie-

428 2865 554 2905 mus
588 2858 642 2904 et
687 2849 1023 2904 mansionem
1057 2850 1200 2920 apud
1238 2863 1362 2904 eum
1391 2848 1662 2906 faciemus
1693 2853 1755 2904 ³⁸.
1797 2871 1817 2906 ι
1853 2852 2014 2925 534

429 2941 693 2996 Similiter
730 2950 791 2996 ut
816 2939 991 2996 Filius
1022 2950 1105 2996 est
1153 2941 1265 2996 vita
1306 2942 1497 3016 eodem
1550 2951 1804 3009 testante,
1843 2961 1861 2995 ι
1903 2944 2015 3015 Ego

427 3048 552 3088 eum
592 3033 702 3086 vita
722 3032 799 3099 ¹⁹;
839 3050 858 3084 ι
890 3033 970 3087 sie
1013 3033 1179 3086 etiam
1229 3032 1285 3086 in
1335 3030 1544 3103 Spiritu
1575 3033 1839 3090 viviﬂcari
1879 3034 2016 3088 dici-

2112 1949 2355 2004 γραπται
2405 1933 2463 1983 ὲν
2515 1930 2593 2000 τῷ
2644 1930 2918 2001 ἑκατοστῷ
2979 1929 3396 2001 τεσσαρακοστῷ
3451 1929 3693 1999 πέμπτῳ

2113 2023 2348 2094 ψαλμῶ·
2404 2042 2422 2074 ι
2449 2022 2653 2094 Κύριος
2695 2021 2810 2075 λύει
2859 2021 3292 2093 πεπεδημένους·
3339 2020 3546 2092 Κύριος
3599 2037 3691 2073 σο⁴

2115 2118 2205 2184 φοϊ
2226 2113 2480 2184 τυφλούς.
2515 2135 2533 2168 ι
2573 2115 2684 2168 Kal.
2705 2113 2799 2167 τοῦ
2835 2113 3152 2184 Πνεύματος
3182 2113 3238 2167 δὲ
3261 2113 3371 2185 (66)
3407 2113 3690 2183 διδομένου

2112 2209 2192 2272 είς
2237 2208 2384 2278 ἡμᾶς
2414 2208 2432 2278 (
2459 2226 2478 2258 ι
2510 2207 2719 2260 Λάϐετε
2767 2206 2877 2277 γὰρ
2913 2205 3136 2276 Πνεῦμα
3174 2205 3350 2274 ἅγιον,
3379 2225 3397 2256 ι
3442 2205 3629 2271 ἔλεγεν
3664 2209 3692 2259 6

2113 2299 2348 2371 Σωτὴρ),
2384 2301 2412 2353 6
2443 2298 2575 2362 Θεὸς
2594 2301 2651 2352 ὲν
2679 2300 2808 2369 ἡμῖν
2840 2301 2986 2351 ἐστιν
3011 2317 3023 2329 ·
3049 2297 3193 2352 οὕτω
3215 2297 3323 2369 γὰρ
3360 2298 3388 2348 6
3437 2298 3692 2366 Ἰωάννης

2113 2393 2383 2463 ἔγραψεν·
2441 2410 2459 2443 ι
2503 2391 2627 2445 Ἐὰν
2675 2391 2978 2462 ἀγαπῶμεν
3025 2391 3318 2461 ἀλλήλους,
3366 2392 3395 2443 6
3446 2390 3582 2454 Θεὸς
3633 2392 3692 2443 ὲν

2114 2488 2244 2556 ἡμῖν
2281 2485 2449 2557 μένει.
2489 2485 2576 2538 Ἐν
2606 2483 2781 2555 τούτῳ
2805 2484 3161 2555 γινώσκομεν,
3193 2486 3274 2538 ὅτι
3301 2485 3359 2537 ἐν
3389 2484 3540 2555 αὐτῷ
3589 2485 3690 2556 μέ⁴

2113 2595 2294 2648 νομεν,
2329 2578 2423 2630 καὶ
2457 2576 2617 2642 αὐτὸς
2642 2578 2700 2630 ἐν
2733 2579 2884 2648 ἡμῖν,
2918 2578 2998 2630 ὅτι
3032 2580 3096 2630 ὲκ
3122 2576 3217 2630 τοῦ
3251 2575 3567 2647 Πνεύματος
3595 2577 3692 2629 αὐ-

2111 2670 2204 2723 τοῦ
2232 2669 2430 2723 ἔδωκεν
2463 2672 2613 2740 ἡμῖν.
2642 2689 2660 2722 ι
2709 2667 2814 2722 Τοῦ
2855 2669 2912 2722 δὲ
2956 2669 3089 2722 Θεοῦ
3125 2671 3276 2732 ὄντος
3305 2672 3361 2722 ὲν
3386 2670 3542 2740 ἡμῖν,
3573 2669 3692 2723 ἐστι

2113 2763 2207 2814 καὶ
2231 2763 2258 2814 6
2282 2761 2411 2825 Υἱὸς
2435 2763 2492 2814 ὲν
2517 2763 2669 2832 ἡμῖν,
2691 2759 2939 2829 λέγοντος
2966 2760 3129 2813 αὐτοῦ
3160 2759 3251 2813 τοῦ
3276 2759 3406 2812 Υίοῦ
3427 2775 3439 2788 ·
3469 2780 3487 2810 ι
3512 2759 3696 2812 Ἐλευο

2116 2852 2322 2924 σόμεθα
2368 2853 2479 2922 ἐγὼ
2529 2855 2624 2907 καὶ
2671 2855 2700 2906 6
2749 2853 2978 2924 Πατὴρ,
3028 2853 3123 2906 καὶ
3174 2854 3340 2923 μονὴν
3376 2849 3505 2922 παρ’
3540 2851 3692 2921 αὐτῷ

2120 2949 2436 3018 ποιήσομεν.
2461 2964 2479 2998 ι
2512 2947 2746 2999 Ἔπειτα
2775 2944 2922 3015 ζωῆς
2958 2943 3126 3017 οὔσης
3153 2944 3246 2997 τοῦ
3268 2944 3419 3009 Υἰοῦ,
3460 2963 3478 2995 ι
3503 2943 3648 3012 Ἐγὼ
3668 2963 3686 2995 ι

2113 3038 2245 3110 γὰρ,
2284 3038 2468 3108 φησιν,
2513 3057 2531 3088 ι
2561 3037 2735 3108 είμὶή
2771 3036 2914 3108 ζωὴ,
2947 3056 2965 3089 ι
3012 3034 3394 3101 ζωοποιεῖσθαι
3427 3036 3698 3107 λεγόμεθα

430 3140 580 3192 mur,
628 3125 1091 3194 quemadmodum
1131 3123 1337 3181 Paulus
1375 3127 1452 3180 ait
1486 3144 1500 3181 :
1536 3145 1554 3177 ι
1585 3126 1689 3193 Qui
1729 3127 2010 3183 suscitavit

2118 3131 2175 3183 ὲν
2197 3129 2274 3200 τῷ
2301 3129 2575 3200 Πνεύματι
2597 3147 2609 3160 ·
2651 3149 2668 3181 ι
2703 3129 2759 3183 '0
2790 3150 2808 3182 ι
2849 3131 2956 3202 γὰρ
2995 3149 3012 3181 ι
3035 3131 3278 3201 ἐγείρας,
3304 3150 3321 3181 ι
3351 3131 3503 3200 φησὶ,
3537 3131 3697 3201 «Χριο

425 3214 618 3272 Iesum
645 3216 929 3272 Christum
965 3231 994 3272 a
1025 3218 1284 3284 mortuis,
1320 3219 1618 3274 vivilicabit
1663 3229 1717 3273 et
1759 3221 2011 3275 mortalia

426 3323 665 3380 corpora
694 3319 879 3365 vestra
926 3325 1023 3381 per
1057 3310 1453 3366 inhabitantem
1498 3311 1619 3382 ejus
1651 3311 1908 3380 Spiritum
1955 3311 2011 3366 in

421 3401 584 3456 vobis
607 3402 676 3457 ’°.
715 3421 735 3455 ›
769 3400 939 3458 Nobis
966 3417 1130 3474 porro
1161 3403 1216 3458 in
1261 3402 1466 3474 Spiritu
1496 3406 1665 3458 vitam
1697 3404 2011 3475 accipienti-

426 3493 555 3559 bus,
588 3493 704 3564 ipse
734 3493 988 3551 Christus
1020 3495 1073 3550 in
1105 3495 1266 3552 nobis
1294 3497 1474 3552 vivere
1501 3496 1723 3562 dicitur,
1757 3507 1815 3550 ut
1835 3514 1899 3551 ex
1927 3497 2010 3552 his

425 3583 612 3645 verbis
655 3598 845 3658 patet:
879 3607 898 3640 ι
932 3570 1152 3646 Christo
1190 3573 1440 3646 cdnﬁxus
1488 3607 1611 3646 sum
1664 3592 1837 3646 cruci.
1871 3589 2010 3645 Vivo

422 3687 635 3744 autem,
663 3680 775 3750 jam
800 3695 909 3735 non
939 3695 1070 3751 ego:
1094 3681 1230 3737 vivit
1256 3698 1388 3737 vero
1417 3684 1472 3737 in
1502 3699 1589 3738 me
1611 3682 1868 3738 Christus
1890 3683 1957 3736 η.
1985 3702 2003 3735 ι

427 3768 497 3826 Et
521 3787 736 3835 rursus,
764 3773 1226 3843 quemadmodum
1253 3771 1426 3828 Filius
1453 3789 1576 3844 quae
1615 3772 1851 3828 faciebat
1879 3790 2011 3843 ope-

425 3880 512 3932 ra,
541 3862 756 3919 Patrem
803 3879 964 3920 suum
997 3864 1176 3922 facere
1210 3867 1288 3922 ita
1333 3867 1675 3922 testabatur:
1708 3885 1726 3918 ι
1757 3867 1919 3921 Pater
1955 3867 2008 3921 in

424 3972 514 4012 me
537 3972 783 4020 manens,
813 3957 928 4028 ipse
958 3955 1089 4012 facit
1115 3972 1302 4028 opera.
1323 3955 1542 4012 Credite
1574 3958 1728 4024 mihi,
1757 3960 1886 4025 quia
1908 3973 2010 4029 ego

425 4049 482 4103 in
518 4047 680 4103 Patre
709 4057 764 4103 et
787 4045 948 4102 Pater
973 4049 1026 4102 in
1055 4064 1143 4103 me
1171 4058 1272 4104 est.
1308 4048 1566 4119 Alioquin
1597 4059 1815 4118 propter
1843 4064 2007 4118 opera

425 4137 542 4208 ipsa
572 4140 774 4194 credite
807 4139 940 4193 mihi
964 4140 1008 4171 “
1044 4162 1055 4196 :
1093 4158 1110 4191 ι
1148 4141 1228 4194 sic
1273 4155 1394 4209 qua:
1441 4140 1493 4193 in
1539 4139 1741 4194 virtute
1772 4139 2008 4210 Spiritus

424 4229 630 4286 Paulus
667 4230 954 4297 eﬂiciebat,
987 4231 1193 4287 Christi
1227 4247 1390 4300 opera
1421 4247 1543 4286 esse
1573 4229 1828 4286 docebat:
1861 4233 2006 4289 «Non

423 4322 572 4378 enim
608 4321 840 4388 audebo,
887 4342 905 4375 ›
942 4325 1139 4394 inquit,
1192 4343 1210 4375 ι
1245 4325 1450 4394 aliquid
1481 4324 1629 4395 loqui
1665 4340 1855 4381 eorum
1888 4342 2009 4396 quae

425 4428 522 4484 per
569 4428 656 4468 me
699 4429 807 4470 non
849 4414 1010 4472 ellicit
1043 4418 1291 4472 Christus
1349 4417 1403 4471 in
1455 4417 1823 4473 obedientiam
1870 4436 2004 4490 gen-

2117 3221 2240 3275 στὸν
2281 3220 2486 3294 Ἰησοῦν
2533 3223 2596 3273 ὲκ
2635 3219 2845 3291 νεκρῶν
2894 3218 3220 3290 ζωοποιήσει
3267 3219 3363 3274 καὶ
3408 3219 3477 3272 τὰ
3524 3218 3699 3290 θνητὰ

2114 3311 2340 3384 σώματα
2381 3311 2538 3384 ἡμῶν
2569 3311 2655 3365 διὰ
2684 3310 2778 3366 τοῦ
2817 3313 3150 3374 ἐνοικοῦντος
3175 3310 3336 3364 αὐτοῦ
3378 3310 3701 3380 Πνεύματος

2114 3408 2171 3460 ὲν
2199 3407 2344 3476 ὑμῖν.
2373 3423 2391 3456 t
2429 3404 2880 3476 Ζωοποιουμένων
2919 3404 2974 3458 δὲ
3009 3401 3166 3474 ἡμῶν
3189 3405 3246 3457 ὲν
3273 3403 3351 3474 τῷ
3389 3403 3697 3473 Πνεύματι,

2116 3493 2216 3566 ζῇν
2251 3495 2410 3558 αὐτὸς
2456 3497 2485 3547 6
2531 3495 2766 3567 Χριστὸς
2807 3496 2864 3548 ὲν
2909 3498 3038 3566 ἡμῖν
3084 3495 3320 3562 λέγεται,
3371 3513 3389 3544 ι
3416 3494 3643 3564 Χριστῷ
3673 3513 3690 3545 ι

2113 3590 2245 3658 γὰρ,
2269 3588 2426 3659 φησὶ,
2455 3607 2473 3639 ‹
2500 3587 2954 3658 συνεσταύρωμαι
2977 3587 3107 3656 (67).
3139 3587 3224 3640 Ζῶ
3250 3586 3306 3639 δὲ
3331 3587 3515 3640 οὐκέτι
3541 3586 3658 3654 ἐγώ
3681 3605 3694 3618 ·

2115 3679 2181 3750 ζῇ
2216 3680 2271 3732 δὲ
2318 3681 2376 3732 ὲν
2408 3679 2532 3750 ἐμοὶ
2558 3679 2812 3751 Χριστός.
2843 3697 2862 3730 ι
2910 3680 3022 3731 Kal.
3063 3678 3223 3731 πάλιν
3267 3675 3455 3748 ῶσπερ
3486 3677 3515 3727 6
3541 3675 3698 3743 Υἱὸς,

2115 3772 2259 3843 ἅπερ
2286 3772 2458 3824 ἐποίει
2504 3770 2659 3841 ἔργα,
2706 3770 2859 3838 ἔλεγε
2905 3769 2996 3823 τὸν
3049 3770 3267 3841 Πατέρα
3313 3766 3650 3840 ἐργάζεσθαι
3682 3788 3694 3800 ο

2122 3885 2140 3917 ι
2174 3867 2232 3918 '0
2266 3863 2451 3936 Πατὴρ
2479 3884 2496 3915 ι
2534 3863 2661 3935 γὰρ,
2713 3861 2875 3934 φησὶν
2900 3903 2914 3928 ,
2949 3883 2966 3914 ι
2988 3865 3015 3916 6
3048 3863 3222 3934 μένων
3253 3864 3311 3914 ὲν
3347 3862 3491 3932 ἐμοὶ,
3532 3862 3701 3924 αὐτὸς

2117 3959 2260 4010 ποιεῖ
2288 3956 2357 4010 τὰ
2386 3956 2542 4028 ἔργα.
2574 3955 2868 4009 Πιστεύετέ
2908 3972 3018 4024 μοι,
3043 3955 3124 4007 ὅτι
3153 3951 3263 4021 ἐγὼ
3298 3955 3354 4006 ὲν
3387 3952 3465 4022 τῷ
3495 3954 3696 4023 Πατρὶ,

2118 4052 2211 4104 καὶ
2242 4053 2270 4104 6
2303 4050 2490 4120 Πατὴρ
2519 4050 2576 4102 ἐν
2610 4047 2751 4118 ἐμοί.
2794 4048 2857 4100 El
2903 4047 2961 4100 δὲ
3013 4047 3122 4118 μὴ,
3165 4045 3252 4099 διὰ
3300 4046 3368 4098 τὰ
3410 4045 3548 4115 ἔργα
3596 4045 3701 4096 αὺ-

2116 4144 2184 4197 τὰ
2204 4142 2337 4222 ,(68)
2368 4141 2648 4196 πιστεύετέ
2697 4158 2807 4211 μοι.
2835 4159 2853 4192 ι
2908 4139 3094 4203 Οὕτως
3121 4178 3135 4201 ,
3182 4139 3325 4209 ἆπερ
3357 4139 3414 4189 ὲν
3465 4135 3699 4205 δυνάμει

2116 4235 2435 4308 Πνεύματος
2469 4233 2754 4305 εἰργάζετο
2776 4235 2804 4286 6
2837 4233 3083 4296 Παῦλος,
3129 4231 3280 4300 ἔλεγε
3317 4229 3410 4282 τοῦ
3453 4227 3699 4300 Χριστοῦ

2115 4323 2250 4382 εἶναι
2293 4327 2370 4404 τά,
2398 4327 2532 4399 ἔργα
2558 4341 2572 4356 ·
2611 4345 2630 4376 ι
2654 4325 2728 4378 Οὐ
2757 4325 2864 4395 γὰρ
2896 4325 3152 4396 τολμήσω
3179 4341 3228 4376 τι
3261 4321 3460 4384 λαλεῖν,
3509 4315 3586 4374 ὧν
3637 4322 3699 4377 οὐ

2114 4417 2513 4488 κατειργάσατο
2540 4416 2772 4487 Χριστὸς
2805 4415 2871 4468 δι’
2916 4413 3049 4484 ἐμοῦ
3095 4416 3173 4478 είς
3224 4413 3469 4484 ὑπακοὴν
3526 4413 3700 4466 ἐθνῶν

421 4507 587 4574 tium,
615 4508 784 4563 verbo
811 4517 865 4563 et
889 4525 1079 4579 opere,
1110 4511 1166 4565 in
1193 4511 1395 4566 virtute
1426 4515 1710 4580 signorum
1741 4522 1795 4568 et
1820 4489 2004 4583 prodi-

2118 4513 2170 4563 ὲν
2205 4510 2315 4580 (69)
2349 4489 2492 4580 λόηῳ
2525 4509 2618 4562 καὶ
2656 4507 2822 4580 ἔργῳ,
2856 4509 2912 4560 ὲν
2954 4507 3176 4577 δυνάμει
3207 4507 3446 4579 σημείων
3477 4508 3574 4559 καὶ
3607 4525 3701 4560 τε-

419 4596 662 4668 giorum,
695 4599 748 4652 in
774 4600 974 4655 virtute
1001 4598 1238 4670 Spiritus
1262 4600 1436 4654 sancti
1465 4601 1532 4655 ³³.
1569 4620 1586 4652 ι

492 4687 563 4741 20
627 4689 762 4743 Cum
809 4689 972 4759 igitur
1008 4706 1068 4745 ea
1109 4692 1180 4746 sit
1227 4691 1282 4745 in
1329 4701 1519 4746 sancta
1570 4689 1836 4747 Trinitate
1877 4707 2008 4747 con-

417 4780 632 4850 iunctio
663 4789 717 4836 ct
750 4783 928 4838 unitas
960 4802 973 4837 :
1016 4785 1141 4854 quis
1163 4784 1275 4854 jam
1307 4785 1389 4839 vel
1422 4782 1622 4840 Filium
1649 4801 1680 4839 a
1712 4783 1893 4852 Patre,
1925 4787 2008 4840 vel

498 4894 542 4925 ⁸ο
583 4893 756 4948 lCor.
792 4911 892 4960 xu,
925 4896 1011 4950 15.
1092 4898 1130 4928 “
1173 4895 1351 4950 lCor.
1377 4913 1431 4959 χ,
1463 4896 1517 4951 4.
1595 4897 1638 4930 ¹¹
1678 4895 1842 4951 Rom.
1870 4913 1988 4961 vtu,

507 4962 666 5018 Joan.
709 4981 797 5021 xx.
824 4966 914 5018 ‘22.
1020 4968 1059 4998 "
1101 4964 1301 5019 lJoau.
1345 4984 1415 5021 IV.
1464 4967 1551 5021 12.
1591 4968 1680 5021 15.
1787 4968 1828 4999 ¹⁸
1867 4966 2002 5020 Joan

2197 4898 2239 4928 1³

2119 4985 2173 5021 v.
2203 4967 2274 5021 9.5

423 4966 471 4998 ⁸⁸
507 4962 666 5018 Joan.
709 4981 797 5028 xx,
824 4966 914 5018 ‘22.
1020 4968 1059 4998 "
1101 4964 1301 5019 lJoau.
1345 4984 1415 5028 ιγ,
1464 4967 1551 5027 12.
1591 4968 1680 5022 15.

2038 4664 2046 4674 ,
2117 4603 2315 4674 ράτων,
2346 4603 2403 4654 ὲν
2435 4601 2661 4672 δυνάμει
2696 4599 3014 4669 Πνεύματος
3044 4598 3219 4667 ἁγίου.
3253 4618 3271 4650 ι

2183 4695 2272 4749 20.
2317 4694 2589 4764 Τοιαύτης
2630 4693 2686 4746 δὲ
2720 4693 3029 4762 συστοιχίας
3061 4693 3155 4744 καὶ
3188 4691 3438 4763 ἐνὸτητος
3484 4695 3586 4762 τῆς
3642 4694 3700 4744 ὲν

2113 4787 2180 4854 τῇ
2209 4785 2339 4854 ἁγία
2369 4783 2558 4854 Τριάδι
2595 4783 2706 4852 (70)
2737 4783 2924 4853 οὔσης,
2951 4782 3035 4845 τίς
3068 4779 3131 4834 ἂν
3163 4781 3328 4833 διέλοι
3363 4781 3396 4852 ἦ
3433 4782 3525 4833 τὸν
3567 4782 3700 4836 Υίὸν

2197 4898 2239 4928 ¹³
2277 4896 2436 4952 Joan.
2471 4914 2509 4958 1,
2549 4898 2633 4949 12.
2716 4897 2794 4950 ³⁸1
2826 4897 2950 4949 Cur.
2985 4913 3022 4956 ι,
3048 4896 3138 4950 24.

2401 4970 2441 4999 ¹⁹
2483 4969 2613 5022 ibid.
2650 4969 2703 5021 6.

3221 4897 3262 4927 ’³
3281 4895 3425 4951 Psal.
3458 4911 3621 4958 cur,
3646 4898 3695 4951 7.

2817 4969 2861 4998 ²⁰
2905 4966 3060 5021 Rom.
3091 4983 3205 5031 nn,
3249 4967 3334 5019 11.
3427 4967 3468 4996 ²¹
3511 4965 3694 5022 Galat.

428 5051 492 5102 ιι,
525 5034 615 5098 19,
646 5034 738 5089 20.
816 5038 859 5068 ²²
897 5035 1056 5091 Joan.
1085 5053 1194 5100 xw,
1231 5037 1320 5103 10,
1352 5039 1439 5092 19..
1519 5039 1564 5070 ”
1604 5037 1766 5093 Rom.
1805 5055 1896 5104 xv,
1932 5038 2020 5103 18,
2056 5039 2145 5095 19.

500 5149 636 5225 163)_
660 5149 750 5225 S_ic
784 5149 984 5225 Regius
1009 5151 1242 5221 primus,
1280 5153 1403 5223 Seg.
1434 5154 1790 5225 Anglicanus.
1821 5154 1928 5210 Alii
1957 5164 2012 5210 et

422 5219 580 5278 editi.
614 5219 880 5291 δηλονότι.

497 5291 609 5360 (64)
655 5291 977 5364 ξίομιιειξὶυδ
1004 5293 1234 5364 primus,
1263 5292 1386 5364 Seg.
1437 5294 1632 5349 Czrteri
1669 5303 1724 5348 et
1759 5295 1890 5350 editi
1918 5296 2006 5351 hic

422 5373 614 5482 ἒοσςιιι
647 5361 782 5415 Θεοῦ
816 5364 1044 5418 addunt.
1079 5362 1206 5418 Mox
1250 5361 1374 5433 Seg.
1421 5365 1624 5420 omittit
1652 5365 2005 5443 “vati.ng

473 5446 584 5482 εου.

473 5446 584 5484 εου.

498 5499 613 5576 ((ῗξ)
657 5501 749 5576 Sic
781 5500 913 5576 Reg.
952 5505 975 5558 1
1007 5514 1058 5558 et
1074 5505 1142 5576 72,
1175 5504 1299 5576 Seg.
1330 5504 1498 5559 Basil.
1530 5506 1816 5576 Anglican.
1837 5504 2002 5565 lEiliti

423 5572 597 5642 e1_alii
630 5573 724 5626 καί
757 5574 1042 5642 abjiciunt.
1073 5575 1211 5631 Ibid.
1247 5572 1327 5632 sic
1363 5577 1566 5632 habent
1592 5572 1747 5632 σθω.
1778 5587 1832 5633 et
1855 5576 1994 5632 Fclc.

423 5640 676 5718 primus,
695 5640 839 5718 οὕτω
864 5647 974 5718 γάρ
1001 5647 1324 5718 φησεΔαϐίδ
1343 5661 1355 5676 ⁸
1387 5647 1610 5718 Κύριος,
1627 5658 1753 5718 ᾼθιο.

497 5711 613 5783 (b6)
652 5713 717 5768 Δὲ
756 5715 842 5769 hic
878 5711 1085 5772 habent
1120 5716 1320 5790 Regius
1351 5711 1582 5788 priuius,
1619 5716 1745 5791 Seg.
1796 5717 1898 5773 Alii
1954 5728 2006 5776 et

2111 5155 2242 5209 editi
2271 5155 2552 5208 omittunt.
2584 5153 2754 5208 Paulo
2790 5163 2912 5222 post
2934 5152 3091 5206 Gobl.
3122 5161 3175 5206 et
3199 5148 3437 5206 Felckm.
3471 5151 3521 5215 1,
3552 5151 3698 5204 οὕτω

2111 5225 2228 5296 γὰρ
2244 5225 2621 5296 καιριωάννης
2649 5225 2895 5296 γρόιιρειχΔ
2923 5222 3048 5276 Ἐὰν
3083 5223 3190 5294 γὰρ
3223 5222 3550 5293 ἀγαπῶμεν,
3587 5234 3692 5275 etc.

2183 5293 2296 5364 (6'7)
2337 5294 2469 5364 Reg.
2503 5293 3024 5364 Ξίσυσταυροῦμαι.

2183 5360 2295 5434 (68)
2339 5360 2443 5420 Sic
2469 5365 2597 5433 Reg.
2630 5365 2665 5418 2
2687 5374 2737 5418 et
2772 5360 2993 5419 ereus
3023 5363 3556 5434 Scripturzeytegttus.
3592 5360 3696 5434 Re-

2106 5431 2227 5506 gius
2263 5437 2503 5506 primusL
2524 5431 2844 5504 S'eguerian.
2891 5447 2944 5489 et
2996 5431 3541 5506 edititafatoaalbid.
3568 5431 3694 5506 (Re,

2106 5503 2226 5576 gius
2255 5503 2624 5576 primusSegg
2643 5506 2804 5575 paulo
2835 5517 2978 5570 ante,
2999 5513 3123 5573 post
3152 5503 3309 5575 ἔργα,
3329 5503 3541 5558 addunt
3566 5503 3693 5556 item

2112 5578 2176 5632 αὐ
2186 5578 2274 5630 τοῦ
2287 5618 2298 5629 .

2185 5647 2297 5705 (691
2354 5648 2441 5699 Ἐν
2473 5648 2627 5700 abest
2654 5662 2680 5699 a
2717 5643 2886 5709 Regio
2922 5645 3119 5714 primo,
3150 5643 3509 5714 Segueriano.

2187 5718 2299 5788 (70)
2321 5717 2522 5787 Regius
2539 5717 2770 5787 primus,
2794 5709 2944 5787 Segf,
2964 5716 3164 5772 habent
3191 5709 3249 5768 ἐν
3277 5715 3339 5787 τῇ
3365 5713 3499 5786 ἁγίᾳ
3523 5709 3692 5782 Τριά-
