3822 6226
417 267 519 322 579

1035 267 1093 323 S.
1134 266 1516 328 ATHANASII
1547 262 1696 322 OPP.
1739 263 1921 323 PARS
1961 269 1998 322 1.
2037 295 2103 308 -ι
2137 266 2509 322 lllSTORICA
2547 265 2634 321 ET
2679 261 3096 320 DOGMATiCA.

3561 257 3678 310 580

416 385 658 440 ductam.
687 382 822 439 Nam
853 387 1310 457 quemadmodum
1344 387 1656 458 unigenitus
1677 397 1761 444 est
1782 387 1983 443 Filius:

2099 387 2185 440 τοῦ
2219 377 2349 440 Υίοῦ
2399 387 2670 456 διδόμενον
2705 387 2798 438 καὶ
2841 383 3236 454 πεμπόμενον,
3289 379 3384 433 καὶ
3431 377 3568 432 αὐτὸ
3615 378 3680 430 ἓν

418 477 498 531 sic
540 486 594 532 et
637 474 895 547 Spiritus,
923 479 1016 548 qui
1051 493 1082 534 a
1109 477 1249 534 Filio
1282 481 1444 535 datur
1477 489 1532 534 et
1571 480 1825 548 mittitur,
1854 497 1996 536 unus

417 570 546 623 item
577 580 682 632 est,
715 585 828 624 non
859 571 1039 637 multi,
1073 587 1248 642 neque
1273 589 1338 627 ex
1368 575 1561 629 multis
1589 589 1752 635 unus,
1786 572 1879 628 sed
1903 587 1995 627 so-

416 659 504 714 lus
528 661 644 729 ipse
678 659 913 729 Spiritus
940 671 1043 717 est.
1083 661 1222 729 Quia
1251 665 1396 719 enim
1431 679 1573 719 unus
1604 670 1686 718 est
1708 661 1880 719 Filius
1901 664 1996 734 qui

416 756 472 802 et
499 749 686 802 vivens
714 757 799 804 est
824 747 1064 805 Verbum
1093 771 1105 806 :
1136 767 1300 806 unam
1342 767 1562 823 quoque
1608 767 1728 808 esse
1770 767 1996 809 necesse

415 850 501 897 est
539 839 835 910 perfectam
864 851 917 897 ct
945 843 1184 913 plenam,
1216 845 1650 900 sanctificantem
1694 852 1749 899 et
1792 844 1996 898 illumi-

336 921 341 932 ’
414 940 658 998 nantem,
690 933 963 988 viventem
993 934 1112 1004 ejus
1158 935 1455 991 eilicaciam
1501 946 1555 992 et
1597 937 1801 992 donum
1849 937 1995 1007 quod

333 1061 341 1067 .
372 1061 379 1072 .
413 1033 483 1072 ex
517 1019 678 1075 Patre
727 1024 1022 1091 procedere
1071 1024 1291 1090 dicitur,
1321 1026 1471 1095 quia.
1497 1041 1564 1080 ex
1600 1026 1807 1090 Verbo,
1840 1028 1991 1096 quod

413 1124 483 1162 ex
507 1107 669 1165 Patre
691 1127 812 1167 esse
841 1114 1178 1183 conceditur,
1210 1114 1448 1186 effulget,
1474 1124 1527 1171 et
1552 1116 1620 1171 ab
1642 1117 1832 1171 eodem
1869 1118 1996 1172 mit-

411 1199 569 1267 titur,
611 1216 676 1256 ac
720 1201 900 1257 datur.
929 1203 1124 1258 Filium
1157 1207 1376 1275 quidem
1402 1223 1432 1261 a
1462 1206 1623 1263 Patre
1652 1209 1793 1262 mitti
1824 1209 1994 1263 veris-

415 1292 618 1346 simum
645 1301 750 1360 est,
782 1304 842 1348 ut
875 1294 989 1364 ipse
1015 1298 1099 1350 his
1129 1295 1322 1352 Verbis
1364 1307 1596 1354 testatur
1622 1317 1636 1354 :
1669 1317 1687 1350 ι
1719 1297 1808 1354 Sic
1849 1299 1992 1354 Deus

415 1381 609 1436 dilexit
643 1383 930 1445 mundum.
961 1397 1017 1439 ut
1048 1385 1247 1441 Filium
1291 1404 1452 1442 suum
1486 1389 1826 1460 unigenitum
1869 1393 1992 1446 mit-

417 1483 553 1530 teret
575 1476 639 1529 ".
675 1494 694 1527 ι
731 1477 822 1532 Sic
866 1479 1031 1532 etiam
1079 1477 1252 1535 Filius
1295 1479 1560 1550 Spiritum
1601 1483 1786 1537 mittit.
1819 1501 1838 1534 ‹
1875 1481 1931 1537 Si
1965 1502 1986 1536 ι

416 1567 584 1634 enim,
618 1569 816 1638 inquit,
855 1587 874 1621 ι
912 1585 1012 1640 ego
1039 1571 1246 1639 abiero,
1277 1574 1489 1628 mittam
1517 1572 1860 1630 Paraclctum
1883 1576 1982 1629 ³⁷.»

415 1654 590 1712 Filius
615 1660 866 1714 similiter
901 1661 1116 1717 Patrem
1148 1663 1410 1726 honorat,
1443 1674 1504 1718 ut
1534 1665 1651 1735 ipse
1677 1666 1752 1720 ait
1779 1683 1792 1718 :
1827 1685 1844 1718 ι
1873 1665 1988 1737 Ego

413 1757 467 1804 te
511 1751 804 1806 clariticavi
833 1753 896 1807 ³⁸.
933 1773 951 1805 ›
987 1753 1221 1824 Spiritus
1251 1757 1378 1810 item
1406 1756 1609 1812 Filium
1643 1760 1895 1821 honorat,
1931 1769 1993 1815 ut
2022 1745 2064 1800 Β

413 1841 555 1897 idem
584 1841 758 1898 Filius
798 1843 937 1899 dixit
964 1865 977 1900 :
1007 1865 1025 1897 ι
1060 1846 1150 1900 Ille
1182 1864 1269 1901 mc
1312 1848 1642 1904 clarificabit
1668 1851 1732 1903 ³³.
1771 1870 1789 1902 ι
1823 1850 1994 1906 Filius

354 1964 361 1972 -
412 1946 671 2002 praeterea
706 1936 834 1991 dicit
865 1956 876 1991 :
915 1955 933 1988 ι
969 1936 1101 2004 Qua:
1145 1939 1326 1992 audivi
1371 1957 1399 1994 a
1432 1939 1616 2005 Patre,
1649 1941 1764 1997 haec
1800 1942 1995 2013 loquor

412 2025 466 2078 in
504 2027 710 2080 mundo
731 2027 794 2081 '°.
832 2047 851 2080 ι
889 2027 1128 2098 Spiritus
1170 2042 1350 2085 autem
1379 2047 1442 2086 ex
1471 2031 1611 2088 Filio
1639 2048 1859 2104 quoque
1903 2049 1994 2089 ac-

410 2114 562 2186 cipit.
595 2137 614 2169 ι
643 2116 719 2172 De
747 2134 888 2182 meo,
927 2139 946 2172 ι
984 2120 1182 2189 inquit,
1219 2139 1238 2172 ι
1271 2123 1504 2192 accipiet
1543 2132 1598 2178 et
1644 2124 1994 2179 aununtiabit

411 2207 568 2262 vobis
591 2210 654 2263 ³⁸.
683 2229 700 2260 ι
730 2209 965 2277 Rursus,
993 2211 1162 2268 Filius
1185 2214 1240 2267 in
1269 2217 1490 2270 nomine
1511 2213 1691 2270 Patris
1714 2217 1880 2270 venit.
1913 2214 1991 2271 lta

409 2300 575 2354 etiam
616 2317 636 2352 ι
685 2299 925 2372 Spiritus
969 2311 1208 2371 sanctus,
1239 2323 1257 2356 ι
1297 2305 1483 2375 inquit
1521 2304 1712 2371 Filius,
1763 2325 1782 2358 ι
1825 2321 1988 2378 quem

413 2392 592 2448 mittet
615 2392 774 2448 Pater
806 2395 860 2448 in
895 2397 1116 2451 nomine
1147 2412 1269 2451 meo
1293 2396 1360 2451 ⁸⁸.
1395 2417 1412 2449 ι

479 2486 571 2541 21.
598 2484 736 2540 Cum
766 2487 928 2557 ig’itnr
957 2489 1206 2542 eumdem
1236 2489 1481 2543 ordinem
1513 2489 1870 2560 eamdemque
1894 2507 1990 2545 na-

411 2582 592 2632 turam
633 2578 831 2632 habeat
874 2578 1109 2648 Spiritus
1155 2595 1283 2650 erga
1322 2579 1540 2646 Filium,
1573 2581 1786 2650 qualem
1819 2581 1990 2638 Filius

410 2683 539 2736 erga
576 2664 812 2732 Patrem,
851 2683 980 2736 qua,
1012 2682 1218 2736 quaeso.
1261 2669 1471 2722 ratione
1509 2668 1556 2722 is
1598 2668 1692 2738 qui
1727 2668 1989 2738 Spiritum

381 2737 659 2810 ‘sanctum
692 2770 805 2809 rem
833 2765 1072 2810 creatam
1105 2771 1226 2810 esse
1248 2737 1685 2823 contendit,non
1717 2737 1858 2812 idem
1891 2773 1990 2812 ne-

411 2845 653 2899 cessario
687 2844 754 2899 de
777 2843 918 2898 Filio
963 2845 1202 2899 sentiet?
1229 2843 1363 2899 Nam
1403 2847 1448 2900 si
1480 2845 1603 2902 Filii
1633 2845 1871 2917 Spiritus
1901 2863 1988 2903 res

331 2938 339 2946 '
412 2944 498 2990 est
521 2944 723 3002 creata,
756 2951 1098 3005 consequens
1129 2948 1213 2993 est
1236 2948 1296 2994 ut
1323 2951 1376 2994 et
1404 2937 1642 2994 Verbum
1667 2939 1841 2996 Patris
1873 2957 1987 2996 rem

411 3034 652 3080 creatam
678 3041 800 3083 esse
842 3027 1133 3083 fateantur.
1163 3027 1288 3084 Haec
1327 3045 1524 3100 nempe
1561 3031 1765 3099 opinati
1797 3031 1986 3084 Ariani

410 3119 466 3174 in
499 3117 719 3188 Caiphae
741 3117 1084 3174 Judaismum
1112 3120 1318 3190 delapsi
1347 3131 1492 3177 sunt.
1527 3119 1585 3175 Si
1618 3137 1781 3190 porro
1806 3122 1862 3176 hi
1891 3123 1986 3192 qui

409 3209 477 3264 de
510 3209 716 3279 Spiritu
749 3211 864 3265 hac
890 3211 1090 3266 audent
1119 3212 1318 3279 dicere,
1340 3212 1456 3267 Arii
1487 3215 1813 3270 sententiam
1847 3217 1986 3271 tueri

411 3302 604 3367 nolint,
634 3302 753 3371 ejus
793 3314 922 3372 ergo
956 3304 1121 3359 verba
1167 3320 1384 3376 quoque
1419 3304 1660 3375 fugiant,
1687 3323 1789 3362 nec
1832 3308 1985 3379 impii

409 3395 520 3449 sint
550 3395 604 3449 in
627 3395 889 3464 Spiritum
925 3405 1201 3451 sanctum.
1223 3396 1356 3451 Nam
1383 3405 1444 3451 ut
1469 3395 1666 3463 Filius,
1687 3398 1779 3468 qui
1801 3400 1858 3452 in
1881 3399 1986 3455 Pa-

411 3495 494 3541 tre
515 3496 618 3552 est,
650 3488 706 3541 in
739 3502 850 3558 quo
885 3489 1050 3542 etiam
1079 3497 1163 3543 est
1193 3487 1373 3554 Pater,
1409 3504 1518 3543 non
1552 3497 1637 3544 est
1661 3504 1748 3545 res
1777 3500 1982 3556 creata,

410 3581 507 3634 sed
535 3578 714 3637 Patris
738 3581 1058 3637 substantiae
1091 3583 1346 3652 proprius
1374 3593 1479 3648 est,
1513 3585 1659 3655 quod
1685 3593 1738 3640 et
1765 3600 1862 3641 vos
1895 3601 1986 3642 as-

411 3675 672 3731 severatis
701 3688 716 3730 :
748 3676 821 3729 ita
843 3684 897 3730 et
921 3675 1181 3746 Spiritum
1209 3685 1480 3744 sanctum,
1513 3679 1606 3750 qui
1629 3681 1682 3734 in
1708 3678 1848 3734 Filio
1877 3689 1981 3746 est,

411 3774 464 3822 et
499 3767 552 3820 in
576 3782 682 3836 quo
713 3765 886 3822 Filius
916 3777 1019 3834 est,
1051 3769 1192 3823 inter
1219 3785 1308 3825 res
1335 3779 1546 3827 creatas
1569 3773 1856 3839 collocare,
1890 3782 1985 3827 aut

411 3868 444 3907 a
477 3851 658 3909 Verbo
684 3855 944 3919 dividere,
969 3866 1130 3926 atque
1162 3857 1236 3912 ita
1264 3858 1637 3928 imperfectam
1661 3861 1982 3920 Trinitatem

409 3943 637 4000 reddere
670 3945 823 4001 nefas
853 3947 1079 4002 omnino
1107 3947 1289 4002 fuerit.
1321 3949 1428 4005 Sed
1461 3953 1596 4007 satis
1623 3954 1693 4008 sit
1722 3953 1985 4012 hactenus

411 4031 768 4102 Tropicorum
801 4037 1134 4105 impietatem
1174 4053 1242 4092 ex
1279 4038 1587 4109 ignorantia
1624 4051 1802 4098 ortam
1828 4059 1985 4100 coar-

409 4122 612 4192 guisse,
638 4140 748 4194 quo
777 4125 1025 4182 videlicet
1047 4128 1323 4197 prophetae
1347 4139 1401 4184 et
1427 4130 1669 4202 Apostoli
1691 4136 1855 4191 verba
1885 4153 1982 4192 ex-

411 4215 760 4283 plicaremus,
778 4231 1010 4286 quorum
1028 4218 1104 4271 illi
1120 4233 1340 4273 sensum
1359 4221 1751 4290 adulterantes,
1774 4231 1983 4296 seipsos

2097 481 2212 532 ἐστι
2247 478 2358 550 (78)
2395 481 2488 531 καὶ
2534 479 2595 530 οὐ
2649 476 2841 542 πολλὰ,
2895 474 3016 528 οὐδὲ
3065 476 3129 526 ὲκ
3179 470 3390 525 πολλῶν
3421 468 3501 534 ἓν,
3533 468 3682 521 ἀλλά

2099 573 2258 642 μόνον
2279 572 2410 625 αὐτὸ
2437 571 2679 642 Πνεῦμα.
2734 570 2882 632 Ἑνὺς
2912 572 3021 640 γάρ
3051 567 3202 628 ὄντος
3241 565 3334 617 τοῦ
3365 562 3496 617 Υίοῦ
3533 558 3678 632 (79),

2092 668 2186 721 τοῦ
2215 669 2415 732 ζῶντος
2446 667 2640 734 Λόγου,
2676 665 2802 736 μίαν
2831 659 2966 715 εἶναι
3007 661 3086 713 δεῖ
3124 657 3333 712 τελείαν
3359 657 3454 710 καὶ
3485 654 3678 725 πλήρη

2094 758 2191 829 τὴν
2213 758 2538 827 ἀγιαστικὴν
2568 757 2661 809 καὶ
2692 753 3022 824 φωτιστικὴν
3058 750 3238 816 ζῶσαν
3267 749 3546 819 ἐνέργειαν
3577 745 3681 797 αὑ-

2092 851 2185 904 τοῦ
2219 850 2311 903 καὶ
2344 849 2551 920 δωρεάν
2576 890 2590 913 ,
2625 848 2756 917 ἥτις
2778 847 2842 899 ἐκ
2869 843 3082 915 Πατρὺς
3113 842 3330 909 λέγεται
3372 837 3676 908 ἐκπορεύε-

2100 941 2244 1007 σθαι,
2273 939 2455 1010 ἐπειδὴ
2486 937 2638 1009 παρά
2663 937 2758 990 τοῦ
2791 936 2964 1004 Λόγου
2992 934 3084 987 τοῦ
3121 935 3186 985 ὲκ
3221 931 3433 1001 Πατρὺς
3478 929 3676 998 ὁμολο-

2091 1034 2354 1103 γουμένου
2384 1031 2672 1100 ἐκλάμπει,
2707 1029 2801 1081 καὶ
2830 1025 3216 1081 ἀποστέλλεται
3245 1067 3260 1088 ,
3314 1021 3411 1076 καὶ
3443 1020 3672 1073 δίδοται.

2105 1121 2321 1190 Ἀμέλει
2354 1123 2382 1173 6
2410 1121 2508 1191 μὲν
2541 1120 2670 1182 Υἱὸς
2705 1117 2856 1189 παρὰ
2878 1117 2970 1169 τοῦ
3005 1115 3216 1186 Πατρὺς
3243 1111 3636 1166 ἀποστέλλεται
3658 1127 3674 1142 ·

2098 1231 2116 1264 ι
2144 1212 2297 1266 Οῦτω
2323 1231 2340 1263 ι
2370 1213 2500 1283 γὰρ,
2538 1212 2721 1282 φησὶν,
2765 1229 2782 1260 ι
2811 1212 2840 1263 6
2870 1209 3003 1272 Θεὸς
3028 1208 3284 1278 ἠγάπησε
3311 1204 3405 1257 τὸν
3439 1205 3676 1274 κόσμον,

2091 1302 2231 1356 ὥστε
2259 1301 2349 1354 τὸν
2379 1301 2506 1355 Υἱὺν
2540 1298 2703 1352 αὐτοῦ
2729 1298 2817 1350 τὸν
2852 1296 3113 1367 μονογενῆ
3143 1290 3461 1347 ἀπέστειλεν
3487 1288 3631 1359 (80).
3651 1308 3670 1339 ι

2103 1394 2162 1448 Ὀ
2196 1394 2251 1447 δὲ
2279 1392 2404 1455 Υἱὸς
2435 1392 2496 1444 τὸ
2515 1391 2740 1460 Πνεῦμα
2765 1387 3100 1442 ἀποστέλλει·
3141 1403 3162 1436 ι
3191 1384 3315 1437 Ἐὰν
3336 1403 3354 1435 ι
3390 1383 3532 1454 γάρ,
3563 1399 3676 1451 φη-

2099 1487 2204 1549 σιν,
2247 1503 2266 1536 ι
2289 1483 2399 1552 ὲγὼ
2420 1481 2654 1544 ἀπέλθω,
2685 1478 2966 1534 ἀποστελῶ
2989 1477 3081 1531 τὸν
3109 1475 3484 1548 Παράκλητον.
3516 1494 3534 1524 ι
3558 1475 3676 1527 Καὶ

2089 1578 2119 1630 6
2147 1577 2243 1647 μὲν
2272 1575 2400 1638 Υἱὸς
2424 1573 2520 1626 τὸν
2544 1570 2763 1642 Πατέρα
2788 1568 3018 1634 δοξάζει,
3043 1567 3220 1634 λέγων
3237 1583 3250 1597 ·
3288 1585 3304 1615 ι
3330 1565 3534 1636 Πάτερ,
3557 1563 3676 1632 ἐγώ

2093 1686 2150 1722 σε
2181 1667 2402 1731 ἐδόξασα
2425 1685 2470 1717 ἰ
2501 1666 2563 1719 τὸ
2591 1665 2646 1718 δὲ
2681 1662 2906 1732 Πνεῦμα
2928 1661 3141 1725 δοξάζει
3161 1659 3254 1712 τὸν
3280 1657 3427 1710 Υἰόν·
3452 1676 3472 1707 ι
3496 1657 3676 1710 Ἐκεῖ-

2094 1775 2183 1822 νος
2214 1776 2232 1810 ι
2273 1757 2415 1828 γὰρ,
2465 1756 2647 1826 φησὶν,
2699 1772 2717 1805 ‹
2741 1753 2840 1823 ἐμὲ
2867 1751 3100 1815 δοξάσει.
3132 1767 3150 1800 ι
3199 1749 3310 1801 Καὶ
3350 1750 3380 1800 6
3415 1747 3514 1816 μὲν
3542 1746 3678 1807 Υἱός

2096 1864 2290 1918 φησιν·
2351 1865 2369 1900 ι
2401 1847 2468 1898 Ἃ
2505 1848 2714 1915 ἥκουσα
2752 1841 2904 1913 παρὰ
2942 1840 3035 1893 τοῦ
3069 1839 3302 1909 Πατρὸς,
3350 1836 3525 1910 ταῦτα
3574 1838 3676 1888 καὶ

2093 1937 2236 1991 λαλῶ
2268 1939 2347 2000 είς
2379 1937 2467 1989 τὸν
2497 1936 2736 2005 κόσμονο
2761 1953 2780 1984 ι
2830 1932 2893 1984 τὸ
2938 1932 2995 1984 δὲ
3036 1928 3260 2000 Πνεῦμα
3297 1928 3363 1982 ἐκ
3403 1925 3499 1980 τοῦ
3535 1925 3672 1979 Υίοῦ

2093 2026 2373 2096 λαμϐάνει·
2413 2045 2429 2075 ‹
2475 2025 2569 2077 Ἐκ
2611 2021 2704 2076 τοῦ
2734 2021 2869 2092 ἐμοῦ
2896 2040 2914 2072 ι
2947 2019 3058 2091 γὰρ
3111 2036 3130 2070 ι
3153 2018 3380 2088 λήψεται
3419 2017 3533 2088 (81)
3577 2017 3672 2070 καὶ

2093 2115 2384 2185 ἀναγγελεῖ
2413 2115 2562 2184 ὑμῖν,
2588 2132 2605 2163 ι
2645 2112 2799 2181 φησί.
2832 2111 2941 2164 Καὶ
2969 2113 2997 2164 6
3039 2109 3137 2180 μὲν
3175 2108 3302 2171 Υἱὸς
3343 2111 3401 2162 ὲν
3443 2106 3522 2178 τῷ
3558 2106 3672 2161 ὀνό-

2095 2223 2223 2276 ματι
2248 2205 2342 2259 τοῦ
2378 2204 2588 2276 Πατρὸς
2631 2199 2795 2274 ἦλθεο
2837 2220 2857 2253 ‹
2891 2201 2964 2254 Τὸ
2996 2201 3054 2253 δὲ
3093 2199 3313 2270 Πνεῦμα
3340 2199 3402 2253 τὸ
3433 2199 3612 2268 ἅγιον,
3642 2219 3660 2250 ›

2091 2300 2256 2370 φησιν
2277 2301 2304 2352 6
2327 2297 2453 2360 Υἱὸς
2479 2295 2613 2366 (82),
2653 2315 2671 2344 ι
2691 2295 2719 2348 ὃ
2749 2292 2950 2364 πέμψει
2979 2295 3009 2346 6
3030 2292 3223 2363 Πατὴρ
3244 2293 3302 2345 ὲν
3337 2290 3414 2362 τῷ
3434 2291 3663 2361 ὀνόματί

2095 2410 2218 2463 μου.
2253 2412 2268 2442 ι

2159 2505 2246 2558 21.
2271 2503 2535 2574 Τοιαύτην
2559 2501 2615 2554 δὲ
2646 2500 2797 2566 τάξιν
2819 2501 2914 2553 καὶ
2939 2499 3098 2570 φύσιν
3130 2498 3344 2569 ἔχοντος
3366 2497 3467 2550 τοῦ·
3493 2496 3665 2550 Πνεῦ-

2093 2613 2259 2667 ματος
2290 2595 2425 2666 πρὸς
2447 2594 2536 2646 τὸν
2569 2592 2700 2645 Υίὸν
2731 2590 2867 2662 (85),
2901 2591 3019 2644 οἷαν
3047 2593 3075 2642 6
3098 2590 3226 2652 Υἱὸς
3252 2589 3362 2660 ἔχει
3391 2588 3529 2659 πρὸς
3573 2588 3665 2640 τὸν

2091 2689 2327 2759 Πατέρα,
2356 2688 2471 2748 πῶς
2499 2686 2526 2737 6
2547 2683 2706 2737 τοῦτο
2749 2685 2952 2754 κτίσμα
2983 2683 3155 2752 λέγων
3191 2683 3257 2735 οὐ
3299 2681 3358 2734 τὸ
3391 2680 3534 2734 αὐτὸν
3567 2680 3665 2732 καὶ

2090 2779 2216 2849 περὶ
2241 2777 2335 2831 τοῦ
2362 2776 2490 2830 Υίοῦ
2519 2775 2577 2842 ἐξ
2602 2776 2845 2845 ἀνάγκης
2887 2777 3175 2846 φρονήσεις
3211 2775 3274 2826 El
3330 2769 3440 2842 γάρ
3465 2772 3581 2823 ὲστι
3606 2771 3667 2822 τδ

2088 2870 2310 2942 Πνεῦμα
2332 2868 2424 2922 τοῦ
2459 2869 2588 2922 Υἱοῦ
2645 2869 2869 2937 κτίσμα,
2900 2866 3185 2921 ἀκόλουθον
3213 2864 3276 2918 ἂν
3319 2864 3404 2934 ειη
3435 2863 3544 2935 (84)
3575 2862 3663 2914 λέ-

2088 2975 2204 3030 γειν
2235 2963 2432 3035 αὐτοὺς
2457 2961 2551 3014 καὶ
2577 2959 2668 3012 τὸν
2697 2961 2868 3028 Λόγον
2895 2957 2989 3012 τοῦ
3014 2957 3228 3027 Πατρὸς
3269 2951 3408 3009 εἶναι
3434 2955 3662 3023 κτίσμα.

2090 3053 2324 3106 Τοιαῦτα
2355 3052 2462 3122 γάρ
2485 3054 2531 3104 οἱ
2569 3052 2833 3123 Ἀρειανο“ι
2865 3048 3280 3120 φαντασθέντες,
3308 3050 3388 3110 είς
3412 3048 3502 3099 τὸν
3525 3047 3666 3100 κατά

2093 3142 2346 3210 Καϊάφαν
2391 3140 2718 3211 Ἰουδαϊσμὸν
2751 3140 3121 3192 πεπτώκασιν.
3167 3137 3307 3190 Είδὲ
3337 3137 3408 3190 τά
3454 3136 3662 3206 Ἀρείου

2094 3233 2170 3305 μὴ
2194 3232 2605 3304 προσποιοῦνται
2633 3234 2851 3302 φρονεῖν
2877 3230 2985 3300 (85)
3012 3231 3059 3282 οἱ
3087 3230 3215 3299 περὶ
3238 3226 3328 3280 τοῦ
3350 3226 3664 3296 Πνεῦματος

2092 3325 2314 3379 τοιαῦτα
2379 3325 2647 3394 λέγοντες,
2700 3323 3046 3394 φευγέτωσαν
3073 3323 3168 3375 καὶ
3219 3319 3525 3373 τάνὲκείνου
3572 3321 3666 3391 ῥή-

2093 3435 2257 3488 ματα,
2289 3418 2383 3470 καὶ
2413 3417 2487 3488 μὴ
2535 3417 2897 3469 ἀσεϐείτωσαν
2926 3417 3004 3478 είς
3049 3414 3111 3466 τὸ
3173 3412 3417 3482 Πνεῦμα.
3452 3411 3664 3481 ’Ὥσπερ

2089 3510 2198 3582 γὰρ
2224 3512 2252 3563 6
2278 3510 2423 3572 Υἱὸς,
2457 3513 2486 3562 6
2523 3508 2632 3578 (86)
2656 3510 2712 3561 ὲν
2756 3507 2833 3578 τῷ
2883 3508 3059 3576 Πατρὶ
3097 3506 3192 3569 ὢν,
3224 3507 3280 3557 ὲν
3372 3503 3466 3556 καὶ
3499 3504 3529 3554 6
3555 3503 3666 3554 Πα-

2088 3600 2190 3670 τήρ
2223 3601 2390 3661 ἐστιν,
2421 3598 2521 3650 οὐκ
2546 3598 2661 3649 ἔστι
2692 3597 2916 3666 κτίσμα,
2964 3595 3078 3647 ἀλλ’
3116 3594 3243 3656 ἴδιος
3272 3592 3374 3662 τῆς
3399 3592 3494 3644 τοῦ
3550 3593 3664 3645 Πα-

2087 3690 2213 3759 τρὸς
2224 3688 2411 3751 οὐσίας
2433 3687 2608 3759 (τοῦτο
2627 3687 2736 3759 γὰρ
2756 3688 2894 3757 διαηὺ
2904 3689 3021 3757 μείς
3039 3683 3419 3756 προσποιεῖσθε
3435 3684 3656 3754 λέγειν)⁸

2085 3779 2256 3843 οὕτως
2280 3781 2375 3832 καὶ
2404 3780 2465 3831 τὸ
2492 3779 2714 3849 Πνεῦμα
2743 3779 2802 3830 τὸ
2829 3780 2884 3831 ὲν
2914 3777 2993 3848 τῷ
3027 3776 3158 3846 Υἰῷ,
3190 3777 3246 3827 ὲν
3273 3767 3317 3842 ᾧ
3346 3775 3440 3827 καὶ
3466 3776 3496 3826 6
3529 3775 3658 3837 Υἱός

2085 3875 2252 3935 ἐστιν,
2302 3873 2364 3926 οὐ
2417 3871 2576 3942 θέμις
2625 3874 2737 3934 τοῖς
2800 3870 3060 3940 κτίσμασι
3127 3868 3479 3928 συντάσσειν,
3535 3868 3656 3919 οὐδὲ

2081 3964 2308 4035 διαιρεῖν
2335 3963 2466 4016 αὐτὸ
2491 3963 2596 4015 ἀπὸ
2617 3961 2710 4014 τοῦ
2745 3946 2937 4028 Ᾰόγου,
2965 3960 3059 4013 κα.)¹
3115 3957 3279 4027 ἀτελῆ
3321 3956 3420 4028 τὴν
3451 3957 3495 4008 Τ
3502 3957 3656 4028 ριάὸα

2082 4056 2531 4117 κατασκευάζειν.
2565 4054 2684 4106 Τῶν
2709 4053 2806 4124 μὲν
2836 4048 2928 4106 οὖν
2961 4051 3139 4123 ῥητῶν
3162 4051 3254 4104 τοῦ
3284 4067 3344 4102 τε
3390 4066 3659 4120 προφητι-

2082 4147 2178 4200 κοῦ
2218 4147 2309 4200 καὶ
2365 4145 2457 4198 τοῦ
2520 4142 2874 4197 ἀποστολικοῦ
2932 4145 3113 4213 χάριν,
3168 4136 3242 4195 ὧν
3266 4141 3364 4212 τὴν
3416 4142 3655 4194 διάνοιαν

2083 4231 2532 4303 παραποιοῦντες,
2562 4232 2848 4300 ἠπάτησαν
2887 4233 3130 4293 ἑαυτοὺς,
3155 4231 3314 4300 ἀρκεῖ
3343 4230 3430 4282 διὰ
3454 4230 3657 4282 τούτων

412 4305 469 4358 in
498 4319 740 4362 errorem
762 4307 1110 4363 induxerunt.
1143 4307 1264 4364 Jam
1297 4325 1428 4366 vero
1465 4314 1694 4368 seorsim
1727 4317 1983 4387 inspicia-

2099 4320 2352 4389 διελέγξαι
2387 4320 2482 4396 τὴν
2516 4323 2575 4372 ἐκ
2606 4323 2702 4390 τῆς
2750 4319 2986 4390 ἀμαθίας
3009 4317 3117 4370 τῶν
3150 4315 3422 4387 τροπικῶν
3448 4315 3657 4386 Succu-

481 4489 526 4520 ²⁶
557 4489 960 4570 _Joan.__nt,16.
1035 4495 1078 4526 ³⁷
1117 4491 1281 4570 Joan.
1309 4511 1417 4561 xvi,
1455 4496 1505 4552 7.
1584 4500 1629 4532 ³⁸
1665 4497 1821 4556 Joan.
1860 4519 1989 4570 xvn,
2021 4505 2073 4560 4.

383 4574 520 4625 .xvr,
550 4563 637 4615 M.
715 4561 758 4593 ³³
797 4561 954 4616 Joan.
986 4579 1098 4630 xw,
1125 4564 1214 4618 26.

479 4673 867 4760 (78)‘.V_erhum
913 4676 1029 4760 ἐστι
1080 4677 1416 4760 restituinius
1464 4679 1745 4760 ex‘PLPgio
1771 4681 1974 4760 primo,

408 4743 881 4826 Seg._.l_bid._iidem
904 4756 958 4826 et
985 4745 1117 4826 Rgg.
1145 4747 1201 4812 ε,
1226 4748 1415 4816 Basil.,
1441 4749 1572 4804 αὐτὸ
1599 4743 1843 4821 Πνεῦμα.
1870 4750 1975 4805 Alii
2080 4753 2126 4805 Π

403 4826 459 4871 ct
483 4815 632 4886 editi,
665 4815 797 4886 αῦτὸ
819 4815 1153 4886 τὸγίΠνεῦμα.

476 4885 590 4960 (79_)_
615 4885 738 4960 _Toﬁ
770 4884 921 4960 Υἱοῦ,
946 4884 1106 4960 deest
1125 4885 1380 4960 in‘Regio
1419 4889 1612 4960 primo,-
1656 4889 1780 4960 Seg.
1809 4890 1976 4944 Paulo

405 4954 528 5028 poSt
557 4956 718 5028 iidem
769 4967 854 5028 et_
873 4954 1037 5028 Basil.
1067 4956 1224 5028 Gobl.
1259 4954 1315 5011 et
1343 4954 1582 5028 Felekm.
1637 4954 1847 5028 primus
1878 4961 1977 5012 ha-

404 5024 553 5099 bent,
585 5024 779 5099 (madv.
815 5024 1032 5099 Editict
1061 5027 1172 5099 alii,
1207 5027 1378 5099 ζωὴν,
1394 5025 1577 5083 οὖσαν.
1604 5024 1671 5082 Γε
1694 5033 1821 5084 item
1846 5046 1972 5099 par-

405 5097 556 5151 ticul.
585 5104 710 5165 post
749 5095 872 5164 ἦτις
921 5095 989 5150 ab
1032 5097 1154 5151 aliis
1181 5106 1235 5150 et
1257 5095 1415 5153 editis
1442 5099 1644 5165 addita,
1676 5101 1744 5154 ab
1776 5095 1968 5154 iisdem

403 5170 579 5222 abest.

476 5235 588 5305 (80)
631 5235 723 5291 Sic
770 5235 983 5306 Regius,
1008 5237 1246 5306 primus,
1279 5236 1502 5303 Seguer.
1537 5238 1701 5295 Basil.
1728 5238 1884 5295 Gobl.
1917 5250 1970 5296 et

404 5305 642 5360 Felr‘km.
680 5305 906 5374 primus.
947 5305 1088 5360 Edili
1121 5317 1174 5362 et
1207 5308 1322 5370 alii,
1355 5308 1576 5363 ἔδωκεν.

2184 4506 2227 4537 ²⁹
2264 4504 2422 4559 Joan‘.
2462 4521 2576 4572 xw,-
2609 4505 2692 4558 Η.
2800 4503 2844 4534 ³⁰
2883 4501 3040 4556 Joan.
3069 4516 3186 4566 Vlll,
3220 4499 3312 4554 ‘26.
3413 4497 3454 4527 ³¹
3495 4495 3654 4553 Ιοιη.

2159 4682 2268 4761 (ξό)
2310 4680 2510 4752 Regius
2537 4680 2829 4743 secundus,
2866 4678 3098 4752 Πατρός,
3142 4687 3197 4734 et
3248 4694 3376 4733 mox
3412 4679 3553 4749 πρὸς
3598 4681 3658 4732 τὸ

2141 4769 2184 4803 νε

2163 4771 2325 4804 ευμα.

2156 4817 2267 4891 (84)
2309 4821 2513 4888 Regius
2563 4823 2787 4891 primus,
2824 4817 2947 4888 Seg.
3003 4818 3162 4874 Basil.
3204 4817 3541 4891 Anglicanus
3569 4821 3654 4891 εἴη

2078 4893 2280 4947 habent
2313 4893 2446 4962 {alii
2478 4901 2532 4945 et
2565 4891 2696 4945 editi
2721 4891 2999 4962 omittunt.
3121 4958 3148 4962 _
3195 4947 3206 4962 ε

2153 4962 2264 5031 (85)
2305 4961 2395 5015 Sic
2428 4962 2624 5030 Regius
2661 4961 2888 5031 primus,
2936 4959 3084 5031 Saga
3110 4958 3270 5014 Gobl.
3302 4969 3356 5014 et
3404 4961 3651 5017 Felckm.

2079 5027 2309 5101 primus,
2347 5034 2439 5099 qui
2475 5027 2841 5101 talnetrGolil.
2867 5041 2920 5084 et
2947 5027 3184 5082 Fclckm.
3214 5031 3425 5098 primus
3454 5039 3656 5101 φωνεῖν

2080 5100 2175 5169 pro
2209 5106 2426 5173 φρονεῖν
2464 5103 2695 5173 ha_bent._
2718 5100 2821 5152 Alii
2866 5115 2994 5152 vero
3041 5108 3095 5173 et
3139 5101 3266 5154 editi
3295 5100 3608 5173 sicqlia’hent
3639 5123 3652 5156 :

2078 5174 2140 5224 Ui
2180 5170 2275 5244 μὲν
2296 5171 2606 5244 ’τάξ-ΑρείουΔ
2644 5171 2741 5244 μὲν
2783 5170 3236 5244 προσποιούμενοι
3283 5170 3651 5244 μὴ4φρονείν,

2079 5239 2202 5312 περὶ
2235 5243 2289 5294 δὲ
2315 5242 2408 5313 τοῦ
2443 5239 2652 5311 [Ia-:96;
2679 5240 2747 5292 τὰ
2769 5239 2907 5313 αὖτά
2935 5239 3202 5313 λέγοντες,
3229 5239 3574 5313 _elc.'_Re'gius
3595 5242 3651 5304 2,

2077 5310 2440 5384 pl'tthna‘tpé;
2474 5310 2609 5365 bene
2636 5310 3178 5384 1ιοι›οι,-Πνεόματος.
3214 5310 3500 5384 Anglican.
3524 5314 3651 5384 item

475 5376 588 5452 (81)
627 5375 1242 5452 Regius_pt'imu_s_,_Seg.
1275 5381 1533 5452 omittunt
1581 5379 1783 5452 6x306
1833 5380 1967 5452 ἐμοῦ

2099 5395 2124 5435 τι
2163 5375 2363 5452 Regius
2389 5375 2442 5447 9.,
2474 5398 2570 5450 pro
2596 5382 2665 5434 τὰ
2695 5381 2853 5444 αὐτά,
2891 5375 3086 5452 habent
3111 5375 3354 5435 τοιαῦτα.
3383 5381 3523 5436 Ibid.
3547 5382 3654 5435 lie-

399 5445 654 5534 λήιξιεται,
684 5448 779 5517 qui
824 5447 988 5502 iidem
1035 5445 1590 5520 ἰῠὶιίθιίι,Ἀναγγελεῖ
1621 5449 1750 5522 γάρ,
1781 5445 1965 5522 φησιν,

629 5586 718 5643 Sic
740 5587 969 5674 ,Βεελίυῇ
971 5587 1203 5674 primus,
1232 5587 1669 5674 seguer.ul_3.asil.
1713 5591 1880 5674 'Gohl.
1917 5602 1970 5648 et

404 5658 641 5715 Felckm.
671 5658 902 5729 primus.
928 5658 1124 5716 Ceteri
1155 5669 1210 5715 et
1244 5660 1374 5716 editi
1403 5663 1434 5716 6
1464 5663 1588 5728 Υἱός
1615 5666 1892 5720 omittunt.

2075 5453 2195 5522 gius
2224 5455 2460 5522 primus,
2487 5453 2634 5522 ch.,
2669 5463 2721 5504 et
2754 5451 2910 5516 infra,
2944 5451 3186 5522 ρημάτα.

2153 5524 2264 5592 (8ϋ)
2307 5522 2399 5578 Sic
2446 5520 2647 5591 Regius
2682 5524 2909 5590 primus,
2946 5520 3072 5592 ch.
3119 5520 3176 5576 lu
3224 5522 3345 5577 aliis
3378 5531 3569 5593 autem
3601 5532 3658 5578 at

2076 5595 2234 5650 editis
2266 5595 2481 5649 articul.
2518 5594 2547 5645 6
2583 5594 2753 5649 deest.
