3822 6226
363 249 472 306 585

946 247 1005 301 S.
1063 243 1437 298 ATIIANASII
1480 238 1628 295 OPP.
1673 235 1854 292 PARS
1894 231 1935 290 Ι.
1977 265 2045 274 —-
2084 231 2458 287 HISTORILIA
2494 229 2585 284 ET
2628 229 3045 286 DOGMATICA.

3512 227 3627 285 884

362 373 416 425 in
465 369 669 440 Spiritu
725 367 818 422 Dei
877 367 1048 421 nostri
1075 368 1140 419 ³⁷.
1171 386 1188 417 i
1231 364 1355 418 Ilaec
1405 377 1626 432 quoque
1657 360 1727 414 ad
1759 357 1934 414 Titum

2047 354 2270 425 γράφων
2294 353 2497 420 ἔλεγεν·
2536 370 2554 402 ι
2596 353 2723 404 Ὅτε
2749 351 2808 404 δὲ
2833 352 2872 421 .I‘j
2898 347 3202 420 χρηστότης
3244 347 3336 399 καὶ
3371 346 3403 415 ἡ
3434 344 3630 414 φιλαν-

361 463 585 518 scribit:
619 479 639 512 ι
671 459 809 514 Cum
853 468 1032 512 autem
1082 457 1389 527 benignitas
1419 463 1474 509 et
1502 453 1814 508 humanitas
1845 466 1942 519 ap-

363 555 543 624 paruit
572 553 872 608 Salvatoris
899 552 1068 606 nostri
1105 550 1223 616 Dei,
1247 565 1356 603 non
1385 565 1454 602 ex
1486 549 1744 617 operibus
1778 547 1942 614 justi-

360 649 466 710 tiae,
503 661 625 713 qua:
676 643 906 698 fecimus
949 658 1068 703 nos,
1099 641 1194 696 sed
1219 639 1518 694 secundum
1545 653 1699 693 suam
1729 637 1942 690 iniseri-

359 738 600 800 cordiam
625 737 804 790 salvos
831 751 930 788 nos
951 732 1077 787 fecit
1099 748 1194 802 per
1215 733 1491 787 lavacrum
1516 731 1941 798 regenerationis

357 837 412 882 et
442 827 813 883 renovationis
849 825 1087 895 Spiritus
1115 823 1313 888 sancti,
1346 838 1506 892 quem
1545 821 1735 876 eﬁ‘udit
1762 823 1814 874 in
1839 836 1941 875 nos

358 919 573 972 abunde
613 932 712 987 per
758 913 944 970 Jesum
991 914 1269 968 Christum
1299 913 1635 967 Salvatorem
1667 921 1938 975 nostrum,

359 1019 419 1064 ut
445 1008 727 1079 iustificati
756 1006 926 1077 gratia
960 1005 1156 1074 ipsius,
1185 1004 1421 1058 limi-cdes
1441 1004 1615 1084 simus
1641 1003 1938 1058 secundum

358 1117 511 1173 spem
534 1102 662 1155 vitae
685 1110 900 1154 eterna:
928 1097 995 1151 ³⁸.
1027 1117 1046 1148 ι
1080 1095 1151 1150 At
1177 1096 1324 1164 quod
1351 1111 1436 1149 res
1466 1105 1676 1150 creatas
1709 1104 1938 1162 spectat,

358 1195 488 1266 ipsae
538 1201 740 1249 sancta:
785 1190 1092 1246 eiiiciuntur
1117 1198 1170 1242 et
1203 1197 1536 1242 renovantur
1563 1205 1576 1240 :
1609 1203 1629 1236 ι
1661 1185 1886 1238 Emittes
1915 1204 1933 1235 ι

356 1289 501 1341 enim
531 1305 550 1337 ι
593 1285 851 1356 Spiritum
882 1292 1034 1336 tuum
1074 1291 1130 1335 et
1172 1287 1522 1342 creabuntur,
1561 1289 1616 1334 et
1654 1281 1940 1335 renovabis

359 1379 549 1433 faciem
581 1386 738 1431 terra:
758 1375 823 1428 ⁸⁹.
861 1395 878 1425 i
904 1374 967 1427 Et
993 1374 1193 1428 Paulus
1221 1385 1234 1426 :
1270 1392 1288 1423 ι
1313 1371 1652 1441 impossibile
1685 1383 1766 1426 est
1793 1375 1938 1425 enim

359 1487 454 1526 eos
471 1472 562 1541 qui
596 1471 765 1526 semel
797 1479 925 1523 sunt
949 1467 1258 1530 illuminati.
1285 1475 1639 1535 gustaverunt
1661 1466 1824 1518 etiam
1842 1465 1940 1517 do-

359 1578 488 1614 num
520 1562 741 1616 eaaleste
783 1571 836 1614 et
879 1560 1170 1630 participes
1209 1557 1336 1612 facti
1384 1566 1512 1612 sunt
1548 1556 1784 1626 Spiritus
1813 1572 1941 1611 san-

359 1653 433 1704 cti
461 1651 529 1704 δ’.
569 1670 586 1701 ι

426 1741 517 1795 25.
539 1742 724 1811 Itaque
749 1741 840 1810 qui
867 1754 978 1794 non
1005 1739 1076 1794 ab
1097 1739 1209 1794 alio
1229 1747 1455 1795 sanctus
1481 1738 1730 1802 eﬂicitur,
1759 1753 1938 1808 neque

356 1833 732 1888 sanctimonia:
773 1831 1161 1902 tit'particeps,
1211 1832 1304 1886 sed
1345 1831 1460 1900 ipse
1489 1831 1624 1885 alios
1649 1831 1937 1900 participes

357 1923 558 1990 reddit,
594 1925 647 1976 in
682 1938 791 1991 quo
833 1931 887 1976 et
929 1937 1016 1976 res
1043 1922 1310 1976 universa:
1345 1930 1560 1984 creatae,
1603 1931 1804 1976 sancta:
1827 1922 1940 1977 elli-

353 2017 604 2079 ciuntur;
639 2015 754 2084 qui,
780 2015 1026 2082 inquam,
1051 2013 1168 2067 Iieri
1211 2021 1386 2081 potest
1408 2020 1470 2066 ut
1507 2012 1555 2067 is
1586 2013 1766 2066 locum
1796 2013 1938 2066 inter

352 2123 443 2162 res
465 2121 658 2161 omnes
690 2105 907 2169 habeat,
958 2105 1043 2159 vel
1077 2103 1331 2174 proprius
1372 2102 1588 2157 illorum
1623 2103 1824 2173 sit'qui
1857 2104 1939 2172 ip-

355 2199 474 2254 sius
498 2197 633 2251 ﬁunt
666 2195 997 2266 participes?
1024 2195 1158 2250 Nam
1201 2195 1293 2265 qui
1325 2195 1440 2250 bac
1463 2195 1537 2249 ita
1567 2210 1937 2266 essepugna-s

351 2289 552 2350 verint,
579 2303 674 2342 eos
713 2287 875 2341 etiam
912 2287 1208 2340 concedere
1256 2299 1478 2340 necesse
1513 2285 1583 2339 sit
1613 2265 1809 2337 Filium
1841 2298 1936 2354 per

351 2395 518 2451 quem
567 2395 657 2433 res
698 2393 892 2432 omnes
940 2376 1096 2431 facta:
1132 2383 1278 2439 sunt,
1313 2391 1478 2428 unam
1507 2385 1685 2430 tamen
1720 2375 1936 2428 illarum

356 2486 502 2525 esse.
536 2468 773 2540 Spiritus
817 2470 945 2522 item
977 2467 1221 2521 viviﬁcus
1262 2466 1499 2520 dicitur:
1535 2483 1554 2515 ι
1581 2464 1684 2530 Qui
1705 2465 1937 2519 suscita-

353 2562 455 2624 vit,
481 2579 500 2612 ι
531 2561 757 2629 ἰιιῳιὶι,‹
781 2560 1058 2613 Christum
1083 2574 1114 2612 a
1144 2558 1397 2623 mortuis,
1415 2555 1707 2611 viviticabit
1720 2566 1774 2610 et
1789 2572 1937 2610 mor-

357 2654 488 2707 talia
527 2667 756 2720 corpora
785 2661 965 2704 vestra
996 2665 1092 2719 per
1113 2649 1505 2703 inbabitantem
1529 2650 1646 2718 ejus
1675 2647 1935 2718 Spiritum

355 2733 412 2800 in
466 2745 620 2798 vobis
641 2745 708 2796 δι.
749 2762 768 2794 ι
810 2743 875 2796 Et
911 2742 1176 2796 Dominus
1214 2741 1432 2810 quidem
1463 2742 1578 2810 ipsa
1619 2751 1704 2797 est
1745 2743 1853 2797 vita
1880 2753 1936 2798 et

361 2858 380 2890 ‹
423 2848 613 2892 auctor
640 2838 783 2901 vitae,
813 2855 830 2886 ι
878 2845 936 2889 ιιι
969 2835 1040 2889 ait
1069 2833 1260 2889 Petrus
1279 2835 1342 2888 δ’.
1367 2833 1512 2888 Idem
1540 2846 1719 2889 tamen
1746 2835 1934 2889 Domi-

357 2945 462 2984 nus
492 2929 604 2982 ait:
635 2946 653 2977 ι
685 2927 841 2996 Aqua
888 2941 1051 2994 quam
1083 2941 1184 2994 ego
1215 2924 1357 2978 dabo
1386 2926 1458 2991 ei,
1492 2925 1581 2978 Iiet
1613 2926 1666 2978 in
1689 2941 1754 2980 eo
1812 2925 1934 2982 fons

2045 448 2259 520 θρωπία
2287 448 2528 518 ἐπεφάνη
2552 446 2643 499 τοῦ
2674 447 2920 516 Σωτῆρος
2943 444 3098 514 ἡμῶν
3139 440 3295 504 Θεοῦ,
3325 442 3426 494 οὑκ
3452 440 3510 507 ἐξ
3536 439 3632 508 έρ-

2043 558 2154 608 γιυν
2184 539 2292 593 τῶν
2323 543 2382 592 ὲν
2417 537 2731 610 δικαιοσύνῃ
2787 531 2861 592 ὧν
2915 536 3024 607 (95)
3059 538 3394 604 ἐποιήσαμεν
3439 535 3628 603 ἡμεῖς.

2042 630 2177 685 ἀλλὰ
2203 632 2345 684 κατὰ
2372 631 2432 684 τὸ
2462 629 2626 686 αῦτοῦ
2657 629 2803 692 ἕλεος
2835 628 3037 680 ἔσωσεν
3067 627 3212 697 ἡμᾶς
3263 625 3351 677 διὰ
3395 622 3628 694 λουτροῦ

2045 724 2461 793 παλιγγενεσίας
2491 725 2586 779 καὶ
2633 720 3053 783 ἀνακαινώσεως
3099 718 3414 792 Πνειύματος
3445 716 3628 783 ἁγίου,

2042 813 2102 872 οῦ
2127 819 2335 890 ἐξέχεεν
2368 819 2452 886 ἐφ’
2487 819 2632 887 ἡμᾶς
2659 815 2926 878 πλουσίως
2952 813 3041 867 διὰ
3069 811 3244 884 Ἰησοῦ
3264 811 3498 883 Χριστοῦ
3527 809 3628 862 τοῦ

2043 911 2290 982 Σωτῆρος
2311 910 2489 980 ἡμῶν,
2520 910 2628 969 ἵνα,
2663 906 3044 969 δικαιωθέντες
3079 908 3143 976 τῇ
3183 904 3392 957 ἐκείνου
3415 903 3626 974 χάριτι,

2043 1002 2363 1072 κληρονόμοι
2379 1000 2487 1069 (96)
2507 1002 2624 1053 κατ’
2639 998 2825 1052 ἐλπίδα
2849 995 3165 1066 γενηθῶμεν
3185 995 3326 1065 ζωῆς
3341 993 3585 1050 αἰωνίου.
3600 1011 3620 1044 ι

2042 1092 2124 1144 Τὰ
2146 1093 2202 1145 δὲ
2240 1092 2511 1160 κτίσματα
2536 1089 2870 1161 ἁγιαζόμενά
2890 1091 2994 1142 εἰσι
3017 1090 3110 1141 καὶ
3141 1083 3625 1157 ἀνακαινιξόμενα.

2047 1203 2064 1234 ι
2108 1183 2512 1249 Ἐξαποστελείς
2542 1203 2560 1235 ι
2585 1182 2693 1252 γὰρ
2748 1202 2764 1232 ι
2800 1182 2860 1234 τὸ
2883 1180 3107 1250 Πνεῦμά
3135 1198 3251 1244 σου,
3281 1181 3375 1233 καὶ
3404 1179 3630 1249 κτισθή-

2045 1295 2247 1340 σονται,
2300 1279 2394 1331 καὶ
2446 1278 2779 1338 ὰνακαινιεῐς
2823 1273 2883 1327 τὸ
2944 1273 3233 1345 πρόσωπον
3285 1273 3386 1343 τῆς
3436 1271 3563 1340 γῆς.
3601 1291 3622 1323 ο

2042 1371 2149 1422 Καὶ
2178 1372 2206 1422 ὁ
2239 1369 2450 1432 Παῦλος
2469 1369 2527 1421 δέ
2563 1383 2746 1438 φησιν’
2806 1386 2822 1417 ι
2860 1365 3141 1419 Ἀδύνατον
3175 1365 3280 1436 γὰρ
3314 1364 3440 1426 τοὺς
3473 1361 3630 1427 ἅπαξ

2043 1461 2445 1528 φωτισθέντας,
2511 1459 2880 1529 γευσαμένους
2943 1475 3002 1509 τε
3076 1457 3177 1526 τῆς
3241 1456 3451 1526 δωρεᾶς
3519 1454 3628 1524 τῆς

2040 1552 2393 1621 ἐπουρανίου,
2449 1555 2544 1606 καὶ
2595 1553 2852 1622 μετόχους
2917 1548 3242 1617 γεντμθέντας
3303 1546 3628 1616 Πνεύματος

2041 1647 2219 1714 ἁγίου.
2248 1665 2265 1696 i

2110 1739 2198 1792 25.
2232 1738 2306 1790 Τὸ
2328 1737 2505 1790 τοίνυν
2537 1737 2610 1807 μὴ
2659 1735 3017 1804 ἁγιαζόμενον
3063 1733 3191 1803 παρ’
3219 1732 3426 1803 ἑτέρου,
3485 1730 3630 1803 μηδδ

2043 1829 2265 1900 μετέχον
2295 1829 2405 1898 (97)
2439 1829 2732 1896 ἁγιασμοῦ,
2759 1827 2873 1882 ἀλλ’
2906 1826 3037 1879 αὐτὸ
3069 1824 3327 1896 μεθεκτὸν
3353 1822 3433 1884 ὃν,
3483 1825 3538 1874 ὲν
3579 1815 3628 1889 ᾧ

2040 1928 2133 1976 καὶ
2159 1921 2225 1974 τὰ
2256 1922 2530 1990 κτίσματα
2559 1919 2735 1973 πάντα
2793 1917 3100 1987 ἁγιάζεται,
3139 1917 3257 1978 πῶς
3317 1915 3382 1968 ἂν
3445 1916 3532 1985 εῐη
3564 1914 3630 1966 ἓν

2037 2015 2144 2067 τῶν
2171 2015 2407 2075 πάντων,
2445 2013 2575 2065 ἴδιον
2607 2013 2716 2065 τῶν
2767 2011 3100 2082 μετεχόντων
3137 2008 3333 2069 αὐτοῦς
3379 2008 3626 2076 Ἀνάγκη

2037 2107 2145 2177 γὰρ
2169 2109 2280 2168 τοῖς
2311 2105 2468 2158 τοῦτο
2501 2105 2749 2174 λέγουσιν
2796 2104 2968 2156 εἰπεῖν
3029 2100 3122 2154 καὶ
3154 2101 3244 2152 τὸν
3275 2099 3422 2159 Υἱὸν,
3457 2099 3525 2151 δι’
3561 2092 3629 2152 οὗ

2035 2197 2104 2249 τὰ
2139 2197 2314 2248 πάντα
2342 2196 2584 2264 γέγονεν,
2641 2195 2737 2247 ἕνα
2769 2193 2878 2246 τῶν
2927 2193 3142 2245 πάντων
3198 2186 3354 2243 εἶναι.
3395 2189 3627 2258 Πνεῦμα

2038 2285 2296 2350 ζωοποιὸν
2331 2286 2441 2358 (98)
2468 2287 2706 2353 λέγεται·
2771 2303 2789 2335 ι
2839 2286 2898 2336 Ὀ
2931 2283 3148 2352 ἐγείρας
3183 2301 3202 2333 ι
3241 2282 3370 2352 γὰρ,
3431 2281 3623 2349 φησιν,

2041 2396 2062 2427 ι
2110 2377 2314 2448 Ἰησοῦν
2373 2377 2607 2447 Χριστὸν
2654 2379 2716 2428 ἐκ
2773 2376 2980 2444 νεκρῶν
3037 2374 3360 2444 ζωοποιήσει
3407 2374 3504 2426 καὶ
3554 2372 3628 2424 τὰ

2037 2469 2205 2538 θνητὰ
2236 2467 2386 2539 ὑμῶν
2415 2468 2640 2537 σώματα
2661 2468 2748 2523 διὰ
2780 2468 2873 2521 τοῦ
2905 2467 3234 2529 ἐνοικοῦντος
3263 2465 3426 2518 αὑτοῦ
3447 2464 3626 2516 Πνεύά

2040 2579 2206 2633 ματος
2239 2564 2295 2614 ὲν
2322 2560 2467 2631 ὑμῖν.
2507 2581 2523 2609 ο
2563 2561 2671 2613 Καὶ
2699 2563 2726 2614 ὁ
2758 2560 2855 2631 μὲν
2883 2558 3086 2630 Κύριός
3113 2560 3259 2610 ἐστιν
3285 2559 3316 2627 ὴ
3345 2556 3624 2626 αὑτοζωὴ,

2037 2654 2132 2706 καὶ
2165 2673 2183 2704 ι
2213 2654 2452 2724 ἀρχηγὸς
2473 2653 2571 2722 τῆς
2605 2653 2804 2722 ζωῆς.»
2858 2651 2933 2714 ὼς
2960 2647 3110 2703 εἶπεν
3148 2651 3176 2701 ὁ
3209 2649 3431 2718 Πέτρος
3465 2647 3623 2714 ἔλεγε

2034 2748 2092 2802 δὲ
2131 2749 2292 2811 αὐτὸς
2321 2748 2433 2818 (99)
2469 2749 2496 2799 ὁ
2519 2747 2739 2818 Κύριος
2802 2764 2820 2795 ι
2852 2744 2924 2797 Τὸ
2954 2744 3118 2815 ὕδωρ,
3148 2744 3176 2796 ὃ
3203 2745 3312 2810 ἐγὼ
3338 2741 3496 2795 δώσω
3523 2743 3626 2794 αῦ-

2035 2839 2133 2909 τῷ,
2171 2841 2457 2910 γενήσεται
2487 2841 2543 2891 ὲν
2589 2837 2740 2908 αὖτῴ
2795 2838 2946 2908 πηγὴ
2977 2836 3164 2899 ὓδατος
3210 2833 3508 2903 ἁλλομένου
3540 2834 3626 2895 εἰς

2036 2932 2179 3003 ζωὴν
2215 2932 2450 2985 αἰώνιον.
2492 2931 2662 2984 Τοῦτο
2686 2931 2742 2982 δὲ
2768 2930 2919 2998 ἔλεγε
2954 2929 3080 3000 περὶ
3134 2927 3229 2980 τοῦ
3274 2925 3622 2994 Πνεύματος,

356 3036 514 3090 aqua:
538 3020 782 3074 salientis
808 3020 862 3072 in
889 3019 1054 3072 vitam
1077 3025 1334 3071 aeternam
1355 3016 1424 3070 “.
1450 3014 1565 3071 Hoc
1592 3025 1770 3071 autem
1799 3018 1933 3071 dixit

2047 3021 2094 3080 »ὖ
2131 3025 2356 3096 ἔμελλον
2383 3025 2680 3094 λαμϐάνειν
2721 3025 2772 3076 oi
2797 3021 3142 3082 πιστεύοντες
3172 3021 3250 3084 εἰς
3285 3019 3502 3072 αὐτόν.»
3537 3017 3626 3070 Τὰ

355 3113 423 3168 de
440 3112 646 3182 Spiritu
668 3126 828 3180 quem
853 3109 1127 3178 accepturi
1152 3117 1306 3162 erant
1325 3108 1601 3162 credentes
1619 3109 1670 3162 in
1688 3124 1810 3163 eum
1829 3111 1892 3164 ιδ.
1907 3129 1927 3163 i

355 3203 464 3260 Res
495 3214 677 3260 autem
704 3213 918 3267 creatae,
955 3203 1033 3257 uti
1063 3201 1267 3256 dictum
1295 3210 1402 3266 est,
1431 3202 1594 3255 vitam
1629 3217 1726 3272 per
1754 3203 1931 3271 ipsum

353 3297 648 3365 accipiunt.
681 3294 785 3362 Qui
827 3293 986 3364 537
1032 3293 1198 3363 igitur
1236 3291 1362 3346 vita:
1393 3309 1503 3347 non
1549 3293 1609 3348 Iit
1641 3296 1931 3364 particeps,

353 3389 447 3443 sed
478 3388 594 3458 ipse
629 3387 765 3442 alios
798 3386 1090 3456 participes
1122 3383 1276 3447 facit,
1310 3392 1365 3438 et
1393 3384 1560 3438 vitam
1595 3385 1756 3440 rebus
1783 3401 1936 3441 crea-

355 3478 426 3533 tis
456 3478 713 3546 impertit,
759 3477 1001 3547 qualem,
1033 3491 1242 3544 qumso,
1280 3475 1660 3544 cognationem
1696 3492 1818 3532 cum
1849 3493 1937 3532 re-

353 3572 457 3624 bus
504 3567 662 3623 Iactis
711 3568 913 3622 habere
947 3568 1171 3637 potest?
1212 3567 1320 3622 Aut
1343 3582 1452 3637 qua
1477 3568 1692 3623 tandem
1726 3569 1936 3623 ratione

351 3659 495 3714 Inter
517 3675 606 3713 res
635 3667 846 3714 creatas
879 3661 1184 3715 censendus
1215 3661 1305 3725 sit,
1333 3675 1455 3715 cum
1489 3660 1619 3729 ipsa:
1651 3659 1706 3714 in
1739 3659 1832 3716 illo
1860 3661 1938 3714 vi-

354 3759 464 3804 tam
498 3766 529 3804 a
557 3748 734 3804 Verbo
767 3751 1079 3821 accipiant?
1111 3749 1310 3807 Unctio
1345 3767 1564 3822 quoque
1589 3751 1827 3822 Spiritus
1853 3753 1937 3806 dic

351 3841 609 3904 citur,-et
641 3850 724 3896 est
767 3841 897 3896 item
949 3842 1218 3912 sigillum;
1261 3843 1405 3897 unde
1437 3841 1676 3897 Joannes
1710 3843 1933 3898 scribit:

356 3948 378 3984 ι
419 3931 482 3986 Et
531 3947 630 3987 vos
680 3934 992 3987 unctionem
1031 3949 1196 4003 quam
1227 3933 1520 4003 accepistis
1564 3935 1633 3988 ab
1659 3948 1726 3988 eo
1753 3941 1938 3987 manet

352 4022 408 4078 in
435 4023 611 4078 vobis.
650 4021 716 4078 Et
745 4038 853 4078 non
896 4039 1120 4078 necesse
1151 4025 1384 4092 habetis,
1417 4033 1478 4079 ut
1511 4025 1711 4095 aliquis
1743 4025 1938 4082 docerit

352 4129 492 4169 vos:
522 4115 616 4170 sed
660 4115 804 4169 sicut
851 4116 1037 4170 unctio
1067 4117 1211 4186 ejus,
1238 4136 1257 4169 ›
1291 4133 1485 4188 nempe
1523 4118 1643 4186 ejus
1677 4117 1934 4187 Spiritus,

359 4224 380 4259 ι
411 4205 568 4260 docet
591 4223 688 4261 vos
721 4206 789 4261 de
813 4209 1154 4262 omnibus".
1184 4228 1201 4259 ι
1225 4207 1288 4264 Et
1310 4211 1450 4280 apud
1473 4208 1664 4262 Isaiam
1700 4209 1935 4279 prophe-

352 4305 466 4351 tam
518 4299 756 4368 legitur:
796 4317 814 4348 ι
845 4299 1084 4368 Spiritus
1135 4298 1352 4354 Domini
1407 4316 1570 4370 super
1621 4316 1727 4362 me,
1772 4301 1934 4370 cujus

352 4402 521 4443 causa
553 4389 706 4442 unxit
740 4404 826 4444 me
843 4390 909 4444 “.
936 4409 955 4441 ι
991 4389 1194 4445 Paulus
1233 4391 1395 4448 etiam
1421 4393 1496 4444 ait
1524 4410 1536 4445 :
1587 4410 1605 4441 ι
1643 4390 1699 4445 1η
1743 4406 1852 4462 quo
1881 4405 1938 4449 et

420 4525 466 4558 ⁸⁷
504 4525 521 4578 l
554 4523 680 4579 Cor.
716 4542 790 4589 vr,
819 4526 907 4580 II.
981 4525 1024 4558 ³⁸
1065 4525 1171 4581 Tit.
1206 4543 1287 4589 ιιι,
1323 4526 1376 4581 4.

1454 4528 1496 4560 ³’
1535 4526 1677 4583 Psal.
1715 4544 1832 4596 cm,
1867 4530 1957 4585 30.

350 4597 399 4630 ⁴³
433 4594 592 4651 Joan.
625 4611 698 4662 Iv,
736 4597 822 4650 14.
898 4595 944 4627 ⁸⁸
981 4595 1140 4652 Joan.
1172 4613 1266 4664 vn,
1297 4597 1383 4652 59.
1459 4598 1506 4630 ⁸⁸
1543 4597 1745 4653 lJoan.
1780 4594 1840 4666 ιι,
1870 4602 1958 4655 27.

2038 3119 2094 3171 δὲ
2118 3119 2411 3188 κτίσματα,
2444 3117 2518 3180 ὡς
2547 3116 2622 3185 (1)
2657 3115 2889 3185 εἴρηται,
2935 3112 3348 3181 ζωοποιούμενά
3405 3113 3522 3164 ἐστι
3549 3110 3621 3163 δι’

2033 3210 2218 3264 αὑτοῦ.
2249 3211 2322 3262 Τὸ
2372 3209 2428 3261 δὲ
2470 3209 2542 3278 μὴ
2578 3208 2804 3278 μετέχον
2849 3205 3015 3274 ζωῆς,
3071 3205 3186 3258 ἀλλ’
3216 3203 3347 3258 αὐτὸ
3393 3204 3624 3274 μετεχό-

2038 3318 2194 3372 μενον
2228 3301 2319 3354 καὶ
2355 3298 2650 3362 ζωοποιοῦν
2700 3297 2770 3349 τὰ
2803 3295 3096 3365 κτίσματα,
3127 3295 3285 3347 ποίαν
3319 3292 3430 3364 ἔχει
3484 3310 3623 3359 συγ-

2034 3393 2248 3462 γένειαν
2291 3391 2427 3462 πρὸς
2457 3391 2525 3442 τὰ
2557 3387 2790 3457 γενητά;
2830 3388 2900 3439 Ἦ
2939 3385 3054 3448 πῶς
3101 3384 3236 3448 ὅλως
3259 3383 3324 3436 ἂν
3366 3383 3452 3452 εἴη
3506 3383 3623 3436 τῶν

2034 3482 2366 3553 κτισμάτων,
2383 3481 2484 3534 ἆπε
2493 3497 2524 3551 ρ
2537 3480 2596 3531 ὲν
2611 3478 2801 3547 ἐκείνῳ
2817 3475 2966 3547 παρὰ
2993 3474 3088 3528 τοῦ
3123 3475 3297 3541 Λόγου
3333 3471 3621 3536 ζωοποιεῖ-

2032 3594 2156 3643 ται;
2195 3575 2418 3646 Χρίσμα
2451 3573 2667 3641 λέγεται
2701 3571 2760 3624 τὸ
2798 3569 3042 3640 Πνεῦμα,
3081 3569 3174 3620 καὶ
3203 3567 3320 3620 ἐστι
3351 3565 3620 3636 σφραγίς.

2049 3671 2107 3726 '0
2139 3670 2237 3742 μὲν
2259 3669 2366 3740 γὰρ
2411 3660 2664 3736 Ἰωάννης
2681 3664 2915 3734 γράφεις
2959 3681 2976 3712 ι
2999 3662 3106 3715 Καὶ
3131 3661 3287 3731 ὑμεῖς
3319 3659 3379 3712 τὸ
3405 3658 3622 3728 χρίσμα

2035 3763 2063 3817 δ
2083 3762 2301 3818 ἐλάϐετε
2337 3760 2464 3829 παρ’
2492 3757 2678 3819 αὐτοῦ,
2721 3755 2869 3827 μένει
2903 3756 2960 3808 ὲν
3015 3754 3162 3824 ὑμῖν.
3187 3752 3298 3808 Καὶ
3325 3752 3387 3804 οὐ
3421 3752 3622 3823 χρείαν

2035 3856 2207 3926 ἔχετε,
2267 3853 2354 3906 ἵνα
2391 3867 2474 3914 τις
2531 3849 2753 3920 διδάσκῃ
2813 3849 2976 3918 ὑμᾶς’
3039 3845 3154 3898 ἁλλ’
3201 3843 3276 3907 ὡς
3325 3836 3386 3896 τὸ
3443 3842 3620 3896 αὑτοῦ

2035 3946 2293 4016 χρίσμα,›
2330 3943 2391 3995 τὸ
2428 3941 2651 4010 Πνεῦμα
2701 3938 2886 4002 αὐτοῦ,
2937 3957 2957 3989 ι
2990 3937 3228 3991 διδάσκει
3287 3937 3431 4006 ὑμᾶς
3483 3936 3620 4008 περὶ

2037 4037 2250 4090 πάντων
2285 4034 2382 4105 ('2).
2410 4052 2429 4084 ι
2463 4033 2551 4086 Ἑν
2569 4031 2627 4084 δὲ
2653 4029 2732 4101 τῷ
2765 4030 3018 4102 προφήτῃ
3048 4028 3241 4098 Ἡσαΐᾳ
3265 4027 3579 4098 γέγραπται
3602 4045 3616 4055 ·

2042 4141 2062 4172 ι
2101 4122 2321 4192 Πνεῦμα
2356 4119 2558 4190 Κυρίου
2593 4120 2677 4174 ἐπ’
2703 4119 2824 4189 ἐμὲ,
2854 4113 2915 4173 οῦ
2964 4117 3168 4170 εἵνεκεν
3222 4117 3406 4188 ἐχρισέ
3459 4135 3552 4186 με.
3591 4138 3612 4171 ι

2047 4215 2106 4267 'U
2157 4214 2214 4266 δὲ
2261 4212 2472 4275 Παῦλός
2513 4227 2706 4281 φησιν·
2771 4229 2789 4261 ι
2842 4211 2928 4264 Ἐν
2963 4202 3008 4277 ᾧ
3051 4209 3144 4262 καὶ
3185 4209 3615 4273 πιστεύσαντες,

2035 4305 2436 4376 ἐσφραγίσθητε
2478 4306 2558 4367 είς
2608 4303 2822 4376 ἡμέραν
2876 4301 3325 4375 ἀπολυτρώσεως.
3358 4321 3378 4354 ι
3438 4303 3523 4356 Τὰ
3554 4303 3618 4356 δὲ

2037 4397 2309 4468 κτίσματα
2342 4397 2418 4468 (5)
2466 4396 2640 4467 τούτῳ
2692 4396 3048 4468 σφραγίζεται
3099 4395 3190 4449 καὶ
3244 4396 3480 4466 χρίεται,
3517 4396 3617 4450 καὶ

2029 4534 2076 4564 ⁸ο
2116 4531 2276 4587 llebr.
2305 4549 2378 4595 νι,
2411 4532 2465 4585 4.
2540 4532 2583 4563 ⁸¹
2629 4530 2784 4586 Rom.
2820 4546 2940 4596 vni,
2977 4531 3062 4586 Η..
3162 4532 3206 4562 δ’
3247 4532 3366 4585 Act.
3399 4547 3484 4595 ιιι,
3521 4533 3613 4589 l5.

2035 4604 2081 4635 “
2119 4603 2223 4660 lsa.
2255 4619 2366 4666 ut,
2398 4602 2448 4656 l.

421 4710 538 4783 (95)
576 4708 654 4763 Re
695 4711 780 4763 ius
812 4713 1042 4779 primus,
1075 4709 1200 4780 Srg.
1227 4709 1392 4765 Basil.
1421 4710 1578 4765 Gobl.
1604 4719 1658 4764 et
1683 4710 1919 4768 Felck-m.

421 4784 582 4844 imus,
615 4725 690 4844 ὲὲ
727 4779 902 4844 ἔργων
936 4781 1044 4833 τῶν
1092 4783 1150 4834 ὲν
1198 4781 1516 4844 δικαιοσύνῃ
1540 4776 1636 4844 ὧν,
1665 4792 1769 4839 etc.
1807 4786 1920 4836 An-

2047 4732 2170 4786 ιχον.
2199 4714 2402 4782 Regius
2419 4712 2646 4780 primus,
2672 4711 2821 4782 ch.,
2853 4727 3001 4774 mox,
3038 4712 3376 4781 ἀγιάζονται.

2102 4785 2214 4844 (98)
2255 4783 2389 4844 Reg.
2420 4784 2474 4844 2,
2523 4781 2760 4838 Felckm.
2798 4786 2832 4837 2
2861 4793 2914 4836 et
2946 4785 3095 4843 editi,
3130 4784 3376 4844 ζωοποιοί

343 4776 582 4855 primus,
615 4776 702 4855 ei
722 4776 902 4855 ἔργων
936 4781 1044 4855 τῷν
1067 4853 1072 4855 _
1092 4776 1174 4855 tv:
1198 4781 1516 4855 δικαιοσύνη
1537 4776 1636 4855 ᾧν,
1665 4792 1769 4839 etc.
1797 4786 1920 4855 An-

339 4846 703 4937 .tg.licanus,‘é5
719 4846 893 4937 ἔργων
915 4851 1033 4937 τῷν
1059 4853 1124 4904 ὲκ
1145 4846 1512 4937 δικααιοσύνηξ
1529 4846 1622 4937 ὧν,
1656 4861 1761 4937 etc.
1795 4853 1922 4937 Edi-

354 4921 394 4976 ti
423 4937 551 4976 vero
590 4929 644 4974 et
681 4921 883 4984 caeteri,
913 4921 970 4985 ἐξ
1003 4921 1180 4992 ἔργων
1215 4921 1564 4994 δικαιοσύνης
1595 4921 1630 4975 ἃ
1656 4924 1919 4994 ἐποιήσαο

427 5010 476 5045 ν.

425 5062 560 5133 (96)_
582 5058 700 5114 Vox
730 5059 1056 5133 κληρονόμοι
1095 5061 1247 5133 abest
1287 5077 1317 5116 a
1357 5060 1526 5133 Regio
1555 5062 1754 5129 primo,
1795 5061 1920 5132 Sr-g.

351 5130 488 5186 Ibid.
528 5130 676 5200 ch.,
703 5130 1075 5202 γεννηθῶμεν.
1103 5132 1234 5186 Item
1287 5148 1410 5185 mox
1459 5131 1660 5200 Regius
1693 5130 1922 5201 primus,

341 5204 420 5257 τὰ
448 5202 801 5272 ἁγιαζόμενα.
846 5203 1037 5256 Caneri
1088 5212 1142 5258 et
1194 5202 1321 5256 editi
1374 5202 1442 5256 τά
1489 5204 1763 5255 omittunt.
1802 5203 1924 5256 Mox

354 5273 483 5327 item
523 5273 644 5343 bace
689 5273 875 5343 verba,
906 5272 1001 5324 καὶ
1047 5274 1382 5343 ἀνακαινιεῖς
1411 5273 1470 5326 τὸ
1504 5273 1793 5343 πρόσωπον
1825 5273 1928 5343 τῆς

352 5343 476 5465 mi,
503 5342 704 5464 demat
742 5341 795 5394 in
827 5339 960 5412 Reg.
994 5343 1050 5409 ‘2,
1082 5342 1320 5399 Felckm.
1351 5343 1386 5396 2
1411 5353 1467 5394 et
1492 5339 1733 5397 editione
1764 5339 1926 5398 Com-

467 5429 570 5465 ιιιιιι
617 5448 630 5464 α
655 5451 668 5465 .

353 5427 668 5466 Ιηθηιιιιιηιι.

427 5482 540 5604 gi?)
581 5480 908 5564 SicRegius
938 5485 1151 5547 primus
1182 5493 1236 5540 et
1265 5483 1628 5564 Anglicanus“
1661 5482 1927 5568 Atﬁobl.

475 5551 670 5604 elcktn.
703 5569 933 5604 primus.
963 5556 1234 5604 ιιετένων.
1260 5557 1360 5604 ΔΙι;
1389 5570 1514 5604 vero
1535 5567 1588 5604 et
1621 5555 1775 5604 editi.
1805 5571 1927 5604 un-

351 5560 407 5607 et
433 5551 670 5606 Felckm.
703 5551 933 5622 erimus,
961 5556 1234 5625 μετέχων.
1260 5551 1373 5608 ΛΙιῖ
1389 5570 1514 5609 vero
1535 5567 1588 5610 et
1621 5555 1776 5616 editi,
1803 5555 1928 5626 μέτ-

2102 4785 2214 4864 (9_8)
2255 4781 2389 4864 Reg.
2420 4784 2474 4847 2,
2523 4781 2763 4864 ξοιςὶίιη.
2798 4786 2832 4837 2
2861 4793 2914 4836 et
2935 4785 3100 4864 editi,
3130 4782 3447 4864 ζωοποιοῦν.
3483 4786 3609 4844 Mox

2023 4852 2230 4925 Regius
2261 4852 2688 4925 priimis,_Seg.,r
2709 4869 2901 4925 vocem
2934 4854 3148 4925 Ἰησοῦν
3165 4855 3446 4925 omittunt.

2101 4921 2214 4996 (99)
2257 4923 2349 4977 Sic
2384 4921 2587 4994 Regius
2606 4921 2841 4993 primus,
2868 4921 3006 4994 Sag.
3029 4921 3196 4978 Basil.
3236 4921 3341 4976 Alii
3371 4927 3608 4990 etediti.

2027 4997 2233 5058 αὐτοῖς.

2105 5067 2180 5135 (1)
2217 5063 2695 5143 Regiusprimus,
2739 5061 2864 5143 Seg.
2905 5063 3061 5143 Gobl.
3108 5073 3164 5143 et
3219 5062 3612 5143 Fchl-im._pri.

2032 5131 2176 5200 mus,
2207 5131 2416 5204 ὥσπερ.
2448 5131 2580 5190 Item
2625 5131 2831 5203 Regius
2845 5137 3075 5204 primus,
3107 5131 3258 5204 Seg.,
3287 5148 3413 5202 past
3446 5131 3606 5210 εἶξιή-

2030 5224 2144 5265 ται,
2181 5206 2385 5259 addunt
2415 5205 2529 5264 καί.

2024 5329 2032 5336 ,
2107 5276 2182 5343 (Ξ)
2225 5275 2315 5329 Sic
2364 5273 2564 5344 Regius
2594 5273 2822 5342 primus,
2871 5274 3000 5345 Seg.
3041 5272 3205 5345 Basil.
3246 5273 3605 5345 Anglicanus.

2036 5345 2103 5418 In,
2122 5347 2244 5400 aliis
2271 5354 2451 5418 autem
2481 5345 2730 5418 et_edi_t_is
2763 5346 2878 5418 haec
2904 5344 3042 5418 αλλ’
3072 5344 3147 5418 ᾡς
3179 5344 3354 5418 usque
3377 5348 3461 5418 ad;
3478 5348 3610 5418 περὶ

2037 5417 2253 5496 udi-vsz
2279 5416 2492 5469 desunt.
2526 5412 2811 5469 Basilicus.
2846 5414 2973 5469 ibid.
3013 5415 3173 5470 liabet
3202 5412 3337 5468 alia
3371 5415 3464 5472 τοῦ
3505 5412 3607 5471 αὖ-

2038 5495 2155 5544 του.
2188 5495 2292 5539 etc.

2110 5555 2186 5628 (3)
2231 5555 2322 5612 Sic
2367 5553 2568 5626 Rrgius
2603 5557 2827 5627 primus,
2887 5555 3110 5627 Srguer.
3161 5555 3321 5610 Basil.
3356 5555 3514 5613 Cobl.
3552 5564 3608 5611 et
