3822 6226
182 353 299 411 585

1303 352 1641 411 EPISTOLA
1677 353 1698 409 l
1734 354 1827 408 AD
1868 353 2334 411 SERAPIONEM.

3317 357 3422 415 586

177 479 316 549 περ).
340 475 558 531 πάντων
603 474 934 531 διδάσκεται.
985 477 1050 530 El
1096 476 1154 530 δὲ
1184 476 1244 530 τὸ
1282 473 1512 548 Πνεῦμα
1550 475 1748 548 χρίσμα

1860 477 2140 532 credentes
2164 475 2363 546 signati
2395 476 2528 533 estis
2559 476 2612 531 in
2642 477 2787 533 diem
2815 477 3282 548 redemptionis".
3312 498 3332 532 ›
3364 479 3435 535 At

179 571 282 626 καὶ
309 569 543 641 σφραγίς
573 570 743 633 ἐστιν,
769 571 827 622 ὲν
877 562 923 638 ᾧ
951 569 1097 640 χρίει
1127 571 1220 622 καὶ
1264 568 1553 640 σφραγίζει
1583 568 1762 622 πάντα

178 671 210 724 ό
236 667 428 735 Λόγος
464 664 594 719 ποία
615 665 869 736 ὁμοιότης
905 665 940 737 ἢ
977 664 1174 734 ἰδιότης
1201 663 1295 717 τοῦ
1335 663 1634 735 χρίσματος
1667 663 1764 715 καὶ

178 763 284 834 τῆς
317 758 612 832 σφραγῖδος
636 757 774 830 πρός
801 757 873 810 τὰ
916 756 1179 829 χριόμενα
1200 756 1294 809 καὶ
1321 753 1761 826 σφραγιζόμενας

180 853 396 911 Οὐκοῦν
449 853 544 907 καὶ
601 851 744 906 κατὰ
791 849 950 904 τοῦτο
998 849 1098 903 οὐκ
1144 849 1210 903 ἂν
1262 847 1347 919 εἴη
1401 847 1508 901 τῶν
1545 847 1762 900 πάντων

181 947 313 1000 αὐτό
345 944 445 1016 (4).
473 945 546 998 οὐ
573 943 680 1016 γὰρ
714 942 781 997 ἂν
811 942 897 1013 εἴη
923 943 958 1014 ἡ
985 940 1216 1012 σφραγὶς
1238 943 1302 994 ὲκ
1328 938 1438 992 τῶν
1472 937 1766 1008 σφραγιζο-

183 1038 386 1110 μένων,
421 1036 539 1090 οὐδὲ
564 1034 624 1088 τδ
651 1035 861 1108 χρίσμα
895 1036 961 1087 ὲκ
989 1033 1105 1087 ,τῶν
1126 1032 1448 1105 χριομένωνο
1487 1030 1601 1084 ἀλλ’
1633 1029 1766 1084 ἴδιόν

179 1130 298 1181 ἐστι
327 1126 488 1180 τοῦτο
511 1125 602 1179 τοῦ
636 1125 879 1198 χρίοντος
909 1124 1005 1179 καὶ
1051 1124 1439 1196 σφραγίζοντος
1471 1123 1665 1192 Λόγου.
1689 1121 1762 1175 Τὸ

182 1220 285 1291 μὲν
310 1218 422 1291 γὰρ
448 1218 657 1290 χρίσμα
685 1216 783 1287 τὴν
803 1217 1031 1270 εὐωδίαν
1063 1217 1158 1270 καὶ
1179 1215 1346 1285 πνοὴν
1372 1213 1466 1268 τοῦ
1515 1214 1762 1285 χρίοντος

179 1312 316 1382 ἔχει,
349 1311 447 1365 καὶ
475 1312 525 1363 oi
556 1309 834 1382 χριόμενοι
878 1307 1065 1362 τούτου
1122 1307 1626 1379 μεταλαμϐάνοντες
1675 1305 1761 1358 λέ-

178 1421 356 1472 γουσι·
398 1420 418 1454 ι
459 1399 695 1472 Χριστοῦ
732 1399 928 1453 εὐωδία
974 1399 1160 1471 ἐσμέν*
1191 1419 1212 1451 ι
1253 1400 1288 1470 ἡ
1319 1399 1375 1452 δὲ
1398 1398 1635 1469 σφραγὶς
1660 1397 1760 1468 τὴν

181 1493 398 1566 μορφὴν
423 1492 500 1564 (5)
525 1490 759 1563 Χριστοῦ
786 1489 882 1544 τοῦ
927 1489 1316 1562 σφραγίξοντος
1347 1490 1480 1561 ἔχει,
1513 1491 1606 1544 κα)⁵
1632 1489 1761 1543 ταύ-

175 1601 278 1656 της
304 1587 354 1638 οἱ
391 1579 815 1654 σφραγιζόμενοι
869 1582 1176 1653 μετέχουσι,
1229 1582 1594 1654 μορφούμενοι
1639 1583 1757 1635 κατ’

174 1675 373 1747 αὐτὴν,
408 1674 655 1744 λέγοντος
681 1671 775 1726 τοῦ
813 1672 1154 1726 ’Δποστόλου-
1219 1692 1239 1724 ι
1275 1672 1476 1726 Τεκνία
1515 1689 1638 1742 μου,
1664 1671 1759 1736 οὓς

1861 583 1952 623 res
1978 576 2178 622 creatae
2207 567 2302 621 illo
2331 567 2614 637 signantur
2651 576 2706 622 et
2728 577 3029 637 unguntur,
3062 582 3128 622 ac
3155 567 3222 622 de
3249 569 3437 622 omni-

1860 658 1965 713 bus
2000 658 2287 713 docentur.
2343 656 2402 712 Si
2447 657 2610 728 igitur
2657 657 2892 728 Spiritus
2949 658 3136 714 unctio
3172 660 3286 714 sive
3328 675 3434 712 un-

1859 757 2118 820 guentum
2160 757 2216 804 et
2252 749 2488 820 sigillum
2517 757 2622 816 est,
2660 750 2714 805 in
2745 766 2852 820 quo
2885 751 3065 806 omnia
3099 751 3255 821 ungit
3275 760 3331 805 et
3360 751 3437 805 si-

1860 846 1990 910 gnat
2013 836 2252 893 Verbum
2287 854 2576 907 :qutenam
2611 839 2909 895 similitudo
2939 839 3430 896 autconvenientia

1859 929 2121 1000 unguenti
2154 938 2208 985 et
2225 930 2386 1000 sigilli
2425 946 2547 986 esse
2590 940 2770 1000 potest
2819 948 2946 988 cum
3000 933 3086 989 his
3123 933 3288 988 rebus
3310 948 3435 1003 qua:

1860 1032 2138 1092 unguntur
2162 1031 2216 1076 et
2249 1023 2570 1092 signantur?
2595 1021 2792 1094 Nequit
2822 1025 3050 1095 proinde
3077 1025 3193 1081 ﬁeri
3222 1035 3281 1081 ut
3316 1025 3434 1094 ipse

1861 1113 2002 1168 inter
2015 1128 2104 1168 res
2116 1128 2304 1168 omnes
2315 1127 2649 1169 numeretur.
2668 1113 2774 1170 Nec
2788 1116 2932 1170 enim
2944 1117 3142 1187 aliquis
3155 1131 3221 1172 ex
3240 1118 3434 1187 bisqui

1859 1202 2165 1271 signantur,
2192 1203 2433 1273 sigillum
2457 1203 2573 1273 ipse
2597 1204 2861 1261 dicendus
2889 1207 2962 1262 sit
2993 1224 3009 1262 :
3045 1224 3146 1264 nec
3177 1209 3430 1264 similiter

1859 1293 2056 1362 aliquis
2078 1309 2144 1348 ex
2173 1294 2258 1349 his
2295 1295 2387 1364 qui
2430 1305 2728 1366 unguntur,
2756 1307 3089 1368 unguentum
3130 1300 3270 1354 idem
3303 1302 3428 1356 erit.

1861 1383 1966 1440 Sed
1994 1386 2048 1440 id
2083 1385 2362 1455 proprium
2395 1395 2479 1442 est
2531 1389 2783 1458 ungentis
2829 1401 2885 1444 et
2930 1391 3195 1461 sig-nantis
3242 1389 3427 1448 Verbi.

1863 1472 2201 1545 Unguentum
2226 1475 2445 1544 quidem
2478 1479 2731 1547 ungentis
2775 1479 3096 1535 suavitatem
3129 1490 3183 1536 et
3205 1482 3430 1538 odorem

1856 1566 2072 1632 retinet,
2092 1566 2247 1636 cujus
2274 1567 2566 1640 participes
2588 1568 2717 1624 facti
2747 1572 2838 1640 qui
2871 1584 3169 1643 unguntur,
3192 1576 3424 1633 dicunt:

1864 1675 1882 1708 ι
1916 1655 2118 1710 Christi
2151 1657 2328 1712 bonus
2361 1659 2497 1713 odor
2525 1674 2720 1715 sumus
2746 1660 2813 1713 ⁸⁸.
2848 1680 2866 1713 ι
2908 1660 3158 1734 Sigillum
3189 1681 3321 1720 vero
3352 1667 3432 1720 si-

177 1766 352 1821 πάλιν
395 1766 568 1820 ὠδίνω
626 1767 726 1837 (6),
768 1765 928 1836 ἄχρις
983 1758 1046 1817 οῦ
1095 1763 1356 1836 μορφωθῇ
1415 1764 1648 1836 Χριστὸς
1697 1766 1748 1816 ὲν

1857 1749 2073 1820 gnantis
2097 1747 2300 1804 Christi
2331 1749 2564 1820 eﬂigiem
2603 1761 2803 1817 servat,
2829 1756 2986 1824 cujus
3017 1758 3112 1826 qui
3149 1757 3434 1828 signantur

174 1857 362 1928 ὕμῖν.»
389 1856 542 1910 Οὕτω
569 1856 628 1910 δὲ
652 1853 1094 1928 σφραγιζόμενοι,
1137 1854 1361 1917 εἰκότως
1390 1854 1485 1908 καὶ
1509 1854 1748 1908 κοινωνοὶ

1854 1842 2145 1912 participes
2171 1843 2369 1910 eﬂ‘ecti,
2393 1846 2460 1900 ad
2490 1861 2610 1901 eam
2635 1847 3070 1916 conformantur,
3105 1863 3166 1908 ut
3191 1855 3269 1908 ait
3287 1855 3436 1925 Apo-

172 1948 330 2012 θείας
362 1948 578 2018 φύσεως
638 1946 923 2018 γινόμεθα,
979 1946 1058 2010 ὡς
1106 1941 1260 2000 εἶπεν
1309 1947 1339 2000 ὁ
1386 1946 1612 2019 Πέτρος,
1662 1947 1756 2000 καὶ

170 2039 324 2094 οὕτω
385 2038 602 2110 μετέχει
647 2039 798 2092 πᾶσα
849 2039 883 2108 ἡ
949 2036 1126 2101 κτίσις
1159 2034 1279 2107 δτοῢ
1331 2035 1505 2104 Λόγου
1562 2037 1620 2089 ὲν
1678 2034 1756 2106 τῷ

170 2129 478 2201 Πνεύματι.

235 2381 336 2437 24.
371 2382 481 2434 Καὶ
512 2379 600 2434 διὰ
628 2379 724 2434 τοῦ
756 2378 895 2433 Πνεύ
905 2396 1070 2451 ματος
1093 2379 1362 2452 λεγόμεθα
1399 2381 1599 2444 πάντες
1621 2381 1753 2452 μέτ-

166 2488 287 2546 οχοι
337 2471 432 2526 τοῦ
461 2471 617 2526 Θεοῦο
670 2489 690 2523 ι
726 2471 840 2524 Οὐκ
886 2471 1084 2536 οἴδατε,
1143 2474 1252 2544 γάρ
1281 2489 1462 2543 φησιν,
1515 2473 1595 2527 ὅτι
1628 2474 1754 2538 ναὸς

166 2566 308 2620 Θεοῦ
337 2567 484 2627 ἐστε,
514 2565 608 2618 καὶ
630 2565 692 2618 τὸ
725 2565 947 2636 Πνεῦμα
967 2563 1061 2618 τοῦ
1085 2564 1219 2618 Θεοῦ
1247 2567 1305 2618 ὲν
1332 2567 1460 2636 ὑμῖν
1483 2567 1654 2632 οἰκεῖς
1687 2568 1756 2622 Ei

165 2676 247 2722 τις
269 2658 520 2712 τδνναὸν
544 2657 639 2711 τοῦ
689 2656 820 2711 Θεοῦ
849 2657 1076 2729 φθείρει,
1110 2655 1299 2729 φθερεῖ
1341 2657 1528 2711 τοῦτον
1548 2660 1576 2711 ό
1598 2659 1749 2722 Θεός.

175 2750 234 2804 '0
282 2747 396 2820 γὰρ
427 2747 553 2811 ναὸς
598 2747 690 2800 τοῦ
755 2746 891 2800 Θεοῦ
949 2747 1102 2816 ἆγιός
1153 2750 1321 2812 ἐστιν,
1375 2749 1569 2814 οἵτινές
1622 2751 1744 2804 ὲστε

164 2841 385 2912 ὑμεῖς.»
413 2841 478 2893 El.
512 2839 714 2910 κτίσμα
747 2838 804 2892 δὲ
834 2835 903 2910 ἦν
947 2839 1008 2892 τὸ
1046 2838 1270 2910 Πνεῦμα
1326 2840 1388 2893 τὸ
1441 2840 1617 2908 ἅγιον,
1651 2843 1752 2896 οὐκ

163 2935 229 2991 ἄν
259 2951 354 2997 τις
381 2935 441 2986 ὲν
471 2933 620 3005 αὐτῷ
654 2933 915 3005 μετουσία
967 2931 1059 2986 τοῦ
1087 2933 1222 2986 Θεοῦ
1256 2932 1464 3001 γένοιτο
1492 2935 1622 3004 ἡμῖν
1651 2935 1746 3004 (7)·

161 3026 284 3080 ἀλλ’
320 3025 354 3096 ἦ
387 3026 495 3096 ἄρα
528 3025 784 3097 κτίσματι
836 3025 932 3096 μὲν
965 3024 1368 3096 συνηπτόμεθα,
1398 3025 1667 3098 ἀλλότριοι
1693 3026 1751 3080 δὲ

161 3119 265 3189 τῆς
301 3117 453 3182 θείας
485 3117 700 3186 φύσεως
756 3115 1066 3187 ἐγινόμεθα,
1130 3117 1207 3181 ὡς
1258 3117 1400 3172 κατὰ
1443 3118 1608 3189 μηδὲν
1648 3119 1748 3170 αὑ-

161 3209 264 3280 τῆς
291 3208 370 3279 (8)
408 3208 747 3280 μετέχοντες.

161 3297 408 3371 Χριστοῦ
466 3301 561 3354 καὶ
619 3301 834 3372 μέτοχοι
886 3299 1042 3366 Θεοῦ,
1091 3301 1365 3356 δείκνυται
1411 3301 1474 3354 τὸ
1531 3301 1590 3355 ὲν
1619 3303 1750 3372 ἡμῖν

159 3391 381 3463 χρίσμα
412 3391 507 3443 καὶ
538 3392 571 3462 ἡ
634 3390 870 3463 σφραγὶς
918 3391 993 3462 μὴ
1041 3386 1176 3445 οῦσα
1203 3391 1308 3466 τῆς
1337 3389 1448 3444 τῶν
1504 3391 1750 3461 γενητῶν

162 3481 409 3550 φύσεως,
430 3482 565 3536 ἀλλὰ
594 3483 692 3553 τῆς
721 3482 795 3554 (9)
823 3483 916 3537 τοῦ
939 3483 1091 3548 Υἱοῦ,
1107 3482 1194 3536 διὰ
1211 3482 1304 3536 τοῦ
1325 3485 1383 3536 ὲν
1405 3482 1554 3554 αὐτῷ
1581 3483 1753 3536 Πνεύ-

164 3590 342 3644 ματος
376 3574 737 3639 συνάπτοντος
789 3577 936 3646 ἡμᾶς
996 3575 1076 3646 τῷ
1127 3575 1326 3647 Πατρί.
1382 3575 1553 3630 Τοῦτο
1583 3577 1693 3650 γὰρ
1721 3578 1751 3630 ὁ

174 3665 458 3737 Ἰωάννης,
491 3666 568 3731 ὠς
597 3669 656 3720 ὲν
705 3670 818 3732 τοῖς
871 3667 1180 3739 ἔμπροσθεν
1200 3668 1439 3739 εἴρηται,
1487 3669 1752 3724 διδάσκων

163 3755 425 3829 ἔγραψεν·
463 3775 482 3808 ι
531 3759 620 3812 Ἐν
672 3759 844 3830 τούτῳ
875 3759 1235 3831 γινώσκομεν,
1270 3762 1354 3814 ὃτι
1392 3762 1452 3814 ὲν
1497 3762 1576 3834 τῷ
1633 3762 1752 3834 Θεῷ

166 3848 424 3920 μένομεν,
450 3851 542 3902 καὶ
572 3851 734 3915 αὐτὸς
763 3853 823 3905 ἐν
871 3854 1025 3923 ἡμῖν,
1070 3853 1152 3905 ὅτι
1199 3853 1264 3904 ὲκ
1299 3851 1393 3906 τοῦ
1433 3853 1751 3924 Πνεύματος

162 3939 334 3993 αὑτοῦ
363 3941 526 4005 αὐτὸς
556 3942 754 3996 ἔδωκεν
775 3945 928 4014 ἡμῖν.
967 3962 986 3995 ι
1019 3944 1083 3996 Ei
1143 3943 1201 4003 δὲ
1226 3945 1293 4015 τῇ
1320 3943 1415 3997 τοῦ
1435 3945 1753 4017 Πνεῦματος

166 4033 432 4104 μετουσίᾳ
451 4033 714 4104 γινόμεθα
755 4035 1000 4088 κοινωνοὶ
1056 4033 1207 4098 θείας
1248 4035 1482 4104 φύσεως,
1520 4036 1751 4106 μαίνοιτ’

162 4120 229 4174 ἄν
253 4137 343 4184 τις
365 4121 538 4191 λέγων
569 4122 629 4177 τὸ
658 4122 882 4193 Πνεῦμα
901 4127 999 4195 τῆς
1025 4125 1245 4196 κτιστῆς
1274 4125 1509 4195 φύσεως,
1552 4129 1645 4180 καὶ
1673 4127 1750 4198 μὴ

804 3173 920 3262 ἔνῦᾷ
975 3173 1063 3272 δὲ,
1087 3173 1200 3262 δτέ
1232 3173 1517 3281 λεγόμεθαο
1535 3210 1749 3281 μέτοχοι
1776 3173 1823 3235 (³

1856 1934 2030 1989 stolus
2060 1951 2075 1987 :
2121 1953 2141 1986 ι
2178 1933 2358 1990 Filioli
2391 1938 2522 2001 mei,
2549 1953 2690 2009 quos
2721 1941 2919 1996 iterum
2965 1945 3226 2013 parturio,
3259 1949 3433 2003 donec

1855 2022 2119 2078 formetur
2164 2023 2414 2080 Christus
2452 2026 2507 2081 in
2555 2028 2711 2084 vobis
2744 2028 2810 2084 δ’.
2850 2048 2870 2081 ι
2918 2029 3032 2086 Hoc
3057 2042 3236 2087 autem
3267 2034 3432 2089 modo

1855 2115 2072 2186 signati,
2102 2119 2489 2172 convenienter
2525 2118 2726 2174 divinae
2756 2131 2965 2178 naturae
2997 2127 3280 2180 consortes
3309 2127 3431 2182 red-

1853 2210 2054 2276 dimur,
2083 2211 2162 2264 uti
2189 2212 2347 2266 docet
2374 2209 2570 2267 Petrus
2595 2214 2642 2244 ⁵ο
2676 2231 2690 2266 :
2726 2224 2890 2284 atque
2934 2217 3008 2270 ita
3046 2217 3314 2274 universa:
3341 2235 3430 2275 res

1853 2311 2048 2357 creata:
2070 2300 2232 2356 Verbi
2261 2301 2318 2355 in
2349 2301 2556 2372 Spiritu
2581 2303 2721 2358 ﬁunt
2744 2307 3055 2377 participes.

1921 2394 2012 2449 ‘24.
2037 2393 2240 2450 Omnes
2271 2395 2522 2450 similiter
2569 2413 2664 2467 per
2697 2399 2962 2470 Spiritum
3006 2403 3103 2458 Dei
3139 2407 3430 2478 participes

1851 2485 2106 2541 dicimur.
2143 2504 2162 2538 ι
2194 2484 2450 2553 Nescitis,
2470 2488 2670 2559 inquit,
2699 2491 2827 2560 quia
2860 2495 3120 2564 templum
3150 2496 3243 2552 Dei
3269 2500 3428 2566 estis,

1851 2573 2158 2646 etSpiritus
2181 2576 2277 2632 Dei
2302 2578 2513 2632 habitat
2536 2578 2590 2632 in
2614 2582 2809 2637 vobis?
2835 2581 2893 2637 Si
2913 2586 3038 2654 quis
3055 2589 3313 2658 templum
3331 2589 3428 2644 Dei

1850 2667 2154 2735 violaverit,
2177 2667 2454 2739 disperdet
2482 2669 2633 2724 illum
2658 2671 2825 2730 Deus.
2852 2672 3135 2746 Templum
3160 2679 3305 2736 enim
3330 2680 3426 2737 Dei

1816 2763 1826 2775 '
1850 2766 2098 2813 sanctum
2129 2767 2233 2824 est,
2259 2760 2405 2829 quod
2425 2763 2558 2817 estis
2582 2779 2681 2820 vos
2703 2764 2771 2820 ⁸⁸.
2797 2783 2817 2818 ι
2850 2765 2957 2822 Sed
2986 2768 3032 2822 si
3050 2767 3282 2839 Spiritus
3298 2787 3428 2828 san-

1851 2857 1970 2903 ctus
1997 2864 2083 2904 res
2111 2859 2297 2906 creata
2319 2861 2462 2908 esset
2487 2891 2503 2917 ,
2532 2855 2680 2910 nulla
2710 2872 2844 2914 sane
2885 2859 2975 2914 Dei
2999 2863 3426 2920 communicatio

1850 2941 2008 2996 nobis
2042 2942 2098 2996 in
2132 2943 2252 3012 ipso
2273 2955 2450 3012 esset;
2483 2949 2577 3003 sed
2605 2950 2682 3003 rei
2713 2959 2912 3006 creatae
2940 2953 3425 3024 coniungeremur,

1849 3039 1904 3086 et
1921 3031 2120 3088 divina:
2140 3044 2350 3093 naturae
2361 3039 2522 3094 alieni
2541 3056 2810 3108 essemus,
2826 3053 3014 3115 utpote
3031 3049 3179 3104 nulla
3196 3050 3250 3104 in
3275 3063 3428 3121 parte

1851 3121 1970 3190 ejus
1998 3121 2127 3177 facti
2160 3127 2472 3198 participes.
2506 3128 2665 3188 Nunc
2700 3149 2828 3191 vero
2852 3151 2976 3192 cum
3017 3139 3221 3197 Christi
3245 3151 3300 3198 et
3329 3143 3427 3199 Dei

1849 3212 2140 3283 participes
2164 3216 2432 3286 dicamur,
2458 3222 2646 3291 utique
2669 3235 2877 3281 constat
2907 3240 3242 3299 unguentum
3268 3242 3322 3288 et
3352 3237 3430 3291 si-

1852 3304 2065 3374 gillum,
2094 3309 2239 3375 quod
2268 3309 2323 3364 in
2353 3313 2513 3370 nobis
2543 3323 2648 3381 est,
2681 3331 2790 3372 non
2823 3319 2890 3372 ad
2919 3334 3102 3378 rerum
3132 3323 3422 3389 factarum.

1850 3398 1946 3452 sed
1975 3399 2043 3453 ad
2080 3398 2201 3454 Filii
2238 3411 2487 3459 naturam
2531 3409 2820 3476 pertinere,
2853 3411 2942 3480 qui
2985 3428 3085 3470 nos
3113 3431 3209 3484 per
3252 3415 3427 3487 Spiri-

1851 3494 1992 3576 tum,
2015 3491 2108 3560 qui
2138 3492 2189 3545 in
2220 3495 2340 3563 ipso
2379 3506 2484 3562 est,
2519 3495 2668 3552 Patri
2700 3501 3002 3574 conjungit.
3049 3504 3287 3576 ldipsum
3323 3526 3424 3564 nos

1850 3575 2114 3646 Joannes,
2133 3581 2208 3634 uti
2237 3597 2401 3651 supra
2429 3583 2632 3640 dictum
2656 3589 2862 3652 est,his
2885 3591 3065 3647 verbis
3085 3575 3278 3649 docet:
3314 3613 3334 3646 ‹
3366 3595 3424 3651 In

1854 3669 1960 3725 hoc
1974 3673 2352 3741 cognoscimus
2369 3678 2496 3746 quia
2513 3678 2565 3731 in
2585 3677 2696 3734 Deo
2727 3696 3031 3750 manemus,
3051 3686 3294 3756 etipseiu
3324 3705 3427 3743 no-

1865 3761 1984 3830 bis;
2011 3766 2268 3834 quoniam
2294 3769 2360 3823 de
2374 3770 2576 3839 Spiritu
2595 3787 2696 3828 suo
2719 3774 3148 3833 deditnobis‘h
3173 3779 3231 3835 Si
3257 3797 3423 3851 porro

1850 3851 2088 3924 Spiritus
2125 3860 2622 3917 communicatione
2663 3863 2861 3921 divinae
2893 3876 3102 3924 natura;
3133 3882 3423 3928 consortes

1845 3945 2133 4012 eﬂicimur,
2155 3963 2316 4004 nemo
2353 3960 2500 4006 certe
2531 3952 2637 4009 nisi
2667 3955 2894 4012 insanus
2925 3957 3125 4012 dixerit
3151 3958 3417 4031 Spiritum

1849 4052 1956 4092 non
1989 4037 2108 4105 Dei,
2135 4043 2228 4096 sed
2257 4056 2454 4099 creata:
2481 4059 2604 4100 esse
2629 4056 2858 4102 naturae.
2885 4045 2997 4105 Nec
3022 4052 3166 4106 enim
3217 4053 3322 4109 alia
3353 4056 3421 4110 de

1847 4141 2014 4184 causa
2043 4130 2100 4184 hi
2126 4131 2180 4186 in
2209 4135 2412 4204 quibus
2442 4137 2534 4192 ille
2557 4145 2663 4205 est,
2689 4139 2766 4194 dii
2807 4140 3134 4198 eﬂiciuntur.
3181 4143 3336 4213 Quod
3371 4149 3420 4203 si

236 4251 530 4356 ".giphes.
562 4271 602 4324 I,
631 4257 717 4311 15.
794 4259 842 4290 ⁸⁸
873 4257 917 4313 ll
941 4258 1066 4314 Cor.
1106 4275 1167 4325 ιι,
1196 4261 1284 4315 15.
1361 4261 1407 4292 ⁸⁸
1438 4261 1614 4317 Galat.
1651 4279 1724 4356 tv,

1923 4269 1970 4302 ⁸ο
2008 4269 2051 4322 ll
2081 4270 2230 4327 Petr.
2255 4289 2295 4341 ι,
2326 4277 2380 4332 4.
2459 4278 2502 4308 ⁵¹
2533 4277 2704 4335 lCor.
2731 4293 2814 4348 tu,
2843 4280 2930 4349 16,
2965 4282 3054 4339 17.
3130 4285 3176 4317 δ’
3217 4284 3417 4345 lJoan.

166 4335 240 4390 Iv,
275 4323 364 4376 15.

164 4479 412 4537 Felcltm.
444 4479 675 4550 primus.
703 4477 896 4534 Czeteri
929 4489 983 4535 et
1006 4479 1156 4546 editi,
1185 4481 1246 4532 Εί
1291 4479 1348 4532 δὲ
1387 4481 1457 4535 τὰ
1489 4483 1588 4555 μὲν
1622 4487 1738 4541 κτί-

165 4558 502 4624 σμᾳῼταηειε.
534 4548 706 4624 Paulo
753 4550 1143 4624 p‘ost_Regi_u_s
1156 4551 1548 4624 prip1_tts,_Seg.
1579 4554 1737 4613 Gobl.

1854 4493 2072 4576 primus,
2107 4495 2259 4566 ἡμῖν.
2294 4495 2418 4552 Mox
2457 4500 2569 4624 ἕέν
2623 4517 2740 4573 seq.
2779 4503 2934 4560 deest
2965 4507 3021 4561 in
3058 4507 3182 4578 Seg.
3213 4509 3417 4567 ibidem

1854 4564 2194 4624 Anglicanus,
2237 4565 2410 4624 ἀλλ’ἢ
2499 4587 2590 4624 οα.
2631 4581 2737 4624 etc.
2781 4574 2886 4624 Alii
2938 4585 2993 4624 et
3034 4578 3185 4624 editi-
3219 4579 3336 4624 ἀλλ’
3370 4585 3417 4624 ει

165 4548 502 4623 σμᾳᾲταηειε.
534 4548 706 4623 Paulo
753 4548 1548 4623 post_RegLus_primlts,__Seg.
1579 4554 1737 4613 Gobl.

162 4617 221 4676 ei
246 4619 745 4700 _Fe|ckm_._primus_,_
755 4617 1105 4700 ίῼιι-οδριιΞ-Εί
1123 4617 1180 4700 δὲ
1208 4621 1270 4674 τὸ
1282 4617 1738 4700 Πνεῦμςῖχρίσμᾳ

164 4690 284 4757 καί,
310 4689 574 4766 ξιιμ-Αὶῇ
589 4698 644 4744 et
663 4691 815 4756 editi,
835 4689 981 4766 Thﬁ:
1007 4689 1236 4766 Πνεῦμα
1267 4692 1364 4766 κα).
1389 4689 1598 4766 χρίσμα
1612 4689 1737 4766 καί,

164 4769 274 4839 etc.
310 4758 580 4839 Regiusﬁ
611 4768 794 4839 tamen
819 4769 874 4814 et
899 4758 1234 4839 Anglicanus
1257 4762 1352 4839 καί
1383 4758 1740 4839 sumptam

165 4828 608 4905 gm_it_tunt.__b_logt
636 4828 839 4905 Regius
863 4828 1092 4905 primus,
1124 4828 1247 4902 Seg.
1277 4831 1454 4885 πάντα
1479 4836 1508 4887 ό
1528 4828 1734 4905 λόγος.

165 4846 446 4911 omittunt.
478 4846 608 4911 mox
637 4846 839 4900 Regius
858 4846 894 4953 ἓ

164 4899 313 4955 Edttt
341 4909 395 4953 et
423 4900 536 4965 alit,
566 4902 595 4953 ὁ
621 4900 792 4965 Λόγος
825 4917 854 4952 τ

201 5039 215 5052 ο
239 4969 319 5041 (4)
359 4968 563 5057 Regius
591 4969 653 5057 Ξ,
675 4969 918 5057 γΕειςειςηι.
948 4970 984 5024 2
1007 4984 1063 5057 et
1094 4973 1246 5057 editi,
1275 4973 1457 5057 αότός.
1478 4972 1601 5032 Mox
1633 4975 1740 5057 Re.

162 5037 554 5120 gius'priuius,
591 5037 740 5114 Seg.,
767 5042 801 5112 ἡ
833 5041 1088 5112 σφραγίς,
1121 5037 1251 5107 etc.,
1286 5052 1348 5098 ut
1396 5037 1486 5100 hic
1535 5055 1734 5103 exstat.

165 5111 225 5163 In
273 5109 397 5163 alus
441 5111 487 5186 η
519 5118 644 5186 ante
683 5112 956 5186 σφρῃίςε
974 5121 1028 5167 et
1061 5113 1127 5186 ὲκ
1158 5122 1281 5186 post
1306 5115 1514 5186 χρίσμα
1544 5116 1734 5183 deest;

162 5187 426 5251 praeterea
450 5180 651 5251 Regius
679 5181 715 5234 2
738 5180 792 5235 et
817 5181 1056 5236 Felcltm.
1090 5180 1450 5247 2,'Ottob'on.'
1472 5194 1527 5239 et
1568 5180 1736 5244 editio

160 5249 596 5389 ﬁgmmeliniaﬁa
623 5251 902 5318 omittunt,
919 5251 1040 5306 οὐδὲ
1061 5253 1120 5306 τὸ
1144 5253 1353 5326 χρίσμα
1370 5256 1436 5308 ὲκ
1454 5253 1564 5308 τῶν
1581 5274 1736 5329 χριο-

239 5335 367 5372 νων.

239 5335 367 5372 νων.

237 5389 319 5468 (5)
355 5388 599 5468 ξὀιςιίω.
626 5390 664 5445 2
696 5407 887 5448 vocem
915 5394 1128 5466 μορφήν
1160 5394 1382 5464 omittit,
1413 5405 1467 5452 et
1487 5411 1587 5466 pro
1620 5397 1733 5468 ἔχει

161 5457 332 5513 habet
362 5459 501 5514 ἐστί.

353 5528 558 5612 Regius
582 5531 881 5612 2,-ὢδινον.
930 5531 1068 5589 Ibid.
1100 5535 1303 5608 Regius
1334 5538 1567 5608 primus,
1605 5537 1728 5609 Seg.

164 5597 356 5665 31'3in
390 5597 585 5673 μέχρις
611 5597 695 5658 οῦ.
1183 5597 1213 5608 “’
1334 5597 1355 5608 ⁸
1552 5597 1565 5604 ’
1675 5597 1705 5609 ν

237 5670 316 5752 (7)
353 5668 564 5752 “exite.
581 5675 812 5752 ιιτίιηιιει
839 5671 966 5752 δεδι
996 5677 1154 5752 (ξοω.
1177 5687 1230 5752 ο
1257 5675 1579 5752 Felckm-J,
1601 5695 1731 5752 μετ-

162 5739 319 5794 ουσία
358 5739 456 5794 τοῦ
501 5739 629 5796 Υίοῦ
675 5745 884 5812 ἐγίνετο
915 5739 974 5798 ἔν
1006 5748 1156 5816 ὑμῖν.
1181 5747 1336 5805 Gobl.
1383 5763 1437 5805 et
1486 5739 1726 5804 Feiekm.

448 5857 723 5922 Ρηιιοι.
749 5860 865 5923 Gn.
902 5862 1132 5924 XXVI.
1193 5949 1198 5956 ι

921 4903 1116 4954 πάντα.

1841 4564 2194 4631 Anglicanus,
2237 4565 2353 4619 ἀλλ’
2377 4569 2410 4639 ἢ

1840 4632 1970 4686 ἄρα.

1914 4703 1992 4782 _(8)
2031 4702 2236 4782 Regius
2280 4709 2519 4782 primus,
2558 4711 2720 4782 Seg.,
2785 4714 2974 4770 αὐτοῦ.
3026 4715 3152 4772 Mox
3213 4717 3418 4782 Regius

1840 4773 2069 4858 primus,
2099 4773 2445 4858 Seg._.Basil..
2472 4773 2722 4837 Goblfet
2770 4782 3010 4841 Felcltm.
3044 4773 3414 4858 ρτίωιιεξὲτεί

1840 4841 2033 4898 Caneri
2061 4854 2115 4899 et
2141 4841 2295 4907 editi.
2325 4849 2507 4905 ὁπότε.

1912 4912 2127 4996 (9.)HSic
2149 4915 2626 4996 Regius_primus,
2661 4921 2806 4996 Seg:
2835 4923 2973 4996 Bas1
2993 4925 3280 4996 Anglican.
3306 4931 3414 4986 Alii

1839 4991 1893 5068 et
1917 4984 2050 5068 editi
2079 4984 2296 5068 articu‘l.
2329 4984 2430 5068 τῆς
2459 4984 2908 5068 οηιξιιιιηιῗῐὺὶᾷ.
2945 4984 3150 5068 Regius
3179 4984 3413 5068 primus,

1841 5049 1964 5134 Seg.
1997 5053 2188 5134 Basil.,
2217 5071 2318 5136 pro
2348 5049 2604 5133 ἐνἀὐτῷ,
2627 5063 2835 5136 habent
2861 5066 2922 5118 ὲν
2948 5049 3416 5136 amita-iiii;

1837 5139 1962 5193 gius
1987 5139 2218 5194 primus,

2499 4587 2590 4642 ρα,
2631 4581 2737 4628 etc.
2781 4574 2887 4629 Alii
2938 4585 2993 4630 et
3034 4574 3186 4645 editi,
3219 4579 3336 4635 ἀλλ’
3370 4585 3421 4637 εί

1841 5127 1962 5205 gius
1987 5127 2369 5205 prim‘us,_Seg..
2405 5127 2596 5205 γροθῲ
2625 5131 2943 5205 Πνεύματος
2975 5127 3260 5205 οὺῖῐοίυηι.
3288 5139 3415 5196 Mox

1836 5195 2082 5281 iid'ettlet
2100 5194 2588 5281 ‘Regiusl2LBasil.
2633 5194 3004 5281 Anglicanus,
3013 5194 3166 5281 ᾗμᾶς
3193 5209 3272 5281 τῷ
3299 5194 3414 5264 Πιιζ

1835 5265 1944 5350 τρι.
1971 5263 2253 5350 ριιοὴοιξη
2279 5268 2357 5350 eg}
2382 5263 2688 5344 Πνεύματι.
2721 5263 2828 5327 λιιι
2856 5283 2913 5350 et
2943 5263 3094 5350 ediii,
3127 5263 3274 5350 ήμᾱές
3299 5263 3415 5335 ttat.-

1836 5334 2163 5413 cpi._lidem,
2189 5334 2738 5413 sngtficaimiceptq,
2765 5345 2986 5401 articul.
3019 5348 3049 5399 ό
3076 5334 3204 5404 ἐπιὶέ
3233 5334 3414 5404 ’ἱωάν-

1835 5421 1932 5476 νης
1957 5405 2177 5461 habent.
2207 5405 2408 5479 Regius
2417 5405 2664 5537 (primus,
2701 5405 2826 5484 Seg.
2870 5416 3089 5499 εἴρηται
3127 5419 3408 5486 omittunt,

1834 5482 1891 5528 et
1921 5475 2123 5532 habent
2154 5477 2381 5540 ἔγραφε.
2465 5483 2575 5537 obl.
2614 5494 2670 5538 et
2695 5483 3180 5540 Felckm..nrtmus
3206 5490 3290 5540 sic
3318 5491 3408 5540 ha-

1834 5491 1891 5528 et
1921 5491 2135 5564 habent,
2154 5491 2381 5551 εγραφε.
2417 5491 2575 5537 Gohl.
2614 5494 2670 5538 et
2695 5491 3180 5556 Felckm..primus
3206 5491 3290 5545 sic
3317 5491 3414 5546 Ita-

1833 5544 1963 5628 bent
1991 5547 2273 5628 :_’lma_vvn5
2311 5552 2544 5628 ypétpetj
2590 5553 2682 5628 Ἐν
2706 5554 2909 5628 τούτῳ,
2941 5567 3046 5628 etc.
3083 5557 3254 5615 Paulo
3287 5574 3411 5628 post

2000 5618 2027 5696 1
2061 5612 2362 5696 et},_Seg'.'
2390 5612 2556 5696 Rasil.
2585 5623 2745 5696 _Gobl.
2776 5635 2832 5682 et
2858 5612 3110 5684 'Felckm.
3133 5612 3410 5696 {fui-ie;

1834 5686 1892 5738 tv
1924 5687 2074 5756 ἡμῖν.
2119 5687 2262 5745 Editi
2293 5686 2348 5746 ἐι
2369 5693 2485 5761 alii,
2517 5696 2546 5747 ό
2571 5694 2703 5761 Θεὸς
2736 5699 2794 5751 ἐν
2823 5699 2976 5770 ἡμῖν.

3010 5883 3082 5941 19
