3822 6226
383 350 486 408 587
501 345 505 350 ’

951 346 1008 400 S.
1048 343 1417 400 ATHANASII
1459 341 1608 399 ΟΡΡ.
1651 341 1830 398 PARS
1873 341 1911 395 l.
1954 371 2021 380 -—
2060 335 2427 393 HISTORICA
2468 335 2554 390 ET
2595 333 3018 390 DOGMATICA.

3515 331 3630 388 588

381 475 513 530 deos
553 474 734 536 elﬁcit,
777 469 1002 525 dubium
1045 483 1153 523 non
1187 475 1292 533 est,
1323 467 1454 537 quin
1492 467 1610 536 ejus
1634 475 1827 521 natura
1863 464 1954 520 Dei

2072 462 2155 533 τῆς
2179 460 2270 514 τοῦ
2299 458 2452 513 Θεοῦ.
2475 458 2572 511 Διὰ
2596 455 2751 510 τοῦτο
2783 453 2892 527 γὰρ
2920 454 3018 508 καὶ
3047 453 3104 506 ὲν
3128 449 3208 516 οἷς
3230 450 3458 521 γίνεται,
3479 443 3628 503 οὗτοι

382 571 474 620 sit.
505 562 661 632 Quod
708 563 836 617 item
890 561 1184 617 centesimo
1233 560 1393 615 tertio
1443 561 1654 630 psalmo
1700 560 1948 624 habetur,

381 655 586 711 clarius
610 653 788 708 adhuc
812 661 1193 724 argumentum
1221 652 1285 706 ad
1312 653 1516 707 hancce
1535 651 1784 708 haeresim
1802 667 1954 708 ever-

380 746 599 802 tendam
635 745 794 800 nobis
817 743 1146 814 suppeditat,
1172 751 1232 798 ut
1257 745 1370 814 jam
1394 744 1749 800 monuimus:
1783 762 1804 796 ε
1834 744 1952 798 Au-

379 838 520 894 feres
555 837 806 907 spiritum
843 851 1054 902 eorum,
1084 835 1248 906 538
1271 843 1324 889 et
1359 834 1629 902 deﬁcient,
1655 844 1711 890 et
1746 835 1800 889 in
1828 835 1951 904 pul-

378 944 562 984 verem
588 944 747 984 suum
773 937 1132 983 revertentur.
1163 927 1388 982 Emittes
1413 926 1672 997 Spiritum
1692 936 1866 994 tuum,
1899 935 1954 981 et

380 1021 735 1085 creabuntur,
760 1028 815 1074 et
847 1019 1136 1074 renovahis
1165 1016 1357 1073 faciem
1386 1027 1543 1073 terrae
1565 1019 1631 1071 ⁵³.
1655 1037 1675 1071 ι
1720 1017 1786 1072 Ει
1813 1003 1954 1072 Pau-

381 1115 466 1168 lus
493 1113 608 1167 haec
630 1111 752 1166 Tito
785 1111 973 1166 scribit
998 1129 1010 1164 :
1047 1129 1065 1161 ι
1092 1109 1195 1164 Ρει·
1221 1110 1498 1164 lavacrum
1524 1109 1954 1180 regenerationis

381 1215 436 1260 ct
469 1204 838 1261 renovationis
869 1201 1104 1274 Spiritus
1132 1202 1329 1268 sancti,
1363 1217 1524 1270 quem
1561 1201 1750 1256 eﬁ‘udit
1772 1202 1826 1254 iu
1853 1215 1955 1256 nos

383 1299 598 1355 abunde
613 1313 708 1368 per
726 1296 912 1352 Jesum
929 1296 1206 1351 Christum
1230 1293 1294 1347 ⁸⁸.
1322 1313 1340 1346 ι
1367 1293 1420 1347 Si
1463 1294 1628 1363 igitur
1652 1293 1810 1348 Pater
1837 1306 1955 1347 om-

385 1391 478 1444 nia
525 1404 622 1460 per
653 1387 890 1442 Verbum
944 1387 998 1440 in
1035 1385 1237 1456 Spiritu
1286 1393 1437 1440 creat
1464 1395 1518 1440 et
1539 1393 1763 1439 renovat
1791 1402 1805 1437 :
1836 1397 1958 1452 quae

387 1481 690 1538 similitudo
721 1487 816 1535 aut
841 1479 1094 1550 cognatio
1121 1478 1360 1532 creantis
1383 1492 1505 1531 cum
1537 1476 1700 1530 rebus
1722 1474 1958 1530 creatis?

387 1569 486 1626 Vel
529 1571 622 1640 qui
654 1569 878 1623 omnino
947 1567 1065 1623 ﬁeri
1110 1576 1275 1637 queat
1324 1574 1385 1620 ut
1423 1567 1514 1622 ille
1544 1581 1630 1622 res
1675 1568 1746 1621 sit
1774 1578 1956 1622 creata

388 1665 444 1719 in
473 1679 583 1734 quo
613 1661 800 1718 omnia
833 1661 1133 1718 creantur?
1161 1660 1304 1714 Sane
1328 1675 1452 1714 cum
1490 1660 1655 1729 impia
1684 1661 1786 1715 hac
1829 1674 1957 1714 sen-

387 1757 555 1812 tentia
578 1755 666 1809 illa
695 1754 930 1808 cohaeret
967 1766 1090 1822 quae
1121 1749 1244 1805 Filii
1279 1751 1617 1806 divinitatem
1653 1751 1957 1821 impugnat,

2055 549 2418 605 θεοποιοῦνται
2445 548 2574 620 (10)·
2611 549 2659 600 εἰ
2689 547 2746 601 δὲ
2772 546 3022 609 θεοποιεῖ,
3057 545 3155 597 οὐκ
3184 540 3502 613 ἀμφίϐολον,
3541 539 3634 594 ὅτι

2053 644 2086 714 ἡ
2119 641 2303 695 τούτου
2333 641 2491 709 φύσις
2525 639 2658 694 Θεοῦ
2685 640 2817 693 ἐστι.
2844 637 2952 692 Καὶ
2978 636 3059 690 ἔτι
3089 635 3146 688 δὲ
3175 634 3285 704 (11)
3316 631 3630 705 φανερώτε-

2057 753 2146 806 ρον
2167 736 2246 798 εἰς
2269 734 2544 806 ἀναίρεσιν
2593 734 2693 804 τῆς
2730 731 2992 802 αἱρέσεως
3024 726 3226 798 ταύτης
3275 728 3334 779 ὲν
3389 723 3468 795 τῷ
3498 725 3632 777 ἑκα-

2051 827 2225 898 τοστῷ
2257 827 2423 900 τρίτῳ
2467 825 2666 897 ψαλμῷ
2685 825 2889 896 ᾅδεται,
2936 823 3012 887 ὡς
3044 818 3348 893 ἔμπροσθεν
3377 819 3632 888 εἴπομενι

2059 938 2078 970 ι
2123 918 2452 981 Ἀντανελεῖς
2470 918 2532 971 τὸ
2560 916 2774 988 πνεῦμα
2808 914 3008 982 αὐτῶν,
3036 913 3130 967 καὶ
3169 910 3498 980 ὲκλείψουσι,
3533 908 3638 962 καὶ

2054 1014 2133 1075 εἰς
2158 1012 2247 1065 τὸν
2279 1010 2405 1081 χοῦν
2435 1009 2612 1064 αὐτῶν
2661 1006 3094 1079 ἐπιστρέφουσιν.
3141 1001 3547 1068 Ἐξαποστελεῖς
3568 999 3633 1051 τὸ

2055 1101 2282 1174 Πνεῦμά
2315 1120 2427 1167 σου,
2477 1102 2568 1156 καὶ
2612 1099 3015 1171 κτισθήσονται,
3066 1096 3161 1150 καὶ
3211 1095 3541 1155 ἀνακαινιεῖς
3568 1090 3642 1144 τὸ

2056 1195 2343 1267 πρόσωπον
2369 1195 2469 1264 τῆς
2502 1193 2622 1264 γῆς.
2640 1213 2657 1245 ι
2699 1193 2756 1245 ὐ
2785 1191 2842 1244 δὲ
2873 1188 3084 1251 Παῦλος
3116 1187 3314 1257 γράφει
3329 1186 3472 1254 Τίτῳ
3491 1182 3630 1254 (12)⁶

2063 1287 2189 1340 «Διὰ
2214 1285 2436 1357 λουτροῦ
2466 1283 2882 1352 παλιγγενεσίας
2909 1282 3003 1334 καὶ
3027 1276 3441 1338 ἀνακαινώσεως
3462 1273 3641 1328 Πνεύ-

2061 1394 2226 1448 ματος
2245 1377 2421 1445 ἁγίου,
2443 1369 2502 1428 οὗ
2533 1375 2743 1445 ἐξέχεεν
2769 1374 2852 1442 ἐφ’
2891 1373 3039 1443 ἡμᾶς
3064 1368 3335 1432 πλουσίως
3389 1366 3474 1420 διὰ
3521 1367 3634 1437 Ἰη-

2061 1467 2152 1520 σοῦ
2186 1467 2473 1538 Χριστοῦ.»
2511 1467 2574 1518 Εἰ
2605 1465 2662 1518 δὲ
2688 1465 2716 1516 ὁ
2745 1463 2934 1534 Πατὴρ
2953 1461 3040 1515 διὰ
3057 1460 3151 1513 τοῦ
3187 1459 3360 1528 Λόγου
3391 1460 3449 1510 ὲν
3469 1455 3639 1510 Πνεύ-

2063 1579 2192 1632 ματι
2223 1561 2362 1632 ἁγίῳ
2390 1560 2499 1631 (15)
2528 1557 2700 1621 κτίζει
2760 1555 2830 1609 τὰ
2877 1555 3071 1620 πάντα,
3129 1551 3223 1604 καὶ
3273 1545 3632 1612 ἀνακαινίζει-

2061 1653 2189 1706 ποία
2215 1651 2466 1723 ὁμοιότης
2525 1649 2560 1720 ἦ
2621 1646 2909 1716 συγγένεια
2952 1644 3030 1716 τῷ
3084 1641 3320 1707 κτίζοντι
3377 1639 3517 1711 πρὸς
3565 1639 3644 1693 τὰ

2063 1746 2370 1816 κτίσματα;
2408 1743 2480 1795 Ἢ
2511 1742 2647 1804 ὅλως
2684 1739 2800 1803 πῶς
2842 1740 2906 1793 ἂν
2927 1739 3036 1810 είη,
3097 1738 3154 1789 ὲν
3209 1728 3252 1803 ᾧ
3296 1733 3541 1798 κτίζεται
3567 1732 3644 1785 τὰ

388 1852 464 1902 ita
499 1845 668 1914 utqui
697 1843 961 1914 Spiritum
993 1857 1106 1897 rem
1139 1850 1379 1896 creatam
1407 1855 1527 1896 esse
1551 1841 1955 1910 contenderint,

2072 1837 2256 1901 πάντα,
2280 1835 2517 1905 κτίσμα;
2563 1830 2870 1885 Ἀκολουθεῖ
2920 1829 3028 1901 γὰρ
3069 1831 3136 1898 τῇ
3169 1825 3393 1896 τοιαύτῃ
3421 1825 3639 1894 δυσφη-

386 1938 608 1993 eosdem
631 1935 790 1990 fateri
829 1949 1052 1990 necesse
1081 1933 1152 1989 sit
1183 1931 1440 2001 Verbum,
1471 1948 1568 2003 per
1595 1934 1740 2004 quod
1775 1935 1959 1990 omnia

387 2041 667 2096 creantur,
694 2044 808 2085 rem
836 2042 1054 2098 quoque
1093 2036 1329 2082 creatam
1364 2042 1506 2083 esse.
1544 2027 1753 2082 Addam
1786 2026 1961 2098 Spiri-

386 2127 503 2173 tum
540 2117 830 2187 imaginem
857 2114 975 2169 Filii
1002 2123 1058 2169 et
1080 2114 1186 2169 dici
1203 2123 1406 2171 etesse.
1434 2114 1592 2182 Nam,
1615 2135 1633 2168 ι
1654 2115 1802 2183 Quos
1824 2131 1961 2187 pra;-

389 2212 548 2268 scivit
569 2217 622 2265 et
644 2210 1046 2281 praedestinavit
1066 2208 1378 2265 conformes
1412 2210 1528 2264 ﬁeri
1554 2209 1808 2279 imaginis
1835 2209 1960 2265 Filii

389 2304 555 2359 sui".
570 2323 589 2354 ι
606 2302 791 2373 Itaque
818 2318 940 2357 cum
965 2302 1067 2371 ipsi
1091 2302 1360 2356 fateantur
1373 2300 1570 2356 Filium
1588 2317 1700 2357 rem
1722 2311 1960 2357 creatam

388 2412 499 2450 non
527 2410 668 2462 esse,
709 2411 810 2450 nec
838 2396 999 2458 etiam
1026 2395 1145 2464 ejus
1165 2395 1345 2464 imago
1371 2409 1461 2449 res
1483 2403 1665 2450 creata
1689 2395 1961 2450 censenda

389 2493 492 2542 est.
513 2485 702 2552 Qualis
722 2485 866 2540 enim
889 2483 1053 2539 fuerit
1079 2484 1280 2555 imago,
1301 2484 1461 2539 talem
1486 2499 1707 2540 necesse
1729 2493 1814 2540 est
1837 2499 1962 2540 eum

389 2593 514 2634 esse
545 2577 703 2648 cujus
738 2577 919 2646 imago
950 2575 1136 2631 fuerit.
1173 2575 1329 2631 Unde
1361 2576 1816 2645 quemadmodum
1839 2577 1964 2646 jure

391 2671 589 2726 merito
619 2685 683 2725 ac
708 2669 1093 2726 convenienter
1125 2667 1366 2724 Verbum
1401 2684 1490 2723 res
1517 2677 1697 2724 creata
1724 2683 1846 2724 esse
1869 2684 1965 2724 ne-

393 2772 573 2833 gatur,
599 2763 726 2833 quia
746 2771 832 2818 est
853 2764 1034 2832 imago
1063 2761 1242 2818 Patris
1269 2782 1281 2817 :
1313 2763 1386 2816 ita
1413 2763 1505 2833 qui
1529 2762 1791 2832 Spiritum
1823 2764 1964 2818 inter

393 2871 485 2913 res
527 2865 736 2911 creatas
782 2855 1049 2912 collocare
1087 2871 1198 2910 non
1245 2855 1593 2922 dubitaverit,
1634 2871 1742 2910 non
1787 2865 1965 2926 potest

394 2949 529 3018 quin
555 2947 755 3003 Filium
798 2962 926 3003 cum
986 2947 1180 3004 iisdem
1218 2956 1580 3003 annumeret:
1630 2963 1696 3002 ac
1736 2947 1966 3018 proinde

395 3040 462 3095 ad
503 3039 682 3110 ipsum
725 3036 938 3093 Patrem
971 3037 1202 3093 refertur
1225 3037 1489 3109 quidquid
1512 3038 1679 3108 impie
1711 3039 1779 3094 de
1800 3039 1963 3109 hujus

397 3131 632 3202 imagine
664 3130 897 3186 senserit
920 3130 1208 3186 dixeritve.

463 3289 556 3347 25.
574 3289 761 3360 Itaque
781 3287 1129 3346 manifestum
1151 3299 1232 3345 est
1257 3287 1521 3360 Spiritum
1545 3289 1712 3344 alium
1738 3289 1961 3345 omnino

394 3399 519 3440 esse
543 3399 575 3439 a
599 3384 763 3440 rebus
789 3385 1008 3448 creatis,
1035 3398 1272 3454 eumque
1299 3383 1640 3439 ostendimus
1677 3384 1963 3454 proprium

395 3475 518 3530 Filii
547 3491 688 3544 esse,
713 3491 824 3531 non
849 3485 1028 3532 autem
1052 3491 1083 3530 a
1114 3475 1224 3532 Deo
1251 3475 1509 3532 alienum.
1545 3475 1791 3548 Namque
1819 3477 1966 3547 quod

395 3569 464 3623 ad
500 3569 704 3624 hancce
726 3577 940 3625 acutam
968 3568 1185 3623 illorum
1208 3567 1689 3639 interrogationem
1720 3578 1960 3640 spectat:

400 3661 458 3716 Si
494 3661 728 3731 Spiritus
761 3677 827 3717 ex
856 3660 966 3717 Deo
1006 3671 1111 3728 est,
1136 3677 1307 3733 quare
1337 3677 1444 3718 non
1481 3663 1595 3731 ipse
1620 3675 1839 3732 quoque
1872 3659 1965 3716 Fi-

398 3755 507 3810 lius
530 3754 776 3810 dicitur?
816 3753 989 3821 Hanc,
1030 3755 1253 3826 inquam
1272 3795 1287 3821 ,
1314 3753 1768 3824 quaestiunculam
1799 3754 1970 3808 auda-

398 3861 518 3900 cem
551 3857 604 3902 et
633 3847 980 3902 temerariam
1021 3861 1143 3902 esse
1180 3861 1344 3917 supra
1385 3845 1497 3915 jam
1539 3855 1819 3902 ostensum
1848 3854 1968 3912 est;

398 3939 496 3994 sed
529 3939 672 3994 idem
713 3938 1070 3994 nihilominus
1093 3953 1286 3993 rursus
1313 3938 1598 3993 ostendere
1627 3952 1736 3991 non
1773 3951 1967 4008 grava-

398 4032 602 4087 bimur.
655 4029 895 4086 Tametsi
945 4029 1090 4084 enim
1116 4028 1351 4100 Spiritus
1383 4029 1440 4083 in
1475 4026 1772 4098 Scripturis
1800 4027 1969 4084 Filius

402 4139 509 4178 non
537 4123 756 4186 dicitur,
783 4122 879 4176 sed
927 4120 1163 4190 Spiritus
1195 4119 1325 4184 Dei,
1360 4129 1540 4174 tamen
1581 4120 1637 4174 in
1686 4120 1807 4189 ipso
1837 4119 1968 4186 Deo,

400 4225 455 4269 et
481 4231 546 4270 ex
571 4215 689 4285 ipso
718 4213 828 4269 Deo
865 4227 986 4269 esse
1023 4212 1202 4268 dictus
1231 4220 1333 4280 est,
1365 4212 1442 4267 uti
1479 4212 1700 4284 scripsit
1741 4212 1972 4283 Aposto-

471 4402 518 4435 ⁸³
554 4400 699 4457 Psal.
725 4415 842 4467 cut,
871 4399 962 4468 29,
993 4397 1083 4453 '50.
1158 4397 1204 4430 ⁵⁸
1246 4397 1352 4452 Tit.
1387 4413 1469 4466 ιιι,
1506 4400 1558 4454 5.

474 4562 586 4634 (10)
627 4561 706 4616 lta
747 4560 1250 4634 _Regius__primus,
1291 4559 1435 4634 _Seg,
1488 4561 1654 4634 Basil.
1705 4563 1862 4618 (iobl.
1917 4572 1972 4619 et
2003 4569 2048 4624 ι)
2074 4564 2249 4620 Paulo

403 4630 641 4690 Felckm.
678 4630 907 4702 primus.
950 4630 1041 4686 Sic
1068 4641 1248 4702 autem
1274 4631 1609 4702 Anglicanus
1642 4633 1803 4702 habet
1835 4636 1970 4688 ικαὶ

404 4709 460 4760 ὲν
485 4696 792 4775 ἀνθρώποις
829 4702 1058 4775 γίνεται,
1082 4701 1186 4775 καὶ
1223 4702 1282 4775 ὲ)
1311 4696 1392 4764 οἷς
1420 4703 1648 4775 γίνεται,
1676 4696 1823 4756 οὗτοι
1844 4705 1973 4775 ,θεο-

403 4772 700 4847 ποιοῦνται.
732 4772 922 4847 Castori
941 4781 1005 4847 Aet
1032 4772 1198 4847 editio
1221 4772 1516 4847 pomlnel.,
1553 4775 1648 4826 καὶ
1679 4777 1735 4827 ὲν
1764 4773 1974 4847 ἀνθρώ-

399 4864 524 4908 ποις
556 4845 786 4914 γίνεται,
813 4844 908 4895 κα).
936 4841 1001 4894 δι’
1028 4841 1191 4914 agro?)
1216 4842 1604 4914 θεοποιοῦνται.

478 4911 590 4988 (11)
631 4914 903 4988 Λέηάεεεξ
950 4914 1006 4988 _in
1057 4911 1290 4988 Reg._2_,
1321 4912 1629 4988 Felclgman.
1655 4915 1690 4968 2
1741 4923 1805 4988 et_
1841 4915 1970 4988 edit.

401 4982 671 5040 Coinmel.
709 4983 829 5055 Mox
865 4982 1022 5055 Gobl.
1053 4993 1107 5036 et
1129 4982 1366 5036 Felckm.
1399 4985 1628 5052 primus,
1657 4988 1714 5038 ὲν
1739 4984 1816 5055 τῷ
1841 4985 1976 5055 eat.

408 5056 494 5128 μῷ
514 5056 708 5128 ,ᾄδεται
725 5072 758 5128 '_
777 5053 1098 5128 Ἀνατελείς,
1132 5063 1237 5128 etc.

477 5122 590 5197 (Ω)
629 5125 844 5197 Regius
864 5125 1108 5197 primus,
1128 5124 1293 5197 Seg._,_
1311 5122 1539 5197 ἔγραφε.
1563 5123 1719 5197 Qobl.
1751 5133 1806 5178 et
1827 5123 1976 5197 Felc.

405 5193 637 5266 primus,
672 5197 766 5266 καὶ
798 5193 1010 5266 Παῦλος
1045 5193 1207 5266 Τίτῳ.
1231 5193 1368 5266 _Mox
1405 5194 1528 5264 Seg.
1549 5194 1720 5266 jGobl.
1747 5203 1799 5248 et
1829 5193 1976 5250 Felc.

410 5263 640 5335 primus,
673 5265 1085 5335 ἀνακαινίσεως.
1114 5263 1284 5335 Paulo
1328 5263 1775 5333 ροειητλουσίως
1827 5266 1982 5320 abest

411 5333 439 5390 a
475 5336 692 5390 Gobler.
727 5345 782 5389 et
814 5333 1052 5388 Felckm.
1089 5334 1285 5402 primo.

483 5408 595 5476 (15)
638 5405 839 5476 Regius
864 5401 1103 5474 primus,
1128 5401 1276 5473 Seg.,
1302 5404 1444 5476 ᾁγίῳ
1471 5404 1752 5476 omittunt.

481 5473 611 5548 (14)
635 5473 741 5530 δίε
780 5473 984 5546 Regius
1008 5476 1258 5548 _prim_us,
1295 5473 1425 5548 seg.
1453 5473 1634 5548 Aliiet
1660 5476 1790 5548 editi
1815 5475 1980 5548 ﬁlol-

412 5544 784 5670 ge'gius
823 5544 1114 5612 secundus,
1147 5546 1180 5614 ἡ
1211 5544 1429 5617 τοιαύτη
1470 5544 1749 5618 δυσφημία
1779 5544 1870 5600 καὶ
1903 5547 1983 5609 εἰς

411 5633 503 5669 τον
547 5633 569 5668 l
588 5633 687 5669 ιον.

485 5687 595 5757 (15)
639 5688 729 5740 Sic
780 5684 981 5757 Regius
1033 5685 1261 5757 primus,
1300 5684 1424 5757 Seg.
1459 5685 1627 5757 Basil.
1673 5685 1893 5740 Gobler.
1928 5695 1984 5742 et

415 5754 650 5813 Felckm.
681 5759 909 5828 primus.
942 5754 1137 5811 Caneri
1167 5767 1219 5811 et
1259 5754 1422 5812 editio
1452 5756 1778 5813 Commelin.
1817 5757 1976 5827 ἔγνω.

2065 1929 2163 2000 μίᾳ
2199 1928 2294 1982 καὶ
2323 1929 2356 1998 ἡ
2387 1928 2466 1990 εἰς
2485 1925 2576 1978 τὸν
2615 1924 2745 1977 Υἱὸν
2803 1921 3119 1993 βλασφημία
3174 1919 3306 1992 (14)·
3337 1919 3480 1972 ὥστε
3508 1917 3647 1980 τοὺς

2060 2023 2315 2090 λέγοντας
2342 2020 2404 2073 τὸ
2434 2016 2659 2088 Πνεῦμα
2690 2016 2895 2087 κτίσμα
2943 2016 3137 2078 εἰπεῖν,
3164 2013 3246 2066 ὅτι
3268 2011 3361 2066 καὶ
3383 2010 3411 2061 ὁ
3440 2008 3642 2076 Λόγος,

2061 2114 2125 2168 δι’
2148 2108 2208 2168 οῦ
2234 2113 2304 2166 τὰ
2331 2112 2506 2166 πάντα
2529 2108 2792 2175 κτίζεται,
2847 2106 3054 2176 κτίσμα
3109 2104 3275 2158 ἐστίν.
3327 2100 3504 2156 Είκὼν
3542 2098 3644 2152 τοῦ

2061 2204 2193 2260 Υἰοῦ
2215 2205 2430 2274 λέγεται
2454 2204 2548 2258 καὶ
2579 2201 2692 2255 ἐστι
2721 2201 2780 2254 τὸ
2809 2198 3054 2270 Πνεῦμα*
3089 2216 3107 2248 ι
3129 2197 3236 2260 Οὓς
3273 2216 3291 2248 ι
3326 2194 3436 2266 γὰρ
3474 2211 3646 2265 «προ-

2061 2301 2202 2368 έγνω
2255 2296 2351 2351 κα)¹
2400 2294 2674 2367 προώρισε
2729 2292 3081 2364 συμμόρφους
3138 2289 3240 2358 τῆς
3287 2288 3496 2350 εἰκόνος
3545 2286 3645 2340 τοῦ

2062 2390 2193 2444 Υίοῦ
2223 2387 2385 2443 αὐτοῦ
2415 2387 2580 2459 (15).»
2608 2384 2815 2438 Οὐκοῦν
2842 2385 2932 2438 τοῦ
2959 2382 3089 2436 Υίοῦ
3121 2383 3214 2436 καὶ
3242 2381 3360 2434 κατ’
3398 2379 3646 2443 ἐκείνους

2061 2479 2490 2552 ὁμολογουμένου
2531 2478 2604 2550 μὴ
2639 2474 2778 2530 εἶναι
2799 2476 3114 2546 κτίσματος,
3147 2474 3247 2527 οὐκ
3281 2472 3347 2525 ἂν
3398 2470 3485 2542 εἴη
3517 2471 3644 2523 οὐδὲ

2060 2572 2094 2645 ἡ
2133 2573 2323 2626 τούτου
2347 2570 2506 2626 είκὼν
2533 2570 2756 2641 κτίσμα.
2799 2569 2986 2622 Ὁποία
3026 2567 3134 2638 γὰρ
3168 2565 3233 2620 ἂν
3283 2565 3365 2635 εἴη
3392 2565 3426 2634 ἡ
3453 2561 3642 2628 εἰκὼν,

2061 2665 2300 2720 τοιοῦτον
2338 2666 2549 2734 ἀνάγκη
2605 2662 2832 2726 καὶτὸν,
2879 2653 2939 2713 οῦ
2973 2662 3119 2712 ἐστιν
3175 2659 3208 2727 ἡ
3261 2654 3442 2719 εἰκὼν,
3477 2649 3642 2706 εἶναι.

2065 2757 2222 2812 Ὅθεν
2253 2757 2476 2821 εἰκότως
2502 2757 2595 2810 καὶ
2655 2754 2972 2823 πρεπόντως
3002 2754 3031 2804 ὁ
3067 2752 3238 2820 Λόγος
3299 2747 3645 2819 ὁμολογεῖται

2067 2849 2140 2921 μὴ
2172 2849 2245 2903 ὢν
2280 2850 2502 2920 κτίσμα,
2551 2847 2714 2902 είκὼν
2769 2847 2860 2900 τοῦ
2906 2844 3122 2916 Πατρός
3166 2843 3447 2914 ὑπάρχων·
3478 2840 3509 2890 ὀ
3538 2839 3648 2911 ἄρα

2062 2945 2174 3006 τοῖς
2205 2941 2464 3011 κτίσμασι
2520 2937 2870 3010 συναριθμῶν
2921 2937 2983 2990 τὸ
3029 2934 3254 3006 Πνεῦμα
3280 2933 3388 3004 (16)
3428 2931 3649 2994 πάντως

2065 3051 2166 3088 που
2194 3034 2285 3087 καὶ
2316 3033 2407 3088 τὸν
2429 3033 2556 3086 Υίὸν
2583 3033 2640 3088 ὲν
2671 3032 2881 3095 τούτοις
2909 3027 3318 3099 συναριθμήσει,
3343 3025 3522 3096 δυσφη
3533 3023 3649 3094 μῶν

2065 3127 2123 3178 ὲν
2152 3124 2327 3196 τούτῳ
2354 3125 2448 3179 καὶ
2473 3125 2565 3179 τὸν
2594 3124 2817 3195 Πατέρα
2845 3121 3054 3192 διὰ-τὴν
3077 3122 3156 3182 εἰς
3186 3119 3284 3190 τὴν
3311 3118 3511 3172 είκόνα“
3526 3115 3651 3170 τού-

2064 3234 2156 3271 του
2186 3216 2297 3288 (17)
2330 3214 2657 3287 δυσφημίαν.
2701 3235 2704 3238 ’

2136 3307 2227 3362 25.
2266 3307 2427 3360 Ἀλλο
2453 3306 2560 3378 ἄρα
2591 3305 2700 3360 τῶν
2723 3304 3035 3375 κτισμάτων
3059 3303 3175 3357 ἐστὶ
3201 3301 3264 3354 τὸ
3288 3299 3536 3370 Πνεῦμα,
3556 3299 3654 3352 καὶ

2069 3400 2335 3455 δέδεικται
2360 3399 2556 3472 μᾶλλον
2591 3399 2720 3453 ῐδιον
2743 3394 2882 3451 εἶναι
2915 3396 3008 3450 τοῦ
3068 3395 3220 3462 Υίοῦ,
3279 3395 3373 3448 καὶ
3399 3393 3462 3446 ού
3496 3391 3654 3459 ξένον

2071 3493 2165 3547 τοῦ
2190 3491 2344 3546 Θεοῦ.
2380 3492 2492 3544 Καὶ
2549 3491 2658 3562 γὰρ
2686 3491 2905 3544 κάκεῖνο
2959 3488 3021 3541 τὸ
3071 3486 3233 3556 σοφὸν
3293 3483 3474 3539 αὐτῶν
3508 3483 3654 3556 ὲρώ-

2066 3599 2236 3655 τημα’
2270 3583 2334 3636 El
2367 3584 2431 3636 ὲκ
2485 3581 2579 3637 τοῦ
2622 3581 2755 3635 Θεοῦ
2789 3583 2904 3634 ἐστι
2967 3579 3029 3632 τὸ
3066 3577 3309 3649 Πνεῦμα,
3366 3575 3456 3629 διὰ
3482 3574 3538 3628 τί
3575 3574 3658 3645 μὴ

2067 3675 2405 3746 λέγεταικαὶ
2447 3673 2580 3727 αύτὺ
2631 3673 2760 3737 Υἱός
2794 3671 2938 3743 (18);
2997 3669 3272 3724 Δέδεικται
3305 3667 3403 3738 μὲν
3449 3668 3508 3721 ὲν
3538 3670 3659 3731 τοῖς

2070 3770 2379 3842 ἔμπροσθεν
2411 3767 2510 3839 ήδη
2539 3767 2808 3838 προπετὲς
2842 3766 2936 3819 καὶ
2969 3763 3264 3835 τολμηρὸν,
3295 3761 3570 3814 δείκνυται
3595 3759 3660 3813 δὲ

2070 3860 2166 3912 καὶ
2194 3858 2287 3913 νῦν
2321 3857 2471 3911 οὐδὲν
2503 3852 2684 3929 ἦττον.
2731 3856 2795 3908 Et
2827 3855 2936 3926 γάρ
2984 3854 3078 3906 καὶ
3108 3853 3182 3923 μὴ
3209 3849 3337 3914 Υἱὸς
3371 3849 3567 3921 ἐλέχθη
3594 3849 3660 3903 ὲν

2072 3952 2190 4012 ταῖς
2216 3950 2481 4021 Γραφαῖς,
2510 3947 2644 4002 ἀλλὰ
2675 3946 2898 4017 Πνεῦμα
2945 3944 3038 3998 τοῦ
3072 3942 3206 3998 Θεοῦ
3242 3942 3377 4014 (19),
3403 3944 3462 3995 ὲν
3503 3941 3662 4013 αὐτῷ

2070 4040 2150 4111 τῷ
2174 4039 2291 4110 Θεῷ
2323 4041 2417 4093 καὶ
2447 4038 2507 4104 ἐξ
2530 4038 2694 4092 αὐτοῦ
2722 4037 2816 4091 τοῦ
2870 4037 3005 4091 Θεοῦ
3053 4037 3287 4109 εἴρηται,
3321 4035 3398 4098 ὡς
3428 4036 3457 4088 ὁ
3489 4034 3662 4088 Ἀπό-

2079 4132 2260 4194 στολος
2284 4130 2539 4203 ἔγραψεν.
2574 4131 2637 4184 Εἰ
2666 4129 2722 4184 δὲ
2751 4130 2778 4182 ὁ
2803 4129 2949 4194 Υἱὸς,
3002 4128 3188 4200 ἐπειδὴ
3226 4129 3290 4180 ὲκ
3318 4125 3414 4180 τοῦ
3442 4126 3665 4196 Πατρός

2080 4223 2246 4290 ἐστιν,
2282 4222 2410 4286 ἴδιος
2437 4222 2535 4293 τῆς
2562 4220 2746 4285 οὐσίας
2775 4219 2938 4276 αὑτοῦ
2971 4220 3118 4274 ἐστιν
3155 4217 3288 4291 (20),
3314 4217 3532 4289 ἀνάγκη
3561 4218 3665 4271 καὶ

1635 4396 1683 4430 ⁸⁵
1723 4396 1884 4454 Rom.
1912 4415 2034 4468 vm,
2069 4401 2158 4458 29.

2297 4573 2420 4638 post
2472 4563 2564 4618 καί
2598 4572 2723 4638 ante
2770 4565 2889 4616 κατ’
2923 4563 3166 4638 ἐκείνους
3200 4563 3401 4638 habent
3453 4563 3670 4638 Regius

2079 4637 2310 4706 primus,
2335 4635 2490 4706 Seg.,
2535 4636 2796 4706 omittunt
2822 4649 2952 4706 vero
2972 4635 3074 4706 alii
3105 4644 3171 4706 et
3187 4634 3336 4706 editi.

2153 4704 2264 4774 (l6)
2318 4706 2374 4758 '0
2413 4703 2535 4774 post
2567 4705 2860 4776 κτίσμασιν
2897 4705 3101 4760 habent
3139 4703 3342 4776 Regius
3373 4704 3429 4770 2,
3467 4704 3666 4762 Felck.

2080 4776 2289 4847 primus
2306 4784 2372 4847 _et
2405 4777 2572 4829 editio
2601 4775 2865 4847 Commej.

2154 4844 2264 4917 (17)
2306 4844 2507 4917 Regius
2533 4847 2765 4917 primus,
2805 4845 2928 4917 Sgg.
2958 4844 3145 4910 Basil.,
3180 4844 3390 4917 τούτου.
3423 4846 3530 4900 Alii
3568 4862 3673 4901 ve-

2573 4915 2624 4969 ῦ.
2675 4915 2798 4968 Mox
2839 4915 3039 4984 Regius
3065 4917 3294 4984 primus,
3331 4915 3456 4984 Seg.
3491 4917 3669 4972 Basil.

2084 4932 2146 4970 ro
2168 4914 2227 4969 et
2254 4914 2405 4977 editi,
2436 4914 2624 4969 αὑτοῦ.
2675 4915 2798 4968 Mox
2839 4914 2967 4981 Regi

2084 4932 2146 4970 ro
2173 4931 2227 4969 et
2254 4931 2405 4977 eum,
2436 4931 2624 4969 αυτου.
2675 4931 2798 4968 mox
2839 4931 3039 5036 negatus
3065 4931 3294 4984 primus,
3331 4931 3456 4984 Seg.
3491 4931 3669 4972 uasu.

2084 4985 2240 5040 Gobl.
2275 4995 2328 5040 et
2356 4985 2593 5040 Felckm.
2622 4985 2930 5054 primus,"A
2962 4984 3021 5036 λο
3048 4985 3156 5056 ἄρα
3187 4985 3296 5039 τῶν
3318 4987 3671 5057 κτισμάτων.

2084 5055 2277 5126 Castori
2306 5065 2361 5126 et
2391 5056 2692 5126 edil.i,'Apa
2721 5050 2814 5108 οῦν
2841 5055 2902 5107 ού
2932 5055 3040 5126 τῶν
3073 5057 3409 5126 κτισμάτων.

2084 5055 2277 5128 Οωῐᾷεξξὶ
2306 5065 2366 5128 e_t
2391 5050 2692 5128 edil.i,'Apa
2721 5050 2814 5128 οῦν
2841 5050 2902 5107 ού
2932 5055 3040 5128 τῶν
3073 5050 3198 5128 ius

2120 5125 2272 5247 ό(18)
2315 5125 2406 5180 Sic
2433 5123 2636 5198 Regius
2667 5126 2900 5196 primus,
2934 5123 3157 5198 Seguer.
3177 5123 3286 5180 Alii
3311 5134 3366 5180 et
3381 5126 3538 5196 editi,
3565 5129 3670 5182 αὖ·

2152 5213 2198 5247 ς.

2085 5213 2273 5337 ﬁgi”)
2314 5264 2404 5322 Sic
2431 5265 2634 5336 Regius
2653 5265 2887 5336 primus,
2915 5265 3040 5337 Seg.
3071 5263 3133 5319 In
3154 5266 3277 5321 aliis
3304 5273 3360 5320 et
3385 5265 3553 5323 editis
3574 5267 3672 5321 τοῦ

2087 5335 2272 5476 ὐϐῗέδ)
2315 5405 2407 5478 S_ic
2431 5405 2644 5478 Regius
2664 5405 2896 5478 primus,
2931 5406 3055 5476 Seg.
3095 5404 3534 5478 Gohl._Fe_lckm.
3562 5408 3676 5478 pri-

2089 5475 2212 5546 mus
2247 5475 2299 5530 et
2327 5475 2493 5546 Basil.
2524 5475 2597 5530 ’At
2621 5476 2976 5546 Anglicanus,
3013 5475 3076 5530 ἐκ
3109 5476 3203 5529 τοῦ
3237 5476 3374 5529 Θεοῦ
3429 5479 3525 5530 καὶ
3558 5475 3678 5532 Πα-

2088 5545 2216 5616 τρός
2244 5546 2412 5618 ἐστιν.
2450 5544 2799 5618 Ottobon—'0
2813 5547 2885 5618 ﬁt
2912 5546 3057 5618 Υἱὸς
3087 5546 3273 5618 ἐπειδὴ
3305 5548 3372 5600 ἐκ
3394 5547 3492 5618 τοῦ
3534 5547 3676 5602 Θεοῦ

2091 5618 2259 5737 ἔστιν.
2287 5617 2572 5693 Οδειει-ὶιει
2604 5616 2770 5675 editio
2798 5616 3352 5683 Commelinianaﬂx
3400 5617 3497 5672 τοῦ
3534 5619 3676 5673 Θεοῦ

2126 5703 2261 5737 στιν.

2126 5703 2261 5740 στιν.
