  <div class='ocr_page' id='page_1' title='image "/cluster/home/n/w/nwhite01/storage/ocr_20150623/26/nnc1.0046978577/302.png"; bbox 0 0 3822 6226; ppageno 0'>
   <div class='ocr_carea' id='block_1_1' title="bbox 217 379 329 440">
    <p class='ocr_par' dir='ltr' id='par_1_1' title="bbox 217 379 329 440">
     <span class='ocr_line' id='line_1_1' title="bbox 217 379 329 440; baseline -0.027 0"><span class='ocrx_word' id='word_1_1' title='bbox 217 379 329 440; x_wconf 78' lang='lat'><strong>589</strong></span> 
     </span>
    </p>
   </div>
   <div class='ocr_carea' id='block_1_2' title="bbox 1351 334 2388 441">
    <p class='ocr_par' dir='ltr' id='par_1_2' title="bbox 1351 334 2388 441">
     <span class='ocr_line' id='line_1_2' title="bbox 1351 334 2388 441; baseline 0.002 -3"><span class='ocrx_word' id='word_1_2' title='bbox 1351 334 1690 438; x_wconf 83' lang='lat' dir='ltr'><strong>EPISTOLA</strong></span> <span class='ocrx_word' id='word_1_3' title='bbox 1727 382 1748 437; x_wconf 85' lang='lat' dir='ltr'><strong>l</strong></span> <span class='ocrx_word' id='word_1_4' title='bbox 1789 383 1881 438; x_wconf 86' lang='lat' dir='ltr'><strong>AD</strong></span> <span class='ocrx_word' id='word_1_5' title='bbox 1921 383 2388 441; x_wconf 77' lang='lat' dir='ltr'><strong>SERAPIONEM.</strong></span> 
     </span>
    </p>
   </div>
   <div class='ocr_carea' id='block_1_3' title="bbox 3369 387 3478 447">
    <p class='ocr_par' dir='ltr' id='par_1_3' title="bbox 3369 387 3478 447">
     <span class='ocr_line' id='line_1_3' title="bbox 3369 387 3478 447; baseline -0.009 0"><span class='ocrx_word' id='word_1_6' title='bbox 3369 387 3478 447; x_wconf 71' lang='lat'><strong>590</strong></span> 
     </span>
    </p>
   </div>
   <div class='ocr_carea' id='block_1_4' title="bbox 214 496 1771 576">
    <p class='ocr_par' dir='ltr' id='par_1_4' title="bbox 214 496 1771 572">
     <span class='ocr_line' id='line_1_4' title="bbox 214 496 1771 572; baseline -0.003 -16"><span class='ocrx_word' id='word_1_7' title='bbox 214 502 284 556; x_wconf 72' lang='grc' dir='ltr'>τὸ</span> <span class='ocrx_word' id='word_1_8' title='bbox 315 498 559 572; x_wconf 81' lang='grc' dir='ltr'><strong>Πνεῦμα,</strong></span> <span class='ocrx_word' id='word_1_9' title='bbox 585 501 650 552; x_wconf 84' lang='grc' dir='ltr'><strong>ὲκ</strong></span> <span class='ocrx_word' id='word_1_10' title='bbox 685 498 780 553; x_wconf 85' lang='grc' dir='ltr'><strong>τοῦ</strong></span> <span class='ocrx_word' id='word_1_11' title='bbox 807 496 941 551; x_wconf 87' lang='grc' dir='ltr'><strong>Θεοῦ</strong></span> <span class='ocrx_word' id='word_1_12' title='bbox 989 499 1300 570; x_wconf 88' lang='grc' dir='ltr'>λεγόμενον,</span> <span class='ocrx_word' id='word_1_13' title='bbox 1340 501 1472 554; x_wconf 80' lang='grc' dir='ltr'>ἴδιον</span> <span class='ocrx_word' id='word_1_14' title='bbox 1515 496 1655 555; x_wconf 84' lang='grc' dir='ltr'>εἶναι</span> <span class='ocrx_word' id='word_1_15' title='bbox 1687 518 1771 555; x_wconf 72' lang='grc' dir='ltr'>καιι</span> 
     </span>
    </p>
   </div>
   <div class='ocr_carea' id='block_1_5' title="bbox 1889 496 3481 576">
    <p class='ocr_par' dir='ltr' id='par_1_5' title="bbox 1909 500 3481 576">
     <span class='ocr_line' id='line_1_5' title="bbox 1909 500 3481 576; baseline 0.003 -19"><span class='ocrx_word' id='word_1_16' title='bbox 1909 501 1994 557; x_wconf 89' lang='lat' dir='ltr'><strong>lus</strong></span> <span class='ocrx_word' id='word_1_17' title='bbox 2015 502 2083 558; x_wconf 75' lang='grc'><strong>⁸⁸.</strong></span> <span class='ocrx_word' id='word_1_18' title='bbox 2114 501 2288 559; x_wconf 85' lang='lat' dir='ltr'><strong>Porro</strong></span> <span class='ocrx_word' id='word_1_19' title='bbox 2329 503 2377 559; x_wconf 94' lang='lat' dir='ltr'><strong>si</strong></span> <span class='ocrx_word' id='word_1_20' title='bbox 2429 500 2602 558; x_wconf 84' lang='lat' dir='ltr'><strong>Filius</strong></span> <span class='ocrx_word' id='word_1_21' title='bbox 2631 503 2758 574; x_wconf 85' lang='lat' dir='ltr'><strong>quia</strong></span> <span class='ocrx_word' id='word_1_22' title='bbox 2798 511 2885 560; x_wconf 89' lang='lat' dir='ltr'><strong>est</strong></span> <span class='ocrx_word' id='word_1_23' title='bbox 2920 518 2988 559; x_wconf 82' lang='lat' dir='ltr'><strong>ex</strong></span> <span class='ocrx_word' id='word_1_24' title='bbox 3011 502 3192 571; x_wconf 88' lang='lat' dir='ltr'><strong>Patre,</strong></span> <span class='ocrx_word' id='word_1_25' title='bbox 3223 505 3481 576; x_wconf 89' lang='lat' dir='ltr'><strong>proprius</strong></span> 
     </span>
    </p>
   </div>
   <div class='ocr_carea' id='block_1_6' title="bbox 214 589 1801 662">
    <p class='ocr_par' dir='ltr' id='par_1_6' title="bbox 214 589 1801 662">
     <span class='ocr_line' id='line_1_6' title="bbox 214 589 1801 662; baseline -0.001 -16"><span class='ocrx_word' id='word_1_26' title='bbox 214 591 406 646; x_wconf 80' lang='grc' dir='ltr'>οὐσίαν</span> <span class='ocrx_word' id='word_1_27' title='bbox 429 589 523 643; x_wconf 88' lang='grc' dir='ltr'><strong>τοῦ</strong></span> <span class='ocrx_word' id='word_1_28' title='bbox 552 589 703 642; x_wconf 89' lang='grc' dir='ltr'>Υίοῦ.</span> <span class='ocrx_word' id='word_1_29' title='bbox 729 589 943 660; x_wconf 78' lang='grc' dir='ltr'><strong>Ἀμέλει</strong></span> <span class='ocrx_word' id='word_1_30' title='bbox 968 589 1062 643; x_wconf 87' lang='grc' dir='ltr'><strong>τοῦ</strong></span> <span class='ocrx_word' id='word_1_31' title='bbox 1095 591 1301 662; x_wconf 81' lang='grc' dir='ltr'><strong>Κυρίου</strong></span> <span class='ocrx_word' id='word_1_32' title='bbox 1324 591 1476 655; x_wconf 71' lang='grc' dir='ltr'>ὄντος</span> <span class='ocrx_word' id='word_1_33' title='bbox 1495 592 1648 657; x_wconf 84' lang='grc' dir='ltr'>Υίοῦ,</span> <span class='ocrx_word' id='word_1_34' title='bbox 1670 593 1801 646; x_wconf 81' lang='grc' dir='ltr'>αὐτὸ</span> 
     </span>
    </p>
   </div>
   <div class='ocr_carea' id='block_1_7' title="bbox 213 679 1800 753">
    <p class='ocr_par' dir='ltr' id='par_1_7' title="bbox 213 679 1800 753">
     <span class='ocr_line' id='line_1_7' title="bbox 213 679 1800 753; baseline 0 -15"><span class='ocrx_word' id='word_1_35' title='bbox 213 683 281 738; x_wconf 78' lang='grc' dir='ltr'>τὺ</span> <span class='ocrx_word' id='word_1_36' title='bbox 311 683 421 753; x_wconf 86' lang='grc'>(21)</span> <span class='ocrx_word' id='word_1_37' title='bbox 455 682 680 752; x_wconf 87' lang='grc' dir='ltr'>Πνεῦμα</span> <span class='ocrx_word' id='word_1_38' title='bbox 717 681 931 752; x_wconf 82' lang='grc' dir='ltr'>εἴρηται</span> <span class='ocrx_word' id='word_1_39' title='bbox 965 679 1188 752; x_wconf 79' lang='grc' dir='ltr'>Πνεῦμα</span> <span class='ocrx_word' id='word_1_40' title='bbox 1227 682 1518 746; x_wconf 79' lang='grc' dir='ltr'>υἱοθεσίας.</span> <span class='ocrx_word' id='word_1_41' title='bbox 1556 685 1667 737; x_wconf 74' lang='grc' dir='ltr'><strong>Καὶ</strong></span> <span class='ocrx_word' id='word_1_42' title='bbox 1693 685 1800 739; x_wconf 78' lang='grc' dir='ltr'>πά·</span> 
     </span>
    </p>
   </div>
   <div class='ocr_carea' id='block_1_8' title="bbox 212 773 1800 846">
    <p class='ocr_par' dir='ltr' id='par_1_8' title="bbox 212 773 1800 846">
     <span class='ocr_line' id='line_1_8' title="bbox 212 773 1800 846; baseline 0.001 -18"><span class='ocrx_word' id='word_1_43' title='bbox 212 775 303 831; x_wconf 87' lang='grc' dir='ltr'><strong>λιν</strong></span> <span class='ocrx_word' id='word_1_44' title='bbox 327 774 421 829; x_wconf 85' lang='grc' dir='ltr'><strong>τοῦ</strong></span> <span class='ocrx_word' id='word_1_45' title='bbox 454 774 585 828; x_wconf 85' lang='grc' dir='ltr'>Υίοῦ</span> <span class='ocrx_word' id='word_1_46' title='bbox 608 774 757 838; x_wconf 72' lang='grc' dir='ltr'>ὄντος</span> <span class='ocrx_word' id='word_1_47' title='bbox 791 773 982 842; x_wconf 80' lang='grc' dir='ltr'>σοφίας</span> <span class='ocrx_word' id='word_1_48' title='bbox 1040 775 1135 833; x_wconf 72' lang='grc' dir='ltr'><strong>κα)⁴</strong></span> <span class='ocrx_word' id='word_1_49' title='bbox 1183 773 1460 845; x_wconf 77' lang='grc' dir='ltr'>ἀληθείας,</span> <span class='ocrx_word' id='word_1_50' title='bbox 1491 775 1800 846; x_wconf 82' lang='grc' dir='ltr'>γέγραπται</span> 
     </span>
    </p>
   </div>
   <div class='ocr_carea' id='block_1_9' title="bbox 212 863 1801 938">
    <p class='ocr_par' dir='ltr' id='par_1_9' title="bbox 212 863 1801 938">
     <span class='ocr_line' id='line_1_9' title="bbox 212 863 1801 938; baseline 0.001 -17"><span class='ocrx_word' id='word_1_51' title='bbox 212 869 275 921; x_wconf 77' lang='grc' dir='ltr'>τὸ</span> <span class='ocrx_word' id='word_1_52' title='bbox 302 867 528 938; x_wconf 81' lang='grc' dir='ltr'>Πνεῦμα</span> <span class='ocrx_word' id='word_1_53' title='bbox 554 863 694 922; x_wconf 80' lang='grc' dir='ltr'>εἶναι</span> <span class='ocrx_word' id='word_1_54' title='bbox 721 865 944 938; x_wconf 87' lang='grc' dir='ltr'>Πνεῦμα</span> <span class='ocrx_word' id='word_1_55' title='bbox 968 867 1158 936; x_wconf 80' lang='grc' dir='ltr'>σοφίας</span> <span class='ocrx_word' id='word_1_56' title='bbox 1182 867 1276 920; x_wconf 80' lang='grc' dir='ltr'>καὶ</span> <span class='ocrx_word' id='word_1_57' title='bbox 1314 867 1592 937; x_wconf 83' lang='grc' dir='ltr'>ἀληθείας.</span> <span class='ocrx_word' id='word_1_58' title='bbox 1630 869 1801 922; x_wconf 89' lang='grc' dir='ltr'>Πάλιν</span> 
     </span>
    </p>
   </div>
   <div class='ocr_carea' id='block_1_10' title="bbox 212 958 1802 1031">
    <p class='ocr_par' dir='ltr' id='par_1_10' title="bbox 212 958 1802 1031">
     <span class='ocr_line' id='line_1_10' title="bbox 212 958 1802 1031; baseline 0.001 -19"><span class='ocrx_word' id='word_1_59' title='bbox 212 977 274 1012; x_wconf 89' lang='grc' dir='ltr'><strong>τε</strong></span> <span class='ocrx_word' id='word_1_60' title='bbox 301 961 329 1012; x_wconf 92' lang='lat'><strong>6</strong></span> <span class='ocrx_word' id='word_1_61' title='bbox 360 959 463 1030; x_wconf 83' lang='grc' dir='ltr'><strong>μὲν</strong></span> <span class='ocrx_word' id='word_1_62' title='bbox 487 958 612 1022; x_wconf 89' lang='grc' dir='ltr'>Υἱός</span> <span class='ocrx_word' id='word_1_63' title='bbox 646 961 764 1012; x_wconf 79' lang='grc' dir='ltr'>ἐστι</span> <span class='ocrx_word' id='word_1_64' title='bbox 783 958 1013 1031; x_wconf 86' lang='grc' dir='ltr'>δύναμις</span> <span class='ocrx_word' id='word_1_65' title='bbox 1037 959 1192 1024; x_wconf 83' lang='grc' dir='ltr'>Θεοῦ,</span> <span class='ocrx_word' id='word_1_66' title='bbox 1221 959 1314 1013; x_wconf 74' lang='grc' dir='ltr'>καὶ</span> <span class='ocrx_word' id='word_1_67' title='bbox 1337 959 1541 1031; x_wconf 89' lang='grc' dir='ltr'>Κύριος</span> <span class='ocrx_word' id='word_1_68' title='bbox 1578 960 1680 1031; x_wconf 84' lang='grc' dir='ltr'><strong>τῆς</strong></span> <span class='ocrx_word' id='word_1_69' title='bbox 1716 961 1802 1013; x_wconf 86' lang='grc' dir='ltr'>δό-</span> 
     </span>
    </p>
   </div>
   <div class='ocr_carea' id='block_1_11' title="bbox 212 1050 1795 1123">
    <p class='ocr_par' dir='ltr' id='par_1_11' title="bbox 212 1050 1795 1123">
     <span class='ocr_line' id='line_1_11' title="bbox 212 1050 1795 1123; baseline 0 -18"><span class='ocrx_word' id='word_1_70' title='bbox 212 1050 334 1120; x_wconf 84' lang='grc' dir='ltr'>ξης·</span> <span class='ocrx_word' id='word_1_71' title='bbox 366 1052 426 1104; x_wconf 85' lang='grc' dir='ltr'><strong>τὸ</strong></span> <span class='ocrx_word' id='word_1_72' title='bbox 454 1050 513 1102; x_wconf 81' lang='grc' dir='ltr'><strong>δὲ</strong></span> <span class='ocrx_word' id='word_1_73' title='bbox 554 1050 780 1121; x_wconf 85' lang='grc' dir='ltr'>Πνεῦμα</span> <span class='ocrx_word' id='word_1_74' title='bbox 830 1051 1048 1120; x_wconf 80' lang='grc' dir='ltr'>λέγεται</span> <span class='ocrx_word' id='word_1_75' title='bbox 1092 1051 1315 1123; x_wconf 84' lang='grc' dir='ltr'>Πνεῦμα</span> <span class='ocrx_word' id='word_1_76' title='bbox 1349 1051 1626 1123; x_wconf 89' lang='grc' dir='ltr'>δυνάμεως</span> <span class='ocrx_word' id='word_1_77' title='bbox 1661 1052 1795 1122; x_wconf 90' lang='grc'>(22),</span> 
     </span>
    </p>
   </div>
   <div class='ocr_carea' id='block_1_12' title="bbox 213 1141 1800 1217">
    <p class='ocr_par' dir='ltr' id='par_1_12' title="bbox 213 1141 1800 1217">
     <span class='ocr_line' id='line_1_12' title="bbox 213 1141 1800 1217; baseline 0.003 -23"><span class='ocrx_word' id='word_1_78' title='bbox 213 1143 312 1194; x_wconf 73' lang='grc' dir='ltr'>καὶ</span> <span class='ocrx_word' id='word_1_79' title='bbox 332 1142 558 1213; x_wconf 83' lang='grc' dir='ltr'>Πνεῦμα</span> <span class='ocrx_word' id='word_1_80' title='bbox 581 1141 682 1212; x_wconf 77' lang='grc' dir='ltr'>τῆς</span> <span class='ocrx_word' id='word_1_81' title='bbox 707 1141 885 1212; x_wconf 81' lang='grc' dir='ltr'><strong>δόξης,</strong></span> <span class='ocrx_word' id='word_1_82' title='bbox 915 1141 1088 1204; x_wconf 72' lang='grc' dir='ltr'>οὕτως</span> <span class='ocrx_word' id='word_1_83' title='bbox 1137 1144 1223 1212; x_wconf 81' lang='grc' dir='ltr'>ἐφ’</span> <span class='ocrx_word' id='word_1_84' title='bbox 1243 1142 1473 1196; x_wconf 80' lang='grc' dir='ltr'>ἑκάστου</span> <span class='ocrx_word' id='word_1_85' title='bbox 1526 1145 1628 1214; x_wconf 81' lang='grc' dir='ltr'>τῆς</span> <span class='ocrx_word' id='word_1_86' title='bbox 1659 1145 1800 1217; x_wconf 85' lang='grc' dir='ltr'>Γρα-</span> 
     </span>
    </p>
   </div>
   <div class='ocr_carea' id='block_1_13' title="bbox 215 1231 1791 1306">
    <p class='ocr_par' dir='ltr' id='par_1_13' title="bbox 215 1231 1791 1306">
     <span class='ocr_line' id='line_1_13' title="bbox 215 1231 1791 1306; baseline 0.003 -24"><span class='ocrx_word' id='word_1_87' title='bbox 215 1231 324 1301; x_wconf 81' lang='grc' dir='ltr'>φῆς</span> <span class='ocrx_word' id='word_1_88' title='bbox 354 1231 638 1302; x_wconf 82' lang='grc' dir='ltr'>λεγούσης·</span> <span class='ocrx_word' id='word_1_89' title='bbox 657 1232 749 1284; x_wconf 84' lang='grc' dir='ltr'><strong>τοῦ</strong></span> <span class='ocrx_word' id='word_1_90' title='bbox 777 1233 873 1303; x_wconf 82' lang='grc' dir='ltr'><strong>μὲν</strong></span> <span class='ocrx_word' id='word_1_91' title='bbox 898 1233 1110 1285; x_wconf 80' lang='grc' dir='ltr'>Παύλου</span> <span class='ocrx_word' id='word_1_92' title='bbox 1141 1233 1444 1304; x_wconf 84' lang='grc' dir='ltr'>γράφοντος</span> <span class='ocrx_word' id='word_1_93' title='bbox 1467 1233 1791 1306; x_wconf 87' lang='grc' dir='ltr'>Κορινθίοις·</span> 
     </span>
    </p>
   </div>
   <div class='ocr_carea' id='block_1_14' title="bbox 219 1323 1797 1400">
    <p class='ocr_par' dir='ltr' id='par_1_14' title="bbox 219 1323 1797 1400">
     <span class='ocr_line' id='line_1_14' title="bbox 219 1323 1797 1400; baseline 0.003 -24"><span class='ocrx_word' id='word_1_94' title='bbox 219 1345 238 1376; x_wconf 77' lang='grc' dir='ltr'><strong>ι</strong></span> <span class='ocrx_word' id='word_1_95' title='bbox 264 1326 332 1377; x_wconf 81' lang='grc' dir='ltr'><strong>Εἰ</strong></span> <span class='ocrx_word' id='word_1_96' title='bbox 360 1323 472 1395; x_wconf 84' lang='grc' dir='ltr'>γὰρ</span> <span class='ocrx_word' id='word_1_97' title='bbox 511 1324 773 1392; x_wconf 78' lang='grc' dir='ltr'>ἔγνωσαν,</span> <span class='ocrx_word' id='word_1_98' title='bbox 828 1325 929 1378; x_wconf 69' lang='grc' dir='ltr'>οὐκ</span> <span class='ocrx_word' id='word_1_99' title='bbox 987 1325 1052 1379; x_wconf 83' lang='grc' dir='ltr'><strong>ἂν</strong></span> <span class='ocrx_word' id='word_1_100' title='bbox 1111 1325 1203 1378; x_wconf 85' lang='grc' dir='ltr'><strong>τὸν</strong></span> <span class='ocrx_word' id='word_1_101' title='bbox 1247 1325 1451 1396; x_wconf 83' lang='grc' dir='ltr'>Κύριον</span> <span class='ocrx_word' id='word_1_102' title='bbox 1495 1330 1595 1399; x_wconf 85' lang='grc' dir='ltr'><strong>τῆς</strong></span> <span class='ocrx_word' id='word_1_103' title='bbox 1640 1327 1797 1400; x_wconf 82' lang='grc' dir='ltr'><strong>δόξης</strong></span> 
     </span>
    </p>
   </div>
   <div class='ocr_carea' id='block_1_15' title="bbox 211 1417 1796 1490">
    <p class='ocr_par' dir='ltr' id='par_1_15' title="bbox 211 1417 1796 1490">
     <span class='ocr_line' id='line_1_15' title="bbox 211 1417 1796 1490; baseline 0.001 -19"><span class='ocrx_word' id='word_1_104' title='bbox 211 1417 585 1488; x_wconf 71' lang='grc' dir='ltr'>ἐσταύρωσαν·</span> <span class='ocrx_word' id='word_1_105' title='bbox 626 1437 644 1468; x_wconf 86' lang='grc' dir='ltr'><strong>ι</strong></span> <span class='ocrx_word' id='word_1_106' title='bbox 699 1417 793 1470; x_wconf 78' lang='grc' dir='ltr'><strong>καὶ</strong></span> <span class='ocrx_word' id='word_1_107' title='bbox 846 1418 904 1471; x_wconf 80' lang='grc' dir='ltr'>ἐν</span> <span class='ocrx_word' id='word_1_108' title='bbox 957 1417 1182 1489; x_wconf 81' lang='grc' dir='ltr'>ἑτέροις·</span> <span class='ocrx_word' id='word_1_109' title='bbox 1243 1437 1262 1470; x_wconf 76' lang='grc' dir='ltr'><strong>ι</strong></span> <span class='ocrx_word' id='word_1_110' title='bbox 1294 1419 1368 1473; x_wconf 87' lang='grc' dir='ltr'>Ού</span> <span class='ocrx_word' id='word_1_111' title='bbox 1419 1418 1528 1490; x_wconf 83' lang='grc' dir='ltr'><strong>γὰρ</strong></span> <span class='ocrx_word' id='word_1_112' title='bbox 1574 1418 1796 1474; x_wconf 76' lang='grc' dir='ltr'>ἐλάϐετε</span> 
     </span>
    </p>
   </div>
   <div class='ocr_carea' id='block_1_16' title="bbox 208 1508 1794 1580">
    <p class='ocr_par' dir='ltr' id='par_1_16' title="bbox 208 1508 1794 1580">
     <span class='ocr_line' id='line_1_16' title="bbox 208 1508 1794 1580; baseline 0.002 -18"><span class='ocrx_word' id='word_1_113' title='bbox 208 1510 431 1580; x_wconf 85' lang='grc' dir='ltr'>πνεῦμα</span> <span class='ocrx_word' id='word_1_114' title='bbox 498 1508 738 1572; x_wconf 86' lang='grc' dir='ltr'>δουλείας</span> <span class='ocrx_word' id='word_1_115' title='bbox 815 1509 978 1563; x_wconf 86' lang='grc' dir='ltr'>πάλιν</span> <span class='ocrx_word' id='word_1_116' title='bbox 1031 1513 1112 1574; x_wconf 90' lang='grc' dir='ltr'><strong>είς</strong></span> <span class='ocrx_word' id='word_1_117' title='bbox 1163 1510 1344 1579; x_wconf 80' lang='grc' dir='ltr'>φόϐον·</span> <span class='ocrx_word' id='word_1_118' title='bbox 1407 1511 1521 1565; x_wconf 85' lang='grc' dir='ltr'>ἀλλ’</span> <span class='ocrx_word' id='word_1_119' title='bbox 1573 1511 1794 1566; x_wconf 73' lang='grc' dir='ltr'>ἐλάϐετε</span> 
     </span>
    </p>
   </div>
   <div class='ocr_carea' id='block_1_17' title="bbox 208 1600 1793 1674">
    <p class='ocr_par' dir='ltr' id='par_1_17' title="bbox 208 1600 1793 1674">
     <span class='ocr_line' id='line_1_17' title="bbox 208 1600 1793 1674; baseline 0.002 -19"><span class='ocrx_word' id='word_1_120' title='bbox 208 1603 438 1674; x_wconf 87' lang='grc' dir='ltr'>Πνεῦμα</span> <span class='ocrx_word' id='word_1_121' title='bbox 485 1601 776 1666; x_wconf 82' lang='grc' dir='ltr'>υἱοθεσίας·</span> <span class='ocrx_word' id='word_1_122' title='bbox 816 1621 835 1654; x_wconf 80' lang='grc' dir='ltr'><strong>ι</strong></span> <span class='ocrx_word' id='word_1_123' title='bbox 891 1603 987 1656; x_wconf 76' lang='grc' dir='ltr'>καὶ</span> <span class='ocrx_word' id='word_1_124' title='bbox 1044 1600 1218 1668; x_wconf 79' lang='grc' dir='ltr'>αὖθις·</span> <span class='ocrx_word' id='word_1_125' title='bbox 1269 1623 1288 1655; x_wconf 76' lang='grc' dir='ltr'><strong>ι</strong></span> <span class='ocrx_word' id='word_1_126' title='bbox 1330 1603 1793 1669; x_wconf 83' lang='grc' dir='ltr'>Ἐξαπέστειλενό</span> 
     </span>
    </p>
   </div>
   <div class='ocr_carea' id='block_1_18' title="bbox 206 1693 1793 1766">
    <p class='ocr_par' dir='ltr' id='par_1_18' title="bbox 206 1693 1793 1766">
     <span class='ocr_line' id='line_1_18' title="bbox 206 1693 1793 1766; baseline 0.001 -19"><span class='ocrx_word' id='word_1_127' title='bbox 206 1693 344 1757; x_wconf 85' lang='grc' dir='ltr'>Θεὸς</span> <span class='ocrx_word' id='word_1_128' title='bbox 371 1694 434 1746; x_wconf 79' lang='grc' dir='ltr'><strong>τὸ</strong></span> <span class='ocrx_word' id='word_1_129' title='bbox 463 1693 687 1764; x_wconf 82' lang='grc' dir='ltr'>Πνεῦμα</span> <span class='ocrx_word' id='word_1_130' title='bbox 737 1693 835 1746; x_wconf 89' lang='grc' dir='ltr'><strong>τοῦ</strong></span> <span class='ocrx_word' id='word_1_131' title='bbox 896 1693 1026 1747; x_wconf 86' lang='grc' dir='ltr'>Υίοῦ</span> <span class='ocrx_word' id='word_1_132' title='bbox 1091 1694 1256 1747; x_wconf 80' lang='grc' dir='ltr'>αὐτοῦ</span> <span class='ocrx_word' id='word_1_133' title='bbox 1292 1697 1372 1759; x_wconf 81' lang='grc' dir='ltr'>εἰς</span> <span class='ocrx_word' id='word_1_134' title='bbox 1414 1695 1512 1758; x_wconf 84' lang='grc' dir='ltr'>τὰς</span> <span class='ocrx_word' id='word_1_135' title='bbox 1566 1694 1793 1766; x_wconf 87' lang='grc' dir='ltr'>καρδίας</span> 
     </span>
    </p>
   </div>
   <div class='ocr_carea' id='block_1_19' title="bbox 208 1783 1791 1857">
    <p class='ocr_par' dir='ltr' id='par_1_19' title="bbox 208 1783 1791 1857">
     <span class='ocr_line' id='line_1_19' title="bbox 208 1783 1791 1857; baseline 0.003 -21"><span class='ocrx_word' id='word_1_136' title='bbox 208 1784 366 1856; x_wconf 85' lang='grc' dir='ltr'>ὑμῶν</span> <span class='ocrx_word' id='word_1_137' title='bbox 399 1784 535 1854; x_wconf 76' lang='grc'>(25),</span> <span class='ocrx_word' id='word_1_138' title='bbox 563 1784 783 1856; x_wconf 77' lang='grc' dir='ltr'>κράζον-</span> <span class='ocrx_word' id='word_1_139' title='bbox 829 1783 1016 1848; x_wconf 65' lang='grc' dir='ltr'>Ἀδδεί,</span> <span class='ocrx_word' id='word_1_140' title='bbox 1067 1786 1096 1836; x_wconf 98' lang='lat'><strong>6</strong></span> <span class='ocrx_word' id='word_1_141' title='bbox 1126 1785 1367 1854; x_wconf 81' lang='grc' dir='ltr'>Πατήρ.»</span> <span class='ocrx_word' id='word_1_142' title='bbox 1418 1787 1473 1839; x_wconf 89' lang='lat'><strong>&#39;0</strong></span> <span class='ocrx_word' id='word_1_143' title='bbox 1499 1786 1555 1838; x_wconf 78' lang='grc' dir='ltr'>δὲ</span> <span class='ocrx_word' id='word_1_144' title='bbox 1586 1787 1791 1857; x_wconf 81' lang='grc' dir='ltr'>Πέτρος</span> 
     </span>
    </p>
   </div>
   <div class='ocr_carea' id='block_1_20' title="bbox 1903 595 3486 667">
    <p class='ocr_par' dir='ltr' id='par_1_20' title="bbox 1903 595 3486 667">
     <span class='ocr_line' id='line_1_20' title="bbox 1903 595 3486 667; baseline 0.004 -18"><span class='ocrx_word' id='word_1_145' title='bbox 1903 595 2110 652; x_wconf 91' lang='lat' dir='ltr'><strong>idcirco</strong></span> <span class='ocrx_word' id='word_1_146' title='bbox 2135 597 2379 667; x_wconf 85' lang='lat' dir='ltr'><strong>ejusdem</strong></span> <span class='ocrx_word' id='word_1_147' title='bbox 2425 597 2744 652; x_wconf 88' lang='lat' dir='ltr'><strong>substantia</strong></span> <span class='ocrx_word' id='word_1_148' title='bbox 2772 606 2898 664; x_wconf 88' lang='lat' dir='ltr'><strong>est;</strong></span> <span class='ocrx_word' id='word_1_149' title='bbox 2925 612 3148 654; x_wconf 88' lang='lat' dir='ltr'><strong>necesse</strong></span> <span class='ocrx_word' id='word_1_150' title='bbox 3175 607 3260 654; x_wconf 91' lang='lat' dir='ltr'><strong>est</strong></span> <span class='ocrx_word' id='word_1_151' title='bbox 3288 596 3486 655; x_wconf 90' lang='lat' dir='ltr'><strong>simili-</strong></span> 
     </span>
    </p>
   </div>
   <div class='ocr_carea' id='block_1_21' title="bbox 1903 687 3483 762">
    <p class='ocr_par' dir='ltr' id='par_1_21' title="bbox 1903 687 3483 762">
     <span class='ocr_line' id='line_1_21' title="bbox 1903 687 3483 762; baseline 0.003 -19"><span class='ocrx_word' id='word_1_152' title='bbox 1903 698 1987 747; x_wconf 89' lang='lat' dir='ltr'><strong>ter</strong></span> <span class='ocrx_word' id='word_1_153' title='bbox 2009 687 2270 760; x_wconf 80' lang='lat' dir='ltr'><strong>Spiritum</strong></span> <span class='ocrx_word' id='word_1_154' title='bbox 2290 690 2388 760; x_wconf 87' lang='lat' dir='ltr'><strong>qui</strong></span> <span class='ocrx_word' id='word_1_155' title='bbox 2415 705 2482 744; x_wconf 85' lang='lat' dir='ltr'><strong>ex</strong></span> <span class='ocrx_word' id='word_1_156' title='bbox 2508 689 2620 745; x_wconf 87' lang='lat' dir='ltr'><strong>Deo</strong></span> <span class='ocrx_word' id='word_1_157' title='bbox 2642 703 2766 744; x_wconf 84' lang='lat' dir='ltr'><strong>esse</strong></span> <span class='ocrx_word' id='word_1_158' title='bbox 2793 689 3011 756; x_wconf 89' lang='lat' dir='ltr'><strong>dicitur,</strong></span> <span class='ocrx_word' id='word_1_159' title='bbox 3035 690 3314 760; x_wconf 90' lang='lat' dir='ltr'><strong>proprium</strong></span> <span class='ocrx_word' id='word_1_160' title='bbox 3342 707 3483 762; x_wconf 92' lang='lat' dir='ltr'><strong>quo-</strong></span> 
     </span>
    </p>
   </div>
   <div class='ocr_carea' id='block_1_22' title="bbox 1903 781 3485 855">
    <p class='ocr_par' dir='ltr' id='par_1_22' title="bbox 1903 781 3485 855">
     <span class='ocr_line' id='line_1_22' title="bbox 1903 781 3485 855; baseline 0 -17"><span class='ocrx_word' id='word_1_161' title='bbox 1903 799 2011 854; x_wconf 91' lang='lat' dir='ltr'><strong>que</strong></span> <span class='ocrx_word' id='word_1_162' title='bbox 2053 782 2172 837; x_wconf 81' lang='lat' dir='ltr'><strong>Filii</strong></span> <span class='ocrx_word' id='word_1_163' title='bbox 2210 798 2333 838; x_wconf 90' lang='lat' dir='ltr'><strong>esse</strong></span> <span class='ocrx_word' id='word_1_164' title='bbox 2361 783 2662 837; x_wconf 87' lang='lat' dir='ltr'><strong>secundum</strong></span> <span class='ocrx_word' id='word_1_165' title='bbox 2693 782 3074 838; x_wconf 82' lang='lat' dir='ltr'><strong>substantiam.</strong></span> <span class='ocrx_word' id='word_1_166' title='bbox 3106 781 3266 838; x_wconf 83' lang='lat' dir='ltr'><strong>Certe</strong></span> <span class='ocrx_word' id='word_1_167' title='bbox 3291 799 3485 855; x_wconf 84' lang='lat' dir='ltr'><strong>quem-</strong></span> 
     </span>
    </p>
   </div>
   <div class='ocr_carea' id='block_1_23' title="bbox 1904 873 3483 946">
    <p class='ocr_par' dir='ltr' id='par_1_23' title="bbox 1904 873 3483 946">
     <span class='ocr_line' id='line_1_23' title="bbox 1904 873 3483 946; baseline 0 -16"><span class='ocrx_word' id='word_1_168' title='bbox 1904 876 2198 930; x_wconf 89' lang='lat' dir='ltr'><strong>admodum</strong></span> <span class='ocrx_word' id='word_1_169' title='bbox 2224 875 2490 930; x_wconf 88' lang='lat' dir='ltr'><strong>Dominus</strong></span> <span class='ocrx_word' id='word_1_170' title='bbox 2518 883 2603 930; x_wconf 88' lang='lat' dir='ltr'><strong>est</strong></span> <span class='ocrx_word' id='word_1_171' title='bbox 2628 873 2824 938; x_wconf 88' lang='lat' dir='ltr'><strong>Filius,</strong></span> <span class='ocrx_word' id='word_1_172' title='bbox 2861 875 2936 929; x_wconf 91' lang='lat' dir='ltr'><strong>ita</strong></span> <span class='ocrx_word' id='word_1_173' title='bbox 2960 875 3078 944; x_wconf 91' lang='lat' dir='ltr'><strong>ipse</strong></span> <span class='ocrx_word' id='word_1_174' title='bbox 3101 873 3339 945; x_wconf 83' lang='lat' dir='ltr'><strong>Spiritus</strong></span> <span class='ocrx_word' id='word_1_175' title='bbox 3371 877 3483 946; x_wconf 88' lang='lat' dir='ltr'><strong>spi-</strong></span> 
     </span>
    </p>
   </div>
   <div class='ocr_carea' id='block_1_24' title="bbox 1901 964 3482 1037">
    <p class='ocr_par' dir='ltr' id='par_1_24' title="bbox 1901 964 3482 1037">
     <span class='ocr_line' id='line_1_24' title="bbox 1901 964 3482 1037; baseline -0.001 -15"><span class='ocrx_word' id='word_1_176' title='bbox 1901 969 2041 1023; x_wconf 88' lang='lat' dir='ltr'><strong>ritus</strong></span> <span class='ocrx_word' id='word_1_177' title='bbox 2063 967 2373 1037; x_wconf 88' lang='lat' dir='ltr'><strong>adoptionis</strong></span> <span class='ocrx_word' id='word_1_178' title='bbox 2393 967 2572 1022; x_wconf 89' lang='lat' dir='ltr'><strong>dictus</strong></span> <span class='ocrx_word' id='word_1_179' title='bbox 2593 975 2696 1021; x_wconf 90' lang='lat' dir='ltr'><strong>est.</strong></span> <span class='ocrx_word' id='word_1_180' title='bbox 2715 964 2788 1020; x_wconf 92' lang='lat' dir='ltr'><strong>Ut</strong></span> <span class='ocrx_word' id='word_1_181' title='bbox 2807 966 2936 1020; x_wconf 87' lang='lat' dir='ltr'><strong>item</strong></span> <span class='ocrx_word' id='word_1_182' title='bbox 2959 964 3132 1020; x_wconf 89' lang='lat' dir='ltr'><strong>Filius</strong></span> <span class='ocrx_word' id='word_1_183' title='bbox 3153 975 3240 1021; x_wconf 91' lang='lat' dir='ltr'><strong>est</strong></span> <span class='ocrx_word' id='word_1_184' title='bbox 3263 967 3482 1036; x_wconf 84' lang='lat' dir='ltr'><strong>sapien-</strong></span> 
     </span>
    </p>
   </div>
   <div class='ocr_carea' id='block_1_25' title="bbox 1901 1055 3481 1127">
    <p class='ocr_par' dir='ltr' id='par_1_25' title="bbox 1901 1055 3481 1127">
     <span class='ocr_line' id='line_1_25' title="bbox 1901 1055 3481 1127; baseline 0.002 -18"><span class='ocrx_word' id='word_1_185' title='bbox 1901 1055 1980 1110; x_wconf 85' lang='lat' dir='ltr'><strong>tia</strong></span> <span class='ocrx_word' id='word_1_186' title='bbox 2009 1065 2065 1110; x_wconf 91' lang='lat' dir='ltr'><strong>et</strong></span> <span class='ocrx_word' id='word_1_187' title='bbox 2093 1055 2332 1121; x_wconf 90' lang='lat' dir='ltr'><strong>veritas;</strong></span> <span class='ocrx_word' id='word_1_188' title='bbox 2361 1055 2442 1111; x_wconf 90' lang='lat' dir='ltr'><strong>sic</strong></span> <span class='ocrx_word' id='word_1_189' title='bbox 2470 1055 2632 1110; x_wconf 90' lang='lat' dir='ltr'><strong>etiam</strong></span> <span class='ocrx_word' id='word_1_190' title='bbox 2661 1055 2922 1125; x_wconf 89' lang='lat' dir='ltr'><strong>scriptum</strong></span> <span class='ocrx_word' id='word_1_191' title='bbox 2959 1063 3044 1110; x_wconf 88' lang='lat' dir='ltr'><strong>est</strong></span> <span class='ocrx_word' id='word_1_192' title='bbox 3069 1055 3334 1127; x_wconf 88' lang='lat' dir='ltr'><strong>Spiritum</strong></span> <span class='ocrx_word' id='word_1_193' title='bbox 3358 1072 3481 1113; x_wconf 89' lang='lat' dir='ltr'><strong>esse</strong></span> 
     </span>
    </p>
   </div>
   <div class='ocr_carea' id='block_1_26' title="bbox 1902 1147 3478 1218">
    <p class='ocr_par' dir='ltr' id='par_1_26' title="bbox 1902 1147 3478 1218">
     <span class='ocr_line' id='line_1_26' title="bbox 1902 1147 3478 1218; baseline 0.002 -16"><span class='ocrx_word' id='word_1_194' title='bbox 1902 1147 2152 1217; x_wconf 87' lang='lat' dir='ltr'><strong>spiritum</strong></span> <span class='ocrx_word' id='word_1_195' title='bbox 2183 1148 2464 1218; x_wconf 84' lang='lat' dir='ltr'><strong>sapientiae</strong></span> <span class='ocrx_word' id='word_1_196' title='bbox 2491 1148 2536 1179; x_wconf 80' lang='grc'><strong>⁵⁷</strong></span> <span class='ocrx_word' id='word_1_197' title='bbox 2569 1157 2622 1202; x_wconf 86' lang='grc' dir='ltr'><strong>ει</strong></span> <span class='ocrx_word' id='word_1_198' title='bbox 2645 1147 2893 1202; x_wconf 86' lang='lat' dir='ltr'><strong>veritatis</strong></span> <span class='ocrx_word' id='word_1_199' title='bbox 2913 1147 2979 1202; x_wconf 78' lang='grc'><strong>⁵³.</strong></span> <span class='ocrx_word' id='word_1_200' title='bbox 3011 1147 3182 1204; x_wconf 90' lang='lat' dir='ltr'><strong>Filius</strong></span> <span class='ocrx_word' id='word_1_201' title='bbox 3204 1156 3290 1205; x_wconf 90' lang='lat' dir='ltr'><strong>est</strong></span> <span class='ocrx_word' id='word_1_202' title='bbox 3311 1149 3478 1205; x_wconf 88' lang='lat' dir='ltr'><strong>etiam</strong></span> 
     </span>
    </p>
   </div>
   <div class='ocr_carea' id='block_1_27' title="bbox 1898 1239 3478 1312">
    <p class='ocr_par' dir='ltr' id='par_1_27' title="bbox 1898 1239 3478 1312">
     <span class='ocr_line' id='line_1_27' title="bbox 1898 1239 3478 1312; baseline 0.003 -19"><span class='ocrx_word' id='word_1_203' title='bbox 1898 1241 2072 1295; x_wconf 86' lang='lat' dir='ltr'><strong>virtus</strong></span> <span class='ocrx_word' id='word_1_204' title='bbox 2098 1240 2192 1296; x_wconf 86' lang='lat' dir='ltr'><strong>Dei</strong></span> <span class='ocrx_word' id='word_1_205' title='bbox 2219 1241 2264 1274; x_wconf 80' lang='lat'><strong>”</strong></span> <span class='ocrx_word' id='word_1_206' title='bbox 2287 1251 2340 1296; x_wconf 93' lang='lat' dir='ltr'><strong>et</strong></span> <span class='ocrx_word' id='word_1_207' title='bbox 2368 1241 2632 1297; x_wconf 91' lang='lat' dir='ltr'><strong>Dominus</strong></span> <span class='ocrx_word' id='word_1_208' title='bbox 2657 1241 2842 1312; x_wconf 78' lang='lat' dir='ltr'><strong>gloria:</strong></span> <span class='ocrx_word' id='word_1_209' title='bbox 2865 1241 2932 1296; x_wconf 67' lang='grc' dir='ltr'><strong>⁸ο.</strong></span> <span class='ocrx_word' id='word_1_210' title='bbox 2960 1239 3219 1298; x_wconf 89' lang='lat' dir='ltr'><strong>Similiter</strong></span> <span class='ocrx_word' id='word_1_211' title='bbox 3243 1240 3478 1312; x_wconf 76' lang='lat' dir='ltr'><strong>Spiritus</strong></span> 
     </span>
    </p>
   </div>
   <div class='ocr_carea' id='block_1_28' title="bbox 1897 1329 3477 1402">
    <p class='ocr_par' dir='ltr' id='par_1_28' title="bbox 1897 1329 3477 1402">
     <span class='ocr_line' id='line_1_28' title="bbox 1897 1329 3477 1402; baseline 0.002 -18"><span class='ocrx_word' id='word_1_212' title='bbox 1897 1331 2097 1386; x_wconf 90' lang='lat' dir='ltr'><strong>dicitur</strong></span> <span class='ocrx_word' id='word_1_213' title='bbox 2127 1329 2362 1400; x_wconf 86' lang='lat' dir='ltr'><strong>Spiritus</strong></span> <span class='ocrx_word' id='word_1_214' title='bbox 2379 1332 2595 1387; x_wconf 87' lang='lat' dir='ltr'><strong>virtutis</strong></span> <span class='ocrx_word' id='word_1_215' title='bbox 2617 1341 2671 1387; x_wconf 90' lang='lat' dir='ltr'><strong>et</strong></span> <span class='ocrx_word' id='word_1_216' title='bbox 2697 1332 2936 1402; x_wconf 89' lang='lat' dir='ltr'><strong>Spiritus</strong></span> <span class='ocrx_word' id='word_1_217' title='bbox 2959 1332 3166 1402; x_wconf 92' lang='lat' dir='ltr'><strong>gloria,</strong></span> <span class='ocrx_word' id='word_1_218' title='bbox 3192 1332 3260 1387; x_wconf 87' lang='lat' dir='ltr'><strong>de</strong></span> <span class='ocrx_word' id='word_1_219' title='bbox 3276 1333 3477 1402; x_wconf 86' lang='lat' dir='ltr'><strong>quibus</strong></span> 
     </span>
    </p>
   </div>
   <div class='ocr_carea' id='block_1_29' title="bbox 1897 1421 3477 1495">
    <p class='ocr_par' dir='ltr' id='par_1_29' title="bbox 1897 1421 3477 1495">
     <span class='ocr_line' id='line_1_29' title="bbox 1897 1421 3477 1495; baseline -0.001 -15"><span class='ocrx_word' id='word_1_220' title='bbox 1897 1424 2127 1495; x_wconf 79' lang='lat' dir='ltr'><strong>singulis</strong></span> <span class='ocrx_word' id='word_1_221' title='bbox 2159 1425 2240 1479; x_wconf 91' lang='lat' dir='ltr'><strong>sic</strong></span> <span class='ocrx_word' id='word_1_222' title='bbox 2281 1423 2521 1494; x_wconf 88' lang='lat' dir='ltr'><strong>loquitur</strong></span> <span class='ocrx_word' id='word_1_223' title='bbox 2551 1421 2854 1493; x_wconf 89' lang='lat' dir='ltr'><strong>Scriptura,</strong></span> <span class='ocrx_word' id='word_1_224' title='bbox 2887 1438 3084 1494; x_wconf 87' lang='lat' dir='ltr'><strong>nempe</strong></span> <span class='ocrx_word' id='word_1_225' title='bbox 3131 1424 3225 1478; x_wconf 89' lang='lat' dir='ltr'><strong>ubi</strong></span> <span class='ocrx_word' id='word_1_226' title='bbox 3273 1422 3477 1479; x_wconf 84' lang='lat' dir='ltr'><strong>Paulus</strong></span> 
     </span>
    </p>
   </div>
   <div class='ocr_carea' id='block_1_30' title="bbox 1895 1511 3478 1584">
    <p class='ocr_par' dir='ltr' id='par_1_30' title="bbox 1895 1511 3478 1584">
     <span class='ocr_line' id='line_1_30' title="bbox 1895 1511 3478 1584; baseline 0 -15"><span class='ocrx_word' id='word_1_227' title='bbox 1895 1514 1965 1569; x_wconf 90' lang='lat' dir='ltr'><strong>ad</strong></span> <span class='ocrx_word' id='word_1_228' title='bbox 1992 1513 2305 1570; x_wconf 88' lang='lat' dir='ltr'><strong>Corinthios</strong></span> <span class='ocrx_word' id='word_1_229' title='bbox 2331 1513 2518 1568; x_wconf 81' lang='lat' dir='ltr'><strong>scribit</strong></span> <span class='ocrx_word' id='word_1_230' title='bbox 2543 1531 2557 1568; x_wconf 90' lang='lat'><strong>:</strong></span> <span class='ocrx_word' id='word_1_231' title='bbox 2596 1531 2615 1564; x_wconf 86' lang='grc'><em>‹</em></span> <span class='ocrx_word' id='word_1_232' title='bbox 2636 1511 2694 1568; x_wconf 92' lang='lat' dir='ltr'><strong>Si</strong></span> <span class='ocrx_word' id='word_1_233' title='bbox 2727 1515 2870 1568; x_wconf 90' lang='lat' dir='ltr'><strong>enim</strong></span> <span class='ocrx_word' id='word_1_234' title='bbox 2905 1515 3310 1584; x_wconf 82' lang='lat' dir='ltr'><strong>cognovissent,</strong></span> <span class='ocrx_word' id='word_1_235' title='bbox 3337 1529 3478 1569; x_wconf 91' lang='lat' dir='ltr'><strong>nun-</strong></span> 
     </span>
    </p>
   </div>
   <div class='ocr_carea' id='block_1_31' title="bbox 1894 1603 3472 1676">
    <p class='ocr_par' dir='ltr' id='par_1_31' title="bbox 1894 1603 3472 1676">
     <span class='ocr_line' id='line_1_31' title="bbox 1894 1603 3472 1676; baseline 0.001 -16"><span class='ocrx_word' id='word_1_236' title='bbox 1894 1619 2058 1676; x_wconf 89' lang='lat' dir='ltr'><strong>quam</strong></span> <span class='ocrx_word' id='word_1_237' title='bbox 2093 1603 2385 1660; x_wconf 91' lang='lat' dir='ltr'><strong>Dominum</strong></span> <span class='ocrx_word' id='word_1_238' title='bbox 2412 1605 2595 1674; x_wconf 86' lang='lat' dir='ltr'><strong>gloria</strong></span> <span class='ocrx_word' id='word_1_239' title='bbox 2627 1603 3028 1661; x_wconf 89' lang='lat' dir='ltr'><strong>cruciﬁxissent</strong></span> <span class='ocrx_word' id='word_1_240' title='bbox 3049 1606 3127 1672; x_wconf 79' lang='grc'><strong>⁶¹;</strong></span> <span class='ocrx_word' id='word_1_241' title='bbox 3162 1624 3181 1658; x_wconf 78' lang='grc' dir='ltr'><strong>ι</strong></span> <span class='ocrx_word' id='word_1_242' title='bbox 3225 1614 3278 1662; x_wconf 89' lang='grc' dir='ltr'><strong>ει</strong></span> <span class='ocrx_word' id='word_1_243' title='bbox 3311 1607 3472 1662; x_wconf 86' lang='lat' dir='ltr'><strong>alibi:</strong></span> 
     </span>
    </p>
   </div>
   <div class='ocr_carea' id='block_1_32' title="bbox 1898 1696 3477 1767">
    <p class='ocr_par' dir='ltr' id='par_1_32' title="bbox 1898 1696 3477 1767">
     <span class='ocr_line' id='line_1_32' title="bbox 1898 1696 3477 1767; baseline 0.004 -19"><span class='ocrx_word' id='word_1_244' title='bbox 1898 1716 1918 1748; x_wconf 84' lang='grc'><strong><em>‹</em></strong></span> <span class='ocrx_word' id='word_1_245' title='bbox 1939 1696 2054 1752; x_wconf 90' lang='lat' dir='ltr'><strong>Non</strong></span> <span class='ocrx_word' id='word_1_246' title='bbox 2086 1698 2230 1752; x_wconf 89' lang='lat' dir='ltr'><strong>enim</strong></span> <span class='ocrx_word' id='word_1_247' title='bbox 2265 1697 2551 1766; x_wconf 88' lang='lat' dir='ltr'><strong>accepistis</strong></span> <span class='ocrx_word' id='word_1_248' title='bbox 2602 1697 2854 1767; x_wconf 88' lang='lat' dir='ltr'><strong>spiritum</strong></span> <span class='ocrx_word' id='word_1_249' title='bbox 2894 1698 3170 1754; x_wconf 84' lang='lat' dir='ltr'><strong>servitutis</strong></span> <span class='ocrx_word' id='word_1_250' title='bbox 3196 1699 3392 1754; x_wconf 86' lang='lat' dir='ltr'><strong>iterum</strong></span> <span class='ocrx_word' id='word_1_251' title='bbox 3419 1700 3477 1754; x_wconf 91' lang='lat' dir='ltr'><strong>in</strong></span> 
     </span>
    </p>
   </div>
   <div class='ocr_carea' id='block_1_33' title="bbox 1894 1788 3477 1859">
    <p class='ocr_par' dir='ltr' id='par_1_33' title="bbox 1894 1788 3477 1859">
     <span class='ocr_line' id='line_1_33' title="bbox 1894 1788 3477 1859; baseline 0.001 -16"><span class='ocrx_word' id='word_1_252' title='bbox 1894 1789 2167 1853; x_wconf 89' lang='lat' dir='ltr'><strong>timorem,</strong></span> <span class='ocrx_word' id='word_1_253' title='bbox 2201 1788 2294 1843; x_wconf 90' lang='lat' dir='ltr'><strong>sed</strong></span> <span class='ocrx_word' id='word_1_254' title='bbox 2321 1788 2608 1859; x_wconf 91' lang='lat' dir='ltr'><strong>accepistis</strong></span> <span class='ocrx_word' id='word_1_255' title='bbox 2633 1788 2894 1858; x_wconf 84' lang='lat' dir='ltr'><strong>Spiritum</strong></span> <span class='ocrx_word' id='word_1_256' title='bbox 2925 1789 3234 1859; x_wconf 87' lang='lat' dir='ltr'><strong>adoptionis</strong></span> <span class='ocrx_word' id='word_1_257' title='bbox 3261 1790 3305 1821; x_wconf 73' lang='grc' dir='ltr'>θ’</span> <span class='ocrx_word' id='word_1_258' title='bbox 3329 1807 3344 1856; x_wconf 87' lang='grc'><strong>;</strong></span> <span class='ocrx_word' id='word_1_259' title='bbox 3379 1809 3398 1842; x_wconf 79' lang='grc' dir='ltr'><strong>ι</strong></span> <span class='ocrx_word' id='word_1_260' title='bbox 3418 1799 3477 1846; x_wconf 88' lang='grc' dir='ltr'><strong>ει</strong></span> 
     </span>
    </p>
   </div>
   <div class='ocr_carea' id='block_1_34' title="bbox 205 1860 1771 1952">
    <p class='ocr_par' dir='ltr' id='par_1_34' title="bbox 205 1874 1771 1947">
     <span class='ocr_line' id='line_1_34' title="bbox 205 1874 1771 1947; baseline 0.002 -20"><span class='ocrx_word' id='word_1_261' title='bbox 205 1875 466 1944; x_wconf 77' lang='grc' dir='ltr'>ἔγραφεν·</span> <span class='ocrx_word' id='word_1_262' title='bbox 510 1893 528 1924; x_wconf 82' lang='grc' dir='ltr'><strong>ι</strong></span> <span class='ocrx_word' id='word_1_263' title='bbox 568 1876 632 1927; x_wconf 82' lang='grc' dir='ltr'><strong>ΕΞ</strong></span> <span class='ocrx_word' id='word_1_264' title='bbox 665 1874 987 1938; x_wconf 79' lang='grc' dir='ltr'>ὀνειδίζεσθε</span> <span class='ocrx_word' id='word_1_265' title='bbox 1020 1875 1076 1927; x_wconf 78' lang='grc' dir='ltr'>ὲν</span> <span class='ocrx_word' id='word_1_266' title='bbox 1122 1874 1344 1947; x_wconf 89' lang='grc' dir='ltr'>ὀνόματι</span> <span class='ocrx_word' id='word_1_267' title='bbox 1397 1876 1657 1947; x_wconf 85' lang='grc' dir='ltr'>Χριστοῦ,</span> <span class='ocrx_word' id='word_1_268' title='bbox 1691 1894 1771 1947; x_wconf 61' lang='grc' dir='ltr'><strong>μαι</strong></span> 
     </span>
    </p>
   </div>
   <div class='ocr_carea' id='block_1_35' title="bbox 1889 1860 3475 1952">
    <p class='ocr_par' dir='ltr' id='par_1_35' title="bbox 1897 1860 3475 1952">
     <span class='ocr_line' id='line_1_35' title="bbox 1897 1860 3475 1952; baseline 0.001 -16"><span class='ocrx_word' id='word_1_269' title='bbox 1897 1882 2093 1936; x_wconf 92' lang='lat' dir='ltr'><strong>iterum</strong></span> <span class='ocrx_word' id='word_1_270' title='bbox 2125 1900 2139 1935; x_wconf 90' lang='lat'><strong>:</strong></span> <span class='ocrx_word' id='word_1_271' title='bbox 2187 1900 2205 1932; x_wconf 89' lang='grc'>‹</span> <span class='ocrx_word' id='word_1_272' title='bbox 2231 1880 2380 1937; x_wconf 85' lang='lat' dir='ltr'><strong>Misit</strong></span> <span class='ocrx_word' id='word_1_273' title='bbox 2403 1881 2548 1938; x_wconf 89' lang='lat' dir='ltr'><strong>Deus</strong></span> <span class='ocrx_word' id='word_1_274' title='bbox 2572 1881 2834 1952; x_wconf 90' lang='lat' dir='ltr'><strong>Spiritum</strong></span> <span class='ocrx_word' id='word_1_275' title='bbox 2861 1860 2985 1936; x_wconf 80' lang='lat' dir='ltr'><strong>Filii</strong></span> <span class='ocrx_word' id='word_1_276' title='bbox 3010 1883 3094 1938; x_wconf 91' lang='lat' dir='ltr'><strong>sui</strong></span> <span class='ocrx_word' id='word_1_277' title='bbox 3116 1882 3169 1936; x_wconf 92' lang='lat' dir='ltr'><strong>in</strong></span> <span class='ocrx_word' id='word_1_278' title='bbox 3195 1884 3361 1938; x_wconf 90' lang='lat' dir='ltr'><strong>corda</strong></span> <span class='ocrx_word' id='word_1_279' title='bbox 3382 1899 3475 1938; x_wconf 88' lang='lat' dir='ltr'><strong>ve-</strong></span> 
     </span>
    </p>
   </div>
   <div class='ocr_carea' id='block_1_36' title="bbox 205 1965 1787 2037">
    <p class='ocr_par' dir='ltr' id='par_1_36' title="bbox 205 1965 1787 2037">
     <span class='ocr_line' id='line_1_36' title="bbox 205 1965 1787 2037; baseline -0.001 -17"><span class='ocrx_word' id='word_1_280' title='bbox 205 1967 412 2037; x_wconf 78' lang='grc' dir='ltr'>κάριοι·</span> <span class='ocrx_word' id='word_1_281' title='bbox 441 1967 523 2020; x_wconf 83' lang='grc' dir='ltr'>ὅτι</span> <span class='ocrx_word' id='word_1_282' title='bbox 573 1965 634 2019; x_wconf 85' lang='grc' dir='ltr'><strong>τὸ</strong></span> <span class='ocrx_word' id='word_1_283' title='bbox 681 1966 781 2036; x_wconf 83' lang='grc' dir='ltr'>τῆς</span> <span class='ocrx_word' id='word_1_284' title='bbox 813 1966 970 2037; x_wconf 82' lang='grc' dir='ltr'>δόξης</span> <span class='ocrx_word' id='word_1_285' title='bbox 995 1967 1089 2019; x_wconf 72' lang='grc' dir='ltr'>καὶ</span> <span class='ocrx_word' id='word_1_286' title='bbox 1141 1965 1423 2037; x_wconf 84' lang='grc' dir='ltr'>δυνάμεως</span> <span class='ocrx_word' id='word_1_287' title='bbox 1472 1967 1566 2020; x_wconf 72' lang='grc' dir='ltr'><strong>καὶ</strong></span> <span class='ocrx_word' id='word_1_288' title='bbox 1605 1968 1666 2020; x_wconf 88' lang='grc' dir='ltr'><strong>τὸ</strong></span> <span class='ocrx_word' id='word_1_289' title='bbox 1692 1967 1787 2022; x_wconf 91' lang='grc' dir='ltr'><strong>τοῦ</strong></span> 
     </span>
    </p>
   </div>
   <div class='ocr_carea' id='block_1_37' title="bbox 205 2057 1790 2132">
    <p class='ocr_par' dir='ltr' id='par_1_37' title="bbox 205 2057 1790 2132">
     <span class='ocr_line' id='line_1_37' title="bbox 205 2057 1790 2132; baseline 0.001 -21"><span class='ocrx_word' id='word_1_290' title='bbox 205 2057 345 2112; x_wconf 82' lang='grc' dir='ltr'>Θεοῦ</span> <span class='ocrx_word' id='word_1_291' title='bbox 374 2057 598 2128; x_wconf 86' lang='grc' dir='ltr'>Πνεῦμα</span> <span class='ocrx_word' id='word_1_292' title='bbox 626 2059 708 2126; x_wconf 77' lang='grc' dir='ltr'>ἐφ’</span> <span class='ocrx_word' id='word_1_293' title='bbox 731 2059 876 2129; x_wconf 81' lang='grc' dir='ltr'>ὑμᾶς</span> <span class='ocrx_word' id='word_1_294' title='bbox 919 2057 1350 2112; x_wconf 71' lang='grc' dir='ltr'>ἀναπέπαυται.»</span> <span class='ocrx_word' id='word_1_295' title='bbox 1405 2059 1463 2112; x_wconf 84' lang='lat'><strong>&#39;0</strong></span> <span class='ocrx_word' id='word_1_296' title='bbox 1490 2059 1548 2112; x_wconf 87' lang='grc' dir='ltr'>δὲ</span> <span class='ocrx_word' id='word_1_297' title='bbox 1587 2059 1790 2132; x_wconf 87' lang='grc' dir='ltr'>Κύριος</span> 
     </span>
    </p>
   </div>
   <div class='ocr_carea' id='block_1_38' title="bbox 206 2147 1787 2223">
    <p class='ocr_par' dir='ltr' id='par_1_38' title="bbox 206 2147 1787 2223">
     <span class='ocr_line' id='line_1_38' title="bbox 206 2147 1787 2223; baseline 0.003 -21"><span class='ocrx_word' id='word_1_298' title='bbox 206 2150 402 2222; x_wconf 85' lang='grc' dir='ltr'>εἴρηκε</span> <span class='ocrx_word' id='word_1_299' title='bbox 439 2149 664 2220; x_wconf 88' lang='grc' dir='ltr'>Πνεῦμα</span> <span class='ocrx_word' id='word_1_300' title='bbox 695 2149 792 2220; x_wconf 78' lang='grc' dir='ltr'>τῆς</span> <span class='ocrx_word' id='word_1_301' title='bbox 827 2149 1085 2220; x_wconf 80' lang='grc' dir='ltr'>ἀληθείας</span> <span class='ocrx_word' id='word_1_302' title='bbox 1131 2151 1226 2204; x_wconf 71' lang='grc' dir='ltr'>καὶ</span> <span class='ocrx_word' id='word_1_303' title='bbox 1270 2151 1627 2223; x_wconf 86' lang='grc' dir='ltr'>Παράκλητον</span> <span class='ocrx_word' id='word_1_304' title='bbox 1653 2147 1787 2206; x_wconf 73' lang='grc' dir='ltr'>εἶναι</span> 
     </span>
    </p>
   </div>
   <div class='ocr_carea' id='block_1_39' title="bbox 204 2231 1788 2316">
    <p class='ocr_par' dir='ltr' id='par_1_39' title="bbox 204 2231 1788 2316">
     <span class='ocr_line' id='line_1_39' title="bbox 204 2231 1788 2316; baseline 0.001 -20"><span class='ocrx_word' id='word_1_305' title='bbox 204 2243 268 2297; x_wconf 80' lang='grc' dir='ltr'>τὺ</span> <span class='ocrx_word' id='word_1_306' title='bbox 297 2242 543 2314; x_wconf 89' lang='grc' dir='ltr'>Πνεῦμα·</span> <span class='ocrx_word' id='word_1_307' title='bbox 574 2242 631 2309; x_wconf 80' lang='grc' dir='ltr'><strong>ἐξ</strong></span> <span class='ocrx_word' id='word_1_308' title='bbox 656 2237 716 2297; x_wconf 80' lang='grc' dir='ltr'><strong>οῦ</strong></span> <span class='ocrx_word' id='word_1_309' title='bbox 757 2231 1029 2298; x_wconf 81' lang='grc' dir='ltr'>δείκνυται</span> <span class='ocrx_word' id='word_1_310' title='bbox 1089 2243 1298 2297; x_wconf 88' lang='grc' dir='ltr'>τελείαν</span> <span class='ocrx_word' id='word_1_311' title='bbox 1343 2240 1480 2298; x_wconf 73' lang='grc' dir='ltr'>εἶναι</span> <span class='ocrx_word' id='word_1_312' title='bbox 1530 2246 1589 2298; x_wconf 85' lang='grc' dir='ltr'><strong>ὲν</strong></span> <span class='ocrx_word' id='word_1_313' title='bbox 1615 2244 1788 2316; x_wconf 82' lang='grc' dir='ltr'>τούτῳ</span> 
     </span>
    </p>
   </div>
   <div class='ocr_carea' id='block_1_40' title="bbox 203 2331 1787 2408">
    <p class='ocr_par' dir='ltr' id='par_1_40' title="bbox 203 2331 1787 2408">
     <span class='ocr_line' id='line_1_40' title="bbox 203 2331 1787 2408; baseline 0.001 -20"><span class='ocrx_word' id='word_1_314' title='bbox 203 2335 306 2406; x_wconf 79' lang='grc' dir='ltr'>τὴν</span> <span class='ocrx_word' id='word_1_315' title='bbox 341 2335 546 2406; x_wconf 85' lang='grc' dir='ltr'>Τριάδα</span> <span class='ocrx_word' id='word_1_316' title='bbox 582 2334 719 2404; x_wconf 74' lang='grc'>(24).</span> <span class='ocrx_word' id='word_1_317' title='bbox 760 2335 850 2388; x_wconf 88' lang='grc' dir='ltr'>Ἑν</span> <span class='ocrx_word' id='word_1_318' title='bbox 868 2335 1043 2406; x_wconf 86' lang='grc' dir='ltr'>τούτῳ</span> <span class='ocrx_word' id='word_1_319' title='bbox 1095 2337 1148 2404; x_wconf 87' lang='grc' dir='ltr'>γ’</span> <span class='ocrx_word' id='word_1_320' title='bbox 1177 2331 1269 2389; x_wconf 81' lang='grc' dir='ltr'><strong>οὖν</strong></span> <span class='ocrx_word' id='word_1_321' title='bbox 1301 2336 1331 2388; x_wconf 95' lang='lat'><strong>6</strong></span> <span class='ocrx_word' id='word_1_322' title='bbox 1353 2337 1525 2405; x_wconf 86' lang='grc' dir='ltr'>Λόγος</span> <span class='ocrx_word' id='word_1_323' title='bbox 1547 2337 1647 2408; x_wconf 83' lang='grc' dir='ltr'><strong>τὴν</strong></span> <span class='ocrx_word' id='word_1_324' title='bbox 1669 2337 1787 2390; x_wconf 85' lang='grc' dir='ltr'>κτί-</span> 
     </span>
    </p>
   </div>
   <div class='ocr_carea' id='block_1_41' title="bbox 204 2427 1790 2501">
    <p class='ocr_par' dir='ltr' id='par_1_41' title="bbox 204 2427 1790 2501">
     <span class='ocr_line' id='line_1_41' title="bbox 204 2427 1790 2501; baseline 0.001 -21"><span class='ocrx_word' id='word_1_325' title='bbox 204 2445 290 2481; x_wconf 90' lang='grc' dir='ltr'><strong>σιν</strong></span> <span class='ocrx_word' id='word_1_326' title='bbox 312 2427 546 2494; x_wconf 79' lang='grc' dir='ltr'>δοξάζει,</span> <span class='ocrx_word' id='word_1_327' title='bbox 567 2428 828 2482; x_wconf 86' lang='grc' dir='ltr'>θεοποιῶν</span> <span class='ocrx_word' id='word_1_328' title='bbox 879 2428 937 2483; x_wconf 83' lang='grc' dir='ltr'>δὲ</span> <span class='ocrx_word' id='word_1_329' title='bbox 973 2429 1068 2483; x_wconf 72' lang='grc' dir='ltr'><strong>καὶ</strong></span> <span class='ocrx_word' id='word_1_330' title='bbox 1094 2428 1351 2484; x_wconf 83' lang='grc' dir='ltr'>υἱοποιῶν</span> <span class='ocrx_word' id='word_1_331' title='bbox 1408 2429 1674 2501; x_wconf 83' lang='grc' dir='ltr'>προσάγει</span> <span class='ocrx_word' id='word_1_332' title='bbox 1709 2429 1790 2501; x_wconf 83' lang='grc' dir='ltr'>τῷ</span> 
     </span>
    </p>
   </div>
   <div class='ocr_carea' id='block_1_42' title="bbox 203 2520 1787 2592">
    <p class='ocr_par' dir='ltr' id='par_1_42' title="bbox 203 2520 1787 2592">
     <span class='ocr_line' id='line_1_42' title="bbox 203 2520 1787 2592; baseline 0.001 -19"><span class='ocrx_word' id='word_1_333' title='bbox 203 2521 400 2591; x_wconf 85' lang='grc' dir='ltr'>Πατρί.</span> <span class='ocrx_word' id='word_1_334' title='bbox 426 2520 499 2573; x_wconf 82' lang='lat' dir='ltr'>T6</span> <span class='ocrx_word' id='word_1_335' title='bbox 536 2520 594 2573; x_wconf 79' lang='grc' dir='ltr'><strong>δὲ</strong></span> <span class='ocrx_word' id='word_1_336' title='bbox 619 2521 889 2575; x_wconf 86' lang='grc' dir='ltr'>συνάπτον</span> <span class='ocrx_word' id='word_1_337' title='bbox 912 2520 991 2591; x_wconf 83' lang='grc' dir='ltr'><strong>τῷ</strong></span> <span class='ocrx_word' id='word_1_338' title='bbox 1024 2521 1181 2592; x_wconf 85' lang='grc' dir='ltr'>Λόγῳ</span> <span class='ocrx_word' id='word_1_339' title='bbox 1231 2521 1332 2592; x_wconf 86' lang='grc' dir='ltr'>τὴν</span> <span class='ocrx_word' id='word_1_340' title='bbox 1370 2521 1545 2575; x_wconf 84' lang='grc' dir='ltr'>κτίσιν</span> <span class='ocrx_word' id='word_1_341' title='bbox 1583 2521 1684 2574; x_wconf 84' lang='grc' dir='ltr'><strong>οὐκ</strong></span> <span class='ocrx_word' id='word_1_342' title='bbox 1721 2521 1787 2575; x_wconf 83' lang='grc' dir='ltr'><strong>ἂν</strong></span> 
     </span>
    </p>
   </div>
   <div class='ocr_carea' id='block_1_43' title="bbox 202 2612 1788 2685">
    <p class='ocr_par' dir='ltr' id='par_1_43' title="bbox 202 2612 1788 2685">
     <span class='ocr_line' id='line_1_43' title="bbox 202 2612 1788 2685; baseline 0.001 -20"><span class='ocrx_word' id='word_1_343' title='bbox 202 2615 289 2682; x_wconf 71' lang='grc' dir='ltr'><strong>εἴη</strong></span> <span class='ocrx_word' id='word_1_344' title='bbox 324 2613 454 2666; x_wconf 79' lang='grc' dir='ltr'>αὐτὸ</span> <span class='ocrx_word' id='word_1_345' title='bbox 479 2612 587 2666; x_wconf 81' lang='grc' dir='ltr'>τῶν</span> <span class='ocrx_word' id='word_1_346' title='bbox 628 2614 958 2685; x_wconf 85' lang='grc' dir='ltr'>κτισμάτων·</span> <span class='ocrx_word' id='word_1_347' title='bbox 1020 2615 1112 2667; x_wconf 81' lang='grc' dir='ltr'>καὶ</span> <span class='ocrx_word' id='word_1_348' title='bbox 1168 2613 1231 2666; x_wconf 81' lang='grc' dir='ltr'><strong>τὸ</strong></span> <span class='ocrx_word' id='word_1_349' title='bbox 1278 2614 1552 2667; x_wconf 88' lang='grc' dir='ltr'>υίοποιοῦν</span> <span class='ocrx_word' id='word_1_350' title='bbox 1607 2614 1664 2666; x_wconf 83' lang='grc' dir='ltr'>δὲ</span> <span class='ocrx_word' id='word_1_351' title='bbox 1691 2613 1788 2685; x_wconf 77' lang='grc' dir='ltr'>τὴν</span> 
     </span>
    </p>
   </div>
   <div class='ocr_carea' id='block_1_44' title="bbox 202 2699 1788 2775">
    <p class='ocr_par' dir='ltr' id='par_1_44' title="bbox 202 2699 1788 2775">
     <span class='ocr_line' id='line_1_44' title="bbox 202 2699 1788 2775; baseline 0.001 -20"><span class='ocrx_word' id='word_1_352' title='bbox 202 2703 402 2767; x_wconf 78' lang='grc' dir='ltr'>κτίσιν,</span> <span class='ocrx_word' id='word_1_353' title='bbox 438 2702 538 2755; x_wconf 79' lang='grc' dir='ltr'>οὐκ</span> <span class='ocrx_word' id='word_1_354' title='bbox 561 2702 628 2756; x_wconf 84' lang='grc' dir='ltr'>ἂν</span> <span class='ocrx_word' id='word_1_355' title='bbox 655 2703 740 2774; x_wconf 75' lang='grc' dir='ltr'>εἴη</span> <span class='ocrx_word' id='word_1_356' title='bbox 770 2702 918 2767; x_wconf 82' lang='grc' dir='ltr'>ξένον</span> <span class='ocrx_word' id='word_1_357' title='bbox 947 2702 1042 2755; x_wconf 87' lang='grc' dir='ltr'><strong>τοῦ</strong></span> <span class='ocrx_word' id='word_1_358' title='bbox 1070 2699 1223 2755; x_wconf 90' lang='grc' dir='ltr'>Υίοῦ·</span> <span class='ocrx_word' id='word_1_359' title='bbox 1257 2703 1379 2756; x_wconf 77' lang='grc' dir='ltr'>ἐπεὶ</span> <span class='ocrx_word' id='word_1_360' title='bbox 1401 2701 1583 2775; x_wconf 79' lang='grc' dir='ltr'>ζητεῖν</span> <span class='ocrx_word' id='word_1_361' title='bbox 1603 2704 1788 2774; x_wconf 73' lang='grc' dir='ltr'>ἕτερον</span> 
     </span>
    </p>
   </div>
   <div class='ocr_carea' id='block_1_45' title="bbox 199 2793 1786 2866">
    <p class='ocr_par' dir='ltr' id='par_1_45' title="bbox 199 2793 1786 2866">
     <span class='ocr_line' id='line_1_45' title="bbox 199 2793 1786 2866; baseline -0.001 -18"><span class='ocrx_word' id='word_1_362' title='bbox 199 2796 417 2866; x_wconf 84' lang='grc' dir='ltr'>ἀνάγκη</span> <span class='ocrx_word' id='word_1_363' title='bbox 443 2793 689 2866; x_wconf 82' lang='grc' dir='ltr'>Πνεῦμα,</span> <span class='ocrx_word' id='word_1_364' title='bbox 725 2794 812 2847; x_wconf 78' lang='grc' dir='ltr'>ἵνα</span> <span class='ocrx_word' id='word_1_365' title='bbox 865 2795 960 2848; x_wconf 74' lang='grc' dir='ltr'>καὶ</span> <span class='ocrx_word' id='word_1_366' title='bbox 1014 2793 1171 2848; x_wconf 88' lang='grc' dir='ltr'>τοῦτο</span> <span class='ocrx_word' id='word_1_367' title='bbox 1209 2796 1268 2847; x_wconf 84' lang='grc' dir='ltr'>ὲν</span> <span class='ocrx_word' id='word_1_368' title='bbox 1313 2795 1508 2865; x_wconf 78' lang='grc' dir='ltr'>ἐκείνῳ</span> <span class='ocrx_word' id='word_1_369' title='bbox 1543 2794 1786 2866; x_wconf 77' lang='grc' dir='ltr'>συναφθῇ</span> 
     </span>
    </p>
   </div>
   <div class='ocr_carea' id='block_1_46' title="bbox 197 2885 1784 2958">
    <p class='ocr_par' dir='ltr' id='par_1_46' title="bbox 197 2885 1784 2958">
     <span class='ocr_line' id='line_1_46' title="bbox 197 2885 1784 2958; baseline -0.001 -19"><span class='ocrx_word' id='word_1_370' title='bbox 197 2887 279 2958; x_wconf 79' lang='grc' dir='ltr'>τῷ</span> <span class='ocrx_word' id='word_1_371' title='bbox 304 2887 461 2957; x_wconf 86' lang='grc' dir='ltr'>Λόγῳ</span> <span class='ocrx_word' id='word_1_372' title='bbox 483 2887 617 2957; x_wconf 82' lang='grc'>(25).</span> <span class='ocrx_word' id='word_1_373' title='bbox 683 2886 822 2939; x_wconf 86' lang='grc' dir='ltr'>Ἀλλ’</span> <span class='ocrx_word' id='word_1_374' title='bbox 858 2887 1056 2940; x_wconf 77' lang='grc' dir='ltr'>ἄτοπον</span> <span class='ocrx_word' id='word_1_375' title='bbox 1080 2886 1259 2940; x_wconf 89' lang='grc' dir='ltr'>τοῦτο.</span> <span class='ocrx_word' id='word_1_376' title='bbox 1291 2886 1405 2940; x_wconf 83' lang='grc' dir='ltr'><strong>Οὐκ</strong></span> <span class='ocrx_word' id='word_1_377' title='bbox 1433 2887 1541 2958; x_wconf 78' lang='grc' dir='ltr'>ἄρα</span> <span class='ocrx_word' id='word_1_378' title='bbox 1559 2885 1666 2939; x_wconf 85' lang='grc' dir='ltr'><strong>τῶν</strong></span> <span class='ocrx_word' id='word_1_379' title='bbox 1697 2904 1784 2956; x_wconf 86' lang='grc' dir='ltr'>γε-</span> 
     </span>
    </p>
   </div>
   <div class='ocr_carea' id='block_1_47' title="bbox 197 2977 1790 3050">
    <p class='ocr_par' dir='ltr' id='par_1_47' title="bbox 197 2977 1790 3050">
     <span class='ocr_line' id='line_1_47' title="bbox 197 2977 1790 3050; baseline -0.001 -18"><span class='ocrx_word' id='word_1_380' title='bbox 197 2978 379 3048; x_wconf 82' lang='grc' dir='ltr'>νητῶν</span> <span class='ocrx_word' id='word_1_381' title='bbox 408 2980 522 3030; x_wconf 74' lang='grc' dir='ltr'>ἐστι</span> <span class='ocrx_word' id='word_1_382' title='bbox 543 2979 603 3030; x_wconf 89' lang='grc' dir='ltr'><strong>τὸ</strong></span> <span class='ocrx_word' id='word_1_383' title='bbox 627 2978 872 3048; x_wconf 88' lang='grc' dir='ltr'>Πνεῦμα,</span> <span class='ocrx_word' id='word_1_384' title='bbox 903 2978 1016 3032; x_wconf 82' lang='grc' dir='ltr'>ἀλλ’</span> <span class='ocrx_word' id='word_1_385' title='bbox 1035 2979 1164 3034; x_wconf 79' lang='grc' dir='ltr'>ἴδιον</span> <span class='ocrx_word' id='word_1_386' title='bbox 1191 2977 1292 3047; x_wconf 80' lang='grc' dir='ltr'>τῆς</span> <span class='ocrx_word' id='word_1_387' title='bbox 1313 2977 1406 3031; x_wconf 91' lang='grc' dir='ltr'><strong>τοῦ</strong></span> <span class='ocrx_word' id='word_1_388' title='bbox 1437 2979 1648 3050; x_wconf 80' lang='grc' dir='ltr'>Πατρδς</span> <span class='ocrx_word' id='word_1_389' title='bbox 1681 2978 1790 3032; x_wconf 91' lang='grc' dir='ltr'>θεό-</span> 
     </span>
    </p>
   </div>
   <div class='ocr_carea' id='block_1_48' title="bbox 195 3063 1788 3141">
    <p class='ocr_par' dir='ltr' id='par_1_48' title="bbox 195 3063 1788 3141">
     <span class='ocr_line' id='line_1_48' title="bbox 195 3063 1788 3141; baseline 0.002 -20"><span class='ocrx_word' id='word_1_390' title='bbox 195 3085 383 3141; x_wconf 75' lang='grc' dir='ltr'>τητος,</span> <span class='ocrx_word' id='word_1_391' title='bbox 411 3070 469 3121; x_wconf 80' lang='grc' dir='ltr'>ὲν</span> <span class='ocrx_word' id='word_1_392' title='bbox 494 3063 539 3137; x_wconf 83' lang='grc' dir='ltr'>ᾧ</span> <span class='ocrx_word' id='word_1_393' title='bbox 563 3071 658 3123; x_wconf 76' lang='grc' dir='ltr'><strong>καὶ</strong></span> <span class='ocrx_word' id='word_1_394' title='bbox 687 3070 757 3122; x_wconf 82' lang='grc' dir='ltr'>τὰ</span> <span class='ocrx_word' id='word_1_395' title='bbox 791 3071 993 3141; x_wconf 82' lang='grc' dir='ltr'>γενητά</span> <span class='ocrx_word' id='word_1_396' title='bbox 1039 3073 1066 3122; x_wconf 94' lang='lat'><strong>6</strong></span> <span class='ocrx_word' id='word_1_397' title='bbox 1115 3071 1286 3139; x_wconf 85' lang='grc' dir='ltr'>Λόγος</span> <span class='ocrx_word' id='word_1_398' title='bbox 1332 3070 1591 3124; x_wconf 82' lang='grc' dir='ltr'>θεοποιεῖ.</span> <span class='ocrx_word' id='word_1_399' title='bbox 1631 3072 1720 3124; x_wconf 89' lang='grc' dir='ltr'>Ἐν</span> <span class='ocrx_word' id='word_1_400' title='bbox 1743 3066 1788 3138; x_wconf 84' lang='grc' dir='ltr'>ᾦ</span> 
     </span>
    </p>
   </div>
   <div class='ocr_carea' id='block_1_49' title="bbox 196 3162 1788 3235">
    <p class='ocr_par' dir='ltr' id='par_1_49' title="bbox 196 3162 1788 3235">
     <span class='ocr_line' id='line_1_49' title="bbox 196 3162 1788 3235; baseline 0.001 -19"><span class='ocrx_word' id='word_1_401' title='bbox 196 3164 258 3216; x_wconf 87' lang='grc' dir='ltr'>δὲ</span> <span class='ocrx_word' id='word_1_402' title='bbox 288 3162 612 3216; x_wconf 83' lang='grc' dir='ltr'>θεοποιεῖται</span> <span class='ocrx_word' id='word_1_403' title='bbox 648 3165 683 3233; x_wconf 84' lang='grc' dir='ltr'>ἡ</span> <span class='ocrx_word' id='word_1_404' title='bbox 719 3162 918 3230; x_wconf 79' lang='grc' dir='ltr'>κτίσις,</span> <span class='ocrx_word' id='word_1_405' title='bbox 978 3164 1078 3216; x_wconf 83' lang='grc' dir='ltr'>οὐκ</span> <span class='ocrx_word' id='word_1_406' title='bbox 1119 3162 1186 3216; x_wconf 85' lang='grc' dir='ltr'><strong>ἂν</strong></span> <span class='ocrx_word' id='word_1_407' title='bbox 1215 3162 1300 3235; x_wconf 83' lang='grc' dir='ltr'><strong>εἴη</strong></span> <span class='ocrx_word' id='word_1_408' title='bbox 1339 3162 1496 3227; x_wconf 80' lang='grc' dir='ltr'>ἐκτὸς</span> <span class='ocrx_word' id='word_1_409' title='bbox 1523 3163 1655 3217; x_wconf 80' lang='grc' dir='ltr'>αὐτὸ</span> <span class='ocrx_word' id='word_1_410' title='bbox 1691 3163 1788 3233; x_wconf 77' lang='grc' dir='ltr'>τῆς</span> 
     </span>
    </p>
   </div>
   <div class='ocr_carea' id='block_1_50' title="bbox 193 3254 844 3326">
    <p class='ocr_par' dir='ltr' id='par_1_50' title="bbox 193 3254 844 3326">
     <span class='ocr_line' id='line_1_50' title="bbox 193 3254 844 3326; baseline 0.002 -19"><span class='ocrx_word' id='word_1_411' title='bbox 193 3255 296 3308; x_wconf 81' lang='grc' dir='ltr'><strong>τοῦ</strong></span> <span class='ocrx_word' id='word_1_412' title='bbox 326 3254 442 3309; x_wconf 88' lang='grc' dir='ltr'><strong>Πατ</strong></span> <span class='ocrx_word' id='word_1_413' title='bbox 451 3255 540 3326; x_wconf 85' lang='grc' dir='ltr'><strong>ρὸς</strong></span> <span class='ocrx_word' id='word_1_414' title='bbox 572 3254 844 3326; x_wconf 86' lang='grc' dir='ltr'>θεότητος.</span> 
     </span>
    </p>
   </div>
   <div class='ocr_carea' id='block_1_51' title="bbox 1891 1972 3471 2039">
    <p class='ocr_par' dir='ltr' id='par_1_51' title="bbox 1891 1972 3471 2039">
     <span class='ocr_line' id='line_1_51' title="bbox 1891 1972 3471 2039; baseline 0.002 -12"><span class='ocrx_word' id='word_1_415' title='bbox 1891 1982 2026 2038; x_wconf 86' lang='lat' dir='ltr'><strong>stra,</strong></span> <span class='ocrx_word' id='word_1_416' title='bbox 2077 1972 2406 2030; x_wconf 84' lang='lat' dir='ltr'><strong>clamantem</strong></span> <span class='ocrx_word' id='word_1_417' title='bbox 2449 1992 2464 2028; x_wconf 87' lang='lat'><strong>:</strong></span> <span class='ocrx_word' id='word_1_418' title='bbox 2518 1973 2692 2039; x_wconf 83' lang='lat' dir='ltr'><strong>Abba,</strong></span> <span class='ocrx_word' id='word_1_419' title='bbox 2738 1973 2899 2029; x_wconf 89' lang='lat' dir='ltr'><strong>Pater</strong></span> <span class='ocrx_word' id='word_1_420' title='bbox 2929 1973 2993 2028; x_wconf 79' lang='grc'><strong>⁸³.</strong></span> <span class='ocrx_word' id='word_1_421' title='bbox 3037 1992 3057 2027; x_wconf 81' lang='grc' dir='ltr'><strong>ι</strong></span> <span class='ocrx_word' id='word_1_422' title='bbox 3096 1972 3289 2030; x_wconf 86' lang='lat' dir='ltr'><strong>Petrus</strong></span> <span class='ocrx_word' id='word_1_423' title='bbox 3342 1974 3471 2031; x_wconf 87' lang='lat' dir='ltr'><strong>item</strong></span> 
     </span>
    </p>
   </div>
   <div class='ocr_carea' id='block_1_52' title="bbox 1891 2062 3470 2146">
    <p class='ocr_par' dir='ltr' id='par_1_52' title="bbox 1891 2062 3470 2146">
     <span class='ocr_line' id='line_1_52' title="bbox 1891 2062 3470 2146; baseline 0 -26"><span class='ocrx_word' id='word_1_424' title='bbox 1891 2064 2118 2120; x_wconf 88' lang='lat' dir='ltr'><strong>scribit:</strong></span> <span class='ocrx_word' id='word_1_425' title='bbox 2151 2083 2170 2116; x_wconf 77' lang='grc' dir='ltr'><strong>ι</strong></span> <span class='ocrx_word' id='word_1_426' title='bbox 2197 2062 2254 2119; x_wconf 92' lang='lat' dir='ltr'><strong>Si</strong></span> <span class='ocrx_word' id='word_1_427' title='bbox 2283 2064 2689 2134; x_wconf 88' lang='lat' dir='ltr'><strong>exprobramini</strong></span> <span class='ocrx_word' id='word_1_428' title='bbox 2720 2065 2772 2119; x_wconf 93' lang='lat' dir='ltr'><strong>in</strong></span> <span class='ocrx_word' id='word_1_429' title='bbox 2805 2065 3027 2120; x_wconf 87' lang='lat' dir='ltr'><strong>nomine</strong></span> <span class='ocrx_word' id='word_1_430' title='bbox 3055 2063 3470 2146; x_wconf 36' lang='lat' dir='ltr'><strong>Christiabeati,</strong></span> 
     </span>
    </p>
   </div>
   <div class='ocr_carea' id='block_1_53' title="bbox 1889 2153 3470 2228">
    <p class='ocr_par' dir='ltr' id='par_1_53' title="bbox 1889 2153 3470 2228">
     <span class='ocr_line' id='line_1_53' title="bbox 1889 2153 3470 2228; baseline 0.004 -22"><span class='ocrx_word' id='word_1_431' title='bbox 1889 2153 2146 2223; x_wconf 87' lang='lat' dir='ltr'><strong>quoniam</strong></span> <span class='ocrx_word' id='word_1_432' title='bbox 2171 2154 2356 2224; x_wconf 79' lang='lat' dir='ltr'><strong>gioria</strong></span> <span class='ocrx_word' id='word_1_433' title='bbox 2374 2164 2429 2210; x_wconf 93' lang='lat' dir='ltr'><strong>et</strong></span> <span class='ocrx_word' id='word_1_434' title='bbox 2458 2156 2676 2211; x_wconf 89' lang='lat' dir='ltr'><strong>virtutis</strong></span> <span class='ocrx_word' id='word_1_435' title='bbox 2703 2165 2757 2210; x_wconf 90' lang='lat' dir='ltr'><strong>et</strong></span> <span class='ocrx_word' id='word_1_436' title='bbox 2784 2154 2882 2210; x_wconf 93' lang='lat' dir='ltr'><strong>Dei</strong></span> <span class='ocrx_word' id='word_1_437' title='bbox 2910 2156 3152 2226; x_wconf 90' lang='lat' dir='ltr'><strong>Spiritus</strong></span> <span class='ocrx_word' id='word_1_438' title='bbox 3178 2172 3344 2228; x_wconf 86' lang='lat' dir='ltr'><strong>super</strong></span> <span class='ocrx_word' id='word_1_439' title='bbox 3369 2173 3470 2214; x_wconf 90' lang='lat' dir='ltr'><strong>vos</strong></span> 
     </span>
    </p>
   </div>
   <div class='ocr_carea' id='block_1_54' title="bbox 1888 2246 3472 2319">
    <p class='ocr_par' dir='ltr' id='par_1_54' title="bbox 1888 2246 3472 2319">
     <span class='ocr_line' id='line_1_54' title="bbox 1888 2246 3472 2319; baseline 0.004 -19"><span class='ocrx_word' id='word_1_440' title='bbox 1888 2247 2160 2316; x_wconf 87' lang='lat' dir='ltr'><strong>requievit</strong></span> <span class='ocrx_word' id='word_1_441' title='bbox 2188 2246 2255 2303; x_wconf 74' lang='lat'><strong>“.</strong></span> <span class='ocrx_word' id='word_1_442' title='bbox 2300 2267 2320 2300; x_wconf 74' lang='grc' dir='ltr'><strong>ι</strong></span> <span class='ocrx_word' id='word_1_443' title='bbox 2353 2248 2474 2318; x_wconf 89' lang='lat' dir='ltr'><strong>Ipse</strong></span> <span class='ocrx_word' id='word_1_444' title='bbox 2513 2257 2692 2303; x_wconf 90' lang='lat' dir='ltr'><strong>autem</strong></span> <span class='ocrx_word' id='word_1_445' title='bbox 2722 2247 2987 2304; x_wconf 81' lang='lat' dir='ltr'><strong>Dominus</strong></span> <span class='ocrx_word' id='word_1_446' title='bbox 3030 2247 3296 2319; x_wconf 91' lang='lat' dir='ltr'><strong>Spiritum</strong></span> <span class='ocrx_word' id='word_1_447' title='bbox 3327 2251 3472 2306; x_wconf 70' lang='lat' dir='ltr'><strong>veri~</strong></span> 
     </span>
    </p>
   </div>
   <div class='ocr_carea' id='block_1_55' title="bbox 1889 2337 3466 2411">
    <p class='ocr_par' dir='ltr' id='par_1_55' title="bbox 1889 2337 3466 2411">
     <span class='ocr_line' id='line_1_55' title="bbox 1889 2337 3466 2411; baseline 0.002 -18"><span class='ocrx_word' id='word_1_448' title='bbox 1889 2339 2017 2394; x_wconf 88' lang='lat' dir='ltr'><strong>tatis</strong></span> <span class='ocrx_word' id='word_1_449' title='bbox 2048 2337 2312 2408; x_wconf 88' lang='lat' dir='ltr'><strong>Spiritum</strong></span> <span class='ocrx_word' id='word_1_450' title='bbox 2343 2348 2398 2394; x_wconf 92' lang='lat' dir='ltr'><strong>et</strong></span> <span class='ocrx_word' id='word_1_451' title='bbox 2423 2340 2765 2396; x_wconf 87' lang='lat' dir='ltr'><strong>Paracletum</strong></span> <span class='ocrx_word' id='word_1_452' title='bbox 2793 2355 2916 2396; x_wconf 88' lang='lat' dir='ltr'><strong>esse</strong></span> <span class='ocrx_word' id='word_1_453' title='bbox 2942 2351 3130 2411; x_wconf 89' lang='lat' dir='ltr'><strong>aperte</strong></span> <span class='ocrx_word' id='word_1_454' title='bbox 3158 2345 3466 2398; x_wconf 71' lang='lat' dir='ltr'><strong>testatur&quot;.</strong></span> 
     </span>
    </p>
   </div>
   <div class='ocr_carea' id='block_1_56' title="bbox 1888 2427 3467 2514">
    <p class='ocr_par' dir='ltr' id='par_1_56' title="bbox 1888 2427 3467 2514">
     <span class='ocr_line' id='line_1_56' title="bbox 1888 2427 3467 2514; baseline 0.004 -31"><span class='ocrx_word' id='word_1_455' title='bbox 1888 2427 2198 2514; x_wconf 36' lang='lat' dir='ltr'><strong>Exoquihus</strong></span> <span class='ocrx_word' id='word_1_456' title='bbox 2250 2438 2398 2501; x_wconf 87' lang='lat' dir='ltr'><strong>patet</strong></span> <span class='ocrx_word' id='word_1_457' title='bbox 2426 2431 2720 2501; x_wconf 84' lang='lat' dir='ltr'><strong>perfectam</strong></span> <span class='ocrx_word' id='word_1_458' title='bbox 2755 2433 2811 2488; x_wconf 91' lang='lat' dir='ltr'><strong>in</strong></span> <span class='ocrx_word' id='word_1_459' title='bbox 2851 2434 2944 2488; x_wconf 88' lang='lat' dir='ltr'><strong>illo</strong></span> <span class='ocrx_word' id='word_1_460' title='bbox 2972 2448 3093 2488; x_wconf 90' lang='lat' dir='ltr'><strong>esse</strong></span> <span class='ocrx_word' id='word_1_461' title='bbox 3121 2432 3467 2490; x_wconf 88' lang='lat' dir='ltr'><strong>Trinitatem.</strong></span> 
     </span>
    </p>
   </div>
   <div class='ocr_carea' id='block_1_57' title="bbox 1889 2516 3469 2594">
    <p class='ocr_par' dir='ltr' id='par_1_57' title="bbox 1889 2516 3469 2594">
     <span class='ocr_line' id='line_1_57' title="bbox 1889 2516 3469 2594; baseline 0.004 -21"><span class='ocrx_word' id='word_1_462' title='bbox 1889 2518 2053 2590; x_wconf 81' lang='lat'><strong>539</strong></span> <span class='ocrx_word' id='word_1_463' title='bbox 2079 2516 2138 2573; x_wconf 88' lang='lat' dir='ltr'><strong>In</strong></span> <span class='ocrx_word' id='word_1_464' title='bbox 2185 2519 2278 2574; x_wconf 87' lang='lat' dir='ltr'><strong>illo</strong></span> <span class='ocrx_word' id='word_1_465' title='bbox 2323 2520 2509 2592; x_wconf 89' lang='lat' dir='ltr'><strong>itaque</strong></span> <span class='ocrx_word' id='word_1_466' title='bbox 2536 2518 2777 2576; x_wconf 81' lang='lat' dir='ltr'><strong>Verbum</strong></span> <span class='ocrx_word' id='word_1_467' title='bbox 2817 2536 2906 2578; x_wconf 89' lang='lat' dir='ltr'><strong>res</strong></span> <span class='ocrx_word' id='word_1_468' title='bbox 2937 2531 3149 2578; x_wconf 90' lang='lat' dir='ltr'><strong>creatas</strong></span> <span class='ocrx_word' id='word_1_469' title='bbox 3180 2523 3469 2594; x_wconf 88' lang='lat' dir='ltr'><strong>gloriﬁcat,</strong></span> 
     </span>
    </p>
   </div>
   <div class='ocr_carea' id='block_1_58' title="bbox 1889 2609 3463 2682">
    <p class='ocr_par' dir='ltr' id='par_1_58' title="bbox 1889 2609 3463 2682">
     <span class='ocr_line' id='line_1_58' title="bbox 1889 2609 3463 2682; baseline 0.006 -19"><span class='ocrx_word' id='word_1_470' title='bbox 1889 2609 2248 2682; x_wconf 87' lang='lat' dir='ltr'><strong>hominesque</strong></span> <span class='ocrx_word' id='word_1_471' title='bbox 2292 2611 2426 2666; x_wconf 90' lang='lat' dir='ltr'><strong>deos</strong></span> <span class='ocrx_word' id='word_1_472' title='bbox 2463 2621 2518 2667; x_wconf 89' lang='lat' dir='ltr'><strong>et</strong></span> <span class='ocrx_word' id='word_1_473' title='bbox 2578 2612 2721 2668; x_wconf 88' lang='lat' dir='ltr'><strong>ﬁlios</strong></span> <span class='ocrx_word' id='word_1_474' title='bbox 2770 2613 3006 2670; x_wconf 83' lang='lat' dir='ltr'><strong>elﬁciens</strong></span> <span class='ocrx_word' id='word_1_475' title='bbox 3045 2613 3192 2670; x_wconf 88' lang='lat' dir='ltr'><strong>Patri</strong></span> <span class='ocrx_word' id='word_1_476' title='bbox 3225 2616 3463 2673; x_wconf 85' lang='lat' dir='ltr'><strong>adducit.</strong></span> 
     </span>
    </p>
   </div>
   <div class='ocr_carea' id='block_1_59' title="bbox 1889 2701 3470 2778">
    <p class='ocr_par' dir='ltr' id='par_1_59' title="bbox 1889 2701 3470 2778">
     <span class='ocr_line' id='line_1_59' title="bbox 1889 2701 3470 2778; baseline 0.006 -24"><span class='ocrx_word' id='word_1_477' title='bbox 1889 2701 2054 2771; x_wconf 88' lang='lat' dir='ltr'><strong>Atqui</strong></span> <span class='ocrx_word' id='word_1_478' title='bbox 2086 2702 2132 2758; x_wconf 92' lang='lat' dir='ltr'><strong>is</strong></span> <span class='ocrx_word' id='word_1_479' title='bbox 2153 2703 2248 2772; x_wconf 90' lang='lat' dir='ltr'><strong>qui</strong></span> <span class='ocrx_word' id='word_1_480' title='bbox 2285 2719 2374 2759; x_wconf 90' lang='lat' dir='ltr'><strong>res</strong></span> <span class='ocrx_word' id='word_1_481' title='bbox 2411 2713 2622 2759; x_wconf 89' lang='lat' dir='ltr'><strong>creatas</strong></span> <span class='ocrx_word' id='word_1_482' title='bbox 2647 2720 2773 2759; x_wconf 88' lang='lat' dir='ltr'><strong>cum</strong></span> <span class='ocrx_word' id='word_1_483' title='bbox 2808 2703 2984 2760; x_wconf 86' lang='lat' dir='ltr'><strong>Verbo</strong></span> <span class='ocrx_word' id='word_1_484' title='bbox 3016 2707 3319 2777; x_wconf 87' lang='lat' dir='ltr'><strong>conjungit,</strong></span> <span class='ocrx_word' id='word_1_485' title='bbox 3351 2708 3470 2778; x_wconf 87' lang='lat' dir='ltr'><strong>ipse</strong></span> 
     </span>
    </p>
   </div>
   <div class='ocr_carea' id='block_1_60' title="bbox 1890 2797 3469 2865">
    <p class='ocr_par' dir='ltr' id='par_1_60' title="bbox 1890 2797 3469 2865">
     <span class='ocr_line' id='line_1_60' title="bbox 1890 2797 3469 2865; baseline 0.004 -18"><span class='ocrx_word' id='word_1_486' title='bbox 1890 2803 2035 2848; x_wconf 88' lang='lat' dir='ltr'><strong>certe</strong></span> <span class='ocrx_word' id='word_1_487' title='bbox 2071 2809 2161 2849; x_wconf 91' lang='lat' dir='ltr'><strong>res</strong></span> <span class='ocrx_word' id='word_1_488' title='bbox 2181 2803 2365 2848; x_wconf 87' lang='lat' dir='ltr'><strong>creata</strong></span> <span class='ocrx_word' id='word_1_489' title='bbox 2390 2809 2512 2850; x_wconf 89' lang='lat' dir='ltr'><strong>esse</strong></span> <span class='ocrx_word' id='word_1_490' title='bbox 2543 2811 2652 2850; x_wconf 92' lang='lat' dir='ltr'><strong>non</strong></span> <span class='ocrx_word' id='word_1_491' title='bbox 2678 2804 2876 2865; x_wconf 81' lang='lat' dir='ltr'><strong>potest.</strong></span> <span class='ocrx_word' id='word_1_492' title='bbox 2914 2797 3020 2862; x_wconf 86' lang='lat' dir='ltr'><strong>Qui</strong></span> <span class='ocrx_word' id='word_1_493' title='bbox 3048 2797 3178 2852; x_wconf 86' lang='lat' dir='ltr'><strong>item</strong></span> <span class='ocrx_word' id='word_1_494' title='bbox 3205 2813 3292 2852; x_wconf 88' lang='lat' dir='ltr'><strong>res</strong></span> <span class='ocrx_word' id='word_1_495' title='bbox 3315 2814 3469 2854; x_wconf 86' lang='lat' dir='ltr'><strong>crea-</strong></span> 
     </span>
    </p>
   </div>
   <div class='ocr_carea' id='block_1_61' title="bbox 1889 2885 3468 2958">
    <p class='ocr_par' dir='ltr' id='par_1_61' title="bbox 1889 2885 3468 2958">
     <span class='ocr_line' id='line_1_61' title="bbox 1889 2885 3468 2958; baseline 0.004 -18"><span class='ocrx_word' id='word_1_496' title='bbox 1889 2895 1974 2941; x_wconf 92' lang='lat' dir='ltr'><strong>tas</strong></span> <span class='ocrx_word' id='word_1_497' title='bbox 1993 2885 2136 2942; x_wconf 91' lang='lat' dir='ltr'><strong>ﬁlios</strong></span> <span class='ocrx_word' id='word_1_498' title='bbox 2157 2885 2339 2952; x_wconf 74' lang='lat' dir='ltr'><strong>efﬁcit,</strong></span> <span class='ocrx_word' id='word_1_499' title='bbox 2363 2903 2471 2942; x_wconf 93' lang='lat' dir='ltr'><strong>non</strong></span> <span class='ocrx_word' id='word_1_500' title='bbox 2497 2895 2675 2958; x_wconf 87' lang='lat' dir='ltr'><strong>potest</strong></span> <span class='ocrx_word' id='word_1_501' title='bbox 2695 2903 2726 2943; x_wconf 92' lang='lat' dir='ltr'><strong>a</strong></span> <span class='ocrx_word' id='word_1_502' title='bbox 2757 2885 2894 2944; x_wconf 87' lang='lat' dir='ltr'><strong>Filio</strong></span> <span class='ocrx_word' id='word_1_503' title='bbox 2913 2890 3124 2946; x_wconf 90' lang='lat' dir='ltr'><strong>alienus</strong></span> <span class='ocrx_word' id='word_1_504' title='bbox 3150 2905 3290 2947; x_wconf 90' lang='lat' dir='ltr'><strong>esse.</strong></span> <span class='ocrx_word' id='word_1_505' title='bbox 3315 2891 3468 2946; x_wconf 87' lang='lat' dir='ltr'><strong>Alio-</strong></span> 
     </span>
    </p>
   </div>
   <div class='ocr_carea' id='block_1_62' title="bbox 1888 2976 3464 3050">
    <p class='ocr_par' dir='ltr' id='par_1_62' title="bbox 1888 2976 3464 3050">
     <span class='ocr_line' id='line_1_62' title="bbox 1888 2976 3464 3050; baseline 0.004 -20"><span class='ocrx_word' id='word_1_506' title='bbox 1888 2977 2020 3046; x_wconf 88' lang='lat' dir='ltr'><strong>quin</strong></span> <span class='ocrx_word' id='word_1_507' title='bbox 2043 2977 2206 3031; x_wconf 91' lang='lat' dir='ltr'><strong>alium</strong></span> <span class='ocrx_word' id='word_1_508' title='bbox 2229 2976 2488 3047; x_wconf 90' lang='lat' dir='ltr'><strong>Spiritum</strong></span> <span class='ocrx_word' id='word_1_509' title='bbox 2505 2994 2752 3050; x_wconf 86' lang='lat' dir='ltr'><strong>quaerere</strong></span> <span class='ocrx_word' id='word_1_510' title='bbox 2765 2995 2987 3037; x_wconf 90' lang='lat' dir='ltr'><strong>necesse</strong></span> <span class='ocrx_word' id='word_1_511' title='bbox 3000 2990 3164 3050; x_wconf 91' lang='lat' dir='ltr'><strong>esset,</strong></span> <span class='ocrx_word' id='word_1_512' title='bbox 3193 2991 3254 3037; x_wconf 93' lang='lat' dir='ltr'><strong>ut</strong></span> <span class='ocrx_word' id='word_1_513' title='bbox 3276 2982 3380 3038; x_wconf 90' lang='lat' dir='ltr'><strong>iste</strong></span> <span class='ocrx_word' id='word_1_514' title='bbox 3409 2986 3464 3037; x_wconf 90' lang='lat' dir='ltr'><strong>in</strong></span> 
     </span>
    </p>
   </div>
   <div class='ocr_carea' id='block_1_63' title="bbox 1889 3067 3467 3146">
    <p class='ocr_par' dir='ltr' id='par_1_63' title="bbox 1889 3067 3467 3146">
     <span class='ocr_line' id='line_1_63' title="bbox 1889 3067 3467 3146; baseline 0.005 -24"><span class='ocrx_word' id='word_1_515' title='bbox 1889 3068 1985 3124; x_wconf 92' lang='lat' dir='ltr'><strong>illo</strong></span> <span class='ocrx_word' id='word_1_516' title='bbox 2035 3085 2160 3125; x_wconf 87' lang='lat' dir='ltr'><strong>cum</strong></span> <span class='ocrx_word' id='word_1_517' title='bbox 2187 3067 2366 3126; x_wconf 87' lang='lat' dir='ltr'><strong>Verbo</strong></span> <span class='ocrx_word' id='word_1_518' title='bbox 2417 3071 2674 3145; x_wconf 84' lang='lat' dir='ltr'><strong>conjungi</strong></span> <span class='ocrx_word' id='word_1_519' title='bbox 2714 3081 2916 3144; x_wconf 87' lang='lat' dir='ltr'><strong>posset.</strong></span> <span class='ocrx_word' id='word_1_520' title='bbox 2949 3072 3152 3130; x_wconf 82' lang='lat' dir='ltr'><strong>Verum</strong></span> <span class='ocrx_word' id='word_1_521' title='bbox 3190 3075 3244 3131; x_wconf 91' lang='lat' dir='ltr'><strong>id</strong></span> <span class='ocrx_word' id='word_1_522' title='bbox 3276 3075 3467 3146; x_wconf 89' lang='lat' dir='ltr'><strong>perab-</strong></span> 
     </span>
    </p>
   </div>
   <div class='ocr_carea' id='block_1_64' title="bbox 1890 3161 3464 3233">
    <p class='ocr_par' dir='ltr' id='par_1_64' title="bbox 1890 3161 3464 3233">
     <span class='ocr_line' id='line_1_64' title="bbox 1890 3161 3464 3233; baseline 0.002 -15"><span class='ocrx_word' id='word_1_523' title='bbox 1890 3162 2116 3218; x_wconf 91' lang='lat' dir='ltr'><strong>surdum</strong></span> <span class='ocrx_word' id='word_1_524' title='bbox 2145 3171 2245 3218; x_wconf 92' lang='lat' dir='ltr'><strong>est.</strong></span> <span class='ocrx_word' id='word_1_525' title='bbox 2274 3161 2616 3233; x_wconf 87' lang='lat' dir='ltr'><strong>Quapropter</strong></span> <span class='ocrx_word' id='word_1_526' title='bbox 2649 3162 2928 3219; x_wconf 88' lang='lat' dir='ltr'><strong>fatendum</strong></span> <span class='ocrx_word' id='word_1_527' title='bbox 2964 3175 3051 3220; x_wconf 89' lang='lat' dir='ltr'><strong>est</strong></span> <span class='ocrx_word' id='word_1_528' title='bbox 3071 3180 3179 3220; x_wconf 91' lang='lat' dir='ltr'><strong>non</strong></span> <span class='ocrx_word' id='word_1_529' title='bbox 3204 3180 3273 3220; x_wconf 87' lang='lat' dir='ltr'><strong>ex</strong></span> <span class='ocrx_word' id='word_1_530' title='bbox 3301 3168 3464 3222; x_wconf 87' lang='lat' dir='ltr'><strong>rebus</strong></span> 
     </span>
    </p>
   </div>
   <div class='ocr_carea' id='block_1_65' title="bbox 1808 3253 3463 3329">
    <p class='ocr_par' dir='ltr' id='par_1_65' title="bbox 1808 3253 3463 3329">
     <span class='ocr_line' id='line_1_65' title="bbox 1808 3253 3463 3329; baseline 0.003 -20"><span class='ocrx_word' id='word_1_531' title='bbox 1808 3260 1850 3318; x_wconf 87' lang='lat' dir='ltr'>c</span> <span class='ocrx_word' id='word_1_532' title='bbox 1883 3257 2049 3323; x_wconf 69' lang='lat' dir='ltr'><strong>[actis</strong></span> <span class='ocrx_word' id='word_1_533' title='bbox 2073 3270 2194 3311; x_wconf 89' lang='lat' dir='ltr'><strong>esse</strong></span> <span class='ocrx_word' id='word_1_534' title='bbox 2215 3253 2500 3326; x_wconf 88' lang='lat' dir='ltr'><strong>Spiritum,</strong></span> <span class='ocrx_word' id='word_1_535' title='bbox 2519 3255 2616 3311; x_wconf 90' lang='lat' dir='ltr'><strong>sed</strong></span> <span class='ocrx_word' id='word_1_536' title='bbox 2641 3256 2941 3313; x_wconf 90' lang='lat' dir='ltr'><strong>divinitatis</strong></span> <span class='ocrx_word' id='word_1_537' title='bbox 2972 3255 3152 3314; x_wconf 87' lang='lat' dir='ltr'><strong>Patris</strong></span> <span class='ocrx_word' id='word_1_538' title='bbox 3179 3258 3463 3329; x_wconf 90' lang='lat' dir='ltr'><strong>proprium</strong></span> 
     </span>
    </p>
   </div>
   <div class='ocr_carea' id='block_1_66' title="bbox 193 3347 3462 3420">
    <p class='ocr_par' dir='ltr' id='par_1_66' title="bbox 193 3347 3462 3420">
     <span class='ocr_line' id='line_1_66' title="bbox 193 3347 3462 3420; baseline 0.001 -18"><span class='ocrx_word' id='word_1_539' title='bbox 193 3361 344 3413; x_wconf 79' lang='lat' dir='ltr'><strong>esse,</strong></span> <span class='ocrx_word' id='word_1_540' title='bbox 391 3347 448 3402; x_wconf 89' lang='lat' dir='ltr'><strong>in</strong></span> <span class='ocrx_word' id='word_1_541' title='bbox 489 3362 600 3417; x_wconf 92' lang='lat' dir='ltr'><strong>quo</strong></span> <span class='ocrx_word' id='word_1_542' title='bbox 641 3355 697 3403; x_wconf 90' lang='lat' dir='ltr'><strong>et</strong></span> <span class='ocrx_word' id='word_1_543' title='bbox 729 3349 917 3418; x_wconf 85' lang='lat' dir='ltr'><strong>ipsum</strong></span> <span class='ocrx_word' id='word_1_544' title='bbox 942 3347 1179 3404; x_wconf 84' lang='lat' dir='ltr'><strong>Verbum</strong></span> <span class='ocrx_word' id='word_1_545' title='bbox 1225 3363 1314 3404; x_wconf 87' lang='lat' dir='ltr'><strong>res</strong></span> <span class='ocrx_word' id='word_1_546' title='bbox 1359 3347 1529 3403; x_wconf 81' lang='lat' dir='ltr'><strong>fat-tas</strong></span> <span class='ocrx_word' id='word_1_547' title='bbox 1575 3347 1773 3403; x_wconf 88' lang='lat' dir='ltr'><strong>divina</strong></span> <span class='ocrx_word' id='word_1_548' title='bbox 1799 3356 2010 3402; x_wconf 88' lang='lat' dir='ltr'><strong>natura</strong></span> <span class='ocrx_word' id='word_1_549' title='bbox 2054 3354 2335 3401; x_wconf 88' lang='lat' dir='ltr'><strong>consortes</strong></span> <span class='ocrx_word' id='word_1_550' title='bbox 2350 3347 2545 3402; x_wconf 91' lang='lat' dir='ltr'><strong>reddit.</strong></span> <span class='ocrx_word' id='word_1_551' title='bbox 2562 3347 2725 3418; x_wconf 87' lang='lat' dir='ltr'><strong>Atqui</strong></span> <span class='ocrx_word' id='word_1_552' title='bbox 2757 3347 2804 3403; x_wconf 90' lang='lat' dir='ltr'><strong>is</strong></span> <span class='ocrx_word' id='word_1_553' title='bbox 2833 3348 2887 3404; x_wconf 93' lang='lat' dir='ltr'><strong>in</strong></span> <span class='ocrx_word' id='word_1_554' title='bbox 2914 3363 3025 3420; x_wconf 90' lang='lat' dir='ltr'><strong>quo</strong></span> <span class='ocrx_word' id='word_1_555' title='bbox 3054 3358 3251 3404; x_wconf 91' lang='lat' dir='ltr'><strong>natura</strong></span> <span class='ocrx_word' id='word_1_556' title='bbox 3277 3359 3462 3405; x_wconf 86' lang='lat' dir='ltr'><strong>creata</strong></span> 
     </span>
    </p>
   </div>
   <div class='ocr_carea' id='block_1_67' title="bbox 190 3440 2262 3511">
    <p class='ocr_par' dir='ltr' id='par_1_67' title="bbox 190 3440 2262 3511">
     <span class='ocr_line' id='line_1_67' title="bbox 190 3440 2262 3511; baseline -0.002 -14"><span class='ocrx_word' id='word_1_557' title='bbox 190 3441 499 3497; x_wconf 86' lang='lat' dir='ltr'><strong>divinitatis</strong></span> <span class='ocrx_word' id='word_1_558' title='bbox 519 3440 578 3495; x_wconf 91' lang='lat' dir='ltr'><strong>ﬁt</strong></span> <span class='ocrx_word' id='word_1_559' title='bbox 602 3441 895 3511; x_wconf 84' lang='lat' dir='ltr'><strong>particeps,</strong></span> <span class='ocrx_word' id='word_1_560' title='bbox 916 3451 1070 3496; x_wconf 83' lang='lat' dir='ltr'><strong>extra</strong></span> <span class='ocrx_word' id='word_1_561' title='bbox 1091 3441 1266 3496; x_wconf 90' lang='lat' dir='ltr'><strong>Patris</strong></span> <span class='ocrx_word' id='word_1_562' title='bbox 1283 3441 1615 3495; x_wconf 85' lang='lat' dir='ltr'><strong>divinitatem</strong></span> <span class='ocrx_word' id='word_1_563' title='bbox 1636 3440 1751 3510; x_wconf 90' lang='lat' dir='ltr'><strong>ipse</strong></span> <span class='ocrx_word' id='word_1_564' title='bbox 1777 3454 1900 3496; x_wconf 89' lang='lat' dir='ltr'><strong>esse</strong></span> <span class='ocrx_word' id='word_1_565' title='bbox 1928 3455 2036 3494; x_wconf 91' lang='lat' dir='ltr'><strong>non</strong></span> <span class='ocrx_word' id='word_1_566' title='bbox 2059 3449 2262 3510; x_wconf 90' lang='lat' dir='ltr'><strong>potest.</strong></span> 
     </span>
    </p>
   </div>
   <div class='ocr_carea' id='block_1_68' title="bbox 263 3531 1782 3604">
    <p class='ocr_par' dir='ltr' id='par_1_68' title="bbox 263 3531 1782 3604">
     <span class='ocr_line' id='line_1_68' title="bbox 263 3531 1782 3604; baseline 0 -18"><span class='ocrx_word' id='word_1_567' title='bbox 263 3531 357 3586; x_wconf 88' lang='grc'><strong>26.</strong></span> <span class='ocrx_word' id='word_1_568' title='bbox 392 3532 511 3586; x_wconf 86' lang='grc' dir='ltr'>Ὀτι</span> <span class='ocrx_word' id='word_1_569' title='bbox 538 3532 595 3586; x_wconf 83' lang='grc' dir='ltr'>δὲ</span> <span class='ocrx_word' id='word_1_570' title='bbox 624 3532 738 3586; x_wconf 84' lang='grc' dir='ltr'>ἄνω</span> <span class='ocrx_word' id='word_1_571' title='bbox 765 3533 863 3603; x_wconf 80' lang='grc' dir='ltr'>τῆς</span> <span class='ocrx_word' id='word_1_572' title='bbox 891 3531 1119 3596; x_wconf 86' lang='grc' dir='ltr'>κτίσεώς</span> <span class='ocrx_word' id='word_1_573' title='bbox 1171 3534 1288 3586; x_wconf 78' lang='grc' dir='ltr'>ἐστι</span> <span class='ocrx_word' id='word_1_574' title='bbox 1320 3532 1380 3586; x_wconf 85' lang='grc' dir='ltr'><strong>τὸ</strong></span> <span class='ocrx_word' id='word_1_575' title='bbox 1411 3532 1657 3604; x_wconf 85' lang='grc' dir='ltr'>Πνεῦμα,</span> <span class='ocrx_word' id='word_1_576' title='bbox 1687 3533 1782 3587; x_wconf 64' lang='grc' dir='ltr'><strong>καὶ¹</strong></span> 
     </span>
    </p>
   </div>
   <div class='ocr_carea' id='block_1_69' title="bbox 189 3623 1782 3698">
    <p class='ocr_par' dir='ltr' id='par_1_69' title="bbox 189 3623 1782 3698">
     <span class='ocr_line' id='line_1_69' title="bbox 189 3623 1782 3698; baseline 0.001 -20"><span class='ocrx_word' id='word_1_577' title='bbox 189 3624 324 3679; x_wconf 77' lang='grc' dir='ltr'>ἄλλο</span> <span class='ocrx_word' id='word_1_578' title='bbox 354 3625 453 3696; x_wconf 78' lang='grc' dir='ltr'>μὲν</span> <span class='ocrx_word' id='word_1_579' title='bbox 483 3623 634 3696; x_wconf 87' lang='grc' dir='ltr'><strong>παρά</strong></span> <span class='ocrx_word' id='word_1_580' title='bbox 661 3623 760 3696; x_wconf 80' lang='grc' dir='ltr'>τὴν</span> <span class='ocrx_word' id='word_1_581' title='bbox 792 3624 900 3678; x_wconf 86' lang='grc' dir='ltr'><strong>τῶν</strong></span> <span class='ocrx_word' id='word_1_582' title='bbox 927 3623 1170 3696; x_wconf 82' lang='grc' dir='ltr'>γενητῶν</span> <span class='ocrx_word' id='word_1_583' title='bbox 1209 3624 1392 3695; x_wconf 86' lang='grc' dir='ltr'>φύσιν,</span> <span class='ocrx_word' id='word_1_584' title='bbox 1448 3625 1577 3680; x_wconf 72' lang='grc' dir='ltr'>[διον</span> <span class='ocrx_word' id='word_1_585' title='bbox 1600 3626 1658 3679; x_wconf 88' lang='grc' dir='ltr'><strong>δὲ</strong></span> <span class='ocrx_word' id='word_1_586' title='bbox 1681 3626 1782 3698; x_wconf 82' lang='grc' dir='ltr'>τῆς</span> 
     </span>
    </p>
   </div>
   <div class='ocr_carea' id='block_1_70' title="bbox 191 3715 1776 3789">
    <p class='ocr_par' dir='ltr' id='par_1_70' title="bbox 191 3715 1776 3789">
     <span class='ocr_line' id='line_1_70' title="bbox 191 3715 1776 3789; baseline 0.002 -20"><span class='ocrx_word' id='word_1_587' title='bbox 191 3717 470 3788; x_wconf 84' lang='grc' dir='ltr'>θεότητος,</span> <span class='ocrx_word' id='word_1_588' title='bbox 505 3716 679 3781; x_wconf 75' lang='grc' dir='ltr'>ἔξεστι</span> <span class='ocrx_word' id='word_1_589' title='bbox 737 3716 834 3770; x_wconf 75' lang='grc' dir='ltr'><strong>καὶ</strong></span> <span class='ocrx_word' id='word_1_590' title='bbox 881 3718 946 3770; x_wconf 83' lang='grc' dir='ltr'><strong>ὲκ</strong></span> <span class='ocrx_word' id='word_1_591' title='bbox 969 3715 1158 3770; x_wconf 87' lang='grc' dir='ltr'>τούτου</span> <span class='ocrx_word' id='word_1_592' title='bbox 1186 3716 1297 3789; x_wconf 91' lang='grc'>(26)</span> <span class='ocrx_word' id='word_1_593' title='bbox 1337 3717 1497 3771; x_wconf 84' lang='grc' dir='ltr'>πάλιν</span> <span class='ocrx_word' id='word_1_594' title='bbox 1528 3718 1776 3772; x_wconf 85' lang='grc' dir='ltr'>συνιδεῖν.</span> 
     </span>
    </p>
   </div>
   <div class='ocr_carea' id='block_1_71' title="bbox 193 3806 1776 3880">
    <p class='ocr_par' dir='ltr' id='par_1_71' title="bbox 193 3806 1776 3880">
     <span class='ocr_line' id='line_1_71' title="bbox 193 3806 1776 3880; baseline -0.002 -16"><span class='ocrx_word' id='word_1_595' title='bbox 193 3809 501 3880; x_wconf 80' lang='grc' dir='ltr'>’Δτρεπτον</span> <span class='ocrx_word' id='word_1_596' title='bbox 530 3808 624 3861; x_wconf 78' lang='grc' dir='ltr'><strong>καὶ</strong></span> <span class='ocrx_word' id='word_1_597' title='bbox 641 3806 994 3862; x_wconf 76' lang='grc' dir='ltr'>ἀναλλοίωτόν</span> <span class='ocrx_word' id='word_1_598' title='bbox 1019 3809 1135 3862; x_wconf 83' lang='grc' dir='ltr'>ἐστι</span> <span class='ocrx_word' id='word_1_599' title='bbox 1165 3808 1227 3861; x_wconf 87' lang='grc' dir='ltr'><strong>τὸ</strong></span> <span class='ocrx_word' id='word_1_600' title='bbox 1267 3807 1489 3880; x_wconf 90' lang='grc' dir='ltr'>Πνεῦμα</span> <span class='ocrx_word' id='word_1_601' title='bbox 1509 3808 1571 3862; x_wconf 85' lang='grc' dir='ltr'><strong>τὸ</strong></span> <span class='ocrx_word' id='word_1_602' title='bbox 1599 3809 1776 3876; x_wconf 77' lang='grc' dir='ltr'>ἅγιον·</span> 
     </span>
    </p>
   </div>
   <div class='ocr_carea' id='block_1_72' title="bbox 194 3900 1777 3972">
    <p class='ocr_par' dir='ltr' id='par_1_72' title="bbox 194 3900 1777 3972">
     <span class='ocr_line' id='line_1_72' title="bbox 194 3900 1777 3972; baseline 0.001 -21"><span class='ocrx_word' id='word_1_603' title='bbox 194 3920 216 3951; x_wconf 84' lang='grc'><strong><em>‹</em></strong></span> <span class='ocrx_word' id='word_1_604' title='bbox 256 3901 467 3968; x_wconf 81' lang='grc' dir='ltr'>’Δγιον,</span> <span class='ocrx_word' id='word_1_605' title='bbox 532 3901 640 3972; x_wconf 83' lang='grc' dir='ltr'><strong>γάρ</strong></span> <span class='ocrx_word' id='word_1_606' title='bbox 710 3915 865 3971; x_wconf 86' lang='grc' dir='ltr'>φησι,</span> <span class='ocrx_word' id='word_1_607' title='bbox 935 3900 1159 3972; x_wconf 86' lang='grc' dir='ltr'>Πνεῦμα</span> <span class='ocrx_word' id='word_1_608' title='bbox 1227 3901 1475 3964; x_wconf 85' lang='grc' dir='ltr'>παιδείας</span> <span class='ocrx_word' id='word_1_609' title='bbox 1525 3901 1777 3970; x_wconf 84' lang='grc' dir='ltr'>φεύξεται</span> 
     </span>
    </p>
   </div>
   <div class='ocr_carea' id='block_1_73' title="bbox 184 3993 1770 4066">
    <p class='ocr_par' dir='ltr' id='par_1_73' title="bbox 184 3993 1770 4066">
     <span class='ocr_line' id='line_1_73' title="bbox 184 3993 1770 4066; baseline 0 -20"><span class='ocrx_word' id='word_1_610' title='bbox 184 3993 364 4057; x_wconf 85' lang='grc' dir='ltr'>δόλον,</span> <span class='ocrx_word' id='word_1_611' title='bbox 401 3993 496 4046; x_wconf 75' lang='grc' dir='ltr'>καὶ</span> <span class='ocrx_word' id='word_1_612' title='bbox 522 3993 962 4066; x_wconf 84' lang='grc' dir='ltr'>ἀπαναστήσεται</span> <span class='ocrx_word' id='word_1_613' title='bbox 987 3995 1096 4048; x_wconf 86' lang='grc' dir='ltr'><strong>ἀπὸ</strong></span> <span class='ocrx_word' id='word_1_614' title='bbox 1129 3994 1404 4066; x_wconf 85' lang='grc' dir='ltr'>λογισμῶν</span> <span class='ocrx_word' id='word_1_615' title='bbox 1431 3995 1723 4048; x_wconf 84' lang='grc' dir='ltr'>ἀσυνέτων.</span> <span class='ocrx_word' id='word_1_616' title='bbox 1752 4014 1770 4046; x_wconf 78' lang='grc' dir='ltr'><strong>ι</strong></span> 
     </span>
    </p>
   </div>
   <div class='ocr_carea' id='block_1_74' title="bbox 185 4085 1776 4159">
    <p class='ocr_par' dir='ltr' id='par_1_74' title="bbox 185 4085 1776 4159">
     <span class='ocr_line' id='line_1_74' title="bbox 185 4085 1776 4159; baseline 0 -19"><span class='ocrx_word' id='word_1_617' title='bbox 185 4087 301 4140; x_wconf 73' lang='grc' dir='ltr'>Καὶ</span> <span class='ocrx_word' id='word_1_618' title='bbox 319 4087 348 4138; x_wconf 87' lang='lat'><strong>6</strong></span> <span class='ocrx_word' id='word_1_619' title='bbox 366 4085 464 4155; x_wconf 83' lang='grc' dir='ltr'><strong>μὲν</strong></span> <span class='ocrx_word' id='word_1_620' title='bbox 480 4085 685 4158; x_wconf 83' lang='grc' dir='ltr'>Πέτρος</span> <span class='ocrx_word' id='word_1_621' title='bbox 710 4087 894 4158; x_wconf 86' lang='grc' dir='ltr'>φησίν·</span> <span class='ocrx_word' id='word_1_622' title='bbox 919 4103 938 4138; x_wconf 73' lang='grc' dir='ltr'><strong>ι</strong></span> <span class='ocrx_word' id='word_1_623' title='bbox 968 4087 1056 4139; x_wconf 89' lang='grc' dir='ltr'>Ἐν</span> <span class='ocrx_word' id='word_1_624' title='bbox 1076 4087 1154 4157; x_wconf 84' lang='grc' dir='ltr'><strong>τῷ</strong></span> <span class='ocrx_word' id='word_1_625' title='bbox 1179 4087 1441 4159; x_wconf 80' lang='grc' dir='ltr'>ἀφθάρτῳ</span> <span class='ocrx_word' id='word_1_626' title='bbox 1455 4087 1549 4140; x_wconf 87' lang='grc' dir='ltr'><strong>τοῦ</strong></span> <span class='ocrx_word' id='word_1_627' title='bbox 1573 4087 1776 4158; x_wconf 85' lang='grc' dir='ltr'>πραέος</span> 
     </span>
    </p>
   </div>
   <div class='ocr_carea' id='block_1_75' title="bbox 187 4173 1768 4247">
    <p class='ocr_par' dir='ltr' id='par_1_75' title="bbox 187 4173 1768 4247">
     <span class='ocr_line' id='line_1_75' title="bbox 187 4173 1768 4247; baseline -0.001 -17"><span class='ocrx_word' id='word_1_628' title='bbox 187 4176 286 4230; x_wconf 75' lang='grc' dir='ltr'>καὶ</span> <span class='ocrx_word' id='word_1_629' title='bbox 306 4173 532 4245; x_wconf 79' lang='grc' dir='ltr'>ἡσυχίου</span> <span class='ocrx_word' id='word_1_630' title='bbox 559 4173 670 4246; x_wconf 88' lang='grc'>(27)</span> <span class='ocrx_word' id='word_1_631' title='bbox 701 4175 1033 4246; x_wconf 89' lang='grc' dir='ltr'>Πνεύματος·</span> <span class='ocrx_word' id='word_1_632' title='bbox 1056 4195 1074 4227; x_wconf 82' lang='grc' dir='ltr'><strong>ι</strong></span> <span class='ocrx_word' id='word_1_633' title='bbox 1105 4176 1197 4230; x_wconf 78' lang='grc' dir='ltr'>καὶ</span> <span class='ocrx_word' id='word_1_634' title='bbox 1219 4176 1381 4230; x_wconf 84' lang='grc' dir='ltr'>πάλιν</span> <span class='ocrx_word' id='word_1_635' title='bbox 1405 4179 1461 4231; x_wconf 85' lang='grc' dir='ltr'>ὲν</span> <span class='ocrx_word' id='word_1_636' title='bbox 1491 4179 1555 4247; x_wconf 81' lang='grc' dir='ltr'>τῇ</span> <span class='ocrx_word' id='word_1_637' title='bbox 1582 4176 1768 4247; x_wconf 74' lang='grc' dir='ltr'>Σοφίᾳ·</span> 
     </span>
    </p>
   </div>
   <div class='ocr_carea' id='block_1_76' title="bbox 190 4253 1772 4339">
    <p class='ocr_par' dir='ltr' id='par_1_76' title="bbox 190 4253 1772 4339">
     <span class='ocr_line' id='line_1_76' title="bbox 190 4253 1772 4339; baseline 0.003 -21"><span class='ocrx_word' id='word_1_638' title='bbox 190 4287 211 4318; x_wconf 84' lang='grc'><strong>‹</strong></span> <span class='ocrx_word' id='word_1_639' title='bbox 233 4265 310 4320; x_wconf 89' lang='lat' dir='ltr'>T6</span> <span class='ocrx_word' id='word_1_640' title='bbox 343 4265 453 4336; x_wconf 82' lang='grc' dir='ltr'>γὰρ</span> <span class='ocrx_word' id='word_1_641' title='bbox 482 4264 755 4338; x_wconf 82' lang='grc' dir='ltr'>ἀφθαρτόν</span> <span class='ocrx_word' id='word_1_642' title='bbox 785 4284 877 4319; x_wconf 84' lang='grc' dir='ltr'><strong>σου</strong></span> <span class='ocrx_word' id='word_1_643' title='bbox 911 4253 1134 4339; x_wconf 77' lang='grc' dir='ltr'>Πνεῦμα</span> <span class='ocrx_word' id='word_1_644' title='bbox 1171 4269 1318 4322; x_wconf 79' lang='grc' dir='ltr'>ἐστιν</span> <span class='ocrx_word' id='word_1_645' title='bbox 1353 4270 1410 4321; x_wconf 81' lang='grc' dir='ltr'><strong>ἐν</strong></span> <span class='ocrx_word' id='word_1_646' title='bbox 1440 4270 1594 4322; x_wconf 78' lang='grc' dir='ltr'>πᾶσι·</span> <span class='ocrx_word' id='word_1_647' title='bbox 1622 4288 1640 4320; x_wconf 82' lang='grc' dir='ltr'><strong>ι</strong></span> <span class='ocrx_word' id='word_1_648' title='bbox 1679 4268 1772 4322; x_wconf 78' lang='grc' dir='ltr'>καὶ</span> 
     </span>
    </p>
   </div>
   <div class='ocr_carea' id='block_1_77' title="bbox 1956 3530 3457 3605">
    <p class='ocr_par' dir='ltr' id='par_1_77' title="bbox 1956 3530 3457 3605">
     <span class='ocr_line' id='line_1_77' title="bbox 1956 3530 3457 3605; baseline 0.003 -19"><span class='ocrx_word' id='word_1_649' title='bbox 1956 3532 2046 3588; x_wconf 88' lang='lat'><strong>26.</strong></span> <span class='ocrx_word' id='word_1_650' title='bbox 2073 3530 2344 3588; x_wconf 86' lang='lat' dir='ltr'><strong>Caterum</strong></span> <span class='ocrx_word' id='word_1_651' title='bbox 2367 3546 2434 3586; x_wconf 78' lang='lat' dir='ltr'><strong>ex</strong></span> <span class='ocrx_word' id='word_1_652' title='bbox 2460 3532 2546 3589; x_wconf 88' lang='lat' dir='ltr'><strong>his</strong></span> <span class='ocrx_word' id='word_1_653' title='bbox 2577 3547 2796 3604; x_wconf 87' lang='lat' dir='ltr'><strong>quoque</strong></span> <span class='ocrx_word' id='word_1_654' title='bbox 2817 3533 3100 3604; x_wconf 87' lang='lat' dir='ltr'><strong>percipere</strong></span> <span class='ocrx_word' id='word_1_655' title='bbox 3125 3533 3253 3590; x_wconf 92' lang='lat' dir='ltr'><strong>licet</strong></span> <span class='ocrx_word' id='word_1_656' title='bbox 3279 3533 3457 3605; x_wconf 88' lang='lat' dir='ltr'><strong>Spiri-</strong></span> 
     </span>
    </p>
   </div>
   <div class='ocr_carea' id='block_1_78' title="bbox 1888 3623 3458 3696">
    <p class='ocr_par' dir='ltr' id='par_1_78' title="bbox 1888 3623 3458 3696">
     <span class='ocr_line' id='line_1_78' title="bbox 1888 3623 3458 3696; baseline 0.004 -18"><span class='ocrx_word' id='word_1_657' title='bbox 1888 3636 2001 3679; x_wconf 89' lang='lat' dir='ltr'><strong>tum</strong></span> <span class='ocrx_word' id='word_1_658' title='bbox 2040 3623 2208 3678; x_wconf 89' lang='lat' dir='ltr'><strong>rebus</strong></span> <span class='ocrx_word' id='word_1_659' title='bbox 2264 3625 2464 3678; x_wconf 89' lang='lat' dir='ltr'><strong>creatis</strong></span> <span class='ocrx_word' id='word_1_660' title='bbox 2509 3623 2843 3693; x_wconf 89' lang='lat' dir='ltr'><strong>superiorem</strong></span> <span class='ocrx_word' id='word_1_661' title='bbox 2894 3624 3173 3696; x_wconf 85' lang='lat' dir='ltr'><strong>aliumque</strong></span> <span class='ocrx_word' id='word_1_662' title='bbox 3214 3641 3246 3681; x_wconf 89' lang='lat' dir='ltr'><strong>a</strong></span> <span class='ocrx_word' id='word_1_663' title='bbox 3291 3629 3458 3685; x_wconf 86' lang='lat' dir='ltr'><strong>rebus</strong></span> 
     </span>
    </p>
   </div>
   <div class='ocr_carea' id='block_1_79' title="bbox 1883 3710 3458 3787">
    <p class='ocr_par' dir='ltr' id='par_1_79' title="bbox 1883 3710 3458 3787">
     <span class='ocr_line' id='line_1_79' title="bbox 1883 3710 3458 3787; baseline 0.003 -19"><span class='ocrx_word' id='word_1_664' title='bbox 1883 3712 2043 3769; x_wconf 87' lang='lat' dir='ltr'><strong>factis</strong></span> <span class='ocrx_word' id='word_1_665' title='bbox 2067 3728 2210 3769; x_wconf 90' lang='lat' dir='ltr'><strong>esse.</strong></span> <span class='ocrx_word' id='word_1_666' title='bbox 2241 3710 2447 3782; x_wconf 89' lang='lat' dir='ltr'><strong>Nempe</strong></span> <span class='ocrx_word' id='word_1_667' title='bbox 2474 3712 2828 3768; x_wconf 87' lang='lat' dir='ltr'><strong>immutabilis</strong></span> <span class='ocrx_word' id='word_1_668' title='bbox 2861 3723 2916 3768; x_wconf 92' lang='lat' dir='ltr'><strong>et</strong></span> <span class='ocrx_word' id='word_1_669' title='bbox 2957 3715 3236 3773; x_wconf 84' lang='lat' dir='ltr'><strong>varietatis</strong></span> <span class='ocrx_word' id='word_1_670' title='bbox 3263 3732 3458 3787; x_wconf 82' lang='lat' dir='ltr'><strong>expers</strong></span> 
     </span>
    </p>
   </div>
   <div class='ocr_carea' id='block_1_80' title="bbox 1871 3803 3458 3879">
    <p class='ocr_par' dir='ltr' id='par_1_80' title="bbox 1871 3803 3458 3879">
     <span class='ocr_line' id='line_1_80' title="bbox 1871 3803 3458 3879; baseline 0.001 -18"><span class='ocrx_word' id='word_1_671' title='bbox 1871 3815 1964 3862; x_wconf 61' lang='lat' dir='ltr'><strong>&#39;est</strong></span> <span class='ocrx_word' id='word_1_672' title='bbox 2020 3805 2258 3876; x_wconf 89' lang='lat' dir='ltr'><strong>Spiritus</strong></span> <span class='ocrx_word' id='word_1_673' title='bbox 2307 3814 2571 3861; x_wconf 86' lang='lat' dir='ltr'><strong>sanctus:</strong></span> <span class='ocrx_word' id='word_1_674' title='bbox 2611 3823 2630 3856; x_wconf 79' lang='grc' dir='ltr'><strong>ι</strong></span> <span class='ocrx_word' id='word_1_675' title='bbox 2667 3803 2902 3875; x_wconf 90' lang='lat' dir='ltr'><strong>Spiritus</strong></span> <span class='ocrx_word' id='word_1_676' title='bbox 2947 3817 3207 3875; x_wconf 90' lang='lat' dir='ltr'><strong>sanctus,</strong></span> <span class='ocrx_word' id='word_1_677' title='bbox 3257 3810 3458 3879; x_wconf 83' lang='lat' dir='ltr'><strong>inquit,</strong></span> 
     </span>
    </p>
   </div>
   <div class='ocr_carea' id='block_1_81' title="bbox 1883 3897 3456 3972">
    <p class='ocr_par' dir='ltr' id='par_1_81' title="bbox 1883 3897 3456 3972">
     <span class='ocr_line' id='line_1_81' title="bbox 1883 3897 3456 3972; baseline 0.001 -18"><span class='ocrx_word' id='word_1_678' title='bbox 1883 3897 2185 3968; x_wconf 89' lang='lat' dir='ltr'><strong>disciplina</strong></span> <span class='ocrx_word' id='word_1_679' title='bbox 2212 3898 2382 3968; x_wconf 89' lang='lat' dir='ltr'><strong>fugiet</strong></span> <span class='ocrx_word' id='word_1_680' title='bbox 2402 3897 2611 3964; x_wconf 89' lang='lat' dir='ltr'><strong>dolum,</strong></span> <span class='ocrx_word' id='word_1_681' title='bbox 2643 3907 2699 3952; x_wconf 91' lang='lat' dir='ltr'><strong>et</strong></span> <span class='ocrx_word' id='word_1_682' title='bbox 2726 3897 2937 3954; x_wconf 82' lang='lat' dir='ltr'><strong>auferet</strong></span> <span class='ocrx_word' id='word_1_683' title='bbox 2971 3914 3031 3954; x_wconf 92' lang='lat' dir='ltr'><strong>se</strong></span> <span class='ocrx_word' id='word_1_684' title='bbox 3053 3916 3083 3954; x_wconf 87' lang='lat' dir='ltr'><strong>a</strong></span> <span class='ocrx_word' id='word_1_685' title='bbox 3111 3901 3456 3972; x_wconf 89' lang='lat' dir='ltr'><strong>c0gitationi-</strong></span> 
     </span>
    </p>
   </div>
   <div class='ocr_carea' id='block_1_82' title="bbox 1883 3991 3454 4062">
    <p class='ocr_par' dir='ltr' id='par_1_82' title="bbox 1883 3991 3454 4062">
     <span class='ocr_line' id='line_1_82' title="bbox 1883 3991 3454 4062; baseline 0.003 -14"><span class='ocrx_word' id='word_1_686' title='bbox 1883 3993 1987 4048; x_wconf 84' lang='lat' dir='ltr'><strong>bus</strong></span> <span class='ocrx_word' id='word_1_687' title='bbox 2010 4007 2129 4062; x_wconf 90' lang='lat' dir='ltr'><strong>qua</strong></span> <span class='ocrx_word' id='word_1_688' title='bbox 2159 3999 2288 4048; x_wconf 91' lang='lat' dir='ltr'><strong>sunt</strong></span> <span class='ocrx_word' id='word_1_689' title='bbox 2315 3992 2434 4048; x_wconf 90' lang='lat' dir='ltr'><strong>sine</strong></span> <span class='ocrx_word' id='word_1_690' title='bbox 2459 3991 2732 4047; x_wconf 88' lang='lat' dir='ltr'><strong>intellectu</strong></span> <span class='ocrx_word' id='word_1_691' title='bbox 2759 3992 2823 4046; x_wconf 79' lang='grc'>⁸⁸.</span> <span class='ocrx_word' id='word_1_692' title='bbox 2861 4011 2880 4045; x_wconf 76' lang='grc' dir='ltr'><strong>ι</strong></span> <span class='ocrx_word' id='word_1_693' title='bbox 2911 3992 2979 4048; x_wconf 87' lang='grc' dir='ltr'>Ει</span> <span class='ocrx_word' id='word_1_694' title='bbox 2998 3991 3192 4051; x_wconf 89' lang='lat' dir='ltr'><strong>Petrus</strong></span> <span class='ocrx_word' id='word_1_695' title='bbox 3218 3997 3322 4051; x_wconf 78' lang='lat' dir='ltr'><strong>ait:</strong></span> <span class='ocrx_word' id='word_1_696' title='bbox 3353 4017 3372 4050; x_wconf 77' lang='grc' dir='ltr'><strong>ι</strong></span> <span class='ocrx_word' id='word_1_697' title='bbox 3393 3997 3454 4054; x_wconf 83' lang='grc' dir='ltr'><strong>1η</strong></span> 
     </span>
    </p>
   </div>
   <div class='ocr_carea' id='block_1_83' title="bbox 1883 4084 3455 4158">
    <p class='ocr_par' dir='ltr' id='par_1_83' title="bbox 1883 4084 3455 4158">
     <span class='ocr_line' id='line_1_83' title="bbox 1883 4084 3455 4158; baseline 0.004 -18"><span class='ocrx_word' id='word_1_698' title='bbox 1883 4085 2394 4155; x_wconf 77' lang='lat' dir='ltr'><strong>incorruptibilitate</strong></span> <span class='ocrx_word' id='word_1_699' title='bbox 2419 4084 2586 4154; x_wconf 91' lang='lat' dir='ltr'><strong>quieti</strong></span> <span class='ocrx_word' id='word_1_700' title='bbox 2617 4093 2671 4140; x_wconf 92' lang='lat' dir='ltr'><strong>et</strong></span> <span class='ocrx_word' id='word_1_701' title='bbox 2699 4085 2929 4141; x_wconf 89' lang='lat' dir='ltr'><strong>modesti</strong></span> <span class='ocrx_word' id='word_1_702' title='bbox 2961 4085 3280 4158; x_wconf 84' lang='lat' dir='ltr'><strong>Spiritus&quot;.</strong></span> <span class='ocrx_word' id='word_1_703' title='bbox 3320 4107 3340 4140; x_wconf 75' lang='grc' dir='ltr'><strong>ι</strong></span> <span class='ocrx_word' id='word_1_704' title='bbox 3386 4089 3455 4146; x_wconf 82' lang='grc' dir='ltr'>Ει</span> 
     </span>
    </p>
   </div>
   <div class='ocr_carea' id='block_1_84' title="bbox 1883 4175 3452 4247">
    <p class='ocr_par' dir='ltr' id='par_1_84' title="bbox 1883 4175 3452 4247">
     <span class='ocr_line' id='line_1_84' title="bbox 1883 4175 3452 4247; baseline 0.003 -16"><span class='ocrx_word' id='word_1_705' title='bbox 1883 4177 2079 4232; x_wconf 86' lang='lat' dir='ltr'><strong>iterum</strong></span> <span class='ocrx_word' id='word_1_706' title='bbox 2114 4177 2168 4230; x_wconf 92' lang='lat' dir='ltr'><strong>in</strong></span> <span class='ocrx_word' id='word_1_707' title='bbox 2205 4175 2480 4247; x_wconf 90' lang='lat' dir='ltr'><strong>Sapientia</strong></span> <span class='ocrx_word' id='word_1_708' title='bbox 2508 4176 2706 4246; x_wconf 83' lang='lat' dir='ltr'><strong>legitur</strong></span> <span class='ocrx_word' id='word_1_709' title='bbox 2739 4196 2751 4231; x_wconf 96' lang='lat'><strong>:</strong></span> <span class='ocrx_word' id='word_1_710' title='bbox 2787 4195 2807 4228; x_wconf 75' lang='grc' dir='ltr'><strong>ι</strong></span> <span class='ocrx_word' id='word_1_711' title='bbox 2839 4177 2990 4234; x_wconf 91' lang='lat' dir='ltr'><strong>Tuus</strong></span> <span class='ocrx_word' id='word_1_712' title='bbox 3025 4179 3170 4234; x_wconf 90' lang='lat' dir='ltr'><strong>enim</strong></span> <span class='ocrx_word' id='word_1_713' title='bbox 3203 4181 3452 4237; x_wconf 87' lang='lat' dir='ltr'><strong>incorru-</strong></span> 
     </span>
    </p>
   </div>
   <div class='ocr_carea' id='block_1_85' title="bbox 1877 4269 3452 4340">
    <p class='ocr_par' dir='ltr' id='par_1_85' title="bbox 1877 4269 3452 4340">
     <span class='ocr_line' id='line_1_85' title="bbox 1877 4269 3452 4340; baseline 0.005 -16"><span class='ocrx_word' id='word_1_714' title='bbox 1877 4279 2002 4339; x_wconf 93' lang='lat' dir='ltr'><strong>ptus</strong></span> <span class='ocrx_word' id='word_1_715' title='bbox 2045 4269 2280 4340; x_wconf 90' lang='lat' dir='ltr'><strong>Spiritus</strong></span> <span class='ocrx_word' id='word_1_716' title='bbox 2322 4277 2406 4326; x_wconf 91' lang='lat' dir='ltr'><strong>est</strong></span> <span class='ocrx_word' id='word_1_717' title='bbox 2452 4269 2506 4324; x_wconf 92' lang='lat' dir='ltr'><strong>in</strong></span> <span class='ocrx_word' id='word_1_718' title='bbox 2554 4271 2807 4326; x_wconf 91' lang='lat' dir='ltr'><strong>omnibus</strong></span> <span class='ocrx_word' id='word_1_719' title='bbox 2830 4272 2894 4326; x_wconf 75' lang='grc'><strong>⁸⁸.</strong></span> <span class='ocrx_word' id='word_1_720' title='bbox 2925 4290 2944 4323; x_wconf 81' lang='grc' dir='ltr'><strong>ι</strong></span> <span class='ocrx_word' id='word_1_721' title='bbox 2990 4274 3123 4328; x_wconf 86' lang='lat' dir='ltr'><strong>Item</strong></span> <span class='ocrx_word' id='word_1_722' title='bbox 3152 4273 3199 4328; x_wconf 91' lang='lat' dir='ltr'><strong>si</strong></span> <span class='ocrx_word' id='word_1_723' title='bbox 3237 4292 3255 4326; x_wconf 83' lang='grc' dir='ltr'><strong>ι</strong></span> <span class='ocrx_word' id='word_1_724' title='bbox 3289 4289 3452 4331; x_wconf 90' lang='lat' dir='ltr'><strong>nemo</strong></span> 
     </span>
    </p>
   </div>
   <div class='ocr_carea' id='block_1_86' title="bbox 255 4397 1771 4468">
    <p class='ocr_par' dir='ltr' id='par_1_86' title="bbox 255 4397 1764 4468">
     <span class='ocr_line' id='line_1_86' title="bbox 255 4397 1764 4468; baseline 0.003 -17"><span class='ocrx_word' id='word_1_725' title='bbox 255 4400 306 4431; x_wconf 83' lang='grc'><strong>⁸⁸</strong></span> <span class='ocrx_word' id='word_1_726' title='bbox 345 4399 367 4451; x_wconf 89' lang='grc' dir='ltr'><strong>ι</strong></span> <span class='ocrx_word' id='word_1_727' title='bbox 398 4397 526 4454; x_wconf 92' lang='lat' dir='ltr'><strong>Cor.</strong></span> <span class='ocrx_word' id='word_1_728' title='bbox 559 4415 620 4462; x_wconf 90' lang='grc' dir='ltr'><strong>ιι,</strong></span> <span class='ocrx_word' id='word_1_729' title='bbox 652 4399 740 4468; x_wconf 79' lang='grc'><strong>12.</strong></span> <span class='ocrx_word' id='word_1_730' title='bbox 803 4400 848 4433; x_wconf 80' lang='grc'><strong>⁵⁷</strong></span> <span class='ocrx_word' id='word_1_731' title='bbox 887 4400 993 4456; x_wconf 88' lang='lat' dir='ltr'><strong>lsa.</strong></span> <span class='ocrx_word' id='word_1_732' title='bbox 1024 4418 1100 4466; x_wconf 74' lang='grc' dir='ltr'>ιιι,</span> <span class='ocrx_word' id='word_1_733' title='bbox 1146 4400 1203 4456; x_wconf 88' lang='grc'>2.</span> <span class='ocrx_word' id='word_1_734' title='bbox 1281 4401 1328 4434; x_wconf 79' lang='grc'><strong>⁸⁸</strong></span> <span class='ocrx_word' id='word_1_735' title='bbox 1361 4400 1521 4456; x_wconf 85' lang='lat' dir='ltr'><strong>Joan.</strong></span> <span class='ocrx_word' id='word_1_736' title='bbox 1553 4418 1644 4464; x_wconf 86' lang='lat' dir='ltr'><strong>xv,</strong></span> <span class='ocrx_word' id='word_1_737' title='bbox 1670 4400 1764 4456; x_wconf 86' lang='lat'><strong>26.</strong></span> 
     </span>
    </p>
   </div>
   <div class='ocr_carea' id='block_1_87' title="bbox 1889 4397 3445 4468">
    <p class='ocr_par' dir='ltr' id='par_1_87' title="bbox 1925 4398 3445 4468">
     <span class='ocr_line' id='line_1_87' title="bbox 1925 4398 3445 4468; baseline 0.005 -14"><span class='ocrx_word' id='word_1_738' title='bbox 1925 4399 2102 4456; x_wconf 86' lang='lat' dir='ltr'><strong>lCor.</strong></span> <span class='ocrx_word' id='word_1_739' title='bbox 2138 4417 2178 4468; x_wconf 90' lang='grc' dir='ltr'><strong>ι,</strong></span> <span class='ocrx_word' id='word_1_740' title='bbox 2203 4399 2294 4454; x_wconf 69' lang='grc'>24.</span> <span class='ocrx_word' id='word_1_741' title='bbox 2373 4400 2418 4431; x_wconf 78' lang='grc' dir='ltr'><strong>⁸ο</strong></span> <span class='ocrx_word' id='word_1_742' title='bbox 2455 4398 2476 4451; x_wconf 91' lang='grc' dir='ltr'>Ι</span> <span class='ocrx_word' id='word_1_743' title='bbox 2510 4398 2646 4468; x_wconf 88' lang='lat' dir='ltr'><strong>Cor.</strong></span> <span class='ocrx_word' id='word_1_744' title='bbox 2684 4415 2745 4465; x_wconf 90' lang='grc' dir='ltr'><strong>ιι,</strong></span> <span class='ocrx_word' id='word_1_745' title='bbox 2776 4402 2829 4457; x_wconf 92' lang='lat'><strong>8.</strong></span> <span class='ocrx_word' id='word_1_746' title='bbox 2909 4404 2952 4435; x_wconf 80' lang='grc'>⁶¹</span> <span class='ocrx_word' id='word_1_747' title='bbox 2992 4403 3124 4460; x_wconf 88' lang='lat' dir='ltr'><strong>ibid.</strong></span> <span class='ocrx_word' id='word_1_748' title='bbox 3201 4408 3244 4439; x_wconf 80' lang='grc'><strong>⁸³</strong></span> <span class='ocrx_word' id='word_1_749' title='bbox 3283 4405 3445 4462; x_wconf 85' lang='lat' dir='ltr'><strong>Rom.</strong></span> 
     </span>
    </p>
   </div>
   <div class='ocr_carea' id='block_1_88' title="bbox 178 4467 1016 4536">
    <p class='ocr_par' dir='ltr' id='par_1_88' title="bbox 178 4467 1016 4536">
     <span class='ocr_line' id='line_1_88' title="bbox 178 4467 1016 4536; baseline 0.006 -15"><span class='ocrx_word' id='word_1_750' title='bbox 178 4485 286 4524; x_wconf 84' lang='lat' dir='ltr'><strong>vnt</strong></span> <span class='ocrx_word' id='word_1_751' title='bbox 311 4509 327 4533; x_wconf 94' lang='lat'><strong>,</strong></span> <span class='ocrx_word' id='word_1_752' title='bbox 364 4469 451 4523; x_wconf 81' lang='grc'>15.</span> <span class='ocrx_word' id='word_1_753' title='bbox 555 4469 600 4500; x_wconf 83' lang='grc'><strong>⁶³</strong></span> <span class='ocrx_word' id='word_1_754' title='bbox 634 4467 811 4526; x_wconf 88' lang='lat' dir='ltr'><strong>Galat.</strong></span> <span class='ocrx_word' id='word_1_755' title='bbox 850 4486 922 4536; x_wconf 85' lang='lat' dir='ltr'><strong>tv,</strong></span> <span class='ocrx_word' id='word_1_756' title='bbox 961 4471 1016 4526; x_wconf 87' lang='lat'>6.</span> 
     </span>
    </p>
   </div>
   <div class='ocr_carea' id='block_1_89' title="bbox 184 4539 641 4609">
    <p class='ocr_par' dir='ltr' id='par_1_89' title="bbox 184 4539 641 4609">
     <span class='ocr_line' id='line_1_89' title="bbox 184 4539 641 4609; baseline -0.004 -15"><span class='ocrx_word' id='word_1_757' title='bbox 184 4539 236 4572; x_wconf 70' lang='grc'><strong>⁸⁸</strong></span> <span class='ocrx_word' id='word_1_758' title='bbox 278 4541 410 4609; x_wconf 84' lang='lat' dir='ltr'><strong>Sap.</strong></span> <span class='ocrx_word' id='word_1_759' title='bbox 451 4555 552 4604; x_wconf 83' lang='lat' dir='ltr'><strong>xu,</strong></span> <span class='ocrx_word' id='word_1_760' title='bbox 588 4539 641 4592; x_wconf 92' lang='grc'><strong>1.</strong></span> 
     </span>
    </p>
   </div>
   <div class='ocr_carea' id='block_1_90' title="bbox 1127 4469 1632 4536">
    <p class='ocr_par' dir='ltr' id='par_1_90' title="bbox 1127 4469 1632 4536">
     <span class='ocr_line' id='line_1_90' title="bbox 1127 4469 1632 4536; baseline 0.002 -12"><span class='ocrx_word' id='word_1_761' title='bbox 1127 4472 1172 4503; x_wconf 67' lang='grc'><strong>⁸⁸⁵</strong></span> <span class='ocrx_word' id='word_1_762' title='bbox 1211 4469 1232 4524; x_wconf 83' lang='grc' dir='ltr'>ἰ</span> <span class='ocrx_word' id='word_1_763' title='bbox 1265 4471 1407 4527; x_wconf 89' lang='lat' dir='ltr'><strong>Petr.</strong></span> <span class='ocrx_word' id='word_1_764' title='bbox 1440 4488 1512 4536; x_wconf 87' lang='lat' dir='ltr'><strong>Iv,</strong></span> <span class='ocrx_word' id='word_1_765' title='bbox 1546 4472 1632 4525; x_wconf 77' lang='lat' dir='ltr'><strong>M.</strong></span> 
     </span>
    </p>
   </div>
   <div class='ocr_carea' id='block_1_91' title="bbox 1740 4470 2296 4534">
    <p class='ocr_par' dir='ltr' id='par_1_91' title="bbox 1740 4470 2296 4534">
     <span class='ocr_line' id='line_1_91' title="bbox 1740 4470 2296 4534; baseline -0.005 -9"><span class='ocrx_word' id='word_1_766' title='bbox 1740 4472 1785 4503; x_wconf 75' lang='grc'><strong>⁸⁵</strong></span> <span class='ocrx_word' id='word_1_767' title='bbox 1825 4470 1980 4526; x_wconf 85' lang='lat' dir='ltr'><strong>Joan.</strong></span> <span class='ocrx_word' id='word_1_768' title='bbox 2038 4487 2149 4534; x_wconf 86' lang='lat' dir='ltr'><strong>xtv,</strong></span> <span class='ocrx_word' id='word_1_769' title='bbox 2211 4471 2296 4524; x_wconf 85' lang='grc'><strong>16.</strong></span> 
     </span>
    </p>
   </div>
   <div class='ocr_carea' id='block_1_92' title="bbox 2414 4467 3443 4542">
    <p class='ocr_par' dir='ltr' id='par_1_92' title="bbox 2414 4467 3443 4542">
     <span class='ocr_line' id='line_1_92' title="bbox 2414 4467 3443 4542; baseline 0.01 -20"><span class='ocrx_word' id='word_1_770' title='bbox 2414 4471 2460 4501; x_wconf 80' lang='grc'>⁸⁸</span> <span class='ocrx_word' id='word_1_771' title='bbox 2499 4467 2628 4538; x_wconf 92' lang='lat' dir='ltr'><strong>Sap.</strong></span> <span class='ocrx_word' id='word_1_772' title='bbox 2665 4487 2702 4535; x_wconf 93' lang='grc' dir='ltr'><strong>ι,</strong></span> <span class='ocrx_word' id='word_1_773' title='bbox 2746 4473 2798 4526; x_wconf 79' lang='lat'><strong>5.</strong></span> <span class='ocrx_word' id='word_1_774' title='bbox 2908 4473 2951 4505; x_wconf 86' lang='grc'><strong>⁶⁷</strong></span> <span class='ocrx_word' id='word_1_775' title='bbox 2990 4473 3009 4526; x_wconf 96' lang='lat' dir='ltr'><strong>l</strong></span> <span class='ocrx_word' id='word_1_776' title='bbox 3062 4475 3210 4531; x_wconf 91' lang='lat' dir='ltr'><strong>Petr.</strong></span> <span class='ocrx_word' id='word_1_777' title='bbox 3246 4494 3347 4542; x_wconf 84' lang='grc' dir='ltr'>ιιι,</span> <span class='ocrx_word' id='word_1_778' title='bbox 3385 4479 3443 4534; x_wconf 68' lang='grc' dir='ltr'>ι.</span> 
     </span>
    </p>
   </div>
   <div class='ocr_carea' id='block_1_93' title="bbox 259 4645 1771 4730">
    <p class='ocr_par' dir='ltr' id='par_1_93' title="bbox 259 4645 1763 4730">
     <span class='ocr_line' id='line_1_93' title="bbox 259 4645 1763 4730; baseline -0.001 -24"><span class='ocrx_word' id='word_1_779' title='bbox 259 4653 376 4730; x_wconf 78' lang='lat' dir='ltr'><strong>(2t)</strong></span> <span class='ocrx_word' id='word_1_780' title='bbox 418 4650 511 4730; x_wconf 67' lang='lat' dir='ltr'><strong>Sic</strong></span> <span class='ocrx_word' id='word_1_781' title='bbox 540 4651 746 4730; x_wconf 80' lang='lat' dir='ltr'><strong>Regius</strong></span> <span class='ocrx_word' id='word_1_782' title='bbox 773 4651 1006 4730; x_wconf 72' lang='lat' dir='ltr'><strong>primus,</strong></span> <span class='ocrx_word' id='word_1_783' title='bbox 1036 4647 1173 4730; x_wconf 50' lang='lat' dir='ltr'><strong>Seg.</strong></span> <span class='ocrx_word' id='word_1_784' title='bbox 1212 4645 1371 4705; x_wconf 89' lang='lat' dir='ltr'><strong>Cobl.</strong></span> <span class='ocrx_word' id='word_1_785' title='bbox 1419 4656 1472 4703; x_wconf 89' lang='lat' dir='ltr'><strong>et</strong></span> <span class='ocrx_word' id='word_1_786' title='bbox 1516 4648 1763 4704; x_wconf 73' lang='lat' dir='ltr'><strong>Felckm.</strong></span> 
     </span>
    </p>
   </div>
   <div class='ocr_carea' id='block_1_94' title="bbox 1889 4645 3446 4730">
    <p class='ocr_par' dir='ltr' id='par_1_94' title="bbox 1889 4651 3446 4730">
     <span class='ocr_line' id='line_1_94' title="bbox 1889 4651 3446 4730; baseline 0.011 -26"><span class='ocrx_word' id='word_1_787' title='bbox 1889 4651 2294 4730; x_wconf 55' lang='lat' dir='ltr'><strong>obgn:_legitur</strong></span> <span class='ocrx_word' id='word_1_788' title='bbox 2343 4656 2679 4721; x_wconf 80' lang='grc' dir='ltr'>συνδοξάζον.</span> <span class='ocrx_word' id='word_1_789' title='bbox 2724 4657 2857 4730; x_wconf 86' lang='lat' dir='ltr'><strong>Reg.</strong></span> <span class='ocrx_word' id='word_1_790' title='bbox 2892 4659 2949 4725; x_wconf 86' lang='lat'><strong>2,</strong></span> <span class='ocrx_word' id='word_1_791' title='bbox 2981 4663 3242 4718; x_wconf 89' lang='lat' dir='ltr'><strong>mendose</strong></span> <span class='ocrx_word' id='word_1_792' title='bbox 3282 4665 3446 4722; x_wconf 82' lang='lat' dir='ltr'><strong>habet</strong></span> 
     </span>
    </p>
   </div>
   <div class='ocr_carea' id='block_1_95' title="bbox 185 4721 1299 4795">
    <p class='ocr_par' dir='ltr' id='par_1_95' title="bbox 185 4721 1299 4795">
     <span class='ocr_line' id='line_1_95' title="bbox 185 4721 1299 4795; baseline -0.006 -17"><span class='ocrx_word' id='word_1_793' title='bbox 185 4721 436 4795; x_wconf 53' lang='lat' dir='ltr'><strong>primus:</strong></span> <span class='ocrx_word' id='word_1_794' title='bbox 463 4721 656 4795; x_wconf 70' lang='lat' dir='ltr'><strong>Cateri</strong></span> <span class='ocrx_word' id='word_1_795' title='bbox 680 4733 736 4777; x_wconf 86' lang='lat' dir='ltr'><strong>et</strong></span> <span class='ocrx_word' id='word_1_796' title='bbox 765 4721 895 4795; x_wconf 65' lang='lat' dir='ltr'><strong>editi</strong></span> <span class='ocrx_word' id='word_1_797' title='bbox 920 4721 1299 4795; x_wconf 65' lang='lat' dir='ltr'><strong>c6_abjiciu_nt_.</strong></span> 
     </span>
    </p>
   </div>
   <div class='ocr_carea' id='block_1_96' title="bbox 261 4789 1760 4865">
    <p class='ocr_par' dir='ltr' id='par_1_96' title="bbox 261 4789 1760 4865">
     <span class='ocr_line' id='line_1_96' title="bbox 261 4789 1760 4865; baseline -0.003 -18"><span class='ocrx_word' id='word_1_798' title='bbox 261 4793 376 4865; x_wconf 87' lang='lat'><strong>(22)</strong></span> <span class='ocrx_word' id='word_1_799' title='bbox 401 4792 473 4865; x_wconf 10' lang='lat' dir='ltr'><strong>iln</strong></span> <span class='ocrx_word' id='word_1_800' title='bbox 489 4790 1032 4865; x_wconf 10' lang='lat' dir='ltr'><strong>ieditioneMCommel.</strong></span> <span class='ocrx_word' id='word_1_801' title='bbox 1062 4799 1116 4846; x_wconf 88' lang='lat' dir='ltr'><strong>et</strong></span> <span class='ocrx_word' id='word_1_802' title='bbox 1140 4789 1378 4844; x_wconf 85' lang='lat' dir='ltr'><strong>Felckm.</strong></span> <span class='ocrx_word' id='word_1_803' title='bbox 1397 4790 1452 4851; x_wconf 88' lang='lat'><strong>2,</strong></span> <span class='ocrx_word' id='word_1_804' title='bbox 1481 4804 1583 4859; x_wconf 89' lang='lat' dir='ltr'><strong>pro</strong></span> <span class='ocrx_word' id='word_1_805' title='bbox 1600 4789 1760 4843; x_wconf 83' lang='grc' dir='ltr'>δυνά-</span> 
     </span>
    </p>
   </div>
   <div class='ocr_carea' id='block_1_97' title="bbox 185 4862 776 4937">
    <p class='ocr_par' dir='ltr' id='par_1_97' title="bbox 185 4862 776 4937">
     <span class='ocr_line' id='line_1_97' title="bbox 185 4862 776 4937; baseline -0.002 -20"><span class='ocrx_word' id='word_1_806' title='bbox 185 4862 365 4937; x_wconf 70' lang='grc' dir='ltr'>μεως,</span> <span class='ocrx_word' id='word_1_807' title='bbox 396 4864 594 4937; x_wconf 66' lang='lat' dir='ltr'><strong>legitur</strong></span> <span class='ocrx_word' id='word_1_808' title='bbox 619 4862 776 4916; x_wconf 82' lang='grc' dir='ltr'>Θεοῦ.</span> 
     </span>
    </p>
   </div>
   <div class='ocr_carea' id='block_1_98' title="bbox 259 4929 1756 5006">
    <p class='ocr_par' dir='ltr' id='par_1_98' title="bbox 259 4929 1756 5006">
     <span class='ocr_line' id='line_1_98' title="bbox 259 4929 1756 5006; baseline -0.003 -19"><span class='ocrx_word' id='word_1_809' title='bbox 259 4934 376 5006; x_wconf 77' lang='grc'>(25)</span> <span class='ocrx_word' id='word_1_810' title='bbox 404 4929 570 5006; x_wconf 75' lang='lat' dir='ltr'><strong>Regii</strong></span> <span class='ocrx_word' id='word_1_811' title='bbox 604 4940 831 5006; x_wconf 67' lang='lat' dir='ltr'><strong>rnss._et</strong></span> <span class='ocrx_word' id='word_1_812' title='bbox 868 4932 1042 5006; x_wconf 49' lang='lat' dir='ltr'><strong>Seg,</strong></span> <span class='ocrx_word' id='word_1_813' title='bbox 1063 4931 1244 5006; x_wconf 80' lang='grc' dir='ltr'>ἡμῶν.</span> <span class='ocrx_word' id='word_1_814' title='bbox 1292 4929 1471 5006; x_wconf 54' lang='lat' dir='ltr'><strong>Paulo</strong></span> <span class='ocrx_word' id='word_1_815' title='bbox 1495 4937 1614 5000; x_wconf 89' lang='lat' dir='ltr'><strong>post</strong></span> <span class='ocrx_word' id='word_1_816' title='bbox 1649 4929 1756 5006; x_wconf 82' lang='lat' dir='ltr'><strong>Re-</strong></span> 
     </span>
    </p>
   </div>
   <div class='ocr_carea' id='block_1_99' title="bbox 217 4999 1755 5073">
    <p class='ocr_par' dir='ltr' id='par_1_99' title="bbox 217 4999 1755 5073">
     <span class='ocr_line' id='line_1_99' title="bbox 217 4999 1755 5073; baseline -0.004 -13"><span class='ocrx_word' id='word_1_817' title='bbox 217 4999 310 5060; x_wconf 70' lang='lat' dir='ltr'><strong>itis</strong></span> <span class='ocrx_word' id='word_1_818' title='bbox 334 4999 566 5073; x_wconf 67' lang='lat' dir='ltr'><strong>primus,</strong></span> <span class='ocrx_word' id='word_1_819' title='bbox 598 5002 724 5071; x_wconf 70' lang='lat' dir='ltr'><strong>Seg.</strong></span> <span class='ocrx_word' id='word_1_820' title='bbox 753 5001 922 5057; x_wconf 87' lang='lat' dir='ltr'><strong>Basil.</strong></span> <span class='ocrx_word' id='word_1_821' title='bbox 949 4999 1160 5057; x_wconf 73' lang='lat' dir='ltr'><strong>habent</strong></span> <span class='ocrx_word' id='word_1_822' title='bbox 1172 4999 1510 5073; x_wconf 60' lang='grc' dir='ltr'>ῥνειδίξεσθε</span> <span class='ocrx_word' id='word_1_823' title='bbox 1540 5009 1600 5073; x_wconf 80' lang='lat' dir='ltr'><strong>ut</strong></span> <span class='ocrx_word' id='word_1_824' title='bbox 1623 5001 1755 5073; x_wconf 71' lang='lat' dir='ltr'><strong>etin</strong></span> 
     </span>
    </p>
   </div>
   <div class='ocr_carea' id='block_1_100' title="bbox 231 5070 1756 5144">
    <p class='ocr_par' dir='ltr' id='par_1_100' title="bbox 231 5070 1756 5144">
     <span class='ocr_line' id='line_1_100' title="bbox 231 5070 1756 5144; baseline -0.005 -14"><span class='ocrx_word' id='word_1_825' title='bbox 231 5070 376 5144; x_wconf 67' lang='lat' dir='ltr'><strong>race</strong></span> <span class='ocrx_word' id='word_1_826' title='bbox 419 5070 715 5144; x_wconf 88' lang='lat' dir='ltr'><strong>Scriptura</strong></span> <span class='ocrx_word' id='word_1_827' title='bbox 744 5082 892 5144; x_wconf 81' lang='lat' dir='ltr'><strong>textu</strong></span> <span class='ocrx_word' id='word_1_828' title='bbox 909 5073 1149 5144; x_wconf 61' lang='lat' dir='ltr'><strong>legitur.</strong></span> <span class='ocrx_word' id='word_1_829' title='bbox 1171 5070 1314 5144; x_wconf 86' lang='lat' dir='ltr'><strong>Editi</strong></span> <span class='ocrx_word' id='word_1_830' title='bbox 1344 5078 1398 5124; x_wconf 92' lang='lat' dir='ltr'><strong>et</strong></span> <span class='ocrx_word' id='word_1_831' title='bbox 1421 5073 1535 5144; x_wconf 88' lang='lat' dir='ltr'><strong>alii,</strong></span> <span class='ocrx_word' id='word_1_832' title='bbox 1566 5070 1756 5144; x_wconf 72' lang='grc' dir='ltr'>ὀνειδι-</span> 
     </span>
    </p>
   </div>
   <div class='ocr_carea' id='block_1_101' title="bbox 176 5141 1749 5216">
    <p class='ocr_par' dir='ltr' id='par_1_101' title="bbox 176 5141 1749 5216">
     <span class='ocr_line' id='line_1_101' title="bbox 176 5141 1749 5216; baseline -0.002 -17"><span class='ocrx_word' id='word_1_833' title='bbox 176 5143 416 5216; x_wconf 81' lang='grc' dir='ltr'>ζόμεθα.</span> <span class='ocrx_word' id='word_1_834' title='bbox 447 5141 582 5216; x_wconf 80' lang='lat' dir='ltr'><strong>Ibid.</strong></span> <span class='ocrx_word' id='word_1_835' title='bbox 632 5141 1098 5216; x_wconf 45' lang='grc' dir='ltr'>νόει-δυνάμεως,</span> <span class='ocrx_word' id='word_1_836' title='bbox 1127 5142 1329 5216; x_wconf 73' lang='lat' dir='ltr'><strong>Regius</strong></span> <span class='ocrx_word' id='word_1_837' title='bbox 1363 5143 1593 5216; x_wconf 79' lang='lat' dir='ltr'><strong>primus,</strong></span> <span class='ocrx_word' id='word_1_838' title='bbox 1626 5141 1749 5216; x_wconf 81' lang='lat' dir='ltr'><strong>Seg.</strong></span> 
     </span>
    </p>
   </div>
   <div class='ocr_carea' id='block_1_102' title="bbox 177 5212 1754 5282">
    <p class='ocr_par' dir='ltr' id='par_1_102' title="bbox 177 5212 1754 5282">
     <span class='ocr_line' id='line_1_102' title="bbox 177 5212 1754 5282; baseline -0.003 -11"><span class='ocrx_word' id='word_1_839' title='bbox 177 5212 395 5271; x_wconf 77' lang='lat' dir='ltr'><strong>addunt</strong></span> <span class='ocrx_word' id='word_1_840' title='bbox 418 5213 512 5282; x_wconf 74' lang='grc' dir='ltr'>καὶ</span> <span class='ocrx_word' id='word_1_841' title='bbox 536 5215 596 5268; x_wconf 82' lang='grc' dir='ltr'>τὸ</span> <span class='ocrx_word' id='word_1_842' title='bbox 622 5212 714 5268; x_wconf 81' lang='grc' dir='ltr'><strong>τοῦ</strong></span> <span class='ocrx_word' id='word_1_843' title='bbox 745 5213 903 5278; x_wconf 86' lang='grc' dir='ltr'>Θεοῦ,</span> <span class='ocrx_word' id='word_1_844' title='bbox 935 5227 1057 5282; x_wconf 83' lang='lat' dir='ltr'><strong>qua</strong></span> <span class='ocrx_word' id='word_1_845' title='bbox 1078 5212 1243 5266; x_wconf 90' lang='lat' dir='ltr'><strong>verba</strong></span> <span class='ocrx_word' id='word_1_846' title='bbox 1273 5212 1343 5266; x_wconf 91' lang='lat' dir='ltr'><strong>ab</strong></span> <span class='ocrx_word' id='word_1_847' title='bbox 1368 5212 1490 5267; x_wconf 89' lang='lat' dir='ltr'><strong>aliis</strong></span> <span class='ocrx_word' id='word_1_848' title='bbox 1513 5222 1568 5266; x_wconf 87' lang='lat' dir='ltr'><strong>et</strong></span> <span class='ocrx_word' id='word_1_849' title='bbox 1595 5213 1754 5266; x_wconf 86' lang='lat' dir='ltr'><strong>editis</strong></span> 
     </span>
    </p>
   </div>
   <div class='ocr_carea' id='block_1_103' title="bbox 175 5281 1750 5353">
    <p class='ocr_par' dir='ltr' id='par_1_103' title="bbox 175 5281 1750 5353">
     <span class='ocr_line' id='line_1_103' title="bbox 175 5281 1750 5353; baseline -0.002 -13"><span class='ocrx_word' id='word_1_850' title='bbox 175 5287 406 5340; x_wconf 82' lang='lat' dir='ltr'><strong>absunt.</strong></span> <span class='ocrx_word' id='word_1_851' title='bbox 435 5281 568 5339; x_wconf 78' lang='lat' dir='ltr'><strong>item</strong></span> <span class='ocrx_word' id='word_1_852' title='bbox 598 5285 762 5340; x_wconf 89' lang='lat' dir='ltr'><strong>iidem</strong></span> <span class='ocrx_word' id='word_1_853' title='bbox 790 5284 923 5339; x_wconf 84' lang='lat' dir='ltr'><strong>ibid.</strong></span> <span class='ocrx_word' id='word_1_854' title='bbox 951 5281 1155 5338; x_wconf 86' lang='lat' dir='ltr'><strong>habent</strong></span> <span class='ocrx_word' id='word_1_855' title='bbox 1188 5283 1334 5353; x_wconf 78' lang='grc' dir='ltr'>ὑμᾶς</span> <span class='ocrx_word' id='word_1_856' title='bbox 1362 5297 1375 5311; x_wconf 85' lang='grc'><strong>·</strong></span> <span class='ocrx_word' id='word_1_857' title='bbox 1406 5283 1498 5336; x_wconf 87' lang='lat' dir='ltr'><strong>alii</strong></span> <span class='ocrx_word' id='word_1_858' title='bbox 1524 5291 1579 5336; x_wconf 87' lang='lat' dir='ltr'><strong>et</strong></span> <span class='ocrx_word' id='word_1_859' title='bbox 1598 5283 1750 5337; x_wconf 89' lang='lat' dir='ltr'><strong>editi.</strong></span> 
     </span>
    </p>
   </div>
   <div class='ocr_carea' id='block_1_104' title="bbox 173 5359 1750 5498">
    <p class='ocr_par' dir='ltr' id='par_1_104' title="bbox 173 5359 1750 5498">
     <span class='ocr_line' id='line_1_104' title="bbox 173 5359 1750 5498; baseline -0.006 -14"><span class='ocrx_word' id='word_1_860' title='bbox 173 5359 371 5498; x_wconf 44' lang='grc' dir='ltr'><strong>Ῠμᾶἳ)</strong></span> <span class='ocrx_word' id='word_1_861' title='bbox 412 5423 505 5480; x_wconf 91' lang='lat' dir='ltr'><strong>Sic</strong></span> <span class='ocrx_word' id='word_1_862' title='bbox 521 5422 664 5498; x_wconf 81' lang='lat' dir='ltr'><strong>Reg.</strong></span> <span class='ocrx_word' id='word_1_863' title='bbox 691 5425 881 5498; x_wconf 75' lang='lat' dir='ltr'><strong>i_et2,</strong></span> <span class='ocrx_word' id='word_1_864' title='bbox 912 5420 1036 5494; x_wconf 88' lang='lat' dir='ltr'><strong>Seg.</strong></span> <span class='ocrx_word' id='word_1_865' title='bbox 1068 5422 1284 5498; x_wconf 83' lang='lat' dir='ltr'><strong>Anglic.</strong></span> <span class='ocrx_word' id='word_1_866' title='bbox 1312 5422 1477 5498; x_wconf 78' lang='lat' dir='ltr'><strong>Basil.</strong></span> <span class='ocrx_word' id='word_1_867' title='bbox 1509 5423 1668 5498; x_wconf 76' lang='lat' dir='ltr'><strong>Cobl.</strong></span> <span class='ocrx_word' id='word_1_868' title='bbox 1696 5429 1750 5498; x_wconf 82' lang='lat' dir='ltr'><strong>et</strong></span> 
     </span>
    </p>
   </div>
   <div class='ocr_carea' id='block_1_105' title="bbox 171 5492 1752 5564">
    <p class='ocr_par' dir='ltr' id='par_1_105' title="bbox 171 5492 1752 5564">
     <span class='ocr_line' id='line_1_105' title="bbox 171 5492 1752 5564; baseline -0.005 -12"><span class='ocrx_word' id='word_1_869' title='bbox 171 5492 423 5552; x_wconf 53' lang='lat' dir='ltr'><strong>Fel‘ckin.</strong></span> <span class='ocrx_word' id='word_1_870' title='bbox 453 5492 684 5564; x_wconf 78' lang='lat' dir='ltr'><strong>primus.</strong></span> <span class='ocrx_word' id='word_1_871' title='bbox 721 5494 865 5550; x_wconf 92' lang='lat' dir='ltr'><strong>Editi</strong></span> <span class='ocrx_word' id='word_1_872' title='bbox 899 5492 1030 5564; x_wconf 81' lang='lat' dir='ltr'><strong>vero</strong></span> <span class='ocrx_word' id='word_1_873' title='bbox 1056 5504 1109 5548; x_wconf 90' lang='lat' dir='ltr'><strong>et</strong></span> <span class='ocrx_word' id='word_1_874' title='bbox 1137 5492 1228 5548; x_wconf 83' lang='lat' dir='ltr'><strong>alii</strong></span> <span class='ocrx_word' id='word_1_875' title='bbox 1261 5494 1520 5548; x_wconf 90' lang='lat' dir='ltr'><strong>omittunt</strong></span> <span class='ocrx_word' id='word_1_876' title='bbox 1545 5495 1602 5547; x_wconf 81' lang='grc' dir='ltr'>ὲν</span> <span class='ocrx_word' id='word_1_877' title='bbox 1628 5492 1752 5545; x_wconf 87' lang='grc' dir='ltr'>τού-</span> 
     </span>
    </p>
   </div>
   <div class='ocr_carea' id='block_1_106' title="bbox 168 5563 1753 5637">
    <p class='ocr_par' dir='ltr' id='par_1_106' title="bbox 168 5563 1753 5637">
     <span class='ocr_line' id='line_1_106' title="bbox 168 5563 1753 5637; baseline -0.003 -15"><span class='ocrx_word' id='word_1_878' title='bbox 168 5583 274 5637; x_wconf 83' lang='grc' dir='ltr'><strong>τῳ.</strong></span> <span class='ocrx_word' id='word_1_879' title='bbox 295 5564 422 5637; x_wconf 82' lang='lat' dir='ltr'><strong>Mox</strong></span> <span class='ocrx_word' id='word_1_880' title='bbox 444 5565 578 5636; x_wconf 86' lang='lat' dir='ltr'><strong>Reg.</strong></span> <span class='ocrx_word' id='word_1_881' title='bbox 602 5565 658 5632; x_wconf 91' lang='lat'><strong>2,</strong></span> <span class='ocrx_word' id='word_1_882' title='bbox 682 5565 937 5637; x_wconf 79' lang='grc' dir='ltr'>δοξάζων.</span> <span class='ocrx_word' id='word_1_883' title='bbox 962 5563 1109 5637; x_wconf 69' lang='lat' dir='ltr'><strong>Idem</strong></span> <span class='ocrx_word' id='word_1_884' title='bbox 1134 5575 1194 5637; x_wconf 86' lang='lat' dir='ltr'><strong>et</strong></span> <span class='ocrx_word' id='word_1_885' title='bbox 1222 5564 1346 5635; x_wconf 84' lang='lat' dir='ltr'><strong>Seg.</strong></span> <span class='ocrx_word' id='word_1_886' title='bbox 1370 5565 1426 5619; x_wconf 81' lang='grc' dir='ltr'>δέ</span> <span class='ocrx_word' id='word_1_887' title='bbox 1450 5580 1567 5634; x_wconf 91' lang='lat' dir='ltr'><strong>seq.</strong></span> <span class='ocrx_word' id='word_1_888' title='bbox 1589 5565 1753 5637; x_wconf 85' lang='lat' dir='ltr'><strong>omit-</strong></span> 
     </span>
    </p>
   </div>
   <div class='ocr_carea' id='block_1_107' title="bbox 172 5634 1752 5704">
    <p class='ocr_par' dir='ltr' id='par_1_107' title="bbox 172 5634 1752 5704">
     <span class='ocr_line' id='line_1_107' title="bbox 172 5634 1752 5704; baseline -0.003 -13"><span class='ocrx_word' id='word_1_889' title='bbox 172 5634 321 5691; x_wconf 75' lang='lat' dir='ltr'><strong>tunt.</strong></span> <span class='ocrx_word' id='word_1_890' title='bbox 349 5634 758 5704; x_wconf 47' lang='lat' dir='ltr'><strong>RasilﬁAnglic.</strong></span> <span class='ocrx_word' id='word_1_891' title='bbox 791 5636 950 5692; x_wconf 88' lang='lat' dir='ltr'><strong>Cobl.</strong></span> <span class='ocrx_word' id='word_1_892' title='bbox 975 5644 1030 5690; x_wconf 88' lang='lat' dir='ltr'><strong>et</strong></span> <span class='ocrx_word' id='word_1_893' title='bbox 1054 5634 1290 5690; x_wconf 83' lang='lat' dir='ltr'><strong>Felckm.</strong></span> <span class='ocrx_word' id='word_1_894' title='bbox 1309 5634 1525 5704; x_wconf 87' lang='lat' dir='ltr'><strong>primus</strong></span> <span class='ocrx_word' id='word_1_895' title='bbox 1554 5636 1633 5690; x_wconf 87' lang='lat' dir='ltr'><strong>sic</strong></span> <span class='ocrx_word' id='word_1_896' title='bbox 1658 5636 1752 5688; x_wconf 89' lang='lat' dir='ltr'><strong>ha-</strong></span> 
     </span>
    </p>
   </div>
   <div class='ocr_carea' id='block_1_108' title="bbox 171 5704 1746 5772">
    <p class='ocr_par' dir='ltr' id='par_1_108' title="bbox 171 5704 1746 5772">
     <span class='ocr_line' id='line_1_108' title="bbox 171 5704 1746 5772; baseline -0.004 -10"><span class='ocrx_word' id='word_1_897' title='bbox 171 5707 308 5762; x_wconf 80' lang='lat' dir='ltr'><strong>bent</strong></span> <span class='ocrx_word' id='word_1_898' title='bbox 338 5725 353 5761; x_wconf 91' lang='lat'><strong>:</strong></span> <span class='ocrx_word' id='word_1_899' title='bbox 390 5704 603 5772; x_wconf 76' lang='grc' dir='ltr'>δοξάζει</span> <span class='ocrx_word' id='word_1_900' title='bbox 635 5704 894 5760; x_wconf 86' lang='grc' dir='ltr'>θεοποιῶν</span> <span class='ocrx_word' id='word_1_901' title='bbox 917 5724 933 5740; x_wconf 90' lang='grc'><strong>·</strong></span> <span class='ocrx_word' id='word_1_902' title='bbox 966 5707 1058 5759; x_wconf 76' lang='grc' dir='ltr'><strong>καὶ</strong></span> <span class='ocrx_word' id='word_1_903' title='bbox 1087 5706 1340 5760; x_wconf 88' lang='grc' dir='ltr'>υίοποιῶν</span> <span class='ocrx_word' id='word_1_904' title='bbox 1363 5706 1441 5769; x_wconf 84' lang='grc' dir='ltr'>δέ,</span> <span class='ocrx_word' id='word_1_905' title='bbox 1474 5715 1577 5761; x_wconf 88' lang='lat' dir='ltr'><strong>etc.</strong></span> <span class='ocrx_word' id='word_1_906' title='bbox 1615 5704 1746 5758; x_wconf 84' lang='lat' dir='ltr'><strong>Ibid.</strong></span> 
     </span>
    </p>
   </div>
   <div class='ocr_carea' id='block_1_109' title="bbox 174 5775 1752 5849">
    <p class='ocr_par' dir='ltr' id='par_1_109' title="bbox 174 5775 1752 5849">
     <span class='ocr_line' id='line_1_109' title="bbox 174 5775 1752 5849; baseline -0.002 -17"><span class='ocrx_word' id='word_1_907' title='bbox 174 5792 279 5848; x_wconf 82' lang='lat' dir='ltr'><strong>pro</strong></span> <span class='ocrx_word' id='word_1_908' title='bbox 309 5777 602 5845; x_wconf 85' lang='grc' dir='ltr'>συνάπτον,</span> <span class='ocrx_word' id='word_1_909' title='bbox 655 5780 710 5834; x_wconf 91' lang='lat' dir='ltr'><strong>in</strong></span> <span class='ocrx_word' id='word_1_910' title='bbox 740 5778 948 5849; x_wconf 78' lang='lat' dir='ltr'><strong>Anglic.</strong></span> <span class='ocrx_word' id='word_1_911' title='bbox 985 5776 1117 5847; x_wconf 85' lang='lat' dir='ltr'><strong>Reg.</strong></span> <span class='ocrx_word' id='word_1_912' title='bbox 1152 5779 1176 5832; x_wconf 93' lang='grc'><strong>1</strong></span> <span class='ocrx_word' id='word_1_913' title='bbox 1217 5787 1270 5834; x_wconf 87' lang='grc' dir='ltr'><strong>ει</strong></span> <span class='ocrx_word' id='word_1_914' title='bbox 1303 5775 1538 5833; x_wconf 86' lang='lat' dir='ltr'><strong>Felckm.</strong></span> <span class='ocrx_word' id='word_1_915' title='bbox 1574 5775 1629 5841; x_wconf 92' lang='grc'>2,</span> <span class='ocrx_word' id='word_1_916' title='bbox 1658 5776 1752 5830; x_wconf 90' lang='lat' dir='ltr'><strong>Ot-</strong></span> 
     </span>
    </p>
   </div>
   <div class='ocr_carea' id='block_1_110' title="bbox 1866 4721 2221 4786">
    <p class='ocr_par' dir='ltr' id='par_1_110' title="bbox 1866 4721 2221 4786">
     <span class='ocr_line' id='line_1_110' title="bbox 1866 4721 2221 4786; baseline 0.014 -13"><span class='ocrx_word' id='word_1_917' title='bbox 1866 4721 2221 4786; x_wconf 74' lang='grc' dir='ltr'>συνδοξάζών.</span> 
     </span>
    </p>
   </div>
   <div class='ocr_carea' id='block_1_111' title="bbox 1934 4792 3449 4878">
    <p class='ocr_par' dir='ltr' id='par_1_111' title="bbox 1934 4792 3449 4878">
     <span class='ocr_line' id='line_1_111' title="bbox 1934 4792 3449 4878; baseline 0.011 -34"><span class='ocrx_word' id='word_1_918' title='bbox 1934 4792 2291 4878; x_wconf 59' lang='lat' dir='ltr'><strong>(25)“Regius</strong></span> <span class='ocrx_word' id='word_1_919' title='bbox 2318 4795 2373 4862; x_wconf 90' lang='lat'><strong>2,</strong></span> <span class='ocrx_word' id='word_1_920' title='bbox 2412 4795 2716 4878; x_wconf 73' lang='lat' dir='ltr'><strong>9ttob0n.,_</strong></span> <span class='ocrx_word' id='word_1_921' title='bbox 2739 4800 2799 4851; x_wconf 80' lang='grc' dir='ltr'>ὲν</span> <span class='ocrx_word' id='word_1_922' title='bbox 2825 4799 3449 4878; x_wconf 30' lang='grc' dir='ltr'>Κριιστῷῄσυνάψῃ-τῷ</span> 
     </span>
    </p>
   </div>
   <div class='ocr_carea' id='block_1_112' title="bbox 1859 4861 3444 4940">
    <p class='ocr_par' dir='ltr' id='par_1_112' title="bbox 1859 4861 3444 4940">
     <span class='ocr_line' id='line_1_112' title="bbox 1859 4861 3444 4940; baseline 0.009 -24"><span class='ocrx_word' id='word_1_923' title='bbox 1859 4861 1998 4940; x_wconf 53' lang='lat' dir='ltr'><strong>Catii.</strong></span> <span class='ocrx_word' id='word_1_924' title='bbox 2020 4861 2330 4940; x_wconf 46' lang='lat' dir='ltr'><strong>Mox—ante</strong></span> <span class='ocrx_word' id='word_1_925' title='bbox 2369 4861 2776 4940; x_wconf 15' lang='lat' dir='ltr'><strong>Eévi‘yevn&#39;ctbv,</strong></span> <span class='ocrx_word' id='word_1_926' title='bbox 2810 4861 3359 4940; x_wconf 60' lang='lat' dir='ltr'><strong>Anglic.&#39;Felckrri.“2</strong></span> <span class='ocrx_word' id='word_1_927' title='bbox 3386 4861 3444 4932; x_wconf 68' lang='grc' dir='ltr'><strong>εὶ</strong></span> 
     </span>
    </p>
   </div>
   <div class='ocr_carea' id='block_1_113' title="bbox 1859 4934 3443 5015">
    <p class='ocr_par' dir='ltr' id='par_1_113' title="bbox 1859 4934 3443 5015">
     <span class='ocr_line' id='line_1_113' title="bbox 1859 4934 3443 5015; baseline 0.011 -30"><span class='ocrx_word' id='word_1_928' title='bbox 1859 4934 1987 5015; x_wconf 74' lang='lat' dir='ltr'><strong>editi</strong></span> <span class='ocrx_word' id='word_1_929' title='bbox 2020 4934 2078 4986; x_wconf 78' lang='grc' dir='ltr'>ἓν</span> <span class='ocrx_word' id='word_1_930' title='bbox 2107 4935 2312 5015; x_wconf 79' lang='lat' dir='ltr'><strong>addunt</strong></span> <span class='ocrx_word' id='word_1_931' title='bbox 2338 4957 2355 5015; x_wconf 87' lang='lat'><strong>:_</strong></span> <span class='ocrx_word' id='word_1_932' title='bbox 2377 4934 2578 5015; x_wconf 81' lang='lat' dir='ltr'><strong>Regius</strong></span> <span class='ocrx_word' id='word_1_933' title='bbox 2609 4934 2799 5015; x_wconf 44' lang='lat' dir='ltr'><strong>2Bpost</strong></span> <span class='ocrx_word' id='word_1_934' title='bbox 2813 4934 3089 5015; x_wconf 55' lang='lat' dir='ltr'><strong>jeiqrc&#39;iw.</strong></span> <span class='ocrx_word' id='word_1_935' title='bbox 3115 4942 3286 5015; x_wconf 68' lang='lat' dir='ltr'><strong>Paulo</strong></span> <span class='ocrx_word' id='word_1_936' title='bbox 3317 4958 3443 5015; x_wconf 90' lang='lat' dir='ltr'><strong>post</strong></span> 
     </span>
    </p>
   </div>
   <div class='ocr_carea' id='block_1_114' title="bbox 1858 5003 3443 5096">
    <p class='ocr_par' dir='ltr' id='par_1_114' title="bbox 1858 5003 3443 5096">
     <span class='ocr_line' id='line_1_114' title="bbox 1858 5003 3443 5096; baseline 0.009 -39"><span class='ocrx_word' id='word_1_937' title='bbox 1858 5003 2532 5096; x_wconf 35' lang='lat' dir='ltr'><strong>hac‘sequentialdesunt‘</strong></span> <span class='ocrx_word' id='word_1_938' title='bbox 2555 5009 2607 5096; x_wconf 74' lang='lat' dir='ltr'><strong>in</strong></span> <span class='ocrx_word' id='word_1_939' title='bbox 2636 5003 2773 5096; x_wconf 66' lang='lat' dir='ltr'><strong>Reg.</strong></span> <span class='ocrx_word' id='word_1_940' title='bbox 2811 5003 2865 5096; x_wconf 46' lang='lat'><strong>2;,</strong></span> <span class='ocrx_word' id='word_1_941' title='bbox 2895 5003 3134 5096; x_wconf 49' lang='lat' dir='ltr'><strong>Felclgm.</strong></span> <span class='ocrx_word' id='word_1_942' title='bbox 3167 5013 3201 5068; x_wconf 91' lang='lat'><strong>2</strong></span> <span class='ocrx_word' id='word_1_943' title='bbox 3228 5024 3283 5069; x_wconf 79' lang='lat' dir='ltr'><strong>et</strong></span> <span class='ocrx_word' id='word_1_944' title='bbox 3317 5003 3443 5072; x_wconf 60' lang='lat' dir='ltr'><strong>&#39;edi-</strong></span> 
     </span>
    </p>
   </div>
   <div class='ocr_carea' id='block_1_115' title="bbox 1856 5073 3081 5149">
    <p class='ocr_par' dir='ltr' id='par_1_115' title="bbox 1856 5073 3081 5149">
     <span class='ocr_line' id='line_1_115' title="bbox 1856 5073 3081 5149; baseline 0.007 -23"><span class='ocrx_word' id='word_1_945' title='bbox 1856 5073 2043 5149; x_wconf 68' lang='lat' dir='ltr'><strong>tis._é_v</strong></span> <span class='ocrx_word' id='word_1_946' title='bbox 2129 5077 2232 5149; x_wconf 55' lang='grc' dir='ltr'><strong>καὶἐ</strong></span> <span class='ocrx_word' id='word_1_947' title='bbox 2249 5076 2317 5129; x_wconf 86' lang='grc' dir='ltr'><strong>τά</strong></span> <span class='ocrx_word' id='word_1_948' title='bbox 2340 5077 2545 5149; x_wconf 83' lang='grc' dir='ltr'>γενητά</span> <span class='ocrx_word' id='word_1_949' title='bbox 2576 5079 2605 5130; x_wconf 90' lang='lat'><strong>6</strong></span> <span class='ocrx_word' id='word_1_950' title='bbox 2630 5073 2800 5149; x_wconf 60' lang='grc' dir='ltr'>Λόγος</span> <span class='ocrx_word' id='word_1_951' title='bbox 2823 5079 3081 5135; x_wconf 87' lang='grc' dir='ltr'>θεοποιεῖ.</span> 
     </span>
    </p>
   </div>
   <div class='ocr_carea' id='block_1_116' title="bbox 1929 5145 3437 5218">
    <p class='ocr_par' dir='ltr' id='par_1_116' title="bbox 1929 5145 3437 5218">
     <span class='ocr_line' id='line_1_116' title="bbox 1929 5145 3437 5218; baseline 0.009 -19"><span class='ocrx_word' id='word_1_952' title='bbox 1929 5146 2042 5218; x_wconf 83' lang='lat'><strong>(26)</strong></span> <span class='ocrx_word' id='word_1_953' title='bbox 2085 5147 2176 5203; x_wconf 94' lang='lat' dir='ltr'><strong>Sic</strong></span> <span class='ocrx_word' id='word_1_954' title='bbox 2202 5145 2405 5218; x_wconf 75' lang='lat' dir='ltr'><strong>Regius</strong></span> <span class='ocrx_word' id='word_1_955' title='bbox 2449 5145 2676 5216; x_wconf 83' lang='lat' dir='ltr'><strong>primus,</strong></span> <span class='ocrx_word' id='word_1_956' title='bbox 2713 5148 2838 5218; x_wconf 81' lang='lat' dir='ltr'><strong>ch.</strong></span> <span class='ocrx_word' id='word_1_957' title='bbox 2869 5149 3156 5207; x_wconf 88' lang='lat' dir='ltr'><strong>Basiliens.</strong></span> <span class='ocrx_word' id='word_1_958' title='bbox 3191 5154 3348 5210; x_wconf 89' lang='lat' dir='ltr'><strong>Gobl.</strong></span> <span class='ocrx_word' id='word_1_959' title='bbox 3381 5167 3437 5213; x_wconf 92' lang='lat' dir='ltr'><strong>et</strong></span> 
     </span>
    </p>
   </div>
   <div class='ocr_carea' id='block_1_117' title="bbox 1856 5213 3436 5286">
    <p class='ocr_par' dir='ltr' id='par_1_117' title="bbox 1856 5213 3436 5286">
     <span class='ocr_line' id='line_1_117' title="bbox 1856 5213 3436 5286; baseline 0.003 -17"><span class='ocrx_word' id='word_1_960' title='bbox 1856 5213 2095 5286; x_wconf 85' lang='lat' dir='ltr'><strong>Felckm.</strong></span> <span class='ocrx_word' id='word_1_961' title='bbox 2133 5213 2360 5286; x_wconf 75' lang='lat' dir='ltr'><strong>primus.</strong></span> <span class='ocrx_word' id='word_1_962' title='bbox 2393 5213 2498 5271; x_wconf 85' lang='lat' dir='ltr'><strong>Alii</strong></span> <span class='ocrx_word' id='word_1_963' title='bbox 2527 5234 2656 5272; x_wconf 92' lang='lat' dir='ltr'><strong>vero</strong></span> <span class='ocrx_word' id='word_1_964' title='bbox 2679 5228 2732 5273; x_wconf 90' lang='lat' dir='ltr'><strong>et</strong></span> <span class='ocrx_word' id='word_1_965' title='bbox 2759 5213 2908 5285; x_wconf 78' lang='lat' dir='ltr'><strong>editi,</strong></span> <span class='ocrx_word' id='word_1_966' title='bbox 2937 5222 3001 5275; x_wconf 76' lang='grc' dir='ltr'><strong>ἐκ</strong></span> <span class='ocrx_word' id='word_1_967' title='bbox 3031 5222 3258 5280; x_wconf 86' lang='grc' dir='ltr'>τούτων.</span> <span class='ocrx_word' id='word_1_968' title='bbox 3287 5224 3436 5282; x_wconf 85' lang='lat' dir='ltr'><strong>Pau.</strong></span> 
     </span>
    </p>
   </div>
   <div class='ocr_carea' id='block_1_118' title="bbox 1856 5285 3429 5362">
    <p class='ocr_par' dir='ltr' id='par_1_118' title="bbox 1856 5285 3429 5362">
     <span class='ocr_line' id='line_1_118' title="bbox 1856 5285 3429 5362; baseline 0.011 -24"><span class='ocrx_word' id='word_1_969' title='bbox 1856 5285 1908 5338; x_wconf 90' lang='lat' dir='ltr'><strong>Io</strong></span> <span class='ocrx_word' id='word_1_970' title='bbox 1935 5287 2245 5362; x_wconf 58' lang='lat' dir='ltr'><strong>posriidem</strong></span> <span class='ocrx_word' id='word_1_971' title='bbox 2267 5304 2400 5362; x_wconf 86' lang='lat' dir='ltr'><strong>mss.</strong></span> <span class='ocrx_word' id='word_1_972' title='bbox 2433 5286 3051 5362; x_wconf 45' lang='lat' dir='ltr'><strong>RegiusprimusLSeg.</strong></span> <span class='ocrx_word' id='word_1_973' title='bbox 3077 5292 3242 5350; x_wconf 90' lang='lat' dir='ltr'><strong>Basil.</strong></span> <span class='ocrx_word' id='word_1_974' title='bbox 3269 5295 3429 5355; x_wconf 82' lang='lat' dir='ltr'><strong>Cobl.</strong></span> 
     </span>
    </p>
   </div>
   <div class='ocr_carea' id='block_1_119' title="bbox 1850 5357 3431 5438">
    <p class='ocr_par' dir='ltr' id='par_1_119' title="bbox 1850 5357 3431 5438">
     <span class='ocr_line' id='line_1_119' title="bbox 1850 5357 3431 5438; baseline 0.009 -29"><span class='ocrx_word' id='word_1_975' title='bbox 1850 5367 1904 5438; x_wconf 71' lang='lat' dir='ltr'><strong>et</strong></span> <span class='ocrx_word' id='word_1_976' title='bbox 1931 5357 2172 5438; x_wconf 58' lang='lat' dir='ltr'><strong>li‘elckm.</strong></span> <span class='ocrx_word' id='word_1_977' title='bbox 2203 5359 2433 5438; x_wconf 75' lang='lat' dir='ltr'><strong>primus,</strong></span> <span class='ocrx_word' id='word_1_978' title='bbox 2454 5357 2536 5438; x_wconf 83' lang='lat' dir='ltr'><strong>_u_t</strong></span> <span class='ocrx_word' id='word_1_979' title='bbox 2554 5368 2608 5413; x_wconf 91' lang='lat' dir='ltr'><strong>et</strong></span> <span class='ocrx_word' id='word_1_980' title='bbox 2635 5359 2856 5438; x_wconf 78' lang='lat' dir='ltr'><strong>Cracus</strong></span> <span class='ocrx_word' id='word_1_981' title='bbox 2877 5357 3191 5438; x_wconf 77' lang='lat' dir='ltr'><strong>Scriptura</strong></span> <span class='ocrx_word' id='word_1_982' title='bbox 3226 5374 3431 5438; x_wconf 78' lang='lat' dir='ltr'><strong>textus,</strong></span> 
     </span>
    </p>
   </div>
   <div class='ocr_carea' id='block_1_120' title="bbox 1855 5425 3005 5498">
    <p class='ocr_par' dir='ltr' id='par_1_120' title="bbox 1855 5425 3005 5498">
     <span class='ocr_line' id='line_1_120' title="bbox 1855 5425 3005 5498; baseline 0.005 -20"><span class='ocrx_word' id='word_1_983' title='bbox 1855 5425 2076 5498; x_wconf 86' lang='lat' dir='ltr'><strong>habent,</strong></span> <span class='ocrx_word' id='word_1_984' title='bbox 2111 5425 2380 5492; x_wconf 82' lang='grc' dir='ltr'>παιδείας.</span> <span class='ocrx_word' id='word_1_985' title='bbox 2405 5430 2510 5483; x_wconf 86' lang='lat' dir='ltr'><strong>Alii</strong></span> <span class='ocrx_word' id='word_1_986' title='bbox 2531 5441 2584 5484; x_wconf 91' lang='lat' dir='ltr'><strong>et</strong></span> <span class='ocrx_word' id='word_1_987' title='bbox 2614 5430 2764 5494; x_wconf 88' lang='lat' dir='ltr'><strong>editi,</strong></span> <span class='ocrx_word' id='word_1_988' title='bbox 2797 5431 3005 5498; x_wconf 88' lang='grc' dir='ltr'>σοφίας.</span> 
     </span>
    </p>
   </div>
   <div class='ocr_carea' id='block_1_121' title="bbox 1898 5497 3430 5576">
    <p class='ocr_par' dir='ltr' id='par_1_121' title="bbox 1898 5497 3430 5576">
     <span class='ocr_line' id='line_1_121' title="bbox 1898 5497 3430 5576; baseline 0.012 -31"><span class='ocrx_word' id='word_1_989' title='bbox 1898 5565 1910 5576; x_wconf 45' lang='grc'><strong>.</strong></span> <span class='ocrx_word' id='word_1_990' title='bbox 1928 5497 2050 5576; x_wconf 37' lang='grc'><strong>(9.7).</strong></span> <span class='ocrx_word' id='word_1_991' title='bbox 2075 5500 2313 5576; x_wconf 40' lang='grc' dir='ltr'>ΛιιεΙὶεη</span> <span class='ocrx_word' id='word_1_992' title='bbox 2339 5498 2505 5576; x_wconf 81' lang='lat' dir='ltr'><strong>Basil.</strong></span> <span class='ocrx_word' id='word_1_993' title='bbox 2526 5569 2538 5576; x_wconf 86' lang='lat'><strong>_</strong></span> <span class='ocrx_word' id='word_1_994' title='bbox 2560 5499 2691 5572; x_wconf 84' lang='lat' dir='ltr'><strong>Reg.</strong></span> <span class='ocrx_word' id='word_1_995' title='bbox 2741 5501 2797 5576; x_wconf 89' lang='lat'><strong>2_,</strong></span> <span class='ocrx_word' id='word_1_996' title='bbox 2845 5497 3086 5576; x_wconf 61' lang='lat' dir='ltr'><strong>elcltm.</strong></span> <span class='ocrx_word' id='word_1_997' title='bbox 3123 5504 3267 5576; x_wconf 13' lang='lat' dir='ltr'><strong>2,,et</strong></span> <span class='ocrx_word' id='word_1_998' title='bbox 3296 5506 3430 5564; x_wconf 86' lang='lat' dir='ltr'><strong>editi</strong></span> 
     </span>
    </p>
   </div>
   <div class='ocr_carea' id='block_1_122' title="bbox 1855 5567 3434 5649">
    <p class='ocr_par' dir='ltr' id='par_1_122' title="bbox 1855 5567 3434 5649">
     <span class='ocr_line' id='line_1_122' title="bbox 1855 5567 3434 5649; baseline 0.01 -29"><span class='ocrx_word' id='word_1_999' title='bbox 1855 5567 2193 5649; x_wconf 53' lang='lat' dir='ltr'><strong>hicaddunt</strong></span> <span class='ocrx_word' id='word_1_1000' title='bbox 2233 5571 2326 5624; x_wconf 75' lang='grc' dir='ltr'>καὶ</span> <span class='ocrx_word' id='word_1_1001' title='bbox 2375 5569 2605 5649; x_wconf 76' lang='grc' dir='ltr'>ἠσυχίῳ,</span> <span class='ocrx_word' id='word_1_1002' title='bbox 2634 5567 2881 5649; x_wconf 65' lang='lat' dir='ltr'><strong>quodab</strong></span> <span class='ocrx_word' id='word_1_1003' title='bbox 2913 5573 3035 5649; x_wconf 80' lang='lat' dir='ltr'><strong>aliis</strong></span> <span class='ocrx_word' id='word_1_1004' title='bbox 3078 5585 3134 5649; x_wconf 79' lang='lat' dir='ltr'><strong>et</strong></span> <span class='ocrx_word' id='word_1_1005' title='bbox 3166 5567 3310 5649; x_wconf 7' lang='lat' dir='ltr'><strong>SSAeg.</strong></span> <span class='ocrx_word' id='word_1_1006' title='bbox 3363 5593 3434 5636; x_wconf 86' lang='lat' dir='ltr'><strong>ae</strong></span> 
     </span>
    </p>
   </div>
   <div class='ocr_carea' id='block_1_123' title="bbox 1858 5634 3431 5713">
    <p class='ocr_par' dir='ltr' id='par_1_123' title="bbox 1858 5634 3431 5713">
     <span class='ocr_line' id='line_1_123' title="bbox 1858 5634 3431 5713; baseline 0.01 -21"><span class='ocrx_word' id='word_1_1007' title='bbox 1858 5634 2153 5713; x_wconf 69' lang='lat' dir='ltr'><strong>Scriptura</strong></span> <span class='ocrx_word' id='word_1_1008' title='bbox 2189 5651 2338 5713; x_wconf 81' lang='lat' dir='ltr'><strong>textu</strong></span> <span class='ocrx_word' id='word_1_1009' title='bbox 2365 5634 2692 5713; x_wconf 71' lang='lat' dir='ltr'><strong>abesi;&#39;seq.</strong></span> <span class='ocrx_word' id='word_1_1010' title='bbox 2731 5641 2891 5701; x_wconf 79' lang='grc' dir='ltr'>πάλιν</span> <span class='ocrx_word' id='word_1_1011' title='bbox 2923 5645 3075 5702; x_wconf 88' lang='lat' dir='ltr'><strong>deest</strong></span> <span class='ocrx_word' id='word_1_1012' title='bbox 3108 5646 3164 5702; x_wconf 91' lang='lat' dir='ltr'><strong>in</strong></span> <span class='ocrx_word' id='word_1_1013' title='bbox 3187 5634 3344 5708; x_wconf 56' lang='lat' dir='ltr'><strong>Go&#39;bl.</strong></span> <span class='ocrx_word' id='word_1_1014' title='bbox 3373 5634 3431 5707; x_wconf 72' lang='lat' dir='ltr'><strong>et</strong></span> 
     </span>
    </p>
   </div>
   <div class='ocr_carea' id='block_1_124' title="bbox 1854 5705 2323 5781">
    <p class='ocr_par' dir='ltr' id='par_1_124' title="bbox 1854 5705 2323 5781">
     <span class='ocr_line' id='line_1_124' title="bbox 1854 5705 2323 5781; baseline 0.013 -21"><span class='ocrx_word' id='word_1_1015' title='bbox 1854 5705 2093 5765; x_wconf 73' lang='lat' dir='ltr'><strong>Felckm.</strong></span> <span class='ocrx_word' id='word_1_1016' title='bbox 2125 5711 2323 5781; x_wconf 91' lang='lat' dir='ltr'><strong>primo.</strong></span> 
     </span>
    </p>
   </div>
  </div>
