3822 6226
3366 301 3470 356 594

226 424 420 495 τούτῳ,
449 424 543 479 καὶ
595 423 722 477 ἔνθα
774 419 1214 481 ἀποστέλλονται,
1242 419 1358 472 ἐκεῖ
1400 420 1670 492 πάρεισιν·
1707 422 1792 474 οὐ)

1911 423 2108 477 adsunt
2130 440 2239 493 quo
2267 426 2554 481 mittuntur
2579 441 2594 478 :
2619 421 2840 479 dubium
2865 418 3054 489 utique
3071 431 3180 472 non
3209 425 3312 481 est,
3337 422 3468 486 quin

222 516 524 588 ἀμφίϐολον
545 510 660 575 οῦν,
690 517 772 568 ὅτι
796 512 921 566 οὔτε
958 510 1068 566 τῶν
1101 511 1364 582 γενητῶν,
1407 513 1530 566 οὔτε
1555 512 1689 575 ὅλως
1711 513 1792 581 ἄγ-

1912 511 2148 582 Spiritus
2177 529 2278 570 nec
2315 530 2402 572 res
2434 513 2575 570 facta
2602 528 2701 569 nec
2734 511 2958 582 angelus
3001 509 3093 575 sit,
3125 508 3200 562 uti
3245 513 3470 562 conten-

221 608 379 678 γελός
405 610 573 669 ἐστιν,
602 605 678 668 ὡς
705 607 862 677 ὑμεῖς
923 604 1130 672 λέγετε,
1164 603 1224 656 τὺ
1258 602 1502 674 Πνεῦμα,
1545 604 1658 657 ἀλλ’
1696 604 1792 659 ἄνα

1907 605 2036 659 dere
2053 605 2261 660 audetis
2281 645 2296 669 ,
2327 605 2418 660 scd
2451 606 2766 676 angelorum
2815 610 3006 656 natura
3053 598 3302 669 superior
3324 605 3470 652 certe

216 699 322 770 τῆς
348 698 456 752 τῶν
483 697 729 768 ἀγγέλων
756 695 969 767 φύσεώς
1007 697 1174 749 ἐστιν.

1905 698 2208 754 censendus
2235 706 2336 752 est.

228 309 338 368 593
1351 300 1690 358 EPISTOLA
1726 301 1749 357 Ι
1785 302 1876 358 AD
1915 301 2368 392 SERAPIONEM.

291 811 384 865 27.
405 809 576 863 Πάλιν
603 808 711 880 γὰρ
733 811 826 862 καὶ
850 809 914 860 ἐκ
940 806 1143 861 τούτων
1167 807 1233 861 ἄν
1263 825 1349 871 τις
1378 807 1476 861 ίδοι
1501 807 1563 860 τὺ
1582 806 1792 878 Πνεῦμα

1973 789 2064 843 27.
2093 789 2382 844 Enimvero
2409 804 2600 844 rursus
2628 803 2693 842 ex
2722 787 2808 841 his
2837 800 2957 854 quae
2978 783 3295 853 subjicimus
3319 779 3467 834 Scrio

216 901 279 957 τὺ
305 899 483 968 ἅγιον,
516 900 591 963 ὡς
617 873 892 970 ’μεθεκτόν
922 900 1038 951 ἐστι
1069 899 1162 951 καὶ
1187 897 1247 950 οὐ
1283 897 1504 968 μετέχον
1536 897 1633 969 (τὰ
1665 873 1792 950 αὐτὰ

1904 884 2078 948 pturae
2108 879 2288 934 verbis
2318 879 2538 934 evidens
2565 877 2730 932 fuerit
2758 876 3017 946 Spiritum
3049 880 3294 929 sanctum
3328 873 3468 925 alios

215 992 323 1063 γὰρ
341 963 520 1060 λέγειν
535 963 944 1061 οὐκνόκνητέον).
973 1009 990 1041 ι
1014 963 1298 1043 Ἀδύνατον
1322 963 1450 1061 γὰρ,
1477 1011 1494 1042 ι
1516 963 1648 1061 (and!
1667 989 1792 1060 (55),

1905 971 1990 1026 sui
2021 971 2310 1041 participes
2359 969 2556 1034 facere,
2589 985 2694 1024 non
2736 983 2863 1023 vero
2890 967 3207 1037 participem
3234 963 3466 1022 aliorum

219 1055 388 1146 λτοὺς
411 1055 558 1146 διπαξ
591 1055 975 1152 φωτισίὶέντας,
996 1055 1364 1151 γευσαμένους
1387 1055 1446 1134 τε
1469 1055 1792 1152 τῆξδωρεάέ

1904 1061 2019 1116 ﬁeri
2039 1061 2184 1132 (nam
2211 1061 2398 1116 eadem
2422 1071 2661 1131 repetere
2689 1076 2758 1114 ne
2787 1061 2858 1114 sit
2887 1055 3463 1125 molestum).Nempe,

218 1175 321 1244 τῆς
346 1145 696 1245 ἐπουρανίου,
725 1175 820 1226 καὶ
849 1145 1107 1243 μετόχους
1129 1145 1448 1243 Πνεύματος
1475 1145 1630 1240 ἁγίου
1652 1145 1792 1240 γενο-

1907 1169 1925 1202 ι
1950 1149 2283 1219 lmpossibile
2300 1158 2383 1205 est
2415 1151 2559 1204 enim
2575 1165 2670 1205 eos
2691 1150 2784 1219 qui
2817 1149 2980 1203 semel
2999 1157 3124 1204 sunt
3151 1145 3462 1210 illuminati,

216 1235 415 1336 μένους
432 1235 563 1334 (δῦ),
587 1235 1036 1332 καὶ-καλδνγευσα
1043 1263 1234 1334 μένους
1249 1235 1382 1317 όεοῦ
1398 1264 1463 1334 ρῆ
1472 1235 1565 1332 μα,
1589 1281 1607 1314 ι
1625 1235 1718 1316 καὶ
1733 1263 1792 1318 τὰ

1904 1249 2263 1312 gustaverunt
2291 1243 2452 1296 etiam
2484 1242 2684 1296 donum
2702 1241 2921 1296 caeleste
2953 1247 3005 1294 et
3028 1238 3313 1308 participes
3333 1235 3462 1290 facti

213 1328 361 1426 ἑξῆς.
395 1328 458 1408 Oi
481 1328 796 1422 ﬁsc‘iWEMt,
827 1328 921 1407 καὶ
939 1354 1008 1407 τὰ
1033 1328 1167 1406 ἀλλα
1214 1328 1483 1423 κτίσματα
1507 1352 1792 1423 μετέχοντα

1904 1342 2026 1390 sunt
2061 1333 2296 1404 Spiritus
2315 1333 2509 1397 sancti,
2527 1341 2992 1404 gustaveruntque
3007 1331 3210 1385 bonum
3230 1328 3325 1382 Dei
3343 1343 3464 1381 ver—

213 1419 364 1501 ὲστιν
396 1444 560 1499 αὐτοῦ
592 1419 688 1498 τοῦ
719 1445 1050 1516 Πνεύματος⁹
1074 1444 1160 1498 διὰ
1181 1419 1474 1514 τοῦτο-γὰρ
1500 1419 1674 1496 ταῦτα
1699 1442 1792 1513 μὲν

1904 1429 2025 1483 bum
2045 1428 2110 1492 ⁸³,
2124 1426 2684 1496 ietczeteraAtangeli
2702 1435 2757 1480 et
2770 1434 2973 1480 caetera:
2985 1438 3072 1478 res
3086 1431 3278 1477 creatae
3294 1419 3465 1489 ipsius

213 1539 309 1593 καὶ
337 1536 624 1590 ἐκπίπτειν
650 1527 711 1587 οὗ
737 1514 998 1605 μετέσχον
1022 1534 1388 1604 δύναται(57)·
1407 1533 1468 1586 τὸ
1488 1534 1543 1586 δὲ
1572 1531 1792 1602 Πνεῦμα

1904 1518 2134 1588 Spiritus
2157 1520 2290 1574 ﬁunt
2311 1519 2622 1588 participes.
2642 1515 2768 1573 Haec
2782 1518 2927 1573 enim
2961 1516 3077 1586 ipsa
3097 1525 3179 1569 est
3206 1514 3346 1568 ratio
3367 1527 3465 1566 cur

211 1631 302 1683 ἀεὶ
325 1631 390 1683 τὸ
421 1631 552 1684 αὑτό
578 1633 748 1684 ἐστιν’
777 1631 838 1684 οὐ
864 1629 971 1700 γὰρ
992 1626 1101 1698 (58)
1130 1627 1238 1681 τῶν
1269 1627 1601 1698 μετεχόντων
1627 1626 1793 1690 ἐστὶν,

1894 1611 1962 1664 ab
1984 1626 2049 1665 eo
2080 1611 2238 1679 cujus
2271 1618 2398 1665 sunt
2434 1609 2725 1679 participes
2755 1607 2966 1678 possint
2994 1605 3262 1660 excidere.
3294 1601 3465 1672 Spiri-

211 1722 330 1776 ἀλλ’
360 1723 525 1777 αὐτοῦ
554 1723 623 1776 τὰ
656 1723 834 1775 πάντα
869 1694 1107 1791 aiax...
1133 1721 1196 1772 Et
1229 1694 1463 1772 δετοῦτο
1497 1719 1594 1788 μὲν
1623 1718 1792 1771 ἀεὶτὸ

1904 1708 1982 1754 lus
2012 1715 2140 1753 vero
2159 1699 2299 1754 idem
2319 1699 2563 1768 profecto
2578 1714 2793 1768 semper
2811 1707 2913 1764 est,
2933 1696 3133 1766 quippe
3148 1694 3238 1764 qui
3272 1709 3381 1748 non
3395 1709 3460 1746 cx

209 1769 932 1884 ;;;.;;;;'..{..a.;.;.:,'
951 1769 1450 1884 gas—ain...
1495 1769 1792 1882 sua...
1824 1769 1865 1823 Β
1895 1791 2001 1884 nugs
2028 1791 2190 1845 rebus
2225 1791 2297 1845 εει
2325 1805 2447 1884 qua
2488 1790 2778 1884 participes
3153 1786 3254 1884 seq
3280 1787 3462 1884 gaius

209 1907 360 1960 ἐστιν
393 1906 575 1960 αὐτοῦ·
603 1907 702 1958 οὐκ
733 1905 798 1959 ἂν
845 1905 930 1976 εἴη
977 1906 1037 1958 τὸ
1094 1904 1317 1974 Πνεῦμα
1374 1904 1435 1958 τὸ
1478 1904 1630 1972 ἅγιον
1668 1902 1790 1956 οὔτε

208 1998 465 2066 ἄγγελος,
494 1996 618 2050 οὔτε
650 1997 787 2060 ὅλως
843 1997 1068 2067 κτίσμα,
1125 1996 1239 2050 ἀλλ’
1283 1997 1408 2048 ἴδιον
1447 1995 1538 2049 τοῦ
1594 1996 1789 2063 Λόγου,

208 2087 343 2158 παρ’
373 2081 434 2140 οὗ
467 2086 738 2155 διδόμενον
799 2086 1083 2156 μετέχεται
1138 2087 1288 2158 παρὰ
1315 2085 1421 2138 τῶν
1459 2087 1789 2153 κτισμάτων·

209 2176 338 2228 ἐπεὶ
369 2175 487 2246 ὥρα
536 2174 714 2241 λέγειν
768 2175 963 2238 αὐτοὺς
1016 2173 1110 2227 κα)⁴
1166 2173 1257 2227 τὸν
1293 2173 1420 2227 rem
1475 2173 1700 2243 κτίσμα,
1729 2164 1791 2225 οῦ

211 2267 417 2329 πάντες
444 2269 502 2319 ἐν
527 2265 606 2336 τῷ
632 2265 908 2336 Πνεύματι
947 2265 1161 2335 μέτοχοι
1193 2262 1516 2333 γεγόναμεν.
1554 2263 1662 2315 Καὶ
1690 2261 1794 2315 πά-

208 2358 298 2411 λιν
330 2359 388 2411 ἓν
440 2361 556 2411 ἐστι
606 2357 667 2410 τὸ
712 2355 937 2426 Πνεῦμα
969 2355 1026 2408 τὺ
1057 2356 1232 2423 ἆγιον·
1287 2354 1357 2406 τὰ
1407 2353 1464 2406 δὲ
1517 2353 1793 2422 κτίσματα

208 2447 405 2501 πολλά.
437 2446 689 2514 ’Ἄγγελοι
720 2446 816 2516 μὲν
852 2444 960 2516 γὰρ
1005 2444 1171 2512 χίλιαι
1216 2443 1448 2513 χιλιάδες
1477 2441 1571 2494 καὶ
1604 2439 1792 2511 μύριαι

216 2538 500 2612 μυριάδες
531 2538 817 2608 φωστῆρες
841 2536 896 2589 δὲ
928 2535 1134 2601 πολλοὶ,
1175 2535 1268 2605 καὶ
1325 2533 1501 2605 θρόνοι
1533 2533 1665 2602 (39),
1702 2532 1794 2584 καὶ

209 2627 556 2696 κυριότητες,
590 2626 686 2678 καὶ
709 2625 944 2694 οὐρανοὶ,
972 2625 1062 2677 καὶ
1094 2623 1376 2695 χερουϐὶμ,
1413 2622 1505 2675 κα)⁹
1529 2621 1790 2692 σεραφὶμ,

206 2721 312 2774 καὶ
367 2718 702 2790 ἀρχάγγελοι
761 2715 976 2769 πολλοίο
1032 2716 1125 2768 καὶ
1181 2714 1366 2778 ἁπλῶς
1416 2714 1516 2766 οὐκ
1566 2713 1678 2765 ἐστι
1725 2712 1794 2766 τὰ

207 2810 497 2878 κτίσματα
525 2807 604 2872 ἓν,
645 2806 780 2861 ἀλλὰ
831 2806 1006 2860 πάντα
1035 2805 1204 2858 πολλὰ
1232 2806 1325 2860 καὶ
1366 2804 1617 2876 διάφορα.
1651 2804 1714 2857 Εἰ
1737 2804 1792 2856 δὲ

206 2900 275 2954 τὸ
312 2901 408 2969 μὲν
460 2898 686 2968 Πνεῦμα
736 2897 796 2949 τὺ
842 2896 997 2964 ἆγιον
1047 2896 1104 2949 ἓν
1140 2898 1275 2961 ἐστι,
1324 2895 1393 2948 τὰ
1420 2895 1477 2948 δὲ
1522 2894 1792 2964 κτίσματα

211 2986 410 3050 πολλὰ,
446 2987 540 3039 καὶ
571 2984 789 3053 ἄγγελοι
813 2983 1013 3037 πολλοί⁹
1055 2983 1181 3037 ποία
1232 2984 1485 3054 ὁμοιότης
1517 2982 1596 3054 τῷ
1623 2982 1794 3036 Πνεύ-

1893 1883 2052 1952 cujus
2081 1897 2168 1936 res
2198 1897 2388 1936 omnes
2410 1881 2543 1935 ﬁant
2573 1881 2880 1951 participes.
2913 1879 3032 1934 Jam
3059 1893 3188 1933 vero
3213 1877 3257 1932 si
3287 1875 3460 1945 Spiri-

1893 1981 1980 2027 tus
2009 1974 2152 2026 idem
2175 1989 2388 2043 semper
2419 1981 2524 2040 est,
2551 1972 2793 2041 aliosque
2832 1971 2913 2026 sui
2948 1968 3237 2039 participes
3281 1966 3413 2021 facit
3442 1985 3457 2022 :

1891 2065 1939 2120 si
1963 2072 2150 2119 contra
2180 2079 2268 2120 res
2298 2073 2492 2120 creatae
2520 2064 2640 2134 ejus
2679 2065 2815 2117 ﬁunt
2839 2061 3150 2132 participes,
3179 2073 3310 2115 sane
3335 2058 3460 2128 Spi-

1893 2155 2029 2209 ritus
2062 2163 2301 2220 sanctus,
2332 2169 2510 2223 neque
2539 2154 2784 2224 angelus,
2812 2167 2988 2222 neque
3010 2151 3116 2205 alia
3142 2165 3228 2206 res
3253 2159 3459 2217 creata,

1892 2245 1983 2300 sed
2017 2245 2268 2314 proprius
2295 2243 2459 2299 Verbi
2493 2259 2613 2300 esse
2649 2242 3042 2298 existimandus
3071 2250 3173 2307 est,
3199 2240 3358 2310 cujus
3390 2239 3460 2294 ab

1892 2336 2012 2405 ipso
2037 2335 2211 2391 Verbo
2245 2337 2357 2391 dati
2381 2351 2469 2391 res
2499 2337 2692 2391 creatae
2723 2335 2860 2389 ﬁunt
2887 2333 3196 2404 participes.
3226 2332 3460 2386 Caetero-

1892 2428 2024 2496 quin
2051 2425 2248 2482 Filium
2283 2443 2500 2498 quoque
2528 2443 2642 2483 rem
2678 2437 2913 2482 creatam
2939 2427 3120 2481 dicere
3146 2424 3336 2480 iisdem
3368 2439 3460 2478 ne-

1893 2535 2045 2576 cesse
2076 2527 2242 2588 esset,
2278 2521 2438 2591 cujus
2464 2535 2657 2590 nempe
2696 2534 2885 2575 omnes
2911 2518 2966 2572 in
2998 2517 3201 2586 Spiritu
3231 2514 3461 2586 partici-

1891 2627 1988 2681 pcs
2020 2612 2145 2666 facti
2179 2627 2388 2667 sumus.
2419 2610 2666 2682 Insuper,
2689 2627 2831 2667 unus
2854 2619 2937 2665 est
2960 2608 3191 2679 Spiritus
3215 2615 3459 2671 sanctus,

1893 2703 2079 2757 mult-.e
2112 2713 2292 2757 autem
2324 2711 2453 2758 sunt
2500 2717 2590 2758 res
2631 2711 2843 2758 creatae.
2869 2699 3003 2754 Nam
3034 2699 3203 2753 millia
3229 2697 3458 2753 millium

1891 2803 1945 2849 et
1967 2795 2147 2850 decies
2167 2796 2305 2850 dena
2339 2796 2509 2849 millia
2530 2803 2656 2850 sunt
2676 2795 2990 2865 angelorum
3019 2812 3031 2846 :
3065 2791 3233 2846 multa
3254 2790 3460 2860 pariter

1893 2895 2019 2942 sunt
2052 2887 2365 2954 luminaria,
2399 2887 2555 2942 multi
2596 2887 2798 2953 throni,
2828 2886 3010 2941 multae
3035 2882 3456 2942 dominationes.

1891 2979 2048 3034 multi
2077 2981 2220 3047 coeli,
2241 2980 2397 3035 multi
2431 2981 2732 3044 cherubim,
2764 2979 3033 3048 seraphim
3057 2985 3111 3032 et
3129 2975 3470 3053 archangeii,

215 3095 350 3148 ματι
381 3077 516 3147 πρὸς
542 3077 610 3130 τὰ
631 3075 859 3146 γενητά;
895 3076 1005 3128 Καὶ
1053 3075 1152 3128 οὐκ
1191 3073 1404 3146 ἄδηλον,
1427 3075 1511 3127 ὅτι
1546 3074 1645 3126 οὐκ
1677 3073 1792 3126 ἔστι

1904 3087 1960 3126 ac
2001 3071 2235 3142 denique
2283 3087 2372 3127 res
2410 3082 2607 3127 creata:
2642 3087 2752 3126 non
2805 3081 2934 3127 sunt
2973 3069 3104 3141 quid
3142 3084 3334 3134 unum,
3365 3068 3460 3122 sed

215 3169 326 3221 τῶν
359 3167 565 3220 πολλῶν
587 3167 646 3221 τὺ
681 3165 924 3238 Πνεῦμα,
982 3166 1096 3221 ἀλλ’
1123 3167 1244 3219 οὐδὲ
1292 3166 1542 3235 ἄγγελος,
1589 3165 1705 3219 ἀλλ’
1735 3165 1792 3218 ἓν

1904 3178 2090 3218 omnes
2116 3166 2300 3220 multa:
2330 3175 2384 3219 et
2415 3165 2642 3222 diversae
2668 3172 2814 3221 sunt.
2845 3163 3000 3231 Quod
3054 3166 3099 3219 si
3130 3163 3303 3233 igitur-
3336 3159 3462 3229 Spi-

212 3257 274 3311 ὃν
310 3256 445 3329 (40),
483 3256 680 3327 μᾶλλον
729 3257 785 3310 δὲ
840 3256 932 3310 τοῦ
963 3256 1136 3324 Λόγου
1188 3256 1304 3318 ἑνὸς
1332 3256 1482 3318 ὄντος
1529 3255 1674 3320 ἴδιον,
1698 3257 1792 3310 καὶ

212 3347 312 3402 τοῦ
337 3343 469 3402 Θεοῦ
498 3349 614 3412 ἑνὸς
639 3349 788 3411 ὄντος
829 3349 959 3402 ῐδιον
987 3350 1080 3402 καὶ
1131 3347 1412 3418 ὁμοούσιόν
1441 3348 1576 3400 ἐστι.
1607 3347 1790 3400 Ταῦτα

217 3440 320 3511 μὲν
349 3435 439 3493 οὖν
464 3440 557 3492 καὶ
584 3440 717 3510 μόνα
744 3439 862 3493 καθ’
881 3440 1045 3494 ἑαυτὰ
1073 3439 1339 3510 λεγόμενα
1361 3439 1489 3510 περὶ
1519 3438 1612 3491 τοῦ
1631 3439 1786 3507 ἁγίου

1896 3254 2037 3309 ritus
2067 3263 2286 3310 sanctus
2315 3271 2456 3310 unus
2486 3263 2589 3320 est,
2627 3255 2674 3310 si
2703 3264 2890 3309 contra
2919 3269 3007 3309 res
3030 3262 3224 3307 creatae
3249 3251 3456 3311 multa.

1894 3355 1948 3401 et
1988 3346 2142 3401 multi
2193 3356 2320 3402 sunt
2361 3347 2568 3416 angeli;
2608 3362 2855 3415 quaenam
2895 3344 3194 3400 similitudo
3225 3342 3459 3412 Spiritus

1892 3455 2014 3495 cum
2058 3441 2221 3497 rebus
2263 3439 2460 3496 factis?
2501 3441 2728 3496 Constat
2771 3439 3000 3510 proinde
3047 3438 3310 3508 Spiritum
3350 3453 3457 3490 non

215 3529 533 3600 Πνεῦματος
583 3531 848 3585 δείκνυσιν
897 3531 1026 3585 αὐτὸ
1054 3531 1216 3604 μηδὲν
1274 3531 1449 3584 κοινὸν
1495 3531 1628 3602 μηδὲ
1655 3531 1782 3584 ῐδιον

1904 3548 2008 3588 asse
2028 3549 2094 3588 ex
2120 3535 2324 3600 multis,
2342 3549 2516 3605 neque
2542 3534 2702 3589 etiam
2725 3533 2992 3604 angelum,
3015 3532 3108 3586 sed
3127 3545 3294 3584 unum
3317 3543 3458 3591 esse,

216 3618 362 3689 ἔχειν
392 3636 444 3672 τι
466 3623 532 3691 τῇ
567 3620 726 3688 φύσει
760 3622 851 3674 καὶ
903 3623 968 3692 τῇ
999 3621 1154 3690 οὐσίᾳ
1194 3619 1330 3689 πρὸς
1378 3619 1447 3672 τὰ
1490 3620 1788 3690 κτίσματα,

216 3711 336 3763 ἀλλ’
360 3711 487 3765 ἄλλο
517 3711 612 3780 μὲν
650 3707 788 3765 εἶναι
815 3711 920 3764 τῶν
946 3712 1210 3781 γενητῶν,
1243 3712 1371 3765 ίδιον
1414 3711 1471 3765 δὲ
1498 3713 1592 3765 καὶ
1615 3712 1675 3764 οὐ
1704 3711 1790 3776 ξέ-

217 3818 310 3855 νον
342 3802 440 3871 τῆς
460 3802 554 3854 τοῦ
579 3801 708 3854 Υίοῦ
735 3803 920 3867 οὐσίας
949 3805 1042 3856 καὶ
1076 3802 1346 3874 θεότητος,
1399 3804 1465 3856 δι’
1490 3806 1555 3874 ἦν
1583 3804 1676 3856 καὶ
1694 3803 1793 3872 τῆς

219 3895 384 3963 ἁγίας
415 3896 640 3966 Τριάδος
665 3895 744 3963 ὃν,
769 3897 1115 3968 καταισχύνει
1145 3897 1242 3968 τὴν
1288 3897 1508 3951 ἐκείνων
1536 3897 1794 3967 ἀναισθη-

221 3987 365 4041 dictv.

1891 3623 1977 3676 vel
2022 3625 2202 3693 potius
2232 3624 2394 3680 Verbi
2447 3625 2592 3694 quod
2644 3639 2815 3678 unum
2862 3631 2966 3683 est,
2997 3631 3050 3676 et
3079 3620 3173 3676 Dei
3197 3619 3288 3690 qui
3327 3618 3456 3672 item

1895 3732 2036 3770 unus
2070 3726 2151 3771 est
2179 3718 2456 3787 pr0prium
2505 3725 2560 3771 et
2605 3715 3119 3770 consubstantialem
3155 3727 3298 3768 esse.
3331 3710 3458 3766 Haec

1895 3819 2042 3864 certe
2085 3811 2168 3864 vel
2215 3811 2350 3876 sola,
2379 3825 2501 3880 qua:
2536 3809 2604 3864 de
2635 3806 2838 3878 Spiritu
2894 3817 3083 3863 sancto
3121 3806 3374 3866 dicimus,
3411 3805 3458 3858 si

1897 3901 2122 3954 seorsim
2164 3901 2328 3956 etiam
2374 3901 2820 3963 considerentur,
2854 3899 3030 3967 palam
3073 3896 3282 3951 faciunt
3322 3896 3459 3949 nihil

1895 3992 2045 4046 illum
2093 4008 2380 4049 commune
2411 4004 2506 4050 aut
2535 3994 2813 4063 proprium
2846 4002 3036 4046 natura
3067 3998 3122 4045 et
3159 3989 3457 4046 substantia

219 4092 348 4131 cum
380 4076 543 4132 rebus
571 4077 768 4133 creatis
808 4076 1006 4132 habere
1049 4094 1063 4131 :
1108 4077 1203 4132 sed
1234 4092 1360 4133 vere
1399 4078 1566 4134 alium
1601 4093 1725 4134 eum
1751 4093 1873 4134 esse
1911 4095 1940 4135 a
1965 4083 2127 4136 rebus
2162 4084 2336 4147 factis,
2362 4085 2746 4153 propriumque
2782 4098 2883 4137 nec
2916 4083 3150 4136 alienum
3183 4079 3303 4133 Filii
3331 4081 3459 4134 θυι»-

221 4167 438 4222 stantia:
479 4175 533 4221 et
572 4167 872 4221 divinitatis
913 4182 1055 4234 esse,
1099 4177 1322 4238 propter
1351 4185 1514 4240 quam
1555 4185 1678 4224 cum
1720 4171 1793 4226 sit
1828 4182 2027 4227 sancta:
2056 4173 2357 4237 Trinitatis,
2387 4177 2508 4231 illos
2545 4176 2631 4230 vel
2660 4174 2856 4229 invitos
2879 4173 3082 4244 pudore
3104 4170 3384 4227 suﬂ‘undit.

291 4259 382 4313 28.
424 4258 652 4329 Ἵδωμεν
679 4256 735 4310 δὲ
762 4258 908 4328 ὅμως
929 4258 1023 4311 κα.)⁸
1053 4258 1188 4330 πρὸς
1213 4259 1421 4322 τούτοις
1451 4259 1558 4330 (41)
1581 4261 1675 4314 καὶ
1702 4260 1798 4313 αὐ-

1971 4263 2062 4320 28.
2096 4265 2481 4322 Verumtamen
2516 4267 2656 4322 haud
2680 4268 2778 4322 abs
2826 4282 2883 4321 re
2929 4264 3092 4320 fuerit
3119 4276 3348 4320 veterem
3381 4266 3460 4318 ἰη-

218 4353 324 4425 τὴν
348 4354 447 4425 τὴν
475 4352 532 4418 ἐξ
581 4352 757 4423 ἀρχῆς
810 4351 1107 4423 παράδοσιν
1157 4353 1251 4405 καὶ
1305 4352 1647 4417 διδασκαλίαν
1701 4353 1792 4406 καὶ

1904 4375 2061 4431 super
2085 4360 2448 4426 traditionem,
2476 4359 2886 4428 doctrinamque
2913 4373 2976 4413 ac
2998 4357 3154 4413 tidem
3182 4358 3460 4412 catholicae

220 4444 409 4497 πίστιν
448 4443 546 4513 τῆς
577 4442 868 4512 καθολικῆς
909 4443 1251 4515 Ἐκκλησίας,
1291 4446 1358 4517 ἣν
1389 4447 1418 4498 ὁ
1447 4446 1544 4516 μὲν
1588 4445 1791 4518 Κύριος

219 4536 443 4599 εδωκεν,
472 4537 521 4588 οἱ
567 4534 624 4588 δὲ
676 4534 960 4589 ἀπόστολοι
988 4536 1276 4608 ἐκήρυξαν,
1325 4538 1418 4590 καὶ
1458 4539 1508 4590 οἱ
1561 4537 1793 4609 πατέρες

299 4667 348 4700 ⁸³
389 4666 552 4723 Hebr.
589 4683 667 4733 Vl,
700 4667 755 4722 4.

221 4788 351 4852 post
381 4779 689 4852 ἀμφίβολον
706 4780 964 4852 omittunt
996 4795 1012 4835 :
1042 4779 1317 4851 iidemque
1364 4792 1488 4851 post
1534 4783 1658 4837 οὔτε
1705 4799 1795 4840 se-

222 4849 404 4921 quens
424 4849 646 4906 addunt
675 4849 830 4917 ὅλως,
857 4865 979 4920 qua:
1019 4865 1126 4906 vox
1171 4849 1243 4907 ab
1281 4849 1402 4908 aliis
1427 4862 1481 4909 et
1508 4854 1668 4910 editis
1699 4854 1795 4909 ab-

222 4929 332 4976 est.

298 4989 412 5056 (35)
451 4987 543 5061 Sic
565 4987 766 5061 Regius
795 4989 1004 5057 primus
1029 4998 1084 5044 et
1115 4989 1240 5061 Seg.
1271 4989 1326 5044 In
1359 4991 1513 5046 Gobl.
1538 5000 1591 5047 et
1610 4991 1789 5050 Felck.

221 5061 406 5184 primo
435 5059 586 5113 deest
616 5060 879 5140 particula
922 5060 1047 5130 γάρ.
1081 5059 1281 5115 Αιὶῖει
1322 5062 1456 5144 editi.
1490 5077 1590 5142 pro
1637 5064 1791 5136 φησι,

264 5131 430 5184 aberit
456 5129 590 5184 ὲστί.
626 5128 822 5184 Remus
844 5131 880 5183 2
902 5141 953 5184 et
976 5131 1092 5182 ἐστί
1117 5139 1172 5184 et
1197 5131 1327 5184 φησί
1350 5139 1568 5184 omittit.

264 5131 430 5202 aberit
456 5129 590 5202 gari.
626 5128 822 5199 Regius
844 5131 880 5183 2
902 5141 953 5184 et
976 5128 1181 5202 ἔστίειν
1197 5131 1327 5202 φησί
1350 5128 1568 5186 omittit.

300 5199 414 5268 (56)
456 5197 547 5254 Sic
597 5197 788 5254 omnes
837 5200 1190 5268 manuscripti
1211 5197 1435 5256 codices
1463 5210 1656 5268 praeter
1689 5200 1796 5257 Re-

223 5269 439 5392 g‘ium2
476 5279 529 5322 et
569 5267 810 5324 Felckm.
852 5269 906 5334 2,
937 5269 1030 5339 qui
1056 5267 1257 5324 habent
1297 5267 1638 5353 γενηθέντας.
1671 5271 1793 5326 Mox

276 5354 361 5392 ea.
399 5340 418 5390 l
455 5350 510 5392 et
534 5339 588 5392 2.
625 5337 746 5392 Seg.
787 5339 941 5392 Gobl.
971 5348 1025 5392 et
1053 5338 1234 5392 Felck.
1275 5356 1482 5392 primus
1512 5343 1793 5392 habentot

276 5354 361 5410 eg.
399 5340 418 5390 l
455 5350 510 5410 et
534 5337 746 5410 2,Seg.
787 5337 1234 5410 GoblﬁetFelck.
1275 5337 1482 5409 primus
1512 5343 1794 5397 habentot

223 5408 284 5462 δὲ
312 5407 562 5479 ἄγγελοι.
590 5407 852 5462 ΑΙὶἴνονο
877 5418 931 5462 et
959 5409 1108 5472 editi,
1141 5411 1190 5461 εί
1215 5407 1344 5464 δὲοὶ
1375 5411 1616 5479 ἄγγελοι.

299 5477 412 5547 (37)
455 5477 545 5548 Sjc
569 5494 758 5534 omnes
789 5479 1160 5548 manuscripti,
1187 5477 1432 5548 quorum
1453 5477 1630 5536 tamen
1663 5489 1792 5542 tres.

226 5546 428 5621 nempe
477 5546 678 5621 Regius
699 5549 916 5621 2,_ch.
952 5557 1013 5621 et
1038 5546 1285 5621 Felck—m.
1321 5550 1356 5603 2
1381 5566 1705 5621 anonymus,
1732 5553 1794 5604 οὐ

226 5617 310 5690 sic
349 5617 619 5690 _mend0$e
668 5617 931 5690 scribunt.
975 5617 1114 5672 Editi
1135 5619 1229 5690 _sic
1252 5619 1461 5690 habent.
1490 5617 1659 5674 ταῦτα
1697 5621 1794 5690 μὲν

227 5686 520 5742 ἐκπίπτειν
552 5688 842 5760 μετέχοντα
868 5688 1103 5744 δύναται.
1132 5687 1333 5761 Regius
1359 5705 1576 5760 quoque
1601 5686 1797 5747 secun-

1897 4455 2151 4512 Ecclesiae
2189 4456 2543 4525 investigare,
2583 4469 2746 4523 quam
2775 4453 2984 4508 scilicet
3008 4453 3270 4507 Dominus
3291 4451 3460 4505 tradi-

1893 4547 1992 4616 dit,
2013 4547 2242 4618 apostoli
2270 4547 2646 4616 praedicavere,
2670 4553 2725 4601 et
2753 4553 2932 4616 patres
2964 4558 3268 4600 servavere.
3305 4541 3364 4596 l-n
3395 4557 3458 4596 ea

1893 4779 1995 4834 dus
2027 4777 2320 4846 μετέχοντα
2347 4775 2526 4830 habet.

1967 4843 2080 4919 (38)
2121 4843 2210 4902 Sic
2241 4846 2442 4919 Regius
2471 4846 2701 4919 primus,
2738 4844 2860 4915 Seg.
2894 4843 3178 4919 Anglican.
3209 4844 3378 4919 Gobl.
3405 4855 3458 4899 et

1893 4913 2133 4986 Felckiu.
2169 4913 2401 4986 primus,
2437 4913 2557 4986 quae
2586 4916 2748 4986 etiam
2784 4913 2945 4986 vertit
2972 4913 3238 4969 Nannius.
3279 4915 3379 4986 Alii
3404 4928 3458 4970 et.

1893 4989 2071 5109 editioé
2093 4985 2356 5044 Commel.
2399 4985 2653 5041 omittunt
2683 4985 2742 5038 οὐ
2771 4985 2899 5056 γάρ,
2935 4994 3063 5050 etc.,
3095 5000 3267 5054 usque
3298 4985 3367 5040 ad
3395 4986 3456 5038 τὸ

1894 5075 2024 5109 αυτο
2078 5073 2181 5109 στι.

1894 5073 2024 5111 αυτο
2047 5073 2181 5110 εστι.

1967 5127 2078 5196 ('59)
2117 5125 2377 5180 Particul.
2415 5125 2507 5180 καί
2542 5125 2632 5179 hic
2660 5135 2713 5179 et
2742 5125 2794 5177 in
2825 5130 3072 5196 sequent_.
3094 5122 3324 5196 deestin
3347 5124 3455 5180 Go-

1895 5192 2030 5252 hler.
2059 5192 2112 5250 et
2159 5195 2390 5252 Felckm.
2427 5197 2623 5264 primo,
2656 5192 2944 5265 anonymo,
2973 5192 3156 5257 ἀπλῶς
3196 5194 3328 5252 ibid.
3354 5196 3453 5250 al)-

1895 5276 1977 5322 est
2007 5283 2036 5319 a
2070 5265 2237 5335 Regio
2269 5267 2303 5318 2
2328 5275 2381 5320 et
2408 5265 2588 5320 Felck.
2617 5267 2673 5329 2,
2703 5278 2992 5335 anonymo.
3083 5332 3119 5335 _
3206 5334 3214 5335 ί
3328 5325 3330 5327 ,

1967 5337 2076 5407 (40)
2120 5330 2210 5390 Sic
2243 5335 2464 5406 Regius,
2494 5335 2617 5407 Seg.
2650 5336 2772 5389 Bas.
2810 5330 2966 5407 Gobl.
3002 5343 3055 5388 et
3081 5332 3318 5390 Felckm.
3349 5335 3453 5404 pri-

1895 5403 2040 5461 mus.
2061 5403 2225 5459 Iidem
2256 5403 2380 5459 mox
2407 5415 2460 5458 et
2480 5403 3034 5475 Anglicanusmliabent
3064 5416 3120 5460 ut
3149 5407 3235 5460 hic
3253 5403 3452 5460 exstat.

1895 5478 1998 5564 Αιίρ
2022 5484 2076 5530 et
2098 5475 2226 5530 editi
2255 5476 2312 5530 όν
2336 5472 2614 5540 omittunt,
2638 5487 2710 5542 et,
2736 5473 2828 5526 τοῦ
2857 5472 2990 5525 Θεοῦ
3013 5475 3128 5538 ἑνὸς
3152 5476 3304 5538 ὄντος
3325 5476 3452 5530 ῐδιον

1897 5565 2010 5600 και.

1966 5615 2077 5689 (di)
2108 5617 2233 5689 μοι).Δ
2257 5616 2388 5689 πρὸς
2418 5615 2624 5689 τούτοις
2656 5615 2849 5672 desunt
2891 5619 2944 5674 in
2986 5615 3155 5689 Regio
3181 5617 3442 5680 secundo,

1898 5685 1989 5740 καί
2021 5683 2072 5740 in
2108 5683 2274 5756 Regio
2297 5683 2472 5756 primo
2498 5696 2550 5740 et
2578 5685 2701 5758 Seg.
