3822 6226
347 322 456 379 595
882 320 940 375 S.
1001 317 1372 375 ATHANASII
1410 318 1559 375 OPP.
1602 317 1784 372 PARS
1819 316 1863 372 l.
1899 346 1965 355 —
1999 313 2376 370 HISTORICA
2429 312 2518 366 ΕΤ
2559 306 2978 369 DOGMATICA.
3003 257 3018 276 .
3493 304 3607 362 596

346 442 490 497 enim
518 439 762 498 Ecclesia
803 441 1027 497 fundata
1063 450 1167 507 est,
1198 457 1229 497 a
1266 458 1373 512 qua
1399 443 1444 496 si
1475 443 1598 512 quis
1626 441 1906 512 exciderit,

2033 437 2302 505 φύλαξαν.
2329 435 2417 487 Ἔν
2448 433 2618 503 ταύτῃ
2652 431 2762 502 γὰρ
2785 433 2818 501 ὴ
2857 425 3154 499 Ἐκκλησία
3184 423 3599 497 τεθεμελίωται,

346 537 393 590 is
412 550 513 590 nec
539 551 662 593 esse
689 550 788 591 nec
817 537 1050 605 amplius
1076 535 1183 590 dici
1205 534 1550 590 Christianus
1572 509 1922 589 ulla.ratione‘

2033 531 2116 585 καὶ
2147 533 2174 582 6
2196 529 2398 598 ταύτης
2429 525 2711 580 ἐκπίπτων
2742 522 2853 577 οὒτ’
2876 521 2943 575 ἂν
2997 520 3104 591 εἴη,
3149 517 3260 573 οὒτ’
3281 518 3391 590 (49)
3415 517 3482 573 ἂν
3517 518 3603 572 ἔτι

342 629 561 700 poterit.
599 629 782 698 Itaque
818 627 1060 683 Trinitas
1097 636 1287 684 sancta
1308 636 1364 684 et
1394 628 1632 698 perfecta
1665 636 1768 694 est,
1794 642 1916 697 qua:

2033 623 2224 691 ιὲγοιτο
2279 617 2622 690 Χριστιανός.
2671 614 2842 687 Τριὰς
2891 612 3069 666 τοίνυν
3097 610 3228 680 ἁγία
3279 609 3374 664 καὶ¹
3417 610 3604 664 τελεία

344 722 400 774 in
429 720 587 774 Patre
607 728 661 776 et
684 718 824 774 Filio
848 728 901 774 et
923 718 1133 790 Spiritu
1162 729 1353 776 sancto
1386 721 1718 791 agnoscitur,
1753 719 1916 774 nihil-

2033 717 2184 781 εστὶν,
2209 717 2264 767 ὲν
2297 712 2472 784 Πατρὶ
2495 713 2589 764 καὶ
2606 707 2722 779 Υίῷ
2748 708 2840 762 καὶ
2856 707 2995 778 ἁγίῳ
3019 703 3294 776 Πνεύματι
3319 703 3602 772 θεολογου-

341 828 449 884 que
484 813 721 868 alienum
747 812 830 866 vel
852 813 1192 870 extrinsecus
1214 813 1508 870 admistum
1538 813 1718 878 habet,
1741 827 1916 882 neque

2033 808 2177 878 ιένη,
2203 806 2355 859 οὐδὲν
2385 804 2667 874 ἀλλότριον
2698 802 2731 874 ἢ
2779 799 2975 868 ἔξωθεν
3027 796 3450 867 ἐπιμιγνύμενον
3486 795 3600 866 (45)

340 921 408 961 ex
460 912 707 960 creatore
751 914 805 961 et
858 921 918 961 re
968 916 1150 962 creata
1195 915 1430 972 constat,
1471 906 1565 962 sed
1614 914 1725 960 tota
1756 905 1911 978 541

2033 898 2235 969 ἔχουσα,
2253 896 2375 950 οὐδὲ
2401 897 2466 948 ὲκ
2495 891 2825 965 δημιουργοῦ
2848 890 2941 944 καὶ
2960 888 3184 960 γενητοῦ
3195 888 3599 978 συνισταμένη,

339 999 563 1055 creandi
594 1009 648 1055 et
671 999 936 1056 efficiendi
964 1000 1018 1054 vi
1044 999 1271 1071 praedita
1304 1008 1427 1055 est:
1463 1000 1566 1055 sibi
1597 972 1815 1070 quoque

2033 987 2130 1042 ὶλλ’
2163 988 2259 1057 ὅλη
2279 985 2372 1038 τοῦ
2400 986 2606 1049 κτίζειν
2648 982 2742 1036 καὶ
2790 982 3138 1054 δημιουργεῖν
3163 972 3314 1032 οὖσαι
3355 976 3518 1048 ὁμοία
3541 978 3603 1030 δὲ

339 1091 488 1147 milis
514 1100 568 1147 et
607 1091 888 1146 individua
932 1099 1017 1148 est
1065 1102 1282 1156 natura,
1315 1107 1530 1162 unaque
1553 1093 1672 1162 ejus
1695 1101 1778 1146 est
1807 1091 1918 1147 elli-

2033 1081 2181 1148 ὲαυτῇ
2210 1078 2303 1131 καὶ
2336 1075 2636 1147 ἀδιαίρετός
2669 1075 2785 1126 ἐστι
2815 1074 2880 1143 τῇ
2915 1072 3093 1140 φύσει,
3129 1070 3222 1123 καὶ
3263 1069 3361 1139 μία
3392 1065 3602 1137 ταύτης

340 1184 491 1239 cacia
522 1190 578 1238 et
607 1183 772 1240 actio.
814 1181 952 1238 Nam
999 1182 1160 1238 Pater
1206 1198 1302 1254 per
1350 1158 1596 1238 Verbum
1623 1187 1676 1238 in
1712 1183 1917 1253 Spiritu

2033 1173 2050 1242 ἡ
2080 1171 2346 1242 ἐνέργεια.
2380 1168 2440 1222 '0
2465 1167 2572 1239 γὰρ
2589 1165 2778 1236 Πατὴρ
2807 1162 2896 1216 διὰ
2919 1162 3011 1216 τοῦ
3037 1161 3211 1230 Λόγου
3236 1162 3292 1213 έν
3318 1158 3602 1229 Πνεύματι

341 1285 536 1332 ωηοιο
581 1275 766 1330 omnia
811 1273 960 1340 facit,
990 1290 1163 1345 eoque
1208 1275 1368 1330 modo
1401 1289 1604 1330 sanctae
1633 1275 1916 1331 Trinitatis

2033 1262 2155 1332 ιγίῳ
2181 1261 2249 1316 τὰ
2302 1261 2475 1314 πάντα
2502 1259 2663 1311 ποιεῖ·
2697 1256 2791 1310 κα)¹
2817 1255 2988 1318 οὔτως
3015 1256 3047 1324 ή
3082 1253 3269 1322 ἑνότης
3309 1251 3411 1322 τῆς
3435 1249 3601 1318 ἁγίας

342 1367 524 1422 unitas
551 1369 820 1424 seivatur.
848 1366 926 1422 Ita
958 1341 1099 1422 unus
1129 1367 1272 1422 Deus
1298 1368 1353 1421 in
1383 1366 1624 1423 Ecclesia
1657 1369 1918 1438 praedica-

2033 1353 2246 1426 Γριὰδος
2278 1350 2528 1416 σώζεται·
2555 1351 2646 1403 καὶ
2669 1347 2842 1411 οὕτως
2891 1341 2970 1411 εἷς
3003 1345 3134 1408 Θεὸς
3168 1346 3226 1398 ἐν
3256 1345 3323 1414 τῇ
3361 1341 3602 1413 Ἐκκλη-

341 1470 458 1528 tur,
480 1461 578 1530 qui
603 1467 689 1516 est
718 1478 737 1512 ι
773 1475 935 1529 super
961 1460 1167 1527 omnia,
1189 1468 1244 1516 et
1273 1476 1368 1530 per
1395 1461 1602 1524 omnia,
1633 1467 1688 1515 et
1715 1461 1771 1514 in
1801 1475 1918 1516 om-

2033 1443 2110 1515 n’qt
2138 1441 2486 1514 κηρύττεται,
2522 1458 2539 1491 ι
2573 1441 2602 1491 6
2624 1437 2714 1492 ἐπὶ
2742 1436 2979 1501 πάντων,
2999 1435 3093 1488 καὶ
3117 1433 3205 1488 διὰ
3229 1432 3470 1496 πάντων,
3502 1432 3603 1485 καὶ

343 1525 513 1606 nibus
529 1551 599 1609 3".
630 1572 648 1604 ι
710 1569 731 1603 ι
772 1525 949 1622 εει-ρει·
977 1525 1161 1605 omnia
1194 1570 1214 1604 ι
1269 1525 1490 1622 quidem
1540 1561 1600 1606 ut
1636 1550 1817 1616 Pater,
1858 1562 1920 1608 ut

2033 1538 2077 1590 ἐν
2101 1536 2316 1588 πᾶσιν.»
2357 1553 2375 1585 ι
2399 1533 2523 1586 Ἐπὶ
2549 1531 2765 1585 πάντων
2799 1549 2818 1580 ι
2847 1529 2943 1599 μὲν
2968 1528 3043 1591 ὡς
3064 1527 3278 1598 Πατὴρ,
3305 1526 3382 1589 ὡς
3429 1525 3601 1596 ἀρχὴ,

343 1645 671 1714 principium
699 1652 749 1700 et
782 1643 905 1698 fons
931 1662 943 1697 :
980 1663 1000 1695 ι
1035 1659 1132 1713 per
1163 1643 1345 1698 omnia
1368 1662 1388 1695 ι
1420 1659 1571 1711 vero,
1611 1659 1804 1714 nempe
1824 1659 1918 1714 per

2033 1629 2112 1680 tal
2145 1628 2313 1698 πηγή-
2349 1645 2367 1678 ι
2402 1625 2489 1679 διὰ
2523 1625 2738 1680 πάντων
2774 1644 2793 1676 ι
2853 1625 2912 1678 δὲ
2961 1625 3048 1678 διὰ
3095 1622 3189 1676 τοῦ
3243 1621 3437 1691 Λόγου·
3482 1639 3501 1671 ι
3541 1621 3606 1673 έν

350 1733 581 1789 Verbum
617 1754 631 1789 :
676 1752 695 1786 ι
726 1735 783 1790 in
828 1734 1084 1790 omnibus
1120 1755 1140 1787 ι
1171 1735 1424 1806 denique,
1458 1734 1514 1789 in
1556 1734 1760 1805 Spiritu
1788 1750 1918 1790 san-

343 1835 451 1882 eto.
489 1825 661 1882 Porro
703 1825 944 1882 Trinitas
971 1842 1081 1883 non
1118 1829 1340 1884 nomine
1372 1837 1532 1885 tenus
1563 1838 1620 1884 et
1653 1830 1766 1884 sola
1803 1845 1922 1884 ver-

344 1920 543 1974 borum
576 1919 757 1990 specie
785 1927 871 1976 est
897 1919 1159 1984 Trinitas,
1196 1921 1290 1976 sed
1312 1935 1439 1976 vere
1467 1930 1520 1975 et
1567 1921 1746 1991 reipsa
1774 1922 1920 1976 exsi-

345 2013 442 2068 stit
471 2012 728 2070 Trinitas.
759 2013 896 2069 Nam
930 2015 1092 2070 sicuti
1123 2029 1250 2070 vere
1275 2024 1361 2070 est
1401 2015 1582 2080 Pater,
1605 2016 1681 2070 ita
1713 2024 1766 2071 et
1793 2031 1922 2072 vere

343 2113 429 2159 est
458 2104 576 2173 ejus
607 2102 845 2160 Verbum
893 2105 1038 2175 quod
1092 2113 1148 2161 et
1194 2107 1374 2176 ipsum
1423 2122 1582 2176 super
1614 2107 1797 2162 omnia
1839 2115 1922 2162 est

345 2195 509 2250 Deus.
551 2195 664 2252 Nec
707 2197 836 2252 item
888 2196 1123 2266 Spiritus
1163 2206 1384 2253 sanctus
1409 2213 1520 2252 non
1555 2198 1790 2259 exsistit,
1825 2198 1920 2253 sed

344 2286 533 2356 utique
575 2303 702 2344 vere
748 2297 832 2344 est
865 2298 918 2344 et
951 2290 1186 2346 exsistit.
1233 2287 1344 2344 Nec
1377 2290 1464 2345 his
1502 2290 1684 2345 minus
1717 2290 1922 2360 aliquid

345 2379 516 2434 sentit
539 2379 808 2435 catholica
832 2379 1096 2444 Ecclesia,
1131 2396 1200 2436 ne
1235 2381 1524 2436 hodiernus
1554 2380 1772 2436 Judaeos
1799 2381 1923 2436 Cai-

344 2470 467 2539 phae
493 2469 639 2525 haud
660 2469 938 2525 absimiles
957 2479 1010 2524 et
1040 2469 1335 2525 Sabellium
1370 2479 1669 2540 sequatur;
1705 2485 1805 2524 nec
1839 2469 1923 2524 his
1958 2534 1960 2538 τ

346 2562 475 2616 item
498 2561 620 2630 plus
642 2561 846 2631 aliquid
868 2561 1319 2626 comminiscitur,
1346 2577 1414 2615 ne
1442 2561 1495 2614 in
1521 2560 1921 2615 multitudinem

346 2653 570 2708 deorum
592 2653 874 2724 gentilium
901 2653 1239 2709 devolvatur.
1264 2651 1369 2706 Sed
1388 2660 1448 2706 ut
1469 2653 1607 2707 lianc
1620 2667 1742 2708 esse
1761 2651 1922 2706 fidem

347 2745 610 2801 Ecclesiae
630 2745 953 2816 intelligant,
981 2759 1075 2799 eos
1096 2744 1306 2799 discere
1331 2759 1508 2814 operae
1547 2743 1782 2810 pretium
1816 2752 1922 2808 est,

348 2853 588 2908 quonam
629 2837 797 2892 modo
840 2836 1106 2892 Dominus
1138 2837 1364 2891 mittens
1393 2835 1692 2905 apostolos,
1729 2833 1919 2890 iisdem

348 2928 664 2998 praeceperit
691 2935 752 2982 ut
794 2927 939 2982 istud
975 2925 1389 2980 fundamentum
1423 2925 1477 2979 in
1514 2924 1750 2980 Ecclesia
1777 2924 1924 2994 jace-

348 3027 472 3075 rent
501 3038 515 3074 :
552 3038 570 3071 ¢
600 3018 826 3083 Euntes,
853 3018 1051 3088 inquit,
1073 3018 1265 3072 docete
1295 3032 1488 3072 omnes
1517 3025 1724 3087 gentes,
1750 3016 1923 3085 bapti-

2021 1723 2153 1775 πᾶσι
2185 1741 2204 1773 ι
2231 1722 2287 1774 δὲ
2316 1722 2374 1774 ὲν
2395 1719 2474 1791 τῷ
2504 1719 2780 1791 Πνεύματι
2807 1717 2886 1789 τῷ
2936 1716 3096 1787 ἁγίῳ.
3124 1714 3296 1787 Τριὰς
3340 1712 3398 1765 δέ
3449 1714 3604 1764 ἐστιν

2021 1815 2117 1884 οὐχ
2138 1815 2242 1876 ἓως
2267 1813 2526 1883 ὀνόματος
2557 1811 2718 1882 μόνον
2747 1810 2859 1881 (44)
2908 1809 3001 1863 καὶ
3049 1805 3344 1877 φαντασίας
3373 1803 3604 1871 λέξεως,

2021 1904 2158 1960 ἀλλὰ
2183 1903 2411 1978 ἀληθείᾳ
2440 1904 2534 1957 καὶ
2561 1903 2788 1975 ὑπάρξει
2815 1902 3006 1974 Τριὰς.
3057 1900 3265 1970 Ὥσπερ
3312 1897 3420 1967 γὰρ
3452 1897 3482 1950 6
3524 1895 3573 1949 ὦ

2021 2000 2170 2050 ἐστιν
2195 1997 2223 2048 6
2252 1995 2460 2067 Πατὴρ,
2487 1995 2659 2060 οὕτως
2683 1998 2711 2049 6
2736 1993 2810 2047 ὢν
2839 1995 2953 2046 ἐστι
2991 1992 3102 2062 (45)
3131 1990 3223 2044 καὶ
3265 1989 3357 2042 ἐπὶ
3379 1987 3599 2041 πάντωτ

2021 2088 2154 2150 Θεὸς
2181 2089 2210 2139 6
2234 2085 2424 2140 τούτου
2461 2085 2652 2155 Λόγος.
2703 2084 2813 2137 Καὶ
2855 2085 2917 2136 τὸ
2955 2082 3179 2152 Πνεῦμα
3210 2079 3270 2134 τὸ
3297 2079 3452 2147 ἅγιον
3500 2078 3606 2131 ούκ

2022 2179 2364 2251 ἀνύπαρκτόν
2390 2181 2558 2243 ἐστιν,
2593 2176 2970 2247 ἀλλ’,ύπάρχει
3015 2175 3109 2227 καὶ
3135 2173 3436 2242 ὑφέστηκεν
3464 2169 3605 2242 ἀλη-

2021 2271 2148 2336 θῶς.
2188 2272 2298 2325 Kal
2323 2271 2434 2340 (46)
2482 2268 2606 2322 οὔτε
2634 2269 2851 2322 ἔλαττον
2895 2267 3098 2320 τούτων
3150 2263 3396 2336 φρονεῖή
3439 2261 3608 2315 καθο-

2021 2363 2145 2433 λικὴ
2188 2361 2500 2432 Ἐκκλησία,
2535 2362 2621 2413 ἵνα
2655 2359 2729 2430 μὴ
2757 2361 2836 2423 είς
2888 2359 3011 2421 τοὺς
3034 2356 3130 2410 νῦν
3167 2355 3309 2410 κατὰ
3340 2353 3611 2423 Καϊάφαν

2034 2453 2316 2516 Ἰουδαίους
2337 2454 2429 2506 καὶ
2453 2455 2532 2516 είς
2563 2450 2846 2505 Σαϐέλλιον
2884 2449 3098 2521 ἐμπέσῃ
3116 2448 3247 2518 (47)·
3272 2445 3394 2499 οὔτε
3417 2446 3606 2498 πλεῖον

2022 2546 2248 2610 ἐπινοεῖ,
2281 2544 2368 2596 ἵνα
2399 2543 2472 2614 μὴ
2526 2543 2604 2606 εἰς
2643 2541 2740 2613 τὴν
2792 2540 3058 2611 Ἑλλήνων
3107 2537 3472 2607 πολυθεότητα
3504 2555 3607 2590 κυ-

2022 2637 2198 2708 λισθῇ.
2229 2636 2339 2689 Kal
2370 2636 2450 2688 ὅτι
2477 2634 2617 2704 αῦτη
2661 2635 2694 2705 ἡ
2725 2633 2908 2694 πίστις
2951 2633 3049 2702 τῆς
3092 2631 3416 2699 Ἐκκλησίας
3458 2630 3602 2693 ἐστὶ,

2026 2728 2341 2800 μαθέτωσαν
2367 2727 2482 2790 πῶς
2510 2728 2538 2779 6
2575 2727 2671 2798 μὲν
2711 2727 2914 2797 Κύριος
2955 2723 3294 2777 ἀποστέλλων
3317 2723 3442 2784 τοὺς
3466 2722 3606 2776 ἀπο-

2025 2820 2241 2882 στόλους
2271 2817 2602 2889 παρήγγειλε
2631 2815 2815 2870 τοῦτον
2865 2814 3111 2886 θεμέλιον
3138 2812 3341 2865 τιθέναι
3369 2813 3435 2881 τῇ
3478 2809 3607 2862 Ἐκ-

2025 2911 2221 2982 κλησίᾳ
2241 2910 2437 2978 λέγων·
2475 2926 2494 2959 ι
2532 2907 2889 2978 Πορευθέντες
2931 2903 3301 2975 μαθητεύσατε
3321 2901 3501 2954 πάντα
3533 2902 3607 2954 τὰ

2025 3001 2173 3073 ἔθνη,
2215 3000 2562 3071 βαπτίζοντες
2595 2998 2788 3060 αὐτοὺς
2813 2998 2892 3060 είς
2937 2995 2999 3048 τὸ
3027 2994 3134 3064 (48)
3158 2995 3325 3064 ὄνομα
3366 2991 3461 3045 τοῦ
3488 2993 3605 3045 lla-

351 3118 538 3165 zantes
562 3123 658 3164 eos
689 3107 745 3162 in
781 3082 1000 3162 nomine
1033 3082 1209 3162 Patris
1233 3116 1286 3161 et
1307 3105 1430 3160 Filii
1461 3082 1778 3175 et'Spiritus
1805 3082 1922 3160 san-

2033 3093 2148 3164 τρὸς
2166 3093 2258 3145 καὶ
2283 3090 2377 3144 τοῦ
2415 3091 2544 3144 Υίοῦ
2576 3090 2668 3143 καὶ
2699 3087 2792 3141 τοῦ
2841 3087 2996 3157 ἁγίου
3025 3085 3357 3154 Πνεύματος.
3391 3103 3410 3135 ι
3447 3084 3512 3135 Οί
3545 3082 3605 3135 δὲ

349 3203 424 3257 cti
447 3202 516 3256 ⁸³.
551 3221 570 3254 ι
600 3199 836 3257 Profecti
879 3214 1011 3255 vero
1049 3200 1300 3269 apostoli,
1329 3199 1402 3252 ita
1455 3201 1572 3253 sine
1612 3197 1780 3252 dubio
1826 3197 1924 3252 do-

348 3299 601 3358 cuerunt,
635 3298 800 3361 atque
842 3291 958 3346 haec
1004 3291 1120 3360 ipsa
1164 3290 1476 3360 praedicatio
1510 3290 1565 3344 in
1611 3289 1921 3345 universam

351 3384 646 3441 Ecclesiam
675 3398 798 3452 qua:
831 3382 934 3438 sub
961 3383 1100 3439 cmlo
1128 3389 1231 3444 est,
1256 3381 1616 3451 permanavit.

419 3472 510 3528 ‘29.
555 3472 690 3527 Cum
723 3472 886 3541 igitur
934 3471 1078 3529 istud
1122 3469 1242 3524 ﬁdei
1277 3469 1688 3526 fundamentum
1733 3472 1926 3527 habeat

349 3565 614 3631 Ecclesia,
640 3565 796 3620 nobis
819 3565 1016 3620 iterum
1046 3563 1124 3619 illi
1153 3564 1478 3636 respondere
1500 3581 1568 3621 ne
1593 3577 1885 3637 graventur
1909 3585 1922 3621 :

351 3659 661 3715 Trinitasne
692 3667 796 3726 est,
819 3674 886 3713 an
914 3658 1180 3714 dualitas?
1209 3659 1266 3714 Si
1297 3659 1530 3716 dualitas
1563 3667 1648 3714 est
1676 3679 1690 3715 :
1722 3676 1815 3730 per
1841 3677 1926 3716 me

350 3751 498 3818 licet,
532 3751 792 3822 Spiritum
824 3752 987 3808 rebus
1013 3753 1214 3809 creatis
1235 3753 1529 3824 adiungite.
1554 3753 1624 3816 At
1648 3753 1692 3808 si
1720 3754 1792 3807 ita
1819 3761 1924 3816 est,

350 3843 486 3898 ﬁdes
527 3850 706 3896 vestra
743 3843 859 3913 jam
905 3858 1012 3897 non
1064 3851 1147 3898 est
1198 3843 1251 3897 in
1291 3844 1456 3899 Deum
1507 3859 1696 3906 unum,
1731 3845 1822 3913 qui
1855 3845 1927 3900 sit

357 3956 377 3987 ‹
408 3953 571 4008 super
598 3937 802 4002 omnia,
830 3953 927 4007 per
954 3938 1138 3993 omnia
1161 3945 1216 3992 et
1234 3937 1286 3991 in
1311 3936 1586 3993 omnibus.
1608 3954 1627 3987 ι
1657 3936 1763 3990 Nec
1778 3935 1924 3990 enim

357 4050 376 4081 ε
412 4031 465 4085 in
519 4031 772 4087 omnibus
801 4049 820 4082 ι
869 4031 1156 4094 habebitis,
1192 4031 1238 4085 si
1283 4017 1542 4100 Spiritum
1582 4046 1612 4084 a
1644 4029 1926 4086 divinitate

351 4123 616 4193 separetis
650 4131 705 4179 et
727 4123 796 4177 ab
824 4140 885 4179 ea
917 4123 1156 4178 alienum
1191 4121 1425 4180 faciatis.
1453 4120 1644 4177 Vestra
1668 4121 1794 4176 item
1821 4120 1925 4176 ini~

353 4215 530 4280 tiatio,
560 4229 724 4283 quam
778 4229 1035 4286 peragere
1075 4215 1437 4279 arbitramini,
1478 4214 1525 4270 si
1567 4214 1641 4268 ita
1689 4214 1922 4279 sentitis,

355 4320 466 4357 non
496 4312 609 4360 tota
637 4313 692 4359 et
717 4304 923 4374 integra
949 4305 1038 4360 fiet
1061 4305 1116 4358 in
1143 4304 1444 4360 divinitatis
1474 4318 1670 4358 nomen
1694 4303 1924 4372 :quippe

353 4409 482 4456 cum
505 4409 619 4448 rem
641 4402 881 4451 creatam
913 4394 1017 4465 ipsi
1048 4395 1414 4461 admisceatis,
1450 4403 1503 4450 et
1533 4394 1699 4449 veluti
1737 4392 1919 4448 Ariani

425 4568 472 4600 "
508 4567 706 4639 Ephes.
744 4585 818 4634 iv,
848 4569 900 4623 6.
974 4570 1019 4601 ⁸⁸
1060 4568 1246 4624 Matth.
1278 4585 1465 4634 xxvni,
1504 4570 1586 4625 l9.

428 4723 540 4804 (ρῖ)
583 4721 674 4778 Sic
699 4721 903 4794 Regius
927 4725 1137 4794 primus
1165 4735 1220 4781 et
1244 4725 1367 4796 Seg.
1395 4725 1588 4782 Caeteri
1615 4694 1818 4780 etlediti
1846 4725 1924 4779 ἔτι

354 4802 783 4936 οηξῖιὲῗηέἐείυε
830 4866 1104 4922 secundus
1149 4873 1202 4922 et
1249 4864 1526 4931 Ottobon.,
1556 4866 1924 4936 ἐπισυνηγμέ-

352 4953 541 5080 νοὶξίιιι)
586 5003 678 5080 Sic
711 5005 844 5080 Reg.
875 5006 902 5060 1
931 5018 986 5061 et
1011 5007 1066 5072 2,
1101 5005 1225 5080 Spg.
1259 5006 1611 5080 Basil._Gobl_.
1645 5015 1698 5061 et
1740 5006 1920 5080 Felck.

353 5077 790 5148 primus,_Basil.
832 5087 1012 5131 tamen
1049 5085 1104 5131 et
1127 5077 1251 5148 Seg.
1296 5077 1498 5132 habent
1530 5078 1713 5147 μόνου.
1744 5077 1848 5130 Alii
1873 5087 1925 5131 et

353 5146 722 5219 cdi_t_i__hal_ient
753 5156 808 5202 et
845 5147 1006 5218 μόνου
1029 5155 1084 5201 et
1110 5146 1394 5219 φαντασίᾳ.

429 5217 545 5287 (45)
588 5216 691 5288 δίο,
707 5216 908 5286 Regius
925 5219 1134 5287 primus
1157 5231 1210 5273 et
1233 5216 1360 5288 Seg.
1382 5218 1472 5287 qui
1503 5217 1631 5272 ibid.
1658 5218 1685 5268 6
1707 5227 1832 5272 ante
1851 5216 1924 5270 ὧν

359 5289 638 5373 omittunt.
665 5287 897 5373 Abnaliis
924 5297 979 5343 et
1011 5289 1170 5370 editis
1196 5287 1499 5373 καςῖιιικξε(ζ
1569 5357 1580 5368 ο

430 5356 542 5480 (46)
585 5355 677 5412 Sic
701 5356 934 5440 .Regius
969 5359 1221 5441 “primus,
1277 5358 1399 5442 Seg.
1459 5357 1623 5439 Basil.
1666 5357 1821 5411 Gobl.
1849 5366 1924 5438 _et

357 5426 432 5481 Fc
455 5427 596 5483 ckm.
633 5443 863 5496 primus.
898 5429 1004 5485 Alii
1035 5445 1158 5483 cum
1189 5431 1345 5485 editis
1374 5429 1468 5482 καί
1498 5426 1920 5482 omittunt.lbia.

358 5495 494 5566 Reg.
529 5499 578 5575 l_
607 5495 683 5575 et_
709 5498 766 5562 2,
800 5497 925 5570 Seg.
965 5500 1120 5554 Gobl.
1155 5499 1474 5575 et_Felckm.
1508 5499 1533 5551 l
1572 5499 1771 5575 habent
1797 5497 1926 5575 τού--

358 5565 488 5621 των.
539 5565 1109 5634 Οιιοὶιοηιιεξτούτου.
1148 5573 1250 5625 Alii
1289 5586 1415 5625 vero
1465 5578 1518 5623 et
1563 5569 1691 5623 editi
1725 5569 1924 5623 habent

357 5655 430 5690 τι.

432 5705 543 5778 (i7)
586 5705 676 5762 Sic
710 5706 907 5781 Regius
934 5711 1162 5781 primus,
1199 5711 1319 5783 ch.
1357 5710 1521 5767 Basil.
1547 5711 1923 5768 Gobleriau.et

2026 3181 2331 3246 ἀπόστολοι,
2367 3181 2735 3253 πορευθέντες,
2773 3180 2942 3242 οὕτως
2986 3176 3249 3240 ὲδίδαξαψ
3301 3175 3396 3228 καὶ
3442 3172 3606 3226 τοῦτό

2027 3277 2170 3328 ἐστιν
2236 3277 2314 3339 είς
2372 3277 2550 3328 πᾶσαν
2609 3273 2706 3343 τὴν
2756 3273 2846 3326 ὑπ’
2883 3271 3108 3340 οὐρανὸν
3165 3266 3489 3339 Ἐκκλησίαν
3542 3265 3606 3319 τὸ

2027 3367 2308 3437 κήρυγμα·

2094 3458 2183 3512 29.
2217 3456 2422 3510 Οὐκοῦν
2454 3455 2640 3508 τοῦτον
2703 3454 2936 3526 ἐχούσης
2991 3452 3089 3524 τῆς
3131 3448 3454 3520 Ἐκκλησίας
3508 3449 3604 3501 τὸν

2027 3545 2273 3614 θεμέλιον
2297 3546 2393 3616 τῆς
2416 3544 2670 3608 πίστεως,
2701 3544 3008 3596 εἰπάτωσαν
3050 3541 3210 3594 πάλιν
3241 3541 3372 3612 ἡμῖν
3402 3541 3602 3591 ἐκεῖνοι

2027 3635 2648 3708 καὶάποκρινόισθωσαν·
2697 3633 2868 3704 Τριάς
2921 3632 3153 3702 ὲστιν,ἣ
3210 3630 3368 3693 δυάς;
3398 3629 3462 3680 Ei
3501 3629 3605 3698 μὲν

2024 3725 2117 3782 οῦν
2146 3729 2275 3792 δυάς
2308 3731 2445 3792 ἐστι,
2479 3726 2911 3798 συναριθμεῖσθω
2969 3725 3099 3795 παρ’
3131 3722 3282 3793 ὑμῶν
3327 3721 3437 3789 (49)
3483 3723 3605 3783 τοῖς

2027 3821 2284 3890 κτίσμασι
2304 3820 2362 3873 τὸ
2385 3818 2628 3890 Πνεῦμα.
2665 3819 2778 3871 υύκ
2813 3817 2928 3870 ἔστι
2965 3817 3061 3887 μὲν
3093 3815 3152 3867 τὸ
3182 3811 3419 3866 τοιοῦτον
3443 3812 3603 3882 ὑμῶν

2026 3914 2279 3985 φρόνημα
2309 3915 2386 3974 εἰς
2408 3911 2504 3965 ἕνα
2525 3911 2680 3974 Θεὸν,
2709 3910 2800 3963 τὸν
2843 3927 2861 3960 ι
2896 3908 2988 3961 ἐπὶ
3019 3907 3287 3968 πάντων,ι
3325 3903 3421 3957 καὶ
3459 3923 3476 3955 ι
3497 3903 3603 3985 gis

2026 4008 2294 4070 πάντων,›
2323 4004 2416 4058 καὶ
2446 4023 2465 4055 ι
2499 4006 2556 4057 ὲν
2585 4005 2770 4057 πᾶσι.»
2809 4001 2882 4054 Τὸ
2905 4000 3032 4072 γὰρ,
3078 4017 3097 4050 ι
3138 4000 3194 4050 έν
3241 3998 3461 4057 ariam,»
3496 3971 3602 4048 ῦύκ

2026 4097 2195 4167 ἔχετε,
2228 4095 2560 4167 διαιροῦντες
2591 4096 2684 4148 κα)¹
2741 4092 3126 4159 ἀποξενοῦντες
3341 4086 3449 4142 ἀπὸ
3499 4088 3601 4157 τῆς

2027 4188 2276 4259 θεότητος
2313 4188 2372 4241 τὸ
2391 4186 2633 4257 Πνεῦμα’
2676 4187 2771 4239 καὶ
2805 4187 2837 4255 ἡ
2891 4183 3168 4245 τελείωσις
3216 4182 3274 4234 δὲ
3322 4178 3494 4249 ὑμῶν,
3531 4179 3604 4249 ἣν

2023 4278 2270 4349 νομίζετε
2305 4281 2496 4342 ποιεῖν,
2527 4277 2669 4330 οῦτω
2696 4273 3036 4346 φρονοῦντες,
3071 4273 3170 4325 οὐκ
3192 4271 3337 4325 ἔστιν
3371 4268 3600 4340 ὁλόκλη-

2029 4388 2120 4444 ρος
2151 4374 2228 4438 είς
2283 4370 2512 4442 θεότητα
2567 4369 2843 4440 γινομένη.
2885 4366 3262 4438 Ἐπιμίγνυται
3319 4362 3426 4432 γὰρ
3463 4361 3599 4416 ταύ-

2030 4732 2263 4815 Felcl-im.
2302 4731 2528 4814 primus,
2560 4731 2651 4799 qui
2703 4729 2864 4813 iidem
2917 4729 3057 4784 infra
3105 4729 3306 4784 habent
3344 4729 3596 4852 κυλισθέ.

2030 4802 2167 4852 Ediii
2193 4812 2247 4852 et
2274 4803 2384 4852 alii.
2416 4801 2707 4852 πεοιπέση.
2735 4813 2787 4852 et
2809 4799 2969 4852 infra.
2988 4799 3439 4852 κατακυλισθαιτι.
3457 4798 3532 4852 lbi
3582 4841 3596 4852 .

2027 4802 2168 4873 Editi
2193 4812 2247 4857 et
2274 4803 2384 4866 alii,
2416 4798 2707 4873 περιπέσῃ,
2735 4799 2969 4873 et_ii_ifra,
2988 4799 3439 4873 κατακυλισθαιῇ,

2029 4871 2230 4942 Regius
2259 4874 2468 4939 primus
2491 4869 2550 4925 'et
2593 4869 2722 4942 Se'g.
2750 4870 2911 4923 πλέον
2949 4870 3313 4942 habentzalii
3348 4869 3412 4923 et
3437 4869 3600 4942 editi,

2027 4939 2226 4995 πλεῖον.
2266 4942 2465 5012 Regius
2523 4939 2797 4997 secundus
2844 4955 2942 5010 pro
2999 4939 3385 5009 πολυθεότητα,
3437 4939 3602 4994 habet

2027 5012 2333 5064 πολυθεῒαν.

2027 5030 2333 5066 πολυυειαν.

2098 5082 2210 5152 (48)
2251 5082 2525 5137 Articulos
2571 5081 2632 5134 τό
2679 5089 2732 5136 et
2776 5079 2871 5137 τοῦ
2911 5089 2992 5135 ter
3017 5087 3306 5150 sequentes
3339 5079 3603 5134 omittunt

2026 5151 2232 5217 Regius
2259 5163 2312 5206 et
2341 5153 2464 5222 Seg.

2099 5222 2234 5294 (49X
2253 5219 2442 5283 Basili,
2476 5224 2602 5294 παρ’
2652 5223 2799 5294 ύμῖν).
2837 5219 2961 5274 Mox
2989 5221 3132 5294 idem
3161 5229 3215 5294 et
3235 5220 3450 5294 ARegius
3481 5221 3603 5288 pri—

2027 5289 2170 5356 mus,
2192 5289 2325 5360 'Seg.
2357 5293 2512 5347 Gobl.
2558 5289 2612 5346 et
2650 5289 2889 5347 Felckm.
2921 5291 3130 5361 primus
3162 5289 3364 5344 habent
3389 5289 3452 5361 τὸ
3483 5306 3606 5361 tor—

2026 5361 2181 5433 οῦτον
2232 5359 2405 5433 ὑμῶν,
2435 5376 2540 5417 etc.
2591 5362 2696 5416 Alii
2748 5359 2935 5416 autem
2972 5370 3026 5416 et
3068 5361 3322 5433 εόίίίςτοι
3363 5359 3510 5412 οὕτω
3545 5359 3608 5413 τὸ

2029 5432 2203 5502 ὑμῶν.
2233 5431 2334 5504 (διο.
2366 5433 2566 5503 Regius
2604 5433 2659 5494 9.
2697 5433 2963 5504 ὑμέτερον
2997 5447 3097 5504 pro
3131 5431 3308 5504 Αὑμῷν.

2099 5504 2212 5572 (50)
2254 5501 2342 5558 Sic
2369 5499 2573 5572 Regius
2607 5499 2836 5572 primus.
2864 5499 3186 5572 Seg.’Basil.
3214 5499 3530 5572 Gobleriap.
3551 5507 3610 5554 et

2027 5568 2267 5628 Felckm.
2297 5568 2523 5640 primus.
2554 5568 2622 5626 At
2647 5573 2736 5628 alii
2755 5583 2809 5629 et
2833 5568 2986 5634 editi,
3014 5571 3440 5636 ἁποξενίζοντες.
3463 5568 3607 5640 Pau—

2027 5643 2081 5718 lo
2112 5653 2238 5718 post
2281 5638 2440 5701 iidem
2475 5645 2761 5718 ὁλόκληρος
2798 5643 2994 5698 habent
3031 5662 3043 5698 :
3075 5643 3166 5698 alii
3194 5651 3247 5697 et
3276 5641 3424 5704 editi,
3475 5638 3601 5692 ὁλο-

2029 5715 2261 5786 κλήρως.
