3822 6226
259 285 368 343 597

1377 281 1715 338 EPISTOLA
1747 277 1895 348 lg'AD
1935 276 2391 334 SERAPIONEM.

3385 271 3492 330 598

249 420 327 478 τῃ
357 401 466 475 (51)
523 399 747 472 κτίσμα⁹
801 401 898 455 καὶ
945 401 1240 470 θεολογεῖτε
1292 403 1384 457 καὶ
1447 403 1623 474 ὑμεῖς,
1658 403 1733 466 ὡς
1773 404 1822 454 οἱ

1938 418 1988 460 ιο
2013 380 2257 474 gentiles,
2283 417 2398 458 rem
2420 410 2654 457 creatam
2689 414 2795 454 uua
2821 413 2946 455 cum
2974 396 3108 462 Deo,
3127 397 3221 466 qui
3253 409 3374 452 eam
3395 411 3490 465 per

267 494 540 568 Ἀρειανοὶ
568 494 664 548 καὶ
693 493 971 564 Ἕλληνες,
1033 493 1131 566 τὴν
1163 496 1338 550 κτίσιν
1393 497 1528 569 μετά
1578 495 1670 550 τοῦ
1709 494 1824 549 κτί-

257 603 452 650 σαντος
479 585 650 656 αὐτὴν
674 584 808 638 Θεοῦ
833 585 920 638 διὰ
947 585 1040 640 τοῦ
1069 586 1198 640 ἰδίου
1224 586 1417 655 Λόγου.
1441 585 1597 640 Οὕτω
1624 586 1680 640 δὲ
1711 586 1826 640 δια-

252 677 521 748 κείμενοι,
557 677 714 740 ποίας
754 676 964 741 ἐλπίδος
997 677 1151 742 ὲστέ;
1188 679 1260 730 Ἢ
1294 676 1376 742 τίς
1410 679 1552 748 ὑμᾶς
1605 677 1827 747 συνάψει

252 767 338 839 τῷ
371 767 489 839 Θεῷ
509 767 734 839 (52),μὴ
756 767 977 838 ἔχοντας
1008 768 1070 820 τὸ
1103 768 1327 839 Πνεῦμα
1359 769 1523 822 αὐτοῦ
1555 769 1649 822 τοῦ
1669 769 1824 833 Θεοῦ,

254 861 394 916 ἀλλά
425 861 486 914 τὸ
536 861 638 931 τῆς
684 860 943 924 κτίσεως;
999 859 1132 912 Ποία
1195 859 1253 912 δὲ
1309 858 1460 929 ὑμῶν
1511 859 1687 929 τόλμα
1736 860 1828 911 καὶ

253 950 579 1022 ἀπροσεξία,
611 952 693 1004 ὃτι
719 951 810 1004 τὸν
838 951 1057 1021 Πατέρα
1089 951 1182 1005 καὶ
1219 950 1310 1002 τὸν
1340 949 1528 1003 τούτου
1551 951 1720 1017 Λόγον
1750 950 1830 1012 είς

252 1043 327 1095 τὰ
357 1043 633 1112 κτίσματα
671 1043 935 1110 κατάγετε
991 1042 1126 1112 (55),
1177 1042 1271 1096 καὶ
1319 1041 1478 1096 πάλιν
1511 1041 1571 1094 τὸ
1625 1041 1830 1110 κτίσμα

245 1131 600 1196 ,συνεξισοῦτε
631 1131 711 1202 τῷ
733 1132 852 1202 Θεῷ
876 1148 891 1196 ;
923 1131 1093 1185 Τοῦτο
1121 1132 1232 1203 γὰρ
1257 1133 1458 1184 ποιεῖτε
1491 1129 1828 1201 φανταζόμε-

253 1241 338 1277 νοι
363 1225 492 1294 περὶ
517 1221 611 1276 τοῦ
668 1222 982 1294 Πνεύματος
1009 1222 1083 1286 ὡς
1114 1223 1428 1293 κτίσματος,
1483 1221 1574 1278 καὶ¹
1606 1221 1830 1273 συντάσσ-

255 1332 445 1378 σοντες
469 1313 598 1368 αὐτὸ
625 1315 705 1376 είς
727 1313 949 1385 Τριάδα.
973 1313 1036 1366 Τί
1069 1314 1126 1368 δὲ
1157 1315 1250 1368 καὶ
1273 1315 1334 1367 τὸ
1360 1312 1620 1384 μανιῶδες
1654 1311 1826 1383 ὑμῶν,

252 1391 399 1458 ὥστε
426 1406 639 1475 φρονεῖν
666 1404 879 1458 ἀδικίαν
909 1403 1052 1458 κατά
1093 1403 1187 1457 τοῦ
1217 1403 1375 1466 Θεοῦ,
1411 1404 1492 1457 ὅτι
1535 1404 1608 1475 μὴ
1631 1405 1830 1468 πάντες

255 1497 502 1566 ἄγγελοι,
535 1497 568 1568 ἢ
598 1497 779 1551 πάντα
810 1496 878 1550 τὰ
910 1497 1206 1568 κτίσματα,
1261 1495 1375 1550 ἀλλ’
1408 1490 1488 1558 εἷς
1536 1497 1601 1548 ὲκ
1627 1495 1827 1551 τούτων

253 1588 668 1661 συναριθμεῖται
696 1587 772 1659 τῷ
794 1588 910 1659 Θεῷ
932 1588 1026 1642 καὶ
1053 1587 1129 1659 τῷ
1151 1589 1306 1658 Λόγῳ
1333 1587 1524 1652 αὐτοῦ;
1551 1587 1693 1640 Ἔδει
1721 1587 1829 1658 γὰρ

1927 495 2205 566 proprium
2233 493 2464 550 Verbum
2494 493 2718 556 creavit,
2749 489 3110 561 conjungatis.
3147 488 3278 554 Quae
3310 497 3489 543 autem

1924 587 2080 643 vobis
2112 587 2186 642 ita
2216 587 2573 642 sentientibus
2595 601 2718 656 spes
2743 599 2864 640 esse
2893 583 3102 654 possit?
3131 581 3230 637 Vel
3254 581 3378 652 quis
3395 596 3500 636 vos-

1927 695 2052 735 cum
2085 678 2194 735 Deo
2235 679 2543 749 conjunget,
2585 679 2680 748 qui
2727 691 2839 732 non
2893 675 3066 746 ipsius
3118 674 3237 743 Dei,
3266 674 3362 730 sed
3414 675 3494 729 rei

1927 779 2118 826 creata:
2143 771 2393 840 spiritum
2426 769 2671 825 habetis‘?
2691 768 2823 836 Quae
2853 768 3066 825 tandem
3091 775 3273 822 vestra
3302 772 3388 821 est
3415 773 3495 820 te-

1927 862 2149 920 meritas
2174 871 2229 918 et
2251 862 2727 928 inconsiderantia,
2753 862 2846 931 qui
2873 860 3090 916 Patrem
3121 867 3176 914 et
3206 859 3325 929 ejus
3354 857 3492 912 Ver—

1926 955 2055 1010 bum
2103 954 2172 1010 ad
2216 969 2304 1010 res
2348 968 2522 1024 usque
2574 963 2784 1010 creatas
2823 953 3146 1023 deprimitis,
3190 965 3497 1019 rursusque

1927 1059 2039 1100 rem
2065 1055 2300 1100 creatam
2330 1043 2439 1100 Deo
2457 1045 2788 1114 exaequatis?
2811 1043 2867 1100 ld
2883 1043 3147 1115 siquidem
3163 1044 3345 1113 agitis,
3368 1057 3494 1124 cum

1927 1135 1994 1190 de
2025 1134 2231 1205 Spiritu
2271 1151 2378 1190 non
2423 1151 2580 1191 secus
2631 1151 2694 1190 ac
2742 1136 2809 1191 de
2839 1150 2901 1191 re
2933 1144 3114 1191 creata
3141 1135 3412 1206 cogitatis,
3441 1143 3497 1189 et

1926 1225 2078 1281 illum
2111 1225 2468 1281 nihilominus
2512 1226 2568 1280 in
2613 1224 2877 1282 Trinitate
2907 1225 3173 1281 collocare
3198 1221 3303 1280 non
3339 1239 3494 1280 vere-

1927 1315 2082 1370 mini.
2107 1313 2240 1382 Quis
2268 1323 2450 1370 tantus
2472 1314 2563 1370 ille
2591 1323 2770 1371 vester
2800 1314 2975 1381 furor,
3002 1323 3060 1369 ut
3086 1322 3194 1368 tam
3219 1313 3404 1383 iniqua
3427 1315 3494 1370 de

1928 1405 2038 1462 Deo
2059 1405 2326 1470 sentiatis,
2357 1407 2453 1477 qui
2475 1406 2680 1463 scilicet
2707 1421 2816 1463 non
2843 1421 3034 1464 omnes
3053 1422 3142 1464 res
3167 1420 3380 1464 creatas
3403 1409 3492 1462 vel

1929 1515 2118 1556 omnes
2165 1501 2406 1571 angelos,
2449 1501 2542 1556 sed
2589 1516 2758 1556 unum
2800 1501 3070 1557 duntaxat
3107 1516 3175 1558 ex
3221 1500 3351 1568 illis,
3384 1499 3496 1556 Deo

1930 1591 2157 1661 ejusque
2187 1589 2364 1648 Verbo
2392 1592 2793 1649 annumeretis?
2831 1591 3126 1663 Postquam
3155 1591 3300 1648 enim
3328 1591 3496 1647 semel

256 1680 384 1734 καθ’
415 1681 577 1751 ὑμᾶς,
603 1680 746 1747 ἅπαξ
776 1680 1007 1748 ἀγγέλου
1053 1680 1148 1734 καὶ
1206 1679 1500 1749 κτίσματος
1537 1677 1686 1742 ὄντος
1732 1677 1827 1732 τοῦ

1938 1680 2191 1752 Spiritum
2224 1698 2339 1738 rem
2373 1694 2609 1739 creatam
2629 1699 2750 1740 esse
2770 1685 3082 1751 censuistis,
3113 1684 3273 1754 eique
3308 1683 3494 1738 locum

256 1750 596 1841 Πνεύματος,
638 1771 732 1824 καὶ
778 1771 1204 1840 συντασσομένου
1237 1770 1318 1832 εἰς
1345 1769 1570 1840 Τριάδα,
1605 1769 1679 1840 μὴ
1709 1769 1825 1834 ἕνα,

1938 1774 1986 1828 in
2017 1772 2279 1830 Trinitate
2303 1775 2644 1846 assignastis,
2673 1789 2784 1830 non
2811 1791 2979 1832 unum
3007 1782 3154 1831 certe
3183 1774 3277 1830 sed
3307 1788 3497 1828 omnes

255 1859 398 1914 ἀλλά
429 1861 522 1914 καὶ
547 1860 655 1931 (54)
705 1861 910 1925 πάντας
934 1861 1057 1925 τοὺς
1077 1860 1389 1924 κτισθέντας
1413 1859 1675 1930 ἀγγέλους
1707 1877 1830 1914 συν-

256 1952 555 2006 τάσσεσθαι
577 1952 766 2026 ταύτῃ·
803 1953 897 2006 καὶ
934 1952 1129 2024 μηκέτι
1183 1952 1407 2025 Τριάδα,
1438 1951 1574 2004 ἀλλά
1622 1950 1829 2021 πληθύν

256 2062 384 2099 τινα
410 2043 658 2115 θεότητος
692 2045 1058 2116 ἀναρίθμητον
1082 2039 1243 2100 εἶναι’
1276 2045 1361 2099 ἵνα
1391 2046 1483 2098 καὶ
1512 2045 1546 2116 ἡ
1580 2046 1636 2098 έν
1659 2044 1832 2115 τούτῳ

257 2136 426 2190 πάλιν
449 2135 680 2189 δοκοῦσα
705 2136 984 2201 τελείωσις
1005 2137 1160 2208 ὑμῶν
1185 2137 1449 2206 γίνεσθαι,
1485 2137 1829 2210 διαιρουμένη

257 2220 365 2282 ὧδε
399 2229 641 2294 κάκεῖσε,
669 2228 926 2292 ἀϐέϐαιος
957 2231 1023 2300 τῇ
1057 2229 1299 2302 ποικιλίᾳ
1327 2231 1568 2302 γένηται.
1600 2231 1834 2284 Τοιαῦτα

258 2319 371 2390 γὰρ
396 2320 464 2374 τά
487 2320 616 2391 τέλη
649 2319 803 2391 ὑμῶν
827 2338 887 2374 τε
917 2319 1029 2392 (55)
1076 2320 1170 2373 καὶ
1225 2321 1330 2375 τῶν
1371 2321 1662 2393 Ἀρειανῶν
1690 2321 1833 2390 λογι-

257 2409 505 2480 ζομένων
533 2408 675 2463 κατά
703 2410 802 2481 τῆς
827 2409 1099 2480 θεότητος,
1125 2411 1220 2462 καὶ
1245 2412 1310 2480 τῇ
1348 2410 1522 2463 κτίσει
1546 2409 1834 2482 λατρευόν-

259 2518 374 2555 των
397 2502 546 2572 παρά
565 2503 654 2556 τὸν
681 2501 945 2557 κτίσαντα
961 2500 1032 2555 τὰ
1059 2503 1236 2555 πάντα
1261 2501 1414 2556 Θεόν.

338 2674 424 2731 30.
455 2673 692 2729 Τοιαῦτα
722 2675 820 2746 μὲν
837 2668 929 2729 οῦν
962 2675 1091 2746 ὑμῖν
1113 2674 1224 2748 (56)
1255 2674 1429 2728 ἄτοπα
1453 2675 1516 2727 ὲκ
1543 2672 1637 2727 τοῦ
1669 2675 1834 2728 δυάδα

259 2768 443 2837 λέγειν
473 2769 707 2839 ἀπαντᾷ.
740 2769 804 2821 Εἰ
859 2768 915 2821 δὲ
967 2768 1138 2840 Τριάς
1173 2770 1341 2833 ἐστιν,
1379 2767 1568 2839 ὥσπερ
1622 2764 1714 2822 οῦν
1742 2769 1836 2821 καὶ

258 2861 402 2926 ἐστι,
429 2860 694 2914 δέδεικται
725 2860 782 2913 δὲ
822 2859 1123 2933 ἀδιαίρετος
1153 2856 1288 2915 οὖσα
1319 2861 1413 2916 καὶ
1432 2862 1531 2914 οὐκ
1565 2861 1831 2932 ἀνόμοιος·

261 2952 479 3024 ἀνάγκη
514 2951 639 3022 μίαν
670 2951 872 3022 ταύτης
921 2949 1057 3006 εἶναι
1101 2951 1197 3024 τὴν
1253 2953 1534 3024 ἀγιότητα,
1576 2953 1670 3005 καὶ
1711 2954 1835 3024 μίαν

261 3043 470 3114 ταύτης
495 3043 593 3115 τὴν
620 3042 914 3115 ἀῖδιότητα,
950 3042 1045 3096 καὶ
1078 3042 1178 3114 τὴν
1215 3043 1312 3110 τῆς
1359 3042 1620 3114 ἀτρεψίας
1654 3041 1831 3111 φύσιν.

265 3136 477 3206 Ὠσπερ
498 3134 605 3206 γὰρ
641 3136 676 3206 ή
722 3135 798 3198 ὡς
839 3133 1005 3206 αὐτὴν
1033 3134 1145 3206 (57)
1195 3134 1598 3206 παραδεδομένη
1656 3135 1836 3199 πίστις

265 3227 371 3299 μία
396 3227 533 3292 ἐστὶ,
556 3227 650 3280 καὶ
666 3225 803 3297 αῦτη
847 3227 1106 3280 συνάπτει
1128 3227 1210 3298 τῷ
1234 3227 1373 3298 Θεῷ,
1391 3229 1420 3280 ὁ
1443 3229 1498 3282 δὲ
1519 3228 1836 3302 ὑπεξαιρού-

264 3317 431 3388 μενός
459 3336 510 3371 τι
554 3319 654 3390 τῆς
687 3319 932 3389 Τριάδος,
985 3319 1080 3373 καὶ
1108 3321 1164 3372 ἐν
1197 3320 1344 3390 μόνῳ
1399 3321 1476 3392 τῷ
1505 3321 1596 3374 τοῦ
1626 3321 1837 3393 Πατρὺς

263 3409 491 3479 ὀνόματι
522 3409 994 3480 βαπτιζόμενος,ἢ
1053 3412 1110 3462 ὲν
1141 3410 1286 3481 μόνῳ
1338 3410 1414 3481 τῷ
1465 3411 1684 3481 ὀνόματι
1739 3410 1834 3464 τοῦ

264 3498 422 3563 Υίοῦ,
463 3498 495 3570 ἢ
529 3499 696 3570 χωρίς
719 3516 782 3567 γε
819 3499 912 3552 τοῦ
941 3498 1256 3570 Πνεύματος
1280 3501 1337 3553 ὲν
1373 3501 1546 3571 Πατρὶ
1577 3501 1668 3553 καὶ
1700 3501 1832 3571 Υίῷ,

263 3591 421 3644 οὐδὲν
448 3591 557 3662 (58)
583 3591 869 3662 λαμϐάνει,
901 3591 1035 3645 ἀλλά
1061 3592 1214 3656 κενὸς
1252 3593 1346 3646 καὶ
1374 3593 1568 3663 ἀτελὴς
1588 3593 1748 3656 αὑτός
1775 3611 1836 3647 τε

264 3679 604 3735 καὶὸδοκῶν
635 3680 832 3734 διδόναι
887 3681 1145 3752 διαμένει·
1200 3684 1256 3734 ἐν
1303 3685 1367 3753 τῇ
1415 3683 1604 3753 Τριάδι
1656 3684 1762 3755 γὰρ
1801 3685 1835 3755 ἡ

263 3772 544 3835 τελείωσίς
570 3774 736 3825 ἐστιν’
765 3771 936 3836 οὕτως
986 3774 1014 3824 ὁ
1041 3773 1260 3846 διαιρῶν
1314 3773 1403 3827 τὸν
1434 3774 1561 3827 Υίὸν
1603 3773 1712 3827 ἀπὸ
1743 3774 1834 3826 τοῦ

264 3862 558 3933 Πατρὸς,ἢ
586 3863 647 3916 τὸ
673 3861 897 3934 Πνεῦμα
928 3863 1182 3932 κατάγων
1205 3866 1285 3928 είς
1305 3865 1372 3918 τὰ
1399 3866 1692 3936 κτίσματα,
1713 3865 1834 3918 οὔτε

263 3955 360 4008 τὸν
385 3955 512 4008 Υίὸν
534 3954 645 4026 ἔχει
675 3953 797 4007 οὔτε
820 3956 910 4008 τὸν
940 3956 1178 4027 Πατέρα,
1237 3955 1350 4008 ἀλλ’
1373 3955 1518 4010 ἐστιν
1545 3955 1702 4020 ἄθεος
1742 3958 1836 4010 καὶ

264 4045 500 4099 ἀπίστου
532 4046 748 4117 χείρων,
774 4047 866 4100 καὶ
889 4047 1063 4101 πάντα
1097 4047 1292 4117 μᾶλλον
1325 4049 1358 4119 ἢ
1388 4049 1726 4118 Χριστιανός·
1742 4051 1835 4104 καὶ

263 4137 492 4200 δικαίως
527 4154 590 4207 γε
617 4137 750 4208 (59).
787 4138 1053 4209 Καθάπερ
1087 4139 1195 4210 γὰρ
1223 4139 1282 4192 ἓν
1311 4141 1426 4192 ἐστι
1466 4141 1527 4194 τὸ
1557 4141 1836 4212 βάπτισμα

265 4230 329 4281 ὲν
361 4229 534 4300 Πατρὶ
557 4229 650 4282 καὶ
677 4228 791 4300 Υἱῷ
821 4231 912 4282 καὶ
942 4229 1082 4301 ἁγίῳ
1115 4229 1395 4300 Πνεύματι
1428 4231 1721 4303 διδόμενον,
1743 4233 1836 4286 καὶ

1928 1873 2138 1920 creatos
2169 1864 2389 1934 angelos
2429 1864 2484 1918 in
2526 1865 2617 1919 illa
2651 1879 2868 1935 quoque
2923 1865 3194 1921 collocare
3231 1863 3494 1934 oportuit,

1928 1967 2028 2008 nec
2077 1953 2308 2022 amplius
2344 1951 2664 2008 Trinitatem
2708 1967 2862 2019 esse,
2897 1953 2995 2010 sed
3042 1951 3495 2007 innumerabilem

1929 2045 2218 2113 quamdam
2264 2044 2562 2100 divinitatis
2606 2044 3058 2100 multitudinem:
3102 2050 3160 2097 ut
3205 2049 3261 2096 et
3307 2050 3488 2096 vestra

1931 2134 2164 2191 initiatio
2192 2151 2314 2206 quae
2335 2136 2390 2190 in
2417 2151 2482 2190 ea
2513 2135 2630 2190 ﬁeri
2667 2135 2902 2203 videtur,
2925 2135 3034 2191 huc
3057 2142 3113 2189 et
3144 2133 3273 2188 illuc
3298 2131 3497 2187 distra-

1931 2235 2040 2293 cta,
2089 2225 2356 2282 instabilis
2401 2224 2560 2298 542
2608 2233 2755 2280 tanta
2803 2224 3115 2280 diversitate
3157 2222 3491 2278 redderetur.

1930 2316 2175 2387 Namque
2199 2317 2469 2387 ejusmodi
2492 2326 2620 2373 sunt
2659 2323 2839 2372 vestra
2867 2325 2922 2371 et
2937 2315 3264 2370 Arianorum
3292 2321 3496 2384 myste-

1931 2405 2035 2473 ria,
2067 2404 2162 2475 qui
2200 2413 2312 2459 tam
2351 2404 2516 2472 impia
2546 2402 2807 2460 adversus
2843 2402 3177 2458 divinitatem
3207 2400 3494 2456 commini-

1932 2496 2165 2562 scimini,
2192 2505 2246 2551 et
2276 2496 2438 2551 rebus
2479 2495 2676 2550 creatis
2706 2494 2886 2565 potius
2915 2509 3078 2564 quam
3113 2491 3224 2548 Deo
3248 2495 3494 2549 omnium

1931 2589 2160 2646 creatori
2177 2587 2411 2645 servitis.

2002 2681 2089 2736 '50.
2117 2679 2196 2734 En
2230 2694 2360 2750 ergo
2389 2694 2512 2749 quae
2547 2678 2706 2734 vobis
2730 2677 2966 2734 absurda
3005 2692 3072 2733 ex
3111 2676 3369 2732 dualitate
3398 2689 3493 2730 oc-

1931 2780 2178 2828 currunt.
2216 2769 2371 2836 Quod
2407 2769 2454 2825 si
2493 2767 2732 2822 Trinitas
2785 2768 2876 2835 sit,
2913 2767 2991 2822 uti
3023 2766 3201 2837 reipsa
3242 2773 3345 2832 est,
3374 2780 3496 2836 quae

1933 2861 2174 2933 quidem,
2201 2869 2262 2915 ut
2292 2858 2648 2922 ostendimus,
2674 2857 2949 2913 individua
2967 2870 3068 2912 nec
3090 2854 3371 2912 dissimilis
3388 2863 3494 2919 est,

1932 2964 2154 3006 necesse
2181 2957 2266 3006 est
2284 2964 2447 3004 unam
2477 2948 2596 3017 ejus
2623 2962 2745 3004 esse
2767 2947 3131 3010 sanctitatem,
3154 2960 3321 3000 unam
3344 2952 3503 3000 aeter-

1936 3042 2192 3106 nitatem,
2219 3041 2722 3111 immutabilemque
2767 3047 3040 3094 naturam.
3080 3037 3149 3093 Ut
3191 3038 3337 3094 enim
3368 3035 3502 3092 ﬁdes

1937 3148 2099 3202 quam
2129 3133 2246 3204 ejus
2288 3134 2504 3188 nomine
2548 3133 2856 3203 accepimus
2881 3146 2987 3187 una
3025 3139 3129 3198 est,
3153 3139 3209 3186 et
3245 3145 3348 3186 nos
3377 3144 3504 3186 cum

1935 3224 2046 3280 Deo
2077 3224 2361 3295 conjungit
2385 3243 2397 3278 :
2423 3235 2480 3278 ut
2504 3224 2631 3278 item
2667 3227 2759 3293 qui
2794 3223 2997 3293 aliquid
3027 3223 3095 3277 de
3124 3219 3389 3276 Trinitate
3411 3220 3507 3276 de-

1937 3312 2123 3377 trahit,
2153 3323 2209 3368 et
2236 3313 2293 3367 in
2326 3312 2443 3368 solo
2475 3310 2651 3367 Patris
2680 3311 2764 3367 vel
2789 3310 2914 3365 Filii
2937 3311 3156 3366 nomine
3172 3310 3502 3380 baptizatur,

1938 3415 2032 3462 aut
2057 3406 2176 3461 sine
2203 3404 2432 3476 Spiritu,
2462 3406 2516 3459 in
2543 3405 2704 3461 Patre
2732 3415 2786 3460 et
2819 3404 2978 3469 Filio,
2998 3404 3135 3458 nihil
3167 3402 3383 3474 accipit,
3409 3403 3505 3458 sed

1935 3512 2142 3552 vacuus
2191 3512 2292 3551 nec
2339 3497 2580 3551 initiatus
2627 3497 2742 3567 ipse
2798 3504 2852 3550 et
2897 3496 2944 3550 is
2974 3495 3067 3565 qui
3105 3495 3234 3550 dare
3265 3494 3501 3559 videtur,

1936 3597 2152 3652 manet;
2194 3585 2464 3655 siquidem
2505 3586 2737 3641 initiatio
2766 3586 2982 3641 nonnisi
3013 3585 3067 3639 in
3099 3583 3364 3638 Trinitate
3396 3583 3503 3638 sita

1936 3687 2019 3733 est
2046 3696 2059 3732 :
2095 3677 2171 3733 ita
2199 3677 2292 3748 qui
2323 3675 2519 3732 Filium
2551 3692 2582 3731 a
2615 3676 2774 3732 Patre
2799 3677 3008 3744 dividit,
3032 3678 3111 3731 vel
3140 3674 3402 3746 Spiritum
3428 3673 3498 3728 ad

1935 3786 2025 3828 res
2057 3787 2231 3843 usque
2256 3781 2466 3828 creatas
2497 3773 2769 3844 deprimit,
2802 3789 2902 3830 nec
2931 3772 3130 3828 Filium
3161 3788 3261 3828 nec
3281 3771 3499 3828 Patrem

1938 3865 2114 3929 habet,
2145 3864 2238 3920 sed
2260 3873 2344 3920 est
2373 3866 2574 3935 impius
2594 3874 2648 3921 et
2668 3866 2868 3921 infideli
2893 3866 3148 3932 deterior,
3177 3865 3502 3936 quidvisque

1935 3955 2116 4025 potius
2161 3971 2324 4026 quam
2360 3955 2705 4012 Christianus
2750 3957 2944 4012 merito
2973 3972 3038 4012 ac
3072 3957 3196 4025 jure
3226 3956 3503 4026 putandus

1935 4053 2038 4102 est.
2071 4045 2533 4112 Quemadmodum
2566 4047 2710 4102 enim
2747 4061 2912 4100 unum
2943 4053 3026 4100 est
3053 4044 3318 4115 baptisma
3356 4043 3502 4113 quod

1937 4139 1993 4192 in
2023 4136 2183 4194 Patre
2209 4150 2263 4194 et
2293 4138 2430 4194 Filio
2449 4147 2502 4193 et
2526 4137 2728 4208 Spiritu
2759 4148 2948 4195 sancto
2975 4139 3135 4194 datur
3165 4152 3178 4188 :
3209 4144 3267 4190 ut
3291 4150 3400 4190 una
3427 4135 3502 4188 si-

1937 4229 2135 4284 militer
2163 4229 2295 4286 ﬁdes
2321 4240 2405 4286 est
2440 4232 2495 4285 in
2520 4231 2764 4286 eamdem
2781 4229 3120 4295 Trinitatem,
3151 4229 3502 4300 quemadmo-

269 4318 372 4391 μία
398 4320 577 4383 πίστις
602 4321 746 4373 ἐστὶν
775 4323 854 4384 είς
889 4321 1076 4392 αὐτὴν,
1107 4321 1181 4386 ὡς
1227 4317 1378 4376 εἶπεν
1433 4325 1460 4376 ὁ
1500 4323 1832 4389 Ἀπόστολος·

1942 4321 2072 4378 dum
2097 4322 2248 4379 docet
2265 4323 2557 4394 Apostolus
2573 4325 2619 4356 3“
2644 4343 2657 4379 :
2684 4325 2758 4380 ita
2772 4333 2960 4380 sancta
2989 4321 3248 4388 Trinitas,
3266 4335 3386 4390 quae
3411 4335 3502 4376 ea—

341 4525 388 4556 “
428 4523 626 4594 Ephes.
655 4540 729 4588 tv,
757 4524 810 4578 5.

342 4702 456 4774 (51)
497 4701 839 4774 ὃὶοηῐὶεείιιε
883 4703 1112 4774 primus,
1147 4701 1269 4771 Seg.
1306 4700 1460 4757 Gobl.
1498 4710 1552 4758 et
1600 4701 1835 4760 Felckm.

263 4772 630 4842 primusrAlii
657 4772 836 4826 autem
863 4772 915 4828 et
939 4775 1088 4836 editi,
1117 4774 1276 4842 αῦτῇ.

344 4841 458 4912 (52)
498 4841 590 4912 Sic
639 4841 840 4912 Regius
893 4843 1124 4912 primus,
1155 4839 1275 4911 Seg.
1312 4842 1468 4897 Gobl.
1503 4847 1556 4896 et
1599 4839 1833 4898 Felckm.

261 4910 503 4983 primUS.
533 4910 675 4966 Editi
703 4910 831 4983 vero
860 4910 914 4967 ei
953 4913 1043 4967 alii
1071 4910 1305 4983 articul.
1329 4912 1407 4982 τῷ
1437 4912 1712 4983 omittunt,
1743 4914 1837 4983 qui

261 4980 323 5036 ἐι
363 4982 524 5036 iidem
575 4982 934 5044 mox_habent
964 4982 1094 5036 αὐτὸ
1117 4982 1177 5034 τὸ
1197 4980 1420 5044 Πνεῦμα
1462 4980 1556 5035 τοῦ
1585 4981 1738 5036 Θεοῦ.
1760 4980 1840 5037 Ἀι

263 5051 474 5121 Regius
507 5051 740 5123 primus,
781 5053 905 5123 Seg.
946 5052 1104 5107 Gobl.
1142 5060 1200 5106 et
1225 5050 1463 5106 Felckm.
1495 5051 1703 5121 primus
1735 5053 1835 5106 lia-

261 5123 399 5178 bent
433 5129 491 5174 ut
519 5121 609 5176 hic
638 5129 836 5176 exstat.

341 5191 453 5262 (55)
495 5189 587 5246 Sic
616 5189 1078 5262 Regiusiprimus,
1115 5189 1238 5261 Seg.
1269 5189 1762 5262 BasiLGoblerian.
1783 5201 1837 5262 et

260 5260 509 5333 Felclun.
545 5260 1001 5333 primuSZC'aateri
1043 5277 1171 5333 vero
1197 5260 1339 5315 ’cum
1379 5261 1557 5328 editis,
1599 5261 1836 5333 κατηγά-

257 5330 576 5402 γετεηΜρι
604 5329 734 5402 Reg.
765 5331 821 5396 2,
851 5330 1242 5402 συνεξισοῦτᾳι.

339 5399 454 5467 (54)
497 5398 707 5469 Regius
729 5402 959 5470 primus,
990 5401 1114 5472 Seg.
1159 5399 1328 5472 Gobl.
1355 5408 1409 5455 et
1445 5398 1686 5472 Eelckm.
1723 5401 1836 5470 pri-

257 5487 412 5534 mus,
445 5469 772 5540 anonymus,
803 5469 1123 5540 particulam
1156 5471 1248 5524 καί
1279 5471 1370 5526 hic
1395 5469 1598 5524 addunt
1625 5477 1677 5523 et
1704 5469 1836 5540 pau-

255 5543 314 5594 lo
351 5549 474 5612 post
501 5539 678 5612 ταύτῃ
709 5539 910 5612 habent
940 5559 951 5594 :
981 5541 1071 5612 alii
1099 5556 1227 5595 vero
1265 5549 1323 5612 et
1343 5540 1474 5612 editi
1522 5539 1716 5610 partic.
1743 5541 1836 5594 καί

255 5611 552 5692 omittunt,
573 5610 753 5692 εει)ιό
783 5610 954 5692 ταύτῃ
987 5611 1279 5692 liabcntﬁcﬁ
1305 5611 1536 5692 0363mm.

339 5680 453 5752 (55)
497 5679 590 5736 Sic
622 5679 822 5750 Regius
857 5679 1066 5752 primus
1093 5689 1145 5738 et
1176 5679 1298 5751 Seg.
1336 5680 1476 5736 Editi
1509 5695 1634 5738 vero
1665 5689 1717 5736 et
1744 5679 1835 5736 alii

1940 4699 2190 4770 particuli.
2227 4717 2289 4770 τε
2317 4697 2593 4770 omittunt.
2729 4768 2762 4770 _
2800 4769 2809 4770 ί
2848 4768 2861 4770 _
2927 4708 2934 4715 '

2011 4769 2122 4841 (5'6)
2146 4769 2220 4845 _I_n_
2259 4768 2380 4839 Seg.
2427 4768 2587 4845 G_9bl._
2619 4777 2672 4822 et
2723 4768 2960 4845 Felckm.
2998 4771 3332 4845 primo,_vox
3374 4773 3502 4845 ὑμῖν

1939 4837 2114 4912 abest.
2146 4837 2410 4912 lidetu_'et
2459 4837 2659 4908 Regius
2702 4840 2907 4912 primus
2934 4837 3059 4912 post
3083 4837 3306 4898 τοιαῦτα
3335 4837 3503 4912 parti-

1939 4911 2114 4965 culam
2147 4909 2243 4976 μέν
2270 4909 2497 4972 addunt,
2527 4924 2647 4976 quae
2675 4911 2742 4962 ab
2771 4909 2974 4968 aliiset
3002 4911 3160 4966 editis
3195 4909 3369 4968 abest.

2010 4927 2114 4964 tam
2188 4927 2243 4962 εν
2270 4927 2497 4972 auuunt,
2527 4927 2647 4976 qua:
2675 4927 2742 4962 an
2771 4927 2974 4968 amset
3002 4927 3160 4966 eattts
3195 4927 3369 4968 aheSt.

2010 4927 2357 5052 (57)}fiegius
2384 4978 2620 5052 primus,
2647 4978 2778 5052 _Seg.
2827 4978 2981 5052 Gobl.
3019 4989 3072 5035 et
3100 4980 3339 5037 Felckm.
3375 4984 3424 5044 l,
3468 4982 3501 5052 ἡ

1937 5047 2026 5123 εἰς’
2043 5047 2257 5123 ταύτην
2274 5047 2464 5123 ((1οΒιᾷ
2491 5060 2555 5123 et_
2573 5047 3073 5123 Felckm._primus,
3101 5052 3299 5123 αὑτήν)
3326 5047 3502 5122 παραέ

1935 5117 2399 5191 διδομένηφύσις.
2429 5117 2628 5191 βοείας
2659 5119 2694 5171 ‘2
2722 5129 2785 5191 et
2803 5117 3058 5173 Ottobon.
3095 5121 3173 5175 sic
3207 5117 3424 5185 habent,
3461 5123 3498 5191 γὴ

1936 5192 2015 5262 εἰς
2036 5187 2228 5262 ξαρτῆν
2275 5187 2680 5262 παραδεδομένη
2726 5189 2906 5262 πίστις
2941 5191 3198 5262 συνάπτει
3234 5192 3310 5262 τῷ
3338 5187 3496 5262 eaq);

1938 5259 2071 5314 Ibid.
2097 5256 2300 5332 Regius
2327 5256 2550 5332 primus,
2581 5256 2704 5332 seg.
2731 5258 2885 5332 Gobl.
2918 5271 2970 5314 et
2999 5260 3236 5315 Felckm.
3269 5256 3499 5332 primus,

1937 5327 2260 5400 auonymiis,
2290 5329 2492 5400 habent
2508 5327 2996 5400 _Omgatpoﬁpsvog.
3014 5332 3116 5384 Alii
3152 5327 3285 5387 vero
3311 5340 3364 5385 et
3387 5331 3502 5386 edi-

1937 5400 1998 5464 ti,
2033 5398 2597 5472 9(patQOOEEVOQLMO}
2629 5413 2726 5465 pro
2751 5398 2842 5472 καί
2868 5398 3065 5472 Regius
3091 5402 3179 5472 29‘)
3212 5402 3392 5455 habet.

1989 5466 2122 5541 :(58)
2161 5466 2317 5541 90b].
2354 5477 2407 5521 et
2437 5466 2904 5541 EelckmLprinrus
2934 5466 3392 5541 οὐδέννοιίιὶιιιιιιι.

2007 5537 2122 5610 (59)
2161 5538 2359 5610 [iegius
2399 5538 2629 5607 primus,
2658 5537 2779 5610 Seg.
2811 5539 2966 5593 Gobl.
2992 5552 3042 5594 et
3072 5540 3309 5596 Felckm.
3342 5541 3394 5602 1,
3426 5542 3502 5592 εἰ-

1888 5621 1890 5623 '
1937 5607 2127 5691 κότῳς.
2167 5607 2489 5691 Paulonpost
2525 5623 2621 5691 pro
2663 5608 2951 5691 διδόμενον,
2989 5611 3150 5667 Basil.
3199 5613 3357 5667 habet
3396 5613 3500 5664 δια-

1937 5679 2229 5750 διδόμενον,
2259 5689 2309 5733 ct
2341 5677 2538 5751 Regius
2568 5678 2622 5744 ‘2,
2663 5678 3050 5752 τελειούμενον.
