3822 6226
374 274 482 335 599

965 273 1024 333 S.
1059 274 1434 331 ATHANASII
1470 272 1621 330 OPP.
1663 273 1843 331 PARS
1881 275 1925 329 l.
1962 304 2033 316 —
2065 271 2444 330 HISTORICA
2486 269 2574 325 ET
2614 253 3060 326 DOGMATICA:

3500 269 3613 325 660

375 396 494 447 dem
516 389 574 447 in
597 391 781 460 seipsa
809 396 911 455 est,
927 397 982 444 et
1003 403 1188 445 secum
1216 390 1332 460 ipsa
1360 392 1648 461 conjuncta
1678 399 1782 454 est,
1802 390 1930 446 nihil

2040 387 2212 454 οὕτως
2246 393 2278 461 ἡ
2313 389 2444 458 άγία
2474 388 2664 460 Τριάς,
2712 389 2746 459 ἡ
2801 388 2939 459 αὐτὴ
2988 379 3122 440 οῦσα
3150 388 3316 458 ἑαυτῇ
3341 385 3477 456 (60),
3517 388 3618 441 καὶ

375 483 432 536 iu
461 497 520 537 se
545 497 726 536 rerum
755 481 1019 534 factarum
1047 479 1238 545 habet;
1279 481 1501 550 haecque
1517 479 1799 537 Trinitatis
1819 482 1942 536 uni-

375 583 459 628 tas
491 571 766 627 individua
789 579 892 633 est,
909 570 1196 639 unaquein
1224 572 1469 626 eamdem
1489 570 1622 626 ﬁdes
1648 580 1748 626 est.
1782 570 1939 638 Quod

373 667 420 720 si
461 665 538 718 uti
567 679 684 730 vos,
711 661 948 732 Tropici,
991 663 1285 717 commenti
1317 664 1470 726 estis,
1505 677 1613 718 non
1659 663 1732 718 ita
1759 679 1818 718 se
1848 677 1938 718 res

374 753 554 817 habet,
573 753 686 816 sed,
714 761 774 807 ut
793 753 1130 818 somniastis,
1153 752 1389 824 Spiritus
1405 764 1628 810 sanctus
1657 771 1744 811 res
1758 764 1937 810 creata

371 862 406 901 a
426 846 582 902 vobis
620 845 818 901 dicitur
849 863 864 902 :
889 847 1002 916 jam
1033 860 1141 900 non
1179 862 1287 902 una
1311 856 1395 902 est
1433 847 1565 904 ﬁdes
1597 858 1795 911 vestra,
1827 862 1938 902 non

373 953 541 993 unum
579 939 869 1008 baptisma,
899 939 992 994 sed
1026 940 1172 994 duo:
1203 955 1370 993 unum
1407 941 1613 996 scilicet
1641 941 1696 995 in
1722 939 1938 995 Patrem

369 1040 423 1085 et
455 1027 676 1088 Filium.
709 1030 856 1084 aliud
886 1031 941 1084 in
973 1031 1224 1101 angelum
1258 1031 1350 1101 qui
1386 1047 1473 1087 res
1495 1041 1674 1086 creata
1705 1041 1823 1098 est;
1851 1031 1937 1086 ni-

372 1122 559 1192 hilque
581 1122 695 1193 jam
734 1123 888 1178 vobis
925 1124 1177 1188 ﬁrmum,
1205 1123 1340 1176 nihil
1366 1139 1552 1177 verum
1585 1122 1935 1193 superfuerit.

370 1215 503 1282 Quae
543 1216 688 1269 enim
737 1215 1048 1270 communio
1087 1215 1227 1269 inter
1254 1230 1367 1269 rem
1410 1213 1607 1270 factam
1632 1224 1687 1269 et
1713 1214 1831 1282 ejus
1858 1214 1940 1270 ef-

366 1307 663 1362 fectorem?
709 1304 805 1359 Vel
867 1321 988 1375 quae
1037 1307 1267 1361 societas
1322 1306 1465 1361 inter
1511 1321 1598 1361 res
1649 1305 1937 1361 inferiores

366 1406 580 1453 creatas
609 1407 663 1452 et
692 1395 926 1452 Verbum
961 1413 991 1452 a
1023 1412 1134 1468 quo
1153 1398 1428 1467 productae
1449 1399 1611 1453 sunt?
1639 1397 1797 1453 Certe
1813 1399 1938 1454 bea-

369 1498 458 1544 tus
491 1488 717 1556 Paulus,
750 1489 846 1559 qui
878 1488 982 1544 ista
1015 1488 1238 1543 minime
1261 1490 1567 1560 ignorabat,
1593 1505 1702 1544 non
1733 1498 1793 1544 ut
1817 1504 1935 1555 vos,

369 1579 686 1635 Trinitatem
719 1579 930 1646 dividit,
958 1579 1053 1634 sed
1075 1579 1194 1649 ejus
1223 1581 1486 1634 unitatem
1515 1581 1816 1636 luculenter
1840 1581 1940 1635 doc

366 1681 449 1726 cct
471 1688 596 1726 cum
623 1673 690 1726 de
723 1671 1100 1741 spiritualibus
1128 1670 1292 1726 rebus
1319 1672 1386 1726 ad
1414 1670 1724 1726 Corinthios
1748 1671 1938 1727 scribit

2041 482 2290 554 ἡνωμένη
2313 481 2449 552 πρὸς
2469 480 2689 552 ἑαυτὴν,
2715 479 2865 533 οὐδὲν
2904 479 3016 550 ἔχει
3037 480 3094 531 ὲν
3123 479 3286 550 ἑαυτῇ
3317 478 3425 532 τῶν
3451 495 3618 548 γενη-

2036 573 2164 626 τῶν·
2196 573 2291 626 κα)¹
2317 571 2454 643 αὕτη
2481 572 2579 642 τῆς
2612 571 2838 642 Τριάδος
2861 573 2893 642 ἡ
2929 567 3232 640 ἀδιαίρετος
3260 569 3448 640 ἑνότης
3475 567 3614 640 (61),

2037 663 2132 716 καὶ
2155 662 2252 732 μία
2280 664 2313 733 ή
2347 663 2427 725 είς
2450 662 2651 732 ταύτην
2681 661 2863 726 πίστις
2897 661 3062 714 ἐστίν.
3122 661 3184 714 Et
3213 659 3270 714 δὲ
3316 660 3457 715 κατὰ
3509 663 3616 731 τὴν

2037 753 2191 825 ὑμῶν
2232 753 2339 808 τῶν
2376 753 2662 826 Τροπικῶν
2692 752 3038 825 ὲπεξεύρεσιν
3083 753 3182 823 οὐχ
3241 751 3413 816 οὕτως
3441 754 3615 817 ἐστὶν,

2035 845 2149 899 ἀλλ’
2179 845 2566 917 ὲνυπνιὰσθητε
2593 846 2797 917 κτίσμα
2828 846 2940 917 (62)
2982 845 3162 914 λέγειν
3194 845 3253 898 τὸ
3286 845 3514 915 Πνεῦμα
3550 846 3620 898 τὸ
3665 879 3678 892 -

2037 938 2209 1007 ἅγιον·
2237 939 2419 993 οὐκέτι
2453 939 2552 1010 μία
2603 939 2786 1002 πίστις
2832 940 2979 993 ἐστὶν
3035 938 3211 1008 ὑμῶν,
3254 938 3375 991 οὐδὲ
3409 938 3466 991 ἓν
3512 937 3616 1006 βά-

2038 1048 2270 1101 πτισμα,
2292 1030 2430 1085 ἀλλὰ
2465 1030 2575 1084 δύο·
2601 1031 2659 1084 ἓν
2693 1031 2795 1101 μὲν
2828 1031 2906 1092 εἰς
2940 1029 3160 1099 Πατέρα
3197 1029 3292 1082 καὶ
3315 1029 3462 1081 Υίόν·
3494 1028 3619 1081 ἓτε-

2038 1138 2131 1192 ρον
2166 1121 2224 1174 δὲ
2255 1123 2334 1186 είς
2391 1121 2618 1190 ἄγγελον
2681 1121 2885 1191 κτίσμα
2925 1120 3074 1173 ὄντα·
3117 1119 3212 1172 καὶ
3253 1119 3403 1172 οὐδὲν
3426 1119 3618 1173 λοιπὸν

2038 1212 2192 1283 ὑμῶν
2220 1213 2460 1283 ἀσφαλὲς
2493 1214 2614 1267 οὐδὲ
2664 1212 2879 1283 ἀληθές.
2909 1211 3047 1266 Ποία
3097 1211 3206 1281 γὰρ
3243 1211 3498 1263 κοινωνία
3519 1227 3616 1277 γε-

2035 1302 2182 1374 νητῷ
2220 1303 2313 1357 καὶ
2364 1302 2714 1374 δημιουργῷ;
2759 1304 2832 1355 Ἦ
2896 1301 3026 1354 ποία
3095 1299 3284 1369 ἑνότης
3318 1302 3432 1362 τοῖς
3461 1299 3618 1352 κάτω

2036 1396 2297 1466 κτίσμασι
2376 1396 2472 1448 καὶ
2528 1393 2608 1464 τῷ
2664 1394 2836 1448 ταῦτα
2891 1393 3356 1463 δημιουργήσαντι
3419 1390 3615 1459 Δόγῳ;

2036 1485 2204 1539 Τοῦτο
2233 1485 2388 1549 εἰδὼς
2433 1488 2462 1538 6
2526 1485 2795 1556 μακάριος
2849 1484 3096 1547 Παῦλος,
3146 1485 3208 1537 ού
3271 1483 3468 1554 διαιρεῖ
3512 1484 3616 1553 τὴν

2036 1577 2263 1648 Τριάδα,
2289 1577 2476 1648 ὥσπερ
2506 1578 2684 1647 ὑμεῖς,
2713 1575 2849 1630 ἀλλὰ
2893 1575 2993 1645 τὴν
3040 1575 3268 1644 ἑνότητα
3304 1573 3508 1645 ταύτης
3536 1574 3619 1626 δι-

2036 1667 2248 1722 δάσκων
2276 1667 2480 1739 ἔγραψε
2521 1666 2821 1738 Κορινθίοις
2876 1665 3004 1737 περ)⁵
3047 1665 3154 1718 τῶν
3203 1664 3616 1736 πνευματικῶν,

367 1771 420 1817 et
453 1762 637 1817 omnia
667 1763 732 1816 ad
766 1777 935 1816 unum
959 1760 1128 1815 Deum
1152 1760 1367 1816 Patrem
1392 1770 1651 1831 tanquam
1679 1762 1745 1815 ad
1774 1770 1930 1831 caput

2037 1762 2130 1814 καὶ
2164 1761 2232 1814 τὰ
2270 1761 2445 1814 πάντα
2475 1761 2554 1823 εἰς
2582 1759 2680 1814 ἕνα
2699 1759 2830 1812 Θεὸν
2851 1759 2943 1812 τὸν
2967 1758 3185 1829 Πατέρα
3213 1756 3618 1826 ἀνακεφαλαιοῖ

369 1856 472 1908 hoc
498 1863 658 1924 pacto
678 1854 889 1909 reducit
913 1872 926 1908 :
958 1873 976 1905 ‹
998 1854 1298 1909 Divisiones
1319 1869 1449 1908 vero
1473 1854 1768 1924 gratiarum
1787 1862 1933 1919 sunt,

366 1947 506 2001 idem
532 1955 712 2000 autem
745 1944 979 2014 Spiritus
1011 1962 1026 1999 :
1066 1953 1120 1999 et
1146 1944 1442 2000 divisiones
1477 1943 1935 1998 ministrationum

367 2045 516 2107 sunt,
543 2038 682 2093 idem
709 2047 892 2092 autem
915 2037 1175 2092 Dominus
1207 2055 1220 2091 τ
1255 2046 1310 2091 et
1340 2036 1634 2092 divisiones
1665 2037 1934 2106 operatio.-

365 2146 496 2184 num
538 2137 684 2194 sunt,
712 2129 850 2183 idem
885 2144 1012 2183 vero
1043 2129 1204 2194 Deus,
1236 2129 1329 2198 qui
1374 2138 1631 2198 operatur
1662 2129 1842 2184 omnia
1878 2130 1933 2182 in

365 2220 620 2275 omnibus
643 2220 710 2274 ⁸⁷.
745 2238 764 2270 ι
787 2218 919 2285 Quae
941 2221 1084 2274 enim
1119 2219 1354 2290 Spiritus
1384 2221 1614 2290 singulis
1636 2221 1931 2284 distribuit,

363 2324 426 2363 ea
451 2324 481 2363 a
503 2307 660 2364 Patre
689 2324 782 2379 per
809 2307 1046 2364 Verbum
1073 2309 1288 2364 dantur.
1317 2310 1450 2364 Nam
1482 2311 1664 2365 omnia
1694 2327 1816 2379 quae
1832 2310 1933 2365 Pa-

367 2403 464 2457 tris
489 2410 636 2465 sunt,
662 2410 789 2457 sunt
833 2402 960 2456 item
999 2399 1121 2456 Filii
1151 2421 1164 2456 :
1205 2402 1348 2457 unde
1386 2417 1449 2456 ea
1479 2417 1600 2472 quae
1630 2418 1660 2456 a
1689 2400 1828 2456 Filio
1876 2402 1930 2456 in

364 2495 571 2565 Spiritu
603 2495 822 2561 dantur,
855 2509 977 2548 vera
1008 2502 1136 2548 sunt
1164 2493 1342 2548 Patris
1381 2507 1630 2547 munera.
1669 2493 1933 2546 Similiter

362 2603 485 2642 cum
519 2586 757 2658 Spiritus
787 2588 842 2640 in
875 2587 1030 2642 nobis
1059 2593 1162 2654 est,
1189 2587 1449 2649 Verbum,
1479 2600 1508 2638 a
1533 2599 1642 2654 quo
1667 2585 1816 2639 illum
1842 2599 1932 2640 ac-

362 2680 615 2750 cipimus,
639 2679 694 2733 in
729 2678 886 2733 nobis
908 2680 1068 2733 etiam
1096 2688 1196 2742 est,
1225 2686 1279 2732 et
1312 2679 1366 2732 in
1399 2676 1577 2732 Verbo
1601 2685 1683 2732 est
1711 2691 1931 2747 quoque

359 2771 540 2836 Pater,
565 2780 726 2843 atque
760 2771 834 2826 ita
865 2771 925 2825 ﬁt
955 2772 1098 2826 istud
1123 2785 1137 2822 :
1177 2790 1194 2822 ‹
1214 2769 1510 2825 Veniemus
1535 2785 1636 2840 ego
1671 2778 1724 2824 et
1748 2767 1927 2835 Pater,

360 2869 416 2917 et
447 2862 784 2917 mansionem
816 2861 958 2932 apud
999 2876 1123 2916 eum
1166 2860 1431 2917 faciemus
1447 2862 1513 2928 ⁸⁸,
1543 2880 1563 2914 ›
1607 2861 1684 2916 uti
1710 2861 1823 2931 jam
1845 2861 1930 2915 di-

361 2963 510 3009 ctum
541 2961 641 3009 est.
674 2952 774 3009 Ubi
803 2955 948 3008 enim
985 2954 1076 3009 lux
1104 2963 1208 3015 est.
1227 2955 1338 3009 illic
1358 2962 1411 3010 et
1435 2955 1690 3024 Splendor
1712 2971 1928 3026 quoque

308 3043 312 3048 ’
360 3055 484 3100 est:
518 3046 606 3101 ubi
633 3046 760 3101 item
798 3047 1051 3116 splendor
1084 3056 1188 3112 est,
1219 3047 1292 3102 ibi
1327 3047 1579 3103 similiter
1597 3056 1651 3102 et
1673 3048 1793 3117 ejus
1817 3048 1928 3103 eﬁi-

2033 1853 2228 1922 λέγων·
2258 1870 2276 1904 ι
2316 1851 2618 1924 Διαιρέσεις
2645 1850 2702 1905 δὲ
2740 1847 3096 1920 χαρισμάτων
3128 1847 3254 1911 εἰσὶ,
3282 1847 3344 1899 τὸ
3371 1847 3429 1900 δὲ
3481 1846 3619 1900 αὐτὸ

2033 1942 2277 2014 Πνεῦμα·
2310 1944 2404 1997 καὶ
2439 1942 2731 2014 διαιρέσεις
2769 1939 3052 1995 διακονιῶν
3113 1941 3270 2003 εἰσιν,
3293 1940 3323 1991 6
3354 1938 3413 1991 δὲ
3445 1938 3617 2001 αὐτὸς

2033 2037 2235 2106 Κύριος
2270 2035 2402 2106 (65)·
2433 2035 2525 2088 καὶ
2574 2033 2867 2105 διαιρέσεις
2901 2030 3290 2105 ἐνεργημάτων
3307 2029 3464 2094 εἰσὶν,
3498 2031 3527 2083 6
3556 2030 3617 2083 δὲ

2031 2129 2192 2192 αὐτὸς
2220 2127 2352 2190 Θεὸς
2375 2128 2403 2178 6
2425 2125 2662 2198 ἐνεργῶν
2699 2124 2768 2178 τά
2809 2125 2986 2178 πάντα
3014 2125 3072 2180 ἐν
3134 2124 3316 2176 πᾶσιν.
3344 2141 3363 2174 ι
3404 2124 3470 2175 Ἀ
3502 2122 3616 2195 γὰρ

2030 2220 2090 2273 τὸ
2118 2218 2340 2290 Πνεῦμα
2365 2218 2578 2290 ἑκάστῳ
2605 2218 2819 2290 διαιρεῖ,
2850 2216 3024 2272 ταῦτα
3073 2216 3226 2288 παρὰ
3252 2215 3347 2269 τοῦ
3395 2217 3617 2289 Πατρὸς

2029 2310 2118 2366 διὰ
2145 2310 2237 2367 τοῦ
2266 2311 2438 2380 Λόγου
2467 2313 2802 2382 χορηγείται.
2835 2309 3022 2371 Πάντα
3073 2308 3184 2381 γὰρ
3227 2307 3295 2361 τά
3347 2307 3442 2361 τοῦ
3495 2311 3616 2364 Πα-

2029 2403 2178 2474 τρδς,
2211 2402 2306 2456 τοῦ
2338 2402 2468 2457 Υίοῦ
2505 2404 2644 2457 ἐστι·
2672 2402 2752 2456 διὸ
2785 2403 2878 2455 καὶ
2929 2403 2997 2455 τὰ
3028 2402 3180 2474 παρὰ
3227 2402 3320 2458 τοῦ
3377 2402 3510 2456 Υἱοῦ
3553 2404 3615 2457 ἐν

2030 2495 2305 2566 Πνεύματι
2328 2495 2580 2566 διδόμενα
2606 2495 2701 2548 τοῦ
2741 2495 2955 2566 Πατρός
2973 2497 3091 2569 ἐστι
3135 2499 3468 2570 χαρίσματα.
3499 2496 3614 2550 Καὶ

2028 2585 2121 2640 τοῦ
2150 2585 2288 2640 Πνεύ
2297 2603 2464 2657 ματος
2497 2587 2554 2640 δὲ
2579 2586 2731 2650 ὄντος
2760 2588 2817 2640 ὲν
2838 2588 2991 2658 ἡμῖν,
3022 2589 3114 2652 καὶ
3133 2589 3161 2640 6
3200 2591 3370 2660 Λόγος
3399 2594 3426 2645 6
3453 2590 3617 2644 τοῦτο

2029 2677 2202 2742 διδούς
2233 2678 2380 2732 ὲστιν
2409 2679 2467 2732 ὲν
2497 2681 2627 2751 ἡμῖν
2651 2678 2785 2748 (64),
2841 2679 2934 2731 καὶ
2966 2680 3024 2733 ὲν
3072 2681 3150 2752 τῷ
3185 2683 3342 2756 Λόγῳ
3395 2685 3545 2739 ἐστὶν
3583 2687 3616 2738 6

2029 2769 2237 2840 Πατήρ·
2268 2771 2361 2824 καὶ⁸
2393 2769 2564 2834 οὕτως
2589 2771 2704 2824 ἐστὶ
2736 2770 2818 2835 τὸ,
2883 2790 2902 2822 ι
2955 2772 3314 2844 Ἐλευσόμεθα
3354 2775 3466 2844 ἐγὼ
3515 2776 3613 2830 καὶ

2027 2864 2056 2915 6
2085 2861 2291 2934 Πατὴρ,
2325 2862 2417 2915 καὶ
2452 2862 2616 2934 μονὴν
2644 2863 2772 2934 παρ’
2800 2861 2950 2933 αὐτῷ
2970 2866 3320 2936 ποιήσομενρ
3356 2867 3614 2938 καθάπερ

2030 2953 2264 3026 εῐρηται.
2301 2953 2468 3008 Ἔνθα
2494 2954 2604 3028 γάρ
2653 2955 2714 3010 τὸ
2759 2958 2894 3026 φῶς,
2921 2959 3037 3010 ἐκεῖ
3063 2959 3156 3011 καὶ
3182 2957 3292 3030 (65)
3330 2958 3392 3011 τὸ
3429 2960 3614 3013 ἀπαύ-

2028 3061 2234 3114 γασμα·
2289 3045 2382 3098 καὶ
2420 3043 2549 3098 ἔνθα
2573 3045 2636 3098 τὸ
2666 3047 3025 3118 ἀπαύγασμα,
3068 3050 3185 3101 ἐκεῖ
3231 3049 3324 3102 καὶ
3356 3051 3390 3118 ἡ
3416 3049 3610 3103 τούτου

361 3135 561 3191 cientia
587 3144 640 3190 et
664 3136 942 3206 Splendida
971 3147 1053 3192 est
1082 3137 1274 3206 gratia.
1303 3136 1460 3204 Quod
1489 3137 1629 3192 idem
1653 3137 1854 3193 Paulus
1874 3139 1928 3192 in

2037 3135 2279 3206 ἐνέργεια
2311 3137 2406 3190 καὶ
2435 3136 2720 3208 αύγοειδὴς
2748 3138 2927 3209 χάρις.
2979 3139 3092 3192 Καὶ
3141 3140 3301 3193 τοῦτο
3336 3141 3500 3195 πάλιν
3528 3143 3610 3196 δι-

361 3225 601 3281 secunda
630 3225 868 3297 Epistula
911 3227 978 3281 ad
1007 3225 1322 3283 Corinthios
1376 3227 1464 3284 his
1513 3228 1690 3283 verbis
1736 3228 1926 3283 docet:

366 3334 388 3369 ι
406 3315 590 3372 Gratia
607 3316 822 3371 Domini
841 3319 1011 3373 nostri
1029 3317 1157 3374 Jesu
1177 3319 1400 3384 Christi,
1417 3328 1470 3374 et
1487 3319 1727 3376 charitas
1745 3319 1858 3387 Dei,
1877 3329 1931 3375 et

360 3408 787 3464 communicatio
819 3410 990 3464 sancti
1025 3408 1258 3480 Spiritus
1285 3410 1356 3466 sit
1393 3426 1516 3465 cum
1548 3411 1804 3466 omnibus
1832 3401 1930 3466 vo1

361 3499 446 3556 bis
463 3501 529 3554 θ’.
565 3518 584 3551 ι
609 3497 791 3555 Gratia
821 3499 979 3572 543
1002 3501 1146 3556 enim
1172 3510 1228 3556 et
1249 3502 1449 3556 donum
1484 3503 1629 3573 quod
1659 3503 1714 3557 in
1747 3502 1928 3558 Trini-

363 3598 472 3646 tate
499 3591 678 3656 datur,
711 3592 871 3646 datur
899 3609 929 3646 a
956 3591 1117 3648 Patre
1140 3608 1237 3663 per
1265 3592 1464 3647 Filium
1494 3595 1544 3648 in
1576 3592 1782 3664 Spiritu
1811 3611 1931 3650 san-

361 3690 471 3740 cto.
505 3684 643 3738 Nam
670 3685 1127 3754 quemadmodum
1157 3702 1224 3741 ex
1248 3684 1409 3742 Patre
1433 3702 1528 3757 per
1553 3686 1750 3742 Filium
1771 3689 1930 3742 datur

361 3777 558 3847 gratia,
585 3777 659 3831 ita
695 3778 749 3831 in
785 3778 943 3834 nobis
967 3778 1083 3832 fieri
1111 3794 1218 3833 non
1251 3787 1430 3848 potest
1463 3780 1591 3833 doni
1619 3779 1928 3834 communi-

360 3869 505 3924 catio
534 3871 637 3926 nisi
661 3872 714 3925 in
744 3871 948 3940 Spiritu
972 3880 1180 3927 sancto.
1211 3871 1387 3941 Hujus
1415 3872 1680 3942 siquidem
1707 3872 1930 3942 partici-

361 3978 456 4033 pes
487 3962 875 4030 eﬁ‘ecti,Patris
905 3965 1248 4032 charitatem,
1272 3965 1393 4019 Filii
1427 3967 1657 4036 gratiam
1680 3975 1733 4021 et
1756 3965 1928 4037 ipsius

363 4053 600 4124 Spiritus
629 4055 1178 4112 communicationem
1207 4057 1492 4114 habemus.

432 4315 520 4370 3|.
557 4313 634 4370 Ex
662 4316 749 4372 his
803 4318 969 4388 igitur
1005 4335 1113 4376 una
1160 4321 1445 4378 Trinitatis
1473 4323 1754 4380 efﬁcientia
1808 4341 1928 4382 esse

361 4409 682 4464 ostenditur.
708 4409 820 4466 Nec
846 4415 989 4466 enim
1023 4413 1232 4470 diversa
1260 4423 1314 4470 et
1333 4415 1505 4472 divisa
1535 4417 1649 4472 dari
1681 4435 1712 4473 a
1741 4419 1928 4490 singu-

2030 3227 2244 3282 δάσκων
2275 3230 2304 3281 6
2333 3228 2544 3294 Παῦλος
2572 3228 2810 3302 ἔγραφεν
2839 3227 2994 3295 αὖθις
3031 3231 3143 3301 (66)
3173 3233 3481 3304 Κορινθίοις
3518 3239 3612 3290 καὶ

2031 3321 2088 3372 ἐν
2109 3323 2172 3392 τῇ
2194 3321 2420 3393 δευτέρᾳ
2444 3323 2731 3394 Ἐπιστολῇ
2777 3323 2970 3392 λέγων·
3008 3342 3028 3375 ι
3079 3326 3144 3378 Ἠ
3175 3328 3334 3397 χάρις
3370 3327 3466 3380 τοῦ
3493 3330 3611 3382 Κυ-

2033 3413 2149 3484 ρίου
2179 3413 2332 3482 ἡμῶν
2369 3413 2541 3484 Ἰησοῦ
2594 3415 2852 3486 Χριστοῦ,
2905 3416 3053 3489 καὶὴ
3093 3419 3277 3490 ἀγάπη
3323 3419 3419 3472 τοῦ
3447 3421 3610 3486 Θεοῦ,

2031 3505 2178 3574 καὶὴ
2209 3507 2458 3559 κοινωνία
2479 3506 2573 3560 τοῦ
2619 3507 2773 3576 ἁγίου
2819 3510 3156 3580 Πνεύματος,
3195 3510 3336 3582 μετά
3387 3513 3612 3568 πάντων

2031 3596 2236 3667 ὑμῶν.»
2280 3597 2342 3649 Ἦ
2377 3597 2485 3667 γὰρ
2522 3599 2775 3670 διδομένη
2801 3599 2960 3671 χάρις
2991 3601 3085 3653 καὶ
3123 3601 3300 3670 δωρεὰ
3333 3604 3390 3654 ὲν
3414 3603 3610 3674 Τριάδι

2029 3689 2223 3744 δίδοται
2257 3691 2408 3762 παρὰ
2431 3693 2526 3746 τοῦ
2554 3694 2764 3766 Πατρὸς
2787 3695 2851 3748 δι’
2869 3693 3001 3749 Υίοῦ
3037 3697 3095 3750 ἐν
3126 3697 3405 3768 Πνεύματι
3438 3699 3605 3770 ἁγίῳ.

2033 3783 2238 3856 Ὠσπερ
2269 3785 2377 3856 γὰρ
2400 3786 2464 3838 ὲκ
2489 3786 2584 3838 τοῦ
2629 3789 2838 3860 Πατρός
2895 3790 3011 3842 ἐστι
3051 3788 3118 3841 δι’
3153 3789 3282 3843 Υίοῦ
3325 3789 3435 3860 (67)
3463 3793 3497 3861 ή
3532 3792 3611 3845 δι-

2029 3874 2226 3945 δομένη
2256 3874 2437 3946 χάρις,
2483 3875 2656 3941 οὕτως
2707 3879 2805 3932 οὐκ
2838 3879 2902 3933 ἂν
2946 3879 3155 3948 γένοιτο
3203 3881 3459 3935 κοινωνία
3507 3882 3609 3952 τῆς

2029 3964 2228 4029 δόσεως
2262 3967 2319 4018 ὲν
2351 3956 2502 4038 ἡμῖν’,
2551 3970 2599 4021 εἰ
2655 3969 2729 4040 μὴ
2786 3971 2843 4023 ὲν
2884 3969 2963 4040 τῷ
2991 3968 3266 4040 Πνεύματι
3317 3970 3392 4041 τῷ
3441 3972 3604 4042 ἁγίῳ.

2031 4056 2230 4110 Τούτου
2290 4057 2399 4129 γὰρ
2449 4059 2785 4130 μετέχοντες,
2840 4060 3033 4132 ἔχομεν
3087 4061 3180 4117 τοῦ
3236 4063 3452 4134 Πατρός
3505 4064 3607 4135 τὴν

2030 4146 2271 4218 ἀγάπην,
2323 4150 2544 4204 καὶτοῦ
2599 4151 2730 4205 Υίοῦ
2778 4153 2876 4226 τὴν
2932 4154 3112 4227 χάριν,
3170 4152 3263 4207 καὶ
3312 4153 3477 4208 αὐτοῦ
3505 4153 3606 4209 τοῦ

2029 4239 2340 4311 Πνεύματος
2369 4240 2467 4313 τὴν
2505 4244 2805 4299 κοινωνίαν.

2093 4333 2179 4386 51.
2218 4331 2330 4386 Μία
2360 4335 2468 4406 ἄρα
2505 4337 2598 4389 καὶ
2631 4338 2694 4389 ἐκ
2720 4337 2925 4392 τούτων
2965 4341 2998 4410 ὴ
3045 4341 3144 4410 τῆς
3175 4339 3406 4411 Τριάδος
3451 4339 3607 4412 ὲνέρ-

2028 4439 2152 4491 γεια
2172 4423 2461 4478 δείκνυται.
2492 4427 2568 4480 06
2594 4428 2702 4499 γὰρ
2725 4429 2801 4492 ὡς
2825 4431 2957 4501 παρ’
2986 4431 3216 4484 ἑκάστου
3241 4431 3476 4502 διάφορα
3506 4433 3603 4486 καὶ

362 4503 428 4558 lis
453 4503 721 4574 signiﬁcat
744 4502 1059 4588 Apostolus,
1092 4507 1187 4563 sed
1215 4523 1278 4563 ea
1300 4525 1421 4579 quae
1440 4509 1660 4576 dantur,
1711 4512 1765 4566 in
1806 4511 1926 4567 Tri-

2037 4514 2330 4586 Βιῃρημένα
2357 4516 2425 4570 τὰ
2453 4517 2705 4589 διδόμενα
2734 4521 2988 4592 σημαίνει
3014 4523 3043 4575 6
3096 4522 3418 4588 Ἀπόστολος
3438 4542 3452 4554 ·
3483 4524 3602 4578 ἀλλ’

431 4681 476 4713 ⁸⁷
516 4680 539 4734 l
570 4679 696 4737 Cor.
734 4699 832 4747 xu,
865 4684 986 4739 4-6.
1060 4685 1106 4718 ⁸⁸
1142 4683 1300 4742 Joan.
1333 4703 1443 4751 xw,
1474 4688 1564 4743 25.
1640 4689 1685 4723 ⁸⁸
1723 4693 1769 4746 ll
1805 4693 1930 4749 Cor.

2046 4709 2082 4759 ι,
2120 4700 2210 4754 15.-

434 4838 546 4915 (60)
587 4839 679 4915 Sic
730 4843 930 4915 Regius
978 4846 1208 4915 primus,
1264 4844 1387 4915 Seg.
1423 4845 1580 4906 Gobl.
1605 4858 1659 4904 et
1687 4848 1928 4906 Felckm.

363 4911 587 4998 primus.
615 4911 833 5035 (ἐπειῗῆ
846 4911 1051 4971 νει-(ἴοι
1084 4917 1236 4982 editi,
1279 4919 1313 4988 ἡ
1340 4911 1478 4986 ἆγία
1508 4919 1675 4990 Τριὰς
1703 4921 1762 4972 ὲν
1793 4923 1929 4995 αὐτῇ

363 4997 515 5035 ουσα.
545 4998 614 5034 κα
643 5025 656 5035 .
689 4999 719 5035 e
745 5001 793 5035 c.

361 4995 515 5038 ουσα,
545 4995 656 5046 και,
689 4995 793 5038 etc.

433 5051 545 5120 (61)
584 5053 743 5127 Cobl.
775 5055 1113 5127 et_Felckm.
1142 5056 1368 5127 primus,
1409 5058 1620 5122 ἓνωσις.
1657 5059 1776 5114 Mox
1823 5060 1929 5118 Re-

361 5123 726 5202 giushprilnus
761 5135 814 5180 et
843 5124 991 5202 Seg.,
1018 5123 1241 5202 ταύτξην.
1277 5128 1381 5182 Alii
1407 5130 1634 5202 et_editi,
1668 5131 1857 5202 αὐτήν.

433 5191 546 5272 (62)
587 5191 679 5272 Ege
699 5210 829 5250 mss.
1016 5198 1041 5251 1
1070 5208 1124 5272 et
1142 5191 1197 5263 2',
1224 5213 1430 5272 necnon
1457 5197 1580 5272 Seg.
1606 5191 1928 5255 vocem'x'ri-

361 5277 477 5330 σμα
512 5264 564 5314 in
593 5264 713 5318 aliis
747 5275 801 5320 et
825 5264 986 5322 editis
1011 5269 1268 5322 omissam
1303 5264 1658 5325 restituimus.

435 5330 546 5409 (65)
587 5333 719 5409 Iieg.
746 5335 796 5398 1,
831 5335 955 5408 Seg.
978 5338 1190 5408 Anglic.
1217 5335 1375 5394 Gobl.
1411 5348 1462 5394 et
1486 5338 1725 5395 Felckm.
1752 5341 1803 5409 1,
1829 5342 1924 5397 καὶ

357 5401 388 5454 6
414 5402 578 5476 αύτὸς
598 5401 817 5476 Κύριος.

429 5470 545 5554 (64)
587 5470 923 5554 ὃξηοςβξεείυε
970 5477 1205 5554 primus,
1236 5477 1362 5554 Seg.
1394 5479 1571 5554 Gabi;
1598 5490 1658 5554 et
1683 5481 1920 5540 Felckm.

361 5543 590 5664 Erimus.
623 5543 764 5598 Editi
805 5543 991 5602 autem
1027 5559 1081 5602 et
1116 5549 1229 5613 alii,
1262 5543 1376 5605 xm
1404 5549 1497 5604 τοῦ
1524 5552 1838 5664 Πνεύδματος
1869 5555 1927 5610 δὲ

393 5629 515 5664 ντος
562 5617 620 5664 ὲν
665 5617 815 5664 ἠιιῖν.
851 5618 944 5664 καὶ
993 5620 1052 5664 ὲν
1095 5619 1270 5664 τούτω
1301 5619 1450 5664 αὐτῶ
1479 5623 1626 5664 ἐστιν
1719 5625 1908 5664 "nimim

393 5629 515 5695 ντος
536 5617 620 5695 ⁸ὲν
665 5617 826 5698 ἡμῖν,
851 5618 944 5671 καὶ
993 5620 1052 5698 εν
1095 5619 1270 5690 τούτῳ
1284 5619 1450 5698 ἀύτῷ
1479 5623 1626 5698 ἐστιν
1657 5617 1685 5676 ό
1718 5617 1928 5698 Πατήρ,

2030 4856 2094 4927 τή
2161 4855 2324 4911 Basil.
2357 4874 2462 4914 ms.
2477 4869 2530 4914 et
2557 4859 2686 4914 editi
2717 4862 2992 4917 omittunt.

2103 4873 2212 4996 (65)
2254 4928 2345 4984 Sic
2377 4928 2511 4996 Reg.
2546 4939 2601 4986 et
2623 4927 2746 4996 Seg.
2777 4929 2917 4988 Editi
2951 4949 2992 4988 ν‹

2031 4927 2212 5050 ωεξῗῷ
2254 4928 2345 4984 sic
2377 4928 2511 5000 Reg°
2546 4939 2601 4986 θί
2623 4927 2746 5002 5⁸8·
2777 4929 2917 4988 Editi
2951 4947 3080 4988 vero
3104 4942 3158 4988 et
3189 4932 3281 4988 alii
3315 4933 3412 4988 καί
3443 4935 3605 4993 omit-

2099 5066 2211 5135 (66)
2249 5066 2760 5145 Sie_Regius_,_Seg.
2797 5071 2954 5145 Cobl.
2994 5081 3049 5128 et
3085 5072 3324 5145 Eelckm.
3361 5075 3598 5145 primus.

2028 5136 2365 5210 Attamenhhi
2397 5136 2504 5194 duo
2525 5140 2697 5195 ultimi
2713 5136 3006 5206 'omittunt,
3029 5144 3210 5210 πάλιν,
3233 5136 3389 5208 αὖθις
3405 5156 3460 5200 et
3481 5148 3597 5202 καί.

2032 5207 2136 5286 Alii
2158 5217 2212 5263 et
2235 5208 2733 5286 (δόξῃ-ᾏτῴστολος
2742 5212 3007 5286 διδάσκων
3033 5207 3287 5286 ἔγραψεν.
3311 5207 3517 5286 Regius
3544 5218 3598 5279 Ξ,

2033 5277 2291 5360 ἔγραφεν..
2326 5278 2460 5360 Ibid.
2496 5281 2658 5360 Basil.
2694 5281 2931 5360 Felckm.
2963 5284 2998 5337 2
3027 5277 3286 5360 είξεᾴἷιίο
3323 5277 3598 5360 (ὶοῖῃωειῤ

2031 5363 2216 5404 vocem
2259 5351 2414 5420 ἡμῶν
2461 5353 2735 5427 omittunt.
2792 5353 2952 5427 Cobl.
2991 5355 3326 5427 etFelckm.
3359 5358 3597 5427 primus,

2031 5433 2354 5491 anonymus,
2389 5432 2513 5492 post
2556 5422 2690 5476 Θεοῦ
2740 5425 2965 5492 addunt,
2995 5426 3088 5480 ml.
3114 5422 3440 5498 Πατρός,ἐι
3473 5437 3599 5498 post

2031 5489 2362 5541 Πνεύιιατοε.
2397 5491 2504 5541 εἴη.

2080 5506 2362 5553 νεύματος.
2397 5509 2504 5553 ειη.

2122 5510 2550 5634 ᾗ)αᾶ
2580 5565 2788 5633 primus
2819 5575 2872 5621 et
2898 5566 3188 5633 secundus,
3218 5565 3384 5622 Basil.
3434 5565 3594 5623 Gobl.

2021 5637 2075 5708 et
2106 5630 2249 5708 gelo.
2283 5630 2491 5703 primus
2535 5630 2857 5708 anonymus.
2899 5637 3003 5692 Alii
3035 5630 3217 5694 autem
3246 5645 3300 5694 et
3338 5636 3470 5694 editi
3505 5638 3601 5706 ἐπὶ

360 5683 581 5741 omissis
605 5683 726 5757 qua:
755 5686 1073 5746 iutermedia
1106 5683 1251 5746 sunt.
1284 5683 1552 5749 lbidfart.
1593 5697 1621 5748 6
1665 5703 1790 5753 ante
1817 5683 1929 5751 [Ϊάξ

2037 5683 2076 5754 εξ
2110 5683 2302 5755 γιδδθ
