3822 6226
208 248 307 304 601

1322 239 1662 297 EPISTOLA
1700 240 1720 294 ι
1762 241 1853 296 AD
1895 240 2360 300 SERAPIONEM.

3356 244 3466 301 602

206 361 288 415 ὃτι
313 357 383 412 τὰ
399 355 652 427 διδόμενα
676 353 789 425 (68)
815 354 872 407 ἐν
897 353 1087 425 Τριάδι
1111 353 1335 418 δίδοται,
1368 354 1463 407 καὶ
1496 352 1566 406 τὰ
1605 354 1782 407 πάντα

1909 355 2056 411 litate
2087 357 2226 422 dari,
2264 357 2559 429 omniaque
2595 373 2662 413 ex
2697 372 2809 412 uno
2839 355 2948 413 Deo
2981 371 3123 413 esse.
3163 354 3258 412 llle
3303 343 3467 427 igit'ur

209 452 271 516 ἐξ
299 450 412 512 ἐνὸς
433 446 567 502 Θεοῦ
598 450 734 500 ἐστι.
765 445 840 498 Τὸ
860 444 1038 498 τοίνυν
1063 446 1135 516 μὴ
1165 444 1224 498 ὃν
1248 445 1474 514 κτίσμα,
1512 445 1626 498 ἀλλ’
1647 447 1788 516 ἡνω-

214 544 371 615 μένον
397 541 476 612 τῷ
508 539 642 611 Υἱῷ,
675 539 750 602 ὡς
775 539 804 590 6
835 538 960 601 Υἱὸς
997 537 1205 609 ἥνωται
1240 537 1318 608 τῷ
1346 539 1541 609 Πατρὶ,
1571 537 1634 590 τὸ
1661 554 1786 590 συν·

211 633 560 705 δοξαζόμενον
593 632 770 704 Πατρὶ
797 631 892 684 καὶ
923 629 1059 701 Υίῷ,
1077 631 1170 684 καὶ
1196 629 1446 698 θεολογού
1456 647 1614 700 μενον
1653 631 1790 701 μετὰ

210 725 302 780 τοῦ
333 725 528 795 Λόγου,
555 725 809 796 ἐνεργοῦν
831 741 890 776 τε
917 723 1060 796 ἆπερ
1100 725 1129 777 6
1163 724 1351 796 Πατὴρ
1392 722 1480 775 διὰ
1532 722 1626 776 τοῦ
1657 721 1788 774 Υἰοῦ

213 816 525 889 ἐργάζεται,
549 815 664 879 πῶς
697 816 724 866 ό
753 815 929 884 λέγων
950 815 1156 885 κτίσμα
1183 816 1283 868 οὐκ
1307 813 1565 885 ἄντικρυς
1596 816 1674 877 εἰς
1695 814 1791 866 αύ-

209 909 300 962 τὺν
332 909 426 962 τὸν
455 908 582 962 Υἱὸν
612 907 832 972 ἀσεϐεῖ;
856 907 1025 960 Οὐδὲν
1057 905 1167 978 γάρ
1214 908 1360 959 ἐστιν
1393 906 1422 958 ὃ
1468 905 1542 977 μὴ
1570 904 1658 958 διὰ
1697 902 1790 958 τοῦ

211 1002 386 1069 Λόγου
416 1001 474 1053 ὲν
493 999 571 1070 τῷ
595 999 873 1070 Πνεύματι
897 999 1109 1067 γίνεται
1137 998 1230 1051 καὶ
1262 999 1588 1070 ἐνεργεῖται.
1621 996 1793 1049 Τοῦτο

214 1093 308 1144 καὶ
332 1093 390 1146 ὲν
414 1091 668 1162 Ψαλμοῖς
697 1091 882 1162 ᾄδεται
906 1109 919 1121 ·
949 1109 966 1142 ι
996 1089 1086 1161 Τῷ
1125 1090 1283 1160 Λόγῳ
1315 1089 1518 1160 Κυρίου
1547 1091 1596 1142 οἰ
1631 1089 1793 1160 ούρα-

212 1182 295 1233 vol.
335 1178 765 1250 ἐστερεώθησαν,
815 1179 908 1232 καὶ
954 1176 1032 1248 τῷ
1065 1177 1344 1248 Πνεύματι
1391 1177 1483 1230 τοῦ
1530 1177 1794 1248 στόματος

214 1270 379 1326 αὑτοῦ
428 1272 628 1341 πᾶσαὴ
661 1270 888 1340 δύναμις
909 1269 1118 1324 αὐτῶν·
1153 1289 1172 1322 ι
1201 1271 1299 1324 καὶ
1332 1271 1390 1324 ἐν
1417 1269 1496 1340 τῷ
1520 1267 1794 1339 ἑκατοστῷ

213 1360 632 1431 τεσσαρακοστῷ
659 1359 873 1431 ἑϐδόμῳ
890 1359 1116 1432 ψαλμῷ-
1149 1379 1167 1412 ι
1205 1360 1520 1414 Ἀποστελεῖ
1563 1359 1674 1430 (69)
1705 1359 1795 1412 τὸν

213 1453 386 1520 Λόγον
429 1451 592 1504 αὐτοῦ
621 1492 635 1515 ,
681 1451 774 1506 καὶ
801 1451 953 1523 τήξει
990 1453 1164 1507 αὐτάο
1208 1452 1431 1508 πνεύσει
1465 1451 1526 1505 τὸ
1572 1450 1808 1522 Πνεῦμαι

213 1542 527 1606 αὐτοῦ,ικα“ι
562 1543 821 1613 ρυήσεται
859 1542 1046 1596 ὕδατα.
1086 1562 1104 1594 ι
1142 1543 1250 1597 Καὶ
1289 1542 1688 1620 ὲδικαδιώθημεν
1715 1543 1792 1607 δὲ,

213 1635 291 1697 ὡς
321 1629 472 1686 εἶπεν
503 1633 532 1685 6
569 1632 918 1697 ’Λπόστολος,
961 1653 978 1684 ι
1013 1635 1071 1688 ὲν
1095 1633 1173 1704 τῷ
1202 1635 1423 1705 ὀνόματι
1463 1633 1556 1688 τοῦ
1591 1634 1793 1705 Κυρίου

217 1723 373 1793 ἡμῶν
411 1723 582 1794 Ἰησοῦ
616 1722 874 1796 Χριστοῦ,
911 1725 1005 1778 καὶ
1034 1727 1091 1779 ὲν
1122 1725 1201 1796 τῷ
1234 1725 1511 1796 Πνεύματι
1543 1723 1636 1778 τοῦ
1658 1723 1793 1778 Θεοῦ
1825 1697 1870 1759 Β

215 1813 396 1884 ήμῶν.
439 1832 458 1865 ι
500 1815 826 1886 Ἀδιαὶρετον
847 1817 955 1885 γάρ
978 1819 1095 1869 ἐστι
1127 1815 1221 1869 τοῦ
1246 1817 1419 1886 Λόγου
1451 1817 1512 1871 τὸ
1549 1819 1791 1890 Πνεῦμα.

229 1907 444 1977 Ἀμέλει
489 1907 738 1976 λέγοντος
789 1907 884 1962 τοῦ
924 1911 1129 1982 Κυρίου
1170 1910 1324 1982 (70),
1362 1929 1381 1963 ι
1434 1913 1796 1984 Ἑλευσόμεθα

218 1997 328 2066 ἐγὼ
353 1999 447 2052 καὶ
486 2001 515 2052 ό
549 1999 738 2070 Πατὴρ
767 2043 780 2066 ,
821 2019 839 2050 ι
874 2002 1280 2073 συνεισέρχεται
1323 2003 1383 2056 τὺ
1424 2003 1648 2074 Πνεῦμα
1698 2003 1798 2057 οὐκ

216 2091 448 2164 ἄλλωςῆ
480 2092 556 2156 ὡς
577 2094 605 2145 ὁ
635 2093 763 2156 Υἱὸς
803 2093 914 2164 (71)
946 2095 1003 2146 ὲν
1037 2096 1168 2164 ἡμῖν
1201 2097 1434 2166 οἰκήσων
1455 2135 1470 2160 ,
1496 2096 1799 2166 γράφοντος

233 2185 498 2254 Ἐφεσίοις
541 2185 636 2238 τοῦ
671 2185 920 2239 Παύλου·
967 2205 985 2238 ι
1031 2185 1146 2241 Ἵνα
1172 2187 1281 2258 δῴη
1342 2189 1468 2259 ὑμῖν
1513 2187 1655 2242 κατὰ
1709 2188 1799 2242 τὸν

222 2275 450 2330 πλοῦτον
466 2277 564 2346 τῆς
598 2275 758 2347 δόξης
788 2276 975 2340 αὑτοῦ,
997 2276 1223 2348 δυνάμει
1263 2277 1668 2350 κραταιωθῆναι
1714 2279 1802 2332 διὰ

221 2369 314 2423 τοῦ
347 2368 662 2439 Πνεύματος
683 2366 848 2421 αὐτοῦ
888 2369 969 2432 εἰς
1004 2369 1094 2423 τὸν
1130 2369 1237 2422 ἔσω
1278 2369 1583 2441 ἄνθρωπον,
1620 2387 1802 2424 κατοι-

224 2465 388 2535 κῆσαι
420 2463 511 2516 τὸν
533 2461 787 2533 Χριστόν.
820 2481 838 2513 ι
873 2460 979 2514 Τοῦ
1013 2460 1070 2513 δὲ
1089 2461 1217 2514 Υἰοῦ
1249 2462 1307 2514 ὲν
1340 2462 1474 2532 ἡμῖν
1505 2461 1676 2526 ὄντος,
1721 2462 1802 2515 ἔτι

225 2558 320 2612 καὶ
347 2557 376 2609 6
403 2555 613 2625 Πατὴρ,
636 2553 884 2623 λέγοντος
916 2551 1010 2606 τοῦ
1043 2551 1173 2605 Υἱοῦ
1195 2569 1208 2584 ·
1253 2571 1272 2604 ι
1327 2551 1467 2621 Ἐγὼ
1492 2555 1550 2607 ὲν
1583 2553 1662 2624 τῷ
1687 2556 1802 2607 Πα-

223 2649 334 2720 τρί,
367 2647 463 2702 καὶ
493 2648 522 2699 6
543 2645 733 2718 Πατὴρ
765 2645 822 2696 ὲν
853 2643 996 2714 ἐμοί.
1038 2662 1057 2696 ι
1089 2645 1180 2697 Διὸ
1217 2645 1343 2708 καὶ,
1397 2643 1679 2714 γινομένου
1709 2643 1803 2698 τοῦ

222 2740 398 2806 Λόγου
428 2740 487 2792 ὲν
511 2739 625 2801 τοῖς
646 2737 970 2808 προφήταις,
1002 2736 1061 2789 ὲν
1101 2735 1250 2806 αύτῷ
1287 2734 1365 2807 τῷ
1405 2735 1683 2806 Πνεύματι
1723 2735 1806 2806 τῷ

223 2831 368 2901 ἁγίῳ
429 2827 850 2901 προφητεύουσι.
904 2827 1016 2898 Τῆς
1076 2825 1206 2896 γοῦν
1243 2827 1465 2898 Γραφῆς
1509 2826 1804 2898 λεγούσης,

231 2945 250 2976 ι
299 2924 409 2977 Καὶ
442 2920 555 2993 (72)
587 2919 805 2988 ἐγένετο
837 2916 1008 2986 Λόγος
1040 2918 1247 2989 Κυρίου
1288 2937 1306 2970 ι
1347 2917 1483 2988 πρὸς
1517 2918 1666 2973 τόνδε
1718 2919 1808 2972 τὸν

1887 450 2092 520 quires
2117 459 2302 506 creata
2353 459 2617 516 nonest,
2652 451 2745 506 sed
2777 465 2903 506 cum
2952 450 3093 506 Filio
3146 465 3257 506 non
3310 463 3468 505 secus

1888 544 2213 615 conjunctus
2245 553 2348 607 est,
2380 559 2446 599 ae
2474 543 2592 614 ipse
2615 543 2789 599 Filius
2823 559 2946 599 cum
2988 542 3146 599 Patre
3172 561 3185 598 :
3212 543 3307 614 qui
3335 543 3468 600 item

1890 652 2015 692 cum
2047 637 2205 692 Patre
2235 645 2288 692 et
2315 637 2454 692 Filio
2474 637 2810 701 honoratur,
2842 644 2896 691 et
2925 651 3049 692 cum
3097 634 3276 692 Verbo
3323 634 3467 692 Deus

1891 730 2224 798 agnoscitur,
2279 743 2491 783 necnon
2519 743 2583 783 ea
2613 728 2731 797 ipsa
2759 729 2872 798 agit
2901 743 3026 798 quae
3074 743 3172 797 per
3225 726 3462 782 Verbum

1890 819 2050 874 Pater
2073 819 2271 886 eiIicit;
2304 820 2397 888 qui
2425 835 2513 874 res
2545 827 2732 875 creata
2755 818 2864 874 dici
2899 821 3094 888 possit,
3126 819 3231 875 nisi
3275 821 3345 874 ab
3395 834 3464 874 eo

1890 913 2049 983 plane
2079 913 2171 984 qui
2195 914 2248 967 in
2280 913 2479 968 Filium
2511 913 2689 982 ipsum
2715 912 2915 982 impius
2947 911 3154 967 fuerit?
3183 911 3465 982 Siquidem

1892 1005 2027 1058 nihil
2057 1021 2281 1074 prorsus
2309 1014 2412 1070 est,
2445 1005 2588 1073 quod
2614 1020 2720 1058 non
2752 1019 2848 1074 per
2872 1003 3114 1059 Verbum
3144 1005 3238 1060 ﬁat
3259 1014 3312 1060 et
3338 1021 3466 1074 aga—

1893 1108 1980 1152 tur
2005 1097 2058 1150 in
2093 1098 2348 1166 Spiritu:
2395 1097 2854 1165 quemadmodum
2906 1097 3070 1151 etiam
3127 1098 3179 1150 in
3235 1096 3467 1152 Psalmis

1893 1191 2112 1244 canitur
2142 1208 2154 1244 :
2193 1207 2211 1239 ‹
2248 1189 2424 1244 Verbo
2455 1188 2670 1244 Domini
2703 1191 2827 1244 caeli
2857 1189 3059 1244 ﬁrmati
3086 1198 3235 1255 sunt,
3262 1200 3316 1244 et
3339 1188 3465 1259 Spi-

1895 1281 2000 1335 ritu
2015 1281 2126 1337 oris
2139 1281 2446 1350 ejusomnis
2462 1282 2632 1336 virtus
2659 1281 2942 1349 eorum”;
2967 1302 2984 1332 ι
3011 1291 3065 1335 et
3092 1281 3142 1334 in
3171 1283 3468 1336 centesimo

1895 1373 2314 1443 quadragesimo
2339 1373 2571 1442 septimo
2600 1375 2811 1442 psalmo
2845 1394 2856 1425 :
2907 1392 2926 1424 ε
2968 1373 3190 1427 Emittet
3231 1371 3467 1427 Verbum

1895 1483 2080 1533 suum,
2113 1475 2168 1521 et
2197 1465 2504 1535 liquefaciet
2527 1481 2588 1520 ea
2609 1483 2624 1533 ;
2644 1465 2792 1520 ﬂabit
2811 1465 3044 1536 Spiritus
3067 1465 3208 1533 ejus,
3237 1475 3290 1518 et
3306 1464 3472 1518 ﬂuent

1896 1574 2051 1626 aqua:
2078 1559 2144 1613 “.
2187 1577 2205 1608 ι
2239 1557 2324 1621 Ει,
2375 1567 2432 1612 ut
2461 1559 2538 1613 ait
2568 1559 2884 1628 Apostolus,
2915 1577 2933 1608 ι
2972 1557 3256 1627 justiﬁcati
3283 1572 3472 1611 sumus

1898 1651 1951 1704 in
1995 1650 2214 1704 nomine
2261 1649 2475 1703 Domini
2525 1650 2700 1703 nostri
2756 1648 2887 1703 Jesu
2933 1648 3140 1704 Christi
3183 1656 3237 1702 et
3269 1648 3324 1701 in
3360 1645 3474 1716 Spi-

1898 1743 2004 1796 ritu
2034 1741 2127 1794 Dei
2160 1741 2329 1795 nostri
2357 1743 2423 1795 9’.
2471 1761 2488 1792 ι
2518 1741 2765 1810 Namque
2815 1739 3052 1809 Spiritus
3083 1756 3115 1794 a
3155 1737 3330 1792 Verbo
3385 1753 3476 1793 ne.

1897 1835 2016 1903 quit
2042 1833 2228 1886 dividi.
2254 1830 2507 1885 Profecto
2539 1846 2664 1884 cum
2691 1830 2946 1885 Christus
2975 1830 3075 1891 ait,
3120 1848 3138 1880 τι
3175 1827 3475 1883 Veniemus

1897 1941 1998 1996 ego
2024 1933 2077 1978 et
2099 1924 2256 1978 Pater
2295 1924 2361 1988 θ’,
2409 1943 2428 1974 ι
2474 1939 2581 1976 una
2623 1937 2841 1991 quoque
2875 1921 3040 1975 intrat
3089 1919 3324 1990 Spiritus
3365 1934 3474 1972 non

1899 2014 2007 2068 alio
2055 2013 2218 2068 modo
2271 2028 2434 2081 quam
2487 2011 2658 2066 Filius
2725 2012 2780 2066 in
2831 2011 2988 2067 nobis
3021 2011 3381 2073 habitaturus,
3415 2016 3475 2064 ut

1900 2104 2100 2160 Paulus
2131 2105 2198 2159 ad
2238 2103 2506 2174 Ephesios
2546 2103 2739 2159 scribit
2765 2117 2780 2155 :
2812 2122 2830 2153 ‹
2876 2102 2945 2157 Ut
2971 2103 3061 2157 det
3092 2103 3250 2158 vobis
3284 2117 3476 2158 secun-

1901 2193 2030 2248 dum
2059 2193 2282 2249 divitias
2332 2194 2519 2264 gloriae
2566 2207 2700 2257 suas,
2749 2192 2952 2247 virtute
3001 2191 3348 2247 corroborari
3378 2207 3476 2261 per

1904 2280 2166 2351 Spiritum
2197 2283 2319 2351 ejus
2345 2282 2402 2336 in
2447 2282 2764 2336 interiorem
2821 2281 3094 2335 hominem
3125 2321 3140 2347 ,
3193 2279 3473 2334 Christum

1903 2372 2148 2426 habitare
2167 2372 2234 2426 θδ.
2275 2391 2294 2422 ι
2325 2372 2500 2426 Porro
2526 2386 2649 2425 cum
2677 2369 2850 2424 Filius
2880 2370 2933 2424 in
2966 2370 3126 2425 nobis
3180 2379 3283 2433 est,
3316 2370 3477 2425 Pater

1903 2479 2124 2533 quoque
2154 2463 2319 2519 simul
2343 2471 2528 2527 est,ut
2548 2462 2720 2517 Filius
2750 2462 2864 2531 ipsc
2888 2461 2963 2516 ita
2997 2469 3230 2516 testatur
3256 2475 3270 2514 :
3311 2479 3330 2512 ι
3361 2460 3477 2530 Ego

1905 2555 1961 2609 in
1995 2555 2174 2618 Patre,
2201 2563 2256 2610 et
2280 2554 2437 2609 Pater
2463 2554 2519 2608 in
2546 2570 2632 2610 me
2660 2555 2725 2605 ⁸⁵.
2761 2572 2782 2607 ι
2817 2552 2955 2608 Ηίιιε
2981 2567 3104 2608 cum
3148 2551 3384 2608 Verbum
3420 2552 3476 2606 in

1905 2647 2184 2718 prophetis
2213 2646 2388 2711 adest,
2441 2647 2527 2700 illi
2551 2646 2606 2700 in
2635 2645 2756 2716 ipso
2809 2644 3017 2714 Spiritu
3061 2652 3254 2699 sancto
3289 2643 3478 2699 vatici-

1907 2749 2129 2792 nantur.
2162 2736 2319 2793 Unde
2343 2753 2468 2792 cum
2505 2737 2791 2808 Scriptura
2840 2737 2992 2802 dicit,
3024 2755 3042 2788 ι
3084 2736 3150 2790 Ει
3173 2735 3375 2792 factum
3397 2745 3481 2791 est

1913 2829 2143 2885 Verbum
2167 2848 2185 2880 ι
2208 2831 2274 2884 ad
2299 2831 2458 2885 talem
2487 2831 2830 2900 prophetam.
2864 2829 3017 2882 illum
3041 2829 3095 2882 in
3124 2828 3330 2898 Spiritu
3354 2843 3482 2884 san-

1908 2933 1998 2979 cto
2031 2923 2318 2977 vaticinari
2345 2923 2638 2993 signiﬁcat.
2680 2921 2816 2977 Nam
2843 2922 2899 2976 in
2924 2921 3186 2978 Zacharia
3217 2923 3479 2992 scriptum

227 3016 534 3087 προφήτην,
561 3010 830 3065 δείκνυται
861 3007 1219 3080 προφητεύων
1251 3009 1310 3060 ὲν
1336 3008 1567 3078 τῷΠνεύ
1579 3027 1707 3080 ματι
1728 3009 1804 3080 τῷ

1909 3021 2033 3069 est:
2075 3032 2092 3064 ι
2136 3012 2522 3068 Verumtamen
2553 3014 2716 3068 verba
2750 3029 2868 3067 mea
2899 3021 2953 3067 et
2975 3013 3214 3084 legitima
3250 3028 3367 3067 mea
3391 3021 3512 3066 su-'

226 3106 390 3175 ἁγίῳ.
439 3105 527 3156 Ἐν
573 3102 672 3174 μὲν
721 3100 832 3172 γὰρ
881 3100 993 3170 (75)
1037 3099 1114 3170 τῷ
1162 3100 1409 3171 Ζαχαρία
1463 3101 1804 3173 γέγραπταιο

231 3219 252 3252 ‹
291 3197 437 3267 Πλὴν
463 3196 588 3258 τοὺς
619 3193 811 3262 λόγους
840 3210 941 3263 μου
967 3193 1062 3245 καί¹
1098 3191 1166 3245 τὰ
1194 3192 1401 3262 νόμιμά
1438 3209 1538 3262 μου
1567 3192 1806 3262 δέχεσθε,

225 3291 328 3343 ὅσα
350 3285 460 3356 ἐγὼ
483 3283 794 3352 ἐντέλλομαι
813 3283 870 3335 ἐν
893 3281 1170 3352 Πνεύματί
1192 3299 1292 3352 μου
1322 3284 1435 3345 τοῖς
1472 3281 1677 3346 δούλοις
1707 3301 1808 3354 μου

227 3383 344 3442 τοῖς
375 3377 712 3448 προφήταις*
747 3393 765 3426 ι
800 3376 886 3428 ὅτε
911 3373 1005 3426 καὶ
1037 3376 1154 3444 μετ’
1181 3373 1338 3442 ὀλίγα
1364 3374 1682 3445 αἰτιώμενος
1719 3375 1810 3428 τὸν

230 3472 362 3526 λαὸν
396 3471 550 3537 ἔλεγε
571 3485 583 3496 ⁸
611 3488 628 3519 ι
654 3469 764 3521 Καὶ
791 3469 889 3537 τὴν
924 3467 1149 3540 καρδίαν
1173 3466 1352 3520 αὐτῶν
1370 3467 1562 3532 ἔταξαν
1585 3467 1809 3539 ἀπειθῆ,

231 3563 329 3618 τοῦ
357 3562 432 3634 μὴ
463 3561 765 3614 εἰσακούειν
790 3562 914 3624 τοὺς
943 3559 1142 3630 νόμους
1173 3559 1284 3631 (74)
1316 3577 1416 3630 μου
1443 3561 1688 3623 καὶτοὺς
1718 3559 1808 3612 λό-

230 3677 384 3728 γους,
419 3657 511 3721 οὓς
542 3655 886 3723 ἐξαπέστειλε
915 3653 1119 3724 Κύριος
1145 3653 1533 3727 παντοκράτωρ
1562 3655 1618 3706 ἐν
1649 3653 1812 3708 Πνεύ-

235 3767 370 3821 ματι
396 3746 561 3801 αὐτοῦ
591 3749 646 3799 ἐν
675 3747 831 3818 χερσί⁹
858 3744 966 3798 τῶν
1009 3745 1301 3818 προφητῷν
1335 3744 1498 3797 αὐτοῦ
1544 3743 1651 3796 τῶν
1696 3744 1807 3814 (75)

232 3840 545 3915 ἔμπροσθεν
570 3857 583 3870 ο
625 3859 643 3892 ι
675 3841 704 3892 ὁ
735 3839 793 3892 δὲ
818 3838 1022 3909 Πέτρος
1052 3839 1110 3890 ὲν
1143 3840 1262 3900 ταῖς
1297 3835 1564 3908 Πράξεσιν
1593 3836 1806 3906 ἔλεγεν·

236 3952 257 3985 σ
294 3932 525 4005 Ἄνδρες
553 3929 793 3998 ἀδελφοὶ,
820 3929 927 3982 ἔδει
963 3927 1318 4000 πληρωθῆναι
1347 3927 1444 3999 τὴν
1468 3928 1709 3999 Γραφὴν,
1740 3929 1808 4000 ἢν

231 4026 464 4096 προεῖπε
488 4023 548 4076 τὸ
574 4021 799 4093 Πνεῦμα
817 4021 876 4074 τὸ
907 4019 1081 4089 ἆγιον.
1126 4038 1145 4071 ›
1180 4019 1289 4072 Καὶ
1309 4022 1461 4090 κοινῇ
1495 4019 1552 4072 δὲ
1581 4021 1629 4074 οἰ
1675 4021 1810 4074 ἀπό-

233 4114 414 4169 στολοι
446 4114 612 4167 ἐϐόων
638 4112 810 4176 οὕτως
830 4131 843 4143 ·
880 4131 898 4163 ι
929 4113 1196 4176 Δέσποτα,
1225 4113 1254 4165 6
1285 4114 1516 4182 ποιήσας
1533 4111 1624 4164 τὸν
1650 4112 1810 4184 ούρα-

231 4207 346 4270 νὺν,
375 4207 470 4260 καὶ
499 4205 599 4278 τὴν
620 4206 744 4276 γῆν,
780 4204 874 4258 καὶ
897 4203 996 4275 τὴν
1021 4203 1318 4267 θάλασσαν,
1345 4204 1438 4256 καὶ
1467 4203 1645 4258 πάντα
1668 4202 1736 4257 τὰ
1751 4206 1809 4260 ἐν

232 4299 443 4362 αὐτοῖς,
460 4301 489 4351 6
518 4297 611 4351 τοῦ
644 4298 848 4370 πατρὸς
874 4299 906 4367 ἠ
916 4298 1031 4368 μῶν
1059 4295 1146 4349 διὰ
1163 4295 1478 4367 Πνεύματος
1504 4295 1655 4364 ἁγίου
1689 4297 1810 4350 στό-

308 4421 356 4453 ⁹⁰
385 4415 528 4470 Psal.
556 4427 726 4474 χχχιι,
750 4412 803 4466 6.

881 4411 924 4442 ’ί
955 4408 1099 4462 Psal.
1131 4424 1329 4470 chvn,
1363 4407 1449 4461 l8.
1529 4408 1573 4439 ⁹²
1605 4406 1624 4460 l
1657 4409 1783 4462 (lor.
1815 4426 1886 4474 v1,
1923 4410 2009 4465 H.
2089 4411 2134 4444 "
2164 4409 2321 4467 Joan.
2349 4427 2462 4473 xlv,
2486 4411 2578 4466 25.

1907 3107 2118 3175 scipite,
2145 3121 2267 3174 quae
2293 3120 2392 3175 ego
2423 3106 2624 3160 mando
2650 3105 2707 3159 in
2746 3103 2954 3174 Spiritu
2987 3119 3108 3158 meo
3139 3105 3314 3159 servis
3339 3103 3478 3158 meis

1908 3199 2190 3266 praphetis
2221 3199 2288 3252 ⁹⁶.
2327 3216 2345 3248 ι
2387 3196 2557 3250 Paulo
2581 3204 2707 3266 post
2737 3195 2900 3249 etiam
2938 3194 3199 3265 populum
3235 3195 3321 3249 his
3355 3209 3480 3248 ver-

1908 3290 1992 3345 bis
2019 3290 2272 3360 objurgat
2301 3307 2314 3343 :
2345 3307 2363 3340 (
2389 3287 2454 3342 Et
2479 3304 2576 3344 cor
2605 3287 3127 3344 suumobstinatum
3153 3291 3483 3349 statuerunt,

1909 3397 1977 3437 ne
2006 3381 2256 3436 audirent
2287 3382 2458 3451 legem
2493 3396 2694 3441 meam,
2717 3387 2773 3434 et
2819 3381 2984 3434 verba
3019 3394 3142 3448 quae
3178 3377 3331 3432 misit
3384 3375 3487 3430 Do-

1909 3473 2091 3528 minus
2121 3473 2466 3541 omnipotens
2497 3471 2554 3525 in
2610 3469 2816 3540 Spiritu
2855 3485 2957 3524 suo
2983 3469 3036 3523 in
3074 3469 3330 3524 manibus
3358 3482 3488 3536 pro-

1909 3565 2194 3634 phetarum
2227 3563 2348 3632 ejus
2377 3563 2622 3633 priorum
2649 3564 2714 3616 ⁹⁷.
2756 3580 2775 3614 ι
2815 3561 3009 3617 Petrus
3049 3562 3180 3616 item
3228 3561 3283 3614 in
3335 3559 3486 3614 Actis

1908 3657 1984 3711 ita
2011 3655 2258 3725 loquitur
2287 3671 2300 3708 :
2335 3674 2353 3706 ι
2382 3655 2498 3708 Viri
2529 3653 2748 3717 fratres,
2783 3652 3068 3722 oportebat
3095 3650 3308 3720 impleri
3339 3648 3490 3704 Scri-

1908 3756 2121 3818 pturam
2133 3762 2298 3816 quam
2312 3746 2560 3816 praedixit
2573 3745 2808 3815 Spiritus
2823 3742 3122 3800 sanctus“.
3137 3763 3156 3794 ι
3168 3741 3343 3795 Simul
3358 3756 3490 3795 vero

1907 3841 1987 3896 sic
2008 3839 2318 3896 clamabant
2341 3840 2570 3909 apostoli
2601 3858 2613 3893 :
2642 3857 2660 3890 ι
2697 3838 2946 3904 Domine,
2972 3836 3257 3907 quifecisti
3289 3834 3486 3889 caelum
3525 3879 3547 3905 ,

1907 3940 1962 3986 ει
1989 3937 2278 3998 terram,et
2293 3946 2464 3998 mare,
2487 3939 2540 3985 et
2560 3931 2741 3986 omnia
2755 3945 2877 4000 quae
2902 3928 2957 3983 in
2987 3931 3067 3986 eis
3094 3937 3242 3989 sunt,
3261 3927 3353 3995 qui
3373 3924 3496 3995 Spi-

1909 4023 2017 4077 ritu
2040 4030 2228 4077 sancto
2248 4038 2344 4094 per
2360 4037 2423 4078 os
2437 4023 2609 4092 patris
2632 4023 2803 4078 nostri
2824 4023 3011 4087 David,
3032 4021 3186 4091 pueri
3203 4017 3368 4090 544
3383 4017 3488 4083 tui,

1909 4114 2098 4170 dixisti
2126 4115 2194 4168 ’⁵.
2239 4135 2258 4167 ι
2297 4114 2500 4170 Paulus
2522 4131 2743 4186 quoque
2773 4131 2897 4172 cum
2934 4115 3122 4169 Romae
3153 4120 3488 4172 versaretur,

1909 4205 2113 4261 Judmis
2163 4207 2231 4261 ad
2277 4222 2336 4262 se
2391 4207 2735 4262 venientibus
2788 4208 3014 4262 ﬁdenter
3037 4206 3256 4261 aiebat:
3293 4222 3311 4254 ι
3344 4202 3493 4257 Bene

1916 4297 2154 4370 Spiritus
2178 4308 2400 4355 sanctus
2429 4299 2660 4356 lccutus
2687 4306 2773 4354 est
2793 4313 2890 4368 per
2939 4296 3136 4354 Isaiam
3171 4295 3492 4367 prophetam

2679 4411 2728 4444 ’⁸
2753 4409 2951 4481 Ephes.
2977 4425 3031 4474 v,
3060 4409 3145 4465 16.
3254 4408 3300 4441 ⁸⁵
3327 4405 3490 4460 ·.Ιοεη.

234 4507 355 4555 ιιν,
383 4489 472 4542 10.
547 4485 593 4518 ⁸⁸
624 4483 790 4537 Zach.
820 4496 858 4546 1,
885 4480 938 4535 6.
1013 4481 1056 4511 ⁸⁷
1082 4479 1250 4534 Zach.
1285 4495 1379 4543 vn,
1411 4479 1497 4533 12.
1574 4479 1620 4510 ⁸⁸
1645 4478 1766 4536 Act.
1800 4496 1804 4534 ι

1911 4481 1962 4536 6.
2039 4481 2087 4514 ⁹⁹
2115 4483 2235 4536 Act.
2268 4497 2342 4548 ιν,
2371 4482 2460 4544 24,
2485 4481 2580 4536 25.

311 4601 436 4678 (68_)_
457 4596 912 4678 Regiusprimus,
941 4594 1246 4678 Seguer.net
1283 4593 1812 4678 Anglic.‘166t6io;pa:
1845 4605 1888 4659 υ
1913 4596 2042 4678 aliis
2067 4605 2123 4678 et
2155 4595 2314 4678 editis
2353 4604 2549 4678 exstat.
2595 4595 2719 4678 Μοιε
2750 4594 2896 4678 Reg.
2919 4570 3492 4678 l:‘Se_guer.AGol')ler.

232 4663 352 4729 νον.
386 4663 508 4726 Mox
539 4663 745 4737 Regius
793 4663 1037 4737 primus:
1060 4674 1114 4718 et
1167 4663 1393 4735 Seguer.
1431 4663 1629 4718 habent
1677 4663 1812 4718 Θεοῦ

232 4749 376 4800 ἐστι.
412 4741 516 4794 Alii
546 4749 599 4792 et
627 4735 777 4801 editi,
808 4735 942 4788 Θεοῦ
978 4739 1102 4789 εἰσι.

311 4811 425 4881 (69)
456 4809 672 4881 Gobler.
711 4815 762 4861 et
795 4806 936 4881 fele.
968 4805 1140 4881 1,161.1
1175 4801 1350 4881 αὖθιςο
1394 4805 1814 4881 Ἀποστελεῖ-τὸν

235 4874 417 4952 Λόγον
442 4879 758 4952 αὑτοῦ,-ειο.
796 4874 995 4952 Regius
1019 4877 1157 4952 item
1185 4875 1394 4952 primus
1425 4885 1480 4929 et
1519 4877 1812 4952 secundus,

238 4945 474 5022 Seguer.
524 4946 841 5022 Basiliensis
898 4955 953 5000 et
1003 4945 1231 5022 Anglic.
1263 4947 1474 5022 habent
1510 4945 1813 5022 ἀποστελεῖ.

235 5015 537 5082 (Σέὶενίβι
577 5019 740 5084 editi,
773 5016 1136 5080 ἐξαποστελεῖ.
1182 5015 1303 5069 Mox
1348 5015 1546 5084 Regius
1593 5016 1821 5084 primus,

238 5098 476 5158 Seguer.
507 5090 727 5146 Gobler.
755 5096 808 5140 et
847 5085 990 5140 Felc.
1027 5087 1076 5150 1,
1105 5087 1386 5210 ρυίὲσεται,
1415 5086 1504 5139 ubi
1533 5087 1624 5140 alii
1650 5098 1704 5141 et
1732 5087 1820 5141 ed.

241 5164 562 5210 ὸυήσονται.
598 5159 722 5210 nox
777 5157 903 5210 item
953 5154 1152 5210 Reaius
1276 5167 1331 5210 et
1388 5157 1518 5210 edit.
1558 5157 1820 5210 Commel.

240 5154 723 5236 poﬁqov‘rat._Mo§
748 5157 903 5236 _item
953 5154 1152 5236 Regius
1186 5154 1221 5210 2
1276 5167 1331 5212 ει
1388 5157 1518 5212 edit.
1558 5157 1821 5212 Commel.

237 5229 508 5289 omittunt
551 5229 725 5295 Ἰησοῦ
747 5229 1006 5298 Χριστοῦ.

318 5302 435 5387 (70)
473 5294 740 5387 Sic-.Reg;
769 5294 1089 5387 ,_7S_eg_t_ier.
1135 5295 1352 5352 Gobler.
1391 5304 1445 5351 et
1482 5294 1626 5351 Felc.
1674 5296 1726 5350 1.
1757 5295 1826 5352 At

241 5369 342 5430 alii
379 5382 434 5426 et
464 5371 614 5436 editi,
641 5369 735 5424 τοῦ
767 5369 1022 5438 Χριστοῦ.

321 5443 438 5513 (71)
479 5435 656 5513 Art.6
697 5435 1181 5513 ante'1_‘_t6g_dee_st
1224 5438 1279 5492 in
1327 5435 1549 5513 Sgguer.
1589 5435 1816 5500 Ibidem,

241 5505 385 5584 Reg.
419 5505 469 5576 l,
499 5512 721 5584 Seguer:
754 5508 966 5578 Anglic.
1002 5505 1220 5584 G_obler.
1273 5516 1328 5584 et
1350 5506 1573 5584 el_c._l,
1601 5521 1819 5584 _ne_cnon

239 5575 658 5642 rntEnamsfin
697 5575 923 5641 Lucam,
958 5575 1116 5642 cujus
1147 5577 1392 5632 meminit
1426 5575 1567 5630 Felc.
1601 5576 1818 5642 habent,

239 5594 440 5639 rutena
475 5598 578 5642 ms.
606 5592 658 5636 in
698 5592 923 5641 Lucam,
958 5592 1116 5700 cuius
1147 5592 1392 5632 meminit
1426 5592 1567 5630 retc.
1601 5592 1818 5642 nauem,

237 5655 480 5726 οἰκήσει.
527 5651 752 5707 Videtur
800 5657 980 5704 tamen
1045 5649 1341 5718 egendum,
1386 5647 1640 5718 οἰκήσων,
1679 5654 1736 5702 ut
1768 5649 1822 5703 in

1918 4675 1973 4719 et
2002 4666 2143 4720 Felc.
2181 4667 2233 4727 1,
2260 4678 2312 4720 ει
2342 4675 2530 4720 catena
2564 4683 2666 4722 ms.
2707 4663 2926 4727 habent,
2951 4665 3045 4735 δῷ.
3084 4665 3213 4732 Reg.
3245 4664 3300 4727 2,
3327 4663 3493 4735 δῴσῃ.

1919 4735 2060 4790 Editi
2088 4720 2295 4790 vero'et
2316 4737 2446 4807 alii,
2478 4736 2610 4807 δώῃ,
2629 4720 2706 4789 ⁷υι
2732 4744 2786 4789 et
2817 4720 3013 4807 legi-tur
3045 4720 3315 4807 meimei)
3347 4720 3496 4807 seri}

1920 4817 2092 4875 pturaa
2118 4815 2286 4859 textu.
2315 4805 2448 4860 lbid.
2485 4803 2697 4876 Anglic.
2728 4816 2781 4859 et
2821 4803 2986 4859 Βάδει.
3037 4803 3500 4876 Ιιεὴεηιῃκατὰῌτὸ

1921 4872 2170 4940 πλοῦτος,
2201 4885 2258 4930 ut
2301 4886 2353 4929 et
2396 4872 2668 4940 legitur'in
2703 4891 2805 4930 ms.
2838 4875 3206 4930 Alexandrino
3230 4872 3365 4926 Novi
3398 4872 3499 4927 Te-

1923 4893 2170 4940 πλουτος,
2201 4893 2258 4930 υι
2301 4893 2353 4929 el.
2396 4893 2444 4930 ιε
2484 4893 2590 4930 lllll'
2616 4893 2668 4930 Ill
2703 4893 2805 4930 ms.
2838 4893 3206 4930 Alexandrino
3231 4893 3365 4926 HOVI
3407 4893 3499 4927 ιε·-

1923 4946 2202 5001 stamenti.
2240 4946 2383 5001 Editi
2431 4893 2608 5000 ἄχθη.
2665 4946 2822 5000 1675.
2871 4944 3036 5001 Basil.
3083 4954 3342 5014 praeterea
3395 4951 3502 5014 ’pro

1921 5018 2023 5088 τῆς
2051 5014 2438 5088 δόξης,Ιιεὺει,
2470 5016 2572 5088 τῆς
2604 5017 2843 5088 χάριτος,

2017 5087 2106 5155 72)
2134 5087 2244 5141 Καί
2272 5088 2426 5142 abest
2459 5103 2487 5139 a
2513 5085 2809 5155 Gobler.et
2836 5085 2982 5140 Felc.
3011 5086 3063 5138 l.

2017 5089 2106 5155 72)
2134 5089 2244 5141 Καί
2272 5089 2426 5142 abest
2459 5103 2487 5139 a
2513 5089 2730 5141 Gobler.
2756 5095 2809 5140 et
2836 5089 2982 5140 Felc.
3011 5089 3063 5138 l.

1994 5089 2107 5227 (75)
2140 5157 2340 5227 Regius
2367 5157 2597 5226 primus,
2628 5165 2682 5227 et
2727 5154 2963 5227 Seguer.
2993 5155 3100 5227 γάρ
3130 5151 3218 5208 hic
3250 5151 3458 5227 addunt
3484 5169 3497 5205 :

1921 5223 2014 5284 alii
2048 5223 2101 5282 et
2133 5223 2262 5282 editi
2308 5223 2583 5281 omittunt.
2631 5223 3040 5296 Iidem—Regius
3074 5223 3132 5289 ⁷1,
3185 5233 3240 5278 ει
3273 5223 3500 5293 Seguer.

1921 5301 2231 5371 paulo_p_ost
2249 5297 2531 5371 omittunt,
2558 5301 2670 5360 τοῖς
2689 5296 2902 5371 δούλοις
2939 5313 3062 5366 μου.

1997 5361 2330 5439 (74)Ἰῖεεὶυε
2355 5368 2582 5439 primus,
2609 5377 2663 5422 et
2686 5366 2908 5437 Seguer.
2940 5361 3002 5420 ut
3029 5376 3082 5420 et
3109 5365 3329 5421 Graecus
3358 5361 3504 5417 Scri-

1926 5437 2100 5512 plura}
2133 5437 2334 5512 textus,
2366 5437 2460 5512 τοῦ
2491 5438 2677 5512 νόμου.

2000 5509 2110 5579 (75)
2146 5508 2319 5562 Αὐτοῦ
2357 5507 2464 5579 τῷν
2494 5503 2642 5579 deest
2671 5509 2725 5563 in
2759 5505 2927 5579 Regio
2957 5506 3217 5579 secundo.
3249 5503 3508 5579 Basi|._et

1927 5581 2072 5636 Felc.
2094 5573 2163 5642 ’2,
2200 5596 2364 5633 anon.
2396 5578 2517 5634 Mox
2569 5573 3015 5650 ἅνδρεςᾜδελφοί
3056 5579 3320 5635 omittunt.
3345 5573 3503 5647 Gobl.

1929 5662 1980 5707 et
2012 5650 2153 5706 Felc.
2182 5651 2234 5717 1,
2259 5665 2422 5705 anon.
