  <div class='ocr_page' id='page_1' title='image "/cluster/home/n/w/nwhite01/storage/ocr_20150623/26/nnc1.0046978577/309.png"; bbox 0 0 3822 6226; ppageno 0'>
   <div class='ocr_carea' id='block_1_1' title="bbox 384 216 536 315">
    <p class='ocr_par' dir='ltr' id='par_1_1' title="bbox 384 216 536 315">
     <span class='ocr_line' id='line_1_1' title="bbox 384 216 536 315; baseline 0 -92"><span class='ocrx_word' id='word_1_1' title='bbox 384 255 492 315; x_wconf 56' lang='lat'><strong>003</strong></span> <span class='ocrx_word' id='word_1_2' title='bbox 529 216 536 223; x_wconf 91' lang='lat'><strong>.</strong></span> 
     </span>
    </p>
   </div>
   <div class='ocr_carea' id='block_1_2' title="bbox 987 222 3053 312">
    <p class='ocr_par' dir='ltr' id='par_1_2' title="bbox 987 222 3053 312">
     <span class='ocr_line' id='line_1_2' title="bbox 987 222 3053 312; baseline -0.002 0"><span class='ocrx_word' id='word_1_3' title='bbox 987 256 1044 312; x_wconf 94' lang='lat' dir='ltr'><strong>S.</strong></span> <span class='ocrx_word' id='word_1_4' title='bbox 1085 255 1459 312; x_wconf 82' lang='lat' dir='ltr'><strong>ATHANASII</strong></span> <span class='ocrx_word' id='word_1_5' title='bbox 1496 254 1646 311; x_wconf 87' lang='lat' dir='ltr'><strong>OPP.</strong></span> <span class='ocrx_word' id='word_1_6' title='bbox 1686 256 1867 311; x_wconf 80' lang='lat' dir='ltr'><strong>PARS</strong></span> <span class='ocrx_word' id='word_1_7' title='bbox 1902 255 1942 310; x_wconf 89' lang='grc'><strong>1.</strong></span> <span class='ocrx_word' id='word_1_8' title='bbox 1983 285 2053 297; x_wconf 90' lang='lat'><strong>-</strong></span> <span class='ocrx_word' id='word_1_9' title='bbox 2091 222 2477 312; x_wconf 35' lang='lat' dir='ltr'><strong>HISTORICA&#39;</strong></span> <span class='ocrx_word' id='word_1_10' title='bbox 2501 254 2589 310; x_wconf 82' lang='lat' dir='ltr'><strong>ET</strong></span> <span class='ocrx_word' id='word_1_11' title='bbox 2638 253 3053 311; x_wconf 81' lang='lat' dir='ltr'><strong>DOGMATICA.</strong></span> 
     </span>
    </p>
   </div>
   <div class='ocr_carea' id='block_1_3' title="bbox 3513 252 3623 309">
    <p class='ocr_par' dir='ltr' id='par_1_3' title="bbox 3513 252 3623 309">
     <span class='ocr_line' id='line_1_3' title="bbox 3513 252 3623 309; baseline 0.018 -2"><span class='ocrx_word' id='word_1_12' title='bbox 3513 252 3623 309; x_wconf 73' lang='lat'><strong>604</strong></span> 
     </span>
    </p>
   </div>
   <div class='ocr_carea' id='block_1_4' title="bbox 387 361 1961 443">
    <p class='ocr_par' dir='ltr' id='par_1_4' title="bbox 387 364 1950 443">
     <span class='ocr_line' id='line_1_4' title="bbox 387 364 1950 443; baseline -0.006 -16"><span class='ocrx_word' id='word_1_13' title='bbox 387 370 455 428; x_wconf 72' lang='lat' dir='ltr'><strong>a&#39;d</strong></span> <span class='ocrx_word' id='word_1_14' title='bbox 478 379 662 443; x_wconf 86' lang='lat' dir='ltr'><strong>patres</strong></span> <span class='ocrx_word' id='word_1_15' title='bbox 688 375 902 424; x_wconf 84' lang='lat' dir='ltr'><strong>vestros</strong></span> <span class='ocrx_word' id='word_1_16' title='bbox 926 367 971 420; x_wconf 75' lang='grc'>³.</span> <span class='ocrx_word' id='word_1_17' title='bbox 1002 385 1022 419; x_wconf 73' lang='grc' dir='ltr'><strong>ι</strong></span> <span class='ocrx_word' id='word_1_18' title='bbox 1050 365 1117 421; x_wconf 86' lang='grc' dir='ltr'><strong>Ει</strong></span> <span class='ocrx_word' id='word_1_19' title='bbox 1141 368 1209 420; x_wconf 88' lang='lat' dir='ltr'><strong>ad</strong></span> <span class='ocrx_word' id='word_1_20' title='bbox 1232 364 1576 420; x_wconf 74' lang='lat' dir='ltr'><strong>Timotheum</strong></span> <span class='ocrx_word' id='word_1_21' title='bbox 1596 365 1711 420; x_wconf 62' lang='lat' dir='ltr'><strong>haec</strong></span> <span class='ocrx_word' id='word_1_22' title='bbox 1733 364 1950 419; x_wconf 91' lang='lat' dir='ltr'><strong>scribit:</strong></span> 
     </span>
    </p>
   </div>
   <div class='ocr_carea' id='block_1_5' title="bbox 2071 361 3626 443">
    <p class='ocr_par' dir='ltr' id='par_1_5' title="bbox 2071 361 3626 437">
     <span class='ocr_line' id='line_1_5' title="bbox 2071 361 3626 437; baseline -0.001 -19"><span class='ocrx_word' id='word_1_23' title='bbox 2071 381 2224 428; x_wconf 71' lang='grc' dir='ltr'>ιατος</span> <span class='ocrx_word' id='word_1_24' title='bbox 2252 365 2364 437; x_wconf 82' lang='grc'>(76)</span> <span class='ocrx_word' id='word_1_25' title='bbox 2396 366 2559 419; x_wconf 75' lang='grc' dir='ltr'>Δαϐὶδ</span> <span class='ocrx_word' id='word_1_26' title='bbox 2579 364 2672 419; x_wconf 89' lang='grc' dir='ltr'><strong>τοῦ</strong></span> <span class='ocrx_word' id='word_1_27' title='bbox 2699 363 2884 427; x_wconf 84' lang='grc' dir='ltr'>παιδός</span> <span class='ocrx_word' id='word_1_28' title='bbox 2901 380 2992 416; x_wconf 89' lang='grc' dir='ltr'><strong>σου</strong></span> <span class='ocrx_word' id='word_1_29' title='bbox 3020 361 3208 415; x_wconf 84' lang='grc' dir='ltr'>είπών.</span> <span class='ocrx_word' id='word_1_30' title='bbox 3245 381 3264 413; x_wconf 71' lang='grc' dir='ltr'><strong>ι</strong></span> <span class='ocrx_word' id='word_1_31' title='bbox 3290 361 3399 415; x_wconf 75' lang='grc' dir='ltr'><strong>Καὶ</strong></span> <span class='ocrx_word' id='word_1_32' title='bbox 3430 362 3459 415; x_wconf 92' lang='lat'><strong>6</strong></span> <span class='ocrx_word' id='word_1_33' title='bbox 3482 363 3626 416; x_wconf 83' lang='grc' dir='ltr'>Παῦ-</span> 
     </span>
    </p>
   </div>
   <div class='ocr_carea' id='block_1_6' title="bbox 393 456 1951 533">
    <p class='ocr_par' dir='ltr' id='par_1_6' title="bbox 393 456 1951 533">
     <span class='ocr_line' id='line_1_6' title="bbox 393 456 1951 533; baseline -0.005 -16"><span class='ocrx_word' id='word_1_34' title='bbox 393 482 413 516; x_wconf 71' lang='grc' dir='ltr'><strong>ι</strong></span> <span class='ocrx_word' id='word_1_35' title='bbox 447 463 687 533; x_wconf 78' lang='lat' dir='ltr'><strong>Spiritus</strong></span> <span class='ocrx_word' id='word_1_36' title='bbox 719 470 900 515; x_wconf 89' lang='lat' dir='ltr'><strong>autem</strong></span> <span class='ocrx_word' id='word_1_37' title='bbox 930 456 1217 513; x_wconf 72' lang='lat' dir='ltr'><strong>manifeste</strong></span> <span class='ocrx_word' id='word_1_38' title='bbox 1249 458 1405 523; x_wconf 86' lang='lat' dir='ltr'><strong>dicit,</strong></span> <span class='ocrx_word' id='word_1_39' title='bbox 1436 457 1565 527; x_wconf 88' lang='lat' dir='ltr'><strong>quia</strong></span> <span class='ocrx_word' id='word_1_40' title='bbox 1612 457 1669 511; x_wconf 88' lang='lat' dir='ltr'><strong>in</strong></span> <span class='ocrx_word' id='word_1_41' title='bbox 1713 456 1951 511; x_wconf 85' lang='lat' dir='ltr'><strong>novissi-</strong></span> 
     </span>
    </p>
   </div>
   <div class='ocr_carea' id='block_1_7' title="bbox 387 548 1955 624">
    <p class='ocr_par' dir='ltr' id='par_1_7' title="bbox 387 548 1955 624">
     <span class='ocr_line' id='line_1_7' title="bbox 387 548 1955 624; baseline -0.006 -13"><span class='ocrx_word' id='word_1_42' title='bbox 387 555 496 610; x_wconf 86' lang='lat' dir='ltr'><strong>mis</strong></span> <span class='ocrx_word' id='word_1_43' title='bbox 526 552 858 624; x_wconf 84' lang='lat' dir='ltr'><strong>temporibus</strong></span> <span class='ocrx_word' id='word_1_44' title='bbox 896 549 1177 606; x_wconf 79' lang='lat' dir='ltr'><strong>discedent</strong></span> <span class='ocrx_word' id='word_1_45' title='bbox 1228 549 1449 620; x_wconf 88' lang='lat' dir='ltr'><strong>quidam</strong></span> <span class='ocrx_word' id='word_1_46' title='bbox 1485 565 1515 603; x_wconf 95' lang='lat' dir='ltr'><strong>a</strong></span> <span class='ocrx_word' id='word_1_47' title='bbox 1546 564 1679 603; x_wconf 89' lang='lat' dir='ltr'><strong>sana</strong></span> <span class='ocrx_word' id='word_1_48' title='bbox 1710 548 1836 609; x_wconf 83' lang='lat' dir='ltr'><strong>ﬁde,</strong></span> <span class='ocrx_word' id='word_1_49' title='bbox 1870 556 1955 601; x_wconf 83' lang='lat' dir='ltr'><strong>at—</strong></span> 
     </span>
    </p>
   </div>
   <div class='ocr_carea' id='block_1_8' title="bbox 388 639 1954 714">
    <p class='ocr_par' dir='ltr' id='par_1_8' title="bbox 388 639 1954 714">
     <span class='ocr_line' id='line_1_8' title="bbox 388 639 1954 714; baseline -0.007 -10"><span class='ocrx_word' id='word_1_50' title='bbox 388 648 670 704; x_wconf 85' lang='lat' dir='ltr'><strong>tendentes</strong></span> <span class='ocrx_word' id='word_1_51' title='bbox 699 643 983 714; x_wconf 86' lang='lat' dir='ltr'><strong>spiritibus</strong></span> <span class='ocrx_word' id='word_1_52' title='bbox 1007 643 1213 697; x_wconf 86' lang='lat' dir='ltr'><strong>erroris</strong></span> <span class='ocrx_word' id='word_1_53' title='bbox 1242 646 1285 696; x_wconf 86' lang='grc'>¹.</span> <span class='ocrx_word' id='word_1_54' title='bbox 1320 662 1338 694; x_wconf 73' lang='grc' dir='ltr'><strong>ι</strong></span> <span class='ocrx_word' id='word_1_55' title='bbox 1366 642 1636 707; x_wconf 79' lang='lat' dir='ltr'><strong>Quocirca</strong></span> <span class='ocrx_word' id='word_1_56' title='bbox 1681 657 1802 696; x_wconf 90' lang='lat' dir='ltr'><strong>cum</strong></span> <span class='ocrx_word' id='word_1_57' title='bbox 1830 639 1954 709; x_wconf 89' lang='lat' dir='ltr'><strong>Spi-</strong></span> 
     </span>
    </p>
   </div>
   <div class='ocr_carea' id='block_1_9' title="bbox 386 731 1954 805">
    <p class='ocr_par' dir='ltr' id='par_1_9' title="bbox 386 731 1954 805">
     <span class='ocr_line' id='line_1_9' title="bbox 386 731 1954 805; baseline -0.006 -11"><span class='ocrx_word' id='word_1_58' title='bbox 386 741 528 794; x_wconf 85' lang='lat' dir='ltr'><strong>ritus</strong></span> <span class='ocrx_word' id='word_1_59' title='bbox 552 737 754 793; x_wconf 91' lang='lat' dir='ltr'><strong>dicitur</strong></span> <span class='ocrx_word' id='word_1_60' title='bbox 787 736 843 791; x_wconf 90' lang='lat' dir='ltr'><strong>in</strong></span> <span class='ocrx_word' id='word_1_61' title='bbox 890 735 1075 805; x_wconf 86' lang='lat' dir='ltr'><strong>aliquo</strong></span> <span class='ocrx_word' id='word_1_62' title='bbox 1100 747 1244 797; x_wconf 89' lang='lat' dir='ltr'><strong>esse,</strong></span> <span class='ocrx_word' id='word_1_63' title='bbox 1276 732 1516 787; x_wconf 81' lang='lat' dir='ltr'><strong>Verbum</strong></span> <span class='ocrx_word' id='word_1_64' title='bbox 1566 733 1622 786; x_wconf 92' lang='lat' dir='ltr'><strong>in</strong></span> <span class='ocrx_word' id='word_1_65' title='bbox 1665 732 1786 802; x_wconf 93' lang='lat' dir='ltr'><strong>ipso</strong></span> <span class='ocrx_word' id='word_1_66' title='bbox 1818 731 1954 785; x_wconf 88' lang='lat' dir='ltr'><strong>dans</strong></span> 
     </span>
    </p>
   </div>
   <div class='ocr_carea' id='block_1_10' title="bbox 389 825 1957 902">
    <p class='ocr_par' dir='ltr' id='par_1_10' title="bbox 389 825 1957 902">
     <span class='ocr_line' id='line_1_10' title="bbox 389 825 1957 902; baseline -0.007 -15"><span class='ocrx_word' id='word_1_67' title='bbox 389 831 651 902; x_wconf 90' lang='lat' dir='ltr'><strong>Spiritum</strong></span> <span class='ocrx_word' id='word_1_68' title='bbox 686 828 1029 897; x_wconf 80' lang='lat' dir='ltr'><strong>intelligitur.</strong></span> <span class='ocrx_word' id='word_1_69' title='bbox 1060 825 1200 883; x_wconf 79' lang='lat' dir='ltr'><strong>Hinc</strong></span> <span class='ocrx_word' id='word_1_70' title='bbox 1227 841 1349 882; x_wconf 93' lang='lat' dir='ltr'><strong>cum</strong></span> <span class='ocrx_word' id='word_1_71' title='bbox 1379 826 1695 894; x_wconf 88' lang='lat' dir='ltr'><strong>impleretur</strong></span> <span class='ocrx_word' id='word_1_72' title='bbox 1722 825 1957 894; x_wconf 89' lang='lat' dir='ltr'><strong>prophe-</strong></span> 
     </span>
    </p>
   </div>
   <div class='ocr_carea' id='block_1_11' title="bbox 389 915 1956 992">
    <p class='ocr_par' dir='ltr' id='par_1_11' title="bbox 389 915 1956 992">
     <span class='ocr_line' id='line_1_11' title="bbox 389 915 1956 992; baseline -0.006 -14"><span class='ocrx_word' id='word_1_73' title='bbox 389 924 482 989; x_wconf 88' lang='lat' dir='ltr'><strong>tia,</strong></span> <span class='ocrx_word' id='word_1_74' title='bbox 520 937 644 992; x_wconf 74' lang='lat' dir='ltr'><strong>qua:</strong></span> <span class='ocrx_word' id='word_1_75' title='bbox 669 921 846 976; x_wconf 88' lang='lat' dir='ltr'><strong>dicit:</strong></span> <span class='ocrx_word' id='word_1_76' title='bbox 885 938 903 972; x_wconf 78' lang='grc' dir='ltr'>ι</span> <span class='ocrx_word' id='word_1_77' title='bbox 932 917 1220 973; x_wconf 70' lang='lat' dir='ltr'><strong>Elfundam</strong></span> <span class='ocrx_word' id='word_1_78' title='bbox 1268 917 1336 971; x_wconf 91' lang='lat' dir='ltr'><strong>de</strong></span> <span class='ocrx_word' id='word_1_79' title='bbox 1375 915 1579 986; x_wconf 89' lang='lat' dir='ltr'><strong>Spiritu</strong></span> <span class='ocrx_word' id='word_1_80' title='bbox 1637 930 1759 970; x_wconf 88' lang='lat' dir='ltr'><strong>meo</strong></span> <span class='ocrx_word' id='word_1_81' title='bbox 1792 929 1956 984; x_wconf 82' lang='lat' dir='ltr'><strong>super</strong></span> 
     </span>
    </p>
   </div>
   <div class='ocr_carea' id='block_1_12' title="bbox 386 1005 1956 1076">
    <p class='ocr_par' dir='ltr' id='par_1_12' title="bbox 386 1005 1956 1076">
     <span class='ocr_line' id='line_1_12' title="bbox 386 1005 1956 1076; baseline -0.008 -5"><span class='ocrx_word' id='word_1_82' title='bbox 386 1032 607 1072; x_wconf 82' lang='lat' dir='ltr'><strong>omnem</strong></span> <span class='ocrx_word' id='word_1_83' title='bbox 643 1028 865 1070; x_wconf 76' lang='lat' dir='ltr'><strong>carnem</strong></span> <span class='ocrx_word' id='word_1_84' title='bbox 898 1012 941 1076; x_wconf 83' lang='grc'>³,</span> <span class='ocrx_word' id='word_1_85' title='bbox 981 1030 999 1062; x_wconf 84' lang='grc'><strong>›</strong></span> <span class='ocrx_word' id='word_1_86' title='bbox 1034 1009 1238 1064; x_wconf 87' lang='lat' dir='ltr'><strong>Paulus</strong></span> <span class='ocrx_word' id='word_1_87' title='bbox 1286 1009 1381 1074; x_wconf 88' lang='lat' dir='ltr'><strong>ait,</strong></span> <span class='ocrx_word' id='word_1_88' title='bbox 1413 1026 1432 1059; x_wconf 74' lang='grc' dir='ltr'>ί</span> <span class='ocrx_word' id='word_1_89' title='bbox 1468 1005 1777 1061; x_wconf 87' lang='lat' dir='ltr'><strong>Secundum</strong></span> <span class='ocrx_word' id='word_1_90' title='bbox 1827 1008 1956 1060; x_wconf 85' lang='lat' dir='ltr'><strong>sub-</strong></span> 
     </span>
    </p>
   </div>
   <div class='ocr_carea' id='block_1_13' title="bbox 386 1094 1957 1172">
    <p class='ocr_par' dir='ltr' id='par_1_13' title="bbox 386 1094 1957 1172">
     <span class='ocr_line' id='line_1_13' title="bbox 386 1094 1957 1172; baseline -0.008 -9"><span class='ocrx_word' id='word_1_91' title='bbox 386 1106 851 1166; x_wconf 85' lang='lat' dir='ltr'><strong>ministrationem</strong></span> <span class='ocrx_word' id='word_1_92' title='bbox 897 1101 1135 1172; x_wconf 88' lang='lat' dir='ltr'><strong>Spiritus</strong></span> <span class='ocrx_word' id='word_1_93' title='bbox 1154 1098 1284 1154; x_wconf 87' lang='lat' dir='ltr'><strong>Jesu</strong></span> <span class='ocrx_word' id='word_1_94' title='bbox 1308 1097 1512 1153; x_wconf 85' lang='lat' dir='ltr'><strong>Christi</strong></span> <span class='ocrx_word' id='word_1_95' title='bbox 1547 1098 1604 1151; x_wconf 89' lang='lat' dir='ltr'><strong>in</strong></span> <span class='ocrx_word' id='word_1_96' title='bbox 1643 1112 1731 1151; x_wconf 90' lang='lat' dir='ltr'><strong>me</strong></span> <span class='ocrx_word' id='word_1_97' title='bbox 1754 1096 1795 1149; x_wconf 78' lang='grc'><strong>’⁵.</strong></span> <span class='ocrx_word' id='word_1_98' title='bbox 1839 1115 1857 1147; x_wconf 73' lang='grc' dir='ltr'><strong>ι</strong></span> <span class='ocrx_word' id='word_1_99' title='bbox 1891 1094 1957 1150; x_wconf 84' lang='grc' dir='ltr'><strong>Ει</strong></span> 
     </span>
    </p>
   </div>
   <div class='ocr_carea' id='block_1_14' title="bbox 385 1190 1955 1260">
    <p class='ocr_par' dir='ltr' id='par_1_14' title="bbox 385 1190 1955 1260">
     <span class='ocr_line' id='line_1_14' title="bbox 385 1190 1955 1260; baseline -0.006 -8"><span class='ocrx_word' id='word_1_100' title='bbox 385 1199 455 1252; x_wconf 86' lang='lat' dir='ltr'><strong>ad</strong></span> <span class='ocrx_word' id='word_1_101' title='bbox 496 1196 814 1252; x_wconf 88' lang='lat' dir='ltr'><strong>Corinthios</strong></span> <span class='ocrx_word' id='word_1_102' title='bbox 863 1194 1005 1249; x_wconf 89' lang='lat' dir='ltr'><strong>idem</strong></span> <span class='ocrx_word' id='word_1_103' title='bbox 1044 1191 1274 1247; x_wconf 88' lang='lat' dir='ltr'><strong>scribit:</strong></span> <span class='ocrx_word' id='word_1_104' title='bbox 1323 1209 1342 1242; x_wconf 87' lang='grc'><strong>(</strong></span> <span class='ocrx_word' id='word_1_105' title='bbox 1392 1190 1475 1244; x_wconf 83' lang='grc' dir='ltr'>Αη</span> <span class='ocrx_word' id='word_1_106' title='bbox 1525 1191 1955 1260; x_wconf 80' lang='lat' dir='ltr'><strong>experimentum</strong></span> 
     </span>
    </p>
   </div>
   <div class='ocr_carea' id='block_1_15' title="bbox 387 1279 1956 1360">
    <p class='ocr_par' dir='ltr' id='par_1_15' title="bbox 387 1279 1956 1360">
     <span class='ocr_line' id='line_1_15' title="bbox 387 1279 1956 1360; baseline -0.006 -18"><span class='ocrx_word' id='word_1_107' title='bbox 387 1289 633 1360; x_wconf 65' lang='lat' dir='ltr'><strong>quaeritis</strong></span> <span class='ocrx_word' id='word_1_108' title='bbox 666 1282 784 1357; x_wconf 87' lang='lat' dir='ltr'><strong>ejus</strong></span> <span class='ocrx_word' id='word_1_109' title='bbox 816 1285 911 1356; x_wconf 89' lang='lat' dir='ltr'><strong>qui</strong></span> <span class='ocrx_word' id='word_1_110' title='bbox 958 1285 1015 1339; x_wconf 89' lang='lat' dir='ltr'><strong>in</strong></span> <span class='ocrx_word' id='word_1_111' title='bbox 1064 1300 1152 1339; x_wconf 88' lang='lat' dir='ltr'><strong>me</strong></span> <span class='ocrx_word' id='word_1_112' title='bbox 1190 1283 1434 1353; x_wconf 85' lang='lat' dir='ltr'><strong>loquitur</strong></span> <span class='ocrx_word' id='word_1_113' title='bbox 1473 1281 1723 1337; x_wconf 88' lang='lat' dir='ltr'><strong>Christus</strong></span> <span class='ocrx_word' id='word_1_114' title='bbox 1749 1282 1812 1335; x_wconf 77' lang='lat' dir='ltr'><strong>l’?</strong></span> <span class='ocrx_word' id='word_1_115' title='bbox 1843 1301 1861 1332; x_wconf 69' lang='grc' dir='ltr'>δ</span> <span class='ocrx_word' id='word_1_116' title='bbox 1898 1279 1956 1334; x_wconf 91' lang='lat' dir='ltr'><strong>Si</strong></span> 
     </span>
    </p>
   </div>
   <div class='ocr_carea' id='block_1_16' title="bbox 387 1371 1957 1450">
    <p class='ocr_par' dir='ltr' id='par_1_16' title="bbox 387 1371 1957 1450">
     <span class='ocr_line' id='line_1_16' title="bbox 387 1371 1957 1450; baseline -0.005 -15"><span class='ocrx_word' id='word_1_117' title='bbox 387 1395 554 1450; x_wconf 89' lang='lat' dir='ltr'><strong>porro</strong></span> <span class='ocrx_word' id='word_1_118' title='bbox 584 1378 838 1434; x_wconf 89' lang='lat' dir='ltr'><strong>Christus</strong></span> <span class='ocrx_word' id='word_1_119' title='bbox 864 1385 980 1433; x_wconf 90' lang='lat' dir='ltr'><strong>erat</strong></span> <span class='ocrx_word' id='word_1_120' title='bbox 1005 1376 1098 1447; x_wconf 92' lang='lat' dir='ltr'><strong>qui</strong></span> <span class='ocrx_word' id='word_1_121' title='bbox 1124 1376 1177 1430; x_wconf 90' lang='lat' dir='ltr'><strong>in</strong></span> <span class='ocrx_word' id='word_1_122' title='bbox 1213 1389 1279 1430; x_wconf 92' lang='lat' dir='ltr'><strong>eo</strong></span> <span class='ocrx_word' id='word_1_123' title='bbox 1326 1374 1673 1444; x_wconf 87' lang='lat' dir='ltr'><strong>loquebatur,</strong></span> <span class='ocrx_word' id='word_1_124' title='bbox 1726 1371 1957 1427; x_wconf 82' lang='lat' dir='ltr'><strong>manife—</strong></span> 
     </span>
    </p>
   </div>
   <div class='ocr_carea' id='block_1_17' title="bbox 390 1464 1959 1535">
    <p class='ocr_par' dir='ltr' id='par_1_17' title="bbox 390 1464 1959 1535">
     <span class='ocr_line' id='line_1_17' title="bbox 390 1464 1959 1535; baseline -0.005 -10"><span class='ocrx_word' id='word_1_125' title='bbox 390 1478 536 1526; x_wconf 85' lang='lat' dir='ltr'><strong>stum</strong></span> <span class='ocrx_word' id='word_1_126' title='bbox 573 1476 658 1523; x_wconf 89' lang='lat' dir='ltr'><strong>est</strong></span> <span class='ocrx_word' id='word_1_127' title='bbox 693 1467 899 1522; x_wconf 89' lang='lat' dir='ltr'><strong>Christi</strong></span> <span class='ocrx_word' id='word_1_128' title='bbox 926 1466 1099 1521; x_wconf 79' lang='lat' dir='ltr'><strong>fuisse</strong></span> <span class='ocrx_word' id='word_1_129' title='bbox 1123 1464 1387 1535; x_wconf 89' lang='lat' dir='ltr'><strong>Spiritum</strong></span> <span class='ocrx_word' id='word_1_130' title='bbox 1419 1464 1511 1534; x_wconf 91' lang='lat' dir='ltr'><strong>qui</strong></span> <span class='ocrx_word' id='word_1_131' title='bbox 1558 1464 1615 1518; x_wconf 91' lang='lat' dir='ltr'><strong>in</strong></span> <span class='ocrx_word' id='word_1_132' title='bbox 1650 1464 1742 1517; x_wconf 91' lang='lat' dir='ltr'><strong>illo</strong></span> <span class='ocrx_word' id='word_1_133' title='bbox 1769 1464 1959 1533; x_wconf 88' lang='lat' dir='ltr'><strong>loque—</strong></span> 
     </span>
    </p>
   </div>
   <div class='ocr_carea' id='block_1_18' title="bbox 390 1556 1961 1629">
    <p class='ocr_par' dir='ltr' id='par_1_18' title="bbox 390 1556 1961 1629">
     <span class='ocr_line' id='line_1_18' title="bbox 390 1556 1961 1629; baseline -0.004 -12"><span class='ocrx_word' id='word_1_134' title='bbox 390 1562 572 1617; x_wconf 84' lang='lat' dir='ltr'><strong>batur.</strong></span> <span class='ocrx_word' id='word_1_135' title='bbox 601 1558 814 1615; x_wconf 90' lang='lat' dir='ltr'><strong>Etenim</strong></span> <span class='ocrx_word' id='word_1_136' title='bbox 850 1574 973 1614; x_wconf 92' lang='lat' dir='ltr'><strong>cum</strong></span> <span class='ocrx_word' id='word_1_137' title='bbox 1001 1557 1254 1629; x_wconf 82' lang='lat' dir='ltr'><strong>Christus</strong></span> <span class='ocrx_word' id='word_1_138' title='bbox 1282 1558 1336 1611; x_wconf 91' lang='lat' dir='ltr'><strong>iu</strong></span> <span class='ocrx_word' id='word_1_139' title='bbox 1368 1556 1521 1611; x_wconf 87' lang='lat' dir='ltr'><strong>Actis</strong></span> <span class='ocrx_word' id='word_1_140' title='bbox 1546 1556 1602 1610; x_wconf 92' lang='lat' dir='ltr'><strong>in</strong></span> <span class='ocrx_word' id='word_1_141' title='bbox 1626 1556 1746 1625; x_wconf 92' lang='lat' dir='ltr'><strong>ipso</strong></span> <span class='ocrx_word' id='word_1_142' title='bbox 1770 1556 1961 1626; x_wconf 89' lang='lat' dir='ltr'><strong>loque—</strong></span> 
     </span>
    </p>
   </div>
   <div class='ocr_carea' id='block_1_19' title="bbox 390 1649 1956 1721">
    <p class='ocr_par' dir='ltr' id='par_1_19' title="bbox 390 1649 1956 1721">
     <span class='ocr_line' id='line_1_19' title="bbox 390 1649 1956 1721; baseline -0.004 -10"><span class='ocrx_word' id='word_1_143' title='bbox 390 1665 564 1717; x_wconf 86' lang='lat' dir='ltr'><strong>retur,</strong></span> <span class='ocrx_word' id='word_1_144' title='bbox 596 1668 792 1709; x_wconf 89' lang='lat' dir='ltr'><strong>rursus</strong></span> <span class='ocrx_word' id='word_1_145' title='bbox 817 1653 908 1707; x_wconf 89' lang='lat' dir='ltr'><strong>ille</strong></span> <span class='ocrx_word' id='word_1_146' title='bbox 939 1652 1190 1707; x_wconf 86' lang='lat' dir='ltr'><strong>dicebat:</strong></span> <span class='ocrx_word' id='word_1_147' title='bbox 1232 1671 1250 1702; x_wconf 76' lang='grc' dir='ltr'>ι</span> <span class='ocrx_word' id='word_1_148' title='bbox 1285 1649 1352 1705; x_wconf 89' lang='grc' dir='ltr'><strong>Ει</strong></span> <span class='ocrx_word' id='word_1_149' title='bbox 1374 1666 1522 1705; x_wconf 86' lang='lat' dir='ltr'><strong>nunc</strong></span> <span class='ocrx_word' id='word_1_150' title='bbox 1548 1665 1674 1706; x_wconf 90' lang='lat' dir='ltr'><strong>ecce</strong></span> <span class='ocrx_word' id='word_1_151' title='bbox 1703 1651 1956 1721; x_wconf 85' lang='lat' dir='ltr'><strong>alligatus</strong></span> 
     </span>
    </p>
   </div>
   <div class='ocr_carea' id='block_1_20' title="bbox 389 1740 1956 1819">
    <p class='ocr_par' dir='ltr' id='par_1_20' title="bbox 389 1740 1956 1819">
     <span class='ocr_line' id='line_1_20' title="bbox 389 1740 1956 1819; baseline -0.004 -17"><span class='ocrx_word' id='word_1_152' title='bbox 389 1762 495 1819; x_wconf 84' lang='lat' dir='ltr'><strong>ego</strong></span> <span class='ocrx_word' id='word_1_153' title='bbox 528 1745 757 1818; x_wconf 90' lang='lat' dir='ltr'><strong>Spiritu,</strong></span> <span class='ocrx_word' id='word_1_154' title='bbox 791 1744 931 1800; x_wconf 89' lang='lat' dir='ltr'><strong>vado</strong></span> <span class='ocrx_word' id='word_1_155' title='bbox 963 1743 1019 1797; x_wconf 92' lang='lat' dir='ltr'><strong>in</strong></span> <span class='ocrx_word' id='word_1_156' title='bbox 1050 1740 1373 1808; x_wconf 85' lang='lat' dir='ltr'><strong>Jerusalem,</strong></span> <span class='ocrx_word' id='word_1_157' title='bbox 1397 1756 1518 1812; x_wconf 62' lang='lat' dir='ltr'><strong>quae</strong></span> <span class='ocrx_word' id='word_1_158' title='bbox 1550 1741 1607 1795; x_wconf 93' lang='lat' dir='ltr'><strong>in</strong></span> <span class='ocrx_word' id='word_1_159' title='bbox 1636 1756 1700 1796; x_wconf 90' lang='lat' dir='ltr'><strong>ea</strong></span> <span class='ocrx_word' id='word_1_160' title='bbox 1727 1749 1956 1796; x_wconf 86' lang='lat' dir='ltr'><strong>ventura</strong></span> 
     </span>
    </p>
   </div>
   <div class='ocr_carea' id='block_1_21' title="bbox 391 1832 1959 1907">
    <p class='ocr_par' dir='ltr' id='par_1_21' title="bbox 391 1832 1959 1907">
     <span class='ocr_line' id='line_1_21' title="bbox 391 1832 1959 1907; baseline -0.005 -12"><span class='ocrx_word' id='word_1_161' title='bbox 391 1849 523 1895; x_wconf 86' lang='lat' dir='ltr'><strong>sunt</strong></span> <span class='ocrx_word' id='word_1_162' title='bbox 543 1837 677 1893; x_wconf 89' lang='lat' dir='ltr'><strong>mihi</strong></span> <span class='ocrx_word' id='word_1_163' title='bbox 703 1837 982 1907; x_wconf 78' lang='lat' dir='ltr'><strong>ignorans,</strong></span> <span class='ocrx_word' id='word_1_164' title='bbox 1011 1834 1116 1890; x_wconf 89' lang='lat' dir='ltr'><strong>nisi</strong></span> <span class='ocrx_word' id='word_1_165' title='bbox 1145 1833 1291 1904; x_wconf 91' lang='lat' dir='ltr'><strong>quod</strong></span> <span class='ocrx_word' id='word_1_166' title='bbox 1321 1832 1558 1902; x_wconf 91' lang='lat' dir='ltr'><strong>Spiritus</strong></span> <span class='ocrx_word' id='word_1_167' title='bbox 1608 1843 1833 1888; x_wconf 88' lang='lat' dir='ltr'><strong>sanctus</strong></span> <span class='ocrx_word' id='word_1_168' title='bbox 1861 1848 1959 1903; x_wconf 88' lang='lat' dir='ltr'><strong>per</strong></span> 
     </span>
    </p>
   </div>
   <div class='ocr_carea' id='block_1_22' title="bbox 390 1921 1959 1999">
    <p class='ocr_par' dir='ltr' id='par_1_22' title="bbox 390 1921 1959 1999">
     <span class='ocr_line' id='line_1_22' title="bbox 390 1921 1959 1999; baseline -0.006 -13"><span class='ocrx_word' id='word_1_169' title='bbox 390 1931 644 1988; x_wconf 87' lang='lat' dir='ltr'><strong>civitates</strong></span> <span class='ocrx_word' id='word_1_170' title='bbox 674 1935 1012 1999; x_wconf 90' lang='lat' dir='ltr'><strong>protestatur</strong></span> <span class='ocrx_word' id='word_1_171' title='bbox 1052 1924 1187 1978; x_wconf 89' lang='lat' dir='ltr'><strong>mihi</strong></span> <span class='ocrx_word' id='word_1_172' title='bbox 1210 1923 1420 1987; x_wconf 88' lang='lat' dir='ltr'><strong>dicens,</strong></span> <span class='ocrx_word' id='word_1_173' title='bbox 1450 1921 1709 1992; x_wconf 85' lang='lat' dir='ltr'><strong>quoniam</strong></span> <span class='ocrx_word' id='word_1_174' title='bbox 1742 1922 1959 1977; x_wconf 80' lang='lat' dir='ltr'><strong>vincula</strong></span> 
     </span>
    </p>
   </div>
   <div class='ocr_carea' id='block_1_23' title="bbox 391 2013 1959 2077">
    <p class='ocr_par' dir='ltr' id='par_1_23' title="bbox 391 2013 1959 2077">
     <span class='ocr_line' id='line_1_23' title="bbox 391 2013 1959 2077; baseline -0.006 0"><span class='ocrx_word' id='word_1_175' title='bbox 391 2030 449 2077; x_wconf 87' lang='lat' dir='ltr'><strong>et</strong></span> <span class='ocrx_word' id='word_1_176' title='bbox 475 2021 853 2076; x_wconf 88' lang='lat' dir='ltr'><strong>tribulationes</strong></span> <span class='ocrx_word' id='word_1_177' title='bbox 899 2033 988 2072; x_wconf 88' lang='lat' dir='ltr'><strong>me</strong></span> <span class='ocrx_word' id='word_1_178' title='bbox 1030 2026 1255 2072; x_wconf 85' lang='lat' dir='ltr'><strong>manent</strong></span> <span class='ocrx_word' id='word_1_179' title='bbox 1291 2016 1331 2069; x_wconf 83' lang='grc'>⁸.</span> <span class='ocrx_word' id='word_1_180' title='bbox 1370 2034 1391 2069; x_wconf 86' lang='grc'><strong>›</strong></span> <span class='ocrx_word' id='word_1_181' title='bbox 1426 2013 1578 2070; x_wconf 83' lang='lat' dir='ltr'><strong>Unde</strong></span> <span class='ocrx_word' id='word_1_182' title='bbox 1621 2030 1745 2069; x_wconf 90' lang='lat' dir='ltr'><strong>cum</strong></span> <span class='ocrx_word' id='word_1_183' title='bbox 1784 2014 1959 2070; x_wconf 88' lang='lat' dir='ltr'><strong>sancti</strong></span> 
     </span>
    </p>
   </div>
   <div class='ocr_carea' id='block_1_24' title="bbox 392 2106 1956 2177">
    <p class='ocr_par' dir='ltr' id='par_1_24' title="bbox 392 2106 1956 2177">
     <span class='ocr_line' id='line_1_24' title="bbox 392 2106 1956 2177; baseline -0.005 -9"><span class='ocrx_word' id='word_1_184' title='bbox 392 2112 602 2175; x_wconf 89' lang='lat' dir='ltr'><strong>dicunt,</strong></span> <span class='ocrx_word' id='word_1_185' title='bbox 645 2109 933 2172; x_wconf 67' lang='grc' dir='ltr'><strong>Ηωοοάὶσίι</strong></span> <span class='ocrx_word' id='word_1_186' title='bbox 962 2108 1240 2175; x_wconf 80' lang='lat' dir='ltr'><strong>Dominus,</strong></span> <span class='ocrx_word' id='word_1_187' title='bbox 1265 2121 1373 2162; x_wconf 91' lang='lat' dir='ltr'><strong>non</strong></span> <span class='ocrx_word' id='word_1_188' title='bbox 1412 2106 1569 2162; x_wconf 88' lang='lat' dir='ltr'><strong>aliter</strong></span> <span class='ocrx_word' id='word_1_189' title='bbox 1616 2121 1749 2162; x_wconf 85' lang='lat' dir='ltr'><strong>sane</strong></span> <span class='ocrx_word' id='word_1_190' title='bbox 1792 2121 1956 2177; x_wconf 91' lang='lat' dir='ltr'><strong>quam</strong></span> 
     </span>
    </p>
   </div>
   <div class='ocr_carea' id='block_1_25' title="bbox 392 2197 1961 2272">
    <p class='ocr_par' dir='ltr' id='par_1_25' title="bbox 392 2197 1961 2272">
     <span class='ocr_line' id='line_1_25' title="bbox 392 2197 1961 2272; baseline -0.004 -15"><span class='ocrx_word' id='word_1_191' title='bbox 392 2202 452 2257; x_wconf 85' lang='lat' dir='ltr'><strong>in</strong></span> <span class='ocrx_word' id='word_1_192' title='bbox 484 2202 691 2272; x_wconf 86' lang='lat' dir='ltr'><strong>Spiritu</strong></span> <span class='ocrx_word' id='word_1_193' title='bbox 725 2210 914 2256; x_wconf 90' lang='lat' dir='ltr'><strong>sancto</strong></span> <span class='ocrx_word' id='word_1_194' title='bbox 943 2199 1244 2269; x_wconf 90' lang='lat' dir='ltr'><strong>loquuntur</strong></span> <span class='ocrx_word' id='word_1_195' title='bbox 1274 2217 1289 2265; x_wconf 91' lang='lat'><strong>;</strong></span> <span class='ocrx_word' id='word_1_196' title='bbox 1326 2206 1381 2254; x_wconf 85' lang='lat' dir='ltr'><strong>et</strong></span> <span class='ocrx_word' id='word_1_197' title='bbox 1411 2198 1467 2252; x_wconf 92' lang='lat' dir='ltr'><strong>in</strong></span> <span class='ocrx_word' id='word_1_198' title='bbox 1501 2197 1704 2268; x_wconf 89' lang='lat' dir='ltr'><strong>Spiritu</strong></span> <span class='ocrx_word' id='word_1_199' title='bbox 1736 2198 1961 2268; x_wconf 90' lang='lat' dir='ltr'><strong>loquen-</strong></span> 
     </span>
    </p>
   </div>
   <div class='ocr_carea' id='block_1_26' title="bbox 391 2288 1960 2359">
    <p class='ocr_par' dir='ltr' id='par_1_26' title="bbox 391 2288 1960 2359">
     <span class='ocr_line' id='line_1_26' title="bbox 391 2288 1960 2359; baseline -0.003 -10"><span class='ocrx_word' id='word_1_200' title='bbox 391 2302 496 2359; x_wconf 84' lang='lat' dir='ltr'><strong>tes,</strong></span> <span class='ocrx_word' id='word_1_201' title='bbox 531 2293 587 2347; x_wconf 92' lang='lat' dir='ltr'><strong>in</strong></span> <span class='ocrx_word' id='word_1_202' title='bbox 618 2292 842 2347; x_wconf 87' lang='lat' dir='ltr'><strong>Christo</strong></span> <span class='ocrx_word' id='word_1_203' title='bbox 864 2291 981 2347; x_wconf 75' lang='lat' dir='ltr'><strong>haec</strong></span> <span class='ocrx_word' id='word_1_204' title='bbox 1004 2291 1190 2345; x_wconf 88' lang='lat' dir='ltr'><strong>eadem</strong></span> <span class='ocrx_word' id='word_1_205' title='bbox 1216 2289 1536 2359; x_wconf 90' lang='lat' dir='ltr'><strong>loquuntur.</strong></span> <span class='ocrx_word' id='word_1_206' title='bbox 1566 2288 1719 2356; x_wconf 85' lang='lat' dir='ltr'><strong>Quod</strong></span> <span class='ocrx_word' id='word_1_207' title='bbox 1742 2289 1789 2345; x_wconf 92' lang='lat' dir='ltr'><strong>si</strong></span> <span class='ocrx_word' id='word_1_208' title='bbox 1824 2289 1960 2359; x_wconf 83' lang='lat' dir='ltr'><strong>Aga-</strong></span> 
     </span>
    </p>
   </div>
   <div class='ocr_carea' id='block_1_27' title="bbox 390 2379 1953 2451">
    <p class='ocr_par' dir='ltr' id='par_1_27' title="bbox 390 2379 1953 2451">
     <span class='ocr_line' id='line_1_27' title="bbox 390 2379 1953 2451; baseline -0.005 -10"><span class='ocrx_word' id='word_1_209' title='bbox 390 2386 495 2441; x_wconf 88' lang='lat' dir='ltr'><strong>hus</strong></span> <span class='ocrx_word' id='word_1_210' title='bbox 531 2384 585 2438; x_wconf 91' lang='lat' dir='ltr'><strong>in</strong></span> <span class='ocrx_word' id='word_1_211' title='bbox 616 2383 767 2439; x_wconf 87' lang='lat' dir='ltr'><strong>Actis</strong></span> <span class='ocrx_word' id='word_1_212' title='bbox 796 2384 960 2449; x_wconf 89' lang='lat' dir='ltr'><strong>dicat,</strong></span> <span class='ocrx_word' id='word_1_213' title='bbox 991 2401 1010 2434; x_wconf 76' lang='grc' dir='ltr'>ι</span> <span class='ocrx_word' id='word_1_214' title='bbox 1042 2381 1170 2437; x_wconf 67' lang='lat' dir='ltr'><strong>Haec</strong></span> <span class='ocrx_word' id='word_1_215' title='bbox 1194 2381 1326 2437; x_wconf 89' lang='lat' dir='ltr'><strong>dicit</strong></span> <span class='ocrx_word' id='word_1_216' title='bbox 1349 2379 1588 2451; x_wconf 89' lang='lat' dir='ltr'><strong>Spiritus</strong></span> <span class='ocrx_word' id='word_1_217' title='bbox 1617 2389 1842 2436; x_wconf 90' lang='lat' dir='ltr'><strong>sanctus</strong></span> <span class='ocrx_word' id='word_1_218' title='bbox 1860 2387 1904 2448; x_wconf 83' lang='grc'>⁷,</span> <span class='ocrx_word' id='word_1_219' title='bbox 1933 2401 1953 2433; x_wconf 67' lang='grc' dir='ltr'>δ</span> 
     </span>
    </p>
   </div>
   <div class='ocr_carea' id='block_1_28' title="bbox 390 2472 1959 2542">
    <p class='ocr_par' dir='ltr' id='par_1_28' title="bbox 390 2472 1959 2542">
     <span class='ocr_line' id='line_1_28' title="bbox 390 2472 1959 2542; baseline -0.003 -11"><span class='ocrx_word' id='word_1_220' title='bbox 390 2492 499 2531; x_wconf 90' lang='lat' dir='ltr'><strong>non</strong></span> <span class='ocrx_word' id='word_1_221' title='bbox 534 2476 693 2530; x_wconf 90' lang='lat' dir='ltr'><strong>aliter</strong></span> <span class='ocrx_word' id='word_1_222' title='bbox 713 2476 843 2529; x_wconf 92' lang='lat' dir='ltr'><strong>item</strong></span> <span class='ocrx_word' id='word_1_223' title='bbox 877 2473 1260 2538; x_wconf 76' lang='lat' dir='ltr'><strong>intelligendus</strong></span> <span class='ocrx_word' id='word_1_224' title='bbox 1290 2479 1374 2528; x_wconf 91' lang='lat' dir='ltr'><strong>est</strong></span> <span class='ocrx_word' id='word_1_225' title='bbox 1396 2487 1562 2542; x_wconf 85' lang='lat' dir='ltr'><strong>quam</strong></span> <span class='ocrx_word' id='word_1_226' title='bbox 1603 2472 1749 2542; x_wconf 89' lang='lat' dir='ltr'><strong>quod</strong></span> <span class='ocrx_word' id='word_1_227' title='bbox 1771 2513 1788 2539; x_wconf 95' lang='lat'><strong>,</strong></span> <span class='ocrx_word' id='word_1_228' title='bbox 1832 2488 1959 2527; x_wconf 89' lang='lat' dir='ltr'><strong>cum</strong></span> 
     </span>
    </p>
   </div>
   <div class='ocr_carea' id='block_1_29' title="bbox 390 2561 1961 2637">
    <p class='ocr_par' dir='ltr' id='par_1_29' title="bbox 390 2561 1961 2637">
     <span class='ocr_line' id='line_1_29' title="bbox 390 2561 1961 2637; baseline -0.003 -14"><span class='ocrx_word' id='word_1_229' title='bbox 390 2568 458 2623; x_wconf 92' lang='lat' dir='ltr'><strong>ad</strong></span> <span class='ocrx_word' id='word_1_230' title='bbox 483 2568 665 2637; x_wconf 84' lang='lat' dir='ltr'><strong>ipsum</strong></span> <span class='ocrx_word' id='word_1_231' title='bbox 700 2565 907 2621; x_wconf 82' lang='lat' dir='ltr'><strong>factum</strong></span> <span class='ocrx_word' id='word_1_232' title='bbox 953 2564 1149 2620; x_wconf 83' lang='lat' dir='ltr'><strong>fuisset</strong></span> <span class='ocrx_word' id='word_1_233' title='bbox 1200 2563 1463 2630; x_wconf 86' lang='lat' dir='ltr'><strong>Verbum,</strong></span> <span class='ocrx_word' id='word_1_234' title='bbox 1498 2561 1736 2633; x_wconf 91' lang='lat' dir='ltr'><strong>Spiritus</strong></span> <span class='ocrx_word' id='word_1_235' title='bbox 1764 2578 1961 2635; x_wconf 83' lang='lat' dir='ltr'><strong>sugge-</strong></span> 
     </span>
    </p>
   </div>
   <div class='ocr_carea' id='block_1_30' title="bbox 389 2651 1961 2727">
    <p class='ocr_par' dir='ltr' id='par_1_30' title="bbox 389 2651 1961 2727">
     <span class='ocr_line' id='line_1_30' title="bbox 389 2651 1961 2727; baseline -0.004 -13"><span class='ocrx_word' id='word_1_236' title='bbox 389 2659 547 2714; x_wconf 86' lang='lat' dir='ltr'><strong>rebat</strong></span> <span class='ocrx_word' id='word_1_237' title='bbox 566 2672 689 2727; x_wconf 73' lang='lat' dir='ltr'><strong>qua:</strong></span> <span class='ocrx_word' id='word_1_238' title='bbox 717 2657 773 2711; x_wconf 93' lang='lat' dir='ltr'><strong>in</strong></span> <span class='ocrx_word' id='word_1_239' title='bbox 798 2670 864 2711; x_wconf 91' lang='lat' dir='ltr'><strong>eo</strong></span> <span class='ocrx_word' id='word_1_240' title='bbox 894 2656 1236 2724; x_wconf 89' lang='lat' dir='ltr'><strong>loqueretur,</strong></span> <span class='ocrx_word' id='word_1_241' title='bbox 1265 2661 1326 2707; x_wconf 92' lang='lat' dir='ltr'><strong>ut</strong></span> <span class='ocrx_word' id='word_1_242' title='bbox 1350 2660 1404 2708; x_wconf 92' lang='lat' dir='ltr'><strong>et</strong></span> <span class='ocrx_word' id='word_1_243' title='bbox 1425 2669 1548 2723; x_wconf 84' lang='lat' dir='ltr'><strong>quae</strong></span> <span class='ocrx_word' id='word_1_244' title='bbox 1586 2652 1757 2708; x_wconf 88' lang='lat' dir='ltr'><strong>Paulo</strong></span> <span class='ocrx_word' id='word_1_245' title='bbox 1807 2651 1961 2708; x_wconf 81' lang='lat' dir='ltr'><strong>Jero—</strong></span> 
     </span>
    </p>
   </div>
   <div class='ocr_carea' id='block_1_31' title="bbox 389 2746 1959 2822">
    <p class='ocr_par' dir='ltr' id='par_1_31' title="bbox 389 2746 1959 2822">
     <span class='ocr_line' id='line_1_31' title="bbox 389 2746 1959 2822; baseline -0.004 -15"><span class='ocrx_word' id='word_1_246' title='bbox 389 2750 617 2822; x_wconf 89' lang='lat' dir='ltr'><strong>solymis</strong></span> <span class='ocrx_word' id='word_1_247' title='bbox 653 2757 885 2805; x_wconf 80' lang='lat' dir='ltr'><strong>ventura</strong></span> <span class='ocrx_word' id='word_1_248' title='bbox 919 2756 1077 2803; x_wconf 90' lang='lat' dir='ltr'><strong>erant</strong></span> <span class='ocrx_word' id='word_1_249' title='bbox 1117 2746 1483 2802; x_wconf 89' lang='lat' dir='ltr'><strong>denuntiaret.</strong></span> <span class='ocrx_word' id='word_1_250' title='bbox 1532 2746 1784 2801; x_wconf 79' lang='lat' dir='ltr'><strong>Profecto</strong></span> <span class='ocrx_word' id='word_1_251' title='bbox 1834 2762 1959 2802; x_wconf 92' lang='lat' dir='ltr'><strong>cum</strong></span> 
     </span>
    </p>
   </div>
   <div class='ocr_carea' id='block_1_32' title="bbox 392 2834 1960 2910">
    <p class='ocr_par' dir='ltr' id='par_1_32' title="bbox 392 2834 1960 2910">
     <span class='ocr_line' id='line_1_32' title="bbox 392 2834 1960 2910; baseline -0.003 -14"><span class='ocrx_word' id='word_1_252' title='bbox 392 2840 633 2910; x_wconf 89' lang='lat' dir='ltr'><strong>Spiritus</strong></span> <span class='ocrx_word' id='word_1_253' title='bbox 667 2837 840 2892; x_wconf 90' lang='lat' dir='ltr'><strong>Paulo</strong></span> <span class='ocrx_word' id='word_1_254' title='bbox 866 2838 1067 2892; x_wconf 92' lang='lat' dir='ltr'><strong>iterum</strong></span> <span class='ocrx_word' id='word_1_255' title='bbox 1093 2842 1515 2905; x_wconf 89' lang='lat' dir='ltr'><strong>protestaretur,</strong></span> <span class='ocrx_word' id='word_1_256' title='bbox 1562 2834 1677 2905; x_wconf 89' lang='lat' dir='ltr'><strong>ipse</strong></span> <span class='ocrx_word' id='word_1_257' title='bbox 1708 2834 1960 2891; x_wconf 88' lang='lat' dir='ltr'><strong>Christus</strong></span> 
     </span>
    </p>
   </div>
   <div class='ocr_carea' id='block_1_33' title="bbox 391 2925 1961 2999">
    <p class='ocr_par' dir='ltr' id='par_1_33' title="bbox 391 2925 1961 2999">
     <span class='ocr_line' id='line_1_33' title="bbox 391 2925 1961 2999; baseline -0.003 -11"><span class='ocrx_word' id='word_1_258' title='bbox 391 2933 446 2989; x_wconf 91' lang='lat' dir='ltr'><strong>in</strong></span> <span class='ocrx_word' id='word_1_259' title='bbox 476 2946 544 2987; x_wconf 89' lang='lat' dir='ltr'><strong>eo</strong></span> <span class='ocrx_word' id='word_1_260' title='bbox 577 2930 904 2999; x_wconf 88' lang='lat' dir='ltr'><strong>loquebatur</strong></span> <span class='ocrx_word' id='word_1_261' title='bbox 934 2946 950 2996; x_wconf 90' lang='lat'><strong>;</strong></span> <span class='ocrx_word' id='word_1_262' title='bbox 979 2929 1052 2984; x_wconf 88' lang='lat' dir='ltr'><strong>ita</strong></span> <span class='ocrx_word' id='word_1_263' title='bbox 1078 2937 1137 2983; x_wconf 91' lang='lat' dir='ltr'><strong>ut</strong></span> <span class='ocrx_word' id='word_1_264' title='bbox 1169 2925 1411 2997; x_wconf 90' lang='lat' dir='ltr'><strong>Spiritus</strong></span> <span class='ocrx_word' id='word_1_265' title='bbox 1470 2928 1845 2982; x_wconf 89' lang='lat' dir='ltr'><strong>testimonium</strong></span> <span class='ocrx_word' id='word_1_266' title='bbox 1889 2928 1961 2983; x_wconf 86' lang='lat' dir='ltr'><strong>sit</strong></span> 
     </span>
    </p>
   </div>
   <div class='ocr_carea' id='block_1_34' title="bbox 1988 1714 2029 1769">
    <p class='ocr_par' dir='ltr' id='par_1_34' title="bbox 1988 1714 2029 1769">
     <span class='ocr_line' id='line_1_34' title="bbox 1988 1714 2029 1769; baseline 0 0"><span class='ocrx_word' id='word_1_267' title='bbox 1988 1714 2029 1769; x_wconf 90' lang='grc' dir='ltr'>Β</span> 
     </span>
    </p>
   </div>
   <div class='ocr_carea' id='block_1_35' title="bbox 2054 454 3627 530">
    <p class='ocr_par' dir='ltr' id='par_1_35' title="bbox 2054 454 3627 530">
     <span class='ocr_line' id='line_1_35' title="bbox 2054 454 3627 530; baseline -0.001 -21"><span class='ocrx_word' id='word_1_268' title='bbox 2054 456 2162 521; x_wconf 86' lang='grc' dir='ltr'><strong>λος,</strong></span> <span class='ocrx_word' id='word_1_269' title='bbox 2195 458 2251 509; x_wconf 83' lang='grc' dir='ltr'>ὲν</span> <span class='ocrx_word' id='word_1_270' title='bbox 2287 457 2386 527; x_wconf 84' lang='grc' dir='ltr'><strong>μὲν</strong></span> <span class='ocrx_word' id='word_1_271' title='bbox 2420 457 2533 529; x_wconf 89' lang='lat'><strong>(77)</strong></span> <span class='ocrx_word' id='word_1_272' title='bbox 2568 460 2634 528; x_wconf 85' lang='grc' dir='ltr'>τῇ</span> <span class='ocrx_word' id='word_1_273' title='bbox 2691 456 2879 530; x_wconf 82' lang='grc' dir='ltr'><strong>Ῥώμῃ</strong></span> <span class='ocrx_word' id='word_1_274' title='bbox 2918 455 3239 525; x_wconf 86' lang='grc' dir='ltr'>γένομενος,</span> <span class='ocrx_word' id='word_1_275' title='bbox 3284 454 3627 524; x_wconf 73' lang='grc' dir='ltr'>ἐπαρρησιά-</span> 
     </span>
    </p>
   </div>
   <div class='ocr_carea' id='block_1_36' title="bbox 2053 546 3626 622">
    <p class='ocr_par' dir='ltr' id='par_1_36' title="bbox 2053 546 3626 622">
     <span class='ocr_line' id='line_1_36' title="bbox 2053 546 3626 622; baseline -0.003 -21"><span class='ocrx_word' id='word_1_276' title='bbox 2053 550 2175 613; x_wconf 80' lang='grc' dir='ltr'>ζετο</span> <span class='ocrx_word' id='word_1_277' title='bbox 2201 552 2317 613; x_wconf 84' lang='grc' dir='ltr'>τοῖς</span> <span class='ocrx_word' id='word_1_278' title='bbox 2346 550 2557 603; x_wconf 79' lang='grc' dir='ltr'>ἐλθοῦσι</span> <span class='ocrx_word' id='word_1_279' title='bbox 2579 549 2715 622; x_wconf 84' lang='grc' dir='ltr'>πρὸς</span> <span class='ocrx_word' id='word_1_280' title='bbox 2752 548 2914 603; x_wconf 79' lang='grc' dir='ltr'>αὐτὸν</span> <span class='ocrx_word' id='word_1_281' title='bbox 2948 546 3217 608; x_wconf 77' lang='grc' dir='ltr'><strong>Ἰουδαίοις</strong></span> <span class='ocrx_word' id='word_1_282' title='bbox 3239 562 3253 575; x_wconf 87' lang='grc'><strong>·</strong></span> <span class='ocrx_word' id='word_1_283' title='bbox 3286 565 3304 596; x_wconf 77' lang='grc' dir='ltr'><strong>ι</strong></span> <span class='ocrx_word' id='word_1_284' title='bbox 3338 546 3533 607; x_wconf 84' lang='grc' dir='ltr'>Καλῶς</span> <span class='ocrx_word' id='word_1_285' title='bbox 3559 546 3626 598; x_wconf 76' lang='grc' dir='ltr'>τὸ</span> 
     </span>
    </p>
   </div>
   <div class='ocr_carea' id='block_1_37' title="bbox 2054 634 3624 712">
    <p class='ocr_par' dir='ltr' id='par_1_37' title="bbox 2054 634 3624 712">
     <span class='ocr_line' id='line_1_37' title="bbox 2054 634 3624 712; baseline -0.003 -21"><span class='ocrx_word' id='word_1_286' title='bbox 2054 638 2277 711; x_wconf 83' lang='grc' dir='ltr'><strong>Πνεῦμα</strong></span> <span class='ocrx_word' id='word_1_287' title='bbox 2307 641 2367 693; x_wconf 83' lang='grc' dir='ltr'><strong>τὸ</strong></span> <span class='ocrx_word' id='word_1_288' title='bbox 2400 642 2551 710; x_wconf 85' lang='grc' dir='ltr'>ἆγιον</span> <span class='ocrx_word' id='word_1_289' title='bbox 2577 641 2804 712; x_wconf 75' lang='grc' dir='ltr'>ἐλάλησε</span> <span class='ocrx_word' id='word_1_290' title='bbox 2836 639 2926 693; x_wconf 83' lang='grc' dir='ltr'>διὰ</span> <span class='ocrx_word' id='word_1_291' title='bbox 2965 638 3185 691; x_wconf 71' lang='grc' dir='ltr'>Ἡσαΐου</span> <span class='ocrx_word' id='word_1_292' title='bbox 3209 634 3304 690; x_wconf 87' lang='grc' dir='ltr'><strong>τοῦ</strong></span> <span class='ocrx_word' id='word_1_293' title='bbox 3341 637 3624 708; x_wconf 81' lang='grc' dir='ltr'><strong>προφήτου</strong></span> 
     </span>
    </p>
   </div>
   <div class='ocr_carea' id='block_1_38' title="bbox 2055 728 3625 806">
    <p class='ocr_par' dir='ltr' id='par_1_38' title="bbox 2055 728 3625 806">
     <span class='ocr_line' id='line_1_38' title="bbox 2055 728 3625 806; baseline -0.011 -9"><span class='ocrx_word' id='word_1_294' title='bbox 2055 732 2190 802; x_wconf 76' lang='grc' dir='ltr'>πρὸς</span> <span class='ocrx_word' id='word_1_295' title='bbox 2212 734 2335 796; x_wconf 77' lang='grc' dir='ltr'>τοὺς</span> <span class='ocrx_word' id='word_1_296' title='bbox 2368 735 2613 806; x_wconf 83' lang='grc' dir='ltr'><strong>πατέρας</strong></span> <span class='ocrx_word' id='word_1_297' title='bbox 2640 734 2814 805; x_wconf 81' lang='grc' dir='ltr'>ὑμῶν.</span> <span class='ocrx_word' id='word_1_298' title='bbox 2856 752 2875 785; x_wconf 72' lang='grc' dir='ltr'><strong>ι</strong></span> <span class='ocrx_word' id='word_1_299' title='bbox 2905 732 3153 804; x_wconf 84' lang='grc' dir='ltr'><strong>Τιμοθέῳ</strong></span> <span class='ocrx_word' id='word_1_300' title='bbox 3171 732 3227 785; x_wconf 80' lang='grc' dir='ltr'><strong>δὲ</strong></span> <span class='ocrx_word' id='word_1_301' title='bbox 3255 731 3460 801; x_wconf 76' lang='grc' dir='ltr'>ἔγραφε</span> <span class='ocrx_word' id='word_1_302' title='bbox 3487 728 3625 800; x_wconf 88' lang='grc'>(78)·</span> 
     </span>
    </p>
   </div>
   <div class='ocr_carea' id='block_1_39' title="bbox 2060 824 3630 899">
    <p class='ocr_par' dir='ltr' id='par_1_39' title="bbox 2060 824 3630 899">
     <span class='ocr_line' id='line_1_39' title="bbox 2060 824 3630 899; baseline 0.001 -25"><span class='ocrx_word' id='word_1_303' title='bbox 2060 843 2078 874; x_wconf 80' lang='grc' dir='ltr'>ι</span> <span class='ocrx_word' id='word_1_304' title='bbox 2117 824 2189 877; x_wconf 87' lang='grc' dir='ltr'>Τὸ</span> <span class='ocrx_word' id='word_1_305' title='bbox 2220 825 2275 878; x_wconf 81' lang='grc' dir='ltr'><strong>δὲ</strong></span> <span class='ocrx_word' id='word_1_306' title='bbox 2299 826 2520 897; x_wconf 84' lang='grc' dir='ltr'><strong>Πνεῦμα</strong></span> <span class='ocrx_word' id='word_1_307' title='bbox 2544 826 2721 899; x_wconf 82' lang='grc' dir='ltr'><strong>ῥητῶς</strong></span> <span class='ocrx_word' id='word_1_308' title='bbox 2750 825 2919 894; x_wconf 83' lang='grc' dir='ltr'><strong>λέγει,</strong></span> <span class='ocrx_word' id='word_1_309' title='bbox 2947 826 3030 878; x_wconf 84' lang='grc' dir='ltr'>ὅτι</span> <span class='ocrx_word' id='word_1_310' title='bbox 3062 828 3120 878; x_wconf 87' lang='grc' dir='ltr'>ὲν</span> <span class='ocrx_word' id='word_1_311' title='bbox 3150 824 3396 895; x_wconf 82' lang='grc' dir='ltr'><strong>ὑστέροις</strong></span> <span class='ocrx_word' id='word_1_312' title='bbox 3413 826 3630 896; x_wconf 82' lang='grc' dir='ltr'>καιροῖς</span> 
     </span>
    </p>
   </div>
   <div class='ocr_carea' id='block_1_40' title="bbox 2055 915 3631 989">
    <p class='ocr_par' dir='ltr' id='par_1_40' title="bbox 2055 915 3631 989">
     <span class='ocr_line' id='line_1_40' title="bbox 2055 915 3631 989; baseline -0.002 -21"><span class='ocrx_word' id='word_1_313' title='bbox 2055 917 2447 988; x_wconf 82' lang='grc' dir='ltr'>ἀποστήσονταί</span> <span class='ocrx_word' id='word_1_314' title='bbox 2477 935 2620 982; x_wconf 86' lang='grc' dir='ltr'>τινες</span> <span class='ocrx_word' id='word_1_315' title='bbox 2642 919 2741 989; x_wconf 84' lang='grc' dir='ltr'>τῆς</span> <span class='ocrx_word' id='word_1_316' title='bbox 2762 916 3111 988; x_wconf 76' lang='grc' dir='ltr'>ὑγιαινούσης</span> <span class='ocrx_word' id='word_1_317' title='bbox 3160 915 3427 978; x_wconf 87' lang='grc' dir='ltr'>πίστεως,</span> <span class='ocrx_word' id='word_1_318' title='bbox 3462 931 3631 986; x_wconf 80' lang='grc' dir='ltr'>προσ-</span> 
     </span>
    </p>
   </div>
   <div class='ocr_carea' id='block_1_41' title="bbox 2055 1006 3631 1081">
    <p class='ocr_par' dir='ltr' id='par_1_41' title="bbox 2055 1006 3631 1081">
     <span class='ocr_line' id='line_1_41' title="bbox 2055 1006 3631 1081; baseline -0.002 -21"><span class='ocrx_word' id='word_1_319' title='bbox 2055 1009 2267 1078; x_wconf 85' lang='grc' dir='ltr'>έχοντες</span> <span class='ocrx_word' id='word_1_320' title='bbox 2301 1010 2568 1080; x_wconf 85' lang='grc' dir='ltr'>πνεύμασι</span> <span class='ocrx_word' id='word_1_321' title='bbox 2589 1010 2795 1081; x_wconf 82' lang='grc' dir='ltr'>πλάνης</span> <span class='ocrx_word' id='word_1_322' title='bbox 2827 1009 2991 1081; x_wconf 75' lang='grc'>(79).)</span> <span class='ocrx_word' id='word_1_323' title='bbox 3023 1009 3112 1062; x_wconf 83' lang='grc' dir='ltr'><strong>Διὸ</strong></span> <span class='ocrx_word' id='word_1_324' title='bbox 3131 1009 3224 1063; x_wconf 71' lang='grc' dir='ltr'>καὶ</span> <span class='ocrx_word' id='word_1_325' title='bbox 3245 1009 3372 1061; x_wconf 87' lang='grc' dir='ltr'>ὅταν</span> <span class='ocrx_word' id='word_1_326' title='bbox 3400 1006 3631 1077; x_wconf 79' lang='grc' dir='ltr'><strong>λέγηται</strong></span> 
     </span>
    </p>
   </div>
   <div class='ocr_carea' id='block_1_42' title="bbox 2055 1098 3633 1173">
    <p class='ocr_par' dir='ltr' id='par_1_42' title="bbox 2055 1098 3633 1173">
     <span class='ocr_line' id='line_1_42' title="bbox 2055 1098 3633 1173; baseline -0.001 -20"><span class='ocrx_word' id='word_1_327' title='bbox 2055 1100 2112 1153; x_wconf 81' lang='grc' dir='ltr'>ἔν</span> <span class='ocrx_word' id='word_1_328' title='bbox 2147 1117 2255 1154; x_wconf 89' lang='grc' dir='ltr'>τισι</span> <span class='ocrx_word' id='word_1_329' title='bbox 2285 1101 2347 1154; x_wconf 81' lang='grc' dir='ltr'><strong>τὸ</strong></span> <span class='ocrx_word' id='word_1_330' title='bbox 2371 1102 2592 1173; x_wconf 84' lang='grc' dir='ltr'><strong>Πνεῦμα</strong></span> <span class='ocrx_word' id='word_1_331' title='bbox 2622 1102 2897 1172; x_wconf 86' lang='grc' dir='ltr'>γενέσθαι,</span> <span class='ocrx_word' id='word_1_332' title='bbox 2924 1105 3123 1156; x_wconf 82' lang='grc' dir='ltr'>νοεῖται</span> <span class='ocrx_word' id='word_1_333' title='bbox 3144 1102 3173 1154; x_wconf 90' lang='lat'><strong>6</strong></span> <span class='ocrx_word' id='word_1_334' title='bbox 3197 1101 3366 1170; x_wconf 84' lang='grc' dir='ltr'>Λόγος</span> <span class='ocrx_word' id='word_1_335' title='bbox 3390 1100 3447 1152; x_wconf 82' lang='grc' dir='ltr'>ὲν</span> <span class='ocrx_word' id='word_1_336' title='bbox 3476 1098 3633 1169; x_wconf 78' lang='grc' dir='ltr'>αὐτῷ</span> 
     </span>
    </p>
   </div>
   <div class='ocr_carea' id='block_1_43' title="bbox 2054 1192 3630 1267">
    <p class='ocr_par' dir='ltr' id='par_1_43' title="bbox 2054 1192 3630 1267">
     <span class='ocr_line' id='line_1_43' title="bbox 2054 1192 3630 1267; baseline -0.001 -21"><span class='ocrx_word' id='word_1_337' title='bbox 2054 1192 2226 1257; x_wconf 81' lang='grc' dir='ltr'>διδοὺς</span> <span class='ocrx_word' id='word_1_338' title='bbox 2240 1192 2299 1246; x_wconf 86' lang='grc' dir='ltr'><strong>τὸ</strong></span> <span class='ocrx_word' id='word_1_339' title='bbox 2319 1194 2559 1265; x_wconf 83' lang='grc' dir='ltr'>Πνεῦμα.</span> <span class='ocrx_word' id='word_1_340' title='bbox 2584 1195 2694 1266; x_wconf 83' lang='grc' dir='ltr'>Τῆς</span> <span class='ocrx_word' id='word_1_341' title='bbox 2713 1195 2843 1264; x_wconf 84' lang='grc' dir='ltr'>γοῦν</span> <span class='ocrx_word' id='word_1_342' title='bbox 2862 1195 3193 1267; x_wconf 82' lang='grc' dir='ltr'>προφητείας</span> <span class='ocrx_word' id='word_1_343' title='bbox 3220 1192 3630 1264; x_wconf 85' lang='grc' dir='ltr'>πληρουμένης,</span> 
     </span>
    </p>
   </div>
   <div class='ocr_carea' id='block_1_44' title="bbox 2062 1284 3626 1358">
    <p class='ocr_par' dir='ltr' id='par_1_44' title="bbox 2062 1284 3626 1358">
     <span class='ocr_line' id='line_1_44' title="bbox 2062 1284 3626 1358; baseline 0 -23"><span class='ocrx_word' id='word_1_344' title='bbox 2062 1302 2081 1334; x_wconf 74' lang='grc' dir='ltr'><strong>ι</strong></span> <span class='ocrx_word' id='word_1_345' title='bbox 2123 1285 2329 1355; x_wconf 83' lang='grc' dir='ltr'><strong>Ἐκχεῶ</strong></span> <span class='ocrx_word' id='word_1_346' title='bbox 2357 1286 2463 1339; x_wconf 86' lang='grc' dir='ltr'>ἀπὸ</span> <span class='ocrx_word' id='word_1_347' title='bbox 2492 1285 2585 1339; x_wconf 85' lang='grc' dir='ltr'><strong>τοῦ</strong></span> <span class='ocrx_word' id='word_1_348' title='bbox 2616 1285 2931 1358; x_wconf 87' lang='grc' dir='ltr'>Πνεύματός</span> <span class='ocrx_word' id='word_1_349' title='bbox 2950 1303 3050 1357; x_wconf 89' lang='grc' dir='ltr'><strong>μου</strong></span> <span class='ocrx_word' id='word_1_350' title='bbox 3075 1285 3169 1338; x_wconf 77' lang='grc' dir='ltr'><strong>ἐπὶ</strong></span> <span class='ocrx_word' id='word_1_351' title='bbox 3195 1287 3373 1338; x_wconf 83' lang='grc' dir='ltr'>πᾶσαν</span> <span class='ocrx_word' id='word_1_352' title='bbox 3391 1284 3626 1355; x_wconf 60' lang='lat' dir='ltr'><strong>stipata,»</strong></span> 
     </span>
    </p>
   </div>
   <div class='ocr_carea' id='block_1_45' title="bbox 2056 1374 3631 1448">
    <p class='ocr_par' dir='ltr' id='par_1_45' title="bbox 2056 1374 3631 1448">
     <span class='ocr_line' id='line_1_45' title="bbox 2056 1374 3631 1448; baseline -0.001 -20"><span class='ocrx_word' id='word_1_353' title='bbox 2056 1377 2084 1428; x_wconf 89' lang='lat'><strong>6</strong></span> <span class='ocrx_word' id='word_1_354' title='bbox 2118 1375 2329 1441; x_wconf 87' lang='grc' dir='ltr'>Παῦλος</span> <span class='ocrx_word' id='word_1_355' title='bbox 2367 1377 2520 1446; x_wconf 74' lang='grc' dir='ltr'>ἔλεγε</span> <span class='ocrx_word' id='word_1_356' title='bbox 2565 1377 2676 1448; x_wconf 86' lang='grc'>(80)</span> <span class='ocrx_word' id='word_1_357' title='bbox 2699 1396 2712 1410; x_wconf 89' lang='grc'><strong>·</strong></span> <span class='ocrx_word' id='word_1_358' title='bbox 2744 1395 2764 1430; x_wconf 78' lang='grc' dir='ltr'><strong>ι</strong></span> <span class='ocrx_word' id='word_1_359' title='bbox 2805 1377 2962 1433; x_wconf 82' lang='grc' dir='ltr'>Κατὰ</span> <span class='ocrx_word' id='word_1_360' title='bbox 2991 1378 3088 1447; x_wconf 79' lang='grc' dir='ltr'>τὴν</span> <span class='ocrx_word' id='word_1_361' title='bbox 3136 1375 3490 1447; x_wconf 77' lang='grc' dir='ltr'>ἐπιχορηγίαν</span> <span class='ocrx_word' id='word_1_362' title='bbox 3528 1374 3631 1427; x_wconf 76' lang='grc' dir='ltr'><strong>τοῦ</strong></span> 
     </span>
    </p>
   </div>
   <div class='ocr_carea' id='block_1_46' title="bbox 2058 1466 3633 1542">
    <p class='ocr_par' dir='ltr' id='par_1_46' title="bbox 2058 1466 3633 1542">
     <span class='ocr_line' id='line_1_46' title="bbox 2058 1466 3633 1542; baseline -0.001 -21"><span class='ocrx_word' id='word_1_363' title='bbox 2058 1468 2373 1539; x_wconf 89' lang='grc' dir='ltr'>Πνεύματος</span> <span class='ocrx_word' id='word_1_364' title='bbox 2407 1468 2577 1540; x_wconf 85' lang='grc' dir='ltr'>Ἰησοῦ</span> <span class='ocrx_word' id='word_1_365' title='bbox 2608 1469 2845 1542; x_wconf 86' lang='grc' dir='ltr'>Χριστοῦ</span> <span class='ocrx_word' id='word_1_366' title='bbox 2889 1470 2971 1533; x_wconf 86' lang='grc' dir='ltr'><strong>είς</strong></span> <span class='ocrx_word' id='word_1_367' title='bbox 2999 1468 3131 1539; x_wconf 80' lang='grc' dir='ltr'>ὲμέ-</span> <span class='ocrx_word' id='word_1_368' title='bbox 3178 1486 3198 1520; x_wconf 75' lang='grc' dir='ltr'><strong>ι</strong></span> <span class='ocrx_word' id='word_1_369' title='bbox 3230 1468 3325 1521; x_wconf 72' lang='grc' dir='ltr'><strong>καὶ</strong></span> <span class='ocrx_word' id='word_1_370' title='bbox 3357 1466 3495 1538; x_wconf 77' lang='grc' dir='ltr'>πρὸς</span> <span class='ocrx_word' id='word_1_371' title='bbox 3514 1467 3633 1519; x_wconf 75' lang='grc' dir='ltr'><strong>Κο-</strong></span> 
     </span>
    </p>
   </div>
   <div class='ocr_carea' id='block_1_47' title="bbox 2062 1556 3636 1632">
    <p class='ocr_par' dir='ltr' id='par_1_47' title="bbox 2062 1556 3636 1632">
     <span class='ocr_line' id='line_1_47' title="bbox 2062 1556 3636 1632; baseline -0.003 -19"><span class='ocrx_word' id='word_1_372' title='bbox 2062 1560 2296 1632; x_wconf 86' lang='grc' dir='ltr'>ρινθίους</span> <span class='ocrx_word' id='word_1_373' title='bbox 2320 1560 2693 1632; x_wconf 75' lang='grc' dir='ltr'>δὲ,έγραφενο</span> <span class='ocrx_word' id='word_1_374' title='bbox 2733 1580 2753 1613; x_wconf 85' lang='grc'><strong>‹</strong></span> <span class='ocrx_word' id='word_1_375' title='bbox 2793 1562 2865 1615; x_wconf 85' lang='grc' dir='ltr'><strong>Ἦ</strong></span> <span class='ocrx_word' id='word_1_376' title='bbox 2904 1559 3133 1632; x_wconf 85' lang='grc' dir='ltr'>δοκιμὴν</span> <span class='ocrx_word' id='word_1_377' title='bbox 3178 1560 3388 1629; x_wconf 79' lang='grc' dir='ltr'>ζητεῖτε</span> <span class='ocrx_word' id='word_1_378' title='bbox 3430 1556 3525 1610; x_wconf 87' lang='grc' dir='ltr'><strong>τοῦ</strong></span> <span class='ocrx_word' id='word_1_379' title='bbox 3570 1559 3636 1610; x_wconf 82' lang='grc' dir='ltr'>ὲν</span> 
     </span>
    </p>
   </div>
   <div class='ocr_carea' id='block_1_48' title="bbox 2059 1646 3637 1725">
    <p class='ocr_par' dir='ltr' id='par_1_48' title="bbox 2059 1646 3637 1725">
     <span class='ocr_line' id='line_1_48' title="bbox 2059 1646 3637 1725; baseline -0.003 -19"><span class='ocrx_word' id='word_1_380' title='bbox 2059 1654 2184 1724; x_wconf 70' lang='grc' dir='ltr'>ἐμοὶ</span> <span class='ocrx_word' id='word_1_381' title='bbox 2211 1653 2499 1718; x_wconf 85' lang='grc' dir='ltr'>λαλοῦντος</span> <span class='ocrx_word' id='word_1_382' title='bbox 2527 1653 2792 1725; x_wconf 86' lang='grc' dir='ltr'>Χριστοῦ;</span> <span class='ocrx_word' id='word_1_383' title='bbox 2822 1673 2841 1703; x_wconf 74' lang='grc' dir='ltr'><strong>ι</strong></span> <span class='ocrx_word' id='word_1_384' title='bbox 2876 1654 2941 1707; x_wconf 80' lang='lat' dir='ltr'><strong>El</strong></span> <span class='ocrx_word' id='word_1_385' title='bbox 2963 1652 3021 1706; x_wconf 84' lang='grc' dir='ltr'>δὲ</span> <span class='ocrx_word' id='word_1_386' title='bbox 3047 1652 3281 1723; x_wconf 83' lang='grc' dir='ltr'>Χριστὸς</span> <span class='ocrx_word' id='word_1_387' title='bbox 3307 1646 3375 1722; x_wconf 79' lang='grc' dir='ltr'>ἦν</span> <span class='ocrx_word' id='word_1_388' title='bbox 3397 1653 3426 1703; x_wconf 82' lang='lat'><strong>6</strong></span> <span class='ocrx_word' id='word_1_389' title='bbox 3452 1649 3637 1703; x_wconf 83' lang='grc' dir='ltr'>λαλῶν</span> 
     </span>
    </p>
   </div>
   <div class='ocr_carea' id='block_1_49' title="bbox 2059 1739 3639 1817">
    <p class='ocr_par' dir='ltr' id='par_1_49' title="bbox 2059 1739 3639 1817">
     <span class='ocr_line' id='line_1_49' title="bbox 2059 1739 3639 1817; baseline -0.003 -19"><span class='ocrx_word' id='word_1_390' title='bbox 2059 1746 2116 1798; x_wconf 79' lang='grc' dir='ltr'>ἐν</span> <span class='ocrx_word' id='word_1_391' title='bbox 2148 1745 2315 1817; x_wconf 76' lang='grc' dir='ltr'>αὐτῷ,</span> <span class='ocrx_word' id='word_1_392' title='bbox 2347 1744 2524 1817; x_wconf 84' lang='grc' dir='ltr'>δῆλον,</span> <span class='ocrx_word' id='word_1_393' title='bbox 2561 1746 2642 1799; x_wconf 82' lang='grc' dir='ltr'>ὅτι</span> <span class='ocrx_word' id='word_1_394' title='bbox 2669 1744 2782 1816; x_wconf 95' lang='grc'>(81)</span> <span class='ocrx_word' id='word_1_395' title='bbox 2827 1742 3063 1815; x_wconf 88' lang='grc' dir='ltr'>Χριστοῦ</span> <span class='ocrx_word' id='word_1_396' title='bbox 3094 1740 3163 1815; x_wconf 80' lang='grc' dir='ltr'>ἦν</span> <span class='ocrx_word' id='word_1_397' title='bbox 3206 1743 3263 1795; x_wconf 85' lang='grc' dir='ltr'><strong>τὸ</strong></span> <span class='ocrx_word' id='word_1_398' title='bbox 3301 1741 3527 1809; x_wconf 85' lang='grc' dir='ltr'>Πνεῦμα</span> <span class='ocrx_word' id='word_1_399' title='bbox 3572 1739 3639 1792; x_wconf 79' lang='grc' dir='ltr'>τὸ</span> 
     </span>
    </p>
   </div>
   <div class='ocr_carea' id='block_1_50' title="bbox 2058 1829 3639 1905">
    <p class='ocr_par' dir='ltr' id='par_1_50' title="bbox 2058 1829 3639 1905">
     <span class='ocr_line' id='line_1_50' title="bbox 2058 1829 3639 1905; baseline -0.003 -20"><span class='ocrx_word' id='word_1_400' title='bbox 2058 1832 2251 1886; x_wconf 81' lang='grc' dir='ltr'>λαλοῦν</span> <span class='ocrx_word' id='word_1_401' title='bbox 2286 1836 2344 1887; x_wconf 84' lang='grc' dir='ltr'>ὲν</span> <span class='ocrx_word' id='word_1_402' title='bbox 2373 1833 2521 1904; x_wconf 82' lang='grc' dir='ltr'>αὐτῷ</span> <span class='ocrx_word' id='word_1_403' title='bbox 2539 1852 2553 1865; x_wconf 77' lang='grc' dir='ltr'><strong>ο</strong></span> <span class='ocrx_word' id='word_1_404' title='bbox 2582 1833 2677 1887; x_wconf 71' lang='grc' dir='ltr'><strong>καὶ</strong></span> <span class='ocrx_word' id='word_1_405' title='bbox 2714 1833 2824 1905; x_wconf 85' lang='grc' dir='ltr'>γὰρ</span> <span class='ocrx_word' id='word_1_406' title='bbox 2845 1832 2940 1886; x_wconf 88' lang='grc' dir='ltr'><strong>τοῦ</strong></span> <span class='ocrx_word' id='word_1_407' title='bbox 2984 1831 3220 1903; x_wconf 86' lang='grc' dir='ltr'>Χριστοῦ</span> <span class='ocrx_word' id='word_1_408' title='bbox 3256 1829 3544 1893; x_wconf 88' lang='grc' dir='ltr'>λαλοῦντος</span> <span class='ocrx_word' id='word_1_409' title='bbox 3572 1830 3639 1880; x_wconf 85' lang='grc' dir='ltr'>ὲν</span> 
     </span>
    </p>
   </div>
   <div class='ocr_carea' id='block_1_51' title="bbox 2058 1920 3640 1996">
    <p class='ocr_par' dir='ltr' id='par_1_51' title="bbox 2058 1920 3640 1996">
     <span class='ocr_line' id='line_1_51' title="bbox 2058 1920 3640 1996; baseline -0.003 -20"><span class='ocrx_word' id='word_1_410' title='bbox 2058 1923 2205 1994; x_wconf 82' lang='grc' dir='ltr'>αὐτῷ</span> <span class='ocrx_word' id='word_1_411' title='bbox 2232 1925 2290 1977; x_wconf 80' lang='grc' dir='ltr'><strong>ἐν</strong></span> <span class='ocrx_word' id='word_1_412' title='bbox 2316 1927 2436 1987; x_wconf 84' lang='grc' dir='ltr'>ταῖς</span> <span class='ocrx_word' id='word_1_413' title='bbox 2465 1924 2729 1996; x_wconf 80' lang='grc' dir='ltr'>Πράξεσιν</span> <span class='ocrx_word' id='word_1_414' title='bbox 2763 1923 2918 1994; x_wconf 75' lang='grc' dir='ltr'>ἔλεγε</span> <span class='ocrx_word' id='word_1_415' title='bbox 2951 1922 3113 1977; x_wconf 86' lang='grc' dir='ltr'>πάλιν</span> <span class='ocrx_word' id='word_1_416' title='bbox 3138 1940 3154 1956; x_wconf 78' lang='grc' dir='ltr'><strong>ο</strong></span> <span class='ocrx_word' id='word_1_417' title='bbox 3192 1942 3210 1974; x_wconf 79' lang='grc' dir='ltr'>ι</span> <span class='ocrx_word' id='word_1_418' title='bbox 3234 1923 3344 1977; x_wconf 81' lang='lat' dir='ltr'><strong>Kal.</strong></span> <span class='ocrx_word' id='word_1_419' title='bbox 3387 1921 3483 1975; x_wconf 91' lang='grc' dir='ltr'><strong>νῦν</strong></span> <span class='ocrx_word' id='word_1_420' title='bbox 3521 1920 3640 1973; x_wconf 72' lang='grc' dir='ltr'>ἰδοὺ</span> 
     </span>
    </p>
   </div>
   <div class='ocr_carea' id='block_1_52' title="bbox 2057 2013 3639 2087">
    <p class='ocr_par' dir='ltr' id='par_1_52' title="bbox 2057 2013 3639 2087">
     <span class='ocr_line' id='line_1_52' title="bbox 2057 2013 3639 2087; baseline -0.001 -20"><span class='ocrx_word' id='word_1_421' title='bbox 2057 2015 2337 2085; x_wconf 83' lang='grc' dir='ltr'>δεδεμένος</span> <span class='ocrx_word' id='word_1_422' title='bbox 2364 2015 2474 2085; x_wconf 73' lang='grc' dir='ltr'><strong>ἐγὼ</strong></span> <span class='ocrx_word' id='word_1_423' title='bbox 2495 2015 2606 2087; x_wconf 73' lang='grc'>(82)</span> <span class='ocrx_word' id='word_1_424' title='bbox 2632 2016 2710 2087; x_wconf 83' lang='grc' dir='ltr'>τῷ</span> <span class='ocrx_word' id='word_1_425' title='bbox 2733 2014 3006 2085; x_wconf 87' lang='grc' dir='ltr'>Πνεύματι</span> <span class='ocrx_word' id='word_1_426' title='bbox 3028 2054 3044 2079; x_wconf 91' lang='grc'><strong>,</strong></span> <span class='ocrx_word' id='word_1_427' title='bbox 3090 2014 3391 2085; x_wconf 87' lang='grc' dir='ltr'>πορεύομαι</span> <span class='ocrx_word' id='word_1_428' title='bbox 3416 2016 3497 2076; x_wconf 79' lang='grc' dir='ltr'><strong>εἰς</strong></span> <span class='ocrx_word' id='word_1_429' title='bbox 3533 2013 3639 2066; x_wconf 77' lang='grc' dir='ltr'><strong>ἰε-</strong></span> 
     </span>
    </p>
   </div>
   <div class='ocr_carea' id='block_1_53' title="bbox 2060 2102 3638 2180">
    <p class='ocr_par' dir='ltr' id='par_1_53' title="bbox 2060 2102 3638 2180">
     <span class='ocr_line' id='line_1_53' title="bbox 2060 2102 3638 2180; baseline -0.002 -20"><span class='ocrx_word' id='word_1_430' title='bbox 2060 2108 2341 2180; x_wconf 80' lang='grc' dir='ltr'>ρουσαλὴμ</span> <span class='ocrx_word' id='word_1_431' title='bbox 2363 2148 2379 2172; x_wconf 94' lang='grc'><strong>,</strong></span> <span class='ocrx_word' id='word_1_432' title='bbox 2436 2106 2507 2160; x_wconf 82' lang='grc' dir='ltr'>τὰ</span> <span class='ocrx_word' id='word_1_433' title='bbox 2559 2110 2618 2161; x_wconf 81' lang='grc' dir='ltr'>ὲν</span> <span class='ocrx_word' id='word_1_434' title='bbox 2665 2106 2801 2177; x_wconf 80' lang='grc' dir='ltr'>αὐτῇ</span> <span class='ocrx_word' id='word_1_435' title='bbox 2834 2104 3233 2175; x_wconf 75' lang='grc' dir='ltr'>συναντήσοντα</span> <span class='ocrx_word' id='word_1_436' title='bbox 3279 2121 3366 2174; x_wconf 93' lang='grc' dir='ltr'><strong>μοι</strong></span> <span class='ocrx_word' id='word_1_437' title='bbox 3408 2102 3521 2172; x_wconf 74' lang='grc'>(85)</span> <span class='ocrx_word' id='word_1_438' title='bbox 3558 2103 3638 2173; x_wconf 82' lang='grc' dir='ltr'>μὴ</span> 
     </span>
    </p>
   </div>
   <div class='ocr_carea' id='block_1_54' title="bbox 2058 2194 3640 2269">
    <p class='ocr_par' dir='ltr' id='par_1_54' title="bbox 2058 2194 3640 2269">
     <span class='ocr_line' id='line_1_54' title="bbox 2058 2194 3640 2269; baseline -0.003 -18"><span class='ocrx_word' id='word_1_439' title='bbox 2058 2197 2213 2262; x_wconf 80' lang='grc' dir='ltr'>εἰδώς</span> <span class='ocrx_word' id='word_1_440' title='bbox 2232 2216 2245 2228; x_wconf 75' lang='grc' dir='ltr'><strong>ο</strong></span> <span class='ocrx_word' id='word_1_441' title='bbox 2277 2197 2417 2269; x_wconf 86' lang='grc' dir='ltr'>πλὴν</span> <span class='ocrx_word' id='word_1_442' title='bbox 2439 2199 2519 2252; x_wconf 86' lang='grc' dir='ltr'>ὅτι</span> <span class='ocrx_word' id='word_1_443' title='bbox 2545 2197 2606 2251; x_wconf 80' lang='grc' dir='ltr'><strong>τὸ</strong></span> <span class='ocrx_word' id='word_1_444' title='bbox 2630 2196 2853 2267; x_wconf 91' lang='grc' dir='ltr'>Πνεῦμα</span> <span class='ocrx_word' id='word_1_445' title='bbox 2886 2195 2946 2248; x_wconf 79' lang='grc' dir='ltr'>τὸ</span> <span class='ocrx_word' id='word_1_446' title='bbox 2976 2195 3130 2264; x_wconf 76' lang='grc' dir='ltr'>ἅγιον</span> <span class='ocrx_word' id='word_1_447' title='bbox 3153 2195 3293 2249; x_wconf 80' lang='grc' dir='ltr'>κατὰ</span> <span class='ocrx_word' id='word_1_448' title='bbox 3324 2194 3476 2247; x_wconf 86' lang='grc' dir='ltr'>πόλιν</span> <span class='ocrx_word' id='word_1_449' title='bbox 3518 2194 3640 2247; x_wconf 84' lang='grc' dir='ltr'>δια-</span> 
     </span>
    </p>
   </div>
   <div class='ocr_carea' id='block_1_55' title="bbox 2064 2285 3638 2362">
    <p class='ocr_par' dir='ltr' id='par_1_55' title="bbox 2064 2285 3638 2362">
     <span class='ocr_line' id='line_1_55' title="bbox 2064 2285 3638 2362; baseline -0.002 -19"><span class='ocrx_word' id='word_1_450' title='bbox 2064 2289 2395 2362; x_wconf 88' lang='grc' dir='ltr'>μαρτύρεταί</span> <span class='ocrx_word' id='word_1_451' title='bbox 2450 2306 2540 2360; x_wconf 90' lang='grc' dir='ltr'><strong>μοι</strong></span> <span class='ocrx_word' id='word_1_452' title='bbox 2583 2288 2771 2357; x_wconf 84' lang='grc' dir='ltr'>λέγον,</span> <span class='ocrx_word' id='word_1_453' title='bbox 2814 2288 2896 2340; x_wconf 83' lang='grc' dir='ltr'>ὅτι</span> <span class='ocrx_word' id='word_1_454' title='bbox 2942 2285 3118 2356; x_wconf 84' lang='grc' dir='ltr'>δεσμὰ</span> <span class='ocrx_word' id='word_1_455' title='bbox 3157 2287 3251 2341; x_wconf 79' lang='grc' dir='ltr'><strong>καὶ</strong></span> <span class='ocrx_word' id='word_1_456' title='bbox 3292 2286 3500 2355; x_wconf 81' lang='grc' dir='ltr'>θλίψεις</span> <span class='ocrx_word' id='word_1_457' title='bbox 3536 2288 3638 2357; x_wconf 86' lang='grc' dir='ltr'>μέ-</span> 
     </span>
    </p>
   </div>
   <div class='ocr_carea' id='block_1_56' title="bbox 2060 2378 3641 2452">
    <p class='ocr_par' dir='ltr' id='par_1_56' title="bbox 2060 2378 3641 2452">
     <span class='ocr_line' id='line_1_56' title="bbox 2060 2378 3641 2452; baseline 0 -18"><span class='ocrx_word' id='word_1_458' title='bbox 2060 2382 2212 2434; x_wconf 90' lang='grc' dir='ltr'>νουσί</span> <span class='ocrx_word' id='word_1_459' title='bbox 2242 2398 2331 2452; x_wconf 89' lang='grc' dir='ltr'>με.</span> <span class='ocrx_word' id='word_1_460' title='bbox 2359 2401 2378 2432; x_wconf 73' lang='grc' dir='ltr'><strong>ι</strong></span> <span class='ocrx_word' id='word_1_461' title='bbox 2410 2380 2591 2443; x_wconf 85' lang='grc' dir='ltr'>Ὅθεν,</span> <span class='ocrx_word' id='word_1_462' title='bbox 2644 2380 2740 2433; x_wconf 77' lang='grc' dir='ltr'><strong>ἐὰν</strong></span> <span class='ocrx_word' id='word_1_463' title='bbox 2764 2380 2813 2431; x_wconf 85' lang='grc' dir='ltr'>οἱ</span> <span class='ocrx_word' id='word_1_464' title='bbox 2844 2380 2988 2448; x_wconf 79' lang='grc' dir='ltr'>ἃγιοι</span> <span class='ocrx_word' id='word_1_465' title='bbox 3022 2378 3221 2447; x_wconf 87' lang='grc' dir='ltr'>λέγωσι</span> <span class='ocrx_word' id='word_1_466' title='bbox 3240 2395 3254 2408; x_wconf 81' lang='lat'><strong><em>°</em></strong></span> <span class='ocrx_word' id='word_1_467' title='bbox 3290 2378 3436 2434; x_wconf 81' lang='grc' dir='ltr'>Τάδε</span> <span class='ocrx_word' id='word_1_468' title='bbox 3472 2379 3641 2449; x_wconf 64' lang='grc' dir='ltr'>λέγει</span> 
     </span>
    </p>
   </div>
   <div class='ocr_carea' id='block_1_57' title="bbox 2058 2468 3638 2542">
    <p class='ocr_par' dir='ltr' id='par_1_57' title="bbox 2058 2468 3638 2542">
     <span class='ocr_line' id='line_1_57' title="bbox 2058 2468 3638 2542; baseline -0.001 -17"><span class='ocrx_word' id='word_1_469' title='bbox 2058 2473 2273 2541; x_wconf 83' lang='grc' dir='ltr'>Κύριος</span> <span class='ocrx_word' id='word_1_470' title='bbox 2297 2512 2313 2535; x_wconf 91' lang='grc'><strong>,</strong></span> <span class='ocrx_word' id='word_1_471' title='bbox 2388 2471 2490 2525; x_wconf 77' lang='grc' dir='ltr'>οὐκ</span> <span class='ocrx_word' id='word_1_472' title='bbox 2515 2470 2689 2534; x_wconf 78' lang='grc' dir='ltr'>ἄλλως</span> <span class='ocrx_word' id='word_1_473' title='bbox 2712 2470 2746 2542; x_wconf 84' lang='grc' dir='ltr'><strong>ἦ</strong></span> <span class='ocrx_word' id='word_1_474' title='bbox 2780 2473 2837 2525; x_wconf 82' lang='grc' dir='ltr'><strong>ὲν</strong></span> <span class='ocrx_word' id='word_1_475' title='bbox 2862 2470 2940 2541; x_wconf 82' lang='grc' dir='ltr'>τῷ</span> <span class='ocrx_word' id='word_1_476' title='bbox 2969 2471 3245 2540; x_wconf 88' lang='grc' dir='ltr'>Πνεύματι</span> <span class='ocrx_word' id='word_1_477' title='bbox 3266 2468 3342 2540; x_wconf 79' lang='grc' dir='ltr'>τῷ</span> <span class='ocrx_word' id='word_1_478' title='bbox 3372 2472 3513 2541; x_wconf 83' lang='grc' dir='ltr'>ἁγίῳ</span> <span class='ocrx_word' id='word_1_479' title='bbox 3537 2471 3638 2524; x_wconf 85' lang='grc' dir='ltr'>λα-</span> 
     </span>
    </p>
   </div>
   <div class='ocr_carea' id='block_1_58' title="bbox 2059 2561 3639 2635">
    <p class='ocr_par' dir='ltr' id='par_1_58' title="bbox 2059 2561 3639 2635">
     <span class='ocr_line' id='line_1_58' title="bbox 2059 2561 3639 2635; baseline -0.002 -17"><span class='ocrx_word' id='word_1_480' title='bbox 2059 2565 2237 2619; x_wconf 82' lang='grc' dir='ltr'>λοῦσι’</span> <span class='ocrx_word' id='word_1_481' title='bbox 2279 2566 2373 2619; x_wconf 74' lang='grc' dir='ltr'>καὶ</span> <span class='ocrx_word' id='word_1_482' title='bbox 2413 2566 2471 2618; x_wconf 87' lang='grc' dir='ltr'>ὲν</span> <span class='ocrx_word' id='word_1_483' title='bbox 2508 2562 2585 2634; x_wconf 82' lang='grc' dir='ltr'><strong>τῷ</strong></span> <span class='ocrx_word' id='word_1_484' title='bbox 2637 2563 2915 2634; x_wconf 91' lang='grc' dir='ltr'>Πνεύματι</span> <span class='ocrx_word' id='word_1_485' title='bbox 2955 2561 3261 2628; x_wconf 88' lang='grc' dir='ltr'>λαλοῦντες,</span> <span class='ocrx_word' id='word_1_486' title='bbox 3303 2564 3361 2616; x_wconf 82' lang='grc' dir='ltr'>ὲν</span> <span class='ocrx_word' id='word_1_487' title='bbox 3414 2561 3639 2635; x_wconf 75' lang='grc' dir='ltr'>Χριστῷ</span> 
     </span>
    </p>
   </div>
   <div class='ocr_carea' id='block_1_59' title="bbox 2058 2652 3639 2727">
    <p class='ocr_par' dir='ltr' id='par_1_59' title="bbox 2058 2652 3639 2727">
     <span class='ocr_line' id='line_1_59' title="bbox 2058 2652 3639 2727; baseline -0.002 -17"><span class='ocrx_word' id='word_1_488' title='bbox 2058 2655 2230 2711; x_wconf 85' lang='grc' dir='ltr'>ταῦτα</span> <span class='ocrx_word' id='word_1_489' title='bbox 2257 2655 2367 2727; x_wconf 68' lang='grc'>(84)</span> <span class='ocrx_word' id='word_1_490' title='bbox 2414 2655 2664 2725; x_wconf 85' lang='grc' dir='ltr'>λέγουσιν</span> <span class='ocrx_word' id='word_1_491' title='bbox 2684 2672 2697 2684; x_wconf 90' lang='grc'><strong>·</strong></span> <span class='ocrx_word' id='word_1_492' title='bbox 2735 2653 2829 2707; x_wconf 73' lang='grc' dir='ltr'><strong>ἐὰν</strong></span> <span class='ocrx_word' id='word_1_493' title='bbox 2860 2653 2916 2707; x_wconf 79' lang='grc' dir='ltr'>δὲ</span> <span class='ocrx_word' id='word_1_494' title='bbox 2945 2654 3038 2707; x_wconf 75' lang='grc' dir='ltr'><strong>καὶ</strong></span> <span class='ocrx_word' id='word_1_495' title='bbox 3068 2655 3097 2707; x_wconf 97' lang='lat'><strong>6</strong></span> <span class='ocrx_word' id='word_1_496' title='bbox 3142 2652 3379 2723; x_wconf 76' lang='grc' dir='ltr'>’Ἄγαϐος</span> <span class='ocrx_word' id='word_1_497' title='bbox 3420 2655 3479 2706; x_wconf 80' lang='grc' dir='ltr'>ὲν</span> <span class='ocrx_word' id='word_1_498' title='bbox 3515 2656 3639 2717; x_wconf 86' lang='grc' dir='ltr'>ταῖς</span> 
     </span>
    </p>
   </div>
   <div class='ocr_carea' id='block_1_60' title="bbox 2060 2743 3630 2819">
    <p class='ocr_par' dir='ltr' id='par_1_60' title="bbox 2060 2743 3630 2819">
     <span class='ocr_line' id='line_1_60' title="bbox 2060 2743 3630 2819; baseline -0.003 -20"><span class='ocrx_word' id='word_1_499' title='bbox 2060 2745 2299 2818; x_wconf 80' lang='grc' dir='ltr'>Πράξεσι</span> <span class='ocrx_word' id='word_1_500' title='bbox 2325 2746 2489 2819; x_wconf 83' lang='grc' dir='ltr'>λέγῃ·</span> <span class='ocrx_word' id='word_1_501' title='bbox 2525 2764 2544 2798; x_wconf 77' lang='grc' dir='ltr'><strong>ι</strong></span> <span class='ocrx_word' id='word_1_502' title='bbox 2584 2745 2722 2799; x_wconf 82' lang='grc' dir='ltr'>Τάδε</span> <span class='ocrx_word' id='word_1_503' title='bbox 2757 2744 2903 2813; x_wconf 83' lang='grc' dir='ltr'>λέγει</span> <span class='ocrx_word' id='word_1_504' title='bbox 2947 2744 3009 2797; x_wconf 82' lang='grc' dir='ltr'><strong>τὸ</strong></span> <span class='ocrx_word' id='word_1_505' title='bbox 3040 2743 3263 2813; x_wconf 87' lang='grc' dir='ltr'>Πνεῦμα</span> <span class='ocrx_word' id='word_1_506' title='bbox 3284 2744 3344 2797; x_wconf 79' lang='grc' dir='ltr'><strong>τὸ</strong></span> <span class='ocrx_word' id='word_1_507' title='bbox 3369 2745 3563 2813; x_wconf 76' lang='grc' dir='ltr'>ἅγιονο</span> <span class='ocrx_word' id='word_1_508' title='bbox 3612 2763 3630 2795; x_wconf 76' lang='grc' dir='ltr'><strong>ι</strong></span> 
     </span>
    </p>
   </div>
   <div class='ocr_carea' id='block_1_61' title="bbox 2060 2824 3639 2909">
    <p class='ocr_par' dir='ltr' id='par_1_61' title="bbox 2060 2824 3639 2909">
     <span class='ocr_line' id='line_1_61' title="bbox 2060 2824 3639 2909; baseline -0.001 -18"><span class='ocrx_word' id='word_1_509' title='bbox 2060 2839 2161 2891; x_wconf 85' lang='grc' dir='ltr'><strong>οὐκ</strong></span> <span class='ocrx_word' id='word_1_510' title='bbox 2189 2837 2364 2901; x_wconf 81' lang='grc' dir='ltr'>ἄλλως</span> <span class='ocrx_word' id='word_1_511' title='bbox 2395 2839 2428 2909; x_wconf 87' lang='grc' dir='ltr'>ἢ</span> <span class='ocrx_word' id='word_1_512' title='bbox 2472 2836 2565 2891; x_wconf 89' lang='grc' dir='ltr'><strong>τοῦ</strong></span> <span class='ocrx_word' id='word_1_513' title='bbox 2613 2824 2789 2908; x_wconf 68' lang='grc' dir='ltr'>Λόγου</span> <span class='ocrx_word' id='word_1_514' title='bbox 2829 2836 3120 2908; x_wconf 82' lang='grc' dir='ltr'>γενομένου</span> <span class='ocrx_word' id='word_1_515' title='bbox 3159 2836 3296 2909; x_wconf 82' lang='grc' dir='ltr'>πρὸς</span> <span class='ocrx_word' id='word_1_516' title='bbox 3332 2837 3534 2902; x_wconf 81' lang='grc' dir='ltr'>αὐτὸν,</span> <span class='ocrx_word' id='word_1_517' title='bbox 3576 2837 3639 2890; x_wconf 76' lang='grc' dir='ltr'>τὸ</span> 
     </span>
    </p>
   </div>
   <div class='ocr_carea' id='block_1_62' title="bbox 2061 2926 3637 3001">
    <p class='ocr_par' dir='ltr' id='par_1_62' title="bbox 2061 2926 3637 3001">
     <span class='ocr_line' id='line_1_62' title="bbox 2061 2926 3637 3001; baseline -0.003 -18"><span class='ocrx_word' id='word_1_518' title='bbox 2061 2928 2285 2999; x_wconf 87' lang='grc' dir='ltr'>Πνεῦμα</span> <span class='ocrx_word' id='word_1_519' title='bbox 2308 2929 2563 3001; x_wconf 77' lang='grc' dir='ltr'>ἐχορήγει</span> <span class='ocrx_word' id='word_1_520' title='bbox 2593 2927 2773 2981; x_wconf 84' lang='grc' dir='ltr'>λαλεῖν</span> <span class='ocrx_word' id='word_1_521' title='bbox 2800 2930 2858 2982; x_wconf 81' lang='grc' dir='ltr'><strong>ἐν</strong></span> <span class='ocrx_word' id='word_1_522' title='bbox 2882 2926 3031 2998; x_wconf 86' lang='grc' dir='ltr'>αύτῷ</span> <span class='ocrx_word' id='word_1_523' title='bbox 3067 2927 3178 2999; x_wconf 86' lang='grc'>(85)</span> <span class='ocrx_word' id='word_1_524' title='bbox 3207 2928 3301 2980; x_wconf 82' lang='grc' dir='ltr'>καὶ</span> <span class='ocrx_word' id='word_1_525' title='bbox 3329 2926 3637 2998; x_wconf 81' lang='grc' dir='ltr'>διαμαρτύ-</span> 
     </span>
    </p>
   </div>
   <div class='ocr_carea' id='block_1_63' title="bbox 390 3017 1961 3100">
    <p class='ocr_par' dir='ltr' id='par_1_63' title="bbox 390 3017 1957 3094">
     <span class='ocr_line' id='line_1_63' title="bbox 390 3017 1957 3094; baseline -0.001 -17"><span class='ocrx_word' id='word_1_526' title='bbox 390 3038 611 3094; x_wconf 86' lang='lat' dir='ltr'><strong>quoque</strong></span> <span class='ocrx_word' id='word_1_527' title='bbox 639 3020 802 3077; x_wconf 82' lang='lat' dir='ltr'><strong>Verbi</strong></span> <span class='ocrx_word' id='word_1_528' title='bbox 826 3020 1217 3076; x_wconf 88' lang='lat' dir='ltr'><strong>testimonium.</strong></span> <span class='ocrx_word' id='word_1_529' title='bbox 1261 3017 1353 3074; x_wconf 89' lang='lat' dir='ltr'><strong>Sic</strong></span> <span class='ocrx_word' id='word_1_530' title='bbox 1380 3019 1543 3075; x_wconf 92' lang='lat' dir='ltr'><strong>etiam</strong></span> <span class='ocrx_word' id='word_1_531' title='bbox 1570 3036 1696 3076; x_wconf 90' lang='lat' dir='ltr'><strong>cum</strong></span> <span class='ocrx_word' id='word_1_532' title='bbox 1723 3020 1957 3076; x_wconf 87' lang='lat' dir='ltr'><strong>Verbum</strong></span> 
     </span>
    </p>
   </div>
   <div class='ocr_carea' id='block_1_64' title="bbox 2071 3017 3635 3100">
    <p class='ocr_par' dir='ltr' id='par_1_64' title="bbox 2071 3018 3635 3094">
     <span class='ocr_line' id='line_1_64' title="bbox 2071 3018 3635 3094; baseline -0.003 -19"><span class='ocrx_word' id='word_1_533' title='bbox 2071 3020 2262 3094; x_wconf 84' lang='grc' dir='ltr'>ρασθαι</span> <span class='ocrx_word' id='word_1_534' title='bbox 2310 3021 2378 3074; x_wconf 85' lang='grc' dir='ltr'>τὰ</span> <span class='ocrx_word' id='word_1_535' title='bbox 2420 3021 2648 3091; x_wconf 86' lang='grc' dir='ltr'>μένοντα</span> <span class='ocrx_word' id='word_1_536' title='bbox 2698 3021 2788 3074; x_wconf 84' lang='grc' dir='ltr'><strong>τὸν</strong></span> <span class='ocrx_word' id='word_1_537' title='bbox 2843 3020 3054 3075; x_wconf 91' lang='grc' dir='ltr'>Παῦλον</span> <span class='ocrx_word' id='word_1_538' title='bbox 3108 3022 3189 3084; x_wconf 80' lang='grc' dir='ltr'>εἰς</span> <span class='ocrx_word' id='word_1_539' title='bbox 3253 3018 3567 3091; x_wconf 81' lang='grc' dir='ltr'>Ἱερουσαλή</span> <span class='ocrx_word' id='word_1_540' title='bbox 3578 3037 3635 3089; x_wconf 90' lang='grc' dir='ltr'>μ.</span> 
     </span>
    </p>
   </div>
   <div class='ocr_carea' id='block_1_65' title="bbox 392 3106 1961 3181">
    <p class='ocr_par' dir='ltr' id='par_1_65' title="bbox 392 3106 1961 3181">
     <span class='ocr_line' id='line_1_65' title="bbox 392 3106 1961 3181; baseline 0 -15"><span class='ocrx_word' id='word_1_541' title='bbox 392 3112 449 3166; x_wconf 90' lang='lat' dir='ltr'><strong>in</strong></span> <span class='ocrx_word' id='word_1_542' title='bbox 471 3120 714 3167; x_wconf 88' lang='lat' dir='ltr'><strong>sanctam</strong></span> <span class='ocrx_word' id='word_1_543' title='bbox 740 3109 1018 3180; x_wconf 80' lang='lat' dir='ltr'><strong>Virginem</strong></span> <span class='ocrx_word' id='word_1_544' title='bbox 1050 3106 1276 3162; x_wconf 86' lang='lat' dir='ltr'><strong>Mariam</strong></span> <span class='ocrx_word' id='word_1_545' title='bbox 1307 3108 1558 3176; x_wconf 89' lang='lat' dir='ltr'><strong>advenit,</strong></span> <span class='ocrx_word' id='word_1_546' title='bbox 1613 3109 1778 3165; x_wconf 88' lang='lat' dir='ltr'><strong>simul</strong></span> <span class='ocrx_word' id='word_1_547' title='bbox 1822 3126 1961 3181; x_wconf 84' lang='lat' dir='ltr'><strong>quo-</strong></span> 
     </span>
    </p>
   </div>
   <div class='ocr_carea' id='block_1_66' title="bbox 399 3197 1959 3274">
    <p class='ocr_par' dir='ltr' id='par_1_66' title="bbox 399 3197 1959 3274">
     <span class='ocr_line' id='line_1_66' title="bbox 399 3197 1959 3274; baseline 0.001 -17"><span class='ocrx_word' id='word_1_548' title='bbox 399 3217 509 3273; x_wconf 86' lang='lat' dir='ltr'><strong>que</strong></span> <span class='ocrx_word' id='word_1_549' title='bbox 529 3201 686 3257; x_wconf 80' lang='lat' dir='ltr'><strong>aﬂ‘uit</strong></span> <span class='ocrx_word' id='word_1_550' title='bbox 718 3199 974 3271; x_wconf 90' lang='lat' dir='ltr'><strong>Spiritus,</strong></span> <span class='ocrx_word' id='word_1_551' title='bbox 1017 3207 1073 3254; x_wconf 86' lang='lat' dir='ltr'><strong>et</strong></span> <span class='ocrx_word' id='word_1_552' title='bbox 1094 3197 1330 3255; x_wconf 89' lang='lat' dir='ltr'><strong>Verbum</strong></span> <span class='ocrx_word' id='word_1_553' title='bbox 1364 3199 1419 3253; x_wconf 91' lang='lat' dir='ltr'><strong>in</strong></span> <span class='ocrx_word' id='word_1_554' title='bbox 1444 3197 1649 3270; x_wconf 88' lang='lat' dir='ltr'><strong>Spiritu</strong></span> <span class='ocrx_word' id='word_1_555' title='bbox 1692 3202 1797 3257; x_wconf 92' lang='lat' dir='ltr'><strong>sibi</strong></span> <span class='ocrx_word' id='word_1_556' title='bbox 1855 3203 1959 3274; x_wconf 91' lang='lat' dir='ltr'><strong>ipsi</strong></span> 
     </span>
    </p>
   </div>
   <div class='ocr_carea' id='block_1_67' title="bbox 2077 3110 3641 3184">
    <p class='ocr_par' dir='ltr' id='par_1_67' title="bbox 2077 3110 3641 3184">
     <span class='ocr_line' id='line_1_67' title="bbox 2077 3110 3641 3184; baseline -0.002 -18"><span class='ocrx_word' id='word_1_557' title='bbox 2077 3112 2312 3184; x_wconf 82' lang='grc' dir='ltr'>’Δμέλει,</span> <span class='ocrx_word' id='word_1_558' title='bbox 2346 3111 2440 3166; x_wconf 89' lang='grc' dir='ltr'><strong>τοῦ</strong></span> <span class='ocrx_word' id='word_1_559' title='bbox 2467 3112 2781 3184; x_wconf 86' lang='grc' dir='ltr'>Πνεύματος</span> <span class='ocrx_word' id='word_1_560' title='bbox 2801 3112 2961 3166; x_wconf 83' lang='grc' dir='ltr'>πάλιν</span> <span class='ocrx_word' id='word_1_561' title='bbox 2990 3111 3528 3184; x_wconf 86' lang='grc' dir='ltr'>διαμαρτυρουμένου</span> <span class='ocrx_word' id='word_1_562' title='bbox 3561 3110 3641 3181; x_wconf 81' lang='grc' dir='ltr'>τῷ</span> 
     </span>
    </p>
   </div>
   <div class='ocr_carea' id='block_1_68' title="bbox 2065 3202 3641 3279">
    <p class='ocr_par' dir='ltr' id='par_1_68' title="bbox 2065 3202 3641 3279">
     <span class='ocr_line' id='line_1_68' title="bbox 2065 3202 3641 3279; baseline -0.003 -20"><span class='ocrx_word' id='word_1_563' title='bbox 2065 3205 2284 3276; x_wconf 86' lang='grc' dir='ltr'>Παύλῳ,</span> <span class='ocrx_word' id='word_1_564' title='bbox 2330 3207 2360 3259; x_wconf 94' lang='lat'><strong>6</strong></span> <span class='ocrx_word' id='word_1_565' title='bbox 2412 3207 2572 3271; x_wconf 84' lang='grc' dir='ltr'>αὐτὸς</span> <span class='ocrx_word' id='word_1_566' title='bbox 2614 3206 2849 3279; x_wconf 77' lang='grc' dir='ltr'>Χριστὸς</span> <span class='ocrx_word' id='word_1_567' title='bbox 2881 3204 3060 3260; x_wconf 83' lang='grc' dir='ltr'>ὲλάλει</span> <span class='ocrx_word' id='word_1_568' title='bbox 3102 3207 3158 3258; x_wconf 79' lang='grc' dir='ltr'>ὲν</span> <span class='ocrx_word' id='word_1_569' title='bbox 3190 3203 3343 3271; x_wconf 83' lang='grc' dir='ltr'>αύτῷ</span> <span class='ocrx_word' id='word_1_570' title='bbox 3390 3202 3531 3275; x_wconf 84' lang='grc'>(86),</span> <span class='ocrx_word' id='word_1_571' title='bbox 3564 3203 3641 3265; x_wconf 82' lang='grc' dir='ltr'>ὡς</span> 
     </span>
    </p>
   </div>
   <div class='ocr_carea' id='block_1_69' title="bbox 464 3292 1961 3386">
    <p class='ocr_par' dir='ltr' id='par_1_69' title="bbox 464 3292 1937 3386">
     <span class='ocr_line' id='line_1_69' title="bbox 464 3292 1937 3386; baseline 0.001 -18"><span class='ocrx_word' id='word_1_572' title='bbox 464 3317 481 3348; x_wconf 86' lang='grc'>¹</span> <span class='ocrx_word' id='word_1_573' title='bbox 519 3315 641 3370; x_wconf 91' lang='lat' dir='ltr'><strong>Act.</strong></span> <span class='ocrx_word' id='word_1_574' title='bbox 667 3328 860 3386; x_wconf 55' lang='lat' dir='ltr'><strong>xxvi&quot;,</strong></span> <span class='ocrx_word' id='word_1_575' title='bbox 885 3312 974 3367; x_wconf 74' lang='lat'><strong>25.</strong></span> <span class='ocrx_word' id='word_1_576' title='bbox 1050 3313 1072 3344; x_wconf 82' lang='grc'><strong><em>²</em></strong></span> <span class='ocrx_word' id='word_1_577' title='bbox 1098 3308 1119 3363; x_wconf 92' lang='lat' dir='ltr'><strong>l</strong></span> <span class='ocrx_word' id='word_1_578' title='bbox 1145 3309 1285 3365; x_wconf 89' lang='lat' dir='ltr'><strong>Tim.</strong></span> <span class='ocrx_word' id='word_1_579' title='bbox 1320 3325 1394 3377; x_wconf 85' lang='lat' dir='ltr'><strong>tv,</strong></span> <span class='ocrx_word' id='word_1_580' title='bbox 1421 3292 1479 3366; x_wconf 72' lang='grc'><strong>1.</strong></span> <span class='ocrx_word' id='word_1_581' title='bbox 1556 3310 1578 3342; x_wconf 88' lang='grc'>³</span> <span class='ocrx_word' id='word_1_582' title='bbox 1603 3309 1722 3367; x_wconf 77' lang='lat' dir='ltr'><strong>Joel</strong></span> <span class='ocrx_word' id='word_1_583' title='bbox 1753 3328 1813 3379; x_wconf 81' lang='grc' dir='ltr'>η,</span> <span class='ocrx_word' id='word_1_584' title='bbox 1847 3312 1937 3369; x_wconf 74' lang='grc'><strong>28.</strong></span> 
     </span>
    </p>
   </div>
   <div class='ocr_carea' id='block_1_70' title="bbox 2071 3292 3638 3386">
    <p class='ocr_par' dir='ltr' id='par_1_70' title="bbox 2071 3313 3638 3386">
     <span class='ocr_line' id='line_1_70' title="bbox 2071 3313 3638 3386; baseline 0.004 -19"><span class='ocrx_word' id='word_1_585' title='bbox 2071 3313 2294 3386; x_wconf 89' lang='lat' dir='ltr'><strong>Philipp.</strong></span> <span class='ocrx_word' id='word_1_586' title='bbox 2321 3330 2360 3378; x_wconf 88' lang='grc' dir='ltr'>ι,</span> <span class='ocrx_word' id='word_1_587' title='bbox 2388 3314 2475 3372; x_wconf 85' lang='grc'>19.</span> <span class='ocrx_word' id='word_1_588' title='bbox 2550 3316 2572 3347; x_wconf 83' lang='grc'><strong><em>⁵</em></strong></span> <span class='ocrx_word' id='word_1_589' title='bbox 2597 3313 2642 3368; x_wconf 87' lang='lat' dir='ltr'><strong>ll</strong></span> <span class='ocrx_word' id='word_1_590' title='bbox 2666 3315 2794 3371; x_wconf 88' lang='lat' dir='ltr'><strong>Cor.</strong></span> <span class='ocrx_word' id='word_1_591' title='bbox 2820 3331 2940 3382; x_wconf 81' lang='lat' dir='ltr'><strong>xm,</strong></span> <span class='ocrx_word' id='word_1_592' title='bbox 2972 3316 3025 3370; x_wconf 79' lang='grc'>5.</span> <span class='ocrx_word' id='word_1_593' title='bbox 3103 3315 3125 3346; x_wconf 80' lang='grc'><strong>⁸</strong></span> <span class='ocrx_word' id='word_1_594' title='bbox 3147 3316 3267 3369; x_wconf 91' lang='lat' dir='ltr'><strong>Act.</strong></span> <span class='ocrx_word' id='word_1_595' title='bbox 3288 3330 3385 3381; x_wconf 77' lang='lat' dir='ltr'><strong>xx,</strong></span> <span class='ocrx_word' id='word_1_596' title='bbox 3416 3315 3489 3369; x_wconf 73' lang='lat'><strong>22</strong></span> <span class='ocrx_word' id='word_1_597' title='bbox 3507 3356 3524 3380; x_wconf 92' lang='lat'><strong>,</strong></span> <span class='ocrx_word' id='word_1_598' title='bbox 3543 3315 3638 3373; x_wconf 72' lang='lat'><strong>25.</strong></span> 
     </span>
    </p>
   </div>
   <div class='ocr_carea' id='block_1_71' title="bbox 390 3383 813 3451">
    <p class='ocr_par' dir='ltr' id='par_1_71' title="bbox 390 3383 813 3451">
     <span class='ocr_line' id='line_1_71' title="bbox 390 3383 813 3451; baseline -0.017 -9"><span class='ocrx_word' id='word_1_599' title='bbox 390 3393 413 3425; x_wconf 74' lang='grc'><strong>⁷</strong></span> <span class='ocrx_word' id='word_1_600' title='bbox 434 3387 556 3442; x_wconf 89' lang='lat' dir='ltr'><strong>Act.</strong></span> <span class='ocrx_word' id='word_1_601' title='bbox 591 3400 702 3451; x_wconf 62' lang='grc' dir='ltr'>χχι,</span> <span class='ocrx_word' id='word_1_602' title='bbox 726 3383 813 3437; x_wconf 90' lang='grc'>11.</span> 
     </span>
    </p>
   </div>
   <div class='ocr_carea' id='block_1_72' title="bbox 464 3488 1956 3567">
    <p class='ocr_par' dir='ltr' id='par_1_72' title="bbox 464 3488 1956 3567">
     <span class='ocr_line' id='line_1_72' title="bbox 464 3488 1956 3567; baseline -0.001 -18"><span class='ocrx_word' id='word_1_603' title='bbox 464 3494 577 3567; x_wconf 85' lang='grc'>(76)</span> <span class='ocrx_word' id='word_1_604' title='bbox 600 3493 691 3549; x_wconf 91' lang='lat' dir='ltr'><strong>Sic</strong></span> <span class='ocrx_word' id='word_1_605' title='bbox 725 3492 858 3563; x_wconf 86' lang='lat' dir='ltr'><strong>Reg.</strong></span> <span class='ocrx_word' id='word_1_606' title='bbox 890 3492 942 3555; x_wconf 90' lang='grc'><strong>1,</strong></span> <span class='ocrx_word' id='word_1_607' title='bbox 975 3490 1199 3562; x_wconf 88' lang='lat' dir='ltr'><strong>Seguer.</strong></span> <span class='ocrx_word' id='word_1_608' title='bbox 1248 3489 1414 3567; x_wconf 71' lang='lat' dir='ltr'><strong>Basil.</strong></span> <span class='ocrx_word' id='word_1_609' title='bbox 1443 3488 1677 3567; x_wconf 55' lang='lat' dir='ltr'><strong>_Coblet;.</strong></span> <span class='ocrx_word' id='word_1_610' title='bbox 1720 3491 1865 3547; x_wconf 86' lang='lat' dir='ltr'><strong>Felc.</strong></span> <span class='ocrx_word' id='word_1_611' title='bbox 1901 3495 1956 3567; x_wconf 85' lang='grc'><strong>1,</strong></span> 
     </span>
    </p>
   </div>
   <div class='ocr_carea' id='block_1_73' title="bbox 434 3559 1968 3632">
    <p class='ocr_par' dir='ltr' id='par_1_73' title="bbox 434 3559 1968 3632">
     <span class='ocr_line' id='line_1_73' title="bbox 434 3559 1968 3632; baseline -0.001 -12"><span class='ocrx_word' id='word_1_612' title='bbox 434 3559 594 3620; x_wconf 78' lang='lat' dir='ltr'><strong>uibus</strong></span> <span class='ocrx_word' id='word_1_613' title='bbox 639 3559 1128 3632; x_wconf 18' lang='lat' dir='ltr'><strong>consonantgmss.</strong></span> <span class='ocrx_word' id='word_1_614' title='bbox 1186 3561 1403 3632; x_wconf 89' lang='lat' dir='ltr'><strong>codices</strong></span> <span class='ocrx_word' id='word_1_615' title='bbox 1442 3559 1968 3632; x_wconf 15' lang='lat' dir='ltr'><strong>NoyigTestamenti</strong></span> 
     </span>
    </p>
   </div>
   <div class='ocr_carea' id='block_1_74' title="bbox 443 3628 1967 3705">
    <p class='ocr_par' dir='ltr' id='par_1_74' title="bbox 443 3628 1967 3705">
     <span class='ocr_line' id='line_1_74' title="bbox 443 3628 1967 3705; baseline -0.001 -15"><span class='ocrx_word' id='word_1_616' title='bbox 443 3634 793 3690; x_wconf 84' lang='lat' dir='ltr'><strong>lexandrinus</strong></span> <span class='ocrx_word' id='word_1_617' title='bbox 839 3641 916 3705; x_wconf 87' lang='lat' dir='ltr'><strong>et_</strong></span> <span class='ocrx_word' id='word_1_618' title='bbox 942 3628 1268 3686; x_wconf 78' lang='lat' dir='ltr'><strong>Oxonieusis</strong></span> <span class='ocrx_word' id='word_1_619' title='bbox 1320 3646 1482 3705; x_wconf 64' lang='lat' dir='ltr'><strong>unus:</strong></span> <span class='ocrx_word' id='word_1_620' title='bbox 1515 3628 1759 3705; x_wconf 89' lang='lat' dir='ltr'><strong>Videtur_</strong></span> <span class='ocrx_word' id='word_1_621' title='bbox 1785 3641 1967 3689; x_wconf 91' lang='lat' dir='ltr'><strong>tamen</strong></span> 
     </span>
    </p>
   </div>
   <div class='ocr_carea' id='block_1_75' title="bbox 394 3701 1969 3774">
    <p class='ocr_par' dir='ltr' id='par_1_75' title="bbox 394 3701 1969 3774">
     <span class='ocr_line' id='line_1_75' title="bbox 394 3701 1969 3774; baseline -0.001 -13"><span class='ocrx_word' id='word_1_622' title='bbox 394 3713 683 3774; x_wconf 88' lang='lat' dir='ltr'><strong>corruptus</strong></span> <span class='ocrx_word' id='word_1_623' title='bbox 735 3718 857 3759; x_wconf 88' lang='lat' dir='ltr'><strong>esse</strong></span> <span class='ocrx_word' id='word_1_624' title='bbox 893 3701 1059 3774; x_wconf 79' lang='lat' dir='ltr'><strong>locus</strong></span> <span class='ocrx_word' id='word_1_625' title='bbox 1083 3740 1129 3774; x_wconf 87' lang='lat'><strong>,_</strong></span> <span class='ocrx_word' id='word_1_626' title='bbox 1156 3701 1616 3774; x_wconf 72' lang='lat' dir='ltr'><strong>transpositaque</strong></span> <span class='ocrx_word' id='word_1_627' title='bbox 1647 3703 1813 3757; x_wconf 82' lang='lat' dir='ltr'><strong>verba</strong></span> <span class='ocrx_word' id='word_1_628' title='bbox 1834 3743 1848 3767; x_wconf 94' lang='lat'><strong>,</strong></span> <span class='ocrx_word' id='word_1_629' title='bbox 1904 3719 1969 3759; x_wconf 91' lang='lat' dir='ltr'><strong>ac</strong></span> 
     </span>
    </p>
   </div>
   <div class='ocr_carea' id='block_1_76' title="bbox 391 3770 1964 3910">
    <p class='ocr_par' dir='ltr' id='par_1_76' title="bbox 391 3770 1964 3910">
     <span class='ocr_line' id='line_1_76' title="bbox 393 3770 1964 3842; baseline -0.001 -11"><span class='ocrx_word' id='word_1_630' title='bbox 393 3770 597 3832; x_wconf 77' lang='lat' dir='ltr'><strong>omissa</strong></span> <span class='ocrx_word' id='word_1_631' title='bbox 633 3773 946 3842; x_wconf 60' lang='lat' dir='ltr'><strong>praepositio</strong></span> <span class='ocrx_word' id='word_1_632' title='bbox 967 3771 1077 3836; x_wconf 83' lang='grc' dir='ltr'>διά,</span> <span class='ocrx_word' id='word_1_633' title='bbox 1105 3770 1351 3841; x_wconf 80' lang='lat' dir='ltr'><strong>ferteque</strong></span> <span class='ocrx_word' id='word_1_634' title='bbox 1388 3772 1562 3838; x_wconf 90' lang='lat' dir='ltr'><strong>possit</strong></span> <span class='ocrx_word' id='word_1_635' title='bbox 1603 3771 1676 3827; x_wconf 89' lang='lat' dir='ltr'><strong>ita</strong></span> <span class='ocrx_word' id='word_1_636' title='bbox 1712 3774 1919 3829; x_wconf 91' lang='lat' dir='ltr'><strong>restitui</strong></span> <span class='ocrx_word' id='word_1_637' title='bbox 1950 3793 1964 3830; x_wconf 88' lang='lat'><strong>:</strong></span> 
     </span>
     <span class='ocr_line' id='line_1_77' title="bbox 391 3840 1964 3910; baseline -0.003 -11"><span class='ocrx_word' id='word_1_638' title='bbox 391 3846 424 3900; x_wconf 75' lang='grc' dir='ltr'>ὁ</span> <span class='ocrx_word' id='word_1_639' title='bbox 462 3844 552 3898; x_wconf 86' lang='grc' dir='ltr'>διὰ</span> <span class='ocrx_word' id='word_1_640' title='bbox 597 3844 912 3910; x_wconf 87' lang='grc' dir='ltr'>Πνεύματος</span> <span class='ocrx_word' id='word_1_641' title='bbox 967 3841 1122 3910; x_wconf 78' lang='grc' dir='ltr'>ἁγίου</span> <span class='ocrx_word' id='word_1_642' title='bbox 1163 3840 1251 3894; x_wconf 87' lang='grc' dir='ltr'>διὰ</span> <span class='ocrx_word' id='word_1_643' title='bbox 1309 3840 1573 3910; x_wconf 89' lang='grc' dir='ltr'>στόματος</span> <span class='ocrx_word' id='word_1_644' title='bbox 1620 3841 1714 3895; x_wconf 87' lang='grc' dir='ltr'><strong>τοῦ</strong></span> <span class='ocrx_word' id='word_1_645' title='bbox 1766 3844 1964 3910; x_wconf 85' lang='grc' dir='ltr'>πατρὸς</span> 
     </span>
    </p>
   </div>
   <div class='ocr_carea' id='block_1_77' title="bbox 496 3858 1874 3912">
    <p class='ocr_par' dir='ltr' id='par_1_77' title="bbox 496 3858 1874 3912">
     <span class='ocr_line' id='line_1_78' title="bbox 496 3858 1874 3912; baseline -0.002 -14"><span class='ocrx_word' id='word_1_646' title='bbox 496 3858 552 3898; x_wconf 83' lang='grc' dir='ltr'><strong>ια</strong></span> <span class='ocrx_word' id='word_1_647' title='bbox 597 3858 912 3912; x_wconf 77' lang='grc' dir='ltr'>Πνευματος</span> <span class='ocrx_word' id='word_1_648' title='bbox 935 3858 1122 3912; x_wconf 15' lang='grc' dir='ltr'>ᾃαγιου</span> <span class='ocrx_word' id='word_1_649' title='bbox 1163 3858 1251 3894; x_wconf 71' lang='lat' dir='ltr'><strong>ora</strong></span> <span class='ocrx_word' id='word_1_650' title='bbox 1303 3858 1573 3912; x_wconf 79' lang='grc' dir='ltr'>στοματος</span> <span class='ocrx_word' id='word_1_651' title='bbox 1620 3858 1714 3895; x_wconf 88' lang='grc' dir='ltr'><strong>του</strong></span> <span class='ocrx_word' id='word_1_652' title='bbox 1766 3860 1874 3897; x_wconf 87' lang='grc' dir='ltr'><strong>πατ</strong></span> 
     </span>
    </p>
   </div>
   <div class='ocr_carea' id='block_1_78' title="bbox 394 3860 1964 3988">
    <p class='ocr_par' dir='ltr' id='par_1_78' title="bbox 394 3860 1964 3988">
     <span class='ocr_line' id='line_1_79' title="bbox 394 3860 1964 3925; baseline -0.003 -26"><span class='ocrx_word' id='word_1_653' title='bbox 394 3860 424 3900; x_wconf 79' lang='grc' dir='ltr'><strong>ο</strong></span> <span class='ocrx_word' id='word_1_654' title='bbox 462 3860 552 3898; x_wconf 81' lang='grc' dir='ltr'><strong>σια</strong></span> <span class='ocrx_word' id='word_1_655' title='bbox 597 3860 912 3915; x_wconf 78' lang='grc' dir='ltr'>Πνευματος</span> <span class='ocrx_word' id='word_1_656' title='bbox 967 3860 1122 3910; x_wconf 82' lang='grc' dir='ltr'>αγιου</span> <span class='ocrx_word' id='word_1_657' title='bbox 1163 3860 1251 3894; x_wconf 85' lang='grc' dir='ltr'><strong>οια</strong></span> <span class='ocrx_word' id='word_1_658' title='bbox 1309 3860 1573 3912; x_wconf 85' lang='grc' dir='ltr'>στοματος</span> <span class='ocrx_word' id='word_1_659' title='bbox 1620 3860 1714 3895; x_wconf 87' lang='grc' dir='ltr'><strong>του</strong></span> <span class='ocrx_word' id='word_1_660' title='bbox 1766 3860 1964 3925; x_wconf 84' lang='grc' dir='ltr'>πατρος</span> 
     </span>
     <span class='ocr_line' id='line_1_80' title="bbox 394 3910 1964 3988; baseline -0.001 -20"><span class='ocrx_word' id='word_1_661' title='bbox 394 3914 553 3988; x_wconf 80' lang='grc' dir='ltr'>ἡμῶν</span> <span class='ocrx_word' id='word_1_662' title='bbox 580 3914 901 3988; x_wconf 34' lang='grc' dir='ltr'>Δαϐίδλειο.</span> <span class='ocrx_word' id='word_1_663' title='bbox 932 3910 1275 3988; x_wconf 61' lang='lat' dir='ltr'><strong>ll_iira_a_t_item</strong></span> <span class='ocrx_word' id='word_1_664' title='bbox 1302 3910 1407 3965; x_wconf 90' lang='lat' dir='ltr'><strong>hoc</strong></span> <span class='ocrx_word' id='word_1_665' title='bbox 1430 3913 1498 3988; x_wconf 88' lang='lat' dir='ltr'><strong>_in</strong></span> <span class='ocrx_word' id='word_1_666' title='bbox 1534 3913 1652 3966; x_wconf 90' lang='lat' dir='ltr'><strong>loco</strong></span> <span class='ocrx_word' id='word_1_667' title='bbox 1677 3921 1761 3967; x_wconf 89' lang='lat' dir='ltr'><strong>est</strong></span> <span class='ocrx_word' id='word_1_668' title='bbox 1784 3929 1964 3988; x_wconf 61' lang='lat' dir='ltr'><strong>varie-</strong></span> 
     </span>
    </p>
   </div>
   <div class='ocr_carea' id='block_1_79' title="bbox 395 3979 1999 4051">
    <p class='ocr_par' dir='ltr' id='par_1_79' title="bbox 395 3979 1999 4051">
     <span class='ocr_line' id='line_1_81' title="bbox 395 3979 1999 4051; baseline -0.002 -11"><span class='ocrx_word' id='word_1_669' title='bbox 395 3979 478 4040; x_wconf 71' lang='lat' dir='ltr'><strong>tEis</strong></span> <span class='ocrx_word' id='word_1_670' title='bbox 505 4002 639 4040; x_wconf 85' lang='lat' dir='ltr'><strong>mss.</strong></span> <span class='ocrx_word' id='word_1_671' title='bbox 671 3986 920 4040; x_wconf 90' lang='lat' dir='ltr'><strong>codicum</strong></span> <span class='ocrx_word' id='word_1_672' title='bbox 950 3980 1085 4034; x_wconf 85' lang='lat' dir='ltr'><strong>Novi</strong></span> <span class='ocrx_word' id='word_1_673' title='bbox 1113 3979 1467 4047; x_wconf 91' lang='lat' dir='ltr'><strong>Testamenti,</strong></span> <span class='ocrx_word' id='word_1_674' title='bbox 1503 3990 1562 4036; x_wconf 94' lang='lat' dir='ltr'><strong>ut</strong></span> <span class='ocrx_word' id='word_1_675' title='bbox 1587 3991 1732 4051; x_wconf 87' lang='lat' dir='ltr'><strong>patet</strong></span> <span class='ocrx_word' id='word_1_676' title='bbox 1757 3998 1822 4038; x_wconf 81' lang='lat' dir='ltr'><strong>ex</strong></span> <span class='ocrx_word' id='word_1_677' title='bbox 1851 3984 1967 4038; x_wconf 91' lang='lat' dir='ltr'><strong>edi-</strong></span> <span class='ocrx_word' id='word_1_678' title='bbox 1994 3992 1999 3996; x_wconf 71' lang='lat'><strong><em>’</em></strong></span> 
     </span>
    </p>
   </div>
   <div class='ocr_carea' id='block_1_80' title="bbox 394 4051 1969 4110">
    <p class='ocr_par' dir='ltr' id='par_1_80' title="bbox 394 4051 1969 4110">
     <span class='ocr_line' id='line_1_82' title="bbox 394 4051 1969 4110; baseline -0.001 -3"><span class='ocrx_word' id='word_1_679' title='bbox 394 4056 545 4110; x_wconf 91' lang='lat' dir='ltr'><strong>tione</strong></span> <span class='ocrx_word' id='word_1_680' title='bbox 564 4053 862 4110; x_wconf 78' lang='lat' dir='ltr'><strong>Oxoniensi</strong></span> <span class='ocrx_word' id='word_1_681' title='bbox 894 4051 1052 4106; x_wconf 82' lang='grc'>1675.</span> <span class='ocrx_word' id='word_1_682' title='bbox 1080 4051 1181 4104; x_wconf 90' lang='lat' dir='ltr'><strong>Alii</strong></span> <span class='ocrx_word' id='word_1_683' title='bbox 1205 4051 1349 4105; x_wconf 90' lang='lat' dir='ltr'><strong>enim</strong></span> <span class='ocrx_word' id='word_1_684' title='bbox 1378 4051 1457 4104; x_wconf 88' lang='lat' dir='ltr'><strong>sic</strong></span> <span class='ocrx_word' id='word_1_685' title='bbox 1481 4052 1680 4106; x_wconf 88' lang='lat' dir='ltr'><strong>habent</strong></span> <span class='ocrx_word' id='word_1_686' title='bbox 1705 4070 1719 4106; x_wconf 91' lang='lat'><strong>:</strong></span> <span class='ocrx_word' id='word_1_687' title='bbox 1753 4053 1780 4105; x_wconf 88' lang='lat'><strong>6</strong></span> <span class='ocrx_word' id='word_1_688' title='bbox 1808 4053 1969 4106; x_wconf 79' lang='grc' dir='ltr'>Πνεύ-</span> 
     </span>
    </p>
   </div>
   <div class='ocr_carea' id='block_1_81' title="bbox 396 4120 1968 4196">
    <p class='ocr_par' dir='ltr' id='par_1_81' title="bbox 396 4120 1968 4196">
     <span class='ocr_line' id='line_1_83' title="bbox 396 4120 1968 4196; baseline -0.001 -18"><span class='ocrx_word' id='word_1_689' title='bbox 396 4143 528 4192; x_wconf 85' lang='grc' dir='ltr'>ματι</span> <span class='ocrx_word' id='word_1_690' title='bbox 574 4126 715 4196; x_wconf 85' lang='grc' dir='ltr'>ἁγίῳ</span> <span class='ocrx_word' id='word_1_691' title='bbox 753 4120 843 4196; x_wconf 83' lang='grc' dir='ltr'>διόι</span> <span class='ocrx_word' id='word_1_692' title='bbox 890 4121 1235 4196; x_wconf 26' lang='grc' dir='ltr'>τοῦᾷπατρὸς</span> <span class='ocrx_word' id='word_1_693' title='bbox 1280 4120 1647 4196; x_wconf 23' lang='grc' dir='ltr'>ήμῶν-Δαβᾷίδ,</span> <span class='ocrx_word' id='word_1_694' title='bbox 1678 4130 1781 4196; x_wconf 82' lang='lat' dir='ltr'><strong>e_tc.</strong></span> <span class='ocrx_word' id='word_1_695' title='bbox 1810 4123 1968 4196; x_wconf 76' lang='lat' dir='ltr'><strong>Alii_6</strong></span> 
     </span>
    </p>
   </div>
   <div class='ocr_carea' id='block_1_82' title="bbox 394 4189 1967 4267">
    <p class='ocr_par' dir='ltr' id='par_1_82' title="bbox 394 4189 1967 4267">
     <span class='ocr_line' id='line_1_84' title="bbox 394 4189 1967 4267; baseline -0.003 -18"><span class='ocrx_word' id='word_1_696' title='bbox 394 4189 452 4248; x_wconf 72' lang='grc' dir='ltr'>ἓν</span> <span class='ocrx_word' id='word_1_697' title='bbox 489 4189 951 4267; x_wconf 29' lang='grc' dir='ltr'>Πνεύματι-ἁγίῳ</span> <span class='ocrx_word' id='word_1_698' title='bbox 997 4191 1113 4267; x_wconf 67' lang='grc' dir='ltr'><strong>διέι⁸</strong></span> <span class='ocrx_word' id='word_1_699' title='bbox 1134 4189 1398 4267; x_wconf 68' lang='grc' dir='ltr'>στόματος</span> <span class='ocrx_word' id='word_1_700' title='bbox 1431 4189 1616 4267; x_wconf 39' lang='grc' dir='ltr'>ῥαϐὶδ-</span> <span class='ocrx_word' id='word_1_701' title='bbox 1638 4192 1737 4267; x_wconf 60' lang='grc' dir='ltr'><strong>τοῦ</strong></span> <span class='ocrx_word' id='word_1_702' title='bbox 1782 4193 1967 4267; x_wconf 76' lang='grc' dir='ltr'>παιδός</span> 
     </span>
    </p>
   </div>
   <div class='ocr_carea' id='block_1_83' title="bbox 2063 3491 3127 3574">
    <p class='ocr_par' dir='ltr' id='par_1_83' title="bbox 2063 3491 3127 3574">
     <span class='ocr_line' id='line_1_85' title="bbox 2063 3491 3127 3574; baseline 0 -27"><span class='ocrx_word' id='word_1_703' title='bbox 2063 3491 2262 3574; x_wconf 49' lang='lat' dir='ltr'><strong>Ibidem</strong></span> <span class='ocrx_word' id='word_1_704' title='bbox 2273 3493 2423 3574; x_wconf 44' lang='grc' dir='ltr'>ἔζεε.</span> <span class='ocrx_word' id='word_1_705' title='bbox 2458 3494 2513 3560; x_wconf 77' lang='grc'>2,</span> <span class='ocrx_word' id='word_1_706' title='bbox 2538 3494 2599 3574; x_wconf 67' lang='grc' dir='ltr'><strong>τδ</strong></span> <span class='ocrx_word' id='word_1_707' title='bbox 2622 3494 2855 3574; x_wconf 31' lang='grc' dir='ltr'>Πνεῦμα*</span> <span class='ocrx_word' id='word_1_708' title='bbox 2870 3494 2931 3548; x_wconf 79' lang='grc' dir='ltr'><strong>τὸ</strong></span> <span class='ocrx_word' id='word_1_709' title='bbox 2952 3495 3127 3574; x_wconf 71' lang='grc' dir='ltr'>ἆγιον.</span> 
     </span>
    </p>
   </div>
   <div class='ocr_carea' id='block_1_84' title="bbox 2161 3562 3479 3645">
    <p class='ocr_par' dir='ltr' id='par_1_84' title="bbox 2161 3562 3479 3645">
     <span class='ocr_line' id='line_1_86' title="bbox 2161 3562 3479 3645; baseline 0.002 -29"><span class='ocrx_word' id='word_1_710' title='bbox 2273 3562 2474 3645; x_wconf 61' lang='lat' dir='ltr'><strong>Regius</strong></span> <span class='ocrx_word' id='word_1_711' title='bbox 2508 3562 2799 3645; x_wconf 66' lang='lat' dir='ltr'><strong>primuset</strong></span> <span class='ocrx_word' id='word_1_712' title='bbox 2822 3562 3207 3645; x_wconf 36' lang='lat' dir='ltr'><strong>Seg&#39;ue‘rianus,</strong></span> <span class='ocrx_word' id='word_1_713' title='bbox 3233 3565 3479 3645; x_wconf 69' lang='grc' dir='ltr'><strong>πλάνοιςἶ</strong></span> 
     </span>
    </p>
   </div>
   <div class='ocr_carea' id='block_1_85' title="bbox 2156 3632 3639 3708">
    <p class='ocr_par' dir='ltr' id='par_1_85' title="bbox 2156 3632 3639 3708">
     <span class='ocr_line' id='line_1_87' title="bbox 2156 3632 3639 3708; baseline 0.004 -21"><span class='ocrx_word' id='word_1_714' title='bbox 2156 3632 2245 3708; x_wconf 42' lang='grc'>8-0)</span> <span class='ocrx_word' id='word_1_715' title='bbox 2265 3632 2373 3708; x_wconf 77' lang='lat' dir='ltr'><strong>Sic</strong></span> <span class='ocrx_word' id='word_1_716' title='bbox 2395 3632 2599 3708; x_wconf 70' lang='lat' dir='ltr'><strong>Regius</strong></span> <span class='ocrx_word' id='word_1_717' title='bbox 2655 3632 3308 3708; x_wconf 60' lang='lat' dir='ltr'><strong>primus,&#39;S_eguerianus,</strong></span> <span class='ocrx_word' id='word_1_718' title='bbox 3340 3637 3639 3708; x_wconf 83' lang='lat' dir='ltr'><strong>Anglican.</strong></span> 
     </span>
    </p>
   </div>
   <div class='ocr_carea' id='block_1_86' title="bbox 2064 3702 3643 3774">
    <p class='ocr_par' dir='ltr' id='par_1_86' title="bbox 2064 3702 3643 3774">
     <span class='ocr_line' id='line_1_88' title="bbox 2064 3702 3643 3774; baseline 0.003 -15"><span class='ocrx_word' id='word_1_719' title='bbox 2064 3702 2374 3759; x_wconf 85' lang='lat' dir='ltr'><strong>Goblerian.</strong></span> <span class='ocrx_word' id='word_1_720' title='bbox 2411 3702 2837 3774; x_wconf 44' lang='lat' dir='ltr'><strong>et&#39;FelcCLet</strong></span> <span class='ocrx_word' id='word_1_721' title='bbox 2868 3702 3083 3774; x_wconf 75' lang='lat' dir='ltr'><strong>quidem</strong></span> <span class='ocrx_word' id='word_1_722' title='bbox 3125 3702 3643 3763; x_wconf 33' lang='lat' dir='ltr'><strong>recte.&#39;Alii&#39;autem</strong></span> 
     </span>
    </p>
   </div>
   <div class='ocr_carea' id='block_1_87' title="bbox 2062 3772 3642 3847">
    <p class='ocr_par' dir='ltr' id='par_1_87' title="bbox 2062 3772 3642 3847">
     <span class='ocr_line' id='line_1_89' title="bbox 2062 3772 3642 3847; baseline 0.003 -19"><span class='ocrx_word' id='word_1_723' title='bbox 2062 3784 2116 3829; x_wconf 89' lang='lat' dir='ltr'><strong>et</strong></span> <span class='ocrx_word' id='word_1_724' title='bbox 2139 3775 2289 3847; x_wconf 75' lang='lat' dir='ltr'><strong>editi,</strong></span> <span class='ocrx_word' id='word_1_725' title='bbox 2323 3775 2467 3847; x_wconf 47' lang='grc' dir='ltr'>καὶ-ὁ</span> <span class='ocrx_word' id='word_1_726' title='bbox 2488 3774 2699 3847; x_wconf 80' lang='grc' dir='ltr'>Παῦλος</span> <span class='ocrx_word' id='word_1_727' title='bbox 2729 3772 3231 3847; x_wconf 63' lang='grc' dir='ltr'>ἐλεγεΚορινθίοις.</span> <span class='ocrx_word' id='word_1_728' title='bbox 3258 3775 3393 3847; x_wconf 70' lang='lat' dir='ltr'><strong>ibid.</strong></span> <span class='ocrx_word' id='word_1_729' title='bbox 3420 3775 3557 3845; x_wconf 72' lang='lat' dir='ltr'><strong>Reg.</strong></span> <span class='ocrx_word' id='word_1_730' title='bbox 3581 3779 3642 3839; x_wconf 72' lang='lat'><strong>2.</strong></span> 
     </span>
    </p>
   </div>
   <div class='ocr_carea' id='block_1_88' title="bbox 2065 3843 3646 3915">
    <p class='ocr_par' dir='ltr' id='par_1_88' title="bbox 2065 3843 3646 3915">
     <span class='ocr_line' id='line_1_90' title="bbox 2065 3843 3646 3915; baseline 0.004 -19"><span class='ocrx_word' id='word_1_731' title='bbox 2065 3844 2350 3915; x_wconf 85' lang='grc' dir='ltr'>χορηγίαν.</span> <span class='ocrx_word' id='word_1_732' title='bbox 2383 3843 2505 3915; x_wconf 75' lang='lat' dir='ltr'><strong>Mox</strong></span> <span class='ocrx_word' id='word_1_733' title='bbox 2551 3845 2720 3915; x_wconf 81' lang='lat' dir='ltr'><strong>iidem</strong></span> <span class='ocrx_word' id='word_1_734' title='bbox 2745 3843 2948 3900; x_wconf 39' lang='lat' dir='ltr'><strong>illi&#39;sex</strong></span> <span class='ocrx_word' id='word_1_735' title='bbox 2990 3843 3121 3915; x_wconf 78' lang='lat' dir='ltr'><strong>mss.</strong></span> <span class='ocrx_word' id='word_1_736' title='bbox 3159 3847 3240 3901; x_wconf 90' lang='lat' dir='ltr'><strong>sic</strong></span> <span class='ocrx_word' id='word_1_737' title='bbox 3265 3845 3463 3900; x_wconf 89' lang='lat' dir='ltr'><strong>habent</strong></span> <span class='ocrx_word' id='word_1_738' title='bbox 3495 3843 3646 3902; x_wconf 55' lang='grc' dir='ltr'>ἐκαὶ</span> 
     </span>
    </p>
   </div>
   <div class='ocr_carea' id='block_1_89' title="bbox 2072 3913 3645 3986">
    <p class='ocr_par' dir='ltr' id='par_1_89' title="bbox 2072 3913 3645 3986">
     <span class='ocr_line' id='line_1_91' title="bbox 2072 3913 3645 3986; baseline 0.004 -20"><span class='ocrx_word' id='word_1_739' title='bbox 2072 3913 2209 3986; x_wconf 51' lang='lat' dir='ltr'><strong>ergo:</strong></span> <span class='ocrx_word' id='word_1_740' title='bbox 2236 3914 2562 3986; x_wconf 80' lang='grc' dir='ltr'>Κορινθίους</span> <span class='ocrx_word' id='word_1_741' title='bbox 2593 3914 2673 3986; x_wconf 17' lang='grc' dir='ltr'><strong>δὲᾼ</strong></span> <span class='ocrx_word' id='word_1_742' title='bbox 2695 3913 2951 3986; x_wconf 79' lang='grc' dir='ltr'>ἔγραφεν.</span> <span class='ocrx_word' id='word_1_743' title='bbox 2981 3914 3121 3969; x_wconf 89' lang='lat' dir='ltr'><strong>Editi</strong></span> <span class='ocrx_word' id='word_1_744' title='bbox 3155 3929 3301 3986; x_wconf 18' lang='lat' dir='ltr'><strong>vero;</strong></span> <span class='ocrx_word' id='word_1_745' title='bbox 3320 3926 3375 3970; x_wconf 89' lang='lat' dir='ltr'><strong>et</strong></span> <span class='ocrx_word' id='word_1_746' title='bbox 3404 3916 3519 3979; x_wconf 88' lang='lat' dir='ltr'><strong>alii,</strong></span> <span class='ocrx_word' id='word_1_747' title='bbox 3548 3920 3645 3973; x_wconf 84' lang='grc' dir='ltr'><strong>καὶ</strong></span> 
     </span>
    </p>
   </div>
   <div class='ocr_carea' id='block_1_90' title="bbox 2074 3983 3646 4056">
    <p class='ocr_par' dir='ltr' id='par_1_90' title="bbox 2074 3983 3646 4056">
     <span class='ocr_line' id='line_1_92' title="bbox 2074 3983 3646 4056; baseline 0.003 -19"><span class='ocrx_word' id='word_1_748' title='bbox 2074 3983 2233 4037; x_wconf 81' lang='grc' dir='ltr'>πάλιν</span> <span class='ocrx_word' id='word_1_749' title='bbox 2259 3983 2392 4056; x_wconf 84' lang='grc' dir='ltr'>πρὸς</span> <span class='ocrx_word' id='word_1_750' title='bbox 2420 3985 2630 4056; x_wconf 70' lang='grc' dir='ltr'>αὐτοὺς</span> <span class='ocrx_word' id='word_1_751' title='bbox 2652 3984 2681 4036; x_wconf 92' lang='lat'><strong>6</strong></span> <span class='ocrx_word' id='word_1_752' title='bbox 2713 3983 2871 4048; x_wconf 76' lang='grc' dir='ltr'>αὑτὸς</span> <span class='ocrx_word' id='word_1_753' title='bbox 2889 3985 3161 4056; x_wconf 11' lang='grc' dir='ltr'>γέγραφεν.</span> <span class='ocrx_word' id='word_1_754' title='bbox 3191 3983 3394 4039; x_wconf 69' lang='grc' dir='ltr'>Ιὺῖᾱειιι</span> <span class='ocrx_word' id='word_1_755' title='bbox 3437 3986 3646 4056; x_wconf 71' lang='lat' dir='ltr'><strong>Regius</strong></span> 
     </span>
    </p>
   </div>
   <div class='ocr_carea' id='block_1_91' title="bbox 2072 4003 3646 4126">
    <p class='ocr_par' dir='ltr' id='par_1_91' title="bbox 2072 4003 3646 4126">
     <span class='ocr_line' id='line_1_93' title="bbox 2074 4003 3646 4056; baseline 0.004 -19"><span class='ocrx_word' id='word_1_756' title='bbox 2074 4003 2233 4037; x_wconf 84' lang='grc' dir='ltr'>παΑιν</span> <span class='ocrx_word' id='word_1_757' title='bbox 2259 4003 2392 4056; x_wconf 87' lang='grc' dir='ltr'>προς</span> <span class='ocrx_word' id='word_1_758' title='bbox 2421 4003 2614 4047; x_wconf 81' lang='grc' dir='ltr'>αυτούς</span> <span class='ocrx_word' id='word_1_759' title='bbox 2652 4003 2681 4036; x_wconf 88' lang='lat'><strong>0</strong></span> <span class='ocrx_word' id='word_1_760' title='bbox 2713 4003 2871 4048; x_wconf 84' lang='grc' dir='ltr'>αυτος</span> <span class='ocrx_word' id='word_1_761' title='bbox 2905 4003 3040 4056; x_wconf 85' lang='grc' dir='ltr'>εγρα</span> <span class='ocrx_word' id='word_1_762' title='bbox 3085 4003 3161 4038; x_wconf 88' lang='grc' dir='ltr'>εν.</span> <span class='ocrx_word' id='word_1_763' title='bbox 3193 4003 3394 4039; x_wconf 73' lang='grc' dir='ltr'>ωιιιειιι</span> <span class='ocrx_word' id='word_1_764' title='bbox 3437 4003 3646 4056; x_wconf 66' lang='grc' dir='ltr'>ιίιτςιιιε</span> 
     </span>
     <span class='ocr_line' id='line_1_94' title="bbox 2072 4003 3646 4126; baseline 0.002 -18"><span class='ocrx_word' id='word_1_765' title='bbox 2072 4056 2306 4126; x_wconf 69' lang='grc' dir='ltr'>ρι’ίιηυε</span> <span class='ocrx_word' id='word_1_766' title='bbox 2334 4062 2388 4109; x_wconf 90' lang='lat' dir='ltr'><strong>et</strong></span> <span class='ocrx_word' id='word_1_767' title='bbox 2414 4053 2778 4126; x_wconf 75' lang='lat' dir='ltr'><strong>Seguerianus</strong></span> <span class='ocrx_word' id='word_1_768' title='bbox 2810 4003 3081 4126; x_wconf 42' lang='lat' dir='ltr'><strong>habent;</strong></span> <span class='ocrx_word' id='word_1_769' title='bbox 3100 4054 3351 4125; x_wconf 82' lang='grc' dir='ltr'>δοκιμήν,</span> <span class='ocrx_word' id='word_1_770' title='bbox 3388 4066 3450 4111; x_wconf 81' lang='grc' dir='ltr'><strong>ιιι</strong></span> <span class='ocrx_word' id='word_1_771' title='bbox 3478 4067 3537 4110; x_wconf 89' lang='lat' dir='ltr'><strong>et</strong></span> <span class='ocrx_word' id='word_1_772' title='bbox 3569 4061 3646 4112; x_wconf 88' lang='lat' dir='ltr'><strong>le-</strong></span> 
     </span>
    </p>
   </div>
   <div class='ocr_carea' id='block_1_92' title="bbox 2072 4122 3647 4194">
    <p class='ocr_par' dir='ltr' id='par_1_92' title="bbox 2072 4122 3647 4194">
     <span class='ocr_line' id='line_1_95' title="bbox 2072 4122 3647 4194; baseline 0.004 -18"><span class='ocrx_word' id='word_1_773' title='bbox 2072 4122 2219 4194; x_wconf 78' lang='lat' dir='ltr'><strong>gisse</strong></span> <span class='ocrx_word' id='word_1_774' title='bbox 2261 4122 2765 4194; x_wconf 48' lang='lat' dir='ltr'><strong>videtur&#39;Vulgataz</strong></span> <span class='ocrx_word' id='word_1_775' title='bbox 2809 4123 2943 4179; x_wconf 80' lang='lat' dir='ltr'><strong>Novi</strong></span> <span class='ocrx_word' id='word_1_776' title='bbox 2989 4122 3318 4180; x_wconf 79' lang='lat' dir='ltr'><strong>Testamenti</strong></span> <span class='ocrx_word' id='word_1_777' title='bbox 3363 4127 3647 4183; x_wconf 80' lang='lat' dir='ltr'><strong>versionis</strong></span> 
     </span>
    </p>
   </div>
   <div class='ocr_carea' id='block_1_93' title="bbox 2073 4194 3646 4266">
    <p class='ocr_par' dir='ltr' id='par_1_93' title="bbox 2073 4194 3646 4266">
     <span class='ocr_line' id='line_1_96' title="bbox 2073 4194 3646 4266; baseline 0.004 -20"><span class='ocrx_word' id='word_1_778' title='bbox 2073 4204 2282 4266; x_wconf 89' lang='lat' dir='ltr'><strong>a_uctor.</strong></span> <span class='ocrx_word' id='word_1_779' title='bbox 2315 4194 2418 4266; x_wconf 85' lang='lat' dir='ltr'><strong>Alii</strong></span> <span class='ocrx_word' id='word_1_780' title='bbox 2459 4203 2511 4248; x_wconf 90' lang='lat' dir='ltr'><strong>et</strong></span> <span class='ocrx_word' id='word_1_781' title='bbox 2542 4195 2692 4258; x_wconf 88' lang='lat' dir='ltr'><strong>editi,</strong></span> <span class='ocrx_word' id='word_1_782' title='bbox 2739 4195 3065 4266; x_wconf 40' lang='lat' dir='ltr'><strong>ElﬂOtiﬂv.</strong></span> <span class='ocrx_word' id='word_1_783' title='bbox 3091 4194 3310 4250; x_wconf 74' lang='lat' dir='ltr'><strong>Graecus</strong></span> <span class='ocrx_word' id='word_1_784' title='bbox 3336 4212 3467 4252; x_wconf 80' lang='lat' dir='ltr'><strong>vero</strong></span> <span class='ocrx_word' id='word_1_785' title='bbox 3500 4194 3646 4253; x_wconf 68' lang='lat' dir='ltr'><strong>Novi</strong></span> 
     </span>
    </p>
   </div>
   <div class='ocr_carea' id='block_1_94' title="bbox 397 4260 1961 4337">
    <p class='ocr_par' dir='ltr' id='par_1_94' title="bbox 397 4260 1961 4337">
     <span class='ocr_line' id='line_1_97' title="bbox 397 4260 1961 4337; baseline -0.001 -20"><span class='ocrx_word' id='word_1_786' title='bbox 397 4282 514 4337; x_wconf 86' lang='grc' dir='ltr'>σου,</span> <span class='ocrx_word' id='word_1_787' title='bbox 555 4260 661 4337; x_wconf 67' lang='lat' dir='ltr'><strong>etc.</strong></span> <span class='ocrx_word' id='word_1_788' title='bbox 700 4264 806 4317; x_wconf 86' lang='lat' dir='ltr'><strong>Alii</strong></span> <span class='ocrx_word' id='word_1_789' title='bbox 832 4260 957 4337; x_wconf 79' lang='lat' dir='ltr'><strong>post</strong></span> <span class='ocrx_word' id='word_1_790' title='bbox 990 4260 1177 4337; x_wconf 79' lang='grc' dir='ltr'>παιδός</span> <span class='ocrx_word' id='word_1_791' title='bbox 1208 4260 1312 4337; x_wconf 60' lang='grc' dir='ltr'><strong>Δσου</strong></span> <span class='ocrx_word' id='word_1_792' title='bbox 1327 4261 1575 4337; x_wconf 80' lang='lat' dir='ltr'><strong>_habent,</strong></span> <span class='ocrx_word' id='word_1_793' title='bbox 1599 4262 1657 4313; x_wconf 87' lang='grc' dir='ltr'><strong>ὲν</strong></span> <span class='ocrx_word' id='word_1_794' title='bbox 1690 4262 1961 4337; x_wconf 71' lang='grc' dir='ltr'>Πνεύματι</span> 
     </span>
    </p>
   </div>
   <div class='ocr_carea' id='block_1_95' title="bbox 2071 4260 3645 4337">
    <p class='ocr_par' dir='ltr' id='par_1_95' title="bbox 2075 4260 3645 4337">
     <span class='ocr_line' id='line_1_98' title="bbox 2075 4260 3645 4337; baseline 0.003 -20"><span class='ocrx_word' id='word_1_795' title='bbox 2075 4262 2403 4337; x_wconf 61' lang='grc' dir='ltr'>Τυειοωεηιί</span> <span class='ocrx_word' id='word_1_796' title='bbox 2428 4274 2625 4337; x_wconf 83' lang='lat' dir='ltr'><strong>textus,</strong></span> <span class='ocrx_word' id='word_1_797' title='bbox 2648 4266 2769 4318; x_wconf 75' lang='grc' dir='ltr'>ἐπεὶ</span> <span class='ocrx_word' id='word_1_798' title='bbox 2788 4260 3035 4337; x_wconf 78' lang='grc' dir='ltr'>δοκιμήν,</span> <span class='ocrx_word' id='word_1_799' title='bbox 3066 4266 3183 4320; x_wconf 92' lang='lat' dir='ltr'><strong>sine</strong></span> <span class='ocrx_word' id='word_1_800' title='bbox 3206 4267 3313 4320; x_wconf 90' lang='lat' dir='ltr'><strong>ulla</strong></span> <span class='ocrx_word' id='word_1_801' title='bbox 3342 4282 3476 4323; x_wconf 88' lang='lat' dir='ltr'><strong>mss.</strong></span> <span class='ocrx_word' id='word_1_802' title='bbox 3506 4269 3645 4324; x_wconf 84' lang='lat' dir='ltr'><strong>edit.</strong></span> 
     </span>
    </p>
   </div>
   <div class='ocr_carea' id='block_1_96' title="bbox 394 4330 1961 4406">
    <p class='ocr_par' dir='ltr' id='par_1_96' title="bbox 394 4330 1961 4406">
     <span class='ocr_line' id='line_1_99' title="bbox 394 4330 1961 4406; baseline -0.001 -19"><span class='ocrx_word' id='word_1_803' title='bbox 394 4336 558 4406; x_wconf 77' lang='grc' dir='ltr'>ἁγίῳ.</span> <span class='ocrx_word' id='word_1_804' title='bbox 596 4330 1091 4406; x_wconf 74' lang='lat' dir='ltr'><strong>Cantabrigiensis,</strong></span> <span class='ocrx_word' id='word_1_805' title='bbox 1135 4330 1291 4406; x_wconf 62' lang='lat' dir='ltr'>66rd</span> <span class='ocrx_word' id='word_1_806' title='bbox 1318 4330 1642 4406; x_wconf 67' lang='grc' dir='ltr'>Πνεύματος</span> <span class='ocrx_word' id='word_1_807' title='bbox 1686 4330 1850 4406; x_wconf 69' lang='grc' dir='ltr'>ἁγίου</span> <span class='ocrx_word' id='word_1_808' title='bbox 1885 4332 1961 4386; x_wconf 76' lang='grc' dir='ltr'>διὰ</span> 
     </span>
    </p>
   </div>
   <div class='ocr_carea' id='block_1_97' title="bbox 2071 4330 2661 4406">
    <p class='ocr_par' dir='ltr' id='par_1_97' title="bbox 2072 4332 2661 4406">
     <span class='ocr_line' id='line_1_100' title="bbox 2072 4332 2661 4406; baseline 0 -19"><span class='ocrx_word' id='word_1_809' title='bbox 2072 4332 2246 4406; x_wconf 76' lang='lat' dir='ltr'><strong>Oxon.</strong></span> <span class='ocrx_word' id='word_1_810' title='bbox 2280 4335 2661 4406; x_wconf 48' lang='lat' dir='ltr'><strong>discrepantia.</strong></span> 
     </span>
    </p>
   </div>
   <div class='ocr_carea' id='block_1_98' title="bbox 394 4399 1969 4475">
    <p class='ocr_par' dir='ltr' id='par_1_98' title="bbox 394 4399 1969 4475">
     <span class='ocr_line' id='line_1_101' title="bbox 394 4399 1969 4475; baseline -0.002 -16"><span class='ocrx_word' id='word_1_811' title='bbox 394 4399 491 4459; x_wconf 67' lang='grc' dir='ltr'><strong>τοῦ</strong></span> <span class='ocrx_word' id='word_1_812' title='bbox 511 4399 787 4475; x_wconf 75' lang='grc' dir='ltr'>’στόματος</span> <span class='ocrx_word' id='word_1_813' title='bbox 809 4399 1046 4475; x_wconf 69' lang='grc' dir='ltr'>λαλήσας</span> <span class='ocrx_word' id='word_1_814' title='bbox 1068 4400 1232 4475; x_wconf 77' lang='grc' dir='ltr'>Δαΰὶδ</span> <span class='ocrx_word' id='word_1_815' title='bbox 1254 4399 1353 4475; x_wconf 67' lang='grc' dir='ltr'><strong>τοῦ</strong></span> <span class='ocrx_word' id='word_1_816' title='bbox 1378 4400 1579 4475; x_wconf 79' lang='grc' dir='ltr'>παιδός,</span> <span class='ocrx_word' id='word_1_817' title='bbox 1589 4417 1703 4475; x_wconf 85' lang='grc' dir='ltr'>σου.</span> <span class='ocrx_word' id='word_1_818' title='bbox 1725 4403 1775 4475; x_wconf 31' lang='grc' dir='ltr'>,γ</span> <span class='ocrx_word' id='word_1_819' title='bbox 1787 4399 1969 4475; x_wconf 79' lang='lat' dir='ltr'><strong>ulgata</strong></span> 
     </span>
    </p>
   </div>
   <div class='ocr_carea' id='block_1_99' title="bbox 394 4468 1968 4530">
    <p class='ocr_par' dir='ltr' id='par_1_99' title="bbox 394 4468 1968 4530">
     <span class='ocr_line' id='line_1_102' title="bbox 394 4468 1968 4530; baseline -0.001 -1"><span class='ocrx_word' id='word_1_820' title='bbox 394 4476 576 4530; x_wconf 82' lang='lat' dir='ltr'><strong>versio</strong></span> <span class='ocrx_word' id='word_1_821' title='bbox 601 4468 763 4529; x_wconf 82' lang='lat' dir='ltr'><strong>habet</strong></span> <span class='ocrx_word' id='word_1_822' title='bbox 791 4483 849 4528; x_wconf 91' lang='lat' dir='ltr'><strong>ut</strong></span> <span class='ocrx_word' id='word_1_823' title='bbox 878 4468 968 4527; x_wconf 76' lang='lat' dir='ltr'><strong>hic</strong></span> <span class='ocrx_word' id='word_1_824' title='bbox 1001 4470 1284 4526; x_wconf 84' lang='lat' dir='ltr'><strong>vertimus.</strong></span> <span class='ocrx_word' id='word_1_825' title='bbox 1317 4468 1574 4525; x_wconf 91' lang='lat' dir='ltr'><strong>Ottobon.</strong></span> <span class='ocrx_word' id='word_1_826' title='bbox 1607 4472 1688 4525; x_wconf 92' lang='lat' dir='ltr'><strong>sic</strong></span> <span class='ocrx_word' id='word_1_827' title='bbox 1725 4468 1887 4527; x_wconf 72' lang='lat' dir='ltr'><strong>habet</strong></span> <span class='ocrx_word' id='word_1_828' title='bbox 1910 4476 1968 4526; x_wconf 83' lang='grc' dir='ltr'>ὲν</span> 
     </span>
    </p>
   </div>
   <div class='ocr_carea' id='block_1_100' title="bbox 395 4540 1969 4614">
    <p class='ocr_par' dir='ltr' id='par_1_100' title="bbox 395 4540 1969 4614">
     <span class='ocr_line' id='line_1_103' title="bbox 395 4540 1969 4614; baseline -0.003 -14"><span class='ocrx_word' id='word_1_829' title='bbox 395 4544 600 4609; x_wconf 82' lang='grc' dir='ltr'>αὐτοῖς,</span> <span class='ocrx_word' id='word_1_830' title='bbox 646 4542 931 4614; x_wconf 84' lang='grc' dir='ltr'>ήμῶνδιὰ</span> <span class='ocrx_word' id='word_1_831' title='bbox 973 4540 1288 4614; x_wconf 81' lang='grc' dir='ltr'>Πνεύματος</span> <span class='ocrx_word' id='word_1_832' title='bbox 1319 4541 1473 4610; x_wconf 81' lang='grc' dir='ltr'>ἁγίου</span> <span class='ocrx_word' id='word_1_833' title='bbox 1517 4541 1782 4614; x_wconf 70' lang='grc' dir='ltr'>στᾴματος</span> <span class='ocrx_word' id='word_1_834' title='bbox 1805 4542 1969 4614; x_wconf 58' lang='grc' dir='ltr'><strong>Δαᾷδ</strong></span> 
     </span>
    </p>
   </div>
   <div class='ocr_carea' id='block_1_101' title="bbox 395 4612 1964 4679">
    <p class='ocr_par' dir='ltr' id='par_1_101' title="bbox 395 4612 1964 4679">
     <span class='ocr_line' id='line_1_104' title="bbox 395 4612 1964 4679; baseline -0.001 -11"><span class='ocrx_word' id='word_1_835' title='bbox 395 4615 587 4679; x_wconf 84' lang='grc' dir='ltr'>παιδός</span> <span class='ocrx_word' id='word_1_836' title='bbox 641 4612 756 4668; x_wconf 82' lang='grc' dir='ltr'>σου.</span> <span class='ocrx_word' id='word_1_837' title='bbox 804 4613 1070 4669; x_wconf 67' lang='lat' dir='ltr'><strong>Caeterum</strong></span> <span class='ocrx_word' id='word_1_838' title='bbox 1121 4612 1211 4664; x_wconf 90' lang='lat' dir='ltr'><strong>alii</strong></span> <span class='ocrx_word' id='word_1_839' title='bbox 1259 4626 1392 4666; x_wconf 91' lang='lat' dir='ltr'><strong>mss.</strong></span> <span class='ocrx_word' id='word_1_840' title='bbox 1440 4620 1495 4665; x_wconf 87' lang='lat' dir='ltr'><strong>et</strong></span> <span class='ocrx_word' id='word_1_841' title='bbox 1541 4613 1669 4666; x_wconf 76' lang='lat' dir='ltr'><strong>editi</strong></span> <span class='ocrx_word' id='word_1_842' title='bbox 1720 4612 1964 4679; x_wconf 52' lang='lat' dir='ltr'><strong>hunc.S.</strong></span> 
     </span>
    </p>
   </div>
   <div class='ocr_carea' id='block_1_102' title="bbox 392 4681 1968 4753">
    <p class='ocr_par' dir='ltr' id='par_1_102' title="bbox 392 4681 1968 4753">
     <span class='ocr_line' id='line_1_105' title="bbox 392 4681 1968 4753; baseline -0.001 -15"><span class='ocrx_word' id='word_1_843' title='bbox 392 4685 679 4740; x_wconf 79' lang='lat' dir='ltr'><strong>Athanasii</strong></span> <span class='ocrx_word' id='word_1_844' title='bbox 725 4687 903 4739; x_wconf 87' lang='lat' dir='ltr'><strong>locum</strong></span> <span class='ocrx_word' id='word_1_845' title='bbox 939 4683 1020 4753; x_wconf 86' lang='lat' dir='ltr'><strong>sic</strong></span> <span class='ocrx_word' id='word_1_846' title='bbox 1058 4682 1314 4737; x_wconf 84' lang='lat' dir='ltr'><strong>exhibent</strong></span> <span class='ocrx_word' id='word_1_847' title='bbox 1344 4699 1359 4735; x_wconf 89' lang='lat'><strong>:</strong></span> <span class='ocrx_word' id='word_1_848' title='bbox 1390 4684 1419 4735; x_wconf 91' lang='lat'><strong>6</strong></span> <span class='ocrx_word' id='word_1_849' title='bbox 1450 4681 1537 4734; x_wconf 88' lang='grc' dir='ltr'>διὰ</span> <span class='ocrx_word' id='word_1_850' title='bbox 1565 4682 1828 4753; x_wconf 86' lang='grc' dir='ltr'>στόματος</span> <span class='ocrx_word' id='word_1_851' title='bbox 1864 4685 1968 4737; x_wconf 85' lang='grc' dir='ltr'><strong>Δα-</strong></span> 
     </span>
    </p>
   </div>
   <div class='ocr_carea' id='block_1_103' title="bbox 393 4752 1971 4819">
    <p class='ocr_par' dir='ltr' id='par_1_103' title="bbox 393 4752 1971 4819">
     <span class='ocr_line' id='line_1_106' title="bbox 393 4752 1971 4819; baseline 0 -10"><span class='ocrx_word' id='word_1_852' title='bbox 393 4754 482 4809; x_wconf 79' lang='grc' dir='ltr'><strong>σιδ</strong></span> <span class='ocrx_word' id='word_1_853' title='bbox 515 4754 701 4819; x_wconf 88' lang='grc' dir='ltr'>παιδός</span> <span class='ocrx_word' id='word_1_854' title='bbox 732 4772 823 4809; x_wconf 87' lang='grc' dir='ltr'><strong>σου</strong></span> <span class='ocrx_word' id='word_1_855' title='bbox 863 4752 1053 4807; x_wconf 80' lang='grc' dir='ltr'>εἰπών.</span> <span class='ocrx_word' id='word_1_856' title='bbox 1082 4753 1257 4806; x_wconf 90' lang='lat' dir='ltr'><strong>Aliam</strong></span> <span class='ocrx_word' id='word_1_857' title='bbox 1296 4761 1477 4806; x_wconf 90' lang='lat' dir='ltr'><strong>autem</strong></span> <span class='ocrx_word' id='word_1_858' title='bbox 1510 4752 1817 4817; x_wconf 88' lang='lat' dir='ltr'><strong>lectionem,</strong></span> <span class='ocrx_word' id='word_1_859' title='bbox 1846 4754 1971 4809; x_wconf 86' lang='lat' dir='ltr'><strong>licet</strong></span> 
     </span>
    </p>
   </div>
   <div class='ocr_carea' id='block_1_104' title="bbox 394 4820 1963 4895">
    <p class='ocr_par' dir='ltr' id='par_1_104' title="bbox 394 4820 1963 4895">
     <span class='ocr_line' id='line_1_107' title="bbox 394 4820 1963 4895; baseline -0.001 -15"><span class='ocrx_word' id='word_1_860' title='bbox 394 4826 616 4895; x_wconf 86' lang='lat' dir='ltr'><strong>paulum</strong></span> <span class='ocrx_word' id='word_1_861' title='bbox 661 4836 917 4895; x_wconf 83' lang='lat' dir='ltr'><strong>corrupta</strong></span> <span class='ocrx_word' id='word_1_862' title='bbox 961 4824 1238 4888; x_wconf 86' lang='lat' dir='ltr'><strong>videatur,</strong></span> <span class='ocrx_word' id='word_1_863' title='bbox 1286 4820 1611 4895; x_wconf 82' lang='lat' dir='ltr'><strong>selegimus.</strong></span> <span class='ocrx_word' id='word_1_864' title='bbox 1661 4838 1800 4895; x_wconf 90' lang='lat' dir='ltr'><strong>cum_</strong></span> <span class='ocrx_word' id='word_1_865' title='bbox 1835 4825 1963 4893; x_wconf 89' lang='lat' dir='ltr'><strong>quia</strong></span> 
     </span>
    </p>
   </div>
   <div class='ocr_carea' id='block_1_105' title="bbox 394 4893 1962 4967">
    <p class='ocr_par' dir='ltr' id='par_1_105' title="bbox 394 4893 1962 4967">
     <span class='ocr_line' id='line_1_108' title="bbox 394 4893 1962 4967; baseline -0.001 -18"><span class='ocrx_word' id='word_1_866' title='bbox 394 4893 580 4967; x_wconf 83' lang='lat' dir='ltr'><strong>plures</strong></span> <span class='ocrx_word' id='word_1_867' title='bbox 617 4906 670 4951; x_wconf 90' lang='lat' dir='ltr'><strong>et</strong></span> <span class='ocrx_word' id='word_1_868' title='bbox 698 4893 1108 4967; x_wconf 77' lang='lat' dir='ltr'><strong>melioris_no_tae</strong></span> <span class='ocrx_word' id='word_1_869' title='bbox 1155 4907 1288 4967; x_wconf 70' lang='lat' dir='ltr'><strong>mss.</strong></span> <span class='ocrx_word' id='word_1_870' title='bbox 1325 4893 1541 4947; x_wconf 88' lang='lat' dir='ltr'><strong>codices</strong></span> <span class='ocrx_word' id='word_1_871' title='bbox 1565 4908 1684 4967; x_wconf 78' lang='lat' dir='ltr'><strong>eam</strong></span> <span class='ocrx_word' id='word_1_872' title='bbox 1717 4893 1917 4967; x_wconf 61' lang='lat' dir='ltr'><strong>habent</strong></span> <span class='ocrx_word' id='word_1_873' title='bbox 1947 4913 1962 4960; x_wconf 91' lang='lat'><strong>;</strong></span> 
     </span>
    </p>
   </div>
   <div class='ocr_carea' id='block_1_106' title="bbox 394 4961 1966 5036">
    <p class='ocr_par' dir='ltr' id='par_1_106' title="bbox 394 4961 1966 5036">
     <span class='ocr_line' id='line_1_109' title="bbox 394 4961 1966 5036; baseline -0.002 -16"><span class='ocrx_word' id='word_1_874' title='bbox 394 4961 511 5020; x_wconf 66' lang='lat' dir='ltr'><strong>tum</strong></span> <span class='ocrx_word' id='word_1_875' title='bbox 539 4967 669 5036; x_wconf 90' lang='lat' dir='ltr'><strong>quia</strong></span> <span class='ocrx_word' id='word_1_876' title='bbox 696 4963 1000 5021; x_wconf 76' lang='lat' dir='ltr'><strong>constatS.</strong></span> <span class='ocrx_word' id='word_1_877' title='bbox 1024 4963 1384 5036; x_wconf 82' lang='lat' dir='ltr'><strong>Athanasium</strong></span> <span class='ocrx_word' id='word_1_878' title='bbox 1410 4977 1605 5036; x_wconf 87' lang='lat' dir='ltr'><strong>nomen</strong></span> <span class='ocrx_word' id='word_1_879' title='bbox 1636 4963 1697 5019; x_wconf 87' lang='lat' dir='ltr'><strong>S.</strong></span> <span class='ocrx_word' id='word_1_880' title='bbox 1731 4961 1966 5036; x_wconf 68' lang='lat' dir='ltr'><strong>Spiritus</strong></span> 
     </span>
    </p>
   </div>
   <div class='ocr_carea' id='block_1_107' title="bbox 396 5032 1970 5101">
    <p class='ocr_par' dir='ltr' id='par_1_107' title="bbox 396 5032 1970 5101">
     <span class='ocr_line' id='line_1_110' title="bbox 396 5032 1970 5101; baseline -0.001 -11"><span class='ocrx_word' id='word_1_881' title='bbox 396 5037 487 5091; x_wconf 91' lang='lat' dir='ltr'><strong>hic</strong></span> <span class='ocrx_word' id='word_1_882' title='bbox 532 5032 641 5092; x_wconf 74' lang='lat' dir='ltr'><strong>non</strong></span> <span class='ocrx_word' id='word_1_883' title='bbox 693 5037 968 5097; x_wconf 85' lang='lat' dir='ltr'><strong>omisisse,</strong></span> <span class='ocrx_word' id='word_1_884' title='bbox 999 5048 1124 5089; x_wconf 91' lang='lat' dir='ltr'><strong>cum</strong></span> <span class='ocrx_word' id='word_1_885' title='bbox 1170 5034 1316 5087; x_wconf 91' lang='lat' dir='ltr'><strong>hunc</strong></span> <span class='ocrx_word' id='word_1_886' title='bbox 1354 5033 1533 5101; x_wconf 87' lang='lat' dir='ltr'><strong>ipsum</strong></span> <span class='ocrx_word' id='word_1_887' title='bbox 1573 5034 1751 5088; x_wconf 92' lang='lat' dir='ltr'><strong>locum</strong></span> <span class='ocrx_word' id='word_1_888' title='bbox 1781 5032 1970 5088; x_wconf 72' lang='lat' dir='ltr'><strong>aderat</strong></span> 
     </span>
    </p>
   </div>
   <div class='ocr_carea' id='block_1_108' title="bbox 394 5102 1964 5175">
    <p class='ocr_par' dir='ltr' id='par_1_108' title="bbox 394 5102 1964 5175">
     <span class='ocr_line' id='line_1_111' title="bbox 394 5102 1964 5175; baseline -0.002 -14"><span class='ocrx_word' id='word_1_889' title='bbox 394 5107 461 5161; x_wconf 90' lang='lat' dir='ltr'><strong>ad</strong></span> <span class='ocrx_word' id='word_1_890' title='bbox 489 5108 826 5175; x_wconf 90' lang='lat' dir='ltr'><strong>probandum</strong></span> <span class='ocrx_word' id='word_1_891' title='bbox 860 5105 1030 5159; x_wconf 90' lang='lat' dir='ltr'><strong>Deum</strong></span> <span class='ocrx_word' id='word_1_892' title='bbox 1068 5104 1125 5157; x_wconf 92' lang='lat' dir='ltr'><strong>in</strong></span> <span class='ocrx_word' id='word_1_893' title='bbox 1165 5103 1442 5175; x_wconf 62' lang='lat' dir='ltr'><strong>prophetis</strong></span> <span class='ocrx_word' id='word_1_894' title='bbox 1488 5118 1582 5172; x_wconf 88' lang='lat' dir='ltr'><strong>per</strong></span> <span class='ocrx_word' id='word_1_895' title='bbox 1612 5102 1872 5175; x_wconf 80' lang='lat' dir='ltr'><strong>Spiritum</strong></span> <span class='ocrx_word' id='word_1_896' title='bbox 1906 5102 1964 5158; x_wconf 83' lang='lat' dir='ltr'><strong>S.</strong></span> 
     </span>
    </p>
   </div>
   <div class='ocr_carea' id='block_1_109' title="bbox 395 5170 1969 5243">
    <p class='ocr_par' dir='ltr' id='par_1_109' title="bbox 395 5170 1969 5243">
     <span class='ocr_line' id='line_1_112' title="bbox 395 5170 1969 5243; baseline 0.001 -14"><span class='ocrx_word' id='word_1_897' title='bbox 395 5170 636 5230; x_wconf 80' lang='lat' dir='ltr'><strong>locutum</strong></span> <span class='ocrx_word' id='word_1_898' title='bbox 680 5176 869 5232; x_wconf 84' lang='lat' dir='ltr'><strong>fuisse.</strong></span> <span class='ocrx_word' id='word_1_899' title='bbox 908 5175 1040 5243; x_wconf 87' lang='lat' dir='ltr'><strong>Reg.</strong></span> <span class='ocrx_word' id='word_1_900' title='bbox 1079 5176 1104 5228; x_wconf 95' lang='grc'>1</span> <span class='ocrx_word' id='word_1_901' title='bbox 1128 5170 1506 5243; x_wconf 44' lang='lat' dir='ltr'><strong>{SeguerianL</strong></span> <span class='ocrx_word' id='word_1_902' title='bbox 1552 5182 1606 5228; x_wconf 91' lang='lat' dir='ltr'><strong>et</strong></span> <span class='ocrx_word' id='word_1_903' title='bbox 1648 5170 1812 5227; x_wconf 90' lang='lat' dir='ltr'><strong>Basil.</strong></span> <span class='ocrx_word' id='word_1_904' title='bbox 1844 5183 1969 5230; x_wconf 82' lang='lat' dir='ltr'><strong>ante</strong></span> 
     </span>
    </p>
   </div>
   <div class='ocr_carea' id='block_1_110' title="bbox 395 5245 1164 5310">
    <p class='ocr_par' dir='ltr' id='par_1_110' title="bbox 395 5245 1164 5310">
     <span class='ocr_line' id='line_1_113' title="bbox 395 5245 1164 5310; baseline -0.004 -11"><span class='ocrx_word' id='word_1_905' title='bbox 395 5246 605 5310; x_wconf 85' lang='grc' dir='ltr'>παιδός,</span> <span class='ocrx_word' id='word_1_906' title='bbox 635 5256 739 5302; x_wconf 89' lang='lat' dir='ltr'><strong>art.</strong></span> <span class='ocrx_word' id='word_1_907' title='bbox 763 5247 858 5301; x_wconf 88' lang='grc' dir='ltr'><strong>τοῦ</strong></span> <span class='ocrx_word' id='word_1_908' title='bbox 883 5245 1164 5300; x_wconf 89' lang='lat' dir='ltr'><strong>omittunt.</strong></span> 
     </span>
    </p>
   </div>
   <div class='ocr_carea' id='block_1_111' title="bbox 469 5311 1969 5385">
    <p class='ocr_par' dir='ltr' id='par_1_111' title="bbox 469 5311 1969 5385">
     <span class='ocr_line' id='line_1_114' title="bbox 469 5311 1969 5385; baseline 0.001 -20"><span class='ocrx_word' id='word_1_909' title='bbox 469 5316 580 5385; x_wconf 87' lang='lat'>(77)</span> <span class='ocrx_word' id='word_1_910' title='bbox 618 5317 836 5372; x_wconf 90' lang='lat' dir='ltr'><strong>Primus</strong></span> <span class='ocrx_word' id='word_1_911' title='bbox 875 5316 1044 5371; x_wconf 75' lang='lat' dir='ltr'><strong>codex</strong></span> <span class='ocrx_word' id='word_1_912' title='bbox 1088 5311 1392 5385; x_wconf 14' lang='lat' dir='ltr'><strong>chiusget</strong></span> <span class='ocrx_word' id='word_1_913' title='bbox 1443 5312 1849 5385; x_wconf 77' lang='lat' dir='ltr'><strong>Seguerianus,_</strong></span> <span class='ocrx_word' id='word_1_914' title='bbox 1868 5313 1969 5383; x_wconf 83' lang='grc' dir='ltr'><strong>μέν</strong></span> 
     </span>
    </p>
   </div>
   <div class='ocr_carea' id='block_1_112' title="bbox 396 5380 1965 5451">
    <p class='ocr_par' dir='ltr' id='par_1_112' title="bbox 396 5380 1965 5451">
     <span class='ocr_line' id='line_1_115' title="bbox 396 5380 1965 5451; baseline 0.002 -14"><span class='ocrx_word' id='word_1_915' title='bbox 396 5380 518 5451; x_wconf 83' lang='lat' dir='ltr'><strong>post</strong></span> <span class='ocrx_word' id='word_1_916' title='bbox 541 5380 600 5440; x_wconf 75' lang='grc' dir='ltr'><strong>έν</strong></span> <span class='ocrx_word' id='word_1_917' title='bbox 622 5387 826 5442; x_wconf 89' lang='lat' dir='ltr'><strong>habent</strong></span> <span class='ocrx_word' id='word_1_918' title='bbox 852 5403 866 5437; x_wconf 91' lang='lat'>:</span> <span class='ocrx_word' id='word_1_919' title='bbox 893 5386 986 5440; x_wconf 89' lang='lat' dir='ltr'><strong>alii</strong></span> <span class='ocrx_word' id='word_1_920' title='bbox 1009 5393 1064 5440; x_wconf 84' lang='lat' dir='ltr'><strong>et</strong></span> <span class='ocrx_word' id='word_1_921' title='bbox 1086 5380 1215 5439; x_wconf 73' lang='lat' dir='ltr'><strong>editi</strong></span> <span class='ocrx_word' id='word_1_922' title='bbox 1248 5382 1428 5437; x_wconf 89' lang='lat' dir='ltr'><strong>minus</strong></span> <span class='ocrx_word' id='word_1_923' title='bbox 1460 5380 1592 5436; x_wconf 68' lang='lat' dir='ltr'><strong>bene</strong></span> <span class='ocrx_word' id='word_1_924' title='bbox 1612 5390 1736 5451; x_wconf 90' lang='lat' dir='ltr'><strong>post</strong></span> <span class='ocrx_word' id='word_1_925' title='bbox 1756 5384 1804 5436; x_wconf 87' lang='lat'>6.</span> <span class='ocrx_word' id='word_1_926' title='bbox 1831 5380 1965 5440; x_wconf 86' lang='lat' dir='ltr'><strong>Ibid.</strong></span> 
     </span>
    </p>
   </div>
   <div class='ocr_carea' id='block_1_113' title="bbox 392 5451 1967 5576">
    <p class='ocr_par' dir='ltr' id='par_1_113' title="bbox 392 5451 1967 5576">
     <span class='ocr_line' id='line_1_116' title="bbox 392 5451 1967 5576; baseline -0.001 -69"><span class='ocrx_word' id='word_1_927' title='bbox 392 5452 706 5576; x_wconf 50' lang='lat' dir='ltr'><strong>géoblerian.</strong></span> <span class='ocrx_word' id='word_1_928' title='bbox 741 5467 797 5513; x_wconf 80' lang='lat' dir='ltr'><strong>et</strong></span> <span class='ocrx_word' id='word_1_929' title='bbox 830 5456 977 5512; x_wconf 81' lang='lat' dir='ltr'><strong>Felc.</strong></span> <span class='ocrx_word' id='word_1_930' title='bbox 1022 5456 1074 5520; x_wconf 91' lang='grc'>1,</span> <span class='ocrx_word' id='word_1_931' title='bbox 1105 5468 1272 5509; x_wconf 86' lang='lat' dir='ltr'><strong>anon.</strong></span> <span class='ocrx_word' id='word_1_932' title='bbox 1303 5451 1655 5525; x_wconf 86' lang='grc' dir='ltr'>προσελθοῦσι</span> <span class='ocrx_word' id='word_1_933' title='bbox 1696 5453 1967 5517; x_wconf 86' lang='grc' dir='ltr'>Ἰουδαίοις</span> 
     </span>
     <span class='ocr_line' id='line_1_117' title="bbox 461 5540 570 5576; baseline 0 0"><span class='ocrx_word' id='word_1_934' title='bbox 461 5540 570 5576; x_wconf 86' lang='grc' dir='ltr'>γων</span> 
     </span>
    </p>
   </div>
   <div class='ocr_carea' id='block_1_114' title="bbox 461 5540 570 5585">
    <p class='ocr_par' dir='ltr' id='par_1_114' title="bbox 461 5540 570 5585">
     <span class='ocr_line' id='line_1_118' title="bbox 461 5540 570 5585; baseline 0 -7"><span class='ocrx_word' id='word_1_935' title='bbox 461 5540 570 5585; x_wconf 88' lang='grc' dir='ltr'>γων</span> 
     </span>
    </p>
   </div>
   <div class='ocr_carea' id='block_1_115' title="bbox 471 5592 1963 5666">
    <p class='ocr_par' dir='ltr' id='par_1_115' title="bbox 471 5592 1963 5666">
     <span class='ocr_line' id='line_1_119' title="bbox 471 5592 1963 5666; baseline 0.002 -20"><span class='ocrx_word' id='word_1_936' title='bbox 471 5595 583 5665; x_wconf 83' lang='lat'>(78)</span> <span class='ocrx_word' id='word_1_937' title='bbox 620 5594 710 5652; x_wconf 91' lang='lat' dir='ltr'><strong>Sic</strong></span> <span class='ocrx_word' id='word_1_938' title='bbox 740 5596 949 5666; x_wconf 84' lang='lat' dir='ltr'><strong>primus</strong></span> <span class='ocrx_word' id='word_1_939' title='bbox 977 5596 1148 5651; x_wconf 79' lang='lat' dir='ltr'><strong>codex</strong></span> <span class='ocrx_word' id='word_1_940' title='bbox 1188 5593 1411 5666; x_wconf 79' lang='lat' dir='ltr'><strong>Regius,</strong></span> <span class='ocrx_word' id='word_1_941' title='bbox 1439 5594 1821 5665; x_wconf 83' lang='lat' dir='ltr'><strong>Segucrianus,</strong></span> <span class='ocrx_word' id='word_1_942' title='bbox 1851 5592 1963 5649; x_wconf 81' lang='lat' dir='ltr'><strong>Go—</strong></span> 
     </span>
    </p>
   </div>
   <div class='ocr_carea' id='block_1_116' title="bbox 397 5663 1962 5736">
    <p class='ocr_par' dir='ltr' id='par_1_116' title="bbox 397 5663 1962 5736">
     <span class='ocr_line' id='line_1_120' title="bbox 397 5663 1962 5736; baseline 0.001 -18"><span class='ocrx_word' id='word_1_943' title='bbox 397 5663 693 5735; x_wconf 78' lang='lat' dir='ltr'><strong>blerianus,</strong></span> <span class='ocrx_word' id='word_1_944' title='bbox 738 5663 792 5723; x_wconf 82' lang='lat' dir='ltr'><strong>et</strong></span> <span class='ocrx_word' id='word_1_945' title='bbox 836 5664 978 5722; x_wconf 84' lang='lat' dir='ltr'><strong>Fclc.</strong></span> <span class='ocrx_word' id='word_1_946' title='bbox 1022 5668 1065 5721; x_wconf 91' lang='grc' dir='ltr'>ι.</span> <span class='ocrx_word' id='word_1_947' title='bbox 1110 5665 1216 5721; x_wconf 83' lang='lat' dir='ltr'><strong>Alii</strong></span> <span class='ocrx_word' id='word_1_948' title='bbox 1262 5663 1391 5721; x_wconf 57' lang='lat' dir='ltr'><strong>Vero</strong></span> <span class='ocrx_word' id='word_1_949' title='bbox 1432 5675 1485 5722; x_wconf 91' lang='lat' dir='ltr'><strong>et</strong></span> <span class='ocrx_word' id='word_1_950' title='bbox 1519 5663 1674 5733; x_wconf 66' lang='lat' dir='ltr'><strong>editi,</strong></span> <span class='ocrx_word' id='word_1_951' title='bbox 1717 5666 1962 5736; x_wconf 80' lang='grc' dir='ltr'>γράφων.</span> 
     </span>
    </p>
   </div>
   <div class='ocr_carea' id='block_1_117' title="bbox 2141 4403 3645 4478">
    <p class='ocr_par' dir='ltr' id='par_1_117' title="bbox 2141 4403 3645 4478">
     <span class='ocr_line' id='line_1_121' title="bbox 2141 4403 3645 4478; baseline 0.005 -23"><span class='ocrx_word' id='word_1_952' title='bbox 2141 4404 2253 4474; x_wconf 83' lang='grc'>(81)</span> <span class='ocrx_word' id='word_1_953' title='bbox 2289 4403 2379 4478; x_wconf 76' lang='lat' dir='ltr'><strong>Sic</strong></span> <span class='ocrx_word' id='word_1_954' title='bbox 2408 4403 2610 4478; x_wconf 76' lang='lat' dir='ltr'><strong>Regius</strong></span> <span class='ocrx_word' id='word_1_955' title='bbox 2638 4404 2932 4478; x_wconf 82' lang='lat' dir='ltr'><strong>secundus,</strong></span> <span class='ocrx_word' id='word_1_956' title='bbox 2957 4403 3335 4478; x_wconf 77' lang='lat' dir='ltr'><strong>Segueriauus</strong></span> <span class='ocrx_word' id='word_1_957' title='bbox 3366 4415 3423 4461; x_wconf 87' lang='lat' dir='ltr'><strong>et</strong></span> <span class='ocrx_word' id='word_1_958' title='bbox 3444 4406 3645 4478; x_wconf 81' lang='lat' dir='ltr'><strong>Angli-</strong></span> 
     </span>
    </p>
   </div>
   <div class='ocr_carea' id='block_1_118' title="bbox 2068 4474 3042 4547">
    <p class='ocr_par' dir='ltr' id='par_1_118' title="bbox 2068 4474 3042 4547">
     <span class='ocr_line' id='line_1_122' title="bbox 2068 4474 3042 4547; baseline -0.001 -18"><span class='ocrx_word' id='word_1_959' title='bbox 2068 4489 2258 4547; x_wconf 74' lang='lat' dir='ltr'><strong>canus.</strong></span> <span class='ocrx_word' id='word_1_960' title='bbox 2292 4474 2486 4547; x_wconf 53' lang='grc' dir='ltr'>(ἐφιθεί</span> <span class='ocrx_word' id='word_1_961' title='bbox 2517 4485 2571 4547; x_wconf 86' lang='lat' dir='ltr'><strong>et</strong></span> <span class='ocrx_word' id='word_1_962' title='bbox 2597 4476 2755 4547; x_wconf 87' lang='lat' dir='ltr'><strong>editi,</strong></span> <span class='ocrx_word' id='word_1_963' title='bbox 2782 4474 3042 4547; x_wconf 61' lang='grc' dir='ltr'>δηλονὸςι.</span> 
     </span>
    </p>
   </div>
   <div class='ocr_carea' id='block_1_119' title="bbox 2139 4541 3651 4618">
    <p class='ocr_par' dir='ltr' id='par_1_119' title="bbox 2139 4541 3651 4618">
     <span class='ocr_line' id='line_1_123' title="bbox 2139 4541 3651 4618; baseline 0.005 -22"><span class='ocrx_word' id='word_1_964' title='bbox 2139 4543 2268 4618; x_wconf 71' lang='lat'>(82)</span> <span class='ocrx_word' id='word_1_965' title='bbox 2302 4541 2394 4618; x_wconf 83' lang='lat' dir='ltr'><strong>Sic</strong></span> <span class='ocrx_word' id='word_1_966' title='bbox 2432 4542 2631 4618; x_wconf 69' lang='lat' dir='ltr'><strong>Regius</strong></span> <span class='ocrx_word' id='word_1_967' title='bbox 2678 4541 2926 4618; x_wconf 70' lang='lat' dir='ltr'><strong>primus,</strong></span> <span class='ocrx_word' id='word_1_968' title='bbox 2968 4544 3281 4618; x_wconf 79' lang='lat' dir='ltr'><strong>Seguerian.</strong></span> <span class='ocrx_word' id='word_1_969' title='bbox 3330 4547 3546 4618; x_wconf 79' lang='lat' dir='ltr'><strong>Anglic.</strong></span> <span class='ocrx_word' id='word_1_970' title='bbox 3589 4561 3651 4603; x_wconf 74' lang='lat' dir='ltr'><strong>et</strong></span> 
     </span>
    </p>
   </div>
   <div class='ocr_carea' id='block_1_120' title="bbox 2069 4612 3646 4684">
    <p class='ocr_par' dir='ltr' id='par_1_120' title="bbox 2069 4612 3646 4684">
     <span class='ocr_line' id='line_1_124' title="bbox 2069 4612 3646 4684; baseline 0.005 -18"><span class='ocrx_word' id='word_1_971' title='bbox 2069 4612 2213 4667; x_wconf 85' lang='lat' dir='ltr'><strong>Felc.</strong></span> <span class='ocrx_word' id='word_1_972' title='bbox 2234 4612 2294 4666; x_wconf 80' lang='grc'>’1.</span> <span class='ocrx_word' id='word_1_973' title='bbox 2332 4615 2401 4667; x_wconf 86' lang='lat' dir='ltr'><strong>At</strong></span> <span class='ocrx_word' id='word_1_974' title='bbox 2432 4612 2563 4683; x_wconf 72' lang='lat' dir='ltr'><strong>Reg.</strong></span> <span class='ocrx_word' id='word_1_975' title='bbox 2598 4616 2633 4667; x_wconf 76' lang='grc'>2</span> <span class='ocrx_word' id='word_1_976' title='bbox 2657 4612 2710 4669; x_wconf 70' lang='lat' dir='ltr'><strong>et</strong></span> <span class='ocrx_word' id='word_1_977' title='bbox 2737 4612 3065 4684; x_wconf 45' lang='lat' dir='ltr'><strong>Basilicus;</strong></span> <span class='ocrx_word' id='word_1_978' title='bbox 3082 4615 3192 4684; x_wconf 79' lang='grc' dir='ltr'>ἐγώ</span> <span class='ocrx_word' id='word_1_979' title='bbox 3217 4612 3498 4672; x_wconf 77' lang='grc' dir='ltr'><strong>οιηίιιιιῇι.</strong></span> <span class='ocrx_word' id='word_1_980' title='bbox 3531 4619 3646 4674; x_wconf 87' lang='lat' dir='ltr'><strong>Alii</strong></span> 
     </span>
    </p>
   </div>
   <div class='ocr_carea' id='block_1_121' title="bbox 2067 4683 3343 4756">
    <p class='ocr_par' dir='ltr' id='par_1_121' title="bbox 2067 4683 3343 4756">
     <span class='ocr_line' id='line_1_125' title="bbox 2067 4683 3343 4756; baseline 0.001 -18"><span class='ocrx_word' id='word_1_981' title='bbox 2067 4693 2121 4739; x_wconf 82' lang='lat' dir='ltr'><strong>et</strong></span> <span class='ocrx_word' id='word_1_982' title='bbox 2150 4683 2529 4756; x_wconf 65' lang='lat' dir='ltr'><strong>editi_habent,</strong></span> <span class='ocrx_word' id='word_1_983' title='bbox 2558 4684 2838 4756; x_wconf 88' lang='grc' dir='ltr'>δεδεμένος</span> <span class='ocrx_word' id='word_1_984' title='bbox 2863 4687 2920 4756; x_wconf 76' lang='grc' dir='ltr'><strong>έν</strong></span> <span class='ocrx_word' id='word_1_985' title='bbox 2949 4683 3027 4753; x_wconf 78' lang='grc' dir='ltr'><strong>τῷ</strong></span> <span class='ocrx_word' id='word_1_986' title='bbox 3047 4685 3343 4756; x_wconf 85' lang='grc' dir='ltr'>Πνεύματι.</span> 
     </span>
    </p>
   </div>
   <div class='ocr_carea' id='block_1_122' title="bbox 2140 4753 3647 4829">
    <p class='ocr_par' dir='ltr' id='par_1_122' title="bbox 2140 4753 3647 4829">
     <span class='ocr_line' id='line_1_126' title="bbox 2140 4753 3647 4829; baseline 0.003 -22"><span class='ocrx_word' id='word_1_987' title='bbox 2140 4753 2477 4829; x_wconf 79' lang='lat' dir='ltr'><strong>(85_)_Regi_us</strong></span> <span class='ocrx_word' id='word_1_988' title='bbox 2510 4753 2739 4829; x_wconf 66' lang='lat' dir='ltr'><strong>primus,</strong></span> <span class='ocrx_word' id='word_1_989' title='bbox 2781 4765 2835 4809; x_wconf 89' lang='lat' dir='ltr'><strong>et</strong></span> <span class='ocrx_word' id='word_1_990' title='bbox 2869 4753 3212 4829; x_wconf 64' lang='lat' dir='ltr'><strong>Seguerian_.,</strong></span> <span class='ocrx_word' id='word_1_991' title='bbox 3245 4755 3647 4829; x_wconf 69' lang='grc' dir='ltr'>συμϐησόμενά</span> 
     </span>
    </p>
   </div>
   <div class='ocr_carea' id='block_1_123' title="bbox 2070 4822 3645 4896">
    <p class='ocr_par' dir='ltr' id='par_1_123' title="bbox 2070 4822 3645 4896">
     <span class='ocr_line' id='line_1_127' title="bbox 2070 4822 3645 4896; baseline 0.004 -21"><span class='ocrx_word' id='word_1_992' title='bbox 2070 4822 2179 4896; x_wconf 76' lang='grc' dir='ltr'>μοι.</span> <span class='ocrx_word' id='word_1_993' title='bbox 2216 4822 2523 4896; x_wconf 32' lang='lat' dir='ltr'><strong>Mox’Reg.</strong></span> <span class='ocrx_word' id='word_1_994' title='bbox 2558 4825 2612 4889; x_wconf 75' lang='lat'><strong>2,</strong></span> <span class='ocrx_word' id='word_1_995' title='bbox 2657 4827 2739 4896; x_wconf 83' lang='grc' dir='ltr'>ὅτι</span> <span class='ocrx_word' id='word_1_996' title='bbox 2782 4822 2999 4896; x_wconf 74' lang='lat' dir='ltr'><strong>omittit.</strong></span> <span class='ocrx_word' id='word_1_997' title='bbox 3044 4823 3214 4879; x_wconf 88' lang='lat' dir='ltr'><strong>Paulo</strong></span> <span class='ocrx_word' id='word_1_998' title='bbox 3258 4822 3381 4895; x_wconf 83' lang='lat' dir='ltr'><strong>post</strong></span> <span class='ocrx_word' id='word_1_999' title='bbox 3415 4822 3645 4896; x_wconf 70' lang='lat' dir='ltr'><strong>Regius</strong></span> 
     </span>
    </p>
   </div>
   <div class='ocr_carea' id='block_1_124' title="bbox 2066 4894 3647 4974">
    <p class='ocr_par' dir='ltr' id='par_1_124' title="bbox 2066 4894 3647 4974">
     <span class='ocr_line' id='line_1_128' title="bbox 2066 4894 3647 4974; baseline 0.004 -28"><span class='ocrx_word' id='word_1_1000' title='bbox 2066 4895 2297 4974; x_wconf 87' lang='lat' dir='ltr'><strong>primus,</strong></span> <span class='ocrx_word' id='word_1_1001' title='bbox 2321 4903 2375 4947; x_wconf 91' lang='lat' dir='ltr'><strong>et</strong></span> <span class='ocrx_word' id='word_1_1002' title='bbox 2406 4894 2656 4974; x_wconf 65' lang='lat' dir='ltr'><strong>Seguer.,</strong></span> <span class='ocrx_word' id='word_1_1003' title='bbox 2685 4895 3083 4974; x_wconf 54' lang='grc' dir='ltr'>διεμαρτύρατο</span> <span class='ocrx_word' id='word_1_1004' title='bbox 3110 4913 3220 4967; x_wconf 92' lang='grc' dir='ltr'>μοι,</span> <span class='ocrx_word' id='word_1_1005' title='bbox 3260 4894 3404 4974; x_wconf 80' lang='lat' dir='ltr'><strong>ut_et</strong></span> <span class='ocrx_word' id='word_1_1006' title='bbox 3427 4894 3647 4974; x_wconf 60' lang='lat' dir='ltr'><strong>legitur</strong></span> 
     </span>
    </p>
   </div>
   <div class='ocr_carea' id='block_1_125' title="bbox 2067 4963 3646 5025">
    <p class='ocr_par' dir='ltr' id='par_1_125' title="bbox 2067 4963 3646 5025">
     <span class='ocr_line' id='line_1_129' title="bbox 2067 4963 3646 5025; baseline 0.006 -10"><span class='ocrx_word' id='word_1_1007' title='bbox 2067 4963 2121 5016; x_wconf 90' lang='lat' dir='ltr'><strong>in</strong></span> <span class='ocrx_word' id='word_1_1008' title='bbox 2166 4979 2271 5018; x_wconf 90' lang='lat' dir='ltr'><strong>ms.</strong></span> <span class='ocrx_word' id='word_1_1009' title='bbox 2322 4963 2507 5018; x_wconf 84' lang='lat' dir='ltr'><strong>codice</strong></span> <span class='ocrx_word' id='word_1_1010' title='bbox 2546 4963 2807 5019; x_wconf 84' lang='lat' dir='ltr'><strong>Alexand.</strong></span> <span class='ocrx_word' id='word_1_1011' title='bbox 2851 4963 2983 5018; x_wconf 73' lang='grc' dir='ltr'><strong>Νονί</strong></span> <span class='ocrx_word' id='word_1_1012' title='bbox 3013 4963 3346 5021; x_wconf 79' lang='lat' dir='ltr'><strong>Testamenti</strong></span> <span class='ocrx_word' id='word_1_1013' title='bbox 3375 4963 3646 5025; x_wconf 74' lang='lat' dir='ltr'><strong>editionis</strong></span> 
     </span>
    </p>
   </div>
   <div class='ocr_carea' id='block_1_126' title="bbox 2066 5033 3643 5109">
    <p class='ocr_par' dir='ltr' id='par_1_126' title="bbox 2066 5033 3643 5109">
     <span class='ocr_line' id='line_1_130' title="bbox 2066 5033 3643 5109; baseline 0.006 -25"><span class='ocrx_word' id='word_1_1014' title='bbox 2066 5034 2414 5109; x_wconf 48' lang='lat' dir='ltr'><strong>Quoniensis.</strong></span> <span class='ocrx_word' id='word_1_1015' title='bbox 2452 5033 2576 5109; x_wconf 56' lang='lat' dir='ltr'><strong>Mos</strong></span> <span class='ocrx_word' id='word_1_1016' title='bbox 2622 5035 2781 5109; x_wconf 77' lang='lat' dir='ltr'><strong>iidem</strong></span> <span class='ocrx_word' id='word_1_1017' title='bbox 2811 5034 3011 5109; x_wconf 84' lang='lat' dir='ltr'><strong>Regius</strong></span> <span class='ocrx_word' id='word_1_1018' title='bbox 3035 5037 3266 5105; x_wconf 89' lang='lat' dir='ltr'><strong>primus,</strong></span> <span class='ocrx_word' id='word_1_1019' title='bbox 3295 5046 3349 5092; x_wconf 91' lang='lat' dir='ltr'><strong>et</strong></span> <span class='ocrx_word' id='word_1_1020' title='bbox 3382 5037 3643 5109; x_wconf 83' lang='lat' dir='ltr'><strong>Seguer.,</strong></span> 
     </span>
    </p>
   </div>
   <div class='ocr_carea' id='block_1_127' title="bbox 2065 5103 2892 5160">
    <p class='ocr_par' dir='ltr' id='par_1_127' title="bbox 2065 5103 2892 5160">
     <span class='ocr_line' id='line_1_131' title="bbox 2065 5103 2892 5160; baseline 0.004 -5"><span class='ocrx_word' id='word_1_1021' title='bbox 2065 5103 2162 5156; x_wconf 83' lang='grc' dir='ltr'>ἐάν</span> <span class='ocrx_word' id='word_1_1022' title='bbox 2190 5104 2390 5158; x_wconf 89' lang='lat' dir='ltr'><strong>habent</strong></span> <span class='ocrx_word' id='word_1_1023' title='bbox 2421 5121 2435 5157; x_wconf 91' lang='lat'><strong>:</strong></span> <span class='ocrx_word' id='word_1_1024' title='bbox 2459 5104 2549 5159; x_wconf 88' lang='lat' dir='ltr'><strong>alii</strong></span> <span class='ocrx_word' id='word_1_1025' title='bbox 2581 5114 2634 5158; x_wconf 88' lang='lat' dir='ltr'><strong>et</strong></span> <span class='ocrx_word' id='word_1_1026' title='bbox 2653 5105 2778 5158; x_wconf 91' lang='lat' dir='ltr'><strong>editi</strong></span> <span class='ocrx_word' id='word_1_1027' title='bbox 2807 5107 2892 5160; x_wconf 80' lang='grc' dir='ltr'><strong>ἄν.</strong></span> 
     </span>
    </p>
   </div>
   <div class='ocr_carea' id='block_1_128' title="bbox 2139 5171 3493 5242">
    <p class='ocr_par' dir='ltr' id='par_1_128' title="bbox 2139 5171 3493 5242">
     <span class='ocr_line' id='line_1_132' title="bbox 2139 5171 3493 5242; baseline 0.003 -16"><span class='ocrx_word' id='word_1_1028' title='bbox 2139 5172 2250 5239; x_wconf 71' lang='grc'>(84)</span> <span class='ocrx_word' id='word_1_1029' title='bbox 2287 5172 2418 5242; x_wconf 78' lang='lat' dir='ltr'><strong>Reg.</strong></span> <span class='ocrx_word' id='word_1_1030' title='bbox 2454 5173 2506 5239; x_wconf 89' lang='grc'><strong>1,</strong></span> <span class='ocrx_word' id='word_1_1031' title='bbox 2538 5174 2848 5229; x_wconf 86' lang='lat' dir='ltr'><strong>Goblcrian.</strong></span> <span class='ocrx_word' id='word_1_1032' title='bbox 2875 5185 2928 5230; x_wconf 88' lang='lat' dir='ltr'><strong>et</strong></span> <span class='ocrx_word' id='word_1_1033' title='bbox 2951 5171 3095 5230; x_wconf 82' lang='lat' dir='ltr'><strong>Felc.</strong></span> <span class='ocrx_word' id='word_1_1034' title='bbox 3125 5176 3175 5239; x_wconf 90' lang='grc'><strong>1,</strong></span> <span class='ocrx_word' id='word_1_1035' title='bbox 3202 5174 3274 5228; x_wconf 81' lang='grc' dir='ltr'>τὰ</span> <span class='ocrx_word' id='word_1_1036' title='bbox 3303 5175 3493 5230; x_wconf 80' lang='grc' dir='ltr'>αὑτοῦ.</span> 
     </span>
    </p>
   </div>
   <div class='ocr_carea' id='block_1_129' title="bbox 2138 5242 3645 5316">
    <p class='ocr_par' dir='ltr' id='par_1_129' title="bbox 2138 5242 3645 5316">
     <span class='ocr_line' id='line_1_133' title="bbox 2138 5242 3645 5316; baseline 0.005 -20"><span class='ocrx_word' id='word_1_1037' title='bbox 2138 5243 2249 5316; x_wconf 80' lang='lat'>(85)</span> <span class='ocrx_word' id='word_1_1038' title='bbox 2281 5242 2374 5316; x_wconf 84' lang='lat' dir='ltr'><strong>Sic</strong></span> <span class='ocrx_word' id='word_1_1039' title='bbox 2394 5243 2783 5316; x_wconf 66' lang='lat' dir='ltr'><strong>Seguerianus,</strong></span> <span class='ocrx_word' id='word_1_1040' title='bbox 2818 5246 3167 5316; x_wconf 87' lang='lat' dir='ltr'><strong>Anglicanus,</strong></span> <span class='ocrx_word' id='word_1_1041' title='bbox 3197 5246 3567 5301; x_wconf 73' lang='lat' dir='ltr'><strong>Goblerianus</strong></span> <span class='ocrx_word' id='word_1_1042' title='bbox 3589 5262 3645 5303; x_wconf 79' lang='lat' dir='ltr'><strong>et</strong></span> 
     </span>
    </p>
   </div>
   <div class='ocr_carea' id='block_1_130' title="bbox 2066 5312 3639 5391">
    <p class='ocr_par' dir='ltr' id='par_1_130' title="bbox 2066 5312 3639 5391">
     <span class='ocr_line' id='line_1_134' title="bbox 2066 5312 3639 5391; baseline 0.004 -25"><span class='ocrx_word' id='word_1_1043' title='bbox 2066 5312 2246 5391; x_wconf 64' lang='lat' dir='ltr'><strong>Eelck.</strong></span> <span class='ocrx_word' id='word_1_1044' title='bbox 2292 5313 2343 5367; x_wconf 95' lang='grc'>1.</span> <span class='ocrx_word' id='word_1_1045' title='bbox 2374 5315 2443 5368; x_wconf 92' lang='lat' dir='ltr'><strong>At</strong></span> <span class='ocrx_word' id='word_1_1046' title='bbox 2486 5314 2685 5391; x_wconf 79' lang='lat' dir='ltr'><strong>Regius</strong></span> <span class='ocrx_word' id='word_1_1047' title='bbox 2717 5312 2947 5391; x_wconf 63' lang='lat' dir='ltr'><strong>primus,</strong></span> <span class='ocrx_word' id='word_1_1048' title='bbox 2975 5317 3226 5391; x_wconf 66' lang='grc' dir='ltr'>ἐχορήγει</span> <span class='ocrx_word' id='word_1_1049' title='bbox 3258 5316 3639 5391; x_wconf 53' lang='grc' dir='ltr'>λαλεῖν-αύτῷ.</span> 
     </span>
    </p>
   </div>
   <div class='ocr_carea' id='block_1_131' title="bbox 2066 5382 3639 5456">
    <p class='ocr_par' dir='ltr' id='par_1_131' title="bbox 2066 5382 3639 5456">
     <span class='ocr_line' id='line_1_135' title="bbox 2066 5382 3639 5456; baseline 0.002 -19"><span class='ocrx_word' id='word_1_1050' title='bbox 2066 5382 2267 5456; x_wconf 82' lang='lat' dir='ltr'><strong>Regius</strong></span> <span class='ocrx_word' id='word_1_1051' title='bbox 2299 5386 2593 5456; x_wconf 86' lang='lat' dir='ltr'><strong>secundus,</strong></span> <span class='ocrx_word' id='word_1_1052' title='bbox 2616 5382 2932 5456; x_wconf 60' lang='grc' dir='ltr'>ἐπιχορηγεῖ</span> <span class='ocrx_word' id='word_1_1053' title='bbox 2953 5382 3223 5456; x_wconf 73' lang='grc' dir='ltr'>καῖ⁹λαλεῖ</span> <span class='ocrx_word' id='word_1_1054' title='bbox 3244 5387 3415 5456; x_wconf 85' lang='grc' dir='ltr'>αύτῷ.</span> <span class='ocrx_word' id='word_1_1055' title='bbox 3441 5382 3639 5453; x_wconf 43' lang='lat' dir='ltr'><strong>Basili,</strong></span> 
     </span>
    </p>
   </div>
   <div class='ocr_carea' id='block_1_132' title="bbox 2065 5454 3641 5529">
    <p class='ocr_par' dir='ltr' id='par_1_132' title="bbox 2065 5454 3641 5529">
     <span class='ocr_line' id='line_1_136' title="bbox 2065 5454 3641 5529; baseline 0.004 -22"><span class='ocrx_word' id='word_1_1056' title='bbox 2065 5455 2425 5529; x_wconf 70' lang='grc' dir='ltr'>ἁποχρρηγεῖν</span> <span class='ocrx_word' id='word_1_1057' title='bbox 2448 5455 2551 5529; x_wconf 50' lang='grc' dir='ltr'><strong>παι</strong></span> <span class='ocrx_word' id='word_1_1058' title='bbox 2566 5454 2743 5529; x_wconf 85' lang='grc' dir='ltr'>λαλεῖν</span> <span class='ocrx_word' id='word_1_1059' title='bbox 2765 5454 3016 5529; x_wconf 12' lang='grc' dir='ltr'>ένήριύτ-ῷ.</span> <span class='ocrx_word' id='word_1_1060' title='bbox 3041 5457 3146 5529; x_wconf 78' lang='lat' dir='ltr'><strong>Alii</strong></span> <span class='ocrx_word' id='word_1_1061' title='bbox 3173 5466 3226 5512; x_wconf 83' lang='lat' dir='ltr'><strong>et</strong></span> <span class='ocrx_word' id='word_1_1062' title='bbox 3254 5454 3405 5529; x_wconf 55' lang='lat' dir='ltr'><strong>editi,</strong></span> <span class='ocrx_word' id='word_1_1063' title='bbox 3432 5458 3641 5529; x_wconf 59' lang='lat' dir='ltr'><strong>dmp-</strong></span> 
     </span>
    </p>
   </div>
   <div class='ocr_carea' id='block_1_133' title="bbox 2069 5524 3641 5598">
    <p class='ocr_par' dir='ltr' id='par_1_133' title="bbox 2069 5524 3641 5598">
     <span class='ocr_line' id='line_1_137' title="bbox 2069 5524 3641 5598; baseline 0.006 -24"><span class='ocrx_word' id='word_1_1064' title='bbox 2069 5526 2225 5598; x_wconf 82' lang='grc' dir='ltr'>ρηγεί</span> <span class='ocrx_word' id='word_1_1065' title='bbox 2267 5526 2357 5598; x_wconf 53' lang='grc' dir='ltr'><strong>και</strong></span> <span class='ocrx_word' id='word_1_1066' title='bbox 2403 5525 2581 5578; x_wconf 88' lang='grc' dir='ltr'>λαλεῖν</span> <span class='ocrx_word' id='word_1_1067' title='bbox 2622 5527 2681 5579; x_wconf 84' lang='grc' dir='ltr'>ὲν</span> <span class='ocrx_word' id='word_1_1068' title='bbox 2724 5524 3108 5598; x_wconf 32' lang='grc' dir='ltr'>αὐτῷηιλευῒο</span> <span class='ocrx_word' id='word_1_1069' title='bbox 3156 5536 3277 5596; x_wconf 85' lang='lat' dir='ltr'><strong>post</strong></span> <span class='ocrx_word' id='word_1_1070' title='bbox 3315 5526 3449 5598; x_wconf 78' lang='lat' dir='ltr'><strong>Reg.</strong></span> <span class='ocrx_word' id='word_1_1071' title='bbox 3500 5524 3641 5583; x_wconf 63' lang='lat' dir='ltr'><strong>l&quot;et</strong></span> 
     </span>
    </p>
   </div>
   <div class='ocr_carea' id='block_1_134' title="bbox 2067 5594 3187 5668">
    <p class='ocr_par' dir='ltr' id='par_1_134' title="bbox 2067 5594 3187 5668">
     <span class='ocr_line' id='line_1_138' title="bbox 2067 5594 3187 5668; baseline 0.004 -21"><span class='ocrx_word' id='word_1_1072' title='bbox 2067 5594 2314 5668; x_wconf 62' lang='lat' dir='ltr'><strong>Segtler.,</strong></span> <span class='ocrx_word' id='word_1_1073' title='bbox 2327 5596 2831 5668; x_wconf 72' lang='grc' dir='ltr'>διαμαρτυρομένου</span> <span class='ocrx_word' id='word_1_1074' title='bbox 2845 5594 2939 5666; x_wconf 15' lang='grc' dir='ltr'><strong>ήτῷ</strong></span> <span class='ocrx_word' id='word_1_1075' title='bbox 2972 5594 3187 5667; x_wconf 61' lang='grc' dir='ltr'>Παύλῳ.</span> 
     </span>
    </p>
   </div>
   <div class='ocr_carea' id='block_1_135' title="bbox 2135 5665 3636 5739">
    <p class='ocr_par' dir='ltr' id='par_1_135' title="bbox 2135 5665 3636 5739">
     <span class='ocr_line' id='line_1_139' title="bbox 2135 5665 3636 5739; baseline 0.001 -19"><span class='ocrx_word' id='word_1_1076' title='bbox 2135 5665 2248 5734; x_wconf 85' lang='lat'>(86)</span> <span class='ocrx_word' id='word_1_1077' title='bbox 2283 5666 2372 5722; x_wconf 89' lang='lat' dir='ltr'><strong>Sic</strong></span> <span class='ocrx_word' id='word_1_1078' title='bbox 2402 5665 2533 5737; x_wconf 62' lang='lat' dir='ltr'><strong>Reg.</strong></span> <span class='ocrx_word' id='word_1_1079' title='bbox 2571 5665 2701 5734; x_wconf 63' lang='grc'>1,(51.</span> <span class='ocrx_word' id='word_1_1080' title='bbox 2742 5665 2965 5739; x_wconf 83' lang='lat' dir='ltr'><strong>Seguer.</strong></span> <span class='ocrx_word' id='word_1_1081' title='bbox 3004 5668 3099 5739; x_wconf 91' lang='lat' dir='ltr'><strong>qui</strong></span> <span class='ocrx_word' id='word_1_1082' title='bbox 3139 5665 3196 5724; x_wconf 83' lang='lat' dir='ltr'><strong>et</strong></span> <span class='ocrx_word' id='word_1_1083' title='bbox 3228 5667 3369 5724; x_wconf 80' lang='lat' dir='ltr'><strong>infra</strong></span> <span class='ocrx_word' id='word_1_1084' title='bbox 3406 5668 3636 5733; x_wconf 78' lang='lat' dir='ltr'><strong>habent,</strong></span> 
     </span>
    </p>
   </div>
  </div>
