3822 6226
222 308 332 365 605
1359 305 1692 361 EPISTOLA
1729 305 1749 360 Ι
1783 305 1873 361 AD
1915 304 2352 398 SERAPIQNEM
3367 306 3470 362 606

219 417 363 478 εἶναι
410 419 506 474 τοῦ
556 420 728 490 Λόγου
758 420 855 493 τὴν
902 424 967 476 ἐκ
1019 422 1114 476 τοῦ
1154 422 1468 494 Πνεύματος
1513 424 1802 494 γινομένην

1910 438 2104 493 corpus
2125 423 2379 477 formavit
2408 429 2462 477 et
2494 421 2714 492 aptavit,
2745 437 2833 478 res
2868 429 3081 477 creatas
3108 434 3204 490 per
3230 419 3470 490 scipsum

222 513 645 584 διαμαρτυρίαν.
695 513 850 566 Οῦτω
891 514 985 567 καὶ
1045 513 1139 567 ἐπὶ
1186 513 1284 584 τὴν
1315 513 1477 583 ἀγίαν
1527 513 1800 584 Παρθένον

1910 514 2046 568 Patri
2067 514 2397 584 conjungere
2423 525 2476 569 et
2510 513 2726 580 offerre,
2757 514 3049 582 omniaque
3070 512 3127 566 in
3150 512 3243 566 illo
3274 526 3471 566 recon—

220 604 441 675 Μαρίαν
478 604 868 676 ἐπιδημοῦντος
908 604 1002 658 τοῦ
1049 605 1222 674 Λόγου
1250 645 1264 671 ,
1301 607 1687 677 πνεισὴρχετο
1738 606 1799 658 τὸ

1910 608 2086 674 ciliare
2117 608 2364 676 cupiens,
2403 625 2422 658 ‹
2456 608 2748 676 paciﬁcans
2787 608 2900 662 sive
2936 621 3058 676 quae
3087 607 3143 660 in
3172 605 3326 661 caelis
3355 605 3474 658 sive

221 697 466 768 Πνεῦμα,
504 698 597 752 καὶ
625 698 796 766 Λόγος
833 699 890 750 ἐν
911 697 989 768 τῷ
1015 697 1292 769 Πνεύματι
1311 698 1541 751 ἔπλαττε
1566 699 1661 752 καὶ
1695 699 1795 769 ἧρ-

1910 712 2020 768 qua:
2045 697 2100 750 in
2124 697 2284 752 terris
2317 706 2443 750 sunt
2465 697 2507 751 ".
2548 717 2566 748 ›

222 787 390 857 μοζεν
416 786 589 858 ἐαυτῷ
612 789 674 841 τὸ
699 787 876 859 σῶμα,
921 788 1154 857 συνάψαι
1184 789 1353 842 θέλων
1385 789 1478 842 καὶ
1538 790 1926 860 προσενεγκεῖν
1975 788 2044 842 δι’
2078 789 2274 841 ἐαυτοῦ
2321 789 2418 859 τὴν
2452 789 2626 842 κτίσιν
2654 787 2732 859 τῷ
2764 787 2957 859 Πατρὶ,
3016 789 3109 841 καὶ
3168 787 3476 842 ἀποκαταλ-

219 879 378 943 λάξαι
403 878 470 933 τὰ
503 877 680 932 πάντα
702 881 758 931 ἐν
778 876 946 948 αὐτῷ,
981 897 998 929 ι
1036 880 1453 950 εἰρηνοποιήσας
1486 878 1556 932 τὰ
1598 881 1656 932 ἐν
1681 881 1794 942 τοῖς
1825 881 2073 952 οὐρανοῖς
2099 879 2190 932 καὶ
2221 879 2289 933 τὰ
2314 881 2407 932 ἐπὶ
2427 879 2526 948 τῆς
2559 880 2683 950 γῆς.
2721 899 2739 928 ι

296 971 387 1027 3‘2.
420 969 734 1040 Συμφὼνως
758 971 865 1041 ἄρα
887 971 994 1024 ἀπὸ
1024 971 1132 1024 τῶν
1153 971 1311 1024 θείων
1335 971 1566 1041 Γραφῶν
1589 969 1799 1023 δείκνυ-

1965 971 2053 1024 52.
2083 972 2273 1040 Itaque
2297 987 2363 1024 ex
2400 970 2706 1024 divinarum
2739 952 3146 1038 Scripturarum
3196 986 3472 1034 consensu

219 1079 313 1115 ται
341 1061 416 1131 μὴ
440 1055 581 1114 εἶναι
620 1060 826 1131 κτίσμα
854 1061 914 1113 τὸ
946 1059 1171 1132 Πνεῦμα
1197 1061 1258 1114 τὸ
1291 1060 1464 1129 ἆγιον,
1493 1059 1627 1114 ἀλλά
1671 1059 1800 1112 ίδιον

1910 1063 2115 1118 evidens
2130 1071 2213 1116 est
2237 1061 2499 1131 Spiritum
2529 1069 2776 1116 sanctum
2803 1077 2915 1114 rem
2941 1071 3179 1115 creatam
3200 1078 3308 1118 non
3323 1080 3467 1132 esse,

218 1151 317 1206 τοῦ
341 1151 518 1219 Λόγου
574 1151 668 1204 καὶ
725 1154 824 1222 τῆς
844 1151 937 1204 τοῦ
963 1151 1175 1223 Πατρὸς
1213 1151 1494 1223 θεότητοςο
1523 1149 1664 1204 οὕτω
1694 1150 1802 1222 γὰρ

1910 1152 1993 1207 sed
2019 1152 2302 1221 proprium
2329 1167 2451 1207 esse
2501 1150 2660 1206 Verbi
2698 1161 2752 1206 et
2793 1151 2968 1206 Patris
3006 1153 3326 1210 divinitatis.
3378 1155 3472 1213 Sic

219 1241 332 1295 τῶν
371 1242 470 1312 μὲν
509 1241 680 1310 ἁγίων
701 1243 734 1312 ἡ
757 1241 1068 1296 διδασκαλία
1092 1245 1170 1307 εἰς
1203 1242 1300 1314 τὴν
1322 1243 1485 1313 ἁγίαν
1513 1244 1606 1296 καὶ
1628 1243 1804 1296 ἀδιαί-

1910 1244 2051 1298 enim
2083 1251 2396 1299 sanctorum
2419 1244 2667 1298 doctrina
2685 1244 2751 1298 ad
2779 1254 3023 1298 sanctam
3053 1254 3106 1298 et
3133 1245 3468 1302 individuam

225 1349 385 1403 ρετον
419 1332 625 1404 Τριάδα
676 1333 988 1400 συνάγεται,
1037 1334 1132 1388 καὶ
1191 1335 1289 1405 μία
1319 1335 1502 1398 πίστις
1544 1333 1680 1404 αὕτη
1707 1336 1804 1405 τῆς

1913 1335 2232 1389 Trinitatem
2276 1335 2622 1389 astruendam
2681 1335 2980 1404 conspirat,
3029 1352 3200 1405 eaque
3251 1355 3356 1392 una
3389 1349 3472 1395 est

222 1421 522 1493 καθολικῆς
560 1423 881 1494 Ἐκκλησίας
925 1424 1039 1478 ἐστί
1071 1425 1218 1496 (87)·
1268 1427 1376 1479 τῶν
1421 1426 1476 1479 δὲ
1519 1425 1804 1498 Τροπικῶν

1910 1427 2185 1482 catholica
2227 1425 2482 1482 Ecclesia:
2528 1426 2683 1482 ﬁdes.
2713 1427 2784 1480 At
2825 1427 3075 1481 absurdae
3116 1426 3472 1498 Tropicorum

221 1516 281 1588 ft
320 1514 604 1582 ἀλόγιστος
655 1514 1030 1587 μυθοπλαστία
1073 1517 1332 1586 διαφωνεῖ
1391 1517 1488 1588 μὲν
1537 1517 1674 1588 πρὸς
1705 1517 1804 1582 τὰς

1910 1516 2100 1573 fabulae
2137 1533 2165 1572 a
2201 1517 2501 1587 Scripturis
2524 1517 2680 1572 valde
2710 1517 3060 1585 dissentiunt,
3096 1521 3476 1576 consentiunt-

222 1606 264 1656 Γ
266 1586 471 1677 ραφάς,
501 1586 779 1676 συμφωνεῖ
800 1606 856 1659 δὲ
880 1609 945 1678 τῇ
979 1607 1087 1662 τῶν
1130 1586 1548 1681 ’Δρὲιομανιτῶν
1569 1586 1761 1682 ἀλογία
1783 1629 1796 1642 ο

1910 1622 2007 1676 que
2032 1607 2255 1661 omnino
2287 1622 2413 1661 cum
2441 1606 2773 1660 Arianorum
2810 1606 3002 1660 haeresi
3035 1624 3048 1660 :
3105 1606 3251 1661 unde
3283 1607 3476 1662 verisi-

223 1699 322 1750 καὶ
371 1696 521 1761 εἰκὸς
575 1698 772 1760 αὐτοὺς
808 1698 918 1769 (88)
963 1698 1138 1764 οὕτως
1165 1701 1558 1773 ὑποκρίνασθαι
1585 1702 1801 1772 ἀπάτης

1910 1699 2029 1752 mile
2056 1698 2129 1754 sit
2153 1699 2274 1754 illos
2297 1713 2407 1753 non
2439 1698 2547 1752 alia
2570 1698 2637 1752 de
2659 1713 2826 1752 causa
2856 1697 2930 1751 ita
2967 1696 3340 1762 dissimulare,
3370 1698 3476 1754 nisi

221 1785 411 1838 ἕνεκεν
436 1785 545 1840 τῶν
579 1786 871 1858 ἀκεραίων.
911 1787 1069 1842 Ἀλλά
1115 1790 1274 1861 χάρις
1308 1791 1386 1861 τῷ
1420 1792 1612 1864 Κυρίῳ
1633 1833 1648 1856 ,
1697 1793 1798 1858 ὅτι,

1910 1805 2010 1861 quo
2035 1789 2249 1845 facilius
2265 1790 2540 1860 simplices
2555 1789 2886 1860 deciperent.
2913 1788 3016 1844 Sed
3033 1790 3220 1859 gratiae
3245 1789 3476 1843 Domino

221 1877 299 1940 ὡς
321 1876 576 1947 γράφεις,
603 1878 705 1930 οὐκ
732 1877 922 1932 ἔλαθον
960 1879 1254 1944 σκέποντες
1293 1883 1519 1945 ἑαυτοὺς
1551 1885 1616 1954 τῇ
1665 1884 1802 1954 πρὸς

1910 1879 2184 1945 habenda,
2217 1879 2384 1950 quod,
2417 1887 2479 1934 ut
2513 1879 2733 1945 scribis,
2771 1877 2952 1932 fictam
2983 1894 3141 1933 suam
3169 1895 3294 1934 cum
3322 1879 3476 1934 Aria.

221 1967 352 2030 τοὺς
395 1968 707 2039 Ἀρειανοὺς
737 1970 1087 2041 προσποιήτῳ
1116 1971 1212 2024 ἀντ
1224 1971 1430 2044 ιλογίᾳο
1456 1973 1680 2045 καὶγὰρ
1708 1975 1802 2027 καὶ

225 2057 356 2128 παρ’
390 2058 612 2112 ἐκείνων
639 2062 978 2135 ἐμισήθησαν
1003 2064 1137 2135 (89),
1167 2066 1247 2118 ὅτι
1281 2065 1439 2135 μόνον
1479 2065 1542 2118 τὸ
1579 2066 1802 2137 Πνεῦμα

223 2149 324 2201 καὶ
352 2148 474 2218 οὐχὶ
515 2150 610 2204 κα)⁸
646 2151 735 2205 τὸν
765 2152 938 2220 Λόγον
987 2155 1190 2225 κτίσμα
1230 2153 1478 2222 λέγουσι·
1527 2157 1622 2210 καὶ
1653 2155 1803 2228 παρά

227 2239 446 2293 πάντων
478 2241 537 2294 δέ
566 2243 1042 2316 κατεγνώσθησαν,
1073 2246 1148 2309 ὡς
1179 2245 1257 2317 τῷ
1280 2246 1392 2299 ὄντι
1419 2263 1804 2318 πνευματομα-

226 2329 470 2402 χοῦντες,
514 2332 606 2384 καὶ
640 2333 755 2404 μετ’
782 2333 961 2402 ὀλίγον
987 2337 1259 2406 γινόμενοι
1291 2336 1403 2407 (90‘)
1437 2339 1638 2408 νεκροὶ,
1675 2337 1804 2409 ἐρη-

229 2440 322 2494 μοι
352 2426 446 2478 καὶ
488 2427 636 2479 κενοῒ⁹
688 2426 783 2480 τοῦ
817 2427 1135 2498 Πνεύματος
1167 2429 1337 2493 ὄντες.
1380 2429 1538 2483 Κατά
1568 2431 1678 2502 γάρ
1713 2430 1803 2483 τὸν

228 2516 503 2588 μακάριον
537 2518 883 2583 Ἀπόστολον,
936 2520 1154 2591 ψυχικοί
1191 2520 1464 2591 ἄνθρωποι
1506 2521 1657 2585 ὄντες
1703 2524 1803 2576 οὐκ

225 2603 570 2676 ἠδυνήθησαν
610 2607 866 2671 δέξασθαι
912 2609 981 2662 τὰ
1009 2609 1104 2663 τοῦ
1132 2610 1450 2680 Πνεύματος
1496 2611 1591 2664 τοῦ
1626 2613 1759 2665 Θεοῦ
1787 2653 1800 2678 ,

225 2703 312 2756 δτι
346 2701 732 2772 πνευματικῶς
758 2702 1102 2774 ἀνεκρίνοντο
1123 2720 1136 2734 ·
1171 2706 1220 2757 οἱ
1249 2703 1305 2757 δὲ
1331 2703 1401 2756 τὰ
1428 2704 1529 2774 τῆς
1549 2704 1804 2774 ἀληθείας

225 2793 549 2865 φρονοῦντες
581 2793 930 2865 ἀνακρίνουσι
963 2795 1061 2864 μὲν
1085 2795 1154 2848 τὰ
1193 2796 1367 2849 πάντα
1391 2836 1405 2859 ,
1435 2797 1588 2849 αὐτοὶ
1621 2797 1677 2850 δὲ
1714 2799 1803 2850 ὑπ’

225 2885 438 2949 οὐδενὸς
466 2885 868 2956 ἀνακρίνονται,
904 2885 1116 2957 ἔχοντες
1138 2887 1194 2939 ἐν
1227 2889 1438 2951 ἑαυτοῖς
1475 2889 1564 2941 τὸν
1601 2890 1804 2961 Κύριον

224 2977 685 3030 ἀποκαλύπτοντα
718 2979 900 3042 αὐτοῖς
918 2982 974 3032 ἐν
993 2979 1071 3050 τῷ
1101 2979 1377 3051 Πνεύματι
1411 2981 1602 3035 ἑαυτόν
1629 3000 1686 3036 τε
1711 2985 1805 3036 καὶ

225 3067 295 3121 δι’
321 3068 515 3122 ἐαυτοῦ
538 3069 630 3123 τὸν
656 3069 889 3141 Πατέρα.

299 3245 391 3301 55.
441 3243 582 3314 Ἐγὼ
620 3244 719 3316 μὲν
757 3241 850 3299 οὖν
875 3244 1078 3319 καίπερ
1125 3248 1183 3300 ἐν
1220 3249 1413 3319 ἐρήμῳ
1462 3247 1682 3316 διάγων,
1717 3247 1806 3301 διὰ

226 3333 362 3402 γοῦν
399 3332 496 3404 τὴν
523 3332 796 3386 ἀναίδειαν
823 3334 929 3386 τῶν
969 3334 1350 3404 ἐκτραπέντων
1391 3334 1500 3386 ἀπὸ
1534 3335 1632 3404 τῆς
1677 3332 1806 3403 ἀλη-

227 3427 403 3489 θείας,
428 3426 488 3478 οὑ
513 3425 803 3496 φροντίσας
824 3425 931 3478 τῶν
947 3425 1109 3496 γελᾷν
1137 3425 1428 3479 ἐθελόντων
1450 3424 1538 3478 διὰ
1559 3425 1620 3477 τὸ
1647 3424 1807 3478 ἀσθε-

225 3517 319 3580 νὲς
353 3518 448 3570 καὶ
477 3516 732 3571 ταπεινὸν
765 3520 863 3588 τῆς
893 3516 982 3571 διά
1006 3518 1113 3572 τῶν
1141 3517 1314 3587 λόγων
1354 3516 1698 3583 ἀποδείξεως,
1736 3517 1804 3570 δι’

227 3609 427 3677 ὀλίγων
461 3607 715 3680 γράψας,
774 3608 1067 3663 ἀπέστειλα
1103 3613 1169 3681 τῇ
1230 3612 1294 3680 σῇ
1349 3608 1460 3679 (91ι)
1513 3608 1804 3679 εὐλαϐείᾳ,

228 3700 403 3754 πολλά
428 3699 782 3772 παρακαλῶν,
809 3701 926 3764 ἵνα,
961 3700 1305 3772 ἐντυγχάνων
1326 3703 1566 3764 τούτοις,
1606 3700 1675 3755 τὰ
1709 3701 1806 3771 μὲν

225 3792 520 3866 διορθώσῃ,
556 3794 649 3846 ἐπὶ
674 3794 731 3848 δέ
765 3796 877 3858 τοῖς
916 3793 1170 3857 ἀσθενῶς
1193 3794 1502 3864 εἰρημένοις
1547 3791 1808 3862 συγγινώ-

231 3901 390 3957 σκῃς.
430 3887 585 3940 Κατὰ
631 3886 738 3958 γὰρ
769 3887 866 3956 τὴν
894 3885 1290 3957 παραδοθεῖσαν
1318 3887 1450 3955 ἡμῖν
1501 3883 1650 3954 παρά
1698 3883 1807 3937 τῶν

232 3975 492 4045 Πατέρων
523 3973 879 4045 ἀποστολικὴν
913 3975 1093 4027 πίστιν
1128 3974 1436 4043 παρέδωκα,
1473 3974 1635 4044 μηδὲν
1675 3973 1806 4040 ἔξω-

232 4066 327 4121 θεν
378 4067 670 4136 ἐπινοήσας
719 4066 830 4134 (92)
859 4105 874 4130 ,
916 4065 1029 4119 ἀλλ’
1076 4066 1212 4136 ὅπερ
1268 4064 1468 4135 ἔμαθον
1507 4064 1808 4135 ἐνεχάραξα

232 4158 539 4228 συμφώνως
563 4161 681 4222 ταῖς
719 4158 902 4226 ἁγίαις
934 4159 1196 4230 Γραφαῖς.
1232 4157 1526 4228 Σύμφωνον
1559 4157 1669 4229 γὰρ
1712 4158 1808 4212 καὶ

1901 1967 1986 2022 nis
2014 1970 2417 2024 contentionem
2441 1969 2697 2038 obtegere
2725 1983 2834 2023 non
2858 1970 3156 2038 potuerint.
3185 1970 3476 2040 Siquidem‘

1901 2068 1953 2114 et
1983 2059 2204 2124 illorum
2240 2059 2427 2114 odium
2457 2061 2512 2114 in
2543 2075 2603 2115 se
2647 2061 2796 2130 ipsos
2831 2061 3267 2128 concitaverunt,
3296 2069 3354 2115 ut
3379 2062 3474 2131 qui

1903 2149 2078 2204 solum
2107 2148 2371 2218 Spiritum
2419 2164 2526 2203 non
2561 2157 2744 2202 autem
2797 2147 3036 2203 Verbum
3080 2163 3194 2202 rem
3231 2156 3472 2204 creatam

1902 2256 2023 2296 esse
2045 2241 2270 2296 dicant:
2300 2249 2355 2295 et
2385 2241 2453 2295 ab
2479 2240 2601 2296 aliis
2631 2241 2887 2296 omnibus
2917 2241 3302 2310 reprobantur,
3326 2240 3473 2309 quod

1902 2333 2105 2403 liqueat
2125 2348 2252 2388 vere
2281 2347 2378 2390 eos
2404 2333 2605 2388 bellum
2663 2341 2855 2389 contra
2909 2344 3159 2388 sanctum
3207 2332 3473 2401 Spiritum

1903 2440 2110 2494 gerere,
2145 2439 2210 2479 ac
2229 2424 2457 2494 proinde
2502 2424 2652 2479 brevi
2673 2423 2789 2479 fore
2824 2435 3092 2490 mortuos,
3126 2433 3316 2493 utpote
3347 2423 3473 2493 Spi-

1902 2515 2011 2569 ritu
2043 2529 2245 2570 vacuos
2277 2523 2330 2569 et
2356 2513 2672 2570 destitutos.
2700 2512 2901 2582 Nempe
2929 2513 3058 2582 quia
3110 2521 3236 2568 sunt
3265 2511 3478 2566 anima-

1903 2605 1982 2660 les
2010 2606 2282 2669 homines,
2313 2619 2422 2659 non
2451 2612 2770 2674 potuerunt,
2801 2602 2961 2674 545
2991 2611 3050 2656 ut
3077 2603 3238 2657 docet
3282 2602 3477 2657 beatus

1903 2695 2276 2766 Apostolus",
2294 2696 2574 2765 percipere
2599 2710 2719 2765 quae
2737 2703 2866 2749 sunt
2893 2693 3130 2762 Spiritus
3147 2692 3263 2754 Dei,
3292 2701 3477 2762 utpote

1903 2788 1998 2858 qui
2021 2789 2378 2858 spiritualiter
2404 2788 2862 2857 dijudicarentur.
2891 2788 2961 2840 At
2989 2787 3084 2857 qui
3113 2801 3175 2841 ea
3202 2801 3325 2856 qua:
3347 2793 3477 2840 sunt

1904 2875 2148 2929 veritatis
2199 2875 2438 2946 sapiunt,
2489 2875 2675 2929 omnia
2723 2876 2943 2945 quidem
2977 2875 3317 2945 dijudicant,
3369 2875 3476 2944 ipsi

1904 2980 2036 3020 vero
2076 2981 2106 3020 a
2135 2967 2354 3021 nemine
2381 2967 2773 3035 dijudicantur,
2815 2967 3256 3036 quandoquidem
3286 2965 3474 3020 Domi-

1904 3074 2035 3112 num
2066 3059 2121 3112 in
2154 3059 2348 3128 seipsis
2379 3058 2601 3123 habent,
2632 3058 2726 3128 qui
2758 3058 2863 3113 illis
2892 3067 2945 3112 et
2976 3060 3216 3129 scipsum
3267 3067 3323 3112 et
3379 3072 3478 3127 per

1906 3152 2144 3221 scipsum
2176 3151 2392 3206 Patrem
2418 3152 2474 3206 in
2506 3151 2713 3222 Spiritu
2743 3149 3021 3220 patefacit.

1977 3230 2072 3300 55..
2104 3247 2217 3316 Ego
2241 3246 2446 3315 itaque,
2485 3245 2700 3300 tametsi
2731 3245 2787 3297 in
2819 3244 3112 3299 solitudine
3138 3244 3362 3314 degens,
3390 3253 3476 3299 ta-

1905 3353 2030 3392 men
2053 3345 2275 3407 propter
2303 3351 2495 3392 eorum
2526 3335 2916 3406 impudentiam
2947 3337 3040 3404 qui
3078 3349 3108 3388 a
3130 3336 3358 3390 veritate
3389 3336 3475 3390 de-

1907 3431 2194 3495 ﬂexerunt,
2231 3429 2367 3483 nihil
2401 3429 2627 3482 omnino
2653 3428 2720 3482 de
2744 3429 2850 3482 illis
2867 3442 3090 3491 curans,
3115 3427 3316 3496 quibus
3338 3425 3479 3481 forte

1905 3536 2041 3575 meae
2072 3520 2521 3575 ratiocinationes
2545 3519 2775 3573 infirmae
2803 3527 2852 3573 et
2889 3518 3122 3573 humiles
3149 3527 3311 3586 atque
3340 3517 3477 3570 adeo

1907 3609 2196 3664 irridendae
2240 3609 2591 3674 videbuntur,
2642 3609 2757 3664 haec
2782 3625 2954 3678 pauca
2996 3624 3118 3678 quae
3153 3609 3371 3678 scripsi,
3408 3608 3478 3663 ad

1908 3708 2056 3754 tuam
2082 3699 2333 3769 pietatem
2369 3700 2574 3769 placuit
2622 3699 2834 3754 mittere
2857 3739 2875 3766 ,
2910 3706 3072 3768 teque
3130 3699 3478 3754 vehementer

1905 3808 2058 3862 rogo,
2092 3792 2226 3846 utin
2254 3793 2340 3846 his
2359 3790 2620 3861 legendis,
2652 3791 2756 3844 alia
2792 3791 3010 3861 quidem
3061 3792 3338 3855 emendes,
3369 3792 3476 3846 alia

1907 3900 2035 3939 vero
2065 3900 2186 3954 quae
2217 3885 2433 3939 infirma
2455 3893 2768 3950 occurrent,
2797 3883 2932 3937 mihi
2961 3883 3254 3938 condones.
3291 3883 3478 3953 Siqui-

1908 3975 2030 4030 dem
2056 3975 2193 4030 nihil
2219 3975 2334 4045 ipse
2390 3975 2584 4030 tradidi
2633 3975 2737 4030 nisi
2780 3976 3078 4030 secundum
3112 3975 3472 4044 apostolicam

1908 4069 2092 4135 ﬁdem,
2124 4077 2288 4138 prout
2317 4084 2377 4123 ea
2406 4068 2565 4123 nobis
2592 4084 2621 4122 a
2645 4067 2898 4124 Patribus
2943 4067 3137 4122 tradita
3166 4075 3269 4130 est,
3309 4067 3474 4120 nihil-

1909 4174 2016 4228 que
2037 4165 2323 4213 externum
2375 4173 2495 4213 sum
2549 4167 2915 4222 commentus,
2946 4158 3042 4213 sed
3071 4158 3216 4228 quod
3269 4157 3431 4212 didici
3460 4195 3476 4218 ,

227 4247 392 4302 τοῦτο
435 4252 546 4312 τοῖς
590 4250 1177 4320 προαποπεφασμένοις
1219 4249 1356 4318 πρὸς
1408 4247 1696 4318 βεϐαίωσιν
1742 4251 1804 4302 ἐκ

1910 4248 2059 4317 juxta
2093 4260 2327 4304 mentem
2355 4257 2670 4303 sanctarum
2717 4246 3122 4317 Scripturarum
3154 4248 3238 4303 his
3286 4249 3479 4303 litteris

229 4339 342 4392 τῶν
373 4341 540 4405 ἁγίων
588 4339 836 4409 Γραφῶν.
887 4342 995 4394 Καὶ
1050 4342 1168 4396 οὐκ.
1199 4341 1394 4405 ἔξωθεν
1447 4341 1805 4411 ἐπινενόηται,

228 4429 350 4489 ἀλλ’
377 4430 538 4494 αὐτὸς
563 4433 591 4484 ὁ
617 4430 822 4501 Κύριος
865 4431 1071 4501 Ἰησοῦς
1091 4432 1323 4502 Χριστὸς
1349 4433 1416 4485 δι’
1443 4431 1606 4486 αὑτοῦ
1639 4433 1811 4486 ἐδίδα-

233 4535 332 4572 σκε
382 4517 480 4589 τὴν
528 4521 879 4590 Σαμαρεῖτιν,
920 4523 1014 4575 καὶ
1043 4521 1110 4575 δι’
1141 4523 1311 4594 αὐτῆς
1363 4524 1532 4593 ἡμᾶς,
1564 4522 1662 4593 τὴν
1711 4523 1810 4594 τῆς

229 4609 392 4679 ἁγίας
416 4611 640 4682 Τριὰδος
662 4611 994 4684 τελειότητα,
1016 4614 1316 4685 ἀδιαίρετον
1341 4614 1693 4684 ὑπάρχουσαν
1718 4614 1810 4666 καὶ

229 4703 364 4774 μίαν
393 4702 636 4773 Θεότητα
666 4704 794 4773 (95).
851 4705 999 4775 Αὐτὴ
1043 4706 1077 4775 ὴ
1108 4705 1334 4775 ἀλήθεια
1387 4707 1682 4777 μαρτυρεῖ,
1733 4703 1808 4768 ῶς

226 4810 362 4863 φησι
399 4795 464 4864 τῇ
503 4793 850 4866 Σαμαρείτιδι
871 4814 884 4827 ’
917 4815 935 4846 ε
977 4796 1204 4849 Πίστευέ
1234 4814 1344 4866 μοι,
1375 4797 1567 4865 γύναι,
1601 4797 1684 4849 ὅτι
1717 4795 1805 4868 ἐρ-

341 4973 367 5007 ’
393 4973 606 5032 Coloss.
637 4991 676 5042 ι,
698 4973 788 5030 20.
869 4978 911 5008 θ’
939 4978 958 5030 Ι
982 4975 1109 5031 Cor.
1136 4992 1198 5044 ιι,
1229 4975 1316 5030 14.

226 5138 638 5208 συνεισήρχετο.
671 5135 778 5192 Alii
824 5145 880 5192 et
920 5136 1079 5204 editi,
1121 5135 1290 5200 λαλεῖ,
1331 5142 1385 5189 et
1419 5133 1584 5200 infra,
1613 5133 1809 5205 συνήρ-

224 5225 418 5347 χεῖἕῖ)
455 5274 584 5346 Reg.
635 5275 689 5338 1,
730 5283 788 5347 ﬁ
829 5275 1078 5344 Seguerq
1119 5275 1236 5347 ἐστί
1267 5273 1517 5347 θᾷδυηίὶ
1555 5274 1646 5328 alii
1681 5290 1803 5347 cum

222 5343 706 5404 editis'omittunt.
739 5344 862 5400 Mox
905 5343 1069 5402 iidem,
1115 5345 1245 5414 Reg.
1300 5345 1350 5407 1,
1397 5354 1450 5398 et
1485 5343 1802 5414 Segnerian.

225 5433 446 5472 necnon
484 5415 702 5472 Goblcr.
752 5426 806 5471 et
847 5416 1025 5472 Felck.
1053 5417 1105 5481 1,
1137 5414 1338 5471 habent
1359 5414 1659 5484 ἀλόγιστος.
1688 5416 1806 5470 Cae-

225 5488 330 5543 teri
361 5502 490 5540 vero
521 5486 760 5549 et'editi,
794 5487 1134 5549 ἀλλόπιστος.

260 5629 274 5652 ν
301 5556 419 5654 (ἕὸ)
447 5557 539 5616 Sic
564 5555 696 5627 Reg.
731 5558 778 5620 1,
810 5567 864 5614 ει
899 5558 1218 5628 Seguerian.
1255 5555 1360 5609 Alii
1389 5570 1518 5611 vero
1549 5562 1603 5609 et
1647 5555 1799 5620 editi,

225 5627 612 5770 δ”ἲὲτὸίςίίυηε
645 5698 824 5754 locum
861 5699 933 5754 ita
969 5697 1312 5754 restituimus
1345 5714 1410 5753 ex
1439 5711 1571 5752 mss.
1609 5695 1737 5766 Reg.
1775 5695 1797 5750 1

1909 4339 2152 4396 exaravi.
2184 4339 2240 4392 Id
2277 4339 2421 4392 enim
2445 4339 2649 4407 optime
2677 4352 2799 4392 cum
2829 4339 2913 4391 his
2943 4339 3224 4407 congruit,
3259 4353 3380 4407 qua:
3409 4340 3476 4391 ad

1908 4430 2159 4484 veritatis
2196 4432 2665 4484 conﬁrmationem
2697 4445 2761 4483 ex
2791 4430 2996 4484 sanctis
3041 4430 3336 4499 Scripturis
3381 4430 3478 4484 ad—

1902 4521 2190 4578 duximus.
2225 4521 2343 4576 Non
2373 4538 2506 4593 ergo
2532 4522 2876 4577 extrinsecus
2915 4523 3174 4577 accersita
3227 4531 3309 4576 est
3362 4523 3476 4575 lucc

1909 4621 2096 4667 nostra
2123 4613 2374 4668 doctrina
2410 4632 2422 4666 :
2459 4614 2553 4666 sed
2590 4613 2704 4681 ipse
2739 4613 3001 4667 Dominus
3038 4612 3197 4666 .Iesns
3227 4611 3475 4665 Christus

1915 4717 2012 4772 per
2045 4703 2286 4772 scipsum
2312 4704 2532 4772 quidem
2564 4703 2964 4758 Samaritanam
2995 4719 3057 4758 ac
3087 4717 3186 4758 nos
3216 4719 3311 4773 per
3330 4702 3474 4754 illam

1915 4792 2110 4848 deinde
2133 4793 2338 4860 docuit,
2371 4802 2534 4863 quam
2572 4794 2808 4863 perfecta
2851 4804 2905 4849 et
2923 4794 3169 4850 absoluta
3193 4794 3263 4848 sit
3286 4801 3474 4848 saneta

1917 5131 2230 5206 Seguerian.
2268 5129 2581 5206 Goblerian.
2623 5136 2678 5184 et
2724 5127 2865 5206 Ij‘elc.
2903 5128 2952 5181 1.
2995 5123 3209 5206 μηλειιίἰε
3237 5133 3292 5180 ει
3321 5123 3478 5180 editis

1913 5196 2111 5261 desunt
2145 5204 2226 5254 ὅτι
2265 5203 2446 5270 μόνον,
2477 5215 2650 5270 usque
2686 5201 2750 5254 ad
2776 5196 3245 5270 κατεγνώσθησαν.

1985 5274 2095 5346 (90)
2125 5266 2451 5346 _S_eg_t_ierian.
2484 5266 2649 5346 Basil.
2685 5279 2736 5324 et
2768 5266 3321 5346 Anglicnyavépevm.

1985 5276 2074 5346 (90
2135 5274 2451 5340 Seguerian.
2484 5274 2649 5326 Basil.
2685 5279 2736 5324 et
2768 5274 2998 5338 Anglic.,
3024 5274 3321 5346 γενόμενος.

1983 5274 2212 5416 (91ἰ8ἱε
2234 5341 2432 5416 Regius
2463 5342 2692 5416 primus,
2721 5348 2773 5393 et
2795 5336 3322 5416 _()ttob._chue11au.
3349 5349 3475 5416 nec;

1913 5381 2036 5469 non,
2078 5381 2280 5483 iicgius
2313 5381 2372 5474 ξ,
2406 5381 2499 5479 (ιιῘὶ
2547 5381 2727 5483 tamen
2748 5412 2823 5483 cf;
2866 5426 2957 5483 σου
2993 5381 3172 5460 ὴθιῗει.
3201 5405 3393 5459 (ὶωιετί
3425 5411 3480 5458 et

1913 5486 2063 5548 editi,
2090 5478 2248 5605 τῆζσῇ
2277 5490 2331 5534 ει
2357 5478 2541 5550 τῇσου
2572 5489 2625 5532 ct
2645 5478 2820 5532 πολλά
2835 5478 3107 5532 omittunt.

1983 5555 2093 5605 (99.)
2129 5539 2325 5605 lenius
2367 5551 2417 5605 1.
2455 5560 2508 5605 ct
2553 5550 2892 5605 Scaucrian..
2941 5547 3107 5600 ἐπινοί

1916 5539 2093 5641 ;V(9‘:".)
2129 5539 2325 5620 lieg'ius
2367 5539 2422 5615 1',-
2455 5560 2508 5605 ct
2553 5550 2892 5620 chucrian.,
2941 5546 3196 5631 ἐπινοῶν,
3231 5553 3282 5599 ct
3326 5556 3455 5599 mox

1912 5643 2013 5679 απε
2025 5642 2072 5696 ρ.

1981 5688 2090 5766 (9"5)
2127 5692 2324 5765 Regius
2356 5691 2645 5758 secundus,
2672 5694 2738 5762 τῇ
2780 5691 2874 5761 μιᾷ
2905 5688 3138 5761 Θεότητι.
