3822 6226
388 273 496 334 607

992 269 1049 326 S.
1090 267 1464 324 ATHANASH
1501 266 1651 322 OPP.
1695 265 1874 322 PARS
1911 265 1954 319 1.
1995 294 2060 305 —
2101 262 2479 321 HlSTORlCA
2518 261 2608 317 ET
2649 260 3070 317 DOGMATICA.

3529 263 3640 318 608

391 389 656 455 Trinitas,
687 404 922 459 eamque
943 387 1278 444 individuam
1318 402 1382 443 ac
1415 403 1581 442 unam
1607 385 1948 441 Divinitatem

2057 401 2208 454 χεται
2241 383 2381 454 ῶρα,
2408 383 2500 436 καὶ
2523 380 2619 434 νῦν
2645 382 2813 445 ἐστιν,
2847 381 2936 432 ὅτε
2964 380 3014 432 ot
3049 377 3292 450 ἀληθινοὶ
3319 395 3640 450 προσκυνη-

391 481 676 536 exsistere.
706 478 786 543 1d,
811 480 1056 549 inquam,
1084 477 1201 547 ipsa
1228 486 1455 531 testatur
1479 476 1703 541 veritas,
1740 476 1831 531 ubi
1859 476 1958 530 Sa-

395 569 678 623 maritana:
709 568 830 623 ait:
869 585 889 619 ι
942 565 1114 620 Crede
1165 563 1322 628 mihi,
1362 565 1581 632 mulier,
1631 566 1760 636 quia
1815 564 1961 619 venit

395 659 550 726 hora,
585 667 638 714 et
667 674 813 713 nunc
841 665 945 724 est,
987 671 1114 711 cum
1144 658 1261 710 veri
1289 656 1607 711 adoratores
1659 656 1962 710 adorabunt

390 749 605 804 Patrem
640 749 694 804 in
727 748 931 819 Spiritu
966 757 1021 804 et
1040 749 1288 804 veritate.
1347 745 1482 804 Nam
1530 757 1584 803 et
1631 747 1793 802 Pater
1825 749 1960 804 tales

389 842 588 909 quaerit
618 841 711 910 qui
742 839 974 894 adorent
997 855 1146 894 eum.
1186 838 1424 909 Spiritus
1457 847 1544 894 est
1568 837 1734 904 Deus,
1782 847 1837 894 et
1864 855 1959 896 eos

387 931 478 1000 qui
515 930 745 985 adorant
782 946 929 998 eum,
954 931 1007 984 in
1036 927 1241 1000 Spiritu
1270 941 1324 985 et
1346 931 1572 985 veritate
1587 939 1798 1000 oportet
1831 931 1960 985 ado-

391 1035 516 1074 rare
543 1021 584 1073 °.
618 1039 636 1071 ι
665 1020 795 1076 lude
841 1020 988 1075 enim
1007 1021 1352 1090 perspicuum
1373 1028 1456 1074 est
1477 1021 1755 1074 veritatem
1781 1021 1958 1090 ipsum

394 1123 519 1164 esse
573 1109 791 1175 Filium,
836 1117 896 1162 ut
927 1109 1040 1177 ipse
1073 1108 1168 1172 ait,
1205 1127 1222 1158 ι
1255 1105 1367 1177 Ego
1420 1121 1542 1161 sum
1588 1107 1855 1161 veritas"
1879 1146 1895 1171 ,
1933 1124 1952 1156 ι

385 1215 549 1268 quem
604 1209 658 1254 et
718 1202 979 1269 propheta
1027 1197 1194 1252 David
1250 1198 1336 1254 his
1399 1200 1579 1254 verbis
1631 1197 1955 1251 invocabat:

390 1305 407 1338 ι
448 1287 650 1342 Emitte
683 1290 858 1343 lucem
893 1298 1039 1342 tuam
1076 1296 1130 1342 et
1155 1288 1436 1343 veritatem
1479 1297 1628 1343 tuam
1665 1288 1732 1344 ιο.
1773 1307 1791 1339 ι
1832 1284 1957 1340 Veri

386 1379 555 1448 igitur
604 1379 923 1433 adoratores
975 1377 1190 1430 Patrem
1241 1377 1461 1446 quidem
1497 1377 1820 1439 adorabunt,
1861 1376 1956 1430 sed

386 1469 443 1522 in
480 1468 686 1538 Spiritu
715 1479 768 1522 ct
797 1468 1042 1530 veritate,
1081 1467 1280 1520 Filium
1311 1467 1564 1522 videlicet
1613 1475 1666 1520 et
1714 1466 1767 1519 in
1818 1465 1957 1519 Filio

387 1557 654 1626 Spiritum
687 1557 1016 1612 conﬁtendo.
1049 1554 1184 1609 Nam
1219 1572 1250 1610 a
1282 1557 1421 1612 Filio
1452 1558 1691 1627 separari
1721 1571 1828 1609 non
1862 1571 1957 1626 po-

385 1657 492 1703 test
520 1649 776 1718 Spiritus,
801 1649 876 1702 uti
906 1665 1003 1702 nec
1033 1664 1062 1701 a
1089 1647 1246 1704 Patre
1271 1649 1464 1713 Filius,
1494 1649 1952 1719 quemadmodum

2059 476 2150 528 1a‘t
2193 476 2631 546 προσκυνήσουσι
2659 471 2736 542 τῷ
2764 472 2940 542 Πατρὶ
2969 473 3026 524 ἐν
3058 470 3334 541 Πνεύματι
3381 470 3476 523 καὶ
3502 469 3642 540 ἀλη-

2061 565 2213 638 θείᾳυ
2254 567 2348 620 καὶ
2387 566 2495 636 γὰρ
2529 567 2557 619 6
2604 563 2792 635 Πατὴρ
2821 563 3094 626 τοιούτους
3135 561 3288 634 ζητεῖ
3315 562 3443 625 τοὺς
3464 579 3641 633 προσ·-

2060 654 2354 719 κυνοῦντας
2383 656 2565 709 αὐτόν.
2591 654 2816 724 Πνεῦμα
2843 656 2871 707 6
2900 653 3030 715 Θεὸς
3054 652 3188 723 (94),
3217 652 3448 716 καὶτοὺς
3464 668 3640 722 προσ-

2060 745 2353 810 κυνοῦντας
2379 747 2539 800 αὐτὸν
2571 749 2628 800 ἐν
2661 745 2939 816 Πνεῦματι
2965 744 3060 797 καὶ
3086 742 3313 814 ἀληθείᾳ
3345 743 3428 794 δεῖ
3460 760 3639 813 προσ-

2061 837 2261 889 κυνεῖν.
2294 856 2312 888 )
2339 836 2616 890 Δέδεικται
2640 836 2817 890 τοίνυν
2839 833 3104 898 ἐντεῦθεν,
3125 833 3200 897 ὡς
3220 835 3254 904 ἡ
3286 831 3512 903 ἀλήθεια
3534 831 3642 902 μὲν

2060 929 2222 992 αὐτὸς
2250 931 2278 982 6
2307 929 2435 993 Υἱός
2463 931 2631 994 ἐστιν,
2657 929 2732 992 ὡς
2759 927 2918 990 αὑτός
2949 943 3112 997 φησιν
3134 942 3148 954 °
3197 944 3215 976 ι
3275 923 3415 993 Ἐγώ
3456 925 3573 992 εἰμι
3599 925 3636 992 ἡ

2059 1019 2284 1089 ἀλήθεια
2303 1039 2316 1053 ο
2354 1039 2373 1072 ι
2405 1023 2532 1092 περὶ
2561 1015 2623 1075 οῦ
2655 1021 2748 1075 καὶ
2769 1021 2797 1072 6
2816 1020 3096 1090 προφήτης
3123 1017 3284 1070 Δαϐὶδ
3316 1016 3640 1070 ἐπεκαλεῖτο

2058 1106 2230 1175 λέγων
2260 1107 2372 1177 (95)
2393 1124 2408 1140 ο
2437 1127 2456 1160 ι
2503 1107 2907 1172 Ἐξαπόστειλον
2926 1108 2985 1160 16
3008 1107 3120 1175 φῶς
3143 1123 3234 1160 σου
3264 1106 3356 1159 καὶ
3383 1105 3480 1177 τὴν
3503 1105 3640 1176 ἁλή-

2059 1199 2206 1252 θειάν
2237 1217 2352 1253 σου.
2396 1221 2414 1253 ι
2456 1201 2521 1254 Οἱ
2551 1201 2792 1270 ἀληθινοὶ
2828 1199 3006 1251 τοίνυν
3055 1197 3425 1268 προσκυνηταὶ
3460 1213 3638 1266 προσ-

2058 1291 2276 1345 κυνοῦσι
2307 1293 2402 1362 μὲν
2423 1292 2501 1362 τῷ
2527 1293 2723 1362 Πατρὶ,
2742 1291 2854 1345 ἀλλ’
2883 1293 2939 1346 ἐν
2956 1288 3231 1358 Πνεύματι
3257 1289 3352 1342 καὶ
3379 1287 3634 1358 ἀληθείᾳ,

2055 1383 2441 1454 ὁμολογοῦντες
2469 1384 2596 1437 Υίὺν
2629 1385 2723 1436 καὶ
2748 1385 2804 1436 ἐν
2837 1382 2984 1452 αῦτῷ
3013 1382 3074 1434 16
3117 1380 3358 1450 Πνεῦμα.
3398 1377 3636 1449 Ἀχὼρι-

2058 1488 2180 1524 στον
2229 1473 2338 1544 γὰρ
2391 1472 2484 1526 τοῦ
2547 1472 2676 1525 Υίοῦ
2737 1473 2798 1524 16
2855 1468 3076 1542 Πνεῦμα
3111 1511 3126 1534 ,
3191 1469 3267 1532 ὡς
3325 1468 3636 1540 ἀχώριστος

2057 1562 2085 1614 6
2155 1560 2285 1622 Υἱὸς
2360 1561 2451 1613 τοῦ
2510 1560 2740 1632 Πατρός.
2810 1560 2954 1630 Αὐτὴ
3020 1561 3054 1630 η
3091 1558 3338 1630 Ἀλήθεια
3420 1575 3637 1628 μαρτυ-

2056 1651 2140 1719 ρεῖ
2182 1649 2291 1720 (96)
2333 1651 2367 1719 ἡ
2409 1650 2638 1720 λέγουσα
2674 1668 2688 1681 ο
2735 1671 2752 1702 ι
2795 1650 2999 1720 Πέμψω
3041 1651 3167 1720 ὑμῖν
3205 1650 3293 1702 τὸν
3333 1647 3634 1720 Παράκλη-

388 1740 506 1809 ipsa
535 1739 746 1795 Veritas
779 1741 864 1794 his
897 1742 1076 1796 verbis
1111 1743 1307 1796 docet:
1340 1759 1358 1791 ι
1410 1739 1616 1794 Mittam
1649 1741 1802 1796 vobis
1851 1740 1948 1794 Pa-

2057 1754 2164 1803 τον,
2207 1738 2270 1791 τὸ
2306 1739 2529 1811 Πνεῦμα
2570 1741 2669 1812 τῆς
2702 1740 2977 1810 ἀληθείας,
3007 1739 3035 1791 ὃ
3070 1739 3218 1809 παρά
3269 1737 3363 1790 τοῦ
3413 1739 3635 1808 Πατρὸς

380 1833 669 1898 racletum,
697 1831 960 1901 Spiritum
991 1835 1258 1898 veritatis,
1279 1832 1372 1902 qui
1403 1847 1432 1886 a
1465 1831 1624 1886 Patre
1676 1832 1944 1900 procedit,

379 1938 541 1992 quem
577 1925 813 1980 mundus
844 1940 950 1978 non
975 1933 1152 1994 potest
1185 1924 1431 1993 accipere
1458 1925 1523 1990 “,
1560 1942 1579 1975 ι
1609 1925 1711 1978 hoc
1735 1933 1837 1990 est,
1860 1923 1956 1994 qui

379 2029 506 2069 eum
533 2030 600 2069 ex
638 2015 795 2069 Patre
825 2016 878 2069 in
921 2014 1059 2069 Filio
1106 2031 1228 2071 esse
1258 2024 1476 2085 negant.
1528 2013 1632 2080 Qui
1665 2014 1828 2086 igitur
1854 2030 1954 2067 vo-

379 2106 586 2160 luerint
647 2121 805 2161 veros
842 2106 1046 2160 imitari
1111 2107 1428 2161 adoratores
1457 2100 1493 2170 ,’
1525 2120 1621 2160 eos
1674 2106 1953 2159 veritatem

377 2196 627 2251 conﬁteri
661 2206 714 2250 rt
745 2197 999 2266 amplecti
1027 2212 1249 2252 necesse
1278 2197 1504 2250 omnino
1538 2205 1640 2249 est.
1683 2195 1951 2261 Quocirca

379 2286 478 2349 illi,
516 2301 655 2354 quos
685 2286 772 2340 hic
803 2285 1128 2342 refellendos
1157 2285 1402 2354 suscepi,
1439 2284 1486 2338 si
1540 2299 1640 2338 nec
1671 2293 1794 2351 post
1836 2285 1951 2338 haec

376 2377 548 2432 velint
575 2378 718 2446 quod
752 2392 942 2431 verum
977 2386 1060 2431 est
1094 2377 1323 2441 discere,
1354 2391 1453 2430 nec
1493 2375 1792 2445 intelligere
1824 2391 1952 2444 pos-

377 2469 522 2533 sint;
555 2470 746 2525 saltem
781 2470 945 2541 impia
1000 2469 1244 2541 proferre
1272 2469 1544 2534 desinant,
1595 2482 1693 2522 nec
1716 2465 1952 2520 Trinita-

383 2572 490 2617 tem
521 2563 762 2617 audcant
789 2577 1065 2633 separare,
1109 2578 1176 2616 ne
1209 2560 1313 2630 ipsi
1338 2575 1370 2616 a
1415 2559 1527 2616 vita
1577 2567 1900 2630 separentur
1931 2574 1947 2620 ;

376 2667 478 2706 nec
503 2651 766 2720 Spiritum
796 2661 1045 2706 sanctum
1078 2652 1218 2705 inter
1245 2667 1334 2706 res
1378 2660 1590 2706 creatas
1641 2658 1946 2713 numerent,

374 2759 444 2798 ne
478 2744 935 2813 quemadmodum
967 2743 1142 2798 sancti
1195 2742 1434 2812 Spiritus
1463 2757 1626 2812 opera
1686 2740 1948 2796 Pharisaei

375 2835 505 2888 olim
543 2835 850 2890 Beelzebuli
897 2836 1288 2899 attribuebant,
1329 2835 1410 2890 sic
1439 2843 1495 2890 et
1543 2834 1618 2887 illi
1652 2834 1800 2903 paris
1852 2849 1951 2887 au-

2055 1829 2432 1898 ἐκπορεύεται,
2467 1831 2494 1884 ὃ
2518 1833 2546 1883 6
2577 1832 2780 1901 κόσμος
2820 1833 2881 1884 οὐ
2919 1829 3142 1884 δύναται
3171 1829 3376 1893 λαϐεῖν,
3420 1848 3438 1880 ι
3473 1847 3639 1882 τουτ-

2055 1923 2200 1977 έστιν
2226 1923 2405 1995 (97)οί
2435 1922 2756 1993 ἀρνούμενοι
2804 1922 2934 1976 αὐτὸ
2960 1925 3023 1976 ἐκ
3071 1921 3164 1974 τοῦ
3210 1921 3421 1992 Πατρὸς
3452 1921 3512 1972 ἐν
3549 1918 3638 1990 τῷ

2057 2017 2187 2088 Υίῷ.
2223 2017 2343 2088 Χρὴ
2369 2015 2546 2069 τοίνυν
2577 2015 2716 2068 κατὰ
2753 2014 2982 2085 μίμησιν
3013 2013 3120 2067 τῶν
3151 2011 3416 2083 ἀληθινῶν
3439 2009 3638 2081 ὁμολο-

2055 2112 2171 2177 γεῖν
2219 2110 2310 2161 καὶ
2353 2107 2722 2180 προσδραμεῖν
2749 2107 2815 2175 τῇ
2873 2105 3119 2174 ἀληθείᾳ.
3155 2105 3249 2156 Ἂν
3295 2103 3339 2156 δ’
3392 2103 3498 2172 ἀρα
3532 2101 3636 2154 καὶ

2057 2199 2194 2270 μετά
2217 2199 2390 2253 ταῦτα
2407 2199 2541 2270 μήτε
2569 2197 2757 2268 μαθεῖν
2774 2197 2989 2262 θέλωσι,
3017 2198 3152 2267 μήτε
3175 2199 3313 2249 νοεῖν
3341 2196 3631 2252 δύνωνται·

2051 2291 2154 2345 κᾶν
2183 2290 2290 2343 τῶν
2317 2289 2637 2359 δυσφημιῶν
2666 2289 3042 2351 παυέσθωσαν,
3072 2289 3164 2342 καί⁸
3220 2289 3293 2359 μὴ
3323 2290 3632 2360 διαιρείτω-

2052 2399 2150 2435 σαν
2199 2381 2296 2452 τὴν
2340 2381 2567 2452 Τριάδα,
2605 2381 2690 2434 ἵνα
2723 2381 2797 2451 μὴ
2842 2379 3180 2452 διαιρεθῶσιν
3221 2380 3330 2446 (98)
3377 2381 3486 2433 ἀπὸ
3529 2383 3633 2453 τῆς

2049 2471 2222 2542 ζωῆςο
2250 2472 2382 2543 μηδὲ
2397 2475 2505 2537 τοῖς
2529 2472 2786 2542 κτίσμασι
2806 2470 3026 2542 συναριο
3037 2471 3306 2541 μείτωσαν
3325 2473 3384 2524 τὸ
3404 2473 3634 2542 Πνεῦμα

2047 2563 2108 2616 16
2127 2564 2300 2633 ἆγιον,
2333 2564 2419 2617 ἵνα
2441 2565 2536 2635 μὴ,
2560 2565 2635 2627 ὡς
2661 2564 2709 2616 οἱ
2731 2562 2850 2616 τότε
2879 2563 3161 2634 Φαρισαῖοι
3191 2560 3270 2631 τῷ
3298 2561 3632 2626 Βεελζεϐοὺλ

2052 2656 2121 2709 τὰ
2154 2655 2246 2708 τοῦ
2299 2656 2614 2726 Πνεῦματος
2646 2653 2982 2718 ἀνετίθεσαν,
3041 2653 3183 2706 οὕτω
3227 2654 3321 2706 καὶ
3360 2649 3528 2718 οῦτοι,
3559 2655 3632 2708 τά

2055 2747 2144 2800 ίσα
2171 2745 2493 2817 τολμῶντες,
2520 2746 2901 2813 ἀσύγγνωστον
2929 2745 3022 2798 καὶ
3046 2739 3148 2798 ὧδε
3176 2745 3268 2798 καὶ
3290 2745 3427 2816 μετά
3452 2747 3630 2799 ταῦτα

2054 2838 2152 2906 τὴν
2183 2837 2453 2908 τιμωρίαν
2487 2838 2600 2907 μετ’
2628 2837 2851 2889 ἐκείνων
2887 2836 2996 2907 (99)
3029 2837 3415 2907 ὑπομείνωσιν.

376 2924 546 2979 daciaa
598 2925 699 2990 rei,
737 2925 825 2980 hic
861 2933 917 2980 et
950 2926 1003 2979 in
1035 2926 1219 2981 futura
1283 2927 1391 2981 vita
1427 2936 1631 2982 aterno
1658 2925 1924 2994 supplicio
1959 2926 2076 2984 sine
2110 2929 2218 2983 ulla
2245 2945 2340 2999 spe
2361 2929 2533 2983 veniae
2555 2944 2678 2983 cum
2708 2929 2814 2984 illis
2847 2928 3166 2983 adiciantur.

377 3036 539 3110 5&6
919 3039 1014 3092 AD
1035 3039 1354 3094 EUMDEM
1392 3040 1821 3096 EPISCOPUM
1843 3039 1948 3094 SE-

2065 3047 2206 3099 ΤΟΥ
2230 3047 2472 3098 ΑΥΤΟΥ
2496 3047 2690 3097 ΠΡΟΣ
2726 3045 2864 3097 TON
2895 3045 3143 3097 ΑΥΤΟΝ
3184 3043 3634 3098 ἘΠῙΣΚΟΠΟΝ

498 3108 1260 3165 APIONEMADVERSUS
1311 3111 1451 3165 EOS
1489 3111 1620 3175 QUI
1679 3110 1954 3166 FILIUM

443 3178 598 3233 REM
622 3178 960 3233 CREATAM
993 3179 1175 3235 ESSE
1202 3180 1740 3238 CONTENDUNT.

447 3296 496 3347 1.
537 3293 648 3364 Ego
679 3295 895 3364 quidem
921 3311 1089 3365 pauca
1123 3313 1209 3352 me
1236 3297 1309 3351 ita
1349 3298 1637 3367 scripsisse
1670 3298 1951 3360 existima-

376 3385 735 3456 bamzatque
766 3387 902 3442 adeo
950 3402 1037 3442 me
1085 3387 1201 3456 ipse
1248 3389 1500 3443 maximae
1559 3389 1948 3446 imbecillitatis

377 3476 725 3541 accusabam,
760 3479 853 3547 qui
908 3493 1009 3532 nec
1060 3485 1271 3532 tantum
1324 3479 1560 3534 scribere
1603 3481 1898 3549 potuissem
1927 3521 1944 3547 ,

376 3574 642 3635 quantum
668 3566 926 3622 adversus
947 3581 1045 3621 eos
1071 3567 1164 3635 qui
1190 3567 1244 3620 in
1276 3565 1538 3637 Spiritum
1569 3579 1820 3624 sanctum
1846 3571 1950 3624 im-

378 3657 451 3726 pii
485 3666 614 3712 sunt
667 3659 794 3713 licet
850 3660 1166 3714 hominibus
1217 3660 1416 3718 dicere.
1452 3661 1682 3726 Quando
1712 3679 1859 3726 vero,
1891 3671 1952 3717 ut

380 3748 595 3812 scribis,
625 3749 846 3818 quidam
891 3764 957 3804 ex
991 3748 1257 3804 fratribus
1284 3751 1696 3819 postulaverunt
1734 3762 1792 3807 ut
1838 3753 1954 3809 haec

379 3839 435 3892 in
487 3841 867 3909 compendium
919 3841 1326 3911 redigerentur,
1377 3858 1488 3910 quo
1545 3844 1845 3912 paratiores
1887 3859 1951 3900 ac

375 3934 741 4002 promptiores
776 3948 897 3988 esse
939 3934 1153 4002 possint
1183 3948 1308 3987 cum
1348 3933 1415 3986 ad
1447 3933 1685 3988 breviter
1718 3950 1946 4004 respon-

445 4048 468 4080 ⁸
489 4047 649 4105 Joan.
675 4065 748 4114 tv,
774 4049 865 4112 21,
888 4047 979 4104 22.

2129 3118 2176 3168 Σ
2178 3119 2313 3168 EPA
2323 3119 2370 3166 Π
2375 3118 2398 3167 ι
2405 3117 2545 3168 ΩΝΑ
2569 3117 2663 3168 KA
2674 3114 2762 3169 TA
2786 3115 2926 3168 ΤΩΝ
2939 3117 3035 3166 ΛΕ
3038 3115 3086 3165 Γ
3094 3115 3332 3166 ΟΝΤΩΝ
3343 3117 3393 3166 Κ
3403 3117 3467 3167 TI
3473 3119 3519 3168 Σ
3521 3119 3579 3168 Μ
3580 3123 3624 3169 Α

2134 3188 2274 3238 TON
2309 3187 2478 3238 ΥιοΝ
2507 3185 2604 3256 (1).

2126 3297 2178 3350 1.
2224 3296 2363 3365 Ἐγὼ
2397 3298 2492 3368 μὲν
2516 3297 2760 3367 ἐνόμιζον
2799 3297 2890 3349 καὶ
2922 3296 2994 3366 (2)
3027 3295 3197 3358 οὕτως
3233 3297 3387 3364 ὀλίγα
3416 3314 3627 3367 γεγρα-

2055 3389 2240 3458 φέναι’
2289 3389 2382 3441 καὶ
2415 3389 2748 3459 κατηγόρουν
2799 3386 3035 3457 ἐμαυτοῦ
3075 3386 3271 3458 πολλῆς
3316 3387 3627 3454 ἀσθενείας,

2053 3479 2129 3543 ὡς
2158 3479 2232 3550 μὴ
2257 3479 2572 3551 δυνηθέντος
2597 3477 2846 3531 τοσοῦτον
2875 3477 3103 3549 γράψαι,
3149 3479 3270 3530 ὅσον
3316 3479 3631 3549 ἀνθρώποις

2054 3570 2229 3635 ἔξεστι
2253 3570 2430 3638 λέγειν
2465 3569 2605 3623 κατά
2631 3569 2738 3621 τῶν
2759 3568 3096 3621 ἀσεϐούντων
3119 3564 3198 3632 είς
3225 3569 3284 3620 τὸ
3311 3569 3537 3638 Πνεῦμα
3565 3570 3631 3622 τὸ

2055 3661 2208 3730 ἅγιον
2229 3678 2243 3693 ο
2276 3661 2462 3732 ἐπειδὴ
2493 3661 2547 3714 δὲ
2571 3703 2585 3725 ,
2633 3661 2708 3724 ὡς
2752 3661 3005 3732 γράφεις,
3039 3659 3181 3722 τινὲς
3237 3659 3346 3713 τῶν
3379 3661 3630 3729 ἀδελφῶν

2050 3751 2286 3821 ἠξίωσαν
2307 3753 2400 3805 καὶ
2436 3751 2608 3806 ταῦτα
2635 3753 2931 3822 ἐπιτεμεῖν,
2966 3752 3052 3804 ἵνα
3079 3751 3272 3822 ἔχωσιν
3311 3750 3370 3814 ἐξ
3407 3753 3629 3822 ἑτοίμου

2051 3844 2144 3896 καὶ
2167 3843 2232 3895 δι’
2259 3843 2454 3911 ὀλίγων
2489 3843 2870 3912 ἀπολογεῖσθαι
2922 3843 3019 3913 μὲν
3047 3847 3159 3906 τοῖς
3202 3843 3447 3913 ἐρωτῶσι
3495 3845 3631 3914 περὶ

2052 3935 2149 4005 τῆς
2184 3937 2240 3987 ὲν
2271 3935 2399 4005 ἡμῖν
2429 3933 2682 3999 πίστεως,
2705 3933 2998 4003 διελέγχειν
3025 3933 3080 3987 δὲ
3098 3934 3222 3996 τοὺς
3257 3932 3592 3996 ἀσεϐοῦντας
3612 3951 3627 3964 ·

1053 4047 1098 4078 ⁹¹
1129 4045 1286 4102 Joan.
1325 4064 1436 4115 xw,
1470 4049 1523 4104 6.
1604 4052 1646 4082 ¹⁰
1674 4049 1818 4105 Psal.
1845 4065 1978 4115 xui,
2005 4051 2060 4106 5.
2137 4052 2179 4082 ιι
2208 4050 2365 4104 Joau.
2401 4066 2490 4115 xv,
2518 4050 2616 4117 26;
2645 4066 2756 4115 xlv,
2792 4049 2879 4103 17.

447 4162 557 4238 (95)
588 4162 720 4238 R_eg.
757 4163 794 4238 2
822 4163 1128 4238 et‘Felc._2
1169 4164 1373 4238 addunt
1410 4167 1511 4219 ὅτι.
1546 4167 1615 4238 At
1657 4167 1770 4220 haec
1795 4168 1948 4221 verba

2062 4166 2170 4220 τῶν
2211 4167 2474 4238 λεγόντων
2524 4167 2728 4238 κτίσμα
2769 4169 2859 4220 τὸν
2901 4167 3063 4232 Υίόν,
3098 4175 3165 4238 ει,
3192 4167 3257 4220 ad
3297 4166 3628 4238 marginem,

374 4234 456 4286 ὅτι
502 4233 722 4302 Πνεῦμα
751 4236 778 4286 6
811 4234 964 4296 Θεὸς,
997 4235 1088 4286 καί¹
1131 4236 1256 4296 τοὺς
1299 4237 1735 4302 προσκυνοῦντας
1767 4238 1948 4301 αὐτόν,

375 4303 574 4374 desunt
599 4304 649 4374 in
679 4304 886 4374 Anglic.
911 4303 1194 4374 Rasiliensi
1221 4315 1274 4358 et
1303 4303 1726 4374 edit.uContme|.

450 4372 562 4441 (95)
592 4371 808 4446 Galilei.
831 4388 882 4427 et
909 4372 1144 4446 Felckin.
1172 4374 1224 4446 _1,
1255 4378 1381 4446 περὶ
1413 4371 1473 4429 οὗ
1506 4377 1598 4430 καὶ
1621 4378 1648 4428 6
1673 4376 1835 4430 Δαϐὶδ
1862 4377 1948 4430 λέ-

373 4459 509 4514 γων,
536 4451 653 4514 etc._
670 4443 790 4496 Mox
823 4452 940 4514 post
971 4445 1031 4496 Οί
1060 4443 1615 4514 ἀληθινοί,“ριινιὶου1ιι
1647 4447 1823 4501 τοίνυν
1847 4447 1945 4500 ad-

373 4459 509 4510 γων,
536 4459 638 4496 etc.
670 4459 790 4496 mox
821 4459 940 4564 ροει
971 4459 1031 4496 Ut
1060 4459 1321 4514 αληυινοι,
1353 4459 1615 4514 parueuta
1647 4459 1823 4501 τοίνυν
1847 4459 1945 4500 ad-

372 4512 518 4565 ditur
550 4527 578 4564 a
624 4511 790 4582 Regio
857 4553 870 4572 ,
904 4512 1126 4582 Seguer.
1157 4513 1466 4568 Gohlerian.
1501 4526 1554 4570 et
1591 4515 1735 4570 Felc.
1767 4519 1818 4580 1,
1851 4516 1946 4571 sed

371 4582 587 4658 abgliis
622 4591 676 4658 et
713 4583 870 4637 editis
909 4585 1195 4658 omittitur.
1232 4582 1432 4640 Ibidem
1467 4586 1669 4658 Regius
1702 4589 1751 4651 1,
1786 4587 1942 4643 Gobl.

372 4660 428 4706 et
448 4649 678 4724 Eelc.__1,
706 4655 1162 4724 προσκυνήσουσι.

444 4719 554 4798 (9-6)
589 4719 835 4798 Verbum
864 4719 1127 4798 μαρτυρεῖ
1157 4725 1308 4780 abest
1340 4741 1371 4780 a
1411 4725 1578 4798 Regio
1608 4727 1806 4797 primo,
1839 4726 1946 4784 Go-

370 4790 636 4864 bleriano,
670 4803 733 4864 et_
750 4790 891 4846 Felc.
921 4790 973 4855 1⁷,
1007 4790 1296 4864 anonymo.

445 4861 556 4938 (θη
586 4861 678 4938 Sic
709 4862 907 4938 Regius
939 4861 1173 4938 primus,
1205 4865 1430 4938 Seguer.
1471 4867 1756 4938 Anglican.
1789 4867 1942 4922 Gobl.

371 4942 426 4986 et
456 4931 598 4985 Felc.
637 4935 686 4986 1.
719 4933 786 4986 At
817 4931 997 4988 Ottoh.
1029 4935 1058 4986 ὃ
1087 4935 1221 4986 ἐστι.
1251 4931 1355 4990 Alii
1385 4953 1512 4991 vero
1542 4931 1595 4992 ἐι
1628 4938 1758 4992 edit.
1782 4938 1946 4992 Com-

375 5003 502 5077 m_el._
532 5003 590 5077 δς
617 5004 785 5077 ἐστιν,
816 5004 913 5077 sed
949 5005 1228 5077 mendose.
1257 5004 1333 5060 1b.
1371 5006 1504 5077 Reg.
1530 5013 1580 5072 1,
1613 5017 1666 5062 et
1696 5007 1946 5077 Seguer.,

375 5071 506 5148 9.616
550 5073 749 5148 habent
781 5089 793 5125 :
827 5073 915 5148 alii
957 5084 1011 5148 gt
1051 5075 1179 5148 editi
1198 5115 1238 5148 ,ὼ
1257 5077 1439 5148 αὐτόν.
1454 5071 1604 5148 Ἱιεῂι
1654 5093 1750 5145 pro
1771 5071 1840 5130 ἐν
1870 5077 1947 5148 τῷ

376 5140 512 5214 Iit},
545 5153 605 5196 ut
639 5143 833 5214 legitur
871 5145 925 5196 in
957 5143 1085 5214 Reg.
1120 5145 1172 5208 1,
1208 5145 1524 5212 Seguerian.
1554 5140 1863 5201 Golilerian.
1895 5140 1948 5202 εἰ

377 5210 617 5286 Felckm.
645 5210 812 5281 1;'alii
839 5210 1145 5286 cumeditis
1173 5210 1391 5286 habent,
1417 5219 1472 5268 ἐν
1501 5217 1578 5286 τῷ
1601 5217 1839 5286 Χριστῷ.

447 5282 811 5354 (98λ8βευθτ.
846 5284 1152 5354 αἱρεθῶσιν.
1185 5285 1495 5342 Goblerian.
1533 5282 1586 5340 et
1624 5282 1861 5341 Felckin.
1893 5287 1945 5351 1,

375 5349 806 5427 δοαιρείσθωσαν.
861 5349 1027 5427 Paulo
1071 5365 1191 5424 post
1245 5355 1372 5424 Reg.
1424 5357 1448 5408 1
1493 5367 1547 5411 et
1625 5349 1942 5427 Seguerian.

379 5420 596 5482 habent,
623 5425 669 5475 οἰ
698 5424 839 5476 τότε.
879 5425 1013 5478 Editi
1047 5420 1101 5478 ett
1132 5427 1220 5479 alii
1261 5420 1483 5480 οῖ’ποτε.

751 5494 971 5566 υιῈθΙς.
990 5495 1309 5566 270miltunt
1339 5499 1455 5566 μετ’
1487 5497 1730 5551 ἐκείνων.

379 5630 390 5640 .
449 5560 526 5630 (1)
669 5563 927 5640 Ottobon.
959 5565 1013 5640 In
1039 5565 1201 5640 Basil.
1233 5574 1286 5640 et
1325 5560 1604 5640 Anglican.
1630 5567 1946 5640 inscribitur

379 5633 539 5699 itum,
581 5633 863 5704 Ἐπιστολὴ
912 5635 1045 5706 πρὸς
1093 5636 1182 5689 τὸν
1231 5633 1760 5709 αῦτὸνἚεραπίωνα
1809 5638 1944 5692 κατά

1980 4321 2026 4378 ι)
2059 4316 2115 4378 et
2144 4307 2287 4362 Felc.

3449 4238 3628 4292 obler.

2369 4349 2382 4372 ,
2410 4324 2506 4376 pro
2539 4309 2694 4362 titulo
2735 4308 2846 4362 haec
2879 4307 3094 4360 habent'
3120 4311 3304 4368 verba,
3340 4307 3526 4360 Ταῦτα
3561 4310 3633 4362 ἐκ

2051 4377 2157 4448 τῶν
2184 4374 2594 4448 προειρημένων
2620 4377 2737 4431 κατ’
2764 4377 3025 4448 ἐπιτομὴν
3059 4379 3270 4448 ἐγράφη
3294 4379 3414 4448 κατ’
3443 4378 3633 4448 αὐτῶν
3663 4374 3684 4398 ⁵

2051 4446 2209 4517 πάλιν
2235 4446 2625 4514 τῶνλεγόντων
2649 4448 2850 4516 κτίσμα
2877 4447 3014 4501 εἶναι
3037 4446 3097 4499 τὸ
3119 4447 3339 4517 Πνεῦμα
3359 4447 3420 4498 16
3445 4447 3629 4514 ἅγιον.

2049 4516 2104 4571 Id
2134 4525 2236 4579 est,
2270 4517 2397 4571 Marc
2424 4533 2487 4569 ea:
2511 4518 2773 4587 praedictis
2804 4518 3105 4587 compendio
3128 4516 3324 4579 scripta
3353 4528 3476 4569 sunt
3507 4533 3634 4571 con-

2049 4596 2134 4639 tra
2160 4589 2364 4640 eosdem
2389 4589 2477 4655 qui
2500 4588 2682 4640 dicunt
2712 4585 2964 4656 Spiritum
2986 4597 3226 4640 sanctum
3257 4598 3631 4656 remgcreatam

2047 4673 2175 4710 esse.
2208 4658 2339 4723 Quae
2372 4654 2497 4710 item
2529 4654 2828 4711 exstant—in
2857 4659 3098 4725 margine
3122 4656 3326 4710 codicis
3353 4654 3630 4710 Basilien-

2049 4727 2145 4783 sis.
2173 4727 2231 4780 In
2259 4727 2508 4781 omnibus
2543 4743 2702 4791 porro
2727 4743 2860 4782 mss.
2904 4731 3066 4782 etiam
3095 4727 3147 4780 in
3179 4725 3418 4779 Felckm.
3451 4727 3510 4791 2,
3541 4737 3633 4781 est

2051 4813 2279 4852 numero
2298 4797 2533 4851 secunda
2553 4798 2666 4852 sive
2683 4799 2929 4866 sequitur
2945 4797 3354 4867 praecedentem.
3386 4795 3442 4847 In
3459 4798 3630 4851 editis

2052 4877 2234 4921 autem
2279 4868 2455 4936 primo
2490 4867 2610 4920 loco
2641 4869 2756 4922 sive
2794 4877 2918 4922 ante
2951 4867 3627 4936 prrecedeutenigponitur,

2049 4954 2170 5008 curn
2186 4933 2498 5008 huiusmodi
2526 4939 2704 5008 titulo,
2718 4937 2822 4989 Τοῦ
2840 4941 2898 4991 ἐν
2916 4933 3108 5005 ἁγίοις,
3123 4953 3177 5008 κ.
3193 4934 3311 5008 1.}.
3330 4933 3628 5008 Ἐπιστολὴ

2049 5007 2185 5078 πρὸς
2218 5004 2543 5078 ,Σεραπίωνα
2570 5007 2659 5059 τὸν
2697 5009 2988 5078 ἐπίσκοπον
3021 5005 3163 5058 κατὰ
3192 5005 3298 5057 τῶν
3330 5004 3626 5078 λεγόντων,

2046 5073 2126 5147 ὅτι
2160 5079 2192 5147 6
2217 5073 2340 5140 1‘16;
2367 5077 2574 5147 κτίσμα
2607 5078 2770 5130 ἐστίν.
2797 5077 2978 5132 Sancti
3014 5079 3179 5144 patris
3201 5117 3215 5138 ,
3245 5084 3346 5128 etc.
3369 5073 3628 5147 iEpistola

2049 5145 2116 5200 ad
2167 5145 2511 5212 Serapionem
2547 5149 2842 5215 episcopum
2868 5191 2882 5212 ,
2925 5159 3110 5201 contra
3158 5163 3244 5198 eos
3290 5146 3402 5215 qui,
3436 5148 3627 5200 dicunt

2054 5216 2252 5269 Filium
2314 5233 2424 5270 esse
2490 5214 2594 5269 rem
2668 5230 2922 5272 creatam.
2990 5217 3119 5271 Vide
3190 5214 3625 5270 admonitionem

2047 5303 2169 5357 pag.
2205 5287 2329 5344 516.
2367 5303 2516 5340 num.
2547 5287 2601 5340 2.

2118 5353 2195 5423 (2)
2227 5357 2462 5412 Felckm.
2493 5357 2526 5410 2
2563 5357 2655 5411 καί
2714 5359 2930 5412 omittit.
2976 5356 3095 5409 Mox
3133 5355 3295 5410 Basil.
3333 5353 3622 5418 Αηκιὶιεηι,

2046 5436 2098 5479 et
2126 5419 2362 5499 iiélcltnt.
2389 5426 2446 5499 2.
2484 5437 2537 5482 et
2564 5429 2712 5493 editi,
2755 5427 3203 5499 Taypaenxévat._
3223 5423 3351 5499 Ibid.
3383 5423 3622 5499 cum”.

2047 5496 2372 5569 etAFelckm.
2397 5497 2463 5569 1,
2503 5493 2887 5569 ἐκατηγόρουν.
2926 5493 3055 5569 item
3098 5493 3623 5569 ibid._Angliennns,

2047 5567 2247 5633 πολλὴν
2276 5567 2578 5622 ἀσθένειαν.
2625 5563 2791 5622 Paulo
2823 5580 2947 5637 post
2987 5567 3116 5636 Reg.
3147 5575 3201 5620 et
3229 5563 3624 5632 Seguerianus,

2047 5638 2268 5710 γράψαι.
2306 5638 2407 5692 Alii
2437 5651 2488 5694 ct
2518 5639 2667 5705 editi,
2699 5640 2943 5708 γράερειν.

2071 4237 2354 4307 Ἐπιστολὴ
2384 4237 2624 4307 δευτέρα.
2660 4239 2858 4306 Regius
2903 4247 3078 4290 autem
3100 4278 3115 4302 ,
3145 4237 3373 4306 Seguer.
