3822 6226
349 303 450 362 fill

952 301 1008 356 s.
1049 299 1421 356 ATHANASII
1459 266 1610 356 ora.
1652 298 1832 355 rans
1891 297 1930 352 ι.
1971 329 2039 338 -
2073 293 2446 352 HISTORICA
2481 293 2570 348 ET
2609 292 3033 348 noenum.

3488 293 3600 348 6l2

349 418 559 478 teus".
603 434 621 469 ι
665 416 784 470 Lux
833 422 916 470 est
937 411 1097 469 Pater
1127 430 1140 467 :
1176 413 1433 483 splendor
1468 421 1523 468 et
1545 412 1640 466 lux
1687 426 1812 467 vera
1835 419 1921 466 est

2044 407 2230 480 Ιατὴρ,
2265 405 2512 478 ἀληθινὸς
2548 403 2678 466 Θεὸς
2700 405 2729 454 6
2760 403 2888 466 Υἱός
2907 421 2920 434 ·
2949 403 3090 458 οὕτω
3124 407 3232 477 γὰρ
3257 406 3286 456 6
3340 404 3601 477 Ἰωάννης

352 509 545 565 Filius.
573 507 714 563 Deus
757 521 915 561 verus
938 514 1022 560 est
1063 504 1222 558 Pater
1250 522 1263 558 :
1301 503 1444 559 Deus
1473 518 1636 558 verus
1661 511 1746 558 est
1784 516 1916 571 quo-

354 618 461 674 que
489 602 682 656 Filius.
718 599 794 654 lta
823 598 966 654 enim
1007 596 1226 666 scripsit
1253 593 1497 650 Joannes
1529 614 1542 648 :
1574 612 1593 645 ι
1635 594 1841 649 Sumus
1868 593 1922 647 in

353 709 502 757 vero,
539 693 594 745 in
617 691 754 746 Filio
771 690 892 760 ejus
919 686 1048 742 Jesu
1069 686 1310 741 Christo.
1347 684 1448 739 Hic
1478 694 1561 740 est
1595 699 1758 738 verus
1783 682 1925 738 Deus

355 794 409 839 et
438 785 549 840 vita
578 792 777 838 aeterna
803 782 869 835 ιε.
898 799 920 835 υ
953 780 1196 848 Denique
1229 779 1366 833 nihil
1395 777 1556 832 habet
1572 776 1751 840 Pater,
1780 775 1926 846 quod

356 891 466 930 non
497 877 568 930 sit
596 875 740 930 Filii.
780 871 989 928 Idcirco
1029 873 1174 927 enim
1206 871 1378 925 Filius
1403 872 1458 924 in
1489 869 1649 924 Patre
1681 877 1738 924 et
1768 867 1927 921 Pater

354 967 412 1022 in
440 967 578 1021 Filio
600 977 703 1030 est,
723 967 850 1035 quia
882 979 1004 1034 quae
1026 974 1153 1018 sunt
1169 961 1373 1026 Patris,
1402 963 1518 1016 haec
1540 963 1595 1016 in
1617 960 1756 1015 Filio
1778 969 1924 1024 sunt,

355 1062 410 1110 et
442 1069 635 1108 rursus
675 1055 864 1107 eadem
900 1053 956 1107 in
1008 1052 1170 1106 Patre
1225 1053 1624 1120 intelliguntur.
1670 1050 1747 1105 lta
1797 1065 1928 1104 sane

355 1147 500 1201 istud
529 1145 751 1215 intelligi
781 1146 939 1199 debet
963 1163 975 1198 :
999 1163 1016 1195 ι
1040 1144 1150 1215 Ego
1169 1155 1221 1198 et
1245 1146 1402 1200 Pater
1418 1161 1585 1199 unum
1616 1161 1805 1200 smnus
1825 1146 1920 1210 ¹⁹,›

357 1237 486 1306 quia
520 1252 630 1290 non
666 1236 768 1290 alia
803 1237 1010 1290 suntin
1036 1236 1196 1290 Patre
1216 1247 1269 1290 et
1291 1237 1394 1288 alia
1422 1236 1474 1289 in
1504 1236 1661 1301 Filio,
1686 1235 1780 1289 sed
1807 1249 1929 1304 qua:

359 1328 414 1380 in
442 1328 599 1381 Patre
629 1334 776 1393 sunt,
818 1327 1006 1380 eadem
1039 1337 1167 1381 sunt
1194 1329 1249 1380 in
1286 1327 1443 1380 Filio.
1479 1325 1631 1380 Unde
1655 1327 1784 1396 quia
1808 1341 1930 1395 quae

360 1418 416 1471 in
445 1417 604 1471 Patre
627 1417 800 1480 vides,
832 1417 982 1471 vides
1013 1432 1230 1487 quoque
1258 1418 1310 1470 in
1341 1418 1500 1483 Filio,
1529 1428 1674 1471 recte
1698 1417 1829 1471 illud
1855 1417 1931 1470 in-

361 1507 641 1578 telligitur,
672 1524 690 1558 ι
726 1503 829 1570 Qui
854 1505 1000 1558 videt
1030 1520 1137 1570 me,
1170 1505 1314 1559 videt
1342 1505 1558 1559 Patrem
1591 1505 1658 1558 ²⁰.
1697 1523 1716 1556 ι

431 1602 484 1654 5.
515 1599 612 1654 His
639 1613 768 1669 ergo
791 1598 866 1650 ita
887 1597 1244 1661 conﬁrmatis,
1274 1597 1474 1667 impius
1500 1597 1618 1652 sine
1647 1597 1814 1651 dubio
1843 1595 1931 1652 ille

363 1690 644 1746 habendus
671 1699 756 1745 est
780 1691 873 1761 qui
909 1690 1106 1744 Filium
1133 1703 1247 1742 rem
1286 1697 1522 1742 creatam
1555 1703 1676 1744 esse
1705 1696 1930 1744 conten-

2024 499 2259 572 ἔγραψεν
2280 517 2295 528 °
2324 517 2346 550 ι
2389 498 2585 568 Ἐσμὲν
2611 499 2668 550 ὲν
2688 496 2765 566 τῷ
2783 495 3040 566 ἀληθινῷ,
3074 497 3134 548 ὲν
3156 496 3232 567 τῷ
3261 495 3374 568 Υἱῷ
3425 498 3601 552 αὐτοῦ

2036 592 2208 664 Ἰησοῦ
2243 589 2485 662 Χριστῷ.
2516 581 2685 651 Οὗτός
2737 589 2886 641 ἐστιν
2937 589 2967 640 6
3001 587 3251 658 ἀληθινός
3289 588 3422 652 Θεὸς
3447 630 3462 655 ,
3501 592 3606 643 καὶ

2025 683 2136 755 ζωὴ
2161 686 2194 754 ή
2230 683 2338 753 (11)
2372 681 2602 742 αἰώνιος.
2643 684 2678 730 »³
2707 680 2818 734 Kal
2843 679 2979 742 ὅλως
3001 679 3154 732 οὐδέν
3178 681 3348 745 ἐστιν,
3375 673 3450 734 ὧν
3482 680 3606 751 ἔχει

2024 775 2053 827 6
2083 775 2288 846 Πατὴρ,
2321 775 2349 827 ὃ
2383 775 2458 845 μὴ
2483 772 2576 826 τοῦ
2604 772 2734 826 Υἱοῦ
2762 774 2897 825 ἐστι.
2929 771 3028 824 Διὰ
3073 771 3232 824 τοῦτο
3267 772 3378 844 γὰρ
3408 775 3440 826 6
3471 773 3606 837 Υἱὸς

2025 869 2083 919 ὲν
2100 865 2178 936 τῷ
2215 865 2410 937 Πατρὶ,
2449 866 2543 918 καὶ
2569 865 2597 916 6
2618 863 2807 934 Πατὴρ
2835 863 2894 914 ὲν
2921 862 2998 932 τῷ
3023 862 3135 933 Υἱῷ
3153 879 3166 893 ·
3195 864 3380 936 ἐπειδὴ
3415 865 3485 918 τὰ
3503 865 3608 919 τοῦ

2026 957 2258 1028 Πατρὸς,
2280 956 2453 1010 ταῦτα
2482 959 2540 1010 ὲν
2565 957 2640 1027 τῷ
2670 956 2782 1026 Υἱῷ
2810 959 2948 1021 ἐστι,
2987 955 3082 1009 καὶ
3111 955 3272 1010 πάλιν
3315 955 3489 1010 ταῦτα
3540 959 3607 1010 ὲν

2025 1049 2103 1119 τῷ
2133 1051 2306 1118 Πατρὶ
2337 1052 2556 1102 νοεῖται.
2593 1046 2748 1100 Οὕτω
2776 1049 2974 1100 νοεῖται
3003 1045 3177 1099 καὶτὸ
3209 1045 3322 1116 (12)
3347 1087 3363 1111 ,
3397 1065 3415 1097 ι
3459 1045 3608 1115 Ἐγὼ

2027 1143 2122 1194 καὶ
2150 1143 2177 1193 ὁ
2204 1141 2392 1211 Πατὴρ
2423 1139 2480 1192 ἓν
2519 1140 2684 1208 ἐσμεν
2709 1154 2724 1168 ·
2755 1157 2773 1189 ι
2807 1138 2994 1208 ἐπειδὴ
3019 1138 3118 1190 οὐκ
3141 1137 3276 1192 ἄλλα
3302 1139 3362 1191 ἐν
3400 1138 3604 1208 τούτῳ,

2029 1234 2122 1287 καὶ
2152 1232 2285 1286 ἄλλα
2315 1234 2372 1286 ἐν
2407 1231 2487 1302 τῷ
2520 1230 2632 1300 Υἱῷ
2653 1248 2665 1260 ·
2701 1230 2837 1284 ἀλλὰ
2858 1230 2926 1282 τὰ
2950 1232 3007 1282 ὲν
3027 1229 3105 1301 τῷ
3127 1229 3324 1302 Πατρὶ,
3354 1229 3526 1283 ταῦτα
3545 1232 3607 1283 ὲν

2029 1326 2106 1398 τῷ
2129 1325 2243 1395 Υἱῷ
2276 1328 2412 1380 ἐστι.
2446 1325 2557 1378 Kal
2585 1324 2619 1378 ἂ
2661 1323 2878 1393 βλέπεις
2900 1323 2957 1376 δὲ
2988 1323 3048 1376 ὲν
3085 1322 3163 1392 τῷ
3194 1323 3402 1394 Πατρὶ,
3447 1325 3609 1376 ἐπειι

2028 1421 2092 1490 δὴ
2116 1419 2226 1490 (15)
2263 1417 2481 1488 βλέπεις
2512 1419 2570 1470 ὲν
2602 1417 2679 1488 τῷ
2706 1415 2853 1486 Υἱῷ,
2901 1419 3099 1470 νοεῖται
3137 1415 3316 1478 καλῶς
3365 1416 3448 1481 τὸ,
3484 1435 3503 1466 ι
3545 1416 3610 1469 '0

2029 1513 2130 1583 ἐμὲ
2155 1511 2416 1583 ἑωρακὼς
2445 1511 2656 1583 ἑώρακε
2683 1511 2774 1565 τὸν
2805 1511 3044 1582 Πατέρα.
3087 1527 3106 1560 ι

2103 1606 2154 1660 5.
2191 1605 2406 1658 Τούτων
2456 1605 2512 1657 δὲ
2555 1604 2696 1657 οὕτω
2742 1603 3124 1672 δεικνυμένων,
3165 1601 3367 1673 ἀσεϐής
3401 1602 3551 1654 ἐστιν
3578 1602 3611 1653 6

2031 1697 2204 1766 λέγων
2249 1697 2452 1768 κτίσμα
2483 1693 2622 1750 εῖναι
2652 1695 2766 1766 (14)
2791 1694 2880 1748 τὸν
2909 1693 3056 1748 Υίόν.
3104 1693 3610 1765 Ἀναγκασθήσεται

361 1784 463 1837 dit.
499 1780 638 1836 Hinc
673 1782 818 1836 enim
854 1780 1012 1836 fateri
1051 1788 1275 1849 cogetur
1311 1794 1427 1833 rem
1470 1788 1706 1834 creatam
1753 1780 1932 1848 ipsum

2044 1764 2140 1861 γὰρ
2163 1791 2335 1842 εἰπεῖν
2365 1764 2571 1859 κτίσμα
2601 1764 2697 1841 καὶ
2726 1764 2822 1856 τὴν
2859 1784 3039 1857 πηγὴν
3081 1784 3368 1854 βρύουσαν,
3394 1764 3610 1855 κτίσμα

361 1888 580 1944 quoque
612 1888 734 1929 esse
762 1872 987 1937 fontem,
1020 1871 1165 1927 unde
1195 1881 1413 1926 emanat
1461 1881 1643 1926 creata
1669 1872 1932 1941 sapientia

360 1977 417 2022 et
448 1965 685 2022 Verbum
720 1968 775 2021 in
810 1981 920 2036 quo
974 1965 1179 2029 omnia,
1211 1979 1332 2034 quae
1374 1962 1552 2018 Patris
1585 1972 1734 2031 sunt,
1785 1963 1933 2018 exsi-

363 2071 534 2117 stunt.
563 2060 834 2115 Praeterea
855 2062 942 2114 vel
963 2074 1030 2114 ex
1054 2056 1140 2114 his
1163 2057 1546 2127 comprehendi
1576 2067 1749 2127 potest
1771 2071 1933 2127 quam

363 2153 537 2209 futilis
558 2154 629 2209 sit
651 2152 979 2208 Arianorum
1002 2151 1246 2206 haeresis.
1263 2148 1466 2219 Nempe
1488 2165 1720 2220 quorum
1745 2164 1935 2204 sumus

365 2244 596 2306 similes,
625 2242 868 2297 eamdem
904 2257 1122 2312 quoque
1150 2257 1312 2312 quam
1362 2241 1442 2296 illi
1470 2251 1720 2295 naturam
1766 2239 1934 2294 habe-

364 2349 510 2400 mus,
545 2343 708 2404 atque
736 2333 871 2388 adeo
899 2332 1396 2388 consubstantiales
1419 2347 1630 2387 sumus.
1664 2330 1803 2397 Quia
1835 2330 1937 2401 igi-

280 2430 282 2432 '
365 2432 454 2478 tur
485 2423 732 2478 homines
765 2423 974 2478 similes
1003 2437 1196 2477 sumus
1217 2431 1270 2477 et
1295 2423 1483 2477 eadem
1518 2422 1677 2477 nobis
1727 2430 1811 2477 est
1841 2438 1937 2476 na-

364 2524 489 2570 tura
518 2533 531 2569 :
564 2529 756 2570 sumus
785 2514 991 2569 idcirco
1020 2513 1253 2568 invicem
1285 2513 1796 2568 consubstantiales.
1827 2512 1936 2567 Ea-

364 2608 489 2662 dem
517 2607 664 2661 enim
690 2606 946 2662 omnibus
989 2615 1072 2660 est
1105 2605 1429 2670 mortalitas,
1478 2607 1779 2674 corruptio,
1813 2621 1937 2660 mu-

369 2697 629 2760 tabilitas,
657 2705 712 2752 et
739 2695 893 2766 origo
923 2711 990 2750 ex
1019 2694 1214 2748 nihilo.
1245 2695 1437 2764 Angeli
1480 2695 1683 2764 pariter
1708 2695 1848 2749 inter
1881 2710 1939 2750 se

369 2788 586 2858 aliaque
626 2786 812 2842 omnia
856 2793 1069 2840 natura:
1117 2785 1476 2840 similitudine
1509 2801 1694 2841 secum
1739 2801 1939 2840 conve-

367 2878 551 2931 niunt.
587 2877 912 2932 Scrutentur
943 2891 1074 2946 ergo
1101 2876 1353 2931 homines
1381 2876 1504 2942 plus
1534 2891 1691 2946 aequo
1713 2878 1936 2944 curiosi,

368 2971 416 3026 si
443 2973 585 3026 inter
617 2970 816 3025 Filium
843 2978 897 3026 et
926 2984 1014 3026 res
1036 2978 1248 3026 creatas
1287 2969 1506 3026 intersit
1537 2971 1718 3040 aliqua
1747 2971 1942 3026 simili-

367 3063 522 3130 tudo,
553 3063 636 3117 vel
668 3063 715 3117 si
744 3077 830 3128 ea,
867 3077 989 3132 quae
1019 3062 1074 3115 in
1115 3061 1256 3118 Filio
1286 3073 1437 3127 sunt,
1487 3063 1539 3116 in
1572 3063 1735 3118 rebus
1780 3061 1940 3117 lactis

367 3155 609 3226 reperire
641 3156 873 3225 possint,
907 3170 1018 3225 quo
1053 3155 1162 3211 illis
1211 3156 1372 3211 liceat
1419 3154 1658 3211 Verbum
1701 3154 1796 3209 Dei
1826 3170 1938 3209 rem

369 3255 612 3302 creatam
649 3247 942 3317 appellare.
995 3246 1200 3303 Verum
1252 3247 1306 3302 id
1351 3261 1632 3318 nunquam
1670 3246 1946 3301 invenient

368 3339 473 3393 viri
507 3353 769 3408 perquam
803 3339 1079 3394 temerarii
1109 3348 1271 3409 atque
1301 3355 1333 3393 a
1357 3355 1486 3394 vera
1535 3340 1736 3409 pietate
1789 3339 1947 3395 aber-

367 3440 575 3486 rantes.
607 3430 742 3486 Nam
775 3431 832 3485 in
863 3432 1026 3487 rebus
1055 3433 1253 3488 creatis
1285 3432 1422 3486 nihil
1459 3440 1543 3488 est
1580 3431 1943 3501 omnipotens,

369 3524 629 3594 nullaque
673 3523 730 3578 iu
779 3524 1002 3578 alterius
1031 3523 1127 3580 sed
1173 3523 1346 3579 solius
1385 3522 1480 3578 Dei
1529 3531 1615 3578 est
1657 3530 1942 3592 potestate.

373 3615 652 3685 Siquidem
685 3634 704 3666 ι
744 3615 870 3670 εωιί
895 3626 1154 3671 enarrant
1173 3616 1402 3686 gloriam
1433 3613 1621 3682 Dei“;
1649 3633 1668 3666 ι
1693 3623 1766 3680 et,
1796 3633 1814 3665 ι
1841 3613 1948 3668 Do-

370 3705 507 3760 mini
535 3713 624 3760 est
651 3714 791 3759 terra
819 3713 874 3760 et
898 3705 1177 3775 plenitudo
1207 3705 1326 3775 ejus
1349 3705 1416 3760 ²².
1449 3704 1600 3760 Mare
1625 3704 1761 3759 vidit
1791 3713 1846 3758 et
1869 3702 1949 3758 fu-

371 3797 536 3865 git".
589 3815 607 3847 ι
639 3797 834 3851 Omnia
891 3797 1128 3866 denique
1179 3797 1413 3852 creatori
1463 3795 1819 3862 famulantur,
1866 3794 1948 3849 fa-

371 3890 638 3960 ciuntque
665 3889 888 3943 verbum
914 3889 1033 3959 ejus
1055 3889 1121 3956 ’⁸,
1151 3899 1206 3945 et
1231 3890 1351 3960 ejus
1383 3891 1642 3945 mandato
1664 3888 1944 3944 obediunt.

371 3979 442 4034 At
475 3958 649 4036 Filius
685 3958 1032 4050 omnipotens
1064 3990 1166 4046 est,
1208 3958 1272 4035 ut
1291 3980 1476 4045 Pater,
1515 3981 1660 4051 quod
1684 3981 1871 4049 utique
1896 3987 1950 4034 et

373 4073 634 4144 scriptum
653 4083 708 4130 et
734 4084 1015 4130 ostensum
1045 4085 1149 4129 est.
1182 4073 1313 4128 ltem
1347 4072 1480 4126 nihil
1511 4073 1653 4128 inter
1681 4087 1770 4126 res
1798 4086 1949 4125 crea-

373 4175 460 4222 tas
506 4176 700 4221 natura
737 4167 1074 4220 immutabile
1127 4177 1230 4221 est.
1285 4164 1567 4236 Siquidem
1611 4164 1832 4233 quidam
1882 4179 1944 4216 ex

373 4257 581 4329 angelis
607 4257 853 4312 ordinem
876 4273 1035 4312 suum
1065 4272 1172 4311 non
1197 4265 1550 4312 servaverunt
1572 4256 1640 4320 ",
1669 4263 1741 4319 et,
1773 4272 1792 4305 ι
1822 4255 1952 4309 stel-

373 4350 439 4404 lae
469 4363 577 4403 non
602 4359 729 4403 sunt
751 4349 965 4403 mundae
987 4351 1040 4402 in
1067 4358 1358 4418 conspectu
1385 4347 1502 4414 ejus
1519 4347 1566 4379 "
1605 4364 1618 4399 :
1656 4365 1674 4396 ι
1702 4343 1951 4399 diabolus

2029 1880 2126 1951 τὴν
2156 1880 2368 1949 σοφίαν,
2399 1879 2490 1933 τὸν
2523 1879 2714 1948 Λόγον,
2739 1879 2798 1931 ὲν
2823 1870 2868 1945 ᾧ
2895 1879 3010 1930 ἐστι
3043 1876 3220 1930 πάντα
3255 1875 3324 1929 τὰ
3355 1874 3452 1928 τοῦ
3486 1877 3611 1929 Παι-

2029 1971 2175 2042 τρός.
2209 1970 2417 2034 ’Λλλως
2454 1987 2514 2023 τε
2548 1970 2643 2023 καὶ
2674 1970 2782 2023 ἀπὸ
2832 1967 3039 2022 τούτων
3067 1969 3133 2024 ἄν
3163 1985 3249 2032 τις
3275 1968 3372 2022 ἴδοι
3401 1968 3464 2022 τὸ
3490 1968 3611 2040 (15)

2035 2063 2230 2136 σαθρὸν
2263 2063 2361 2134 τῆς
2383 2061 2647 2133 αἱρέσεως
2673 2061 2781 2115 τῶν
2819 2060 3260 2132 Ἀρειομανιτῶν.
3295 2052 3395 2113 Ὧν
3433 2061 3612 2131 ἐσμεν

2031 2159 2227 2229 ὅμοιοι,
2262 2157 2355 2210 καὶ
2380 2155 2479 2226 τὴν
2506 2155 2810 2225 ταυτότητα
2834 2154 3030 2224 ἔχομεν
3046 2153 3268 2218 τούτων,
3289 2155 3384 2207 καὶ
3407 2153 3608 2225 ὁμοσύ-

2035 2249 2136 2302 σιοί
2159 2251 2353 2318 ὲσμεν·
2383 2245 2657 2317 ἄνθρωποι
2678 2244 2807 2314 γοῦν
2836 2244 3007 2314 ὅμοιοι
3037 2243 3130 2297 καὶ
3155 2244 3459 2316 ταυτότητα
3490 2244 3608 2315 (16)

2034 2339 2266 2409 ἔχοντες,
2297 2335 2569 2408 ὁμοούσιοί
2593 2337 2759 2406 ἐσμεν
2785 2335 3046 2407 ἀλλήλων.
3072 2335 3145 2387 Τὸ
3170 2335 3301 2388 αὐτὸ
3320 2335 3430 2406 γὰρ
3446 2337 3612 2402 πᾶσι,

2035 2431 2094 2483 τὸ
2123 2429 2335 2500 Θνητὸν,
2359 2428 2420 2482 τὸ
2446 2427 2702 2499 φθαρτὸν,
2729 2427 2789 2479 τὸ
2826 2427 3077 2498 τρεπτὸν,
3121 2427 3183 2480 τὸ
3207 2429 3268 2481 ὲκ
3300 2427 3375 2499 μὴ
3409 2428 3609 2483 ὄντων.

2035 2525 2144 2578 Kal
2159 2522 2374 2592 ἄγγελοι
2395 2520 2505 2593 (17)
2523 2521 2580 2573 δὲ
2608 2519 2744 2591 πρὸς
2765 2519 3007 2585 ἑαυτοὺς,
3042 2520 3136 2573 καὶ¹
3162 2519 3228 2573 τὰ
3251 2519 3384 2574 ἄλλα
3407 2520 3614 2585 πάντα,

2036 2615 2296 2678 ὡσαύτως
2317 2613 2528 2684 ὁμοφυῆ
2549 2613 2695 2667 ἐστιν
2717 2611 2976 2682 ἀλλήλων.
3001 2610 3209 2665 Οὐκοῦν
3234 2612 3616 2683 ὲρευνάτωσαν

2036 2711 2086 2762 οἱ
2120 2707 2444 2780 περίεργοι,
2497 2706 2545 2758 εἰ
2579 2704 2692 2758 ἔστι
2742 2721 2824 2767 τις
2871 2703 3124 2775 ὁμοιότης
3159 2704 3294 2774 πρὸς
3340 2703 3432 2756 τὸν
3483 2705 3617 2758 Υίὸν

2038 2801 2148 2861 τοῖς
2193 2796 2511 2868 κτίσμασιν·
2559 2795 2593 2866 ἢ
2621 2796 2687 2847 τὰ
2727 2796 2785 2847 ὲν
2817 2792 2894 2865 τῷ
2915 2793 3027 2864 Υἱῷ
3054 2793 3302 2848 δύνανται
3335 2796 3518 2866 εὑρεῖν
3554 2797 3618 2848 ὲν

2037 2891 2152 2951 τοῖς
2178 2889 2443 2958 γενητοῖς,
2477 2886 2563 2939 ἵνα
2592 2885 2686 2938 καὶ
2713 2885 2919 2954 κτίσμα
2949 2884 3288 2955 τολμήσωσιν
3319 2887 3494 2939 εἰπεῖν
3521 2886 3618 2939 τὸν

2040 2977 2132 3030 τοῦ
2156 2974 2290 3029 Θεοῦ
2313 2975 2484 3043 Λόγον
2515 2973 2648 3045 (18).
2693 2973 2829 3026 Ἀλλ’
2863 2973 2963 3026 οὐκ
3008 2972 3073 3027 ἂν
3106 2972 3316 3045 εὕροιεν
3355 2975 3406 3026 οί
3436 2975 3621 3029 πάντα

2041 3069 2328 3139 προπετεῖς
2355 3068 2450 3120 καὶ
2477 3065 2817 3137 πλανώμενοι
2855 3065 2984 3136 περὶ
3017 3065 3117 3134 τὴν
3158 3065 3462 3118 εὐσέϐειαν.
3528 3067 3620 3120 Ἐν

2047 3159 2143 3230 μὲν
2174 3158 2281 3230 γὰρ
2304 3161 2417 3220 τοῖς
2445 3156 2736 3227 κτίσμασιν
2763 3155 2912 3209 οὐδέν
2932 3157 3049 3208 ἐστι
3081 3157 3502 3228 παντοκράτωρ,
3523 3159 3624 3211 καὶ

2043 3251 2192 3305 οὐδὲν
2217 3249 2369 3322 παρὰ
2399 3248 2492 3302 τοῦ
2519 3249 2706 3321 ἑτέρου
2728 3251 3033 3321 κρατεῖται.
3066 3249 3335 3302 ’Ἑκαστον
3372 3249 3485 3320 γὰρ
3517 3249 3624 3303 αὑ·-

2041 3343 2136 3396 τοῦ
2151 3343 2260 3414 (19)
2277 3342 2499 3396 ὲστιτοῦ
2512 3342 2667 3396 Θεοῦ.
2689 3362 2707 3394 ι
2729 3343 2790 3396 Ol
2811 3361 2830 3395 ι
2859 3341 3076 3413 μὲνγὰρ
3099 3360 3116 3393 ι
3138 3341 3624 3413 οὐρανοὶδιηγοῦν-

2043 3450 2134 3486 ται
2157 3432 2314 3499 δόξαν
2345 3432 2479 3486 Θεοῦ
2499 3447 2512 3460 ·
2545 3435 2577 3500 ἡ
2599 3433 2655 3485 δὲ
2679 3432 2752 3502 γῆ
2764 3431 2858 3485 τοῦ
2881 3432 3090 3502 Κυρίου
3119 3433 3237 3484 ἐστὶ
3266 3432 3360 3484 καὶ
3389 3431 3450 3484 τὸ
3483 3432 3628 3504 πλή-

2049 3541 2206 3594 ρωμα
2239 3525 2439 3594 αὺτῆςο
2475 3525 2514 3594 ἡ
2545 3523 2786 3578 θάλασσα
2822 3519 2931 3575 εἶδε
2965 3523 3061 3576 καὶ
3109 3522 3298 3592 ἔφυγε.
3357 3542 3377 3576 ι
3415 3524 3528 3576 Καὶ
3552 3524 3628 3577 τὰ

2045 3615 2224 3670 πάντα
2248 3615 2408 3668 δοῦλα
2434 3613 2526 3667 τοῦ
2551 3614 2910 3686 πεποιηκότος
2932 3615 3076 3679 ἐστὶ,
3109 3614 3366 3668 ποιοῦντα
3409 3615 3502 3668 τὸν
3535 3615 3631 3669 λό-

2044 3726 2140 3778 γον
2167 3707 2350 3771 αὐτοῦ,
2387 3709 2478 3760 καὶ
2513 3707 2853 3760 ὑπακούοντα
2887 3706 2967 3775 τῷ
3006 3707 3386 3778 προστάγματι
3430 3705 3627 3760 αὑτοῦ.

2061 3802 2118 3854 '0
2146 3800 2201 3853 δὲ
2255 3799 2382 3862 Υἱὸς
2433 3800 2824 3871 παντοκράτωρ
2867 3801 3036 3866 ἐστὶν,
3064 3800 3139 3863 ὡς
3196 3801 3226 3852 6
3278 3798 3499 3870 Πατήρο
3531 3799 3634 3851 καὶ

2047 3890 2204 3944 τοῦτο
2233 3890 2562 3960 γέγραπται,
2611 3889 2704 3942 καὶ
2734 3889 3020 3943 δέδεικται.
3070 3889 3242 3943 Πάλιν
3293 3906 3351 3941 τε
3395 3888 3510 3960 (20)
3567 3891 3633 3942 ὲν

2047 3985 2158 4045 τοῖς
2179 3982 2470 4052 κτίσμασιν
2495 3980 2646 4034 οὐδέν
2691 3983 2838 4034 ἐστιν
2876 3981 3144 4054 ἄτρεπτον
3187 3983 3254 4052 τῇ
3293 3979 3469 4048 φύσει.
3505 3981 3634 4035 Τῶν

2048 4073 2157 4145 γὰρ
2188 4073 2432 4142 ἀγγέλων
2459 4072 2601 4136 τινὲς
2621 4073 2720 4125 οὐκ
2769 4074 3042 4144 ἐτήρησαν
3090 4071 3189 4144 τὴν
3252 4072 3387 4126 ἰδίαν
3429 4071 3586 4138 τάξιν
3613 4091 3632 4105 ο

2049 4165 2144 4216 καὶ
2183 4182 2201 4214 ι
2231 4163 2406 4233 ἄστρα
2438 4164 2496 4215 οὐ
2525 4162 2739 4234 καθαρὰ
2763 4163 2991 4216 ἐνώπιον
3022 4162 3186 4216 αὐτοῦ
3207 4179 3219 4192 ·
3265 4181 3283 4214 ι
3321 4164 3418 4216 καὶ
3457 4165 3488 4217 6
3531 4165 3637 4235 μὲν

2049 4255 2288 4318 διάϐολος
2326 4255 2518 4308 ἔπεσεν
2560 4257 2654 4308 ἀπ’
2687 4255 2915 4327 οὐρανοῦ
2937 4272 2952 4287 ο
2988 4255 3016 4306 ὁ
3051 4255 3110 4307 δὲ
3150 4254 3323 4324 Ἀδὰμ
3369 4254 3592 4327 παρέϐη
3618 4273 3632 4286 ·

2055 4349 2146 4402 καὶ
2199 4348 2377 4402 πάντα
2419 4348 2774 4420 ἀλλοιούμενα
2809 4352 2975 4403 ἐστιν.
3017 4350 3075 4402 '0
3103 4350 3159 4403 δὲ
3201 4350 3330 4413 Υἱὸς
3358 4349 3638 4421 ἄτρεπτός

372 4457 403 4496 e
435 4441 590 4496 caelis
618 4441 834 4506 cecidit,
869 4443 1043 4495 Adam
1076 4441 1463 4511 prmvaricatus
1506 4447 1592 4493 est
1628 4456 1641 4492 :
1674 4447 1938 4506 postremc

2054 4437 2171 4489 ὲστι
2205 4436 2300 4489 καὶ
2321 4437 2694 4505 ἀναλλοίωτος,
2723 4439 2798 4502 ὡς
2826 4441 2854 4492 6
2881 4439 3031 4510 Πατή
3041 4457 3092 4512 ρ.
3119 4440 3230 4492 Kal
3252 4439 3410 4492 τοῦτο
3435 4443 3464 4493 6
3490 4439 3640 4493 Παῦ-

375 4540 584 4586 cunctae
615 4547 704 4586 res
730 4539 1030 4586 mutantur.
1073 4529 1246 4583 Filius
1277 4544 1405 4583 vero
1456 4529 1812 4584 immutabilis
1863 4537 1948 4583 est

2055 4527 2144 4591 λος
2172 4526 2486 4598 ὑπέμνησεν
2512 4529 2577 4582 ὲκ
2598 4528 2691 4582 τοῦ
2721 4530 3013 4583 ἑκατοστοῦ
3047 4532 3139 4584 καὶ
3162 4529 3379 4600 πρώτου
3414 4530 3639 4602 ψαλμοῦ

444 4731 488 4800 ετ
516 4730 736 4800 Apocal.
770 4728 892 4800 1,78.
971 4728 1014 4800 ‘3
1035 4728 1068 4800 l
1089 4727 1245 4782 Joan.
1276 4728 1444 4800 v,2_0.
1508 4728 1562 4800 ff
1590 4726 1827 4800 1ioanax,
1853 4725 1938 4800 '50.

2044 4725 2062 4757 °
2096 4723 2398 4800 Joanguv,
2424 4725 2478 4779 9.
2557 4726 2599 4756 ²¹
2631 4723 2773 4781 Psal.
2801 4740 2957 4790 xvm,
2983 4726 3037 4780 ἓ.
3117 4729 3162 4759 ²¹
3190 4725 3338 4783 Psal.
3389 4745 3556 4800 nui,
3580 4732 3636 4788 1.

408 4799 456 4834 ³³
479 4797 624 4856 Psal.
650 4815 803 4864 cxtn,
827 4799 879 4852 5.
957 4798 1004 4830 ἐ
1035 4797 1180 4854 Psal.
1213 4814 1310 4864 cn,
1335 4798 1424 4851 20.
1502 4798 1551 4829 ³⁸
1584 4797 1713 4852 Jud.
1747 4797 1800 4851 6.

449 4916 559 4985 (ll)
600 4914 666 4966 Ἥ
690 4913 839 4967 deest
869 4912 924 4966 in
955 4911 1146 4983 Regio,
1175 4910 1400 4981 Seguer.
1435 4911 1654 4967 Gobler.
1681 4919 1734 4966 et
1757 4909 1946 4965 Felck-

374 4986 558 5040 manni
595 4985 793 5054 primo.

445 5057 462 5119 (
478 5055 554 5124 i2)
588 5051 752 5108 Basil.
779 5052 1018 5124 Felckm.
1044 5051 1318 5108 secundus
1344 5066 1670 5123 anonymus,
1699 5061 1754 5106 et
1781 5052 1946 5107 editio

373 5125 829 5186 Commeliniana,
859 5123 952 5175 καί
979 5124 1255 5176 omittunt.

444 5197 554 5267 (1ξ5)
589 5194 679 5249 Sic
699 5193 1025 5267 Regiushet
1063 5191 1286 5267 Seguer.
1325 5191 1395 5245 At
1426 5190 1516 5244 alii
1555 5198 1609 5267 et
1645 5191 1773 5267 editi
1803 5191 1861 5244 δέ
1892 5199 1948 5267 et

374 5261 556 5334 ἐπειδή
604 5261 879 5334 omittunt.
916 5261 1252 5334 ibidem;xal
1299 5271 1422 5334 ante
1467 5264 1662 5314 νοεῖται
1701 5261 1852 5317 deest
1891 5261 1946 5316 in

375 5331 766 5405 RegaSeguer.
799 5332 1106 5405 Gobler._et
1126 5331 1270 5405 Fel_c.
1305 5333 1356 5385 1.

449 5399 560 5475 (id)
603 5399 755 5475 Εἶναι
787 5404 936 5457 abest
969 5418 1000 5475 a
1030 5401 1518 5475 Reg._Seguerian.
1555 5399 1864 5475 Goblerian.
1894 5409 1948 5454 et

373 5470 517 5599 Fetlc.
542 5470 602 5527 ’1.
645 5473 766 5528 Mox
797 5482 920 5542 post
944 5470 1136 5538 εἰπεῖν,
1166 5470 1298 5542 Reg.
1334 5481 1388 5526 et
1427 5470 1648 5542 Seguer.
1692 5471 1948 5526 omittunt

374 5563 440 5598 κτ
466 5562 597 5599 qua.

374 5562 597 5598 κτίσμα.

443 5562 676 5736 (ἵξῗὲίο
697 5613 898 5684 Regius
931 5623 1000 5694 et.
1025 5612 1346 5695 Seguer..“
1368 5611 1647 5676 Ottobon.,
1683 5609 1944 5694 61:61:06-

443 5702 480 5736 ιν
547 5684 624 5736 δοι
674 5701 776 5736 τις.
810 5685 1004 5736 Caetert
1041 5694 1096 5736 et
1135 5683 1284 5736 editi.
1331 5683 1437 5736 ἀπὸ
1480 5683 1680 5736 τούτων
1714 5682 1944 5736 μάλιστα

367 5681 480 5742 των
527 5681 624 5738 ίδοι
674 5681 1004 5747 τιςδϐιειενί
1041 5681 1284 5748 ειέιίίιί,
1331 5683 1437 5739 ἀπὸ
1480 5683 1680 5738 τούτων
1713 5681 1944 5752 μάλιστα

1878 4799 1924 4828 ²⁶
1951 4795 2052 4851 Job
2081 4810 2212 4859 xxv,
2237 4795 2290 4850 5.

2051 4908 2149 4982 ῐδρι
2175 4908 2256 4982 τό,
2285 4916 2390 4964 etc.
2420 4906 2625 4982 [bidem
2665 4907 2868 4979 Regius
2897 4918 2951 4964 et
2977 4908 3323 4981 Seguerian.,
3363 4910 3639 4982 αἱρέσεως

2048 4979 2156 5032 τῶν
2192 4976 2507 5049 Ἀρειανῶν.

2122 5046 2502 5120 (i6)AFel_ckm.
2539 5046 2599 5120 2,
2635 5058 2689 5102 et
2730 5049 2890 5120 editi,
2924 5048 3022 5120 τὴν
3048 5049 3370 5120 ταυτότητα.
3407 5047 3536 5104 Mox
3575 5053 3641 5106 τὺ

2051 5117 2302 5189 φθαρτόνᾼ
2315 5117 2466 5189 abest
2499 5132 2529 5189 a
2561 5118 2780 5173 Gobler.
2810 5118 2954 5173 Felc.
2981 5117 3052 5182 ⁷1,
3077 5117 3286 5189 Roget
3313 5117 3544 5188 Seguer.

2123 5185 2607 5268 (fil-Itaﬁeg‘ius,
2643 5189 2866 5268 Seguer.
2905 5189 3060 5243 Gobl.
3103 5185 3325 5268 et'Felc.
3359 5185 3637 5268 Κέλερ]ἱί

2051 5257 2316 5329 et'editi,
2351 5257 2960 5329 ayyéltoz;.1bid._l{eg.
3005 5268 3059 5313 et
3105 5258 3355 5329 seguer.,
3384 5258 3455 5311 τὰ
3499 5259 3637 5314 ἄλλα

2054 5327 2250 5381 πάντα.
2277 5327 2467 5381 Caneri
2499 5336 2553 5382 et
2577 5328 2727 5392 editi,
2752 5327 2821 5381 τὰ
2848 5327 2981 5383 ἄλλα
3007 5329 3064 5381 δὲ
3100 5327 3296 5384 πάντα..

2125 5397 2236 5469 (18)
2269 5396 2471 5469 Begius
2497 5409 2551 5452 et
2582 5396 2828 5468 Seguer.,
2863 5397 2998 5450 Θεοῦ
3028 5399 3176 5469 Υἰόν.

2125 5466 2241 5538 (19),
2266 5466 2397 5538 Reg.
2428 5466 2667 5538 Seguer.
2697 5469 2978 5538 Anglican.
3012 5468 3228 5524 Gobler.
3267 5476 3322 5524 et
3356 5467 3543 5523 Felck.
3581 5469 3637 5535 1,

2051 5537 2464 5610 ἑαυτοῦἈΙΑἱάειῐι
2502 5537 2717 5610 (praeter
2739 5537 2974 5610 Anglic.)
3005 5542 3260 5594 omittunt
3278 5538 3373 5592 τοῦ
3400 5539 3561 5593 Θεοῦ.

2051 5607 2236 5734 (leg?)
2271 5606 2363 5662 Sic
2393 5606 2541 5676 Reg:
2560 5617 2613 5664 et
2659 5606 2882 5679 Seguer.
2931 5607 2988 5662 ln
3035 5610 3154 5665 aliis
3199 5625 3326 5664 vero
3369 5619 3426 5664 et
3471 5610 3638 5668 editis

2225 5695 2306 5731 τε.
2787 5721 2791 5725 λ

2088 5689 2203 5737 8851
2225 5695 2306 5731 τε.
2787 5721 2791 5725 Α
