  <div class='ocr_page' id='page_1' title='image "/cluster/home/n/w/nwhite01/storage/ocr_20150623/26/nnc1.0046978577/314.png"; bbox 0 0 3822 6226; ppageno 0'>
   <div class='ocr_carea' id='block_1_1' title="bbox 205 340 312 398">
    <p class='ocr_par' dir='ltr' id='par_1_1' title="bbox 205 340 312 398">
     <span class='ocr_line' id='line_1_1' title="bbox 205 340 312 398; baseline -0.019 -1"><span class='ocrx_word' id='word_1_1' title='bbox 205 340 312 398; x_wconf 77' lang='grc'><strong>615</strong></span> 
     </span>
    </p>
   </div>
   <div class='ocr_carea' id='block_1_2' title="bbox 1340 330 2383 392">
    <p class='ocr_par' dir='ltr' id='par_1_2' title="bbox 1340 330 2383 392">
     <span class='ocr_line' id='line_1_2' title="bbox 1340 330 2383 392; baseline -0.006 -2"><span class='ocrx_word' id='word_1_2' title='bbox 1340 333 1676 392; x_wconf 76' lang='lat' dir='ltr'><strong>EPISTOLA</strong></span> <span class='ocrx_word' id='word_1_3' title='bbox 1710 333 1755 388; x_wconf 87' lang='lat' dir='ltr'><strong>ll</strong></span> <span class='ocrx_word' id='word_1_4' title='bbox 1792 333 1885 387; x_wconf 91' lang='lat' dir='ltr'><strong>AD</strong></span> <span class='ocrx_word' id='word_1_5' title='bbox 1925 330 2383 388; x_wconf 78' lang='lat' dir='ltr'><strong>SERAPIONEM.</strong></span> 
     </span>
    </p>
   </div>
   <div class='ocr_carea' id='block_1_3' title="bbox 3349 322 3456 382">
    <p class='ocr_par' dir='ltr' id='par_1_3' title="bbox 3349 322 3456 382">
     <span class='ocr_line' id='line_1_3' title="bbox 3349 322 3456 382; baseline 0.009 -1"><span class='ocrx_word' id='word_1_6' title='bbox 3349 322 3456 382; x_wconf 72' lang='lat' dir='ltr'>6M</span> 
     </span>
    </p>
   </div>
   <div class='ocr_carea' id='block_1_4' title="bbox 205 440 1784 530">
    <p class='ocr_par' dir='ltr' id='par_1_4' title="bbox 205 451 1781 530">
     <span class='ocr_line' id='line_1_4' title="bbox 205 451 1781 530; baseline -0.004 -19"><span class='ocrx_word' id='word_1_7' title='bbox 205 459 381 530; x_wconf 80' lang='grc' dir='ltr'>λέγων</span> <span class='ocrx_word' id='word_1_8' title='bbox 410 454 550 527; x_wconf 78' lang='grc'>(21)’</span> <span class='ocrx_word' id='word_1_9' title='bbox 608 473 628 505; x_wconf 79' lang='grc' dir='ltr'><strong>ι</strong></span> <span class='ocrx_word' id='word_1_10' title='bbox 652 452 767 508; x_wconf 67' lang='grc' dir='ltr'><strong>Καὶ</strong></span> <span class='ocrx_word' id='word_1_11' title='bbox 794 453 859 507; x_wconf 80' lang='grc' dir='ltr'>σὺ</span> <span class='ocrx_word' id='word_1_12' title='bbox 892 452 1012 507; x_wconf 81' lang='grc' dir='ltr'><strong>κατ’</strong></span> <span class='ocrx_word' id='word_1_13' title='bbox 1040 451 1235 525; x_wconf 81' lang='grc' dir='ltr'>ἀρχὰς,</span> <span class='ocrx_word' id='word_1_14' title='bbox 1277 452 1471 525; x_wconf 81' lang='grc' dir='ltr'>Κύριε,</span> <span class='ocrx_word' id='word_1_15' title='bbox 1525 452 1624 525; x_wconf 85' lang='grc' dir='ltr'>τὴν</span> <span class='ocrx_word' id='word_1_16' title='bbox 1679 452 1781 524; x_wconf 80' lang='grc' dir='ltr'><strong>γῆν</strong></span> 
     </span>
    </p>
   </div>
   <div class='ocr_carea' id='block_1_5' title="bbox 1894 440 3456 530">
    <p class='ocr_par' dir='ltr' id='par_1_5' title="bbox 1894 440 3456 518">
     <span class='ocr_line' id='line_1_5' title="bbox 1894 440 3456 518; baseline -0.003 -15"><span class='ocrx_word' id='word_1_17' title='bbox 1894 459 1945 504; x_wconf 85' lang='grc' dir='ltr'><strong>ιιι</strong></span> <span class='ocrx_word' id='word_1_18' title='bbox 1963 448 2146 514; x_wconf 87' lang='lat' dir='ltr'><strong>Pater,</strong></span> <span class='ocrx_word' id='word_1_19' title='bbox 2165 448 2329 518; x_wconf 86' lang='lat' dir='ltr'><strong>idque</strong></span> <span class='ocrx_word' id='word_1_20' title='bbox 2338 444 2544 501; x_wconf 86' lang='lat' dir='ltr'><strong>Paulus</strong></span> <span class='ocrx_word' id='word_1_21' title='bbox 2553 440 2617 500; x_wconf 71' lang='lat' dir='ltr'><strong>ei</strong></span> <span class='ocrx_word' id='word_1_22' title='bbox 2635 443 2935 500; x_wconf 78' lang='lat' dir='ltr'><strong>centesimo</strong></span> <span class='ocrx_word' id='word_1_23' title='bbox 2949 442 3130 513; x_wconf 90' lang='lat' dir='ltr'><strong>primo</strong></span> <span class='ocrx_word' id='word_1_24' title='bbox 3141 440 3354 513; x_wconf 84' lang='lat' dir='ltr'><strong>psalmo</strong></span> <span class='ocrx_word' id='word_1_25' title='bbox 3367 442 3456 498; x_wconf 73' lang='lat' dir='ltr'><strong>his</strong></span> 
     </span>
    </p>
   </div>
   <div class='ocr_carea' id='block_1_6' title="bbox 205 542 1781 620">
    <p class='ocr_par' dir='ltr' id='par_1_6' title="bbox 205 542 1781 620">
     <span class='ocr_line' id='line_1_6' title="bbox 205 542 1781 620; baseline -0.006 -17"><span class='ocrx_word' id='word_1_26' title='bbox 205 545 580 620; x_wconf 68' lang='grc' dir='ltr'><strong>ἐθεμελίωσας</strong></span> <span class='ocrx_word' id='word_1_27' title='bbox 599 561 615 576; x_wconf 78' lang='grc' dir='ltr'><strong><em>ο</em></strong></span> <span class='ocrx_word' id='word_1_28' title='bbox 639 544 733 597; x_wconf 78' lang='grc' dir='ltr'><strong>καὶ</strong></span> <span class='ocrx_word' id='word_1_29' title='bbox 764 543 902 615; x_wconf 74' lang='grc' dir='ltr'>ἔργα</span> <span class='ocrx_word' id='word_1_30' title='bbox 925 543 1036 596; x_wconf 83' lang='grc' dir='ltr'>τῶν</span> <span class='ocrx_word' id='word_1_31' title='bbox 1074 544 1274 615; x_wconf 84' lang='grc' dir='ltr'>χειρῶν</span> <span class='ocrx_word' id='word_1_32' title='bbox 1314 561 1409 597; x_wconf 91' lang='grc' dir='ltr'><strong>σου</strong></span> <span class='ocrx_word' id='word_1_33' title='bbox 1442 544 1581 598; x_wconf 77' lang='grc' dir='ltr'>εἰσὶν</span> <span class='ocrx_word' id='word_1_34' title='bbox 1613 545 1663 596; x_wconf 79' lang='grc' dir='ltr'>οἱ</span> <span class='ocrx_word' id='word_1_35' title='bbox 1689 542 1781 595; x_wconf 83' lang='grc' dir='ltr'><strong>οὐ·</strong></span> 
     </span>
    </p>
   </div>
   <div class='ocr_carea' id='block_1_7' title="bbox 206 634 1785 714">
    <p class='ocr_par' dir='ltr' id='par_1_7' title="bbox 206 634 1785 714">
     <span class='ocr_line' id='line_1_7' title="bbox 206 634 1785 714; baseline -0.004 -22"><span class='ocrx_word' id='word_1_36' title='bbox 206 638 383 714; x_wconf 68' lang='grc' dir='ltr'>ρανοί.</span> <span class='ocrx_word' id='word_1_37' title='bbox 404 637 568 690; x_wconf 76' lang='grc' dir='ltr'>Αὐτοὶ</span> <span class='ocrx_word' id='word_1_38' title='bbox 594 634 938 700; x_wconf 81' lang='grc' dir='ltr'><strong>ἀπολοῦνται,</strong></span> <span class='ocrx_word' id='word_1_39' title='bbox 965 635 1029 688; x_wconf 85' lang='grc' dir='ltr'>σὺ</span> <span class='ocrx_word' id='word_1_40' title='bbox 1057 634 1114 688; x_wconf 82' lang='grc' dir='ltr'>δὲ</span> <span class='ocrx_word' id='word_1_41' title='bbox 1141 635 1444 706; x_wconf 78' lang='grc' dir='ltr'>διαμενεῖςο</span> <span class='ocrx_word' id='word_1_42' title='bbox 1466 634 1562 688; x_wconf 72' lang='grc' dir='ltr'><strong>καὶ</strong></span> <span class='ocrx_word' id='word_1_43' title='bbox 1585 634 1785 698; x_wconf 83' lang='grc' dir='ltr'>πάντες</span> 
     </span>
    </p>
   </div>
   <div class='ocr_carea' id='block_1_8' title="bbox 203 722 1784 797">
    <p class='ocr_par' dir='ltr' id='par_1_8' title="bbox 203 722 1784 797">
     <span class='ocr_line' id='line_1_8' title="bbox 203 722 1784 797; baseline -0.002 -16"><span class='ocrx_word' id='word_1_44' title='bbox 203 728 284 791; x_wconf 80' lang='grc' dir='ltr'>ὡς</span> <span class='ocrx_word' id='word_1_45' title='bbox 322 725 539 795; x_wconf 71' lang='grc' dir='ltr'>ἱμάτιον</span> <span class='ocrx_word' id='word_1_46' title='bbox 600 722 1093 794; x_wconf 78' lang='grc' dir='ltr'><strong>παλαιωθήσονται,</strong></span> <span class='ocrx_word' id='word_1_47' title='bbox 1141 724 1236 778; x_wconf 77' lang='grc' dir='ltr'>καὶ</span> <span class='ocrx_word' id='word_1_48' title='bbox 1280 725 1413 778; x_wconf 76' lang='grc' dir='ltr'>ὡσεὶ</span> <span class='ocrx_word' id='word_1_49' title='bbox 1442 725 1784 797; x_wconf 76' lang='grc' dir='ltr'>περιϐόλαιον</span> 
     </span>
    </p>
   </div>
   <div class='ocr_carea' id='block_1_9' title="bbox 208 811 1781 887">
    <p class='ocr_par' dir='ltr' id='par_1_9' title="bbox 208 811 1781 887">
     <span class='ocr_line' id='line_1_9' title="bbox 208 811 1781 887; baseline -0.002 -15"><span class='ocrx_word' id='word_1_50' title='bbox 208 816 463 884; x_wconf 77' lang='grc' dir='ltr'><strong>ἀλλάξεις</strong></span> <span class='ocrx_word' id='word_1_51' title='bbox 485 816 704 882; x_wconf 81' lang='grc' dir='ltr'>αὐτοὺς,</span> <span class='ocrx_word' id='word_1_52' title='bbox 740 815 833 869; x_wconf 85' lang='grc' dir='ltr'><strong>καὶ</strong></span> <span class='ocrx_word' id='word_1_53' title='bbox 859 814 1286 887; x_wconf 70' lang='grc' dir='ltr'>ἀλλαγήσονταιο</span> <span class='ocrx_word' id='word_1_54' title='bbox 1314 817 1380 870; x_wconf 83' lang='grc' dir='ltr'>σὺ</span> <span class='ocrx_word' id='word_1_55' title='bbox 1393 815 1489 870; x_wconf 85' lang='grc' dir='ltr'><strong>δὲὸ</strong></span> <span class='ocrx_word' id='word_1_56' title='bbox 1521 816 1682 880; x_wconf 85' lang='grc' dir='ltr'>αὐτὸς</span> <span class='ocrx_word' id='word_1_57' title='bbox 1711 811 1781 883; x_wconf 79' lang='grc' dir='ltr'>εἴ,</span> 
     </span>
    </p>
   </div>
   <div class='ocr_carea' id='block_1_10' title="bbox 207 906 1780 979">
    <p class='ocr_par' dir='ltr' id='par_1_10' title="bbox 207 906 1780 979">
     <span class='ocr_line' id='line_1_10' title="bbox 207 906 1780 979; baseline -0.001 -17"><span class='ocrx_word' id='word_1_58' title='bbox 207 909 305 962; x_wconf 74' lang='grc' dir='ltr'><strong>καὶ</strong></span> <span class='ocrx_word' id='word_1_59' title='bbox 323 908 395 962; x_wconf 80' lang='grc' dir='ltr'><strong>τὰ</strong></span> <span class='ocrx_word' id='word_1_60' title='bbox 419 906 516 978; x_wconf 80' lang='grc' dir='ltr'><strong>ἔτη</strong></span> <span class='ocrx_word' id='word_1_61' title='bbox 533 924 628 960; x_wconf 88' lang='grc' dir='ltr'><strong>σου</strong></span> <span class='ocrx_word' id='word_1_62' title='bbox 645 907 746 961; x_wconf 83' lang='grc' dir='ltr'><strong>οὐκ</strong></span> <span class='ocrx_word' id='word_1_63' title='bbox 765 907 1093 977; x_wconf 81' lang='grc' dir='ltr'>ὲκλείψουσι.</span> <span class='ocrx_word' id='word_1_64' title='bbox 1118 926 1136 959; x_wconf 74' lang='grc' dir='ltr'><strong>ι</strong></span> <span class='ocrx_word' id='word_1_65' title='bbox 1158 907 1269 961; x_wconf 77' lang='grc' dir='ltr'><strong>Καὶ</strong></span> <span class='ocrx_word' id='word_1_66' title='bbox 1284 907 1444 962; x_wconf 83' lang='grc' dir='ltr'>πάλιν</span> <span class='ocrx_word' id='word_1_67' title='bbox 1465 907 1614 976; x_wconf 81' lang='grc' dir='ltr'>λέγει</span> <span class='ocrx_word' id='word_1_68' title='bbox 1632 906 1746 979; x_wconf 89' lang='grc'>(22)</span> <span class='ocrx_word' id='word_1_69' title='bbox 1766 924 1780 938; x_wconf 82' lang='lat'><strong><em>°</em></strong></span> 
     </span>
    </p>
   </div>
   <div class='ocr_carea' id='block_1_11' title="bbox 213 997 1785 1071">
    <p class='ocr_par' dir='ltr' id='par_1_11' title="bbox 213 997 1785 1071">
     <span class='ocr_line' id='line_1_11' title="bbox 213 997 1785 1071; baseline -0.001 -19"><span class='ocrx_word' id='word_1_70' title='bbox 213 1018 235 1052; x_wconf 75' lang='grc' dir='ltr'><strong>ι</strong></span> <span class='ocrx_word' id='word_1_71' title='bbox 257 998 466 1071; x_wconf 79' lang='grc' dir='ltr'>Ἰησοῦς</span> <span class='ocrx_word' id='word_1_72' title='bbox 484 997 720 1069; x_wconf 86' lang='grc' dir='ltr'>Χριστὸς</span> <span class='ocrx_word' id='word_1_73' title='bbox 751 998 879 1067; x_wconf 80' lang='grc' dir='ltr'>χθὲς</span> <span class='ocrx_word' id='word_1_74' title='bbox 907 998 1002 1052; x_wconf 77' lang='grc' dir='ltr'><strong>καὶ</strong></span> <span class='ocrx_word' id='word_1_75' title='bbox 1025 998 1261 1070; x_wconf 82' lang='grc' dir='ltr'><strong>σήμερον</strong></span> <span class='ocrx_word' id='word_1_76' title='bbox 1281 1014 1296 1031; x_wconf 79' lang='grc' dir='ltr'><strong><em>ο</em></strong></span> <span class='ocrx_word' id='word_1_77' title='bbox 1341 999 1372 1050; x_wconf 92' lang='lat'><strong>6</strong></span> <span class='ocrx_word' id='word_1_78' title='bbox 1389 998 1550 1061; x_wconf 81' lang='grc' dir='ltr'>αὐτὸς</span> <span class='ocrx_word' id='word_1_79' title='bbox 1581 999 1676 1053; x_wconf 76' lang='grc' dir='ltr'><strong>καὶ</strong></span> <span class='ocrx_word' id='word_1_80' title='bbox 1705 1000 1785 1062; x_wconf 79' lang='grc' dir='ltr'><strong>εἰς</strong></span> 
     </span>
    </p>
   </div>
   <div class='ocr_carea' id='block_1_12' title="bbox 208 1090 654 1155">
    <p class='ocr_par' dir='ltr' id='par_1_12' title="bbox 208 1090 654 1155">
     <span class='ocr_line' id='line_1_12' title="bbox 208 1090 654 1155; baseline -0.009 -9"><span class='ocrx_word' id='word_1_81' title='bbox 208 1093 337 1155; x_wconf 81' lang='grc' dir='ltr'>τοὺς</span> <span class='ocrx_word' id='word_1_82' title='bbox 367 1090 590 1154; x_wconf 74' lang='grc' dir='ltr'>αἰῶνας.</span> <span class='ocrx_word' id='word_1_83' title='bbox 632 1108 654 1141; x_wconf 77' lang='grc' dir='ltr'>ι</span> 
     </span>
    </p>
   </div>
   <div class='ocr_carea' id='block_1_13' title="bbox 279 1175 1782 1253">
    <p class='ocr_par' dir='ltr' id='par_1_13' title="bbox 279 1175 1782 1253">
     <span class='ocr_line' id='line_1_13' title="bbox 279 1175 1782 1253; baseline -0.002 -13"><span class='ocrx_word' id='word_1_84' title='bbox 279 1185 337 1239; x_wconf 73' lang='grc'>4.</span> <span class='ocrx_word' id='word_1_85' title='bbox 370 1183 484 1239; x_wconf 72' lang='grc' dir='ltr'>Καὶ</span> <span class='ocrx_word' id='word_1_86' title='bbox 510 1181 672 1237; x_wconf 82' lang='grc' dir='ltr'>πάλιν</span> <span class='ocrx_word' id='word_1_87' title='bbox 700 1182 768 1236; x_wconf 83' lang='grc' dir='ltr'>τὰ</span> <span class='ocrx_word' id='word_1_88' title='bbox 792 1181 996 1252; x_wconf 78' lang='grc' dir='ltr'>γενητὰ</span> <span class='ocrx_word' id='word_1_89' title='bbox 1011 1181 1190 1236; x_wconf 87' lang='grc' dir='ltr'>πάντα</span> <span class='ocrx_word' id='word_1_90' title='bbox 1210 1176 1316 1236; x_wconf 74' lang='grc' dir='ltr'><strong>οὐκ</strong></span> <span class='ocrx_word' id='word_1_91' title='bbox 1338 1175 1429 1253; x_wconf 82' lang='grc' dir='ltr'>ἦν,</span> <span class='ocrx_word' id='word_1_92' title='bbox 1447 1181 1541 1234; x_wconf 76' lang='grc' dir='ltr'><strong>καὶ</strong></span> <span class='ocrx_word' id='word_1_93' title='bbox 1568 1181 1782 1250; x_wconf 80' lang='grc' dir='ltr'>γέγονε.</span> 
     </span>
    </p>
   </div>
   <div class='ocr_carea' id='block_1_14' title="bbox 210 1272 1786 1349">
    <p class='ocr_par' dir='ltr' id='par_1_14' title="bbox 210 1272 1786 1349">
     <span class='ocr_line' id='line_1_14' title="bbox 210 1272 1786 1349; baseline -0.002 -19"><span class='ocrx_word' id='word_1_94' title='bbox 210 1276 324 1349; x_wconf 79' lang='grc' dir='ltr'><strong>Τὴν</strong></span> <span class='ocrx_word' id='word_1_95' title='bbox 366 1275 475 1347; x_wconf 83' lang='grc' dir='ltr'><strong>γὰρ</strong></span> <span class='ocrx_word' id='word_1_96' title='bbox 508 1275 634 1346; x_wconf 79' lang='grc' dir='ltr'>γῆν,</span> <span class='ocrx_word' id='word_1_97' title='bbox 665 1274 741 1338; x_wconf 83' lang='grc' dir='ltr'><strong>ὡς</strong></span> <span class='ocrx_word' id='word_1_98' title='bbox 762 1274 934 1342; x_wconf 81' lang='grc' dir='ltr'>οὐδὲν,</span> <span class='ocrx_word' id='word_1_99' title='bbox 967 1274 1216 1345; x_wconf 46' lang='grc' dir='ltr'>ἐποίησα</span> <span class='ocrx_word' id='word_1_100' title='bbox 1242 1272 1356 1338; x_wconf 73' lang='grc' dir='ltr'>καὶ,</span> <span class='ocrx_word' id='word_1_101' title='bbox 1396 1290 1417 1325; x_wconf 80' lang='grc' dir='ltr'><strong>ι</strong></span> <span class='ocrx_word' id='word_1_102' title='bbox 1448 1276 1477 1328; x_wconf 93' lang='lat'><strong>6</strong></span> <span class='ocrx_word' id='word_1_103' title='bbox 1512 1272 1693 1328; x_wconf 84' lang='grc' dir='ltr'>καλῶν</span> <span class='ocrx_word' id='word_1_104' title='bbox 1717 1273 1786 1327; x_wconf 83' lang='grc' dir='ltr'><strong>τὰ</strong></span> 
     </span>
    </p>
   </div>
   <div class='ocr_carea' id='block_1_15' title="bbox 215 1362 1787 1438">
    <p class='ocr_par' dir='ltr' id='par_1_15' title="bbox 215 1362 1787 1438">
     <span class='ocr_line' id='line_1_15' title="bbox 215 1362 1787 1438; baseline -0.002 -20"><span class='ocrx_word' id='word_1_105' title='bbox 215 1367 293 1438; x_wconf 84' lang='grc' dir='ltr'>μὴ</span> <span class='ocrx_word' id='word_1_106' title='bbox 318 1365 448 1420; x_wconf 82' lang='grc' dir='ltr'>ὄντα</span> <span class='ocrx_word' id='word_1_107' title='bbox 481 1364 558 1426; x_wconf 81' lang='grc' dir='ltr'><strong>ὡς</strong></span> <span class='ocrx_word' id='word_1_108' title='bbox 597 1363 725 1417; x_wconf 76' lang='grc' dir='ltr'>ὅντα</span> <span class='ocrx_word' id='word_1_109' title='bbox 752 1380 766 1394; x_wconf 89' lang='grc'><strong>·</strong></span> <span class='ocrx_word' id='word_1_110' title='bbox 804 1382 824 1416; x_wconf 73' lang='grc' dir='ltr'>ι</span> <span class='ocrx_word' id='word_1_111' title='bbox 853 1364 947 1418; x_wconf 76' lang='grc' dir='ltr'>καὶ</span> <span class='ocrx_word' id='word_1_112' title='bbox 980 1362 1093 1434; x_wconf 80' lang='grc'>(25)</span> <span class='ocrx_word' id='word_1_113' title='bbox 1142 1363 1420 1434; x_wconf 85' lang='grc' dir='ltr'>ποιήματα</span> <span class='ocrx_word' id='word_1_114' title='bbox 1448 1362 1505 1416; x_wconf 81' lang='grc' dir='ltr'><strong>δέ</strong></span> <span class='ocrx_word' id='word_1_115' title='bbox 1546 1364 1663 1416; x_wconf 75' lang='grc' dir='ltr'>ἐστι</span> <span class='ocrx_word' id='word_1_116' title='bbox 1695 1363 1787 1417; x_wconf 77' lang='grc' dir='ltr'><strong>καὶ</strong></span> 
     </span>
    </p>
   </div>
   <div class='ocr_carea' id='block_1_16' title="bbox 212 1453 1786 1541">
    <p class='ocr_par' dir='ltr' id='par_1_16' title="bbox 212 1453 1786 1541">
     <span class='ocr_line' id='line_1_16' title="bbox 212 1453 1786 1541; baseline -0.002 -30"><span class='ocrx_word' id='word_1_117' title='bbox 212 1458 524 1541; x_wconf 63' lang='grc' dir='ltr'>κτίσματα·</span> <span class='ocrx_word' id='word_1_118' title='bbox 558 1454 649 1509; x_wconf 86' lang='grc' dir='ltr'><strong>διὰ</strong></span> <span class='ocrx_word' id='word_1_119' title='bbox 669 1454 827 1508; x_wconf 80' lang='grc' dir='ltr'>τοῦτο</span> <span class='ocrx_word' id='word_1_120' title='bbox 861 1454 974 1526; x_wconf 84' lang='grc' dir='ltr'>γὰρ</span> <span class='ocrx_word' id='word_1_121' title='bbox 1004 1456 1099 1507; x_wconf 81' lang='grc' dir='ltr'>καὶ</span> <span class='ocrx_word' id='word_1_122' title='bbox 1133 1453 1308 1527; x_wconf 84' lang='grc' dir='ltr'>ἀρχὴν</span> <span class='ocrx_word' id='word_1_123' title='bbox 1345 1453 1458 1524; x_wconf 79' lang='grc' dir='ltr'>ἔχει</span> <span class='ocrx_word' id='word_1_124' title='bbox 1504 1455 1598 1508; x_wconf 79' lang='grc' dir='ltr'>τοῦ</span> <span class='ocrx_word' id='word_1_125' title='bbox 1634 1455 1786 1525; x_wconf 82' lang='grc' dir='ltr'>γενέ-</span> 
     </span>
    </p>
   </div>
   <div class='ocr_carea' id='block_1_17' title="bbox 214 1546 1786 1621">
    <p class='ocr_par' dir='ltr' id='par_1_17' title="bbox 214 1546 1786 1621">
     <span class='ocr_line' id='line_1_17' title="bbox 214 1546 1786 1621; baseline 0.001 -20"><span class='ocrx_word' id='word_1_126' title='bbox 214 1548 361 1603; x_wconf 91' lang='grc' dir='ltr'>σθαι.</span> <span class='ocrx_word' id='word_1_127' title='bbox 385 1566 404 1600; x_wconf 82' lang='grc' dir='ltr'>ι</span> <span class='ocrx_word' id='word_1_128' title='bbox 425 1549 514 1600; x_wconf 88' lang='grc' dir='ltr'><strong>Ἐν</strong></span> <span class='ocrx_word' id='word_1_129' title='bbox 541 1548 684 1619; x_wconf 84' lang='grc' dir='ltr'>ἀρχῇ</span> <span class='ocrx_word' id='word_1_130' title='bbox 718 1566 739 1600; x_wconf 69' lang='grc' dir='ltr'><strong>ι</strong></span> <span class='ocrx_word' id='word_1_131' title='bbox 758 1547 867 1618; x_wconf 85' lang='grc' dir='ltr'>γὰρ</span> <span class='ocrx_word' id='word_1_132' title='bbox 889 1564 907 1597; x_wconf 80' lang='grc' dir='ltr'><strong>ι</strong></span> <span class='ocrx_word' id='word_1_133' title='bbox 948 1547 1202 1617; x_wconf 77' lang='grc' dir='ltr'>ἐποίησεν</span> <span class='ocrx_word' id='word_1_134' title='bbox 1225 1549 1254 1601; x_wconf 92' lang='lat'><strong>6</strong></span> <span class='ocrx_word' id='word_1_135' title='bbox 1285 1546 1416 1611; x_wconf 85' lang='grc' dir='ltr'>Θεὸς</span> <span class='ocrx_word' id='word_1_136' title='bbox 1442 1546 1532 1601; x_wconf 84' lang='grc' dir='ltr'>τὸν</span> <span class='ocrx_word' id='word_1_137' title='bbox 1559 1548 1786 1621; x_wconf 76' lang='grc' dir='ltr'>οὐρανὸν</span> 
     </span>
    </p>
   </div>
   <div class='ocr_carea' id='block_1_18' title="bbox 212 1638 1783 1713">
    <p class='ocr_par' dir='ltr' id='par_1_18' title="bbox 212 1638 1783 1713">
     <span class='ocr_line' id='line_1_18' title="bbox 212 1638 1783 1713; baseline 0 -18"><span class='ocrx_word' id='word_1_138' title='bbox 212 1643 310 1695; x_wconf 74' lang='grc' dir='ltr'><strong>καὶ</strong></span> <span class='ocrx_word' id='word_1_139' title='bbox 331 1640 430 1710; x_wconf 82' lang='grc' dir='ltr'><strong>τὴν</strong></span> <span class='ocrx_word' id='word_1_140' title='bbox 454 1641 578 1710; x_wconf 86' lang='grc' dir='ltr'>γῆν,</span> <span class='ocrx_word' id='word_1_141' title='bbox 603 1660 624 1693; x_wconf 72' lang='grc' dir='ltr'><strong>ι</strong></span> <span class='ocrx_word' id='word_1_142' title='bbox 642 1640 736 1693; x_wconf 72' lang='grc' dir='ltr'><strong>καὶ</strong></span> <span class='ocrx_word' id='word_1_143' title='bbox 757 1638 934 1694; x_wconf 82' lang='grc' dir='ltr'>πάντα</span> <span class='ocrx_word' id='word_1_144' title='bbox 946 1640 1016 1692; x_wconf 86' lang='grc' dir='ltr'><strong>τὰ</strong></span> <span class='ocrx_word' id='word_1_145' title='bbox 1044 1641 1101 1692; x_wconf 84' lang='grc' dir='ltr'>ὲν</span> <span class='ocrx_word' id='word_1_146' title='bbox 1123 1641 1305 1703; x_wconf 84' lang='grc' dir='ltr'>αὐτοῖς</span> <span class='ocrx_word' id='word_1_147' title='bbox 1322 1657 1336 1670; x_wconf 64' lang='grc'><strong><em>⁸</em></strong></span> <span class='ocrx_word' id='word_1_148' title='bbox 1360 1640 1455 1693; x_wconf 80' lang='grc' dir='ltr'><strong>καὶ</strong></span> <span class='ocrx_word' id='word_1_149' title='bbox 1471 1640 1630 1695; x_wconf 77' lang='grc' dir='ltr'>πάλιν</span> <span class='ocrx_word' id='word_1_150' title='bbox 1651 1641 1783 1713; x_wconf 70' lang='grc'><strong>(24)⁹</strong></span> 
     </span>
    </p>
   </div>
   <div class='ocr_carea' id='block_1_19' title="bbox 217 1730 1787 1802">
    <p class='ocr_par' dir='ltr' id='par_1_19' title="bbox 217 1730 1787 1802">
     <span class='ocr_line' id='line_1_19' title="bbox 217 1730 1787 1802; baseline 0.001 -17"><span class='ocrx_word' id='word_1_151' title='bbox 217 1752 239 1785; x_wconf 74' lang='grc' dir='ltr'><strong>ι</strong></span> <span class='ocrx_word' id='word_1_152' title='bbox 289 1733 355 1785; x_wconf 88' lang='grc' dir='ltr'>Ἡ</span> <span class='ocrx_word' id='word_1_153' title='bbox 384 1732 503 1802; x_wconf 82' lang='grc' dir='ltr'>χείρ</span> <span class='ocrx_word' id='word_1_154' title='bbox 548 1749 652 1802; x_wconf 87' lang='grc' dir='ltr'><strong>μου</strong></span> <span class='ocrx_word' id='word_1_155' title='bbox 677 1730 899 1802; x_wconf 74' lang='grc' dir='ltr'>ἐποίησε</span> <span class='ocrx_word' id='word_1_156' title='bbox 941 1730 1115 1785; x_wconf 79' lang='grc' dir='ltr'>ταῦτα</span> <span class='ocrx_word' id='word_1_157' title='bbox 1147 1731 1344 1786; x_wconf 85' lang='grc' dir='ltr'>πάντα.</span> <span class='ocrx_word' id='word_1_158' title='bbox 1398 1755 1417 1785; x_wconf 72' lang='grc' dir='ltr'><strong>ι</strong></span> <span class='ocrx_word' id='word_1_159' title='bbox 1457 1734 1517 1786; x_wconf 77' lang='grc' dir='ltr'><strong>Ὀ</strong></span> <span class='ocrx_word' id='word_1_160' title='bbox 1555 1732 1611 1786; x_wconf 89' lang='grc' dir='ltr'>δὲ</span> <span class='ocrx_word' id='word_1_161' title='bbox 1659 1733 1787 1798; x_wconf 84' lang='grc' dir='ltr'>Υίὸς</span> 
     </span>
    </p>
   </div>
   <div class='ocr_carea' id='block_1_20' title="bbox 1886 534 3456 607">
    <p class='ocr_par' dir='ltr' id='par_1_20' title="bbox 1886 534 3456 607">
     <span class='ocr_line' id='line_1_20' title="bbox 1886 534 3456 607; baseline -0.004 -12"><span class='ocrx_word' id='word_1_162' title='bbox 1886 541 2067 596; x_wconf 82' lang='lat' dir='ltr'><strong>verbis</strong></span> <span class='ocrx_word' id='word_1_163' title='bbox 2095 541 2253 596; x_wconf 89' lang='lat' dir='ltr'><strong>docet</strong></span> <span class='ocrx_word' id='word_1_164' title='bbox 2269 541 2314 572; x_wconf 77' lang='grc'><strong>⁸⁷</strong></span> <span class='ocrx_word' id='word_1_165' title='bbox 2337 557 2351 594; x_wconf 87' lang='lat'><strong>:</strong></span> <span class='ocrx_word' id='word_1_166' title='bbox 2377 537 2475 592; x_wconf 70' lang='lat' dir='ltr'><strong>«Et</strong></span> <span class='ocrx_word' id='word_1_167' title='bbox 2500 547 2559 593; x_wconf 88' lang='lat' dir='ltr'><strong>tu</strong></span> <span class='ocrx_word' id='word_1_168' title='bbox 2581 536 2640 591; x_wconf 85' lang='lat' dir='ltr'><strong>in</strong></span> <span class='ocrx_word' id='word_1_169' title='bbox 2667 536 2960 607; x_wconf 88' lang='lat' dir='ltr'><strong>principio,</strong></span> <span class='ocrx_word' id='word_1_170' title='bbox 2978 534 3228 601; x_wconf 86' lang='lat' dir='ltr'><strong>Domine,</strong></span> <span class='ocrx_word' id='word_1_171' title='bbox 3253 536 3456 589; x_wconf 81' lang='lat' dir='ltr'><strong>terram</strong></span> 
     </span>
    </p>
   </div>
   <div class='ocr_carea' id='block_1_21' title="bbox 1885 622 3461 700">
    <p class='ocr_par' dir='ltr' id='par_1_21' title="bbox 1885 622 3461 700">
     <span class='ocr_line' id='line_1_21' title="bbox 1885 622 3461 700; baseline -0.006 -15"><span class='ocrx_word' id='word_1_172' title='bbox 1885 631 2148 699; x_wconf 81' lang='lat' dir='ltr'><strong>fundasti,</strong></span> <span class='ocrx_word' id='word_1_173' title='bbox 2181 639 2236 685; x_wconf 88' lang='lat' dir='ltr'><strong>et</strong></span> <span class='ocrx_word' id='word_1_174' title='bbox 2263 644 2430 700; x_wconf 86' lang='lat' dir='ltr'><strong>opera</strong></span> <span class='ocrx_word' id='word_1_175' title='bbox 2460 642 2724 683; x_wconf 85' lang='lat' dir='ltr'><strong>manuum</strong></span> <span class='ocrx_word' id='word_1_176' title='bbox 2752 635 2970 681; x_wconf 88' lang='lat' dir='ltr'><strong>tuarum</strong></span> <span class='ocrx_word' id='word_1_177' title='bbox 3003 631 3136 681; x_wconf 91' lang='lat' dir='ltr'><strong>sunt</strong></span> <span class='ocrx_word' id='word_1_178' title='bbox 3163 623 3326 680; x_wconf 66' lang='lat' dir='ltr'><strong>caeli:</strong></span> <span class='ocrx_word' id='word_1_179' title='bbox 3353 622 3461 694; x_wconf 68' lang='lat' dir='ltr'><strong>ipsi</strong></span> 
     </span>
    </p>
   </div>
   <div class='ocr_carea' id='block_1_22' title="bbox 1886 719 3464 795">
    <p class='ocr_par' dir='ltr' id='par_1_22' title="bbox 1886 719 3464 795">
     <span class='ocr_line' id='line_1_22' title="bbox 1886 719 3464 795; baseline -0.005 -15"><span class='ocrx_word' id='word_1_180' title='bbox 1886 725 2166 795; x_wconf 85' lang='lat' dir='ltr'><strong>peribunt,</strong></span> <span class='ocrx_word' id='word_1_181' title='bbox 2200 735 2258 778; x_wconf 91' lang='lat' dir='ltr'><strong>tu</strong></span> <span class='ocrx_word' id='word_1_182' title='bbox 2308 732 2487 777; x_wconf 90' lang='lat' dir='ltr'><strong>autem</strong></span> <span class='ocrx_word' id='word_1_183' title='bbox 2526 719 2915 790; x_wconf 89' lang='lat' dir='ltr'><strong>permanebis:</strong></span> <span class='ocrx_word' id='word_1_184' title='bbox 2956 727 3011 773; x_wconf 92' lang='lat' dir='ltr'><strong>et</strong></span> <span class='ocrx_word' id='word_1_185' title='bbox 3035 731 3229 773; x_wconf 87' lang='lat' dir='ltr'><strong>omnes</strong></span> <span class='ocrx_word' id='word_1_186' title='bbox 3272 725 3339 770; x_wconf 92' lang='lat' dir='ltr'><strong>ut</strong></span> <span class='ocrx_word' id='word_1_187' title='bbox 3362 728 3464 772; x_wconf 79' lang='lat' dir='ltr'><strong>ve-</strong></span> 
     </span>
    </p>
   </div>
   <div class='ocr_carea' id='block_1_23' title="bbox 1886 803 3462 875">
    <p class='ocr_par' dir='ltr' id='par_1_23' title="bbox 1886 803 3462 875">
     <span class='ocr_line' id='line_1_23' title="bbox 1886 803 3462 875; baseline -0.006 -5"><span class='ocrx_word' id='word_1_188' title='bbox 1886 815 2202 871; x_wconf 89' lang='lat' dir='ltr'><strong>stimentum</strong></span> <span class='ocrx_word' id='word_1_189' title='bbox 2248 819 2607 875; x_wconf 85' lang='lat' dir='ltr'><strong>veterascent,</strong></span> <span class='ocrx_word' id='word_1_190' title='bbox 2636 818 2691 865; x_wconf 91' lang='lat' dir='ltr'><strong>et</strong></span> <span class='ocrx_word' id='word_1_191' title='bbox 2721 809 2877 864; x_wconf 88' lang='lat' dir='ltr'><strong>velut</strong></span> <span class='ocrx_word' id='word_1_192' title='bbox 2924 807 3187 863; x_wconf 80' lang='lat' dir='ltr'><strong>amictum</strong></span> <span class='ocrx_word' id='word_1_193' title='bbox 3219 803 3462 861; x_wconf 82' lang='lat' dir='ltr'><strong>mutabis</strong></span> 
     </span>
    </p>
   </div>
   <div class='ocr_carea' id='block_1_24' title="bbox 1886 897 3463 970">
    <p class='ocr_par' dir='ltr' id='par_1_24' title="bbox 1886 897 3463 970">
     <span class='ocr_line' id='line_1_24' title="bbox 1886 897 3463 970; baseline -0.007 -9"><span class='ocrx_word' id='word_1_194' title='bbox 1886 920 2002 970; x_wconf 89' lang='lat' dir='ltr'><strong>eos,</strong></span> <span class='ocrx_word' id='word_1_195' title='bbox 2049 914 2103 961; x_wconf 90' lang='lat' dir='ltr'><strong>et</strong></span> <span class='ocrx_word' id='word_1_196' title='bbox 2154 904 2531 960; x_wconf 89' lang='lat' dir='ltr'><strong>mutabuntur.</strong></span> <span class='ocrx_word' id='word_1_197' title='bbox 2579 900 2663 956; x_wconf 87' lang='lat' dir='ltr'><strong>Tu</strong></span> <span class='ocrx_word' id='word_1_198' title='bbox 2715 910 2895 955; x_wconf 85' lang='lat' dir='ltr'><strong>autem</strong></span> <span class='ocrx_word' id='word_1_199' title='bbox 2927 899 3070 954; x_wconf 88' lang='lat' dir='ltr'><strong>idem</strong></span> <span class='ocrx_word' id='word_1_200' title='bbox 3122 897 3240 968; x_wconf 89' lang='lat' dir='ltr'><strong>ipse</strong></span> <span class='ocrx_word' id='word_1_201' title='bbox 3284 911 3367 964; x_wconf 91' lang='lat' dir='ltr'><strong>es,</strong></span> <span class='ocrx_word' id='word_1_202' title='bbox 3406 902 3463 950; x_wconf 89' lang='lat' dir='ltr'><strong>et</strong></span> 
     </span>
    </p>
   </div>
   <div class='ocr_carea' id='block_1_25' title="bbox 1886 989 3459 1062">
    <p class='ocr_par' dir='ltr' id='par_1_25' title="bbox 1886 989 3459 1062">
     <span class='ocr_line' id='line_1_25' title="bbox 1886 989 3459 1062; baseline -0.006 -7"><span class='ocrx_word' id='word_1_203' title='bbox 1886 1002 2016 1055; x_wconf 90' lang='lat' dir='ltr'><strong>anni</strong></span> <span class='ocrx_word' id='word_1_204' title='bbox 2048 999 2126 1055; x_wconf 89' lang='lat' dir='ltr'><strong>tui</strong></span> <span class='ocrx_word' id='word_1_205' title='bbox 2154 1015 2263 1055; x_wconf 90' lang='lat' dir='ltr'><strong>non</strong></span> <span class='ocrx_word' id='word_1_206' title='bbox 2283 997 2569 1062; x_wconf 82' lang='lat' dir='ltr'><strong>deﬁcient;</strong></span> <span class='ocrx_word' id='word_1_207' title='bbox 2604 1014 2623 1048; x_wconf 72' lang='grc' dir='ltr'>ι</span> <span class='ocrx_word' id='word_1_208' title='bbox 2657 1004 2714 1052; x_wconf 90' lang='lat' dir='ltr'><strong>et</strong></span> <span class='ocrx_word' id='word_1_209' title='bbox 2731 994 2988 1059; x_wconf 60' lang='lat' dir='ltr'><strong>iterum?“</strong></span> <span class='ocrx_word' id='word_1_210' title='bbox 3015 1010 3030 1047; x_wconf 89' lang='lat'><strong>:</strong></span> <span class='ocrx_word' id='word_1_211' title='bbox 3061 1009 3082 1044; x_wconf 78' lang='grc' dir='ltr'>ι</span> <span class='ocrx_word' id='word_1_212' title='bbox 3113 990 3275 1048; x_wconf 79' lang='lat' dir='ltr'><strong>Jesus</strong></span> <span class='ocrx_word' id='word_1_213' title='bbox 3296 989 3459 1046; x_wconf 86' lang='lat' dir='ltr'><strong>Chri-</strong></span> 
     </span>
    </p>
   </div>
   <div class='ocr_carea' id='block_1_26' title="bbox 1886 1083 3071 1156">
    <p class='ocr_par' dir='ltr' id='par_1_26' title="bbox 1886 1083 3071 1156">
     <span class='ocr_line' id='line_1_26' title="bbox 1886 1083 3071 1156; baseline -0.007 -10"><span class='ocrx_word' id='word_1_214' title='bbox 1886 1099 2006 1146; x_wconf 87' lang='lat' dir='ltr'><strong>stus</strong></span> <span class='ocrx_word' id='word_1_215' title='bbox 2039 1091 2158 1145; x_wconf 89' lang='lat' dir='ltr'><strong>heri</strong></span> <span class='ocrx_word' id='word_1_216' title='bbox 2183 1098 2239 1145; x_wconf 93' lang='lat' dir='ltr'><strong>et</strong></span> <span class='ocrx_word' id='word_1_217' title='bbox 2266 1087 2428 1142; x_wconf 87' lang='lat' dir='ltr'><strong>hodie</strong></span> <span class='ocrx_word' id='word_1_218' title='bbox 2453 1104 2468 1140; x_wconf 93' lang='lat'><strong>:</strong></span> <span class='ocrx_word' id='word_1_219' title='bbox 2496 1087 2612 1156; x_wconf 89' lang='lat' dir='ltr'><strong>ipse</strong></span> <span class='ocrx_word' id='word_1_220' title='bbox 2639 1095 2693 1140; x_wconf 90' lang='lat' dir='ltr'><strong>et</strong></span> <span class='ocrx_word' id='word_1_221' title='bbox 2717 1087 2772 1141; x_wconf 90' lang='lat' dir='ltr'><strong>in</strong></span> <span class='ocrx_word' id='word_1_222' title='bbox 2805 1083 3025 1140; x_wconf 71' lang='lat' dir='ltr'><strong>saecula.</strong></span> <span class='ocrx_word' id='word_1_223' title='bbox 3052 1102 3071 1137; x_wconf 71' lang='grc' dir='ltr'><strong>ι</strong></span> 
     </span>
    </p>
   </div>
   <div class='ocr_carea' id='block_1_27' title="bbox 1957 1175 3460 1250">
    <p class='ocr_par' dir='ltr' id='par_1_27' title="bbox 1957 1175 3460 1250">
     <span class='ocr_line' id='line_1_27' title="bbox 1957 1175 3460 1250; baseline -0.007 -13"><span class='ocrx_word' id='word_1_224' title='bbox 1957 1183 2011 1238; x_wconf 74' lang='grc'>4.</span> <span class='ocrx_word' id='word_1_225' title='bbox 2039 1181 2306 1237; x_wconf 82' lang='lat' dir='ltr'><strong>Praeterea</strong></span> <span class='ocrx_word' id='word_1_226' title='bbox 2339 1178 2604 1250; x_wconf 86' lang='lat' dir='ltr'><strong>quidquid</strong></span> <span class='ocrx_word' id='word_1_227' title='bbox 2631 1186 2715 1233; x_wconf 88' lang='lat' dir='ltr'><strong>est</strong></span> <span class='ocrx_word' id='word_1_228' title='bbox 2747 1176 2974 1242; x_wconf 88' lang='lat' dir='ltr'><strong>factum,</strong></span> <span class='ocrx_word' id='word_1_229' title='bbox 3007 1175 3209 1231; x_wconf 83' lang='lat' dir='ltr'><strong>factum</strong></span> <span class='ocrx_word' id='word_1_230' title='bbox 3230 1182 3315 1230; x_wconf 86' lang='lat' dir='ltr'><strong>est</strong></span> <span class='ocrx_word' id='word_1_231' title='bbox 3333 1187 3460 1229; x_wconf 88' lang='lat' dir='ltr'><strong>cum</strong></span> 
     </span>
    </p>
   </div>
   <div class='ocr_carea' id='block_1_28' title="bbox 1887 1263 3463 1345">
    <p class='ocr_par' dir='ltr' id='par_1_28' title="bbox 1887 1263 3463 1345">
     <span class='ocr_line' id='line_1_28' title="bbox 1887 1263 3463 1345; baseline -0.007 -15"><span class='ocrx_word' id='word_1_232' title='bbox 1887 1283 2045 1330; x_wconf 88' lang='lat' dir='ltr'><strong>antea</strong></span> <span class='ocrx_word' id='word_1_233' title='bbox 2087 1272 2225 1328; x_wconf 89' lang='lat' dir='ltr'><strong>nihil</strong></span> <span class='ocrx_word' id='word_1_234' title='bbox 2272 1279 2437 1345; x_wconf 81' lang='lat' dir='ltr'><strong>esset.</strong></span> <span class='ocrx_word' id='word_1_235' title='bbox 2495 1269 2633 1325; x_wconf 87' lang='lat' dir='ltr'><strong>Nam</strong></span> <span class='ocrx_word' id='word_1_236' title='bbox 2684 1277 2909 1332; x_wconf 89' lang='lat' dir='ltr'><strong>terram,</strong></span> <span class='ocrx_word' id='word_1_237' title='bbox 2959 1282 3082 1337; x_wconf 78' lang='lat' dir='ltr'><strong>quae</strong></span> <span class='ocrx_word' id='word_1_238' title='bbox 3122 1274 3280 1321; x_wconf 81' lang='lat' dir='ltr'><strong>antea</strong></span> <span class='ocrx_word' id='word_1_239' title='bbox 3324 1263 3463 1319; x_wconf 85' lang='lat' dir='ltr'><strong>nihil</strong></span> 
     </span>
    </p>
   </div>
   <div class='ocr_carea' id='block_1_29' title="bbox 1886 1363 3461 1434">
    <p class='ocr_par' dir='ltr' id='par_1_29' title="bbox 1886 1363 3461 1434">
     <span class='ocr_line' id='line_1_29' title="bbox 1886 1363 3461 1434; baseline -0.008 -12"><span class='ocrx_word' id='word_1_240' title='bbox 1886 1374 2027 1429; x_wconf 89' lang='lat' dir='ltr'><strong>erat,</strong></span> <span class='ocrx_word' id='word_1_241' title='bbox 2045 1364 2192 1421; x_wconf 86' lang='lat' dir='ltr'><strong>fecit.</strong></span> <span class='ocrx_word' id='word_1_242' title='bbox 2217 1363 2284 1418; x_wconf 88' lang='lat' dir='ltr'><strong>Et</strong></span> <span class='ocrx_word' id='word_1_243' title='bbox 2315 1363 2409 1434; x_wconf 87' lang='lat' dir='ltr'><strong>qui</strong></span> <span class='ocrx_word' id='word_1_244' title='bbox 2434 1381 2453 1414; x_wconf 88' lang='grc'><strong>‹</strong></span> <span class='ocrx_word' id='word_1_245' title='bbox 2476 1370 2635 1417; x_wconf 88' lang='lat' dir='ltr'><strong>vocat</strong></span> <span class='ocrx_word' id='word_1_246' title='bbox 2656 1376 2720 1416; x_wconf 88' lang='lat' dir='ltr'><strong>ea</strong></span> <span class='ocrx_word' id='word_1_247' title='bbox 2736 1376 2857 1431; x_wconf 65' lang='lat' dir='ltr'><strong>quae</strong></span> <span class='ocrx_word' id='word_1_248' title='bbox 2882 1375 2992 1414; x_wconf 90' lang='lat' dir='ltr'><strong>non</strong></span> <span class='ocrx_word' id='word_1_249' title='bbox 3028 1366 3177 1423; x_wconf 90' lang='lat' dir='ltr'><strong>sunt,</strong></span> <span class='ocrx_word' id='word_1_250' title='bbox 3200 1366 3461 1427; x_wconf 88' lang='lat' dir='ltr'><strong>tanquam</strong></span> 
     </span>
    </p>
   </div>
   <div class='ocr_carea' id='block_1_30' title="bbox 1886 1449 3463 1528">
    <p class='ocr_par' dir='ltr' id='par_1_30' title="bbox 1886 1449 3463 1528">
     <span class='ocr_line' id='line_1_30' title="bbox 1886 1449 3463 1528; baseline -0.008 -14"><span class='ocrx_word' id='word_1_251' title='bbox 1886 1474 1950 1513; x_wconf 86' lang='lat' dir='ltr'><strong>ea</strong></span> <span class='ocrx_word' id='word_1_252' title='bbox 1977 1473 2099 1528; x_wconf 69' lang='lat' dir='ltr'><strong>quae</strong></span> <span class='ocrx_word' id='word_1_253' title='bbox 2126 1468 2256 1514; x_wconf 90' lang='lat' dir='ltr'><strong>sunt</strong></span> <span class='ocrx_word' id='word_1_254' title='bbox 2279 1458 2348 1512; x_wconf 65' lang='lat'><strong>&#39;9.</strong></span> <span class='ocrx_word' id='word_1_255' title='bbox 2388 1475 2407 1508; x_wconf 71' lang='grc' dir='ltr'>ι</span> <span class='ocrx_word' id='word_1_256' title='bbox 2443 1455 2609 1526; x_wconf 90' lang='lat' dir='ltr'><strong>Atqui</strong></span> <span class='ocrx_word' id='word_1_257' title='bbox 2652 1468 2740 1509; x_wconf 91' lang='lat' dir='ltr'><strong>res</strong></span> <span class='ocrx_word' id='word_1_258' title='bbox 2772 1452 2949 1518; x_wconf 79' lang='lat' dir='ltr'><strong>factae,</strong></span> <span class='ocrx_word' id='word_1_259' title='bbox 2981 1460 3111 1507; x_wconf 88' lang='lat' dir='ltr'><strong>sunt</strong></span> <span class='ocrx_word' id='word_1_260' title='bbox 3142 1449 3271 1505; x_wconf 89' lang='lat' dir='ltr'><strong>item</strong></span> <span class='ocrx_word' id='word_1_261' title='bbox 3303 1462 3463 1504; x_wconf 89' lang='lat' dir='ltr'><strong>crea-</strong></span> 
     </span>
    </p>
   </div>
   <div class='ocr_carea' id='block_1_31' title="bbox 1886 1541 3461 1619">
    <p class='ocr_par' dir='ltr' id='par_1_31' title="bbox 1886 1541 3461 1619">
     <span class='ocr_line' id='line_1_31' title="bbox 1886 1541 3461 1619; baseline -0.008 -13"><span class='ocrx_word' id='word_1_262' title='bbox 1886 1560 1975 1607; x_wconf 67' lang='lat' dir='ltr'><strong>tae.</strong></span> <span class='ocrx_word' id='word_1_263' title='bbox 2016 1550 2224 1607; x_wconf 87' lang='lat' dir='ltr'><strong>Idcirco</strong></span> <span class='ocrx_word' id='word_1_264' title='bbox 2258 1550 2403 1607; x_wconf 91' lang='lat' dir='ltr'><strong>enim</strong></span> <span class='ocrx_word' id='word_1_265' title='bbox 2440 1548 2656 1603; x_wconf 90' lang='lat' dir='ltr'><strong>initium</strong></span> <span class='ocrx_word' id='word_1_266' title='bbox 2697 1544 2862 1619; x_wconf 66' lang='grc'><strong>548</strong></span> <span class='ocrx_word' id='word_1_267' title='bbox 2904 1543 3207 1601; x_wconf 82' lang='lat' dir='ltr'><strong>exsistendi</strong></span> <span class='ocrx_word' id='word_1_268' title='bbox 3240 1541 3461 1597; x_wconf 86' lang='lat' dir='ltr'><strong>habent.</strong></span> 
     </span>
    </p>
   </div>
   <div class='ocr_carea' id='block_1_32' title="bbox 1886 1635 3460 1714">
    <p class='ocr_par' dir='ltr' id='par_1_32' title="bbox 1886 1635 3460 1714">
     <span class='ocr_line' id='line_1_32' title="bbox 1886 1635 3460 1714; baseline -0.007 -17"><span class='ocrx_word' id='word_1_269' title='bbox 1886 1643 2023 1698; x_wconf 88' lang='lat' dir='ltr'><strong>Nam</strong></span> <span class='ocrx_word' id='word_1_270' title='bbox 2062 1663 2081 1696; x_wconf 79' lang='grc' dir='ltr'>ι</span> <span class='ocrx_word' id='word_1_271' title='bbox 2114 1644 2169 1698; x_wconf 91' lang='lat' dir='ltr'><strong>in</strong></span> <span class='ocrx_word' id='word_1_272' title='bbox 2195 1644 2465 1714; x_wconf 90' lang='lat' dir='ltr'><strong>principio</strong></span> <span class='ocrx_word' id='word_1_273' title='bbox 2492 1641 2622 1698; x_wconf 87' lang='lat' dir='ltr'><strong>fecit</strong></span> <span class='ocrx_word' id='word_1_274' title='bbox 2640 1639 2784 1694; x_wconf 85' lang='lat' dir='ltr'><strong>Deus</strong></span> <span class='ocrx_word' id='word_1_275' title='bbox 2813 1638 3012 1694; x_wconf 73' lang='lat' dir='ltr'><strong>coelum</strong></span> <span class='ocrx_word' id='word_1_276' title='bbox 3044 1644 3098 1691; x_wconf 91' lang='lat' dir='ltr'><strong>et</strong></span> <span class='ocrx_word' id='word_1_277' title='bbox 3119 1645 3319 1692; x_wconf 90' lang='lat' dir='ltr'><strong>terram</strong></span> <span class='ocrx_word' id='word_1_278' title='bbox 3343 1635 3412 1698; x_wconf 80' lang='grc' dir='ltr'><strong>³ο,</strong></span> <span class='ocrx_word' id='word_1_279' title='bbox 3438 1652 3460 1686; x_wconf 71' lang='grc' dir='ltr'>ι</span> 
     </span>
    </p>
   </div>
   <div class='ocr_carea' id='block_1_33' title="bbox 1886 1725 3464 1808">
    <p class='ocr_par' dir='ltr' id='par_1_33' title="bbox 1886 1725 3464 1808">
     <span class='ocr_line' id='line_1_33' title="bbox 1886 1725 3464 1808; baseline -0.008 -15"><span class='ocrx_word' id='word_1_280' title='bbox 1886 1752 2099 1793; x_wconf 89' lang='lat' dir='ltr'><strong>necnon</strong></span> <span class='ocrx_word' id='word_1_281' title='bbox 2137 1738 2320 1793; x_wconf 86' lang='lat' dir='ltr'><strong>omnia</strong></span> <span class='ocrx_word' id='word_1_282' title='bbox 2358 1751 2480 1808; x_wconf 72' lang='lat' dir='ltr'><strong>quae</strong></span> <span class='ocrx_word' id='word_1_283' title='bbox 2514 1735 2568 1790; x_wconf 89' lang='lat' dir='ltr'><strong>in</strong></span> <span class='ocrx_word' id='word_1_284' title='bbox 2595 1734 2676 1789; x_wconf 91' lang='lat' dir='ltr'><strong>eis</strong></span> <span class='ocrx_word' id='word_1_285' title='bbox 2714 1740 2860 1788; x_wconf 87' lang='lat' dir='ltr'><strong>sunt.</strong></span> <span class='ocrx_word' id='word_1_286' title='bbox 2892 1731 2960 1785; x_wconf 92' lang='lat' dir='ltr'><strong>Et</strong></span> <span class='ocrx_word' id='word_1_287' title='bbox 3018 1731 3258 1786; x_wconf 86' lang='lat' dir='ltr'><strong>iterum:</strong></span> <span class='ocrx_word' id='word_1_288' title='bbox 3296 1745 3316 1780; x_wconf 81' lang='grc' dir='ltr'><strong>ι</strong></span> <span class='ocrx_word' id='word_1_289' title='bbox 3344 1725 3464 1781; x_wconf 84' lang='lat' dir='ltr'><strong>Ma-</strong></span> 
     </span>
    </p>
   </div>
   <div class='ocr_carea' id='block_1_34' title="bbox 212 1816 1784 1896">
    <p class='ocr_par' dir='ltr' id='par_1_34' title="bbox 212 1821 1784 1896">
     <span class='ocr_line' id='line_1_34' title="bbox 212 1821 1784 1896; baseline 0.001 -20"><span class='ocrx_word' id='word_1_290' title='bbox 212 1822 291 1877; x_wconf 78' lang='grc' dir='ltr'>ὥν</span> <span class='ocrx_word' id='word_1_291' title='bbox 346 1824 463 1876; x_wconf 74' lang='grc' dir='ltr'>ἐστι</span> <span class='ocrx_word' id='word_1_292' title='bbox 510 1823 606 1876; x_wconf 78' lang='grc' dir='ltr'><strong>καὶ</strong></span> <span class='ocrx_word' id='word_1_293' title='bbox 644 1822 737 1876; x_wconf 77' lang='grc' dir='ltr'><strong>ἐπὶ</strong></span> <span class='ocrx_word' id='word_1_294' title='bbox 770 1822 987 1876; x_wconf 82' lang='grc' dir='ltr'>πάντων</span> <span class='ocrx_word' id='word_1_295' title='bbox 1021 1822 1156 1886; x_wconf 80' lang='grc' dir='ltr'>Θεὸς</span> <span class='ocrx_word' id='word_1_296' title='bbox 1181 1863 1197 1887; x_wconf 93' lang='grc'><strong>,</strong></span> <span class='ocrx_word' id='word_1_297' title='bbox 1238 1821 1315 1886; x_wconf 84' lang='grc' dir='ltr'>ὡς</span> <span class='ocrx_word' id='word_1_298' title='bbox 1363 1823 1391 1875; x_wconf 90' lang='lat'><strong>6</strong></span> <span class='ocrx_word' id='word_1_299' title='bbox 1418 1824 1607 1896; x_wconf 86' lang='grc' dir='ltr'>Πατήρ</span> <span class='ocrx_word' id='word_1_300' title='bbox 1631 1839 1646 1855; x_wconf 74' lang='grc'>⁸</span> <span class='ocrx_word' id='word_1_301' title='bbox 1694 1825 1784 1878; x_wconf 70' lang='grc' dir='ltr'><strong>καὶ</strong></span> 
     </span>
    </p>
   </div>
   <div class='ocr_carea' id='block_1_35' title="bbox 1894 1816 3468 1896">
    <p class='ocr_par' dir='ltr' id='par_1_35' title="bbox 1894 1816 3468 1887">
     <span class='ocr_line' id='line_1_35' title="bbox 1894 1816 3468 1887; baseline -0.007 -4"><span class='ocrx_word' id='word_1_302' title='bbox 1894 1844 1994 1884; x_wconf 91' lang='lat' dir='ltr'><strong>nus</strong></span> <span class='ocrx_word' id='word_1_303' title='bbox 2018 1844 2138 1885; x_wconf 89' lang='lat' dir='ltr'><strong>mea</strong></span> <span class='ocrx_word' id='word_1_304' title='bbox 2171 1827 2299 1883; x_wconf 77' lang='lat' dir='ltr'><strong>fecit</strong></span> <span class='ocrx_word' id='word_1_305' title='bbox 2323 1828 2440 1884; x_wconf 63' lang='lat' dir='ltr'><strong>haec</strong></span> <span class='ocrx_word' id='word_1_306' title='bbox 2463 1826 2648 1883; x_wconf 85' lang='lat' dir='ltr'><strong>omnia</strong></span> <span class='ocrx_word' id='word_1_307' title='bbox 2674 1824 2741 1879; x_wconf 82' lang='grc'><strong>³¹.</strong></span> <span class='ocrx_word' id='word_1_308' title='bbox 2785 1843 2803 1877; x_wconf 78' lang='grc' dir='ltr'><strong>ι</strong></span> <span class='ocrx_word' id='word_1_309' title='bbox 2839 1822 3013 1877; x_wconf 90' lang='lat' dir='ltr'><strong>Filius</strong></span> <span class='ocrx_word' id='word_1_310' title='bbox 3044 1829 3247 1887; x_wconf 90' lang='lat' dir='ltr'><strong>autem,</strong></span> <span class='ocrx_word' id='word_1_311' title='bbox 3275 1826 3337 1872; x_wconf 91' lang='lat' dir='ltr'><strong>ut</strong></span> <span class='ocrx_word' id='word_1_312' title='bbox 3362 1816 3468 1872; x_wconf 87' lang='lat' dir='ltr'><strong>Pa-</strong></span> 
     </span>
    </p>
   </div>
   <div class='ocr_carea' id='block_1_36' title="bbox 211 1914 1785 1987">
    <p class='ocr_par' dir='ltr' id='par_1_36' title="bbox 211 1914 1785 1987">
     <span class='ocr_line' id='line_1_36' title="bbox 211 1914 1785 1987; baseline 0.001 -17"><span class='ocrx_word' id='word_1_313' title='bbox 211 1916 377 1970; x_wconf 79' lang='grc' dir='ltr'>τοῦτο</span> <span class='ocrx_word' id='word_1_314' title='bbox 410 1914 519 1987; x_wconf 74' lang='grc'>(25)</span> <span class='ocrx_word' id='word_1_315' title='bbox 564 1914 706 1968; x_wconf 73' lang='grc' dir='ltr'><strong>οὕτω</strong></span> <span class='ocrx_word' id='word_1_316' title='bbox 724 1915 1026 1969; x_wconf 77' lang='grc' dir='ltr'><strong>δέδεικται·</strong></span> <span class='ocrx_word' id='word_1_317' title='bbox 1064 1915 1158 1969; x_wconf 77' lang='grc' dir='ltr'><strong>καὶ</strong></span> <span class='ocrx_word' id='word_1_318' title='bbox 1181 1914 1240 1969; x_wconf 82' lang='grc' dir='ltr'>οὐ</span> <span class='ocrx_word' id='word_1_319' title='bbox 1270 1915 1589 1987; x_wconf 84' lang='grc' dir='ltr'>ποιούμενός</span> <span class='ocrx_word' id='word_1_320' title='bbox 1617 1918 1785 1983; x_wconf 76' lang='grc' dir='ltr'>ἐστιν,</span> 
     </span>
    </p>
   </div>
   <div class='ocr_carea' id='block_1_37' title="bbox 212 2007 1788 2078">
    <p class='ocr_par' dir='ltr' id='par_1_37' title="bbox 212 2007 1788 2078">
     <span class='ocr_line' id='line_1_37' title="bbox 212 2007 1788 2078; baseline 0 -14"><span class='ocrx_word' id='word_1_321' title='bbox 212 2009 354 2064; x_wconf 83' lang='grc' dir='ltr'><strong>ἀλλὰ</strong></span> <span class='ocrx_word' id='word_1_322' title='bbox 387 2008 588 2063; x_wconf 75' lang='grc' dir='ltr'>ποιῶνο</span> <span class='ocrx_word' id='word_1_323' title='bbox 644 2008 743 2062; x_wconf 84' lang='grc' dir='ltr'><strong>καὶ</strong></span> <span class='ocrx_word' id='word_1_324' title='bbox 798 2009 859 2062; x_wconf 81' lang='grc' dir='ltr'>οὐ</span> <span class='ocrx_word' id='word_1_325' title='bbox 885 2007 1223 2078; x_wconf 83' lang='grc' dir='ltr'>κτιζόμενος,</span> <span class='ocrx_word' id='word_1_326' title='bbox 1278 2007 1415 2062; x_wconf 82' lang='grc' dir='ltr'>ἀλλὰ</span> <span class='ocrx_word' id='word_1_327' title='bbox 1464 2008 1665 2074; x_wconf 79' lang='grc' dir='ltr'><strong>κτίζων</strong></span> <span class='ocrx_word' id='word_1_328' title='bbox 1691 2012 1788 2064; x_wconf 62' lang='grc' dir='ltr'><strong>καὶ⁵</strong></span> 
     </span>
    </p>
   </div>
   <div class='ocr_carea' id='block_1_38' title="bbox 213 2099 1790 2173">
    <p class='ocr_par' dir='ltr' id='par_1_38' title="bbox 213 2099 1790 2173">
     <span class='ocr_line' id='line_1_38' title="bbox 213 2099 1790 2173; baseline 0 -18"><span class='ocrx_word' id='word_1_329' title='bbox 213 2102 388 2155; x_wconf 82' lang='grc' dir='ltr'>ποιῶν</span> <span class='ocrx_word' id='word_1_330' title='bbox 411 2101 480 2155; x_wconf 79' lang='grc' dir='ltr'>τὰ</span> <span class='ocrx_word' id='word_1_331' title='bbox 498 2100 635 2172; x_wconf 76' lang='grc' dir='ltr'>ἔργα</span> <span class='ocrx_word' id='word_1_332' title='bbox 661 2099 757 2154; x_wconf 81' lang='grc' dir='ltr'>τοῦ</span> <span class='ocrx_word' id='word_1_333' title='bbox 779 2099 1010 2171; x_wconf 85' lang='grc' dir='ltr'><strong>Πατρός.</strong></span> <span class='ocrx_word' id='word_1_334' title='bbox 1052 2100 1130 2153; x_wconf 91' lang='grc' dir='ltr'><strong>Δι’</strong></span> <span class='ocrx_word' id='word_1_335' title='bbox 1156 2100 1321 2153; x_wconf 78' lang='grc' dir='ltr'>αὐτοῦ</span> <span class='ocrx_word' id='word_1_336' title='bbox 1359 2100 1466 2173; x_wconf 85' lang='grc' dir='ltr'><strong>γὰρ</strong></span> <span class='ocrx_word' id='word_1_337' title='bbox 1503 2103 1553 2155; x_wconf 89' lang='grc' dir='ltr'>οἱ</span> <span class='ocrx_word' id='word_1_338' title='bbox 1594 2102 1790 2167; x_wconf 81' lang='grc' dir='ltr'>αἰῶνες</span> 
     </span>
    </p>
   </div>
   <div class='ocr_carea' id='block_1_39' title="bbox 213 2190 1788 2268">
    <p class='ocr_par' dir='ltr' id='par_1_39' title="bbox 213 2190 1788 2268">
     <span class='ocr_line' id='line_1_39' title="bbox 213 2190 1788 2268; baseline 0.002 -22"><span class='ocrx_word' id='word_1_339' title='bbox 213 2193 473 2262; x_wconf 78' lang='grc' dir='ltr'>γεγόνασι</span> <span class='ocrx_word' id='word_1_340' title='bbox 497 2208 510 2222; x_wconf 92' lang='grc'><strong>·</strong></span> <span class='ocrx_word' id='word_1_341' title='bbox 556 2193 651 2246; x_wconf 89' lang='grc' dir='ltr'>καί</span> <span class='ocrx_word' id='word_1_342' title='bbox 692 2191 868 2245; x_wconf 86' lang='grc' dir='ltr'>πάντα</span> <span class='ocrx_word' id='word_1_343' title='bbox 900 2190 966 2244; x_wconf 87' lang='grc' dir='ltr'><strong>δι’</strong></span> <span class='ocrx_word' id='word_1_344' title='bbox 1001 2191 1165 2246; x_wconf 79' lang='grc' dir='ltr'>αὑτοῦ</span> <span class='ocrx_word' id='word_1_345' title='bbox 1209 2193 1449 2261; x_wconf 81' lang='grc' dir='ltr'><strong>ἐγένετο·</strong></span> <span class='ocrx_word' id='word_1_346' title='bbox 1482 2194 1575 2248; x_wconf 83' lang='grc' dir='ltr'>καὶ</span> <span class='ocrx_word' id='word_1_347' title='bbox 1618 2196 1788 2268; x_wconf 79' lang='grc' dir='ltr'>χωρὶς</span> 
     </span>
    </p>
   </div>
   <div class='ocr_carea' id='block_1_40' title="bbox 212 2278 1791 2350">
    <p class='ocr_par' dir='ltr' id='par_1_40' title="bbox 212 2278 1791 2350">
     <span class='ocr_line' id='line_1_40' title="bbox 212 2278 1791 2350; baseline -0.001 -15"><span class='ocrx_word' id='word_1_348' title='bbox 212 2281 383 2336; x_wconf 78' lang='grc' dir='ltr'>αὐτοῦ</span> <span class='ocrx_word' id='word_1_349' title='bbox 415 2282 635 2350; x_wconf 78' lang='grc' dir='ltr'>ἐγένετο</span> <span class='ocrx_word' id='word_1_350' title='bbox 660 2280 782 2333; x_wconf 80' lang='grc' dir='ltr'>οὐδὲ</span> <span class='ocrx_word' id='word_1_351' title='bbox 810 2279 868 2334; x_wconf 75' lang='grc' dir='ltr'>ἓν</span> <span class='ocrx_word' id='word_1_352' title='bbox 887 2295 902 2310; x_wconf 77' lang='grc'><strong><em>⁸</em></strong></span> <span class='ocrx_word' id='word_1_353' title='bbox 942 2279 1019 2342; x_wconf 84' lang='grc' dir='ltr'>ὡς</span> <span class='ocrx_word' id='word_1_354' title='bbox 1045 2278 1102 2332; x_wconf 85' lang='grc' dir='ltr'><strong>δὲ</strong></span> <span class='ocrx_word' id='word_1_355' title='bbox 1147 2278 1468 2343; x_wconf 85' lang='grc' dir='ltr'>Ἀπόστολος</span> <span class='ocrx_word' id='word_1_356' title='bbox 1494 2279 1696 2347; x_wconf 79' lang='grc' dir='ltr'>ἐδίδαξε</span> <span class='ocrx_word' id='word_1_357' title='bbox 1728 2281 1791 2334; x_wconf 86' lang='grc' dir='ltr'><strong>τὸ</strong></span> 
     </span>
    </p>
   </div>
   <div class='ocr_carea' id='block_1_41' title="bbox 213 2371 1791 2445">
    <p class='ocr_par' dir='ltr' id='par_1_41' title="bbox 213 2371 1791 2445">
     <span class='ocr_line' id='line_1_41' title="bbox 213 2371 1791 2445; baseline 0 -19"><span class='ocrx_word' id='word_1_358' title='bbox 213 2375 273 2427; x_wconf 80' lang='grc' dir='ltr'>ὲν</span> <span class='ocrx_word' id='word_1_359' title='bbox 292 2376 373 2444; x_wconf 85' lang='grc' dir='ltr'><strong>τῷ</strong></span> <span class='ocrx_word' id='word_1_360' title='bbox 399 2372 598 2443; x_wconf 74' lang='grc' dir='ltr'>ψαλμῷ</span> <span class='ocrx_word' id='word_1_361' title='bbox 629 2371 763 2443; x_wconf 89' lang='grc'>(26),</span> <span class='ocrx_word' id='word_1_362' title='bbox 792 2371 955 2434; x_wconf 81' lang='grc' dir='ltr'>αὐτὸς</span> <span class='ocrx_word' id='word_1_363' title='bbox 972 2373 1094 2425; x_wconf 85' lang='grc' dir='ltr'>κατ’</span> <span class='ocrx_word' id='word_1_364' title='bbox 1119 2371 1294 2442; x_wconf 77' lang='grc' dir='ltr'>ἀρχὰς</span> <span class='ocrx_word' id='word_1_365' title='bbox 1327 2371 1427 2443; x_wconf 85' lang='grc' dir='ltr'>τὴν</span> <span class='ocrx_word' id='word_1_366' title='bbox 1464 2372 1568 2444; x_wconf 82' lang='grc' dir='ltr'><strong>γῆν</strong></span> <span class='ocrx_word' id='word_1_367' title='bbox 1598 2372 1791 2445; x_wconf 74' lang='grc' dir='ltr'>ἐθεμε-</span> 
     </span>
    </p>
   </div>
   <div class='ocr_carea' id='block_1_42' title="bbox 213 2462 1786 2537">
    <p class='ocr_par' dir='ltr' id='par_1_42' title="bbox 213 2462 1786 2537">
     <span class='ocr_line' id='line_1_42' title="bbox 213 2462 1786 2537; baseline 0.001 -18"><span class='ocrx_word' id='word_1_368' title='bbox 213 2465 397 2533; x_wconf 87' lang='grc' dir='ltr'>λίωσε,</span> <span class='ocrx_word' id='word_1_369' title='bbox 429 2464 525 2518; x_wconf 78' lang='grc' dir='ltr'><strong>καὶ</strong></span> <span class='ocrx_word' id='word_1_370' title='bbox 563 2463 699 2535; x_wconf 73' lang='grc' dir='ltr'>ἔργα</span> <span class='ocrx_word' id='word_1_371' title='bbox 723 2463 831 2517; x_wconf 83' lang='grc' dir='ltr'><strong>τῶν</strong></span> <span class='ocrx_word' id='word_1_372' title='bbox 861 2462 1059 2535; x_wconf 83' lang='grc' dir='ltr'>χειρῶν</span> <span class='ocrx_word' id='word_1_373' title='bbox 1094 2463 1259 2517; x_wconf 81' lang='grc' dir='ltr'>αὐτοῦ</span> <span class='ocrx_word' id='word_1_374' title='bbox 1293 2466 1432 2521; x_wconf 74' lang='grc' dir='ltr'>εἰσιν</span> <span class='ocrx_word' id='word_1_375' title='bbox 1465 2466 1512 2518; x_wconf 78' lang='lat' dir='ltr'><strong>oi</strong></span> <span class='ocrx_word' id='word_1_376' title='bbox 1548 2465 1786 2537; x_wconf 84' lang='grc' dir='ltr'>οὐρανοί.</span> 
     </span>
    </p>
   </div>
   <div class='ocr_carea' id='block_1_43' title="bbox 212 2555 1784 2628">
    <p class='ocr_par' dir='ltr' id='par_1_43' title="bbox 212 2555 1784 2628">
     <span class='ocr_line' id='line_1_43' title="bbox 212 2555 1784 2628; baseline -0.002 -15"><span class='ocrx_word' id='word_1_377' title='bbox 212 2559 327 2613; x_wconf 68' lang='grc' dir='ltr'><strong>Καὶ</strong></span> <span class='ocrx_word' id='word_1_378' title='bbox 349 2558 514 2612; x_wconf 85' lang='grc' dir='ltr'>πάλιν</span> <span class='ocrx_word' id='word_1_379' title='bbox 544 2556 651 2611; x_wconf 86' lang='grc' dir='ltr'><strong>τῶν</strong></span> <span class='ocrx_word' id='word_1_380' title='bbox 675 2558 987 2628; x_wconf 81' lang='grc' dir='ltr'><strong>κτισμάτων</strong></span> <span class='ocrx_word' id='word_1_381' title='bbox 1024 2556 1178 2611; x_wconf 79' lang='grc' dir='ltr'>οὐδέν</span> <span class='ocrx_word' id='word_1_382' title='bbox 1198 2557 1316 2610; x_wconf 75' lang='grc' dir='ltr'>ἐστι</span> <span class='ocrx_word' id='word_1_383' title='bbox 1344 2559 1411 2628; x_wconf 84' lang='grc' dir='ltr'>τῇ</span> <span class='ocrx_word' id='word_1_384' title='bbox 1441 2555 1600 2627; x_wconf 85' lang='grc' dir='ltr'>φύσει</span> <span class='ocrx_word' id='word_1_385' title='bbox 1625 2557 1784 2621; x_wconf 76' lang='grc' dir='ltr'><strong>Θεόςο</strong></span> 
     </span>
    </p>
   </div>
   <div class='ocr_carea' id='block_1_44' title="bbox 213 2643 1790 2717">
    <p class='ocr_par' dir='ltr' id='par_1_44' title="bbox 213 2643 1790 2717">
     <span class='ocr_line' id='line_1_44' title="bbox 213 2643 1790 2717; baseline -0.004 -15"><span class='ocrx_word' id='word_1_386' title='bbox 213 2647 329 2702; x_wconf 80' lang='grc' dir='ltr'>ἀλλ’</span> <span class='ocrx_word' id='word_1_387' title='bbox 362 2648 592 2703; x_wconf 72' lang='grc' dir='ltr'>ἕκαστον</span> <span class='ocrx_word' id='word_1_388' title='bbox 620 2646 728 2700; x_wconf 81' lang='grc' dir='ltr'>τῶν</span> <span class='ocrx_word' id='word_1_389' title='bbox 747 2647 1052 2717; x_wconf 82' lang='grc' dir='ltr'>γενομένων</span> <span class='ocrx_word' id='word_1_390' title='bbox 1072 2644 1101 2699; x_wconf 78' lang='grc' dir='ltr'>ὃ</span> <span class='ocrx_word' id='word_1_391' title='bbox 1123 2645 1216 2700; x_wconf 77' lang='grc' dir='ltr'><strong>καὶ</strong></span> <span class='ocrx_word' id='word_1_392' title='bbox 1243 2644 1432 2714; x_wconf 81' lang='grc' dir='ltr'>γέγονε</span> <span class='ocrx_word' id='word_1_393' title='bbox 1458 2643 1602 2716; x_wconf 88' lang='grc'>(27),</span> <span class='ocrx_word' id='word_1_394' title='bbox 1632 2644 1790 2697; x_wconf 79' lang='grc' dir='ltr'>τοῦτο</span> 
     </span>
    </p>
   </div>
   <div class='ocr_carea' id='block_1_45' title="bbox 213 2736 1790 2811">
    <p class='ocr_par' dir='ltr' id='par_1_45' title="bbox 213 2736 1790 2811">
     <span class='ocr_line' id='line_1_45' title="bbox 213 2736 1790 2811; baseline -0.003 -18"><span class='ocrx_word' id='word_1_395' title='bbox 213 2739 310 2793; x_wconf 77' lang='grc' dir='ltr'><strong>καὶ</strong></span> <span class='ocrx_word' id='word_1_396' title='bbox 336 2739 541 2811; x_wconf 79' lang='grc' dir='ltr'>ἐκλήθη</span> <span class='ocrx_word' id='word_1_397' title='bbox 567 2757 582 2771; x_wconf 73' lang='grc'><strong><em>⁸</em></strong></span> <span class='ocrx_word' id='word_1_398' title='bbox 621 2739 682 2793; x_wconf 83' lang='grc' dir='ltr'><strong>τὸ</strong></span> <span class='ocrx_word' id='word_1_399' title='bbox 709 2739 805 2810; x_wconf 86' lang='grc' dir='ltr'>μὲν</span> <span class='ocrx_word' id='word_1_400' title='bbox 860 2738 1107 2810; x_wconf 82' lang='grc' dir='ltr'>οὐρανὸς,</span> <span class='ocrx_word' id='word_1_401' title='bbox 1133 2737 1261 2793; x_wconf 76' lang='grc' dir='ltr'>ἄλλο</span> <span class='ocrx_word' id='word_1_402' title='bbox 1290 2737 1347 2790; x_wconf 84' lang='grc' dir='ltr'>δὲ</span> <span class='ocrx_word' id='word_1_403' title='bbox 1384 2739 1455 2808; x_wconf 84' lang='grc' dir='ltr'><strong>γῆ</strong></span> <span class='ocrx_word' id='word_1_404' title='bbox 1493 2736 1641 2808; x_wconf 84' lang='grc'>(28)·</span> <span class='ocrx_word' id='word_1_405' title='bbox 1696 2737 1790 2789; x_wconf 78' lang='grc' dir='ltr'><strong>καὶ</strong></span> 
     </span>
    </p>
   </div>
   <div class='ocr_carea' id='block_1_46' title="bbox 211 2828 1786 2903">
    <p class='ocr_par' dir='ltr' id='par_1_46' title="bbox 211 2828 1786 2903">
     <span class='ocr_line' id='line_1_46' title="bbox 211 2828 1786 2903; baseline -0.003 -17"><span class='ocrx_word' id='word_1_406' title='bbox 211 2833 264 2887; x_wconf 79' lang='grc' dir='ltr'>οἱ</span> <span class='ocrx_word' id='word_1_407' title='bbox 290 2832 389 2903; x_wconf 82' lang='grc' dir='ltr'>μὲν</span> <span class='ocrx_word' id='word_1_408' title='bbox 416 2832 729 2903; x_wconf 82' lang='grc' dir='ltr'><strong>φωστῆρες,</strong></span> <span class='ocrx_word' id='word_1_409' title='bbox 764 2830 836 2885; x_wconf 82' lang='grc' dir='ltr'><strong>τὰ</strong></span> <span class='ocrx_word' id='word_1_410' title='bbox 871 2831 930 2884; x_wconf 86' lang='grc' dir='ltr'><strong>δὲ</strong></span> <span class='ocrx_word' id='word_1_411' title='bbox 952 2832 1127 2902; x_wconf 78' lang='grc' dir='ltr'>ἄστρα</span> <span class='ocrx_word' id='word_1_412' title='bbox 1148 2845 1163 2860; x_wconf 74' lang='grc'>⁸</span> <span class='ocrx_word' id='word_1_413' title='bbox 1190 2831 1286 2884; x_wconf 75' lang='grc' dir='ltr'><strong>καὶ</strong></span> <span class='ocrx_word' id='word_1_414' title='bbox 1336 2829 1470 2884; x_wconf 85' lang='grc' dir='ltr'>ἄλλα</span> <span class='ocrx_word' id='word_1_415' title='bbox 1522 2828 1786 2893; x_wconf 88' lang='grc' dir='ltr'>θάλασσα,</span> 
     </span>
    </p>
   </div>
   <div class='ocr_carea' id='block_1_47' title="bbox 211 2920 1785 2996">
    <p class='ocr_par' dir='ltr' id='par_1_47' title="bbox 211 2920 1785 2996">
     <span class='ocr_line' id='line_1_47' title="bbox 211 2920 1785 2996; baseline -0.003 -19"><span class='ocrx_word' id='word_1_416' title='bbox 211 2925 311 2977; x_wconf 82' lang='grc' dir='ltr'>καί</span> <span class='ocrx_word' id='word_1_417' title='bbox 336 2923 581 2987; x_wconf 82' lang='grc' dir='ltr'>ἄϐυσσοι,</span> <span class='ocrx_word' id='word_1_418' title='bbox 612 2924 708 2977; x_wconf 76' lang='grc' dir='ltr'><strong>καὶ</strong></span> <span class='ocrx_word' id='word_1_419' title='bbox 723 2923 1061 2996; x_wconf 77' lang='grc' dir='ltr'><strong>τετράποδα⁸</strong></span> <span class='ocrx_word' id='word_1_420' title='bbox 1093 2921 1186 2976; x_wconf 72' lang='grc' dir='ltr'><strong>καὶ</strong></span> <span class='ocrx_word' id='word_1_421' title='bbox 1234 2920 1442 2987; x_wconf 83' lang='grc' dir='ltr'>λοιπὸν,</span> <span class='ocrx_word' id='word_1_422' title='bbox 1474 2920 1785 2993; x_wconf 74' lang='grc' dir='ltr'>ἄνθρωπος’</span> 
     </span>
    </p>
   </div>
   <div class='ocr_carea' id='block_1_48' title="bbox 210 3011 1791 3085">
    <p class='ocr_par' dir='ltr' id='par_1_48' title="bbox 210 3011 1791 3085">
     <span class='ocr_line' id='line_1_48' title="bbox 210 3011 1791 3085; baseline -0.003 -17"><span class='ocrx_word' id='word_1_423' title='bbox 210 3014 311 3068; x_wconf 77' lang='grc' dir='ltr'><strong>καὶ</strong></span> <span class='ocrx_word' id='word_1_424' title='bbox 332 3013 440 3085; x_wconf 81' lang='grc' dir='ltr'><strong>πρὸ</strong></span> <span class='ocrx_word' id='word_1_425' title='bbox 462 3016 667 3067; x_wconf 82' lang='grc' dir='ltr'>τούτων</span> <span class='ocrx_word' id='word_1_426' title='bbox 694 3012 933 3083; x_wconf 80' lang='grc' dir='ltr'>ἄγγελοι,</span> <span class='ocrx_word' id='word_1_427' title='bbox 966 3011 1061 3066; x_wconf 78' lang='grc' dir='ltr'><strong>καὶ</strong></span> <span class='ocrx_word' id='word_1_428' title='bbox 1088 3011 1419 3084; x_wconf 83' lang='grc' dir='ltr'>ἁρχάγγελοι</span> <span class='ocrx_word' id='word_1_429' title='bbox 1442 3011 1575 3083; x_wconf 86' lang='grc'>(29),</span> <span class='ocrx_word' id='word_1_430' title='bbox 1609 3028 1791 3083; x_wconf 86' lang='grc' dir='ltr'>χερου-</span> 
     </span>
    </p>
   </div>
   <div class='ocr_carea' id='block_1_49' title="bbox 212 3102 1790 3177">
    <p class='ocr_par' dir='ltr' id='par_1_49' title="bbox 212 3102 1790 3177">
     <span class='ocr_line' id='line_1_49' title="bbox 212 3102 1790 3177; baseline -0.001 -18"><span class='ocrx_word' id='word_1_431' title='bbox 212 3106 338 3176; x_wconf 78' lang='grc' dir='ltr'>ὁὶμ,</span> <span class='ocrx_word' id='word_1_432' title='bbox 373 3105 634 3177; x_wconf 85' lang='grc' dir='ltr'>σεραφὶμ,</span> <span class='ocrx_word' id='word_1_433' title='bbox 666 3104 759 3159; x_wconf 76' lang='grc' dir='ltr'>καὶ</span> <span class='ocrx_word' id='word_1_434' title='bbox 787 3105 1068 3177; x_wconf 86' lang='grc' dir='ltr'>δυνάμεις,</span> <span class='ocrx_word' id='word_1_435' title='bbox 1100 3104 1288 3175; x_wconf 79' lang='grc' dir='ltr'>ἀρχαὶ,</span> <span class='ocrx_word' id='word_1_436' title='bbox 1312 3102 1573 3169; x_wconf 76' lang='grc' dir='ltr'>ἐξουσίαι,</span> <span class='ocrx_word' id='word_1_437' title='bbox 1606 3105 1790 3176; x_wconf 87' lang='grc' dir='ltr'>κυριό-</span> 
     </span>
    </p>
   </div>
   <div class='ocr_carea' id='block_1_50' title="bbox 1887 1909 3466 1991">
    <p class='ocr_par' dir='ltr' id='par_1_50' title="bbox 1887 1909 3466 1991">
     <span class='ocr_line' id='line_1_50' title="bbox 1887 1909 3466 1991; baseline -0.009 -14"><span class='ocrx_word' id='word_1_438' title='bbox 1887 1930 1996 1989; x_wconf 89' lang='lat' dir='ltr'><strong>ter,</strong></span> <span class='ocrx_word' id='word_1_439' title='bbox 2033 1921 2179 1976; x_wconf 89' lang='lat' dir='ltr'><strong>Deus</strong></span> <span class='ocrx_word' id='word_1_440' title='bbox 2210 1929 2296 1977; x_wconf 91' lang='lat' dir='ltr'><strong>est</strong></span> <span class='ocrx_word' id='word_1_441' title='bbox 2320 1935 2484 1991; x_wconf 87' lang='lat' dir='ltr'><strong>super</strong></span> <span class='ocrx_word' id='word_1_442' title='bbox 2515 1917 2722 1984; x_wconf 85' lang='lat' dir='ltr'><strong>omnia,</strong></span> <span class='ocrx_word' id='word_1_443' title='bbox 2745 1915 2890 1985; x_wconf 90' lang='lat' dir='ltr'><strong>quod</strong></span> <span class='ocrx_word' id='word_1_444' title='bbox 2919 1912 3140 1984; x_wconf 90' lang='lat' dir='ltr'><strong>quidem</strong></span> <span class='ocrx_word' id='word_1_445' title='bbox 3176 1909 3466 1980; x_wconf 78' lang='lat' dir='ltr'><strong>probatum</strong></span> 
     </span>
    </p>
   </div>
   <div class='ocr_carea' id='block_1_51' title="bbox 1886 2000 3468 2082">
    <p class='ocr_par' dir='ltr' id='par_1_51' title="bbox 1886 2000 3468 2082">
     <span class='ocr_line' id='line_1_51' title="bbox 1886 2000 3468 2082; baseline -0.009 -12"><span class='ocrx_word' id='word_1_446' title='bbox 1886 2023 2008 2077; x_wconf 87' lang='lat' dir='ltr'><strong>est;</strong></span> <span class='ocrx_word' id='word_1_447' title='bbox 2039 2029 2140 2070; x_wconf 90' lang='lat' dir='ltr'><strong>nec</strong></span> <span class='ocrx_word' id='word_1_448' title='bbox 2167 2022 2252 2068; x_wconf 88' lang='lat' dir='ltr'><strong>est</strong></span> <span class='ocrx_word' id='word_1_449' title='bbox 2290 2027 2381 2067; x_wconf 91' lang='lat' dir='ltr'><strong>res</strong></span> <span class='ocrx_word' id='word_1_450' title='bbox 2427 2026 2549 2082; x_wconf 74' lang='lat' dir='ltr'><strong>quae</strong></span> <span class='ocrx_word' id='word_1_451' title='bbox 2583 2010 2681 2076; x_wconf 91' lang='lat' dir='ltr'><strong>Iit,</strong></span> <span class='ocrx_word' id='word_1_452' title='bbox 2733 2004 2827 2063; x_wconf 89' lang='lat' dir='ltr'><strong>sed</strong></span> <span class='ocrx_word' id='word_1_453' title='bbox 2861 2006 2976 2075; x_wconf 85' lang='lat' dir='ltr'><strong>ipse</strong></span> <span class='ocrx_word' id='word_1_454' title='bbox 3014 2018 3103 2058; x_wconf 90' lang='lat' dir='ltr'><strong>res</strong></span> <span class='ocrx_word' id='word_1_455' title='bbox 3152 2000 3320 2057; x_wconf 81' lang='lat' dir='ltr'><strong>facit:</strong></span> <span class='ocrx_word' id='word_1_456' title='bbox 3363 2014 3468 2056; x_wconf 91' lang='lat' dir='ltr'><strong>nec</strong></span> 
     </span>
    </p>
   </div>
   <div class='ocr_carea' id='block_1_52' title="bbox 1888 2091 3462 2175">
    <p class='ocr_par' dir='ltr' id='par_1_52' title="bbox 1888 2091 3462 2175">
     <span class='ocr_line' id='line_1_52' title="bbox 1888 2091 3462 2175; baseline -0.008 -15"><span class='ocrx_word' id='word_1_457' title='bbox 1888 2104 2125 2175; x_wconf 90' lang='lat' dir='ltr'><strong>denique</strong></span> <span class='ocrx_word' id='word_1_458' title='bbox 2149 2114 2387 2169; x_wconf 87' lang='lat' dir='ltr'><strong>creatur,</strong></span> <span class='ocrx_word' id='word_1_459' title='bbox 2413 2103 2507 2159; x_wconf 91' lang='lat' dir='ltr'><strong>sed</strong></span> <span class='ocrx_word' id='word_1_460' title='bbox 2534 2103 2651 2173; x_wconf 90' lang='lat' dir='ltr'><strong>ipse</strong></span> <span class='ocrx_word' id='word_1_461' title='bbox 2678 2099 2856 2155; x_wconf 83' lang='lat' dir='ltr'><strong>Patris</strong></span> <span class='ocrx_word' id='word_1_462' title='bbox 2878 2112 3041 2168; x_wconf 86' lang='lat' dir='ltr'><strong>opera</strong></span> <span class='ocrx_word' id='word_1_463' title='bbox 3064 2105 3214 2150; x_wconf 82' lang='lat' dir='ltr'><strong>creat</strong></span> <span class='ocrx_word' id='word_1_464' title='bbox 3233 2103 3287 2149; x_wconf 91' lang='lat' dir='ltr'><strong>et</strong></span> <span class='ocrx_word' id='word_1_465' title='bbox 3311 2091 3462 2149; x_wconf 83' lang='lat' dir='ltr'><strong>facit.</strong></span> 
     </span>
    </p>
   </div>
   <div class='ocr_carea' id='block_1_53' title="bbox 1889 2184 3465 2264">
    <p class='ocr_par' dir='ltr' id='par_1_53' title="bbox 1889 2184 3465 2264">
     <span class='ocr_line' id='line_1_53' title="bbox 1889 2184 3465 2264; baseline -0.006 -16"><span class='ocrx_word' id='word_1_466' title='bbox 1889 2194 2024 2250; x_wconf 81' lang='lat' dir='ltr'><strong>Nam</strong></span> <span class='ocrx_word' id='word_1_467' title='bbox 2054 2209 2150 2264; x_wconf 91' lang='lat' dir='ltr'><strong>per</strong></span> <span class='ocrx_word' id='word_1_468' title='bbox 2172 2193 2351 2264; x_wconf 89' lang='lat' dir='ltr'><strong>ipsum</strong></span> <span class='ocrx_word' id='word_1_469' title='bbox 2398 2200 2452 2247; x_wconf 88' lang='lat' dir='ltr'><strong>et</strong></span> <span class='ocrx_word' id='word_1_470' title='bbox 2486 2190 2746 2248; x_wconf 59' lang='lat' dir='ltr'><strong>saecula”</strong></span> <span class='ocrx_word' id='word_1_471' title='bbox 2780 2196 2836 2244; x_wconf 92' lang='lat' dir='ltr'><strong>et</strong></span> <span class='ocrx_word' id='word_1_472' title='bbox 2865 2186 3050 2243; x_wconf 86' lang='lat' dir='ltr'><strong>omnia</strong></span> <span class='ocrx_word' id='word_1_473' title='bbox 3079 2185 3220 2242; x_wconf 88' lang='lat' dir='ltr'><strong>facta</strong></span> <span class='ocrx_word' id='word_1_474' title='bbox 3254 2184 3465 2251; x_wconf 78' lang='lat' dir='ltr'><strong>sunt”,</strong></span> 
     </span>
    </p>
   </div>
   <div class='ocr_carea' id='block_1_54' title="bbox 1890 2266 3464 2354">
    <p class='ocr_par' dir='ltr' id='par_1_54' title="bbox 1890 2266 3464 2354">
     <span class='ocr_line' id='line_1_54' title="bbox 1890 2266 3464 2354; baseline -0.006 -14"><span class='ocrx_word' id='word_1_475' title='bbox 1890 2296 1946 2341; x_wconf 90' lang='lat' dir='ltr'><strong>et</strong></span> <span class='ocrx_word' id='word_1_476' title='bbox 1973 2285 2091 2341; x_wconf 86' lang='lat' dir='ltr'><strong>sine</strong></span> <span class='ocrx_word' id='word_1_477' title='bbox 2124 2285 2244 2354; x_wconf 89' lang='lat' dir='ltr'><strong>ipso</strong></span> <span class='ocrx_word' id='word_1_478' title='bbox 2273 2282 2479 2338; x_wconf 85' lang='lat' dir='ltr'><strong>factum</strong></span> <span class='ocrx_word' id='word_1_479' title='bbox 2510 2290 2594 2338; x_wconf 92' lang='lat' dir='ltr'><strong>est</strong></span> <span class='ocrx_word' id='word_1_480' title='bbox 2634 2266 2771 2337; x_wconf 85' lang='lat' dir='ltr'><strong>nihil</strong></span> <span class='ocrx_word' id='word_1_481' title='bbox 2799 2298 2814 2334; x_wconf 90' lang='lat'><strong>:</strong></span> <span class='ocrx_word' id='word_1_482' title='bbox 2848 2286 3034 2349; x_wconf 89' lang='lat' dir='ltr'><strong>atque,</strong></span> <span class='ocrx_word' id='word_1_483' title='bbox 3064 2284 3128 2332; x_wconf 92' lang='lat' dir='ltr'><strong>ut</strong></span> <span class='ocrx_word' id='word_1_484' title='bbox 3161 2275 3464 2346; x_wconf 81' lang='lat' dir='ltr'><strong>Apostolus</strong></span> 
     </span>
    </p>
   </div>
   <div class='ocr_carea' id='block_1_55' title="bbox 1888 2366 3489 2446">
    <p class='ocr_par' dir='ltr' id='par_1_55' title="bbox 1888 2366 3489 2446">
     <span class='ocr_line' id='line_1_55' title="bbox 1888 2366 3489 2446; baseline -0.006 -16"><span class='ocrx_word' id='word_1_485' title='bbox 1888 2390 1952 2431; x_wconf 82' lang='lat' dir='ltr'><strong>ex</strong></span> <span class='ocrx_word' id='word_1_486' title='bbox 1986 2374 2198 2446; x_wconf 90' lang='lat' dir='ltr'><strong>psalmo</strong></span> <span class='ocrx_word' id='word_1_487' title='bbox 2233 2373 2494 2437; x_wconf 82' lang='lat' dir='ltr'><strong>ostendit,</strong></span> <span class='ocrx_word' id='word_1_488' title='bbox 2524 2373 2644 2442; x_wconf 90' lang='lat' dir='ltr'><strong>ipse</strong></span> <span class='ocrx_word' id='word_1_489' title='bbox 2678 2370 2838 2425; x_wconf 90' lang='lat' dir='ltr'><strong>initio</strong></span> <span class='ocrx_word' id='word_1_490' title='bbox 2864 2380 3066 2425; x_wconf 90' lang='lat' dir='ltr'><strong>terram</strong></span> <span class='ocrx_word' id='word_1_491' title='bbox 3107 2366 3378 2433; x_wconf 86' lang='lat' dir='ltr'><strong>fundavit,</strong></span> <span class='ocrx_word' id='word_1_492' title='bbox 3413 2375 3489 2422; x_wconf 78' lang='lat' dir='ltr'><strong>et‘</strong></span> 
     </span>
    </p>
   </div>
   <div class='ocr_carea' id='block_1_56' title="bbox 1891 2457 3471 2538">
    <p class='ocr_par' dir='ltr' id='par_1_56' title="bbox 1891 2457 3471 2538">
     <span class='ocr_line' id='line_1_56' title="bbox 1891 2457 3471 2538; baseline -0.006 -16"><span class='ocrx_word' id='word_1_493' title='bbox 1891 2482 2056 2538; x_wconf 88' lang='lat' dir='ltr'><strong>opera</strong></span> <span class='ocrx_word' id='word_1_494' title='bbox 2078 2481 2341 2521; x_wconf 89' lang='lat' dir='ltr'><strong>manuum</strong></span> <span class='ocrx_word' id='word_1_495' title='bbox 2366 2464 2488 2536; x_wconf 87' lang='lat' dir='ltr'><strong>ejus</strong></span> <span class='ocrx_word' id='word_1_496' title='bbox 2521 2472 2650 2520; x_wconf 90' lang='lat' dir='ltr'><strong>sunt</strong></span> <span class='ocrx_word' id='word_1_497' title='bbox 2677 2462 2797 2518; x_wconf 69' lang='lat' dir='ltr'><strong>caeli</strong></span> <span class='ocrx_word' id='word_1_498' title='bbox 2825 2460 2892 2514; x_wconf 68' lang='grc'><strong>³⁸.</strong></span> <span class='ocrx_word' id='word_1_499' title='bbox 2922 2457 3173 2529; x_wconf 87' lang='lat' dir='ltr'><strong>Insuper,</strong></span> <span class='ocrx_word' id='word_1_500' title='bbox 3200 2457 3349 2513; x_wconf 89' lang='lat' dir='ltr'><strong>nulla</strong></span> <span class='ocrx_word' id='word_1_501' title='bbox 3379 2472 3471 2513; x_wconf 88' lang='lat' dir='ltr'><strong>res</strong></span> 
     </span>
    </p>
   </div>
   <div class='ocr_carea' id='block_1_57' title="bbox 1890 2546 3472 2623">
    <p class='ocr_par' dir='ltr' id='par_1_57' title="bbox 1890 2546 3472 2623">
     <span class='ocr_line' id='line_1_57' title="bbox 1890 2546 3472 2623; baseline -0.005 -11"><span class='ocrx_word' id='word_1_502' title='bbox 1890 2565 2073 2613; x_wconf 85' lang='lat' dir='ltr'><strong>creata</strong></span> <span class='ocrx_word' id='word_1_503' title='bbox 2126 2565 2321 2611; x_wconf 88' lang='lat' dir='ltr'><strong>natura</strong></span> <span class='ocrx_word' id='word_1_504' title='bbox 2374 2555 2520 2612; x_wconf 90' lang='lat' dir='ltr'><strong>Deus</strong></span> <span class='ocrx_word' id='word_1_505' title='bbox 2557 2563 2662 2622; x_wconf 91' lang='lat' dir='ltr'><strong>est,</strong></span> <span class='ocrx_word' id='word_1_506' title='bbox 2697 2555 2792 2610; x_wconf 90' lang='lat' dir='ltr'><strong>sed</strong></span> <span class='ocrx_word' id='word_1_507' title='bbox 2841 2550 3074 2623; x_wconf 83' lang='lat' dir='ltr'><strong>singulae</strong></span> <span class='ocrx_word' id='word_1_508' title='bbox 3121 2549 3265 2620; x_wconf 91' lang='lat' dir='ltr'><strong>quod</strong></span> <span class='ocrx_word' id='word_1_509' title='bbox 3312 2546 3472 2604; x_wconf 68' lang='lat' dir='ltr'><strong>facta:</strong></span> 
     </span>
    </p>
   </div>
   <div class='ocr_carea' id='block_1_58' title="bbox 1889 2639 3471 2719">
    <p class='ocr_par' dir='ltr' id='par_1_58' title="bbox 1889 2639 3471 2719">
     <span class='ocr_line' id='line_1_58' title="bbox 1889 2639 3471 2719; baseline -0.006 -15"><span class='ocrx_word' id='word_1_510' title='bbox 1889 2658 2036 2714; x_wconf 86' lang='lat' dir='ltr'><strong>sunt,</strong></span> <span class='ocrx_word' id='word_1_511' title='bbox 2056 2649 2290 2719; x_wconf 89' lang='lat' dir='ltr'><strong>idipsum</strong></span> <span class='ocrx_word' id='word_1_512' title='bbox 2309 2647 2590 2719; x_wconf 75' lang='lat' dir='ltr'><strong>appellatae</strong></span> <span class='ocrx_word' id='word_1_513' title='bbox 2617 2654 2747 2702; x_wconf 91' lang='lat' dir='ltr'><strong>sunt</strong></span> <span class='ocrx_word' id='word_1_514' title='bbox 2774 2644 2937 2700; x_wconf 90' lang='lat' dir='ltr'><strong>:hinc</strong></span> <span class='ocrx_word' id='word_1_515' title='bbox 2964 2642 3335 2708; x_wconf 87' lang='lat' dir='ltr'><strong>alia,coelum,</strong></span> <span class='ocrx_word' id='word_1_516' title='bbox 3363 2639 3471 2695; x_wconf 86' lang='lat' dir='ltr'><strong>alia</strong></span> 
     </span>
    </p>
   </div>
   <div class='ocr_carea' id='block_1_59' title="bbox 1891 2731 3470 2818">
    <p class='ocr_par' dir='ltr' id='par_1_59' title="bbox 1891 2731 3470 2818">
     <span class='ocr_line' id='line_1_59' title="bbox 1891 2731 3470 2818; baseline -0.005 -23"><span class='ocrx_word' id='word_1_517' title='bbox 1891 2748 2033 2795; x_wconf 86' lang='lat' dir='ltr'><strong>terra</strong></span> <span class='ocrx_word' id='word_1_518' title='bbox 2059 2741 2205 2796; x_wconf 88' lang='lat' dir='ltr'><strong>dicta</strong></span> <span class='ocrx_word' id='word_1_519' title='bbox 2241 2752 2365 2795; x_wconf 86' lang='lat' dir='ltr'><strong>est:</strong></span> <span class='ocrx_word' id='word_1_520' title='bbox 2396 2740 2537 2818; x_wconf 81' lang='lat' dir='ltr'><strong>aliae,</strong></span> <span class='ocrx_word' id='word_1_521' title='bbox 2572 2736 2895 2801; x_wconf 90' lang='lat' dir='ltr'><strong>luminaria;</strong></span> <span class='ocrx_word' id='word_1_522' title='bbox 2929 2735 3070 2803; x_wconf 67' lang='lat' dir='ltr'><strong>alias,</strong></span> <span class='ocrx_word' id='word_1_523' title='bbox 3101 2742 3288 2802; x_wconf 87' lang='lat' dir='ltr'><strong>astra;</strong></span> <span class='ocrx_word' id='word_1_524' title='bbox 3326 2731 3470 2799; x_wconf 62' lang='lat' dir='ltr'><strong>alia),</strong></span> 
     </span>
    </p>
   </div>
   <div class='ocr_carea' id='block_1_60' title="bbox 1888 2829 3474 2903">
    <p class='ocr_par' dir='ltr' id='par_1_60' title="bbox 1888 2829 3474 2903">
     <span class='ocr_line' id='line_1_60' title="bbox 1888 2829 3474 2903; baseline -0.002 -18"><span class='ocrx_word' id='word_1_525' title='bbox 1888 2832 2083 2899; x_wconf 87' lang='lat' dir='ltr'><strong>maria,</strong></span> <span class='ocrx_word' id='word_1_526' title='bbox 2107 2832 2291 2903; x_wconf 87' lang='lat' dir='ltr'><strong>abyssi</strong></span> <span class='ocrx_word' id='word_1_527' title='bbox 2319 2838 2374 2886; x_wconf 90' lang='lat' dir='ltr'><strong>et</strong></span> <span class='ocrx_word' id='word_1_528' title='bbox 2390 2830 2793 2902; x_wconf 90' lang='lat' dir='ltr'><strong>quadrupedes,</strong></span> <span class='ocrx_word' id='word_1_529' title='bbox 2822 2830 3060 2901; x_wconf 88' lang='lat' dir='ltr'><strong>aliaque,</strong></span> <span class='ocrx_word' id='word_1_530' title='bbox 3090 2829 3258 2886; x_wconf 85' lang='lat' dir='ltr'><strong>homo</strong></span> <span class='ocrx_word' id='word_1_531' title='bbox 3282 2847 3297 2884; x_wconf 93' lang='lat'><strong>:</strong></span> <span class='ocrx_word' id='word_1_532' title='bbox 3333 2839 3391 2884; x_wconf 89' lang='lat' dir='ltr'><strong>ut</strong></span> <span class='ocrx_word' id='word_1_533' title='bbox 3416 2835 3474 2883; x_wconf 90' lang='lat' dir='ltr'><strong>et</strong></span> 
     </span>
    </p>
   </div>
   <div class='ocr_carea' id='block_1_61' title="bbox 1889 2920 3470 2994">
    <p class='ocr_par' dir='ltr' id='par_1_61' title="bbox 1889 2920 3470 2994">
     <span class='ocr_line' id='line_1_61' title="bbox 1889 2920 3470 2994; baseline -0.001 -18"><span class='ocrx_word' id='word_1_534' title='bbox 1889 2929 2015 2977; x_wconf 88' lang='lat' dir='ltr'><strong>ante</strong></span> <span class='ocrx_word' id='word_1_535' title='bbox 2032 2938 2119 2978; x_wconf 92' lang='lat' dir='ltr'><strong>res</strong></span> <span class='ocrx_word' id='word_1_536' title='bbox 2136 2923 2258 2977; x_wconf 88' lang='lat' dir='ltr'><strong>illas</strong></span> <span class='ocrx_word' id='word_1_537' title='bbox 2273 2922 2472 2993; x_wconf 86' lang='lat' dir='ltr'><strong>angeli,</strong></span> <span class='ocrx_word' id='word_1_538' title='bbox 2496 2922 2830 2994; x_wconf 83' lang='lat' dir='ltr'><strong>archangeli,</strong></span> <span class='ocrx_word' id='word_1_539' title='bbox 2847 2922 3156 2988; x_wconf 89' lang='lat' dir='ltr'><strong>cherubim,</strong></span> <span class='ocrx_word' id='word_1_540' title='bbox 3174 2920 3470 2992; x_wconf 86' lang='lat' dir='ltr'><strong>seraphim,</strong></span> 
     </span>
    </p>
   </div>
   <div class='ocr_carea' id='block_1_62' title="bbox 1899 3012 3474 3086">
    <p class='ocr_par' dir='ltr' id='par_1_62' title="bbox 1899 3012 3474 3086">
     <span class='ocr_line' id='line_1_62' title="bbox 1899 3012 3474 3086; baseline -0.001 -19"><span class='ocrx_word' id='word_1_541' title='bbox 1899 3014 2155 3082; x_wconf 81' lang='lat' dir='ltr'><strong>virtutes,</strong></span> <span class='ocrx_word' id='word_1_542' title='bbox 2176 3014 2538 3086; x_wconf 87' lang='lat' dir='ltr'><strong>principatus,</strong></span> <span class='ocrx_word' id='word_1_543' title='bbox 2567 3020 2890 3084; x_wconf 85' lang='lat' dir='ltr'><strong>potestates,</strong></span> <span class='ocrx_word' id='word_1_544' title='bbox 2919 3012 3344 3077; x_wconf 87' lang='lat' dir='ltr'><strong>dominationes,</strong></span> <span class='ocrx_word' id='word_1_545' title='bbox 3372 3025 3474 3082; x_wconf 86' lang='lat' dir='ltr'><strong>pa-</strong></span> 
     </span>
    </p>
   </div>
   <div class='ocr_carea' id='block_1_63' title="bbox 1888 3102 3468 3175">
    <p class='ocr_par' dir='ltr' id='par_1_63' title="bbox 1888 3102 3468 3175">
     <span class='ocr_line' id='line_1_63' title="bbox 1888 3102 3468 3175; baseline -0.001 -17"><span class='ocrx_word' id='word_1_546' title='bbox 1888 3106 2140 3161; x_wconf 87' lang='lat' dir='ltr'><strong>radisus:</strong></span> <span class='ocrx_word' id='word_1_547' title='bbox 2191 3113 2355 3175; x_wconf 88' lang='lat' dir='ltr'><strong>atque</strong></span> <span class='ocrx_word' id='word_1_548' title='bbox 2400 3105 2476 3159; x_wconf 90' lang='lat' dir='ltr'><strong>ita</strong></span> <span class='ocrx_word' id='word_1_549' title='bbox 2523 3119 2613 3159; x_wconf 91' lang='lat' dir='ltr'><strong>res</strong></span> <span class='ocrx_word' id='word_1_550' title='bbox 2652 3104 2760 3159; x_wconf 55' lang='lat' dir='ltr'><strong>illae</strong></span> <span class='ocrx_word' id='word_1_551' title='bbox 2814 3102 3044 3175; x_wconf 80' lang='lat' dir='ltr'><strong>singulae</strong></span> <span class='ocrx_word' id='word_1_552' title='bbox 3094 3110 3468 3174; x_wconf 85' lang='lat' dir='ltr'><strong>perseverant.</strong></span> 
     </span>
    </p>
   </div>
   <div class='ocr_carea' id='block_1_64' title="bbox 210 3170 1784 3278">
    <p class='ocr_par' dir='ltr' id='par_1_64' title="bbox 210 3170 1784 3269">
     <span class='ocr_line' id='line_1_64' title="bbox 210 3170 1784 3269; baseline 0 -19"><span class='ocrx_word' id='word_1_553' title='bbox 210 3170 734 3269; x_wconf 41' lang='grc' dir='ltr'>ατη-τεςηταραέεισος</span> <span class='ocrx_word' id='word_1_554' title='bbox 751 3214 765 3228; x_wconf 88' lang='grc'><strong>·</strong></span> <span class='ocrx_word' id='word_1_555' title='bbox 795 3197 890 3250; x_wconf 74' lang='grc' dir='ltr'>καὶ</span> <span class='ocrx_word' id='word_1_556' title='bbox 906 3170 1079 3260; x_wconf 73' lang='grc' dir='ltr'>οὕτως</span> <span class='ocrx_word' id='word_1_557' title='bbox 1101 3170 1334 3250; x_wconf 53' lang='grc' dir='ltr'>ἐξαπον</span> <span class='ocrx_word' id='word_1_558' title='bbox 1351 3195 1615 3266; x_wconf 83' lang='grc' dir='ltr'>διαμένει.</span> <span class='ocrx_word' id='word_1_559' title='bbox 1647 3170 1712 3249; x_wconf 58' lang='lat' dir='ltr'><strong>El</strong></span> <span class='ocrx_word' id='word_1_560' title='bbox 1731 3195 1784 3250; x_wconf 83' lang='grc' dir='ltr'><strong>δὲ</strong></span> 
     </span>
    </p>
   </div>
   <div class='ocr_carea' id='block_1_65' title="bbox 1894 3170 3472 3278">
    <p class='ocr_par' dir='ltr' id='par_1_65' title="bbox 1894 3170 3472 3278">
     <span class='ocr_line' id='line_1_65' title="bbox 1894 3170 3472 3278; baseline 0.001 -27"><span class='ocrx_word' id='word_1_561' title='bbox 1894 3196 2046 3263; x_wconf 81' lang='lat' dir='ltr'><strong>Quod</strong></span> <span class='ocrx_word' id='word_1_562' title='bbox 2077 3197 2124 3253; x_wconf 91' lang='lat' dir='ltr'><strong>si</strong></span> <span class='ocrx_word' id='word_1_563' title='bbox 2161 3170 2410 3252; x_wconf 79' lang='lat' dir='ltr'><strong>nonnulli</strong></span> <span class='ocrx_word' id='word_1_564' title='bbox 2455 3196 2532 3251; x_wconf 87' lang='lat' dir='ltr'><strong>dii</strong></span> <span class='ocrx_word' id='word_1_565' title='bbox 2561 3196 2815 3278; x_wconf 85' lang='lat' dir='ltr'><strong>appellati</strong></span> <span class='ocrx_word' id='word_1_566' title='bbox 2864 3170 3033 3252; x_wconf 75' lang='lat' dir='ltr'><strong>sunt:</strong></span> <span class='ocrx_word' id='word_1_567' title='bbox 3071 3170 3219 3252; x_wconf 72' lang='lat' dir='ltr'><strong>certe</strong></span> <span class='ocrx_word' id='word_1_568' title='bbox 3257 3211 3368 3252; x_wconf 90' lang='lat' dir='ltr'><strong>nou</strong></span> <span class='ocrx_word' id='word_1_569' title='bbox 3401 3211 3472 3252; x_wconf 74' lang='lat' dir='ltr'><strong>ex</strong></span> 
     </span>
    </p>
   </div>
   <div class='ocr_carea' id='block_1_66' title="bbox 211 3288 1790 3362">
    <p class='ocr_par' dir='ltr' id='par_1_66' title="bbox 211 3288 1790 3362">
     <span class='ocr_line' id='line_1_66' title="bbox 211 3288 1790 3362; baseline -0.001 -18"><span class='ocrx_word' id='word_1_570' title='bbox 211 3290 311 3344; x_wconf 76' lang='grc' dir='ltr'>καὶ</span> <span class='ocrx_word' id='word_1_571' title='bbox 330 3289 442 3344; x_wconf 89' lang='grc' dir='ltr'>θεοί</span> <span class='ocrx_word' id='word_1_572' title='bbox 466 3307 611 3353; x_wconf 89' lang='grc' dir='ltr'>τινες</span> <span class='ocrx_word' id='word_1_573' title='bbox 635 3288 940 3362; x_wconf 79' lang='grc' dir='ltr'><strong>ἐκλήθησαν</strong></span> <span class='ocrx_word' id='word_1_574' title='bbox 956 3288 1092 3361; x_wconf 78' lang='grc'>(50),</span> <span class='ocrx_word' id='word_1_575' title='bbox 1111 3289 1227 3344; x_wconf 82' lang='grc' dir='ltr'>ἀλλ’</span> <span class='ocrx_word' id='word_1_576' title='bbox 1257 3289 1318 3343; x_wconf 84' lang='grc' dir='ltr'>οὐ</span> <span class='ocrx_word' id='word_1_577' title='bbox 1341 3292 1407 3361; x_wconf 81' lang='grc' dir='ltr'>τῇ</span> <span class='ocrx_word' id='word_1_578' title='bbox 1442 3290 1623 3359; x_wconf 78' lang='grc' dir='ltr'>φύσει,</span> <span class='ocrx_word' id='word_1_579' title='bbox 1654 3290 1790 3344; x_wconf 83' lang='grc' dir='ltr'>ἀλλὰ</span> 
     </span>
    </p>
   </div>
   <div class='ocr_carea' id='block_1_67' title="bbox 209 3376 1785 3453">
    <p class='ocr_par' dir='ltr' id='par_1_67' title="bbox 209 3376 1785 3453">
     <span class='ocr_line' id='line_1_67' title="bbox 209 3376 1785 3453; baseline 0.003 -21"><span class='ocrx_word' id='word_1_580' title='bbox 209 3383 281 3452; x_wconf 81' lang='grc' dir='ltr'>τῇ</span> <span class='ocrx_word' id='word_1_581' title='bbox 314 3380 573 3452; x_wconf 79' lang='grc' dir='ltr'>μετουσίᾳ</span> <span class='ocrx_word' id='word_1_582' title='bbox 596 3380 692 3435; x_wconf 77' lang='grc' dir='ltr'><strong>τοῦ</strong></span> <span class='ocrx_word' id='word_1_583' title='bbox 720 3379 874 3436; x_wconf 81' lang='grc' dir='ltr'><strong>Υίοῦ.</strong></span> <span class='ocrx_word' id='word_1_584' title='bbox 913 3381 1070 3435; x_wconf 74' lang='grc' dir='ltr'><strong>Οὕτω</strong></span> <span class='ocrx_word' id='word_1_585' title='bbox 1099 3381 1210 3453; x_wconf 87' lang='grc' dir='ltr'>γὰρ</span> <span class='ocrx_word' id='word_1_586' title='bbox 1251 3381 1346 3435; x_wconf 78' lang='grc' dir='ltr'><strong>καὶ</strong></span> <span class='ocrx_word' id='word_1_587' title='bbox 1390 3381 1550 3445; x_wconf 86' lang='grc' dir='ltr'>αὐτὸς</span> <span class='ocrx_word' id='word_1_588' title='bbox 1596 3376 1750 3438; x_wconf 78' lang='grc' dir='ltr'>εἶπεν</span> <span class='ocrx_word' id='word_1_589' title='bbox 1771 3400 1785 3414; x_wconf 76' lang='grc' dir='ltr'><strong><em>ο</em></strong></span> 
     </span>
    </p>
   </div>
   <div class='ocr_carea' id='block_1_68' title="bbox 217 3470 1788 3545">
    <p class='ocr_par' dir='ltr' id='par_1_68' title="bbox 217 3470 1788 3545">
     <span class='ocr_line' id='line_1_68' title="bbox 217 3470 1788 3545; baseline 0.001 -19"><span class='ocrx_word' id='word_1_590' title='bbox 217 3495 238 3526; x_wconf 75' lang='grc' dir='ltr'><strong>ι</strong></span> <span class='ocrx_word' id='word_1_591' title='bbox 276 3475 342 3528; x_wconf 86' lang='grc' dir='ltr'><strong>Εἰ</strong></span> <span class='ocrx_word' id='word_1_592' title='bbox 363 3474 602 3537; x_wconf 79' lang='grc' dir='ltr'><strong>ἐκείνους</strong></span> <span class='ocrx_word' id='word_1_593' title='bbox 630 3470 778 3527; x_wconf 76' lang='grc' dir='ltr'>εἶπεν</span> <span class='ocrx_word' id='word_1_594' title='bbox 806 3473 980 3538; x_wconf 80' lang='grc' dir='ltr'>θεοὺς,</span> <span class='ocrx_word' id='word_1_595' title='bbox 1004 3472 1141 3545; x_wconf 81' lang='grc' dir='ltr'>πρὸς</span> <span class='ocrx_word' id='word_1_596' title='bbox 1162 3471 1256 3536; x_wconf 83' lang='grc' dir='ltr'>οὓς</span> <span class='ocrx_word' id='word_1_597' title='bbox 1280 3475 1308 3526; x_wconf 97' lang='lat'><strong>6</strong></span> <span class='ocrx_word' id='word_1_598' title='bbox 1332 3473 1503 3542; x_wconf 81' lang='grc' dir='ltr'><strong>Λόγος</strong></span> <span class='ocrx_word' id='word_1_599' title='bbox 1529 3471 1620 3527; x_wconf 82' lang='grc' dir='ltr'>τοῦ</span> <span class='ocrx_word' id='word_1_600' title='bbox 1653 3471 1788 3528; x_wconf 77' lang='grc' dir='ltr'>Θεοῦ</span> 
     </span>
    </p>
   </div>
   <div class='ocr_carea' id='block_1_69' title="bbox 211 3564 1790 3638">
    <p class='ocr_par' dir='ltr' id='par_1_69' title="bbox 211 3564 1790 3638">
     <span class='ocr_line' id='line_1_69' title="bbox 211 3564 1790 3638; baseline 0 -19"><span class='ocrx_word' id='word_1_601' title='bbox 211 3568 434 3635; x_wconf 72' lang='grc' dir='ltr'>ἐγένετο</span> <span class='ocrx_word' id='word_1_602' title='bbox 469 3566 603 3638; x_wconf 75' lang='lat' dir='ltr'><strong>(5i).</strong></span> <span class='ocrx_word' id='word_1_603' title='bbox 647 3586 667 3618; x_wconf 79' lang='grc' dir='ltr'><strong>ι</strong></span> <span class='ocrx_word' id='word_1_604' title='bbox 698 3566 808 3631; x_wconf 74' lang='grc' dir='ltr'>Διὺ,</span> <span class='ocrx_word' id='word_1_605' title='bbox 843 3565 917 3638; x_wconf 83' lang='grc' dir='ltr'>μὴ</span> <span class='ocrx_word' id='word_1_606' title='bbox 949 3564 1102 3629; x_wconf 76' lang='grc' dir='ltr'>ὅντες</span> <span class='ocrx_word' id='word_1_607' title='bbox 1134 3567 1200 3637; x_wconf 84' lang='grc' dir='ltr'><strong>τῇ</strong></span> <span class='ocrx_word' id='word_1_608' title='bbox 1241 3564 1401 3634; x_wconf 75' lang='grc' dir='ltr'>φύσει</span> <span class='ocrx_word' id='word_1_609' title='bbox 1454 3564 1588 3634; x_wconf 77' lang='grc' dir='ltr'>θεοὶ,</span> <span class='ocrx_word' id='word_1_610' title='bbox 1641 3565 1790 3620; x_wconf 74' lang='grc' dir='ltr'>ἔστιν</span> 
     </span>
    </p>
   </div>
   <div class='ocr_carea' id='block_1_70' title="bbox 210 3652 1793 3731">
    <p class='ocr_par' dir='ltr' id='par_1_70' title="bbox 210 3652 1793 3731">
     <span class='ocr_line' id='line_1_70' title="bbox 210 3652 1793 3731; baseline 0 -19"><span class='ocrx_word' id='word_1_611' title='bbox 210 3659 306 3712; x_wconf 81' lang='grc' dir='ltr'><strong>ὅτε</strong></span> <span class='ocrx_word' id='word_1_612' title='bbox 334 3659 479 3723; x_wconf 75' lang='grc' dir='ltr'>τινες</span> <span class='ocrx_word' id='word_1_613' title='bbox 526 3659 839 3731; x_wconf 74' lang='grc' dir='ltr'>τρέπονται,</span> <span class='ocrx_word' id='word_1_614' title='bbox 866 3658 1154 3721; x_wconf 83' lang='grc' dir='ltr'>ἀκούοντες</span> <span class='ocrx_word' id='word_1_615' title='bbox 1177 3674 1191 3688; x_wconf 90' lang='grc'>·</span> <span class='ocrx_word' id='word_1_616' title='bbox 1232 3675 1253 3709; x_wconf 77' lang='grc' dir='ltr'><strong>ι</strong></span> <span class='ocrx_word' id='word_1_617' title='bbox 1303 3656 1445 3726; x_wconf 84' lang='grc' dir='ltr'><strong>Ἐγὼ</strong></span> <span class='ocrx_word' id='word_1_618' title='bbox 1477 3652 1605 3712; x_wconf 78' lang='grc' dir='ltr'>εἶπα</span> <span class='ocrx_word' id='word_1_619' title='bbox 1621 3675 1636 3688; x_wconf 83' lang='grc'><strong>·</strong></span> <span class='ocrx_word' id='word_1_620' title='bbox 1668 3658 1793 3712; x_wconf 87' lang='grc' dir='ltr'>Θεοί</span> 
     </span>
    </p>
   </div>
   <div class='ocr_carea' id='block_1_71' title="bbox 211 3749 1791 3822">
    <p class='ocr_par' dir='ltr' id='par_1_71' title="bbox 211 3749 1791 3822">
     <span class='ocr_line' id='line_1_71' title="bbox 211 3749 1791 3822; baseline -0.001 -17"><span class='ocrx_word' id='word_1_621' title='bbox 211 3753 339 3805; x_wconf 69' lang='grc' dir='ltr'>ἔστε</span> <span class='ocrx_word' id='word_1_622' title='bbox 375 3752 470 3805; x_wconf 76' lang='grc' dir='ltr'><strong>καὶ</strong></span> <span class='ocrx_word' id='word_1_623' title='bbox 503 3751 611 3804; x_wconf 78' lang='grc' dir='ltr'>υἱοὶ</span> <span class='ocrx_word' id='word_1_624' title='bbox 650 3751 906 3822; x_wconf 84' lang='grc' dir='ltr'>Ὑψίστου</span> <span class='ocrx_word' id='word_1_625' title='bbox 956 3750 1158 3814; x_wconf 84' lang='grc' dir='ltr'>πάντες</span> <span class='ocrx_word' id='word_1_626' title='bbox 1230 3749 1416 3822; x_wconf 80' lang='grc' dir='ltr'>Ὑμεῖς</span> <span class='ocrx_word' id='word_1_627' title='bbox 1443 3749 1532 3815; x_wconf 82' lang='grc' dir='ltr'><strong>δὲ,</strong></span> <span class='ocrx_word' id='word_1_628' title='bbox 1581 3750 1658 3813; x_wconf 83' lang='grc' dir='ltr'>ὡς</span> <span class='ocrx_word' id='word_1_629' title='bbox 1696 3751 1791 3804; x_wconf 78' lang='grc' dir='ltr'><strong>ἄν-</strong></span> 
     </span>
    </p>
   </div>
   <div class='ocr_carea' id='block_1_72' title="bbox 211 3836 1789 3916">
    <p class='ocr_par' dir='ltr' id='par_1_72' title="bbox 211 3836 1789 3916">
     <span class='ocr_line' id='line_1_72' title="bbox 211 3836 1789 3916; baseline -0.002 -20"><span class='ocrx_word' id='word_1_630' title='bbox 211 3843 443 3916; x_wconf 84' lang='grc' dir='ltr'>θρωποι,</span> <span class='ocrx_word' id='word_1_631' title='bbox 462 3842 849 3915; x_wconf 81' lang='grc' dir='ltr'>ἀποθνήσκετε.</span> <span class='ocrx_word' id='word_1_632' title='bbox 892 3860 911 3894; x_wconf 74' lang='grc' dir='ltr'>ι</span> <span class='ocrx_word' id='word_1_633' title='bbox 946 3841 1198 3905; x_wconf 72' lang='grc' dir='ltr'>Τοιοῦτος</span> <span class='ocrx_word' id='word_1_634' title='bbox 1226 3836 1295 3914; x_wconf 80' lang='grc' dir='ltr'>ἧν</span> <span class='ocrx_word' id='word_1_635' title='bbox 1314 3843 1343 3894; x_wconf 87' lang='grc' dir='ltr'><strong>ὁ</strong></span> <span class='ocrx_word' id='word_1_636' title='bbox 1377 3840 1615 3905; x_wconf 87' lang='grc' dir='ltr'>ἀκούσας</span> <span class='ocrx_word' id='word_1_637' title='bbox 1634 3858 1649 3871; x_wconf 75' lang='grc' dir='ltr'><strong>ο</strong></span> <span class='ocrx_word' id='word_1_638' title='bbox 1673 3860 1692 3892; x_wconf 80' lang='grc' dir='ltr'>ι</span> <span class='ocrx_word' id='word_1_639' title='bbox 1715 3840 1789 3893; x_wconf 81' lang='grc' dir='ltr'>Σὺ</span> 
     </span>
    </p>
   </div>
   <div class='ocr_carea' id='block_1_73' title="bbox 209 3934 1790 4008">
    <p class='ocr_par' dir='ltr' id='par_1_73' title="bbox 209 3934 1790 4008">
     <span class='ocr_line' id='line_1_73' title="bbox 209 3934 1790 4008; baseline -0.003 -17"><span class='ocrx_word' id='word_1_640' title='bbox 209 3937 269 3991; x_wconf 81' lang='grc' dir='ltr'><strong>δὲ</strong></span> <span class='ocrx_word' id='word_1_641' title='bbox 289 3934 341 3990; x_wconf 77' lang='grc' dir='ltr'><strong>εί</strong></span> <span class='ocrx_word' id='word_1_642' title='bbox 365 3937 672 4008; x_wconf 82' lang='grc' dir='ltr'>ἄνθρωπος,</span> <span class='ocrx_word' id='word_1_643' title='bbox 704 3936 798 3990; x_wconf 76' lang='grc' dir='ltr'><strong>καὶ</strong></span> <span class='ocrx_word' id='word_1_644' title='bbox 823 3935 885 3989; x_wconf 87' lang='grc' dir='ltr'>οὐ</span> <span class='ocrx_word' id='word_1_645' title='bbox 913 3934 1067 3999; x_wconf 83' lang='grc' dir='ltr'>Θεός.</span> <span class='ocrx_word' id='word_1_646' title='bbox 1105 3953 1124 3987; x_wconf 75' lang='grc' dir='ltr'>ι</span> <span class='ocrx_word' id='word_1_647' title='bbox 1170 3935 1228 3989; x_wconf 87' lang='lat'><strong>&#39;0</strong></span> <span class='ocrx_word' id='word_1_648' title='bbox 1252 3935 1308 3988; x_wconf 84' lang='grc' dir='ltr'>δὲ</span> <span class='ocrx_word' id='word_1_649' title='bbox 1336 3934 1466 3998; x_wconf 86' lang='grc' dir='ltr'>Υἱὸς</span> <span class='ocrx_word' id='word_1_650' title='bbox 1487 3934 1620 3998; x_wconf 81' lang='grc' dir='ltr'>Θεὸς</span> <span class='ocrx_word' id='word_1_651' title='bbox 1653 3934 1790 4005; x_wconf 88' lang='grc' dir='ltr'><strong>ἀλη-</strong></span> 
     </span>
    </p>
   </div>
   <div class='ocr_carea' id='block_1_74' title="bbox 211 4024 1796 4100">
    <p class='ocr_par' dir='ltr' id='par_1_74' title="bbox 211 4024 1796 4100">
     <span class='ocr_line' id='line_1_74' title="bbox 211 4024 1796 4100; baseline -0.002 -19"><span class='ocrx_word' id='word_1_652' title='bbox 211 4027 359 4093; x_wconf 82' lang='grc' dir='ltr'>θινός</span> <span class='ocrx_word' id='word_1_653' title='bbox 389 4029 559 4095; x_wconf 76' lang='grc' dir='ltr'>ἐστιν,</span> <span class='ocrx_word' id='word_1_654' title='bbox 596 4028 674 4093; x_wconf 85' lang='grc' dir='ltr'><strong>ὡς</strong></span> <span class='ocrx_word' id='word_1_655' title='bbox 704 4030 734 4081; x_wconf 95' lang='lat'><strong>6</strong></span> <span class='ocrx_word' id='word_1_656' title='bbox 759 4028 968 4100; x_wconf 87' lang='grc' dir='ltr'><strong>Πατήρ.</strong></span> <span class='ocrx_word' id='word_1_657' title='bbox 1017 4025 1105 4081; x_wconf 90' lang='grc' dir='ltr'>Ἐν</span> <span class='ocrx_word' id='word_1_658' title='bbox 1137 4025 1286 4097; x_wconf 84' lang='grc' dir='ltr'><strong>αὐτῷ</strong></span> <span class='ocrx_word' id='word_1_659' title='bbox 1306 4025 1416 4099; x_wconf 87' lang='grc' dir='ltr'><strong>γάρ</strong></span> <span class='ocrx_word' id='word_1_660' title='bbox 1445 4028 1615 4092; x_wconf 76' lang='grc' dir='ltr'>ἐστιν,</span> <span class='ocrx_word' id='word_1_661' title='bbox 1643 4026 1739 4079; x_wconf 76' lang='grc' dir='ltr'><strong>καὶ</strong></span> <span class='ocrx_word' id='word_1_662' title='bbox 1760 4024 1796 4079; x_wconf 74' lang='grc' dir='ltr'><strong><em>ὅ</em></strong></span> 
     </span>
    </p>
   </div>
   <div class='ocr_carea' id='block_1_75' title="bbox 283 4157 1864 4225">
    <p class='ocr_par' dir='ltr' id='par_1_75' title="bbox 283 4157 1864 4225">
     <span class='ocr_line' id='line_1_75' title="bbox 283 4157 1864 4225; baseline -0.002 -9"><span class='ocrx_word' id='word_1_663' title='bbox 283 4164 328 4195; x_wconf 73' lang='grc'><strong>’⁷</strong></span> <span class='ocrx_word' id='word_1_664' title='bbox 354 4162 520 4219; x_wconf 87' lang='lat' dir='ltr'><strong>Hebr.</strong></span> <span class='ocrx_word' id='word_1_665' title='bbox 545 4178 586 4223; x_wconf 85' lang='grc' dir='ltr'><strong>ι,</strong></span> <span class='ocrx_word' id='word_1_666' title='bbox 614 4161 791 4216; x_wconf 82' lang='grc'><strong>10-12.</strong></span> <span class='ocrx_word' id='word_1_667' title='bbox 869 4162 915 4195; x_wconf 71' lang='grc'><strong>’⁸</strong></span> <span class='ocrx_word' id='word_1_668' title='bbox 938 4160 1100 4217; x_wconf 87' lang='lat' dir='ltr'><strong>Hebr.</strong></span> <span class='ocrx_word' id='word_1_669' title='bbox 1126 4178 1247 4225; x_wconf 80' lang='lat' dir='ltr'><strong>xm,</strong></span> <span class='ocrx_word' id='word_1_670' title='bbox 1271 4159 1324 4215; x_wconf 90' lang='lat'><strong>8.</strong></span> <span class='ocrx_word' id='word_1_671' title='bbox 1418 4158 1463 4193; x_wconf 84' lang='grc'><strong><em>²⁹</em></strong></span> <span class='ocrx_word' id='word_1_672' title='bbox 1492 4157 1649 4215; x_wconf 85' lang='lat' dir='ltr'><strong>Rom.</strong></span> <span class='ocrx_word' id='word_1_673' title='bbox 1678 4175 1749 4225; x_wconf 86' lang='lat' dir='ltr'><strong>Iv,</strong></span> <span class='ocrx_word' id='word_1_674' title='bbox 1778 4159 1864 4213; x_wconf 80' lang='lat' dir='ltr'><strong>l7.</strong></span> 
     </span>
    </p>
   </div>
   <div class='ocr_carea' id='block_1_76' title="bbox 212 4228 1784 4300">
    <p class='ocr_par' dir='ltr' id='par_1_76' title="bbox 212 4228 1784 4300">
     <span class='ocr_line' id='line_1_76' title="bbox 212 4228 1784 4300; baseline -0.001 -14"><span class='ocrx_word' id='word_1_675' title='bbox 212 4230 444 4288; x_wconf 60' lang='lat' dir='ltr'><strong>“&#39;Joan.</strong></span> <span class='ocrx_word' id='word_1_676' title='bbox 473 4248 523 4299; x_wconf 82' lang='lat'><strong>1,</strong></span> <span class='ocrx_word' id='word_1_677' title='bbox 552 4234 606 4288; x_wconf 77' lang='grc'><strong>5.</strong></span> <span class='ocrx_word' id='word_1_678' title='bbox 684 4233 730 4265; x_wconf 72' lang='grc'><strong>³⁵</strong></span> <span class='ocrx_word' id='word_1_679' title='bbox 758 4230 923 4290; x_wconf 75' lang='lat' dir='ltr'><strong>Hebn</strong></span> <span class='ocrx_word' id='word_1_680' title='bbox 959 4249 996 4300; x_wconf 90' lang='grc' dir='ltr'><strong>ι,</strong></span> <span class='ocrx_word' id='word_1_681' title='bbox 1025 4231 1137 4298; x_wconf 81' lang='grc' dir='ltr'><strong>10;ι</strong></span> <span class='ocrx_word' id='word_1_682' title='bbox 1159 4232 1301 4287; x_wconf 89' lang='lat' dir='ltr'><strong>Psal.</strong></span> <span class='ocrx_word' id='word_1_683' title='bbox 1329 4244 1401 4297; x_wconf 77' lang='lat' dir='ltr'><strong>cr,</strong></span> <span class='ocrx_word' id='word_1_684' title='bbox 1436 4230 1527 4284; x_wconf 90' lang='grc'>26.</span> <span class='ocrx_word' id='word_1_685' title='bbox 1602 4230 1648 4262; x_wconf 77' lang='grc'><strong>³⁸</strong></span> <span class='ocrx_word' id='word_1_686' title='bbox 1674 4228 1784 4284; x_wconf 80' lang='lat' dir='ltr'><strong>Joa1</strong></span> 
     </span>
    </p>
   </div>
   <div class='ocr_carea' id='block_1_77' title="bbox 1894 4228 2049 4300">
    <p class='ocr_par' dir='ltr' id='par_1_77' title="bbox 1900 4229 2049 4298">
     <span class='ocr_line' id='line_1_77' title="bbox 1900 4229 2049 4298; baseline 0 -14"><span class='ocrx_word' id='word_1_687' title='bbox 1900 4272 1916 4298; x_wconf 89' lang='lat'><strong>,</strong></span> <span class='ocrx_word' id='word_1_688' title='bbox 1957 4229 2049 4284; x_wconf 75' lang='lat'><strong>55.</strong></span> 
     </span>
    </p>
   </div>
   <div class='ocr_carea' id='block_1_78' title="bbox 1891 3287 3472 3361">
    <p class='ocr_par' dir='ltr' id='par_1_78' title="bbox 1891 3287 3472 3361">
     <span class='ocr_line' id='line_1_78' title="bbox 1891 3287 3472 3361; baseline 0.001 -18"><span class='ocrx_word' id='word_1_689' title='bbox 1891 3298 2110 3354; x_wconf 89' lang='lat' dir='ltr'><strong>natura,</strong></span> <span class='ocrx_word' id='word_1_690' title='bbox 2142 3289 2234 3344; x_wconf 90' lang='lat' dir='ltr'><strong>sed</strong></span> <span class='ocrx_word' id='word_1_691' title='bbox 2265 3288 2411 3359; x_wconf 90' lang='lat' dir='ltr'><strong>quod</strong></span> <span class='ocrx_word' id='word_1_692' title='bbox 2441 3289 2567 3345; x_wconf 87' lang='lat' dir='ltr'><strong>Filii</strong></span> <span class='ocrx_word' id='word_1_693' title='bbox 2606 3290 2906 3361; x_wconf 88' lang='lat' dir='ltr'><strong>participes</strong></span> <span class='ocrx_word' id='word_1_694' title='bbox 2936 3287 3069 3344; x_wconf 85' lang='lat' dir='ltr'><strong>facti</strong></span> <span class='ocrx_word' id='word_1_695' title='bbox 3099 3288 3231 3358; x_wconf 80' lang='lat' dir='ltr'><strong>sint,</strong></span> <span class='ocrx_word' id='word_1_696' title='bbox 3269 3289 3325 3345; x_wconf 91' lang='lat' dir='ltr'><strong>id</strong></span> <span class='ocrx_word' id='word_1_697' title='bbox 3366 3303 3472 3345; x_wconf 90' lang='lat' dir='ltr'><strong>no-</strong></span> 
     </span>
    </p>
   </div>
   <div class='ocr_carea' id='block_1_79' title="bbox 1892 3378 3472 3451">
    <p class='ocr_par' dir='ltr' id='par_1_79' title="bbox 1892 3378 3472 3451">
     <span class='ocr_line' id='line_1_79' title="bbox 1892 3378 3472 3451; baseline 0.002 -18"><span class='ocrx_word' id='word_1_698' title='bbox 1892 3394 2017 3434; x_wconf 91' lang='lat' dir='ltr'><strong>men</strong></span> <span class='ocrx_word' id='word_1_699' title='bbox 2062 3388 2190 3434; x_wconf 88' lang='lat' dir='ltr'><strong>sunt</strong></span> <span class='ocrx_word' id='word_1_700' title='bbox 2226 3380 2528 3435; x_wconf 89' lang='lat' dir='ltr'><strong>consecuti.</strong></span> <span class='ocrx_word' id='word_1_701' title='bbox 2564 3378 2658 3436; x_wconf 89' lang='lat' dir='ltr'><strong>Sic</strong></span> <span class='ocrx_word' id='word_1_702' title='bbox 2686 3380 2834 3436; x_wconf 91' lang='lat' dir='ltr'><strong>enim</strong></span> <span class='ocrx_word' id='word_1_703' title='bbox 2874 3381 2992 3451; x_wconf 90' lang='lat' dir='ltr'><strong>ipse</strong></span> <span class='ocrx_word' id='word_1_704' title='bbox 3019 3380 3134 3435; x_wconf 89' lang='lat' dir='ltr'><strong>ait:</strong></span> <span class='ocrx_word' id='word_1_705' title='bbox 3174 3399 3194 3433; x_wconf 81' lang='grc' dir='ltr'><strong>ι</strong></span> <span class='ocrx_word' id='word_1_706' title='bbox 3239 3378 3299 3436; x_wconf 91' lang='lat' dir='ltr'><strong>Si</strong></span> <span class='ocrx_word' id='word_1_707' title='bbox 3347 3380 3472 3437; x_wconf 90' lang='lat' dir='ltr'><strong>illos</strong></span> 
     </span>
    </p>
   </div>
   <div class='ocr_carea' id='block_1_80' title="bbox 1894 3470 3474 3542">
    <p class='ocr_par' dir='ltr' id='par_1_80' title="bbox 1894 3470 3474 3542">
     <span class='ocr_line' id='line_1_80' title="bbox 1894 3470 3474 3542; baseline 0.003 -16"><span class='ocrx_word' id='word_1_708' title='bbox 1894 3470 2032 3526; x_wconf 82' lang='lat' dir='ltr'><strong>dixit</strong></span> <span class='ocrx_word' id='word_1_709' title='bbox 2060 3470 2217 3537; x_wconf 89' lang='lat' dir='ltr'><strong>deos,</strong></span> <span class='ocrx_word' id='word_1_710' title='bbox 2243 3472 2311 3527; x_wconf 87' lang='lat' dir='ltr'><strong>ad</strong></span> <span class='ocrx_word' id='word_1_711' title='bbox 2341 3487 2481 3542; x_wconf 90' lang='lat' dir='ltr'><strong>quos</strong></span> <span class='ocrx_word' id='word_1_712' title='bbox 2509 3488 2693 3528; x_wconf 90' lang='lat' dir='ltr'><strong>sermo</strong></span> <span class='ocrx_word' id='word_1_713' title='bbox 2713 3472 2810 3528; x_wconf 89' lang='lat' dir='ltr'><strong>Dei</strong></span> <span class='ocrx_word' id='word_1_714' title='bbox 2841 3471 3018 3529; x_wconf 85' lang='lat' dir='ltr'><strong>factus</strong></span> <span class='ocrx_word' id='word_1_715' title='bbox 3046 3481 3133 3529; x_wconf 93' lang='lat' dir='ltr'><strong>est</strong></span> <span class='ocrx_word' id='word_1_716' title='bbox 3153 3473 3218 3529; x_wconf 83' lang='grc'><strong>³⁸.</strong></span> <span class='ocrx_word' id='word_1_717' title='bbox 3262 3493 3282 3527; x_wconf 73' lang='grc' dir='ltr'>ι</span> <span class='ocrx_word' id='word_1_718' title='bbox 3317 3472 3474 3530; x_wconf 88' lang='lat' dir='ltr'><strong>Unde</strong></span> 
     </span>
    </p>
   </div>
   <div class='ocr_carea' id='block_1_81' title="bbox 1894 3567 3471 3641">
    <p class='ocr_par' dir='ltr' id='par_1_81' title="bbox 1894 3567 3471 3641">
     <span class='ocr_line' id='line_1_81' title="bbox 1894 3567 3471 3641; baseline 0.003 -19"><span class='ocrx_word' id='word_1_719' title='bbox 1894 3568 2026 3638; x_wconf 89' lang='lat' dir='ltr'><strong>quia</strong></span> <span class='ocrx_word' id='word_1_720' title='bbox 2073 3576 2270 3623; x_wconf 89' lang='lat' dir='ltr'><strong>natura</strong></span> <span class='ocrx_word' id='word_1_721' title='bbox 2301 3582 2411 3622; x_wconf 92' lang='lat' dir='ltr'><strong>non</strong></span> <span class='ocrx_word' id='word_1_722' title='bbox 2443 3578 2574 3624; x_wconf 91' lang='lat' dir='ltr'><strong>sunt</strong></span> <span class='ocrx_word' id='word_1_723' title='bbox 2616 3569 2714 3636; x_wconf 92' lang='lat' dir='ltr'><strong>dii,</strong></span> <span class='ocrx_word' id='word_1_724' title='bbox 2746 3567 2807 3623; x_wconf 83' lang='lat' dir='ltr'><strong>fit</strong></span> <span class='ocrx_word' id='word_1_725' title='bbox 2832 3567 3126 3639; x_wconf 86' lang='lat' dir='ltr'><strong>aliquando</strong></span> <span class='ocrx_word' id='word_1_726' title='bbox 3158 3578 3219 3625; x_wconf 88' lang='lat' dir='ltr'><strong>ut</strong></span> <span class='ocrx_word' id='word_1_727' title='bbox 3249 3569 3471 3641; x_wconf 88' lang='lat' dir='ltr'><strong>quidam</strong></span> 
     </span>
    </p>
   </div>
   <div class='ocr_carea' id='block_1_82' title="bbox 1888 3659 3473 3731">
    <p class='ocr_par' dir='ltr' id='par_1_82' title="bbox 1888 3659 3473 3731">
     <span class='ocr_line' id='line_1_82' title="bbox 1888 3659 3473 3731; baseline 0.004 -17"><span class='ocrx_word' id='word_1_728' title='bbox 1888 3669 2189 3726; x_wconf 88' lang='lat' dir='ltr'><strong>mutentur,</strong></span> <span class='ocrx_word' id='word_1_729' title='bbox 2227 3659 2454 3730; x_wconf 67' lang='lat' dir='ltr'><strong>haecque</strong></span> <span class='ocrx_word' id='word_1_730' title='bbox 2502 3660 2771 3715; x_wconf 85' lang='lat' dir='ltr'><strong>audiant:</strong></span> <span class='ocrx_word' id='word_1_731' title='bbox 2804 3679 2824 3712; x_wconf 85' lang='grc'><em>‹</em></span> <span class='ocrx_word' id='word_1_732' title='bbox 2862 3659 2976 3731; x_wconf 78' lang='lat' dir='ltr'><strong>Ego</strong></span> <span class='ocrx_word' id='word_1_733' title='bbox 3020 3660 3178 3717; x_wconf 77' lang='lat' dir='ltr'><strong>dixi:</strong></span> <span class='ocrx_word' id='word_1_734' title='bbox 3208 3660 3293 3717; x_wconf 90' lang='lat' dir='ltr'><strong>Dii</strong></span> <span class='ocrx_word' id='word_1_735' title='bbox 3341 3663 3473 3720; x_wconf 87' lang='lat' dir='ltr'><strong>estis</strong></span> 
     </span>
    </p>
   </div>
   <div class='ocr_carea' id='block_1_83' title="bbox 1888 3750 3469 3823">
    <p class='ocr_par' dir='ltr' id='par_1_83' title="bbox 1888 3750 3469 3823">
     <span class='ocr_line' id='line_1_83' title="bbox 1888 3750 3469 3823; baseline 0.003 -17"><span class='ocrx_word' id='word_1_736' title='bbox 1888 3763 1943 3806; x_wconf 87' lang='lat' dir='ltr'><strong>et</strong></span> <span class='ocrx_word' id='word_1_737' title='bbox 1982 3750 2079 3806; x_wconf 85' lang='lat' dir='ltr'><strong>ﬁlii</strong></span> <span class='ocrx_word' id='word_1_738' title='bbox 2117 3750 2332 3807; x_wconf 76' lang='lat' dir='ltr'><strong>Emeisi</strong></span> <span class='ocrx_word' id='word_1_739' title='bbox 2381 3767 2595 3807; x_wconf 89' lang='lat' dir='ltr'><strong>omnes.</strong></span> <span class='ocrx_word' id='word_1_740' title='bbox 2630 3750 2742 3807; x_wconf 83' lang='lat' dir='ltr'><strong>Vos</strong></span> <span class='ocrx_word' id='word_1_741' title='bbox 2780 3760 2987 3817; x_wconf 89' lang='lat' dir='ltr'><strong>autem,</strong></span> <span class='ocrx_word' id='word_1_742' title='bbox 3017 3753 3164 3809; x_wconf 91' lang='lat' dir='ltr'><strong>sicut</strong></span> <span class='ocrx_word' id='word_1_743' title='bbox 3196 3754 3469 3823; x_wconf 89' lang='lat' dir='ltr'><strong>homines,</strong></span> 
     </span>
    </p>
   </div>
   <div class='ocr_carea' id='block_1_84' title="bbox 1888 3839 3473 3900">
    <p class='ocr_par' dir='ltr' id='par_1_84' title="bbox 1888 3839 3473 3900">
     <span class='ocr_line' id='line_1_84' title="bbox 1888 3839 3473 3900; baseline 0.003 -5"><span class='ocrx_word' id='word_1_744' title='bbox 1888 3841 2169 3895; x_wconf 89' lang='lat' dir='ltr'><strong>morimini</strong></span> <span class='ocrx_word' id='word_1_745' title='bbox 2192 3840 2257 3893; x_wconf 82' lang='grc'><strong>³⁸.</strong></span> <span class='ocrx_word' id='word_1_746' title='bbox 2296 3859 2315 3892; x_wconf 85' lang='grc'><strong>›</strong></span> <span class='ocrx_word' id='word_1_747' title='bbox 2360 3839 2512 3896; x_wconf 86' lang='lat' dir='ltr'><strong>Talis</strong></span> <span class='ocrx_word' id='word_1_748' title='bbox 2542 3841 2632 3896; x_wconf 89' lang='lat' dir='ltr'><strong>ille</strong></span> <span class='ocrx_word' id='word_1_749' title='bbox 2662 3850 2782 3897; x_wconf 91' lang='lat' dir='ltr'><strong>erat</strong></span> <span class='ocrx_word' id='word_1_750' title='bbox 2809 3842 2898 3897; x_wconf 91' lang='lat' dir='ltr'><strong>cui</strong></span> <span class='ocrx_word' id='word_1_751' title='bbox 2923 3841 3132 3897; x_wconf 86' lang='lat' dir='ltr'><strong>dictum</strong></span> <span class='ocrx_word' id='word_1_752' title='bbox 3173 3851 3296 3898; x_wconf 88' lang='lat' dir='ltr'><strong>est:</strong></span> <span class='ocrx_word' id='word_1_753' title='bbox 3331 3863 3351 3896; x_wconf 76' lang='grc' dir='ltr'><strong>ι</strong></span> <span class='ocrx_word' id='word_1_754' title='bbox 3387 3843 3473 3900; x_wconf 89' lang='lat' dir='ltr'><strong>Tu</strong></span> 
     </span>
    </p>
   </div>
   <div class='ocr_carea' id='block_1_85' title="bbox 1887 3932 3473 3999">
    <p class='ocr_par' dir='ltr' id='par_1_85' title="bbox 1887 3932 3473 3999">
     <span class='ocr_line' id='line_1_85' title="bbox 1887 3932 3473 3999; baseline 0.001 -10"><span class='ocrx_word' id='word_1_755' title='bbox 1887 3949 2018 3989; x_wconf 90' lang='lat' dir='ltr'><strong>vero</strong></span> <span class='ocrx_word' id='word_1_756' title='bbox 2047 3933 2212 3988; x_wconf 89' lang='lat' dir='ltr'><strong>homo</strong></span> <span class='ocrx_word' id='word_1_757' title='bbox 2241 3948 2321 3999; x_wconf 91' lang='lat' dir='ltr'><strong>es,</strong></span> <span class='ocrx_word' id='word_1_758' title='bbox 2357 3943 2413 3989; x_wconf 88' lang='lat' dir='ltr'><strong>et</strong></span> <span class='ocrx_word' id='word_1_759' title='bbox 2447 3948 2557 3989; x_wconf 91' lang='lat' dir='ltr'><strong>non</strong></span> <span class='ocrx_word' id='word_1_760' title='bbox 2589 3933 2756 3988; x_wconf 89' lang='lat' dir='ltr'><strong>Deus.</strong></span> <span class='ocrx_word' id='word_1_761' title='bbox 2804 3951 2824 3985; x_wconf 79' lang='grc' dir='ltr'><strong>ι</strong></span> <span class='ocrx_word' id='word_1_762' title='bbox 2858 3935 2930 3988; x_wconf 83' lang='lat' dir='ltr'><strong>At</strong></span> <span class='ocrx_word' id='word_1_763' title='bbox 2965 3932 3158 3998; x_wconf 90' lang='lat' dir='ltr'><strong>Filius,</strong></span> <span class='ocrx_word' id='word_1_764' title='bbox 3209 3933 3353 3991; x_wconf 88' lang='lat' dir='ltr'><strong>Deus</strong></span> <span class='ocrx_word' id='word_1_765' title='bbox 3379 3951 3473 3991; x_wconf 87' lang='lat' dir='ltr'><strong>ve-</strong></span> 
     </span>
    </p>
   </div>
   <div class='ocr_carea' id='block_1_86' title="bbox 1886 4023 3470 4096">
    <p class='ocr_par' dir='ltr' id='par_1_86' title="bbox 1886 4023 3470 4096">
     <span class='ocr_line' id='line_1_86' title="bbox 1886 4023 3470 4096; baseline 0.001 -15"><span class='ocrx_word' id='word_1_766' title='bbox 1886 4042 1982 4082; x_wconf 88' lang='lat' dir='ltr'><strong>rus</strong></span> <span class='ocrx_word' id='word_1_767' title='bbox 2019 4035 2123 4090; x_wconf 90' lang='lat' dir='ltr'><strong>est,</strong></span> <span class='ocrx_word' id='word_1_768' title='bbox 2157 4041 2268 4080; x_wconf 91' lang='lat' dir='ltr'><strong>non</strong></span> <span class='ocrx_word' id='word_1_769' title='bbox 2299 4040 2459 4082; x_wconf 90' lang='lat' dir='ltr'><strong>secus</strong></span> <span class='ocrx_word' id='word_1_770' title='bbox 2492 4040 2559 4080; x_wconf 90' lang='lat' dir='ltr'><strong>ac</strong></span> <span class='ocrx_word' id='word_1_771' title='bbox 2580 4023 2763 4080; x_wconf 89' lang='lat' dir='ltr'><strong>Pater.</strong></span> <span class='ocrx_word' id='word_1_772' title='bbox 2806 4023 2865 4079; x_wconf 85' lang='lat' dir='ltr'><strong>In</strong></span> <span class='ocrx_word' id='word_1_773' title='bbox 2901 4025 3022 4096; x_wconf 90' lang='lat' dir='ltr'><strong>ipso</strong></span> <span class='ocrx_word' id='word_1_774' title='bbox 3060 4023 3333 4095; x_wconf 88' lang='lat' dir='ltr'><strong>siquidem</strong></span> <span class='ocrx_word' id='word_1_775' title='bbox 3365 4035 3470 4092; x_wconf 91' lang='lat' dir='ltr'><strong>est,</strong></span> 
     </span>
    </p>
   </div>
   <div class='ocr_carea' id='block_1_87' title="bbox 1980 4157 3468 4227">
    <p class='ocr_par' dir='ltr' id='par_1_87' title="bbox 1980 4157 3468 4227">
     <span class='ocr_line' id='line_1_87' title="bbox 1980 4157 3468 4227; baseline -0.001 -12"><span class='ocrx_word' id='word_1_776' title='bbox 1980 4160 2025 4191; x_wconf 84' lang='grc'><em>³⁰</em></span> <span class='ocrx_word' id='word_1_777' title='bbox 2051 4157 2247 4215; x_wconf 86' lang='lat' dir='ltr'><strong>Genes.</strong></span> <span class='ocrx_word' id='word_1_778' title='bbox 2276 4174 2317 4225; x_wconf 90' lang='grc' dir='ltr'><strong>ι,</strong></span> <span class='ocrx_word' id='word_1_779' title='bbox 2348 4159 2400 4215; x_wconf 83' lang='lat' dir='ltr'><strong>l.</strong></span> <span class='ocrx_word' id='word_1_780' title='bbox 2508 4158 2553 4191; x_wconf 81' lang='grc'><strong>³¹</strong></span> <span class='ocrx_word' id='word_1_781' title='bbox 2585 4161 2689 4213; x_wconf 89' lang='lat' dir='ltr'><strong>Isa.</strong></span> <span class='ocrx_word' id='word_1_782' title='bbox 2717 4174 2865 4227; x_wconf 78' lang='lat' dir='ltr'><strong>uvl,</strong></span> <span class='ocrx_word' id='word_1_783' title='bbox 2891 4158 2947 4213; x_wconf 90' lang='grc'><strong>2.</strong></span> <span class='ocrx_word' id='word_1_784' title='bbox 3048 4157 3094 4190; x_wconf 77' lang='grc'>³³</span> <span class='ocrx_word' id='word_1_785' title='bbox 3123 4158 3289 4217; x_wconf 85' lang='lat' dir='ltr'><strong>Hebr.</strong></span> <span class='ocrx_word' id='word_1_786' title='bbox 3321 4175 3362 4226; x_wconf 86' lang='grc' dir='ltr'><strong>ι,</strong></span> <span class='ocrx_word' id='word_1_787' title='bbox 3411 4158 3468 4214; x_wconf 90' lang='grc'><strong>2.</strong></span> 
     </span>
    </p>
   </div>
   <div class='ocr_carea' id='block_1_88' title="bbox 2130 4228 2762 4296">
    <p class='ocr_par' dir='ltr' id='par_1_88' title="bbox 2130 4228 2762 4296">
     <span class='ocr_line' id='line_1_88' title="bbox 2130 4228 2762 4296; baseline 0.005 -13"><span class='ocrx_word' id='word_1_788' title='bbox 2130 4230 2175 4261; x_wconf 79' lang='grc'><strong>³⁸</strong></span> <span class='ocrx_word' id='word_1_789' title='bbox 2204 4228 2350 4286; x_wconf 87' lang='lat' dir='ltr'><strong>Psal.</strong></span> <span class='ocrx_word' id='word_1_790' title='bbox 2382 4245 2567 4296; x_wconf 75' lang='lat' dir='ltr'><strong>Lxxxr,</strong></span> <span class='ocrx_word' id='word_1_791' title='bbox 2599 4230 2653 4285; x_wconf 88' lang='lat'>6.</span> <span class='ocrx_word' id='word_1_792' title='bbox 2758 4292 2762 4296; x_wconf 44' lang='grc'><strong>,</strong></span> 
     </span>
    </p>
   </div>
   <div class='ocr_carea' id='block_1_89' title="bbox 281 4340 1784 4428">
    <p class='ocr_par' dir='ltr' id='par_1_89' title="bbox 281 4340 1783 4428">
     <span class='ocr_line' id='line_1_89' title="bbox 281 4340 1783 4428; baseline -0.001 -30"><span class='ocrx_word' id='word_1_793' title='bbox 281 4343 396 4428; x_wconf 77' lang='grc'>(21)</span> <span class='ocrx_word' id='word_1_794' title='bbox 434 4342 651 4428; x_wconf 62' lang='grc' dir='ltr'><strong>ϐρὺίςιθ.</strong></span> <span class='ocrx_word' id='word_1_795' title='bbox 700 4352 754 4400; x_wconf 76' lang='grc' dir='ltr'><strong>ει</strong></span> <span class='ocrx_word' id='word_1_796' title='bbox 783 4343 929 4428; x_wconf 49' lang='lat' dir='ltr'><strong>_Fe&#39;l‘c.</strong></span> <span class='ocrx_word' id='word_1_797' title='bbox 961 4344 1014 4413; x_wconf 82' lang='grc'>1,</span> <span class='ocrx_word' id='word_1_798' title='bbox 1057 4343 1243 4428; x_wconf 45' lang='lat' dir='ltr'><strong>exarati</strong></span> <span class='ocrx_word' id='word_1_799' title='bbox 1278 4342 1443 4428; x_wconf 51' lang='grc' dir='ltr'><strong>Δαϐξδ</strong></span> <span class='ocrx_word' id='word_1_800' title='bbox 1473 4340 1653 4428; x_wconf 54' lang='grc' dir='ltr'><strong>λαόὼγ</strong></span> <span class='ocrx_word' id='word_1_801' title='bbox 1674 4342 1783 4428; x_wconf 56' lang='grc' dir='ltr'><strong>τὴνῄ</strong></span> 
     </span>
    </p>
   </div>
   <div class='ocr_carea' id='block_1_90' title="bbox 1894 4340 2761 4428">
    <p class='ocr_par' dir='ltr' id='par_1_90' title="bbox 1894 4341 2761 4428">
     <span class='ocr_line' id='line_1_90' title="bbox 1894 4341 2761 4428; baseline 0.001 -32"><span class='ocrx_word' id='word_1_802' title='bbox 1894 4342 2068 4428; x_wconf 41' lang='lat' dir='ltr'><strong>nan‘n‘i‘</strong></span> <span class='ocrx_word' id='word_1_803' title='bbox 2092 4342 2322 4428; x_wconf 48' lang='lat' dir='ltr'><strong>mimus,</strong></span> <span class='ocrx_word' id='word_1_804' title='bbox 2358 4341 2450 4395; x_wconf 89' lang='grc' dir='ltr'>καί</span> <span class='ocrx_word' id='word_1_805' title='bbox 2483 4342 2761 4428; x_wconf 60' lang='lat' dir='ltr'><strong>gmittunt.</strong></span> 
     </span>
    </p>
   </div>
   <div class='ocr_carea' id='block_1_91' title="bbox 207 4413 1864 4494">
    <p class='ocr_par' dir='ltr' id='par_1_91' title="bbox 207 4413 1864 4494">
     <span class='ocr_line' id='line_1_91' title="bbox 207 4413 1864 4494; baseline 0.001 -26"><span class='ocrx_word' id='word_1_806' title='bbox 207 4413 642 4494; x_wconf 59' lang='lat' dir='ltr'><strong>xpﬁcw._?aplo</strong></span> <span class='ocrx_word' id='word_1_807' title='bbox 684 4423 806 4494; x_wconf 75' lang='lat' dir='ltr'><strong>post</strong></span> <span class='ocrx_word' id='word_1_808' title='bbox 845 4413 979 4494; x_wconf 64' lang='lat' dir='ltr'><strong>Reg.</strong></span> <span class='ocrx_word' id='word_1_809' title='bbox 1021 4425 1087 4494; x_wconf 59' lang='lat' dir='ltr'><strong>et</strong></span> <span class='ocrx_word' id='word_1_810' title='bbox 1117 4414 1364 4494; x_wconf 61' lang='lat' dir='ltr'><strong>_Seguer.,</strong></span> <span class='ocrx_word' id='word_1_811' title='bbox 1394 4413 1699 4494; x_wconf 53' lang='grc' dir='ltr'>διαμειζςῖς,</span> <span class='ocrx_word' id='word_1_812' title='bbox 1728 4413 1790 4469; x_wconf 79' lang='grc' dir='ltr'>ἐι</span> <span class='ocrx_word' id='word_1_813' title='bbox 1818 4438 1864 4494; x_wconf 80' lang='lat' dir='ltr'><strong>D</strong></span> 
     </span>
    </p>
   </div>
   <div class='ocr_carea' id='block_1_92' title="bbox 208 4483 1782 4556">
    <p class='ocr_par' dir='ltr' id='par_1_92' title="bbox 208 4483 1782 4556">
     <span class='ocr_line' id='line_1_92' title="bbox 208 4483 1782 4556; baseline -0.001 -15"><span class='ocrx_word' id='word_1_814' title='bbox 208 4483 375 4556; x_wconf 71' lang='lat' dir='ltr'><strong>ilifra,</strong></span> <span class='ocrx_word' id='word_1_815' title='bbox 401 4484 669 4556; x_wconf 54' lang='grc' dir='ltr'>ἀλλάξεις,</span> <span class='ocrx_word' id='word_1_816' title='bbox 690 4485 783 4541; x_wconf 91' lang='lat' dir='ltr'><strong>ubi</strong></span> <span class='ocrx_word' id='word_1_817' title='bbox 812 4485 903 4556; x_wconf 81' lang='lat' dir='ltr'><strong>alii</strong></span> <span class='ocrx_word' id='word_1_818' title='bbox 929 4483 984 4540; x_wconf 77' lang='lat' dir='ltr'><strong>et</strong></span> <span class='ocrx_word' id='word_1_819' title='bbox 996 4486 1154 4556; x_wconf 89' lang='lat' dir='ltr'><strong>editi,</strong></span> <span class='ocrx_word' id='word_1_820' title='bbox 1180 4483 1472 4556; x_wconf 53' lang='lat' dir='ltr'><strong>8159.6qu</strong></span> <span class='ocrx_word' id='word_1_821' title='bbox 1492 4494 1545 4538; x_wconf 80' lang='lat' dir='ltr'><strong>et</strong></span> <span class='ocrx_word' id='word_1_822' title='bbox 1567 4483 1782 4556; x_wconf 75' lang='grc' dir='ltr'><strong>ἑλίξεις.</strong></span> 
     </span>
    </p>
   </div>
   <div class='ocr_carea' id='block_1_93' title="bbox 281 4553 1787 4626">
    <p class='ocr_par' dir='ltr' id='par_1_93' title="bbox 281 4553 1787 4626">
     <span class='ocr_line' id='line_1_93' title="bbox 281 4553 1787 4626; baseline -0.001 -16"><span class='ocrx_word' id='word_1_823' title='bbox 281 4555 398 4625; x_wconf 91' lang='grc'>(22)</span> <span class='ocrx_word' id='word_1_824' title='bbox 454 4553 584 4622; x_wconf 80' lang='lat' dir='ltr'><strong>Reg.</strong></span> <span class='ocrx_word' id='word_1_825' title='bbox 617 4554 838 4626; x_wconf 80' lang='lat' dir='ltr'><strong>Seguer.</strong></span> <span class='ocrx_word' id='word_1_826' title='bbox 870 4554 1088 4612; x_wconf 87' lang='lat' dir='ltr'><strong>Gobler.</strong></span> <span class='ocrx_word' id='word_1_827' title='bbox 1123 4565 1177 4610; x_wconf 91' lang='lat' dir='ltr'><strong>et</strong></span> <span class='ocrx_word' id='word_1_828' title='bbox 1207 4553 1454 4626; x_wconf 80' lang='lat' dir='ltr'><strong>Felck._l</strong></span> <span class='ocrx_word' id='word_1_829' title='bbox 1476 4594 1490 4619; x_wconf 95' lang='lat'><strong>,</strong></span> <span class='ocrx_word' id='word_1_830' title='bbox 1523 4554 1787 4626; x_wconf 76' lang='lat' dir='ltr'><strong>omittunt</strong></span> 
     </span>
    </p>
   </div>
   <div class='ocr_carea' id='block_1_94' title="bbox 207 4623 1780 4695">
    <p class='ocr_par' dir='ltr' id='par_1_94' title="bbox 207 4623 1780 4695">
     <span class='ocr_line' id='line_1_94' title="bbox 207 4623 1780 4695; baseline 0.001 -16"><span class='ocrx_word' id='word_1_831' title='bbox 207 4628 320 4679; x_wconf 75' lang='lat' dir='ltr'><strong>Kal.</strong></span> <span class='ocrx_word' id='word_1_832' title='bbox 352 4623 513 4679; x_wconf 71' lang='grc' dir='ltr'>πάλιν</span> <span class='ocrx_word' id='word_1_833' title='bbox 542 4623 714 4695; x_wconf 69' lang='grc' dir='ltr'>λέγειῖ</span> <span class='ocrx_word' id='word_1_834' title='bbox 741 4624 865 4680; x_wconf 82' lang='lat' dir='ltr'><strong>Mox</strong></span> <span class='ocrx_word' id='word_1_835' title='bbox 906 4640 1006 4695; x_wconf 85' lang='lat' dir='ltr'><strong>pro</strong></span> <span class='ocrx_word' id='word_1_836' title='bbox 1032 4627 1140 4679; x_wconf 80' lang='grc' dir='ltr'><strong>Καὶ</strong></span> <span class='ocrx_word' id='word_1_837' title='bbox 1169 4625 1351 4691; x_wconf 83' lang='grc' dir='ltr'>πάλιν,</span> <span class='ocrx_word' id='word_1_838' title='bbox 1392 4623 1523 4694; x_wconf 84' lang='lat' dir='ltr'><strong>Reg.</strong></span> <span class='ocrx_word' id='word_1_839' title='bbox 1569 4634 1623 4678; x_wconf 91' lang='lat' dir='ltr'><strong>et</strong></span> <span class='ocrx_word' id='word_1_840' title='bbox 1656 4624 1780 4695; x_wconf 84' lang='lat' dir='ltr'><strong>Seg.</strong></span> 
     </span>
    </p>
   </div>
   <div class='ocr_carea' id='block_1_95' title="bbox 205 4695 1797 4765">
    <p class='ocr_par' dir='ltr' id='par_1_95' title="bbox 205 4695 1797 4765">
     <span class='ocr_line' id='line_1_95' title="bbox 205 4695 1797 4765; baseline 0.009 -14"><span class='ocrx_word' id='word_1_841' title='bbox 205 4697 412 4752; x_wconf 87' lang='lat' dir='ltr'><strong>habent</strong></span> <span class='ocrx_word' id='word_1_842' title='bbox 438 4695 606 4749; x_wconf 87' lang='grc' dir='ltr'>Πάλιν</span> <span class='ocrx_word' id='word_1_843' title='bbox 632 4713 709 4750; x_wconf 91' lang='grc' dir='ltr'><strong>τε.</strong></span> <span class='ocrx_word' id='word_1_844' title='bbox 858 4764 863 4765; x_wconf 16' lang='grc' dir='ltr'>ί</span> <span class='ocrx_word' id='word_1_845' title='bbox 1116 4764 1135 4765; x_wconf 26' lang='lat'><em>7</em></span> <span class='ocrx_word' id='word_1_846' title='bbox 1533 4763 1541 4765; x_wconf 79' lang='lat'><strong><em>_</em></strong></span> <span class='ocrx_word' id='word_1_847' title='bbox 1600 4764 1607 4765; x_wconf 54' lang='lat'><strong><em>,</em></strong></span> <span class='ocrx_word' id='word_1_848' title='bbox 1786 4755 1797 4765; x_wconf 89' lang='lat'><strong>.</strong></span> 
     </span>
    </p>
   </div>
   <div class='ocr_carea' id='block_1_96' title="bbox 280 4763 1779 4837">
    <p class='ocr_par' dir='ltr' id='par_1_96' title="bbox 280 4763 1779 4837">
     <span class='ocr_line' id='line_1_96' title="bbox 280 4763 1779 4837; baseline -0.002 -16"><span class='ocrx_word' id='word_1_849' title='bbox 280 4767 397 4835; x_wconf 81' lang='grc'>(25)</span> <span class='ocrx_word' id='word_1_850' title='bbox 430 4767 522 4837; x_wconf 82' lang='lat' dir='ltr'><strong>Sic</strong></span> <span class='ocrx_word' id='word_1_851' title='bbox 569 4765 704 4836; x_wconf 88' lang='lat' dir='ltr'><strong>Reg.</strong></span> <span class='ocrx_word' id='word_1_852' title='bbox 749 4774 805 4820; x_wconf 92' lang='lat' dir='ltr'><strong>et</strong></span> <span class='ocrx_word' id='word_1_853' title='bbox 846 4764 1071 4837; x_wconf 85' lang='lat' dir='ltr'><strong>Seguer.</strong></span> <span class='ocrx_word' id='word_1_854' title='bbox 1113 4764 1411 4837; x_wconf 11' lang='lat' dir='ltr'><strong>lngAnglic.</strong></span> <span class='ocrx_word' id='word_1_855' title='bbox 1448 4763 1561 4837; x_wconf 51' lang='grc' dir='ltr'>καί</span> <span class='ocrx_word' id='word_1_856' title='bbox 1580 4764 1732 4820; x_wconf 90' lang='lat' dir='ltr'><strong>deest</strong></span> <span class='ocrx_word' id='word_1_857' title='bbox 1766 4783 1779 4818; x_wconf 92' lang='lat'>:</span> 
     </span>
    </p>
   </div>
   <div class='ocr_carea' id='block_1_97' title="bbox 205 4832 1777 4907">
    <p class='ocr_par' dir='ltr' id='par_1_97' title="bbox 205 4832 1777 4907">
     <span class='ocr_line' id='line_1_97' title="bbox 205 4832 1777 4907; baseline -0.002 -16"><span class='ocrx_word' id='word_1_858' title='bbox 205 4832 300 4891; x_wconf 84' lang='lat' dir='ltr'><strong>alii</strong></span> <span class='ocrx_word' id='word_1_859' title='bbox 328 4832 385 4890; x_wconf 86' lang='lat' dir='ltr'><strong>et</strong></span> <span class='ocrx_word' id='word_1_860' title='bbox 415 4836 544 4907; x_wconf 79' lang='lat' dir='ltr'><strong>editi</strong></span> <span class='ocrx_word' id='word_1_861' title='bbox 569 4837 627 4890; x_wconf 82' lang='grc' dir='ltr'><strong>δέ</strong></span> <span class='ocrx_word' id='word_1_862' title='bbox 657 4832 943 4892; x_wconf 60' lang='lat' dir='ltr'><strong>omittunt:</strong></span> <span class='ocrx_word' id='word_1_863' title='bbox 968 4835 1090 4890; x_wconf 72' lang='lat' dir='ltr'><strong>Mox</strong></span> <span class='ocrx_word' id='word_1_864' title='bbox 1119 4836 1252 4891; x_wconf 91' lang='lat' dir='ltr'><strong>ibid.</strong></span> <span class='ocrx_word' id='word_1_865' title='bbox 1284 4832 1418 4907; x_wconf 89' lang='lat' dir='ltr'><strong>Reg.</strong></span> <span class='ocrx_word' id='word_1_866' title='bbox 1450 4846 1505 4889; x_wconf 93' lang='lat' dir='ltr'><strong>et</strong></span> <span class='ocrx_word' id='word_1_867' title='bbox 1530 4832 1777 4904; x_wconf 83' lang='lat' dir='ltr'><strong>Seguer.,</strong></span> 
     </span>
    </p>
   </div>
   <div class='ocr_carea' id='block_1_98' title="bbox 203 4905 596 4975">
    <p class='ocr_par' dir='ltr' id='par_1_98' title="bbox 203 4905 596 4975">
     <span class='ocr_line' id='line_1_98' title="bbox 203 4905 596 4975; baseline -0.008 -14"><span class='ocrx_word' id='word_1_868' title='bbox 203 4907 301 4961; x_wconf 74' lang='grc' dir='ltr'>τοῦ</span> <span class='ocrx_word' id='word_1_869' title='bbox 331 4905 596 4975; x_wconf 85' lang='grc' dir='ltr'>γίνεσθαι.</span> 
     </span>
    </p>
   </div>
   <div class='ocr_carea' id='block_1_99' title="bbox 278 4974 1781 5049">
    <p class='ocr_par' dir='ltr' id='par_1_99' title="bbox 278 4974 1781 5049">
     <span class='ocr_line' id='line_1_99' title="bbox 278 4974 1781 5049; baseline -0.001 -19"><span class='ocrx_word' id='word_1_870' title='bbox 278 4974 393 5049; x_wconf 67' lang='grc'>(24)</span> <span class='ocrx_word' id='word_1_871' title='bbox 435 4977 613 5049; x_wconf 67' lang='grc' dir='ltr'>Βάλιν</span> <span class='ocrx_word' id='word_1_872' title='bbox 661 4977 917 5049; x_wconf 15' lang='grc' dir='ltr'>ἀθεειίίιι</span> <span class='ocrx_word' id='word_1_873' title='bbox 954 4975 1282 5049; x_wconf 82' lang='lat' dir='ltr'><strong>Gobleriano</strong></span> <span class='ocrx_word' id='word_1_874' title='bbox 1324 4984 1383 5049; x_wconf 84' lang='lat' dir='ltr'><strong>et</strong></span> <span class='ocrx_word' id='word_1_875' title='bbox 1430 4974 1781 5049; x_wconf 64' lang='lat' dir='ltr'><strong>Felckmanni</strong></span> 
     </span>
    </p>
   </div>
   <div class='ocr_carea' id='block_1_100' title="bbox 200 5044 1777 5118">
    <p class='ocr_par' dir='ltr' id='par_1_100' title="bbox 200 5044 1777 5118">
     <span class='ocr_line' id='line_1_100' title="bbox 200 5044 1777 5118; baseline -0.002 -15"><span class='ocrx_word' id='word_1_876' title='bbox 200 5044 406 5118; x_wconf 81' lang='lat' dir='ltr'><strong>primo.</strong></span> <span class='ocrx_word' id='word_1_877' title='bbox 435 5046 639 5118; x_wconf 79' lang='lat' dir='ltr'><strong>Ibidem</strong></span> <span class='ocrx_word' id='word_1_878' title='bbox 691 5048 880 5111; x_wconf 88' lang='lat' dir='ltr'><strong>Basil.,</strong></span> <span class='ocrx_word' id='word_1_879' title='bbox 903 5048 1128 5117; x_wconf 75' lang='grc' dir='ltr'>εποίησε</span> <span class='ocrx_word' id='word_1_880' title='bbox 1162 5047 1232 5118; x_wconf 70' lang='grc' dir='ltr'>τὸι</span> <span class='ocrx_word' id='word_1_881' title='bbox 1264 5046 1460 5118; x_wconf 70' lang='grc' dir='ltr'>πάντα.</span> <span class='ocrx_word' id='word_1_882' title='bbox 1489 5045 1621 5118; x_wconf 83' lang='lat' dir='ltr'><strong>Mox_</strong></span> <span class='ocrx_word' id='word_1_883' title='bbox 1644 5044 1777 5116; x_wconf 88' lang='lat' dir='ltr'><strong>Reg.</strong></span> 
     </span>
    </p>
   </div>
   <div class='ocr_carea' id='block_1_101' title="bbox 200 5116 1689 5238">
    <p class='ocr_par' dir='ltr' id='par_1_101' title="bbox 200 5116 1689 5238">
     <span class='ocr_line' id='line_1_101' title="bbox 200 5116 1689 5238; baseline -0.003 -65"><span class='ocrx_word' id='word_1_884' title='bbox 200 5116 258 5174; x_wconf 68' lang='grc' dir='ltr'><strong>ἐι</strong></span> <span class='ocrx_word' id='word_1_885' title='bbox 288 5116 537 5199; x_wconf 57' lang='grc' dir='ltr'>δεμες-η</span> <span class='ocrx_word' id='word_1_886' title='bbox 560 5116 636 5170; x_wconf 79' lang='grc' dir='ltr'>ὢν</span> <span class='ocrx_word' id='word_1_887' title='bbox 658 5119 802 5171; x_wconf 74' lang='grc' dir='ltr'>ἐστιν</span> <span class='ocrx_word' id='word_1_888' title='bbox 836 5118 929 5171; x_wconf 79' lang='grc' dir='ltr'>ἐπὶ</span> <span class='ocrx_word' id='word_1_889' title='bbox 961 5118 1175 5198; x_wconf 79' lang='grc' dir='ltr'>πάντων</span> <span class='ocrx_word' id='word_1_890' title='bbox 1203 5116 1352 5180; x_wconf 83' lang='grc' dir='ltr'>Θεὸς,</span> <span class='ocrx_word' id='word_1_891' title='bbox 1381 5116 1455 5181; x_wconf 85' lang='grc' dir='ltr'>ὡς</span> <span class='ocrx_word' id='word_1_892' title='bbox 1480 5116 1689 5238; x_wconf 59' lang='grc' dir='ltr'>Πατίίρ.</span> 
     </span>
     <span class='ocr_line' id='line_1_102' title="bbox 275 5185 1684 5238; baseline 0 0"><span class='ocrx_word' id='word_1_893' title='bbox 275 5187 391 5238; x_wconf 73' lang='grc'>125)</span> <span class='ocrx_word' id='word_1_894' title='bbox 428 5186 519 5238; x_wconf 79' lang='lat' dir='ltr'><strong>Sic</strong></span> <span class='ocrx_word' id='word_1_895' title='bbox 546 5187 672 5238; x_wconf 69' lang='lat' dir='ltr'><strong>Rea.</strong></span> <span class='ocrx_word' id='word_1_896' title='bbox 708 5186 929 5238; x_wconf 73' lang='lat' dir='ltr'><strong>Seuuer.</strong></span> <span class='ocrx_word' id='word_1_897' title='bbox 962 5186 1173 5238; x_wconf 69' lang='lat' dir='ltr'><strong>Analte.</strong></span> <span class='ocrx_word' id='word_1_898' title='bbox 1211 5185 1429 5238; x_wconf 83' lang='lat' dir='ltr'><strong>Gobler.</strong></span> <span class='ocrx_word' id='word_1_899' title='bbox 1461 5195 1514 5238; x_wconf 83' lang='lat' dir='ltr'><strong>et</strong></span> <span class='ocrx_word' id='word_1_900' title='bbox 1540 5185 1613 5238; x_wconf 84' lang='lat' dir='ltr'><strong>Fe</strong></span> <span class='ocrx_word' id='word_1_901' title='bbox 1635 5201 1684 5238; x_wconf 90' lang='lat' dir='ltr'><strong>c.</strong></span> 
     </span>
    </p>
   </div>
   <div class='ocr_carea' id='block_1_102' title="bbox 275 5184 1780 5259">
    <p class='ocr_par' dir='ltr' id='par_1_102' title="bbox 275 5184 1780 5259">
     <span class='ocr_line' id='line_1_103' title="bbox 275 5184 1780 5259; baseline -0.002 -18"><span class='ocrx_word' id='word_1_902' title='bbox 275 5184 391 5259; x_wconf 78' lang='grc'>(25)</span> <span class='ocrx_word' id='word_1_903' title='bbox 428 5186 519 5242; x_wconf 86' lang='lat' dir='ltr'><strong>Sic</strong></span> <span class='ocrx_word' id='word_1_904' title='bbox 546 5187 672 5259; x_wconf 82' lang='lat' dir='ltr'><strong>Reg.</strong></span> <span class='ocrx_word' id='word_1_905' title='bbox 708 5186 929 5259; x_wconf 86' lang='lat' dir='ltr'><strong>Seguer.</strong></span> <span class='ocrx_word' id='word_1_906' title='bbox 962 5186 1190 5259; x_wconf 46' lang='lat' dir='ltr'><strong>Anglic.</strong></span> <span class='ocrx_word' id='word_1_907' title='bbox 1211 5185 1429 5259; x_wconf 62' lang='lat' dir='ltr'><strong>Gobler.</strong></span> <span class='ocrx_word' id='word_1_908' title='bbox 1461 5195 1514 5241; x_wconf 87' lang='lat' dir='ltr'><strong>et</strong></span> <span class='ocrx_word' id='word_1_909' title='bbox 1531 5184 1684 5259; x_wconf 60' lang='lat' dir='ltr'><strong>fele.</strong></span> <span class='ocrx_word' id='word_1_910' title='bbox 1723 5184 1780 5239; x_wconf 83' lang='grc'>1.</span> 
     </span>
    </p>
   </div>
   <div class='ocr_carea' id='block_1_103' title="bbox 197 5254 1776 5327">
    <p class='ocr_par' dir='ltr' id='par_1_103' title="bbox 197 5254 1776 5327">
     <span class='ocr_line' id='line_1_104' title="bbox 197 5254 1776 5327; baseline -0.003 -13"><span class='ocrx_word' id='word_1_911' title='bbox 197 5260 257 5314; x_wconf 85' lang='grc' dir='ltr'><strong>1η</strong></span> <span class='ocrx_word' id='word_1_912' title='bbox 285 5254 415 5312; x_wconf 49' lang='lat' dir='ltr'><strong>&quot;aliis</strong></span> <span class='ocrx_word' id='word_1_913' title='bbox 443 5267 497 5311; x_wconf 87' lang='lat' dir='ltr'><strong>et</strong></span> <span class='ocrx_word' id='word_1_914' title='bbox 536 5254 697 5313; x_wconf 75' lang='lat' dir='ltr'><strong>editis</strong></span> <span class='ocrx_word' id='word_1_915' title='bbox 734 5254 887 5313; x_wconf 72' lang='lat' dir='ltr'><strong>deest</strong></span> <span class='ocrx_word' id='word_1_916' title='bbox 912 5254 1088 5311; x_wconf 77' lang='grc' dir='ltr'>τοῦτό.</span> <span class='ocrx_word' id='word_1_917' title='bbox 1118 5254 1252 5311; x_wconf 92' lang='lat' dir='ltr'><strong>lbid.</strong></span> <span class='ocrx_word' id='word_1_918' title='bbox 1281 5255 1414 5327; x_wconf 83' lang='lat' dir='ltr'><strong>Reg.</strong></span> <span class='ocrx_word' id='word_1_919' title='bbox 1446 5265 1499 5311; x_wconf 87' lang='lat' dir='ltr'><strong>et</strong></span> <span class='ocrx_word' id='word_1_920' title='bbox 1527 5254 1776 5327; x_wconf 87' lang='lat' dir='ltr'><strong>Seguer.,</strong></span> 
     </span>
    </p>
   </div>
   <div class='ocr_carea' id='block_1_104' title="bbox 196 5326 1497 5397">
    <p class='ocr_par' dir='ltr' id='par_1_104' title="bbox 196 5326 1497 5397">
     <span class='ocr_line' id='line_1_105' title="bbox 196 5326 1497 5397; baseline 0.001 -16"><span class='ocrx_word' id='word_1_921' title='bbox 196 5329 296 5381; x_wconf 80' lang='grc' dir='ltr'><strong>καὶ</strong></span> <span class='ocrx_word' id='word_1_922' title='bbox 319 5328 381 5397; x_wconf 74' lang='grc' dir='ltr'>οὐ</span> <span class='ocrx_word' id='word_1_923' title='bbox 406 5326 727 5397; x_wconf 79' lang='grc' dir='ltr'>ποιούμενος</span> <span class='ocrx_word' id='word_1_924' title='bbox 752 5345 764 5380; x_wconf 96' lang='lat'>:</span> <span class='ocrx_word' id='word_1_925' title='bbox 802 5328 892 5397; x_wconf 84' lang='lat' dir='ltr'><strong>alii</strong></span> <span class='ocrx_word' id='word_1_926' title='bbox 914 5338 969 5383; x_wconf 85' lang='lat' dir='ltr'><strong>et</strong></span> <span class='ocrx_word' id='word_1_927' title='bbox 995 5329 1147 5392; x_wconf 86' lang='lat' dir='ltr'><strong>editi,</strong></span> <span class='ocrx_word' id='word_1_928' title='bbox 1175 5327 1250 5390; x_wconf 86' lang='grc' dir='ltr'>ὡς</span> <span class='ocrx_word' id='word_1_929' title='bbox 1283 5326 1497 5394; x_wconf 26' lang='grc' dir='ltr'>οὐ,ίειε.</span> 
     </span>
    </p>
   </div>
   <div class='ocr_carea' id='block_1_105' title="bbox 273 5396 1774 5468">
    <p class='ocr_par' dir='ltr' id='par_1_105' title="bbox 273 5396 1774 5468">
     <span class='ocr_line' id='line_1_106' title="bbox 273 5396 1774 5468; baseline 0 -18"><span class='ocrx_word' id='word_1_930' title='bbox 273 5396 391 5467; x_wconf 78' lang='grc'>(26)</span> <span class='ocrx_word' id='word_1_931' title='bbox 423 5396 501 5451; x_wconf 91' lang='lat' dir='ltr'><strong>lta</strong></span> <span class='ocrx_word' id='word_1_932' title='bbox 539 5396 672 5468; x_wconf 86' lang='lat' dir='ltr'><strong>Reg.</strong></span> <span class='ocrx_word' id='word_1_933' title='bbox 704 5408 759 5453; x_wconf 89' lang='lat' dir='ltr'><strong>et</strong></span> <span class='ocrx_word' id='word_1_934' title='bbox 795 5396 1020 5468; x_wconf 84' lang='lat' dir='ltr'><strong>Seguer.</strong></span> <span class='ocrx_word' id='word_1_935' title='bbox 1053 5398 1120 5453; x_wconf 89' lang='lat' dir='ltr'><strong>At</strong></span> <span class='ocrx_word' id='word_1_936' title='bbox 1157 5397 1372 5468; x_wconf 81' lang='lat' dir='ltr'><strong>Gobler.</strong></span> <span class='ocrx_word' id='word_1_937' title='bbox 1418 5409 1471 5452; x_wconf 86' lang='lat' dir='ltr'><strong>et</strong></span> <span class='ocrx_word' id='word_1_938' title='bbox 1501 5396 1683 5452; x_wconf 83' lang='lat' dir='ltr'><strong>Fclck.</strong></span> <span class='ocrx_word' id='word_1_939' title='bbox 1719 5397 1774 5461; x_wconf 71' lang='grc' dir='ltr'>Ι,</span> 
     </span>
    </p>
   </div>
   <div class='ocr_carea' id='block_1_106' title="bbox 195 5467 1776 5539">
    <p class='ocr_par' dir='ltr' id='par_1_106' title="bbox 195 5467 1776 5539">
     <span class='ocr_line' id='line_1_107' title="bbox 195 5467 1776 5539; baseline 0.001 -20"><span class='ocrx_word' id='word_1_940' title='bbox 195 5467 275 5532; x_wconf 78' lang='grc' dir='ltr'>ὡς</span> <span class='ocrx_word' id='word_1_941' title='bbox 305 5468 403 5539; x_wconf 62' lang='grc' dir='ltr'><strong>καὶἶ</strong></span> <span class='ocrx_word' id='word_1_942' title='bbox 435 5469 465 5520; x_wconf 90' lang='lat'><strong>6</strong></span> <span class='ocrx_word' id='word_1_943' title='bbox 501 5467 818 5532; x_wconf 73' lang='grc' dir='ltr'>Ἀπόστολος</span> <span class='ocrx_word' id='word_1_944' title='bbox 864 5467 1051 5532; x_wconf 73' lang='grc' dir='ltr'>ἔδειξεο</span> <span class='ocrx_word' id='word_1_945' title='bbox 1080 5467 1250 5531; x_wconf 82' lang='grc' dir='ltr'>Αὐτὸς</span> <span class='ocrx_word' id='word_1_946' title='bbox 1281 5468 1401 5522; x_wconf 86' lang='grc' dir='ltr'>κατ’</span> <span class='ocrx_word' id='word_1_947' title='bbox 1429 5468 1620 5539; x_wconf 78' lang='grc' dir='ltr'>ἀρχὰς,</span> <span class='ocrx_word' id='word_1_948' title='bbox 1662 5467 1776 5521; x_wconf 84' lang='grc' dir='ltr'><strong>Κύ-</strong></span> 
     </span>
    </p>
   </div>
   <div class='ocr_carea' id='block_1_107' title="bbox 198 5538 1775 5609">
    <p class='ocr_par' dir='ltr' id='par_1_107' title="bbox 198 5538 1775 5609">
     <span class='ocr_line' id='line_1_108' title="bbox 198 5538 1775 5609; baseline 0 -19"><span class='ocrx_word' id='word_1_949' title='bbox 198 5554 309 5607; x_wconf 84' lang='grc' dir='ltr'>ριε.</span> <span class='ocrx_word' id='word_1_950' title='bbox 340 5538 444 5609; x_wconf 82' lang='lat' dir='ltr'><strong>Alii</strong></span> <span class='ocrx_word' id='word_1_951' title='bbox 476 5548 530 5592; x_wconf 89' lang='lat' dir='ltr'><strong>et</strong></span> <span class='ocrx_word' id='word_1_952' title='bbox 558 5539 688 5592; x_wconf 91' lang='lat' dir='ltr'><strong>editi</strong></span> <span class='ocrx_word' id='word_1_953' title='bbox 727 5555 827 5609; x_wconf 88' lang='lat' dir='ltr'><strong>pro</strong></span> <span class='ocrx_word' id='word_1_954' title='bbox 860 5539 938 5604; x_wconf 84' lang='grc' dir='ltr'><strong>δέ,</strong></span> <span class='ocrx_word' id='word_1_955' title='bbox 981 5539 1183 5594; x_wconf 87' lang='lat' dir='ltr'><strong>habent</strong></span> <span class='ocrx_word' id='word_1_956' title='bbox 1232 5539 1344 5602; x_wconf 84' lang='grc' dir='ltr'>καί,</span> <span class='ocrx_word' id='word_1_957' title='bbox 1377 5547 1430 5609; x_wconf 68' lang='lat' dir='ltr'><strong>et</strong></span> <span class='ocrx_word' id='word_1_958' title='bbox 1454 5538 1534 5609; x_wconf 72' lang='grc' dir='ltr'><strong>τά</strong></span> <span class='ocrx_word' id='word_1_959' title='bbox 1564 5554 1661 5608; x_wconf 90' lang='lat' dir='ltr'><strong>pro</strong></span> <span class='ocrx_word' id='word_1_960' title='bbox 1692 5539 1775 5600; x_wconf 86' lang='grc' dir='ltr'>τό,</span> 
     </span>
    </p>
   </div>
   <div class='ocr_carea' id='block_1_108' title="bbox 198 5606 1778 5679">
    <p class='ocr_par' dir='ltr' id='par_1_108' title="bbox 198 5606 1778 5679">
     <span class='ocr_line' id='line_1_109' title="bbox 198 5606 1778 5679; baseline 0.001 -18"><span class='ocrx_word' id='word_1_961' title='bbox 198 5606 252 5679; x_wconf 68' lang='lat' dir='ltr'><strong>et</strong></span> <span class='ocrx_word' id='word_1_962' title='bbox 282 5608 464 5679; x_wconf 77' lang='grc' dir='ltr'>Κύριε</span> <span class='ocrx_word' id='word_1_963' title='bbox 505 5618 631 5678; x_wconf 85' lang='lat' dir='ltr'><strong>post</strong></span> <span class='ocrx_word' id='word_1_964' title='bbox 671 5606 852 5672; x_wconf 73' lang='grc' dir='ltr'>αὗτός,</span> <span class='ocrx_word' id='word_1_965' title='bbox 880 5612 1154 5679; x_wconf 88' lang='lat' dir='ltr'><strong>iidemque</strong></span> <span class='ocrx_word' id='word_1_966' title='bbox 1195 5624 1318 5679; x_wconf 89' lang='lat' dir='ltr'><strong>cum</strong></span> <span class='ocrx_word' id='word_1_967' title='bbox 1369 5606 1682 5664; x_wconf 78' lang='lat' dir='ltr'><strong>Goblerian.</strong></span> <span class='ocrx_word' id='word_1_968' title='bbox 1722 5617 1778 5663; x_wconf 93' lang='lat' dir='ltr'><strong>et</strong></span> 
     </span>
    </p>
   </div>
   <div class='ocr_carea' id='block_1_109' title="bbox 198 5677 1472 5751">
    <p class='ocr_par' dir='ltr' id='par_1_109' title="bbox 198 5677 1472 5751">
     <span class='ocr_line' id='line_1_110' title="bbox 198 5677 1472 5751; baseline 0.001 -18"><span class='ocrx_word' id='word_1_969' title='bbox 198 5677 362 5751; x_wconf 51' lang='lat' dir='ltr'><strong>Fclc:</strong></span> <span class='ocrx_word' id='word_1_970' title='bbox 374 5677 654 5751; x_wconf 72' lang='lat' dir='ltr'><strong>l,_habent</strong></span> <span class='ocrx_word' id='word_1_971' title='bbox 673 5680 1036 5751; x_wconf 58' lang='grc' dir='ltr'>ἐθεμελίωσας</span> <span class='ocrx_word' id='word_1_972' title='bbox 1057 5677 1328 5751; x_wconf 45' lang='grc' dir='ltr'>(ἐι-χειρῶν</span> <span class='ocrx_word' id='word_1_973' title='bbox 1358 5695 1472 5734; x_wconf 91' lang='grc' dir='ltr'>σου.</span> 
     </span>
    </p>
   </div>
   <div class='ocr_carea' id='block_1_110' title="bbox 271 5696 1776 5823">
    <p class='ocr_par' dir='ltr' id='par_1_110' title="bbox 271 5696 1776 5823">
     <span class='ocr_line' id='line_1_111' title="bbox 271 5696 1472 5751; baseline 0.002 -20"><span class='ocrx_word' id='word_1_974' title='bbox 271 5696 347 5731; x_wconf 81' lang='lat' dir='ltr'><strong>&#39;IC.</strong></span> <span class='ocrx_word' id='word_1_975' title='bbox 374 5696 427 5741; x_wconf 81' lang='grc' dir='ltr'>ι,</span> <span class='ocrx_word' id='word_1_976' title='bbox 455 5696 654 5734; x_wconf 66' lang='grc'><strong>11308111,</strong></span> <span class='ocrx_word' id='word_1_977' title='bbox 673 5696 1036 5751; x_wconf 70' lang='grc' dir='ltr'>ευεμελιωσας</span> <span class='ocrx_word' id='word_1_978' title='bbox 1057 5696 1111 5734; x_wconf 76' lang='grc' dir='ltr'><strong>ει</strong></span> <span class='ocrx_word' id='word_1_979' title='bbox 1131 5696 1215 5750; x_wconf 87' lang='grc' dir='ltr'>χει</span> <span class='ocrx_word' id='word_1_980' title='bbox 1358 5696 1472 5734; x_wconf 87' lang='grc' dir='ltr'>σου.</span> 
     </span>
     <span class='ocr_line' id='line_1_112' title="bbox 271 5696 1776 5823; baseline 0.003 -22"><span class='ocrx_word' id='word_1_981' title='bbox 271 5747 387 5820; x_wconf 84' lang='grc'>(27)</span> <span class='ocrx_word' id='word_1_982' title='bbox 426 5747 646 5820; x_wconf 78' lang='lat' dir='ltr'><strong>Regius,</strong></span> <span class='ocrx_word' id='word_1_983' title='bbox 679 5748 1065 5823; x_wconf 80' lang='lat' dir='ltr'><strong>Seguerianus,</strong></span> <span class='ocrx_word' id='word_1_984' title='bbox 1096 5696 1477 5818; x_wconf 54' lang='lat' dir='ltr'><strong>Gobmanus,</strong></span> <span class='ocrx_word' id='word_1_985' title='bbox 1506 5756 1559 5806; x_wconf 88' lang='lat' dir='ltr'><strong>et</strong></span> <span class='ocrx_word' id='word_1_986' title='bbox 1587 5748 1776 5806; x_wconf 81' lang='lat' dir='ltr'><strong>Fclck-</strong></span> 
     </span>
    </p>
   </div>
   <div class='ocr_carea' id='block_1_111' title="bbox 1960 4411 3467 4482">
    <p class='ocr_par' dir='ltr' id='par_1_111' title="bbox 1960 4411 3467 4482">
     <span class='ocr_line' id='line_1_113' title="bbox 1960 4411 3467 4482; baseline 0.001 -15"><span class='ocrx_word' id='word_1_987' title='bbox 1960 4414 2073 4482; x_wconf 88' lang='grc'>(28)</span> <span class='ocrx_word' id='word_1_988' title='bbox 2093 4411 2200 4467; x_wconf 61' lang='grc' dir='ltr'>’δίο</span> <span class='ocrx_word' id='word_1_989' title='bbox 2228 4411 2362 4481; x_wconf 86' lang='lat' dir='ltr'><strong>Reg.</strong></span> <span class='ocrx_word' id='word_1_990' title='bbox 2398 4420 2453 4467; x_wconf 87' lang='lat' dir='ltr'><strong>et</strong></span> <span class='ocrx_word' id='word_1_991' title='bbox 2483 4411 2706 4482; x_wconf 69' lang='lat' dir='ltr'><strong>Seguer.</strong></span> <span class='ocrx_word' id='word_1_992' title='bbox 2741 4412 2848 4466; x_wconf 87' lang='lat' dir='ltr'><strong>Alii</strong></span> <span class='ocrx_word' id='word_1_993' title='bbox 2877 4428 3010 4469; x_wconf 86' lang='lat' dir='ltr'><strong>vero</strong></span> <span class='ocrx_word' id='word_1_994' title='bbox 3040 4424 3094 4468; x_wconf 89' lang='lat' dir='ltr'><strong>et</strong></span> <span class='ocrx_word' id='word_1_995' title='bbox 3136 4412 3289 4477; x_wconf 90' lang='lat' dir='ltr'><strong>editi,</strong></span> <span class='ocrx_word' id='word_1_996' title='bbox 3317 4412 3379 4468; x_wconf 80' lang='grc' dir='ltr'><strong>τὸ</strong></span> <span class='ocrx_word' id='word_1_997' title='bbox 3407 4412 3467 4468; x_wconf 75' lang='grc' dir='ltr'><strong>δὲ</strong></span> 
     </span>
    </p>
   </div>
   <div class='ocr_carea' id='block_1_112' title="bbox 1886 4481 3469 4555">
    <p class='ocr_par' dir='ltr' id='par_1_112' title="bbox 1886 4481 3469 4555">
     <span class='ocr_line' id='line_1_114' title="bbox 1886 4481 3469 4555; baseline 0.001 -19"><span class='ocrx_word' id='word_1_998' title='bbox 1886 4481 1977 4554; x_wconf 84' lang='grc' dir='ltr'><strong>γῆ,</strong></span> <span class='ocrx_word' id='word_1_999' title='bbox 2004 4485 2052 4535; x_wconf 92' lang='grc' dir='ltr'>οἱ</span> <span class='ocrx_word' id='word_1_1000' title='bbox 2078 4483 2480 4555; x_wconf 4' lang='grc' dir='ltr'>,δεῖ-φωστῆρες.</span> <span class='ocrx_word' id='word_1_1001' title='bbox 2510 4481 2632 4555; x_wconf 68' lang='lat' dir='ltr'><strong>Mox</strong></span> <span class='ocrx_word' id='word_1_1002' title='bbox 2657 4481 2871 4555; x_wconf 85' lang='lat' dir='ltr'><strong>Reg._et</strong></span> <span class='ocrx_word' id='word_1_1003' title='bbox 2897 4483 3240 4555; x_wconf 82' lang='lat' dir='ltr'><strong>Seguerian.,</strong></span> <span class='ocrx_word' id='word_1_1004' title='bbox 3270 4484 3469 4539; x_wconf 82' lang='grc' dir='ltr'>θάλασ-</span> 
     </span>
    </p>
   </div>
   <div class='ocr_carea' id='block_1_113' title="bbox 1885 4552 3469 4676">
    <p class='ocr_par' dir='ltr' id='par_1_113' title="bbox 1885 4552 3469 4676">
     <span class='ocr_line' id='line_1_115' title="bbox 1885 4552 3469 4676; baseline 0.001 -71"><span class='ocrx_word' id='word_1_1005' title='bbox 1885 4552 1986 4676; x_wconf 47' lang='grc' dir='ltr'><strong>ὃιὲὶ</strong></span> <span class='ocrx_word' id='word_1_1006' title='bbox 2005 4554 2100 4606; x_wconf 79' lang='grc' dir='ltr'>καὶ</span> <span class='ocrx_word' id='word_1_1007' title='bbox 2144 4552 2399 4616; x_wconf 80' lang='grc' dir='ltr'>ἄϐυσσος.</span> <span class='ocrx_word' id='word_1_1008' title='bbox 2434 4552 2656 4608; x_wconf 88' lang='lat' dir='ltr'><strong>Gobler.</strong></span> <span class='ocrx_word' id='word_1_1009' title='bbox 2690 4552 2760 4608; x_wconf 16' lang='lat' dir='ltr'><strong>eti</strong></span> <span class='ocrx_word' id='word_1_1010' title='bbox 2786 4552 3028 4610; x_wconf 80' lang='lat' dir='ltr'><strong>Felckm.</strong></span> <span class='ocrx_word' id='word_1_1011' title='bbox 3073 4555 3126 4621; x_wconf 80' lang='grc'>1,</span> <span class='ocrx_word' id='word_1_1012' title='bbox 3166 4553 3343 4626; x_wconf 79' lang='grc' dir='ltr'>ἄστρα</span> <span class='ocrx_word' id='word_1_1013' title='bbox 3374 4554 3469 4610; x_wconf 75' lang='grc' dir='ltr'><strong>καὶ</strong></span> 
     </span>
     <span class='ocr_line' id='line_1_116' title="bbox 1989 4639 2171 4676; baseline -0.005 0"><span class='ocrx_word' id='word_1_1014' title='bbox 1989 4639 2171 4676; x_wconf 86' lang='grc' dir='ltr'>ασσαι.</span> 
     </span>
    </p>
   </div>
   <div class='ocr_carea' id='block_1_114' title="bbox 1989 4639 2171 4676">
    <p class='ocr_par' dir='ltr' id='par_1_114' title="bbox 1989 4639 2171 4676">
     <span class='ocr_line' id='line_1_117' title="bbox 1989 4639 2171 4676; baseline -0.011 0"><span class='ocrx_word' id='word_1_1015' title='bbox 1989 4639 2171 4676; x_wconf 85' lang='grc' dir='ltr'>ασσαι.</span> 
     </span>
    </p>
   </div>
   <div class='ocr_carea' id='block_1_115' title="bbox 1956 4691 3471 4766">
    <p class='ocr_par' dir='ltr' id='par_1_115' title="bbox 1956 4691 3471 4766">
     <span class='ocr_line' id='line_1_118' title="bbox 1956 4691 3471 4766; baseline 0.001 -20"><span class='ocrx_word' id='word_1_1016' title='bbox 1956 4693 2068 4766; x_wconf 55' lang='grc'>(22)</span> <span class='ocrx_word' id='word_1_1017' title='bbox 2101 4691 2304 4766; x_wconf 75' lang='lat' dir='ltr'><strong>Regius</strong></span> <span class='ocrx_word' id='word_1_1018' title='bbox 2345 4701 2400 4748; x_wconf 91' lang='lat' dir='ltr'><strong>et</strong></span> <span class='ocrx_word' id='word_1_1019' title='bbox 2449 4691 2673 4763; x_wconf 86' lang='lat' dir='ltr'><strong>Seguer.</strong></span> <span class='ocrx_word' id='word_1_1020' title='bbox 2703 4692 2981 4766; x_wconf 84' lang='lat' dir='ltr'><strong>omittunt.</strong></span> <span class='ocrx_word' id='word_1_1021' title='bbox 3002 4694 3115 4766; x_wconf 50' lang='lat' dir='ltr'><strong>acati</strong></span> <span class='ocrx_word' id='word_1_1022' title='bbox 3140 4702 3195 4749; x_wconf 89' lang='lat' dir='ltr'><strong>et</strong></span> <span class='ocrx_word' id='word_1_1023' title='bbox 3223 4693 3471 4766; x_wconf 72' lang='grc' dir='ltr'>σεραφὶμ</span> 
     </span>
    </p>
   </div>
   <div class='ocr_carea' id='block_1_116' title="bbox 1883 4761 3463 4851">
    <p class='ocr_par' dir='ltr' id='par_1_116' title="bbox 1883 4761 3463 4851">
     <span class='ocr_line' id='line_1_119' title="bbox 1883 4761 3463 4851; baseline 0.001 -36"><span class='ocrx_word' id='word_1_1024' title='bbox 1883 4762 2089 4851; x_wconf 49' lang='grc' dir='ltr'>καίὲηξιι</span> <span class='ocrx_word' id='word_1_1025' title='bbox 2108 4761 2300 4851; x_wconf 50' lang='lat' dir='ltr'><strong>(Qttorb.</strong></span> <span class='ocrx_word' id='word_1_1026' title='bbox 2333 4761 2727 4851; x_wconf 47' lang='lat' dir='ltr'><strong>autem&#39;deest‘,</strong></span> <span class='ocrx_word' id='word_1_1027' title='bbox 2752 4763 3165 4851; x_wconf 53' lang='lat' dir='ltr'><strong>dtexa&#39;tyyelote&#39;t</strong></span> <span class='ocrx_word' id='word_1_1028' title='bbox 3200 4761 3463 4851; x_wconf 62' lang='grc' dir='ltr'>σεραφίμ.</span> 
     </span>
    </p>
   </div>
   <div class='ocr_carea' id='block_1_117' title="bbox 1882 4832 3467 4972">
    <p class='ocr_par' dir='ltr' id='par_1_117' title="bbox 1882 4832 3467 4972">
     <span class='ocr_line' id='line_1_120' title="bbox 1953 4832 3467 4956; baseline 0.002 -70"><span class='ocrx_word' id='word_1_1029' title='bbox 1953 4833 2067 4956; x_wconf 77' lang='grc'>(50)</span> <span class='ocrx_word' id='word_1_1030' title='bbox 2108 4832 2213 4915; x_wconf 46' lang='lat' dir='ltr'><strong>S&#39;ic</strong></span> <span class='ocrx_word' id='word_1_1031' title='bbox 2232 4833 2364 4914; x_wconf 80' lang='lat' dir='ltr'><strong>Reg.</strong></span> <span class='ocrx_word' id='word_1_1032' title='bbox 2418 4834 2643 4915; x_wconf 75' lang='lat' dir='ltr'><strong>scguer.</strong></span> <span class='ocrx_word' id='word_1_1033' title='bbox 2687 4832 2998 4915; x_wconf 73' lang='lat' dir='ltr'><strong>Goblerian.</strong></span> <span class='ocrx_word' id='word_1_1034' title='bbox 3039 4844 3094 4887; x_wconf 92' lang='lat' dir='ltr'><strong>et</strong></span> <span class='ocrx_word' id='word_1_1035' title='bbox 3125 4832 3367 4899; x_wconf 45' lang='lat' dir='ltr'><strong>Felc.’l,</strong></span> <span class='ocrx_word' id='word_1_1036' title='bbox 3404 4832 3467 4889; x_wconf 83' lang='lat' dir='ltr'><strong>ut</strong></span> 
     </span>
     <span class='ocr_line' id='line_1_121' title="bbox 1882 4903 3466 4972; baseline -0.001 -14"><span class='ocrx_word' id='word_1_1037' title='bbox 1882 4912 1935 4958; x_wconf 86' lang='lat' dir='ltr'><strong>et</strong></span> <span class='ocrx_word' id='word_1_1038' title='bbox 1976 4912 2084 4972; x_wconf 75' lang='lat' dir='ltr'><strong>egit</strong></span> <span class='ocrx_word' id='word_1_1039' title='bbox 2108 4903 2375 4958; x_wconf 57' lang='lat' dir='ltr'><strong>Nannius.</strong></span> <span class='ocrx_word' id='word_1_1040' title='bbox 2408 4905 2514 4957; x_wconf 88' lang='grc' dir='ltr'>ΑΙιι</span> <span class='ocrx_word' id='word_1_1041' title='bbox 2538 4918 2667 4957; x_wconf 90' lang='lat' dir='ltr'><strong>vero</strong></span> <span class='ocrx_word' id='word_1_1042' title='bbox 2701 4911 2756 4957; x_wconf 89' lang='lat' dir='ltr'><strong>et</strong></span> <span class='ocrx_word' id='word_1_1043' title='bbox 2800 4905 2949 4968; x_wconf 86' lang='lat' dir='ltr'><strong>edttt,</strong></span> <span class='ocrx_word' id='word_1_1044' title='bbox 2986 4904 3097 4957; x_wconf 83' lang='grc' dir='ltr'>Καὶ</span> <span class='ocrx_word' id='word_1_1045' title='bbox 3142 4904 3254 4957; x_wconf 82' lang='grc' dir='ltr'>θεοὶ</span> <span class='ocrx_word' id='word_1_1046' title='bbox 3295 4903 3353 4956; x_wconf 86' lang='grc' dir='ltr'><em>δέ</em></span> <span class='ocrx_word' id='word_1_1047' title='bbox 3383 4921 3466 4957; x_wconf 87' lang='grc' dir='ltr'>τι-</span> 
     </span>
    </p>
   </div>
   <div class='ocr_carea' id='block_1_118' title="bbox 1883 4972 3469 5044">
    <p class='ocr_par' dir='ltr' id='par_1_118' title="bbox 1883 4972 3469 5044">
     <span class='ocr_line' id='line_1_122' title="bbox 1883 4972 3469 5044; baseline 0 -16"><span class='ocrx_word' id='word_1_1048' title='bbox 1883 4991 1989 5037; x_wconf 86' lang='grc' dir='ltr'>νες.</span> <span class='ocrx_word' id='word_1_1049' title='bbox 2019 4972 2140 5027; x_wconf 82' lang='lat' dir='ltr'><strong>Mox</strong></span> <span class='ocrx_word' id='word_1_1050' title='bbox 2192 4972 2324 5042; x_wconf 84' lang='lat' dir='ltr'><strong>Reg.</strong></span> <span class='ocrx_word' id='word_1_1051' title='bbox 2360 4984 2415 5028; x_wconf 90' lang='lat' dir='ltr'><strong>et</strong></span> <span class='ocrx_word' id='word_1_1052' title='bbox 2460 4974 2815 5044; x_wconf 55' lang='lat' dir='ltr'><strong>Seguer.,fcﬁ</strong></span> <span class='ocrx_word' id='word_1_1053' title='bbox 2831 4974 3130 5044; x_wconf 60' lang='grc' dir='ltr'>μετουσίᾳ.</span> <span class='ocrx_word' id='word_1_1054' title='bbox 3176 4975 3245 5028; x_wconf 87' lang='lat' dir='ltr'><strong>At</strong></span> <span class='ocrx_word' id='word_1_1055' title='bbox 3286 4974 3378 5028; x_wconf 89' lang='lat' dir='ltr'><strong>alii</strong></span> <span class='ocrx_word' id='word_1_1056' title='bbox 3412 4982 3469 5044; x_wconf 83' lang='lat' dir='ltr'><strong>et</strong></span> 
     </span>
    </p>
   </div>
   <div class='ocr_carea' id='block_1_119' title="bbox 1882 5042 3467 5167">
    <p class='ocr_par' dir='ltr' id='par_1_119' title="bbox 1882 5042 3467 5167">
     <span class='ocr_line' id='line_1_123' title="bbox 1882 5042 3467 5167; baseline -0.001 -69"><span class='ocrx_word' id='word_1_1057' title='bbox 1882 5044 2034 5167; x_wconf 51' lang='lat' dir='ltr'><strong>editi,</strong></span> <span class='ocrx_word' id='word_1_1058' title='bbox 2060 5047 2126 5131; x_wconf 64' lang='grc' dir='ltr'>τῇ</span> <span class='ocrx_word' id='word_1_1059' title='bbox 2142 5045 2433 5167; x_wconf 74' lang='grc' dir='ltr'><strong>ὁοιῐιίιιιιιιι.</strong></span> <span class='ocrx_word' id='word_1_1060' title='bbox 2479 5042 2686 5099; x_wconf 84' lang='lat' dir='ltr'><strong>Ibidem</strong></span> <span class='ocrx_word' id='word_1_1061' title='bbox 2727 5042 2797 5097; x_wconf 87' lang='lat' dir='ltr'><strong>in</strong></span> <span class='ocrx_word' id='word_1_1062' title='bbox 2826 5042 2956 5114; x_wconf 84' lang='lat' dir='ltr'><strong>Reg.</strong></span> <span class='ocrx_word' id='word_1_1063' title='bbox 2998 5057 3050 5098; x_wconf 91' lang='lat' dir='ltr'><strong>et</strong></span> <span class='ocrx_word' id='word_1_1064' title='bbox 3086 5042 3339 5115; x_wconf 82' lang='lat' dir='ltr'><strong>Seguer.,</strong></span> <span class='ocrx_word' id='word_1_1065' title='bbox 3372 5043 3467 5098; x_wconf 79' lang='grc' dir='ltr'>καί</span> 
     </span>
     <span class='ocr_line' id='line_1_124' title="bbox 1882 5129 2219 5167; baseline -0.003 0"><span class='ocrx_word' id='word_1_1066' title='bbox 1882 5129 1948 5167; x_wconf 89' lang='lat' dir='ltr'><strong>an</strong></span> <span class='ocrx_word' id='word_1_1067' title='bbox 1975 5130 2004 5167; x_wconf 90' lang='lat' dir='ltr'><strong>e</strong></span> <span class='ocrx_word' id='word_1_1068' title='bbox 2038 5131 2139 5167; x_wconf 86' lang='grc' dir='ltr'>αυτ</span> <span class='ocrx_word' id='word_1_1069' title='bbox 2174 5131 2219 5167; x_wconf 73' lang='grc' dir='ltr'>ς.</span> 
     </span>
    </p>
   </div>
   <div class='ocr_carea' id='block_1_120' title="bbox 1882 5116 2219 5177">
    <p class='ocr_par' dir='ltr' id='par_1_120' title="bbox 1882 5116 2219 5177">
     <span class='ocr_line' id='line_1_125' title="bbox 1882 5116 2219 5177; baseline -0.006 -9"><span class='ocrx_word' id='word_1_1070' title='bbox 1882 5123 2004 5169; x_wconf 80' lang='lat' dir='ltr'><strong>ante</strong></span> <span class='ocrx_word' id='word_1_1071' title='bbox 2038 5116 2219 5177; x_wconf 83' lang='grc' dir='ltr'>αὐτός.</span> 
     </span>
    </p>
   </div>
   <div class='ocr_carea' id='block_1_121' title="bbox 1953 5183 3464 5255">
    <p class='ocr_par' dir='ltr' id='par_1_121' title="bbox 1953 5183 3464 5255">
     <span class='ocr_line' id='line_1_126' title="bbox 1953 5183 3464 5255; baseline 0.001 -17"><span class='ocrx_word' id='word_1_1072' title='bbox 1953 5184 2065 5255; x_wconf 82' lang='grc'>(51)</span> <span class='ocrx_word' id='word_1_1073' title='bbox 2116 5185 2191 5238; x_wconf 81' lang='lat' dir='ltr'><strong>ita</strong></span> <span class='ocrx_word' id='word_1_1074' title='bbox 2246 5183 2450 5255; x_wconf 78' lang='lat' dir='ltr'><strong>Regius</strong></span> <span class='ocrx_word' id='word_1_1075' title='bbox 2492 5195 2547 5239; x_wconf 90' lang='lat' dir='ltr'><strong>et</strong></span> <span class='ocrx_word' id='word_1_1076' title='bbox 2599 5184 3006 5255; x_wconf 83' lang='lat' dir='ltr'><strong>Seguerianus,</strong></span> <span class='ocrx_word' id='word_1_1077' title='bbox 3055 5191 3116 5238; x_wconf 90' lang='lat' dir='ltr'><strong>ut</strong></span> <span class='ocrx_word' id='word_1_1078' title='bbox 3166 5191 3240 5255; x_wconf 88' lang='lat' dir='ltr'><strong>c_t_</strong></span> <span class='ocrx_word' id='word_1_1079' title='bbox 3266 5184 3464 5252; x_wconf 81' lang='lat' dir='ltr'><strong>legitur</strong></span> 
     </span>
    </p>
   </div>
   <div class='ocr_carea' id='block_1_122' title="bbox 1880 5251 3468 5323">
    <p class='ocr_par' dir='ltr' id='par_1_122' title="bbox 1880 5251 3468 5323">
     <span class='ocr_line' id='line_1_127' title="bbox 1880 5251 3468 5323; baseline 0.001 -15"><span class='ocrx_word' id='word_1_1080' title='bbox 1880 5251 2124 5322; x_wconf 43' lang='lat' dir='ltr'><strong>Joimlx,</strong></span> <span class='ocrx_word' id='word_1_1081' title='bbox 2161 5255 2250 5309; x_wconf 78' lang='grc'>55.</span> <span class='ocrx_word' id='word_1_1082' title='bbox 2275 5251 2467 5309; x_wconf 68' lang='lat' dir='ltr'><strong>Caeteri</strong></span> <span class='ocrx_word' id='word_1_1083' title='bbox 2497 5264 2552 5308; x_wconf 92' lang='lat' dir='ltr'><strong>et</strong></span> <span class='ocrx_word' id='word_1_1084' title='bbox 2579 5251 2729 5319; x_wconf 72' lang='lat' dir='ltr'><strong>editi,</strong></span> <span class='ocrx_word' id='word_1_1085' title='bbox 2761 5254 2854 5307; x_wconf 79' lang='grc' dir='ltr'><strong>τοῦ</strong></span> <span class='ocrx_word' id='word_1_1086' title='bbox 2885 5254 3165 5308; x_wconf 90' lang='lat' dir='ltr'><strong>omittunt.</strong></span> <span class='ocrx_word' id='word_1_1087' title='bbox 3192 5251 3468 5323; x_wconf 24' lang='lat' dir='ltr'><strong>Mox’post</strong></span> 
     </span>
    </p>
   </div>
   <div class='ocr_carea' id='block_1_123' title="bbox 1879 5323 3463 5394">
    <p class='ocr_par' dir='ltr' id='par_1_123' title="bbox 1879 5323 3463 5394">
     <span class='ocr_line' id='line_1_128' title="bbox 1879 5323 3463 5394; baseline 0.002 -18"><span class='ocrx_word' id='word_1_1088' title='bbox 1879 5325 1991 5387; x_wconf 87' lang='grc' dir='ltr'>Διό,</span> <span class='ocrx_word' id='word_1_1089' title='bbox 2024 5324 2225 5394; x_wconf 83' lang='lat' dir='ltr'><strong>Regius</strong></span> <span class='ocrx_word' id='word_1_1090' title='bbox 2251 5334 2304 5378; x_wconf 87' lang='lat' dir='ltr'><strong>et</strong></span> <span class='ocrx_word' id='word_1_1091' title='bbox 2330 5324 2672 5394; x_wconf 88' lang='lat' dir='ltr'><strong>Seguerian.,</strong></span> <span class='ocrx_word' id='word_1_1092' title='bbox 2700 5324 2794 5378; x_wconf 85' lang='grc' dir='ltr'>καί</span> <span class='ocrx_word' id='word_1_1093' title='bbox 2819 5325 3042 5378; x_wconf 90' lang='lat' dir='ltr'><strong>addunt.</strong></span> <span class='ocrx_word' id='word_1_1094' title='bbox 3072 5323 3274 5394; x_wconf 83' lang='lat' dir='ltr'><strong>Ibidem</strong></span> <span class='ocrx_word' id='word_1_1095' title='bbox 3300 5325 3463 5394; x_wconf 88' lang='lat' dir='ltr'><strong>paulo</strong></span> 
     </span>
    </p>
   </div>
   <div class='ocr_carea' id='block_1_124' title="bbox 1880 5393 3465 5464">
    <p class='ocr_par' dir='ltr' id='par_1_124' title="bbox 1880 5393 3465 5464">
     <span class='ocr_line' id='line_1_129' title="bbox 1880 5393 3465 5464; baseline 0.001 -16"><span class='ocrx_word' id='word_1_1096' title='bbox 1880 5403 1999 5464; x_wconf 82' lang='lat' dir='ltr'><strong>post</strong></span> <span class='ocrx_word' id='word_1_1097' title='bbox 2052 5393 2132 5450; x_wconf 86' lang='lat' dir='ltr'><strong>sic</strong></span> <span class='ocrx_word' id='word_1_1098' title='bbox 2177 5395 2377 5449; x_wconf 88' lang='lat' dir='ltr'><strong>habent</strong></span> <span class='ocrx_word' id='word_1_1099' title='bbox 2406 5393 2742 5457; x_wconf 86' lang='lat' dir='ltr'><strong>Basiliensis,</strong></span> <span class='ocrx_word' id='word_1_1100' title='bbox 2776 5394 3144 5463; x_wconf 86' lang='lat' dir='ltr'><strong>Anglicanus,</strong></span> <span class='ocrx_word' id='word_1_1101' title='bbox 3174 5393 3376 5463; x_wconf 82' lang='lat' dir='ltr'><strong>Regius</strong></span> <span class='ocrx_word' id='word_1_1102' title='bbox 3409 5405 3465 5450; x_wconf 89' lang='lat' dir='ltr'><strong>et</strong></span> 
     </span>
    </p>
   </div>
   <div class='ocr_carea' id='block_1_125' title="bbox 1880 5463 3461 5538">
    <p class='ocr_par' dir='ltr' id='par_1_125' title="bbox 1880 5463 3461 5538">
     <span class='ocr_line' id='line_1_130' title="bbox 1880 5463 3461 5538; baseline 0.001 -19"><span class='ocrx_word' id='word_1_1103' title='bbox 1880 5463 2166 5538; x_wconf 48' lang='lat' dir='ltr'><strong>Ottobon:</strong></span> <span class='ocrx_word' id='word_1_1104' title='bbox 2194 5465 2337 5538; x_wconf 59' lang='grc' dir='ltr'>ἔστιν</span> <span class='ocrx_word' id='word_1_1105' title='bbox 2486 5466 2633 5538; x_wconf 72' lang='grc' dir='ltr'>τινες</span> <span class='ocrx_word' id='word_1_1106' title='bbox 2649 5465 2942 5538; x_wconf 81' lang='grc' dir='ltr'>τρέπονται</span> <span class='ocrx_word' id='word_1_1107' title='bbox 2964 5465 3274 5538; x_wconf 71' lang='grc' dir='ltr'>ἀκούοντες.</span> <span class='ocrx_word' id='word_1_1108' title='bbox 3299 5465 3461 5538; x_wconf 77' lang='lat' dir='ltr'><strong>Goltl.</strong></span> 
     </span>
    </p>
   </div>
   <div class='ocr_carea' id='block_1_126' title="bbox 1877 5533 3463 5607">
    <p class='ocr_par' dir='ltr' id='par_1_126' title="bbox 1877 5533 3463 5607">
     <span class='ocr_line' id='line_1_131' title="bbox 1877 5533 3463 5607; baseline 0.001 -19"><span class='ocrx_word' id='word_1_1109' title='bbox 1877 5551 2008 5589; x_wconf 85' lang='lat' dir='ltr'><strong>vero</strong></span> <span class='ocrx_word' id='word_1_1110' title='bbox 2028 5546 2093 5607; x_wconf 78' lang='lat' dir='ltr'><strong>_et</strong></span> <span class='ocrx_word' id='word_1_1111' title='bbox 2123 5533 2399 5607; x_wconf 78' lang='lat' dir='ltr'><strong>Felck._l,</strong></span> <span class='ocrx_word' id='word_1_1112' title='bbox 2429 5534 2574 5589; x_wconf 77' lang='grc' dir='ltr'>ἔστιν</span> <span class='ocrx_word' id='word_1_1113' title='bbox 2608 5533 2698 5589; x_wconf 79' lang='grc' dir='ltr'>ὅτε</span> <span class='ocrx_word' id='word_1_1114' title='bbox 2736 5536 2882 5598; x_wconf 82' lang='grc' dir='ltr'>τινὲς</span> <span class='ocrx_word' id='word_1_1115' title='bbox 2919 5535 3209 5607; x_wconf 70' lang='grc' dir='ltr'>τρέποντες</span> <span class='ocrx_word' id='word_1_1116' title='bbox 3237 5534 3463 5589; x_wconf 78' lang='grc' dir='ltr'>ἀκούον-</span> 
     </span>
    </p>
   </div>
   <div class='ocr_carea' id='block_1_127' title="bbox 1877 5602 3462 5677">
    <p class='ocr_par' dir='ltr' id='par_1_127' title="bbox 1877 5602 3462 5677">
     <span class='ocr_line' id='line_1_132' title="bbox 1877 5602 3462 5677; baseline 0.003 -20"><span class='ocrx_word' id='word_1_1117' title='bbox 1877 5602 2116 5677; x_wconf 18' lang='grc' dir='ltr'>τεςαὸἰο</span> <span class='ocrx_word' id='word_1_1118' title='bbox 2144 5607 2271 5660; x_wconf 87' lang='lat' dir='ltr'><strong>item</strong></span> <span class='ocrx_word' id='word_1_1119' title='bbox 2306 5603 2820 5677; x_wconf 14' lang='lat' dir='ltr'><strong>Seguerianus,73ed</strong></span> <span class='ocrx_word' id='word_1_1120' title='bbox 2852 5607 2933 5659; x_wconf 85' lang='grc' dir='ltr'><strong>ὅτι</strong></span> <span class='ocrx_word' id='word_1_1121' title='bbox 2956 5602 3215 5677; x_wconf 68' lang='lat' dir='ltr'><strong>additum</strong></span> <span class='ocrx_word' id='word_1_1122' title='bbox 3247 5615 3331 5662; x_wconf 86' lang='lat' dir='ltr'><strong>est</strong></span> <span class='ocrx_word' id='word_1_1123' title='bbox 3369 5621 3462 5661; x_wconf 91' lang='lat' dir='ltr'><strong>se-</strong></span> 
     </span>
    </p>
   </div>
   <div class='ocr_carea' id='block_1_128' title="bbox 1879 5674 3461 5749">
    <p class='ocr_par' dir='ltr' id='par_1_128' title="bbox 1879 5674 3461 5749">
     <span class='ocr_line' id='line_1_133' title="bbox 1879 5674 3461 5749; baseline 0.001 -19"><span class='ocrx_word' id='word_1_1124' title='bbox 1879 5674 2056 5749; x_wconf 81' lang='lat' dir='ltr'><strong>cunda</strong></span> <span class='ocrx_word' id='word_1_1125' title='bbox 2102 5690 2265 5749; x_wconf 82' lang='lat' dir='ltr'><strong>manu</strong></span> <span class='ocrx_word' id='word_1_1126' title='bbox 2309 5674 2408 5749; x_wconf 76' lang='lat' dir='ltr'><strong>pro</strong></span> <span class='ocrx_word' id='word_1_1127' title='bbox 2439 5678 2550 5746; x_wconf 83' lang='grc' dir='ltr'>ὅτε,</span> <span class='ocrx_word' id='word_1_1128' title='bbox 2570 5674 2726 5749; x_wconf 83' lang='lat' dir='ltr'><strong>quod</strong></span> <span class='ocrx_word' id='word_1_1129' title='bbox 2758 5678 2963 5732; x_wconf 83' lang='lat' dir='ltr'><strong>aberat.</strong></span> <span class='ocrx_word' id='word_1_1130' title='bbox 2996 5675 3161 5745; x_wconf 85' lang='lat' dir='ltr'><strong>Editi,</strong></span> <span class='ocrx_word' id='word_1_1131' title='bbox 3193 5676 3339 5731; x_wconf 77' lang='grc' dir='ltr'>ἔστιν</span> <span class='ocrx_word' id='word_1_1132' title='bbox 3370 5677 3461 5731; x_wconf 78' lang='grc' dir='ltr'><strong>ὅτε</strong></span> 
     </span>
    </p>
   </div>
   <div class='ocr_carea' id='block_1_129' title="bbox 1879 5745 2510 5817">
    <p class='ocr_par' dir='ltr' id='par_1_129' title="bbox 1879 5745 2510 5817">
     <span class='ocr_line' id='line_1_134' title="bbox 1879 5745 2510 5817; baseline 0.003 -19"><span class='ocrx_word' id='word_1_1133' title='bbox 1879 5745 2170 5817; x_wconf 83' lang='grc' dir='ltr'>τρέπονται</span> <span class='ocrx_word' id='word_1_1134' title='bbox 2205 5745 2510 5811; x_wconf 81' lang='grc' dir='ltr'>ἀκούοντες.</span> 
     </span>
    </p>
   </div>
  </div>
