3822 6226
385 319 491 376 615

985 316 1042 371 S.
1085 313 1455 370 ATHANASII
1495 314 1646 372 OPP.
1687 313 1871 368 PARS
1905 314 1946 368 1.
1981 344 2053 356 -
2086 310 2460 367 HISTORICA
2499 307 2587 361 ET
2629 305 3047 362 DOGMATICA.

3526 303 3643 360 616

384 443 439 491 et
472 432 633 488 Pater
664 433 718 487 in
755 430 913 496 Filio,
945 430 1406 501 quemadmodum
1435 430 1676 485 Joannes
1710 429 1947 500 scripsit,

2071 428 2242 498 Ἱατὴρ
2265 429 2322 480 ὲν
2341 426 2420 496 τῷ
2440 424 2555 495 Υἱῷ
2591 423 2704 495 (52)
2729 439 2742 452 ·
2773 423 2868 476 καὶ
2888 423 2916 475 6
2949 421 3047 492 μὲν
3085 419 3334 490 Ἰωάννης
3371 419 3644 490 ἔγραψεν,

385 525 468 579 uti
516 535 798 579 ostensum
849 531 951 577 εει.
1000 521 1168 576 David
1211 531 1392 576 autem
1441 523 1670 590 psallit:
1725 538 1743 571 ι
1787 521 1956 574 Sedes

383 623 497 680 tua,
550 613 714 677 Deus,
762 613 816 666 in
869 613 1128 667 saeculum
1181 613 1386 667 saeculi.
1437 611 1600 682 Virga
1661 611 1954 680 aequitatis,

382 708 533 776 virga
562 705 715 775 regni
763 705 840 758 tui
868 705 934 758 ³⁷.
981 724 1000 754 ι
1054 703 1121 757 Ει
1167 706 1432 774 propheta
1484 703 1654 758 Isaias
1713 705 1953 757 clamat:

388 813 404 845 ε
449 793 739 847 Laboravit
775 791 1060 862 Egyptus,
1097 805 1150 847 et
1200 794 1499 863 negotiatio
1554 793 1868 863 IEthiopiaa,
1904 802 1958 847 et

384 883 606 938 Sabaim
638 883 736 936 viri
767 884 968 937 excelsi
1009 883 1076 936 ad
1109 895 1162 938 te
1189 883 1520 947 transibunt,
1560 895 1614 938 et
1645 893 1698 938 te
1727 900 1959 954 sequen-

381 983 469 1028 tur
497 973 663 1026 vincti
695 971 945 1034 manicis,
975 981 1028 1026 et
1057 973 1362 1026 adorabunt
1392 981 1463 1037 te,
1489 974 1619 1042 quia
1646 973 1699 1026 in
1737 980 1787 1026 te
1816 971 1959 1027 Deus

382 1074 485 1119 est.
516 1063 597 1116 Tu
627 1064 771 1117 enim
807 1076 868 1116 es
905 1061 1050 1117 Deus
1095 1062 1281 1124 Israel,
1334 1071 1388 1116 et
1425 1063 1800 1116 nesciebamus
1824 1062 1889 1115 ³⁸.
1933 1081 1951 1114 ι

382 1154 516 1218 Ouis
553 1167 684 1207 vero
728 1151 872 1205 Deus
909 1160 1013 1217 εει,
1065 1152 1118 1204 in
1155 1168 1264 1222 quo
1291 1161 1374 1206 est
1421 1152 1586 1214 Deus,
1630 1153 1734 1207 nisi
1783 1152 1954 1207 Filius

381 1247 472 1316 qui
508 1246 676 1300 dicit:
720 1264 738 1296 ι
771 1243 884 1314 Ego
916 1244 970 1297 in
994 1243 1154 1298 Patre
1207 1254 1260 1298 et
1287 1244 1444 1299 Pater
1471 1245 1525 1298 in
1559 1255 1646 1299 me
1670 1255 1752 1305 est
1775 1245 1859 1296 ”?
1895 1263 1915 1295 ι

449 1549 502 1603 5.
540 1546 671 1613 Quae
705 1563 827 1601 cum
883 1548 955 1600 ita
1003 1560 1062 1599 se
1096 1545 1331 1601 habeant
1364 1561 1428 1600 ac
1461 1545 1772 1614 conscripta
1823 1544 1952 1606 sint,

379 1640 504 1710 quis
532 1656 637 1692 non
664 1639 808 1692 videt
832 1637 1025 1692 Filium
1065 1637 1212 1691 Patri
1246 1653 1371 1691 esse
1398 1635 1945 1697 consubstantialem,

379 1731 817 1800 quandoquidem
845 1730 980 1783 nihil
1015 1730 1192 1784 simile
1224 1729 1386 1783 habet
1425 1744 1552 1782 cum
1598 1728 1762 1782 rebus
1803 1741 1955 1780 crea-

2064 521 2140 582 ὼς
2175 519 2472 572 δέδεικται·
2507 519 2536 568 6
2571 515 2626 568 δὲ
2657 513 2820 567 Δαϐὶδ
2843 513 3073 582 ψάλλει·
3105 529 3122 561 ι
3171 511 3230 564 '0
3269 510 3455 581 Θρόνος
3496 527 3597 564 σου
3624 550 3644 576 ,

2063 615 2092 664 6
2117 611 2268 675 Θεὸς,
2304 611 2383 672 εἰς
2420 609 2590 662 αἰῶνα
2618 606 2814 668 αἰῶνος
2845 606 2958 676 (55)
2982 620 2995 632 ·
3028 602 3222 674 ῥάϐδος
3261 601 3560 672 εὐθύτητος
3605 604 3646 674 ἠ

2066 704 2260 773 ῥάϐδος
2305 702 2405 770 τῆς
2446 698 2719 770 βασιλείας
2775 714 2904 750 σου·
2967 716 2986 748 ›
3040 696 3135 750 καὶ
3175 698 3205 749 6
3256 696 3542 765 προφήτης
3585 694 3647 748 δὲ

2075 794 2299 857 Ἡσαΐας
2322 793 2420 864 βοᾷ
2446 791 2555 863 (54)
2579 809 2592 822 ·
2626 809 2644 842 ι
2694 790 3014 843 Ἐκοπίασεν
3053 787 3327 856 Αἴγυπτος
3354 786 3449 839 καὶ
3469 785 3648 856 ἐμπη-

2065 887 2158 958 ρία
2188 886 2458 940 Αἰθιόπων
2481 901 2495 914 ⁸
2526 885 2621 937 καὶ
2652 885 2703 936 οἱ
2729 884 2974 954 Σαϐαεὶμ
3005 881 3196 951 ἄνδρες
3221 877 3416 949 ὑψηλοὶ
3457 876 3552 929 ἐπὶ
3583 877 3647 928 σὲ

2061 979 2433 1050 διαϐήσονται,
2466 977 2564 1030 καὶ
2588 976 3043 1046 ἀκολουθήσουσιν
3085 975 3135 1026 οἱ
3167 973 3344 1024 ὀπίσω
3374 987 3467 1023 σου
3496 971 3647 1025 δεδε-

2066 1071 2217 1141 μένοι
2248 1068 2607 1140 χειροπέδαις,
2641 1067 2735 1118 καὶ
2766 1063 3204 1137 προσκυνήσουσί
3233 1078 3334 1126 σοι,
3363 1061 3447 1115 ὅτι
3472 1063 3531 1113 ὲν
3557 1061 3645 1113 σοὶ

2061 1163 2090 1213 6
2127 1161 2278 1224 Θεός.
2308 1160 2378 1212 Σὺ
2409 1157 2518 1228 γὰρ
2545 1153 2597 1210 εἴ
2621 1159 2650 1210 6
2685 1156 2818 1220 Θεὸς
2844 1155 2938 1208 τοῦ
2979 1152 3215 1224 Ἰσραὴλ,
3249 1151 3343 1204 καὶ
3365 1151 3468 1203 οὐκ
3494 1149 3644 1220 ⁴ᾔδει-

2065 1271 2183 1323 μεν.
2223 1273 2240 1304 ι
2267 1253 2362 1314 Τίς
2383 1250 2446 1321 δή
2478 1251 2622 1302 ἐστιν
2649 1251 2678 1302 6
2709 1247 2860 1312 Θεὸς,
2885 1247 2943 1299 ὲν
2965 1237 3008 1314 ᾧ
3027 1247 3054 1298 6
3085 1244 3240 1310 Θεὸς,
3267 1245 3315 1296 εἰ
3349 1243 3424 1314 μὴ
3451 1244 3480 1294 6
3512 1240 3646 1301 Υἱὸς

2061 1350 2090 1400 6
2119 1346 2322 1414 λέγων·
2365 1361 2385 1395 ι
2437 1341 2578 1411 Ἐγὼ
2603 1343 2661 1396 ὲν
2693 1340 2772 1411 τῷ
2793 1341 2990 1410 Πατρὶ,
3018 1339 3111 1392 καὶ
3142 1339 3171 1390 6
3205 1336 3397 1408 Πατὴρ
3425 1335 3484 1386 ὲν
3514 1333 3642 1404 ὲμοί

2062 1441 2211 1492 ἐστιν
2247 1436 2358 1507 (55)
2383 1452 2397 1499 ;
2434 1454 2452 1487 ι

2132 1533 2184 1585 5.
2212 1530 2328 1595 Τίς,
2351 1527 2555 1582 τούτων
2575 1526 2742 1580 ὄντων
2767 1525 2863 1578 καὶ
2891 1521 3314 1594 γεγραμμένων,
3333 1518 3393 1572 οὐ
3414 1518 3639 1590 συνορᾷ,

2061 1624 2184 1676 ἐπεὶ
2209 1621 2320 1690 (56)
2358 1620 2467 1674 τῶν
2503 1619 2600 1689 μὲν
2643 1617 2958 1686 κτισμάτων
3013 1613 3164 1666 οὐδὲν
3214 1612 3398 1681 ὅμοιον
3439 1611 3468 1663 6
3509 1609 3640 1671 Υἱὸς

2060 1713 2192 1783 ἔχει,
2225 1711 2402 1765 πάντα
2429 1710 2485 1763 δὲ
2534 1709 2603 1762 τὰ
2633 1706 2726 1760 τοῦ
2757 1703 2969 1775 Πατρὸς
3012 1701 3105 1755 τοῦ
3154 1699 3282 1753 Υἱοῦ
3319 1700 3467 1751 ἐστιν
3491 1737 3508 1760 ,
3557 1698 3642 1751 ὅτι

381 1823 472 1886 ῑίε,
521 1822 614 1876 εεά
664 1836 1004 1890 quaecunque
1037 1830 1165 1875 sunt
1197 1819 1398 1884 Patris,
1435 1829 1562 1873 sunt
1595 1819 1758 1873 etiam
1788 1817 1950 1870 Filii?

2071 1803 2337 1874 ὃμοούσιος
2362 1801 2428 1856 ἂν
2461 1800 2546 1871 εἴη
2571 1803 2599 1854 6
2633 1798 2760 1861 Υἱὸς
2785 1796 2864 1867 τῷ
2897 1793 3109 1865 Πατρίς
3144 1793 3354 1860 ’Ὠσπερ
3399 1788 3539 1890 γὰρ,
3591 1790 3644 1890 ει

381 1912 850 1979 Quemadmodum
887 1913 1030 1966 enim
1081 1912 1124 1965 si
1175 1927 1339 1981 quam
1376 1926 1498 1965 cum
1541 1911 1705 1964 rebus
1756 1910 1953 1965 creatis

380 2005 794 2059 similitudinem
820 2012 876 2058 et
905 2003 1288 2072 cognationem
1318 2003 1561 2064 haberet,
1588 2002 1694 2056 illis
1716 2001 1954 2056 consub-

379 2097 650 2151 stantialis
689 2107 836 2152 esset
867 2115 879 2149 :
915 2100 985 2150 ita
1014 2098 1140 2166 quia
1179 2097 1247 2150 ab
1282 2097 1471 2150 iisdem
1501 2096 1798 2150 secundum
1825 2095 1953 2149 sub-

377 2188 630 2241 stantiam
655 2187 795 2242 alius
821 2199 924 2248 est,
952 2188 1343 2256 propriumque
1370 2187 1546 2241 Patris
1579 2197 1662 2241 est
1689 2185 1949 2248 Verbum,

378 2293 478 2332 nec
511 2278 652 2332 alius
686 2279 754 2332 ab
793 2279 885 2332 illo
917 2289 998 2332 est
1027 2296 1039 2331 :
1081 2294 1202 2331 cum
1236 2280 1362 2332 item
1394 2279 1577 2332 omnia
1612 2294 1733 2348 quae
1773 2276 1952 2334 Patris

375 2378 524 2433 sunt,
571 2368 814 2438 ejusdem
861 2369 1079 2438 propria
1115 2370 1260 2433 sint;
1318 2383 1506 2422 verum
1549 2382 1681 2422 sane
1713 2377 1796 2422 est
1824 2383 1949 2422 eum

376 2457 521 2512 Patri
573 2458 1090 2513 consubstantialem
1150 2472 1288 2512 esse.
1341 2457 1465 2512 Haec
1530 2458 1797 2527 siquidem
1851 2457 1954 2512 fuit

375 2567 529 2605 mens
557 2560 610 2605 et
644 2551 908 2606 sententia
934 2549 1184 2614 Patrum,
1216 2565 1340 2603 cum
1391 2551 1444 2604 in
1493 2550 1707 2603 Niczena
1746 2551 1952 2620 synodo

377 2638 572 2694 Filium
631 2639 1151 2693 consubstantialem
1202 2647 1256 2692 et
1301 2653 1369 2691 ex
1427 2639 1731 2692 substantia
1773 2637 1952 2693 Patris

375 2743 500 2784 esse
537 2728 776 2784 confessi
813 2739 960 2784 sunt.
995 2729 1162 2783 Recte
1190 2729 1336 2783 enim
1388 2737 1782 2797 perspexertmt
1825 2728 1952 2782 nul-

374 2823 483 2875 lam
534 2832 772 2876 creatam
823 2823 1186 2878 substantiam
1233 2835 1396 2888 posse
1445 2836 1681 2888 unquam
1727 2820 1948 2874 dicere:

382 2933 400 2963 ι
421 2911 613 2966 Omnia
633 2929 971 2982 quaecunque
991 2914 1146 2966 habet
1164 2911 1341 2975 Pater,
1366 2925 1483 2966 mea
1510 2910 1672 2982 549
1691 2920 1820 2966 ευηι
1844 2913 1913 2965 ⁵ο.
1929 2933 1946 2964 ι

375 3002 510 3056 Nam
534 3017 657 3056 cum
676 3002 975 3057 exsistendi
1025 3003 1238 3056 initium
1277 3003 1615 3066 habeat,eam
1661 3011 1713 3055 et
1735 3004 1951 3071 proprie

2057 1895 2164 1949 τῶν
2186 1895 2500 1964 κτισμάτων
2529 1889 2652 1944 τινὰ
2682 1887 2824 1959 εἶχεν
2856 1886 3145 1955 ὁμοιότητα
3187 1883 3281 1937 καὶ
3319 1880 3456 1952 πρὸς
3500 1879 3646 1934 αὑτά

2055 2006 2176 2042 τινα
2209 1984 2320 2058 εἶχε
2354 1984 2696 2054 συγγένειαν,
2723 1979 3010 2051 ὁμοούσιος
3031 1976 3097 2030 ἂν
3124 1976 3306 2033 αὐτοῖς
3327 1969 3425 2043 ἦν·
3463 1971 3644 2033 οὕτως

2057 2081 2334 2150 ἀλλότριος
2368 2078 2466 2149 μὲν
2507 2075 2582 2129 ὢν
2625 2076 2750 2128 κατ’
2779 2071 2965 2126 οὐσίαν
2992 2069 3100 2122 τῶν
3126 2064 3393 2136 γενητῶν,
3423 2064 3556 2126 ἴδιος
3584 2063 3645 2116 δὲ

2054 2174 2148 2227 τοῦ
2180 2171 2392 2242 Πατρὸς
2425 2169 2618 2236 Λόγος,
2643 2167 2744 2218 οὐκ
2781 2164 2894 2231 (57)
2928 2161 3085 2223 ἄλλος
3107 2157 3182 2212 ὢν
3205 2151 3358 2217 οὗτος
3380 2155 3596 2207 ἐκείνου
3625 2169 3639 2180 ·

2054 2265 2240 2335 ἐπειδὴ
2269 2264 2361 2316 καὶ
2395 2259 2560 2314 αὐτοῦ
2612 2262 2760 2312 ἐστιν
2809 2255 2914 2308 τδια
2946 2253 3120 2306 πάντα
3147 2249 3215 2302 τὰ
3261 2247 3354 2301 τοῦ
3399 2243 3642 2316 Πατρὸς,

2053 2357 2332 2428 ὁμοούσιος
2359 2354 2580 2415 εἰκότως
2614 2351 2680 2405 ἂν
2702 2350 2787 2420 εἴη
2817 2347 2894 2418 τῷ
2931 2344 3126 2414 Πατρί.
3177 2341 3334 2394 Οὕτω
3391 2339 3503 2409 γάρ
3541 2339 3643 2390 καὶ

2053 2451 2104 2503 οἱ
2124 2449 2362 2519 Πατέρες
2384 2440 3059 2516 νοήσαντες,ὡμολόγησαν
3081 2437 3138 2488 ὲν
3161 2437 3226 2504 τῇ
3251 2431 3392 2486 κατὰ
3405 2432 3644 2483 Νίκαιαν

2057 2539 2260 2609 συνόδῳ
2285 2534 2569 2606 ὁμοούσιον
2599 2532 2695 2587 καὶ
2732 2534 2796 2584 ὲκ
2822 2531 2921 2599 τῆς
2955 2526 3142 2588 οὐσίας
3170 2523 3265 2577 τοῦ
3299 2522 3516 2592 Πατρὸς
3543 2520 3640 2574 τὸν

2055 2631 2199 2684 Υἱόν.
2229 2627 2470 2682 Συνεῖδον
2500 2625 2609 2696 γὰρ
2636 2623 2838 2688 καλῶς,
2868 2623 2949 2674 ὅτι
2979 2617 3172 2689 κτιστὴ
3197 2615 3355 2669 οὐσία
3393 2615 3452 2666 οὺ
3478 2611 3643 2667 δύνα-

2053 2739 2140 2774 ται
2161 2721 2225 2774 ἄν
2250 2735 2382 2771 ποτε
2406 2718 2580 2770 εἰπεῖν
2613 2714 2722 2784 (38)
2745 2729 2758 2743 ·
2787 2731 2805 2763 ι
2839 2712 3045 2774 Πάντα,
3074 2710 3174 2762 ὅσα
3206 2707 3318 2777 ἔχει
3355 2706 3383 2758 6
3417 2702 3639 2774 Πατὴρ,

2055 2811 2165 2882 ἐμά
2186 2813 2354 2864 ἐστιν.
2397 2829 2416 2862 ι
2464 2807 2663 2878 Ἀρχὴν
2695 2805 2803 2876 γὰρ
2839 2803 3037 2874 ἔχουσα
3069 2800 3162 2854 τοῦ
3206 2797 3486 2868 γίνεσθαι,
3537 2796 3643 2848 οὐκ

2054 2903 2165 2975 ἔχει
2192 2902 2254 2956 τὸ
2296 2902 2392 2965 ὢν,
2446 2901 2541 2955 καὶ
2582 2899 2643 2952 τὸ
2670 2895 2740 2969 ἦν
2767 2896 2972 2959 άῖδιως.
3003 2896 3115 2948 Καὶ
3149 2893 3238 2946 διὰ
3266 2890 3445 2952 τοῦτο,
3479 2890 3640 2941 ἐπι-

2051 2997 2117 3067 δὴ
2142 2995 2251 3067 (39)
2271 2993 2423 3047 ταῦτ’
2453 2993 2566 3062 ἔχει
2599 2993 2628 3043 6
2655 2991 2806 3053 Υἱὸς,
2839 2989 2933 3041 καὶ
2962 2986 3138 3040 πάντα
3181 2984 3239 3037 δὲ
3279 2982 3346 3036 τὰ
3375 2997 3640 3053 προειρη-

379 3109 502 3148 εεεε
515 3102 568 3148 ει
586 3108 798 3163 semper
813 3093 982 3148 fuisse
1003 3093 1108 3147 dici
1128 3093 1336 3162 nequit.
1353 3094 1429 3147 Ac
1450 3091 1676 3161 proinde
1689 3093 1815 3162 quia
1839 3093 1950 3147 haec

2071 3088 2195 3141 téva
2244 3085 2337 3140 τοῦ
2372 3083 2582 3155 Πατρὸς
2615 3081 2711 3134 τοῦ
2773 3078 2906 3135 Υἱοῦ
2961 3081 3131 3141 ἐστιν,
3164 3076 3376 3144 ἀνάγκη
3415 3072 3490 3144 μὴ
3525 3072 3640 3142 (40)

376 3182 515 3238 Filio
550 3184 904 3252 conveniunt,
929 3193 984 3239 et
1008 3184 1216 3252 omnia,
1243 3199 1366 3253 qua:
1390 3182 1565 3238 Patris
1591 3199 1713 3238 esse
1743 3185 1947 3238 dictum

2071 3178 2279 3248 ιτιστὴν
2324 3171 2463 3229 εἶναι
2501 3175 2599 3246 τὴν
2640 3173 2829 3227 οὐσίαν
2860 3171 2955 3225 τοῦ
2989 3170 3120 3224 Υἰοῦ
3147 3210 3163 3234 ,
3199 3167 3312 3222 ἀλλ’
3350 3164 3642 3236 ὁμοούσιον

373 3285 477 3339 εει,
503 3274 625 3330 Filii
661 3291 880 3346 quoque
932 3286 1099 3343 sunt;
1153 3291 1374 3330 necesse
1403 3286 1486 3330 est
1519 3274 1641 3329 Filii
1693 3277 1951 3330 substan—

374 3367 504 3420 tiam
539 3381 648 3420 non
679 3382 802 3421 esse
824 3375 1086 3430 creatam,
1123 3367 1214 3422 sed
1240 3365 1386 3420 Patri
1409 3367 1948 3420 consubstantialem.

380 3457 532 3512 Unde
561 3473 686 3513 cum
723 3459 860 3513 alias
891 3460 961 3513 ob
990 3474 1188 3512 causas
1214 3467 1326 3512 tum
1354 3469 1498 3512 certe
1531 3459 1735 3512 idcirco
1767 3473 1951 3512 creata

375 3550 481 3604 dici
521 3565 629 3604 non
661 3559 841 3620 potest
882 3552 1208 3614 substantia,
1248 3552 1395 3622 quod
1430 3554 1823 3621 proprietatum
1856 3549 1950 3604 Dei

374 3655 545 3710 capax
580 3641 670 3697 sit.
700 3640 1070 3711 Proprietates
1111 3657 1289 3698 autem
1322 3643 1442 3713 ejus
1477 3643 1708 3712 appello,
1736 3650 1802 3696 ex
1831 3641 1953 3711 qui-

375 3733 476 3787 bus
496 3731 641 3788 Deus
661 3737 1032 3804 COgnoscitur,
1059 3746 1118 3790 ut
1142 3736 1288 3805 quod
1319 3736 1389 3790 sit
1417 3735 1780 3804 omnipotens,
1808 3732 1952 3802 quod

377 3825 597 3892 proprie
621 3825 713 3888 sit,
750 3825 897 3894 quod
934 3826 1006 3879 sit
1037 3825 1418 3884 immutabilis.
1457 3825 1671 3893 aliaque
1702 3823 1953 3892 superius

2055 3270 2133 3341 τῷ
2160 3269 2354 3340 Πατρί.
2385 3267 2595 3331 Ἀλλως
2617 3283 2676 3320 τε
2711 3266 2802 3320 καὶ
2836 3264 2976 3319 κατὰ
3005 3263 3163 3316 τοῦτο
3185 3263 3286 3314 οὐκ
3307 3260 3372 3313 ἂν
3403 3259 3491 3328 εἴη
3513 3274 3641 3310 κτι-

2059 3362 2157 3433 στὴ
2181 3361 2358 3424 οὐσία,
2387 3359 2608 3430 δεκτικὴ
2632 3358 2742 3412 τῶν
2765 3358 2909 3411 ἰδίων
2930 3356 3022 3409 τοῦ
3047 3354 3202 3409 Θεοῦ.
3231 3352 3368 3406 Ίδια
3391 3350 3448 3403 δὲ
3470 3347 3641 3402 αὑτοῦ

2056 3457 2224 3518 ἐστιν,
2261 3454 2319 3526 ἐξ
2354 3449 2427 3508 ὧν
2456 3452 2782 3522 γινώσκεται
2814 3453 2843 3504 6
2877 3450 2986 3521 (41)
3019 3447 3171 3511 Θεὸς,
3204 3439 3314 3498 οἷον
3342 3443 3404 3496 τὸ
3435 3457 3640 3495 παντο-

2056 3549 2299 3619 κράτωρ,
2358 3546 2420 3599 τὸ
2475 3544 2570 3609 ὢν,
2605 3545 2666 3598 τὸ
2690 3535 3064 3600 ἀναλλοίωτον,
3095 3539 3187 3592 καὶ
3233 3535 3300 3588 τὰ
3353 3534 3520 3603 ἕτερα
3567 3529 3643 3583 τὰ

2057 3639 2452 3710 προειρημένα,
2480 3638 2568 3691 ἴνα
2610 3637 2684 3708 μὴ
2723 3635 3006 3706 ὁμοούσιος
3034 3632 3142 3684 τῶν
3173 3627 3487 3706 κτισμάτων
3523 3623 3639 3693 (42)

2058 3735 2219 3798 αὑτὸς
2245 3736 2273 3787 6
2296 3733 2426 3796 Θεὸς
2453 3733 2709 3802 φαίνηται
2733 3729 2872 3782 κατὰ
2886 3729 3011 3789 τοὺς
3038 3725 3298 3796 άςιρονας,
3323 3720 3463 3791 ἔχων
3492 3718 3642 3786 ἆπερ

2060 3827 2155 3880 καὶ
2183 3826 2254 3880 τὰ
2289 3827 2563 3896 κτίσματα
2588 3823 2730 3894 ἐχειν
2753 3821 2997 3874 δύναται.

373 3916 538 3984 dicta,
573 3933 642 3972 ne
669 3919 920 3974 videlicet
949 3919 1239 3989 ipse.Deus
1287 3920 1450 3973 rebus
1490 3918 1708 3983 creatis,
1745 3917 1823 3971 uti
1881 3917 2070 3975 volunt
2121 3921 2462 3992 insipientes,
2513 3912 2999 3973 consubstantialis
3044 3924 3166 3967 esse
3219 3905 3521 3966 videretur,
3568 3916 3641 3956 ea

375 4027 571 4083 nempe
603 4014 809 4069 habens
835 4030 958 4085 qua:
987 4016 1090 4070 illae
1118 4017 1319 4071 habere
1349 4023 1594 4084 possent.

445 4127 498 4182 6.
532 4127 623 4184 Sic
658 4136 840 4184 autem
881 4130 1047 4184 etiam
1080 4128 1304 4184 refutari
1335 4136 1512 4197 potest
1537 4141 1728 4181 eorum
1758 4125 1951 4194 impie-

2128 4123 2181 4178 6.
2209 4122 2321 4175 Καὶ
2346 4119 2485 4173 οὕτω
2525 4116 2570 4170 δ’
2601 4116 2712 4187 (45)
2740 4116 2804 4170 ἄν
2828 4130 2912 4176 τις
2934 4109 3222 4177 διελέγξειε
3250 4108 3350 4180 τὴν
3377 4107 3642 4162 ἀσέϐειαν

376 4232 460 4276 tas
509 4222 605 4291 qui
651 4221 744 4278 Dei
797 4222 996 4277 Filium
1049 4239 1164 4278 rem
1219 4230 1456 4276 creatam
1510 4234 1631 4274 esse
1687 4227 1947 4289 pugnant.

2071 4216 2164 4269 τῶν
2190 4213 2454 4282 λεγόντων
2496 4209 2700 4277 κτίσμα
2733 4203 2867 4259 εἶναι
2890 4204 2982 4260 τὸν
3007 4201 3101 4255 τοῦ
3144 4199 3283 4253 Θεοῦ
3328 4200 3524 4268 Λόγον.
3570 4201 3640 4254 Ἦ

446 4401 488 4433 ³⁷
517 4398 662 4454 Psal.
696 4411 842 4464 των,
876 4397 925 4448 7.
1003 4394 1171 4450 “lsa.
1210 4411 1334 4461 XLV,
1373 4394 1460 4457 14,
1499 4393 1584 4446 15.
1665 4393 1708 4425 ³³
1740 4391 1897 4447 Joan.
1930 4407 1950 4444 ι

2071 4392 2158 4445 10.
2235 4391 2281 4423 ⁸ο
2305 4389 2463 4444 Joan.
2487 4403 2598 4452 ινι,
2628 4385 2717 4440 15.

445 4513 557 4586 (52)
584 4512 924 4586 SicARegius,
949 4510 1172 4586 Seguer.
1193 4509 1504 4586 Goblerian.
1533 4517 1595 4586 et
1624 4505 1768 4586 Felc.
1885 4507 1954 4560 At

375 4579 466 4643 alii
491 4579 548 4639 et
574 4584 722 4645 editi,
747 4579 855 4652 γάρ
886 4579 1085 4652 ἐστιν-ᾧ
1115 4581 1323 4651 Πατὴρ,
1358 4579 1452 4652 καὶ
1482 4579 1510 4629 6
1533 4579 1744 4652 Πατήρ,
1764 4585 1879 4652 etc.

446 4656 558 4726 (55)
588 4656 665 4726 Ita
701 4647 899 4726 Regius
951 4663 1018 4726 et;
1047 4647 1359 4726 Segtter'fet
1394 4647 1615 4726 Graecus
1630 4647 1954 4726 ~Scriptura:

375 4716 579 4786 tex‘tus.
619 4716 808 4779 (Ζωιεῆ
845 4734 898 4776 ει
937 4724 1090 4786 editi,
1120 4716 1210 4774 τὸν
1241 4719 1411 4772 αἰῶνα
1440 4717 1532 4771 τοῦ
1562 4716 1775 4778 αἰῶνος.

445 4798 559 4866 (54)
593 4794 995 4866 Gohlel‘ian._et
1023 4791 1219 4866 Feick._
1246 4792 1270 4844 1
1295 4791 1434 4866 ,καὶ
1473 4791 1500 4840 6
1533 4787 1784 4866 ςΗσαῒαςο
1805 4786 1954 4866 1:13:0-

375 4855 588 4922 πίασεν.
627 4864 760 4918 Ibid.
790 4863 1076 4917 Basiliens.
1108 4871 1161 4914 ει
1193 4861 1499 4931 Anglican.,
1530 4857 1807 4931 εμπορξαι.
1831 4855 1952 4910 Mox

375 4939 594 4993 Gobler.
631 4944 685 4990 et
714 4933 954 4988 Felckm.
991 4934 1043 4996 1,
1073 4925 1336 5001 Σαϐαείμ,
1367 4939 1427 4982 ιιι
1464 4939 1517 4982 ει
1543 4925 1704 5001 habet
1731 4925 1954 5001 Graecus

378 5007 672 5076 Scripturae
705 5013 901 5076 textus.
952 5001 1084 5071 Reg.
1121 5010 1182 5076 et
1212 4997 1436 5076 Seguer.
1465 4997 1730 5076 ,Σαϐαεζψ
1763 4997 1884 5076 Alii
1902 5005 1956 5076 et

375 5065 524 5139 editi‘,
556 5075 777 5129 Σαϐαἳν.
813 5074 943 5129 Item
972 5065 1100 5126 mox
1145 5065 1357 5142 Regfet
1387 5065 1635 5140 Seguer.,
1659 5065 1954 5137 ἀκολουθή-

379 5147 530 5200 σουσί
561 5163 643 5199 σοι
677 5146 873 5198 ὀπίσω.

449 5217 561 5288 (55)
599 5218 781 5288 ςΕστιν
806 5215 957 5288 deest
984 5213 1051 5288 in_
1069 5211 1286 5288 Reglet
1305 5207 1540 5288 _Seguer_.

449 5275 561 5357 (56)
595 5285 800 5354 Regius
831 5275 1413 5356 SeguerianfGobler.‘
1433 5287 1487 5332 et
1517 5275 1757 5330 Felckm.
1791 5275 1842 5339 1,
1871 5275 1953 5329 ὅτι

377 5359 479 5428 ἐπὶ,
509 5357 608 5428 μὲν
637 5357 765 5428 τῷν,
800 5365 908 5411 etc.
1019 5422 1048 5428 _
1224 5421 1235 5428 _
1378 5419 1427 5428 __
1495 5413 1530 5428 ,,

450 5415 560 5497 (δ’ῑ)
595 5429 672 5480 Ita
696 5415 898 5497 Regius
927 5433 982 5497 et
1007 5421 1331 5497 _S_egue_rian.
1357 5415 1642 5497 _At_alii__et
1671 5415 1826 5497 editi,
1855 5416 1954 5497 οὐκ

379 5483 657 5551 omittunt.
693 5483 894 5550 Ibidem
923 5483 1140 5550 Goblei".
1175 5492 1320 5546 Felc.
1349 5489 1402 5551 -l,
1430 5487 1640 5556 Anglic.
1661 5483 1874 5556 Regius
1902 5495 1955 5540 et

382 5549 822 5635 ‘Seguer.,voi5;:og
855 5549 1084 5635 ἐκείνου.
1121 5561 1314 5635 Caeteri
1356 5549 1409 5614 et
1450 5549 1601 5635 editi,
1631 5549 1956 5635 abscisis!-

381 5625 508 5691 νων.
539 5625 662 5690 Μοχ
690 5625 892 5705 Regius
917 5644 972 5690 et
998 5633 1387 5705 Seguerianus,
1412 5627 1591 5680 πάντα
1623 5629 1689 5681 τὰ
1722 5625 1815 5678 τοῦ
1846 5629 1956 5679 Πα-

380 5707 664 5779 τρὸςὶΑμί
702 5717 757 5779 e_t
777 5703 950 5770 editi,
982 5705 1051 5779 τά
1085 5703 1364 5779 omittunt.

450 5764 559 5848 (58)
587 5777 678 5831 Sic
718 5775 851 5845 Reg.
897 5764 950 5831 et
983 5772 1206 5843 Seguer.
1237 5775 1305 5825 At
1340 5771 1394 5825 in
1428 5771 1550 5825 aliis
1580 5777 1633 5823 et
1675 5767 1856 5832 editis,
1889 5764 1953 5818 ἄν

2055 4507 2226 4562 deest.
2253 4505 2423 4560 Paulo
2447 4513 2570 4572 post
2604 4502 2737 4572 Reg.
2776 4498 3008 4572 Seguer.
3040 4495 3258 4572 Qobler.
3307 4492 3493 4572 Felclt.
3525 4495 3545 4548 1
3579 4506 3638 4572 e_t

2054 4577 2337 4646 Anglican.
2369 4565 2569 4629 habent
2604 4565 2712 4625 τοῖῖ
2727 4565 2995 4640 γίνεσθαι.
3032 4566 3224 4621 Czeteri
3263 4573 3318 4620 et
3347 4565 3501 4630 editi,
3537 4565 3635 4618 τοῦ

2092 4648 2329 4700 ενέσθαι.

2053 4663 2338 4786 γεῖἓὲἴῗξε
2370 4714 2591 4784 Regius,
2619 4709 2846 4786 δεμες.
2872 4705 3082 4786 Anglic.
3111 4701 3638 4786 Qoblcrqetilfelck.

2055 4772 2266 4857 primus
2288 4772 2612 4857 anonyvmgus'.
2734 4779 2824 4833 alii
2851 4786 2907 4857 ει
2929 4772 3096 4857 editio
3111 4772 3638 4857 comniel.,g'i§£fo¢-

2053 4841 2082 4912 ὃ
2101 4858 2156 4910 δὲ
2177 4857 2305 4920 Υἱὸς
2331 4856 2417 4908 διὰ
2436 4841 2600 4906 τοῦτο
2626 4850 2814 4912 ἀιδιος.
2851 4847 3090 4920 Ἐπειδὴ,
3119 4852 3224 4920 etc.
3250 4841 3373 4920 Itth
3409 4841 3637 4920 Gobler.

2055 4938 2107 4984 et
2140 4912 2322 4982 Felcli.
2354 4926 2564 4996 primus
2600 4934 2926 4996 an_ony_mus,
2957 4929 3013 4996 et
3034 4912 3246 4985 Anglic.
3272 4912 3329 4966 δέ
3369 4913 3641 4996 omittunt

2055 5007 2178 5068 post
2200 4984 2396 5068 πάντα.
2424 4993 2622 5068 Ibidem
2657 4984 2862 5068 Regius
2901 4999 2955 5040 et
2981 4984 3227 5068 Seguer.,
3257 4984 3640 5068 προειρημένα

2053 5054 2147 5122 ⁶τοῦ
2180 5067 2414 5139 Πατρός.
2442 5064 2548 5117 Alii
2573 5073 2627 5117 et
2651 5054 2800 5125 editi,
2837 5055 3209 5128 προειρημένα
3247 5054 3373 5122 περὶ
3404 5054 3502 5106 τοῦ
3533 5055 3642 5106 Πα-

2053 5156 2201 5192 τοος.

2281 5205 2373 5261 Sic
2401 5204 2643 5278 Regius,
2669 5196 3156 5278 Seguer.._Gobler.
3190 5191 3373 5278 Felgk.
3408 5191 3638 5278 primus

2056 5262 2450 5350 anbnimuset
2483 5262 2701 5350 Anglic.
2745 5262 2818 5350 At
2849 5268 2975 5350 alii,
3005 5263 3099 5320 οὖν
3141 5265 3237 5336 μή.
3286 5262 3462 5318 Paulo
3512 5271 3639 5331 post

2055 5339 2292 5420 Anglic,
2320 5346 2530 5420 ’Ἄλλως
2557 5339 2617 5396 τε
2640 5343 2700 5420 δὲ
2725 5339 2838 5402 καί,
2861 5349 2967 5420 etc.
3166 5414 3178 5420 _
3218 5418 3229 5420 ξ

2126 5401 2355 5487 litiita
2381 5401 2526 5487 Reg:
2544 5423 2601 5487 ει
2638 5401 3099 5487 δεειιειξεΙῃ-ειίἰε
3125 5414 3183 5487 et
3209 5401 3432 5487 editis}
3455 5401 3631 5487 deest:

2128 5471 2241 5558 ζῆ)
2273 5488 2366 5543 Sic
2397 5471 2530 5558 ne}.
2570 5471 2795 5558 Seguer.
2836 5479 3002 5534 Basil.
3033 5487 3087 5532 et
3112 5474 3322 5544 Anglic.
3355 5472 3427 5527 At
3457 5471 3554 5526 alii
3582 5481 3637 5524 et

2056 5551 2409 5618 είὶὶἰί.ἀὺτῶν
2429 5555 2537 5609 τῶν
2559 5551 2890 5624 κτισμάτων.
2925 5619 2937 5624 Α
3166 5623 3170 5624 ν
3372 5611 3424 5624 __
3570 5611 3582 5622 ,

2127 5611 2357 5702 θέμις,
2387 5627 2525 5702 Reg.
2551 5635 2606 5680 ει
2642 5611 2866 5702 Seguer.
2911 5616 3096 5702 Atalii
3126 5623 3179 5669 et
3207 5612 3338 5670 editi
3368 5611 3428 5666 δέ
3470 5611 3637 5666 omit-

2056 5688 2196 5760 ιιιιὶι.
2224 5688 2351 5756 Mox
2387 5688 2576 5762 nas'u.,
2611 5695 2702 5748 τὸν
2720 5688 2918 5747 τούτου
2941 5688 3130 5757 Λόγον.
