  <div class='ocr_page' id='page_1' title='image "/cluster/home/n/w/nwhite01/storage/ocr_20150623/26/nnc1.0046978577/316.png"; bbox 0 0 3822 6226; ppageno 0'>
   <div class='ocr_carea' id='block_1_1' title="bbox 181 362 292 416">
    <p class='ocr_par' dir='ltr' id='par_1_1' title="bbox 181 362 292 416">
     <span class='ocr_line' id='line_1_1' title="bbox 181 362 292 416; baseline 0.018 -2"><span class='ocrx_word' id='word_1_1' title='bbox 181 362 292 416; x_wconf 73' lang='lat' dir='ltr'><strong>Gl?</strong></span> 
     </span>
    </p>
   </div>
   <div class='ocr_carea' id='block_1_2' title="bbox 1293 355 2341 414">
    <p class='ocr_par' dir='ltr' id='par_1_2' title="bbox 1293 355 2341 414">
     <span class='ocr_line' id='line_1_2' title="bbox 1293 355 2341 414; baseline -0.003 0"><span class='ocrx_word' id='word_1_2' title='bbox 1293 357 1626 414; x_wconf 60' lang='lat' dir='ltr'><strong>EPISTOLA</strong></span> <span class='ocrx_word' id='word_1_3' title='bbox 1665 356 1708 410; x_wconf 89' lang='lat' dir='ltr'><strong>II</strong></span> <span class='ocrx_word' id='word_1_4' title='bbox 1753 357 1846 411; x_wconf 79' lang='lat' dir='ltr'><strong>AD</strong></span> <span class='ocrx_word' id='word_1_5' title='bbox 1885 355 2341 413; x_wconf 75' lang='lat' dir='ltr'><strong>SERAPIONEM.</strong></span> 
     </span>
    </p>
   </div>
   <div class='ocr_carea' id='block_1_3' title="bbox 3335 354 3442 409">
    <p class='ocr_par' dir='ltr' id='par_1_3' title="bbox 3335 354 3442 409">
     <span class='ocr_line' id='line_1_3' title="bbox 3335 354 3442 409; baseline 0.009 -2"><span class='ocrx_word' id='word_1_6' title='bbox 3335 354 3442 409; x_wconf 80' lang='lat' dir='ltr'>6I8</span> 
     </span>
    </p>
   </div>
   <div class='ocr_carea' id='block_1_4' title="bbox 185 471 1776 553">
    <p class='ocr_par' dir='ltr' id='par_1_4' title="bbox 185 479 1767 553">
     <span class='ocr_line' id='line_1_4' title="bbox 185 479 1767 553; baseline 0.002 -20"><span class='ocrx_word' id='word_1_7' title='bbox 185 481 374 544; x_wconf 79' lang='grc' dir='ltr'>πίστις</span> <span class='ocrx_word' id='word_1_8' title='bbox 413 479 573 552; x_wconf 75' lang='grc' dir='ltr'>ἡμῶν</span> <span class='ocrx_word' id='word_1_9' title='bbox 605 479 684 544; x_wconf 80' lang='grc' dir='ltr'><strong>εἰς</strong></span> <span class='ocrx_word' id='word_1_10' title='bbox 705 479 923 552; x_wconf 80' lang='grc' dir='ltr'><strong>Πατέρα</strong></span> <span class='ocrx_word' id='word_1_11' title='bbox 951 479 1045 533; x_wconf 68' lang='grc' dir='ltr'>καὶ</span> <span class='ocrx_word' id='word_1_12' title='bbox 1077 479 1204 532; x_wconf 81' lang='grc' dir='ltr'>Υἱδν</span> <span class='ocrx_word' id='word_1_13' title='bbox 1230 482 1325 537; x_wconf 72' lang='grc' dir='ltr'><strong>καίΙ</strong></span> <span class='ocrx_word' id='word_1_14' title='bbox 1356 483 1509 551; x_wconf 73' lang='grc' dir='ltr'>ἅγιον</span> <span class='ocrx_word' id='word_1_15' title='bbox 1539 480 1767 553; x_wconf 79' lang='grc' dir='ltr'>Πνεῦμα</span> 
     </span>
    </p>
   </div>
   <div class='ocr_carea' id='block_1_5' title="bbox 1882 471 3446 553">
    <p class='ocr_par' dir='ltr' id='par_1_5' title="bbox 1882 471 3446 550">
     <span class='ocr_line' id='line_1_5' title="bbox 1882 471 3446 550; baseline -0.005 -16"><span class='ocrx_word' id='word_1_16' title='bbox 1882 479 2069 550; x_wconf 59' lang='lat' dir='ltr'><strong>Nempe</strong></span> <span class='ocrx_word' id='word_1_17' title='bbox 2106 481 2237 536; x_wconf 85' lang='lat' dir='ltr'><strong>fides</strong></span> <span class='ocrx_word' id='word_1_18' title='bbox 2272 489 2456 536; x_wconf 86' lang='lat' dir='ltr'><strong>nostra</strong></span> <span class='ocrx_word' id='word_1_19' title='bbox 2511 485 2594 535; x_wconf 90' lang='lat' dir='ltr'><strong>est</strong></span> <span class='ocrx_word' id='word_1_20' title='bbox 2644 479 2697 533; x_wconf 88' lang='lat' dir='ltr'><strong>in</strong></span> <span class='ocrx_word' id='word_1_21' title='bbox 2734 475 2976 538; x_wconf 84' lang='lat' dir='ltr'><strong>Patrem.</strong></span> <span class='ocrx_word' id='word_1_22' title='bbox 3003 474 3202 529; x_wconf 87' lang='lat' dir='ltr'><strong>Filium</strong></span> <span class='ocrx_word' id='word_1_23' title='bbox 3235 483 3290 528; x_wconf 84' lang='lat' dir='ltr'><strong>et</strong></span> <span class='ocrx_word' id='word_1_24' title='bbox 3321 471 3446 545; x_wconf 81' lang='lat' dir='ltr'><strong>Spi-</strong></span> 
     </span>
    </p>
   </div>
   <div class='ocr_carea' id='block_1_6' title="bbox 186 571 1762 642">
    <p class='ocr_par' dir='ltr' id='par_1_6' title="bbox 186 571 1762 642">
     <span class='ocr_line' id='line_1_6' title="bbox 186 571 1762 642; baseline 0.001 -17"><span class='ocrx_word' id='word_1_25' title='bbox 186 574 306 625; x_wconf 70' lang='grc' dir='ltr'>ιστι</span> <span class='ocrx_word' id='word_1_26' title='bbox 338 571 472 642; x_wconf 66' lang='grc'>(44),</span> <span class='ocrx_word' id='word_1_27' title='bbox 497 571 747 640; x_wconf 85' lang='grc' dir='ltr'>λέγοντος</span> <span class='ocrx_word' id='word_1_28' title='bbox 775 571 940 624; x_wconf 74' lang='grc' dir='ltr'>αὑτοῦ</span> <span class='ocrx_word' id='word_1_29' title='bbox 976 573 1068 626; x_wconf 89' lang='grc' dir='ltr'><strong>τοῦ</strong></span> <span class='ocrx_word' id='word_1_30' title='bbox 1107 571 1236 626; x_wconf 82' lang='grc' dir='ltr'>Υίοῦ</span> <span class='ocrx_word' id='word_1_31' title='bbox 1266 576 1378 638; x_wconf 84' lang='grc' dir='ltr'>τοῖς</span> <span class='ocrx_word' id='word_1_32' title='bbox 1406 573 1727 637; x_wconf 82' lang='grc' dir='ltr'><strong>ἀποστόλοις</strong></span> <span class='ocrx_word' id='word_1_33' title='bbox 1749 590 1762 604; x_wconf 85' lang='grc'><strong>·</strong></span> 
     </span>
    </p>
   </div>
   <div class='ocr_carea' id='block_1_7' title="bbox 192 661 1768 736">
    <p class='ocr_par' dir='ltr' id='par_1_7' title="bbox 192 661 1768 736">
     <span class='ocr_line' id='line_1_7' title="bbox 192 661 1768 736; baseline 0.003 -23"><span class='ocrx_word' id='word_1_34' title='bbox 192 679 213 713; x_wconf 77' lang='grc' dir='ltr'><strong>ι</strong></span> <span class='ocrx_word' id='word_1_35' title='bbox 252 662 638 732; x_wconf 79' lang='grc' dir='ltr'><strong>Πορευθέντες,</strong></span> <span class='ocrx_word' id='word_1_36' title='bbox 677 661 1050 733; x_wconf 77' lang='grc' dir='ltr'><strong>μαθητεύσατε</strong></span> <span class='ocrx_word' id='word_1_37' title='bbox 1080 665 1257 718; x_wconf 81' lang='grc' dir='ltr'>πάντα</span> <span class='ocrx_word' id='word_1_38' title='bbox 1289 664 1359 718; x_wconf 85' lang='grc' dir='ltr'>τὰ</span> <span class='ocrx_word' id='word_1_39' title='bbox 1389 664 1537 736; x_wconf 77' lang='grc' dir='ltr'>ἔθνη,</span> <span class='ocrx_word' id='word_1_40' title='bbox 1573 665 1768 735; x_wconf 82' lang='grc' dir='ltr'>βαπτί-</span> 
     </span>
    </p>
   </div>
   <div class='ocr_carea' id='block_1_8' title="bbox 188 748 1769 825">
    <p class='ocr_par' dir='ltr' id='par_1_8' title="bbox 188 748 1769 825">
     <span class='ocr_line' id='line_1_8' title="bbox 188 748 1769 825; baseline 0.003 -20"><span class='ocrx_word' id='word_1_41' title='bbox 188 748 378 816; x_wconf 74' lang='grc' dir='ltr'>ζοντες</span> <span class='ocrx_word' id='word_1_42' title='bbox 415 753 611 816; x_wconf 79' lang='grc' dir='ltr'>αὐτοὺς</span> <span class='ocrx_word' id='word_1_43' title='bbox 643 755 722 816; x_wconf 77' lang='grc' dir='ltr'>εἰς</span> <span class='ocrx_word' id='word_1_44' title='bbox 749 753 810 806; x_wconf 91' lang='lat'><strong>16</strong></span> <span class='ocrx_word' id='word_1_45' title='bbox 837 753 1006 824; x_wconf 77' lang='grc' dir='ltr'>ὄνομα</span> <span class='ocrx_word' id='word_1_46' title='bbox 1036 755 1131 808; x_wconf 89' lang='grc' dir='ltr'><strong>τοῦ</strong></span> <span class='ocrx_word' id='word_1_47' title='bbox 1166 757 1377 825; x_wconf 70' lang='grc' dir='ltr'>Πατρός</span> <span class='ocrx_word' id='word_1_48' title='bbox 1397 757 1490 809; x_wconf 78' lang='grc' dir='ltr'><strong>καὶ</strong></span> <span class='ocrx_word' id='word_1_49' title='bbox 1516 756 1610 809; x_wconf 84' lang='grc' dir='ltr'><strong>τοῦ</strong></span> <span class='ocrx_word' id='word_1_50' title='bbox 1638 755 1769 810; x_wconf 85' lang='grc' dir='ltr'>Υἱοῦ</span> 
     </span>
    </p>
   </div>
   <div class='ocr_carea' id='block_1_9' title="bbox 188 842 1772 915">
    <p class='ocr_par' dir='ltr' id='par_1_9' title="bbox 188 842 1772 915">
     <span class='ocr_line' id='line_1_9' title="bbox 188 842 1772 915; baseline 0.002 -18"><span class='ocrx_word' id='word_1_51' title='bbox 188 843 286 897; x_wconf 77' lang='grc' dir='ltr'><strong>καὶ</strong></span> <span class='ocrx_word' id='word_1_52' title='bbox 318 843 413 897; x_wconf 82' lang='grc' dir='ltr'><strong>τοῦ</strong></span> <span class='ocrx_word' id='word_1_53' title='bbox 457 845 613 914; x_wconf 84' lang='grc' dir='ltr'>ἁγίου</span> <span class='ocrx_word' id='word_1_54' title='bbox 648 844 984 915; x_wconf 88' lang='grc' dir='ltr'>Πνεύματος.</span> <span class='ocrx_word' id='word_1_55' title='bbox 1030 865 1048 896; x_wconf 74' lang='grc' dir='ltr'><strong>ι</strong></span> <span class='ocrx_word' id='word_1_56' title='bbox 1083 842 1220 900; x_wconf 85' lang='grc' dir='ltr'>Εἷπε</span> <span class='ocrx_word' id='word_1_57' title='bbox 1263 847 1319 900; x_wconf 88' lang='grc' dir='ltr'><strong>δὲ</strong></span> <span class='ocrx_word' id='word_1_58' title='bbox 1359 846 1548 913; x_wconf 76' lang='grc' dir='ltr'>οὕτως,</span> <span class='ocrx_word' id='word_1_59' title='bbox 1580 849 1667 903; x_wconf 78' lang='grc' dir='ltr'>ἵνα</span> <span class='ocrx_word' id='word_1_60' title='bbox 1712 847 1772 913; x_wconf 80' lang='grc' dir='ltr'><strong>ἐξ</strong></span> 
     </span>
    </p>
   </div>
   <div class='ocr_carea' id='block_1_10' title="bbox 188 931 1773 1012">
    <p class='ocr_par' dir='ltr' id='par_1_10' title="bbox 188 931 1773 1012">
     <span class='ocr_line' id='line_1_10' title="bbox 188 931 1773 1012; baseline 0.003 -23"><span class='ocrx_word' id='word_1_61' title='bbox 188 931 267 989; x_wconf 80' lang='grc' dir='ltr'>ὧν</span> <span class='ocrx_word' id='word_1_62' title='bbox 299 937 544 1006; x_wconf 74' lang='grc' dir='ltr'>οἴδαμεν,</span> <span class='ocrx_word' id='word_1_63' title='bbox 569 937 676 988; x_wconf 75' lang='grc' dir='ltr'><strong>ἀπὸ</strong></span> <span class='ocrx_word' id='word_1_64' title='bbox 703 936 910 990; x_wconf 85' lang='grc' dir='ltr'>τούτων</span> <span class='ocrx_word' id='word_1_65' title='bbox 941 937 1151 1010; x_wconf 89' lang='grc' dir='ltr'>νοῶμεν</span> <span class='ocrx_word' id='word_1_66' title='bbox 1181 939 1275 992; x_wconf 69' lang='grc' dir='ltr'><strong>καὶ</strong></span> <span class='ocrx_word' id='word_1_67' title='bbox 1305 939 1431 1011; x_wconf 73' lang='grc' dir='ltr'>περὶ</span> <span class='ocrx_word' id='word_1_68' title='bbox 1461 940 1569 992; x_wconf 88' lang='grc' dir='ltr'><strong>τῶν</strong></span> <span class='ocrx_word' id='word_1_69' title='bbox 1593 958 1773 1012; x_wconf 88' lang='grc' dir='ltr'>προει-</span> 
     </span>
    </p>
   </div>
   <div class='ocr_carea' id='block_1_11' title="bbox 189 1025 1773 1100">
    <p class='ocr_par' dir='ltr' id='par_1_11' title="bbox 189 1025 1773 1100">
     <span class='ocr_line' id='line_1_11' title="bbox 189 1025 1773 1100; baseline 0.006 -23"><span class='ocrx_word' id='word_1_70' title='bbox 189 1027 447 1097; x_wconf 80' lang='grc' dir='ltr'>ρημένων</span> <span class='ocrx_word' id='word_1_71' title='bbox 473 1027 822 1100; x_wconf 76' lang='grc' dir='ltr'>(45).Ὥσπερ</span> <span class='ocrx_word' id='word_1_72' title='bbox 849 1025 941 1081; x_wconf 80' lang='lat' dir='ltr'>06v</span> <span class='ocrx_word' id='word_1_73' title='bbox 969 1031 1069 1084; x_wconf 78' lang='grc' dir='ltr'><strong>οὐκ</strong></span> <span class='ocrx_word' id='word_1_74' title='bbox 1099 1030 1165 1084; x_wconf 86' lang='grc' dir='ltr'>ἂν</span> <span class='ocrx_word' id='word_1_75' title='bbox 1190 1029 1435 1100; x_wconf 74' lang='grc' dir='ltr'><strong>εἴποιμεν</strong></span> <span class='ocrx_word' id='word_1_76' title='bbox 1460 1033 1587 1095; x_wconf 82' lang='grc' dir='ltr'>τοὺς</span> <span class='ocrx_word' id='word_1_77' title='bbox 1617 1033 1773 1086; x_wconf 87' lang='grc' dir='ltr'>πατέ-</span> 
     </span>
    </p>
   </div>
   <div class='ocr_carea' id='block_1_12' title="bbox 188 1118 1772 1193">
    <p class='ocr_par' dir='ltr' id='par_1_12' title="bbox 188 1118 1772 1193">
     <span class='ocr_line' id='line_1_12' title="bbox 188 1118 1772 1193; baseline 0.003 -22"><span class='ocrx_word' id='word_1_78' title='bbox 188 1136 294 1190; x_wconf 82' lang='grc' dir='ltr'><strong>ρας</strong></span> <span class='ocrx_word' id='word_1_79' title='bbox 319 1119 571 1190; x_wconf 86' lang='grc' dir='ltr'>ποιητὰς,</span> <span class='ocrx_word' id='word_1_80' title='bbox 607 1118 741 1172; x_wconf 76' lang='grc' dir='ltr'>ἀλλὰ</span> <span class='ocrx_word' id='word_1_81' title='bbox 776 1121 1130 1190; x_wconf 82' lang='grc' dir='ltr'><strong>γεννήτορας,</strong></span> <span class='ocrx_word' id='word_1_82' title='bbox 1167 1122 1260 1173; x_wconf 76' lang='grc' dir='ltr'><strong>καὶ</strong></span> <span class='ocrx_word' id='word_1_83' title='bbox 1283 1122 1480 1186; x_wconf 77' lang='grc' dir='ltr'>αὐτοὺς</span> <span class='ocrx_word' id='word_1_84' title='bbox 1527 1123 1583 1174; x_wconf 80' lang='grc' dir='ltr'>δὲ</span> <span class='ocrx_word' id='word_1_85' title='bbox 1624 1125 1772 1193; x_wconf 81' lang='grc' dir='ltr'>ἡμᾶς</span> 
     </span>
    </p>
   </div>
   <div class='ocr_carea' id='block_1_13' title="bbox 185 1210 1769 1283">
    <p class='ocr_par' dir='ltr' id='par_1_13' title="bbox 185 1210 1769 1283">
     <span class='ocr_line' id='line_1_13' title="bbox 185 1210 1769 1283; baseline 0.003 -21"><span class='ocrx_word' id='word_1_86' title='bbox 185 1211 291 1263; x_wconf 89' lang='grc' dir='ltr'><strong>ούκ</strong></span> <span class='ocrx_word' id='word_1_87' title='bbox 315 1210 382 1264; x_wconf 84' lang='grc' dir='ltr'><strong>ἂν</strong></span> <span class='ocrx_word' id='word_1_88' title='bbox 412 1210 553 1263; x_wconf 78' lang='grc' dir='ltr'>εἴποι</span> <span class='ocrx_word' id='word_1_89' title='bbox 587 1228 668 1274; x_wconf 88' lang='grc' dir='ltr'><strong>τις</strong></span> <span class='ocrx_word' id='word_1_90' title='bbox 700 1211 905 1281; x_wconf 78' lang='grc' dir='ltr'>κτίσμα</span> <span class='ocrx_word' id='word_1_91' title='bbox 928 1211 1200 1281; x_wconf 84' lang='grc' dir='ltr'>πατέρων,</span> <span class='ocrx_word' id='word_1_92' title='bbox 1234 1212 1369 1266; x_wconf 74' lang='grc' dir='ltr'>ἀλλὰ</span> <span class='ocrx_word' id='word_1_93' title='bbox 1404 1215 1557 1278; x_wconf 82' lang='grc' dir='ltr'>υἱοὺς</span> <span class='ocrx_word' id='word_1_94' title='bbox 1590 1214 1769 1283; x_wconf 82' lang='grc' dir='ltr'>φύσει,</span> 
     </span>
    </p>
   </div>
   <div class='ocr_carea' id='block_1_14' title="bbox 186 1303 1775 1378">
    <p class='ocr_par' dir='ltr' id='par_1_14' title="bbox 186 1303 1775 1378">
     <span class='ocr_line' id='line_1_14' title="bbox 186 1303 1775 1378; baseline 0.004 -23"><span class='ocrx_word' id='word_1_95' title='bbox 186 1303 285 1355; x_wconf 76' lang='grc' dir='ltr'><strong>καὶ</strong></span> <span class='ocrx_word' id='word_1_96' title='bbox 328 1304 649 1374; x_wconf 85' lang='grc' dir='ltr'>ὁμοουσίους</span> <span class='ocrx_word' id='word_1_97' title='bbox 695 1303 804 1357; x_wconf 87' lang='grc' dir='ltr'><strong>τῶν</strong></span> <span class='ocrx_word' id='word_1_98' title='bbox 849 1303 1099 1375; x_wconf 81' lang='grc' dir='ltr'>πατέρων</span> <span class='ocrx_word' id='word_1_99' title='bbox 1123 1321 1136 1334; x_wconf 75' lang='grc' dir='ltr'><strong><em>ο</em></strong></span> <span class='ocrx_word' id='word_1_100' title='bbox 1194 1303 1366 1368; x_wconf 71' lang='grc' dir='ltr'>οὕτως</span> <span class='ocrx_word' id='word_1_101' title='bbox 1390 1347 1404 1370; x_wconf 94' lang='grc'><strong>,</strong></span> <span class='ocrx_word' id='word_1_102' title='bbox 1442 1307 1491 1359; x_wconf 85' lang='grc' dir='ltr'>εἰ</span> <span class='ocrx_word' id='word_1_103' title='bbox 1525 1307 1714 1378; x_wconf 87' lang='grc' dir='ltr'>Πατὴρ</span> <span class='ocrx_word' id='word_1_104' title='bbox 1747 1310 1775 1362; x_wconf 98' lang='lat'><strong>6</strong></span> 
     </span>
    </p>
   </div>
   <div class='ocr_carea' id='block_1_15' title="bbox 185 1392 1768 1467">
    <p class='ocr_par' dir='ltr' id='par_1_15' title="bbox 185 1392 1768 1467">
     <span class='ocr_line' id='line_1_15' title="bbox 185 1392 1768 1467; baseline 0.003 -23"><span class='ocrx_word' id='word_1_105' title='bbox 185 1393 344 1456; x_wconf 79' lang='grc' dir='ltr'>Θεὸς,</span> <span class='ocrx_word' id='word_1_106' title='bbox 375 1394 592 1456; x_wconf 87' lang='grc' dir='ltr'>πάντως</span> <span class='ocrx_word' id='word_1_107' title='bbox 617 1392 746 1445; x_wconf 80' lang='grc' dir='ltr'>Υίοῦ</span> <span class='ocrx_word' id='word_1_108' title='bbox 785 1393 942 1461; x_wconf 83' lang='grc' dir='ltr'>φύσει</span> <span class='ocrx_word' id='word_1_109' title='bbox 974 1395 1069 1448; x_wconf 78' lang='grc' dir='ltr'><strong>καὶ</strong></span> <span class='ocrx_word' id='word_1_110' title='bbox 1095 1395 1380 1465; x_wconf 85' lang='grc' dir='ltr'>όμοουσίου</span> <span class='ocrx_word' id='word_1_111' title='bbox 1411 1396 1528 1448; x_wconf 77' lang='grc' dir='ltr'>ἐστὶ</span> <span class='ocrx_word' id='word_1_112' title='bbox 1555 1397 1768 1467; x_wconf 85' lang='grc' dir='ltr'>Πατήρ.</span> 
     </span>
    </p>
   </div>
   <div class='ocr_carea' id='block_1_16' title="bbox 199 1481 1774 1556">
    <p class='ocr_par' dir='ltr' id='par_1_16' title="bbox 199 1481 1774 1556">
     <span class='ocr_line' id='line_1_16' title="bbox 199 1481 1774 1556; baseline 0.003 -22"><span class='ocrx_word' id='word_1_113' title='bbox 199 1482 456 1554; x_wconf 74' lang='grc' dir='ltr'>Ἀϐραὰμ</span> <span class='ocrx_word' id='word_1_114' title='bbox 479 1482 611 1551; x_wconf 89' lang='grc' dir='ltr'>γοῦν</span> <span class='ocrx_word' id='word_1_115' title='bbox 642 1483 739 1535; x_wconf 84' lang='grc' dir='ltr'><strong>ούκ</strong></span> <span class='ocrx_word' id='word_1_116' title='bbox 766 1481 946 1536; x_wconf 76' lang='grc' dir='ltr'>ἔκτισε</span> <span class='ocrx_word' id='word_1_117' title='bbox 968 1483 1059 1536; x_wconf 84' lang='grc' dir='ltr'><strong>τὸν</strong></span> <span class='ocrx_word' id='word_1_118' title='bbox 1099 1484 1280 1537; x_wconf 80' lang='grc' dir='ltr'>Ἰσαάκ</span> <span class='ocrx_word' id='word_1_119' title='bbox 1308 1484 1442 1556; x_wconf 73' lang='grc'>(46),</span> <span class='ocrx_word' id='word_1_120' title='bbox 1480 1485 1593 1538; x_wconf 84' lang='grc' dir='ltr'>ἀλλ’</span> <span class='ocrx_word' id='word_1_121' title='bbox 1622 1486 1774 1555; x_wconf 83' lang='grc' dir='ltr'>ὲγέν·</span> 
     </span>
    </p>
   </div>
   <div class='ocr_carea' id='block_1_17' title="bbox 185 1573 1772 1649">
    <p class='ocr_par' dir='ltr' id='par_1_17' title="bbox 185 1573 1772 1649">
     <span class='ocr_line' id='line_1_17' title="bbox 185 1573 1772 1649; baseline 0.003 -24"><span class='ocrx_word' id='word_1_122' title='bbox 185 1590 320 1642; x_wconf 84' lang='grc' dir='ltr'>νησε</span> <span class='ocrx_word' id='word_1_123' title='bbox 343 1591 356 1602; x_wconf 87' lang='grc'><strong>·</strong></span> <span class='ocrx_word' id='word_1_124' title='bbox 387 1574 650 1644; x_wconf 78' lang='grc' dir='ltr'>Βεσελεὴλ</span> <span class='ocrx_word' id='word_1_125' title='bbox 688 1574 744 1626; x_wconf 80' lang='grc' dir='ltr'>δὲ</span> <span class='ocrx_word' id='word_1_126' title='bbox 776 1575 870 1627; x_wconf 75' lang='grc' dir='ltr'><strong>καὶ</strong></span> <span class='ocrx_word' id='word_1_127' title='bbox 909 1573 1092 1627; x_wconf 80' lang='grc' dir='ltr'>Ἕλιὰϐ</span> <span class='ocrx_word' id='word_1_128' title='bbox 1124 1576 1226 1628; x_wconf 82' lang='grc' dir='ltr'><strong>οὐκ</strong></span> <span class='ocrx_word' id='word_1_129' title='bbox 1279 1575 1576 1649; x_wconf 75' lang='grc' dir='ltr'>ἐγέννησαν</span> <span class='ocrx_word' id='word_1_130' title='bbox 1599 1616 1616 1641; x_wconf 90' lang='grc'><strong>,</strong></span> <span class='ocrx_word' id='word_1_131' title='bbox 1657 1577 1772 1630; x_wconf 83' lang='grc' dir='ltr'>ἀλλ’</span> 
     </span>
    </p>
   </div>
   <div class='ocr_carea' id='block_1_18' title="bbox 185 1665 1772 1740">
    <p class='ocr_par' dir='ltr' id='par_1_18' title="bbox 185 1665 1772 1740">
     <span class='ocr_line' id='line_1_18' title="bbox 185 1665 1772 1740; baseline 0.003 -22"><span class='ocrx_word' id='word_1_132' title='bbox 185 1665 455 1736; x_wconf 70' lang='grc' dir='ltr'>ἐποίησαν</span> <span class='ocrx_word' id='word_1_133' title='bbox 497 1667 674 1720; x_wconf 72' lang='grc' dir='ltr'>πάντα</span> <span class='ocrx_word' id='word_1_134' title='bbox 714 1666 783 1719; x_wconf 85' lang='grc' dir='ltr'><strong>τά</strong></span> <span class='ocrx_word' id='word_1_135' title='bbox 811 1665 947 1737; x_wconf 77' lang='grc' dir='ltr'>ἔργα</span> <span class='ocrx_word' id='word_1_136' title='bbox 972 1665 1040 1720; x_wconf 75' lang='grc' dir='ltr'><strong>τά</strong></span> <span class='ocrx_word' id='word_1_137' title='bbox 1083 1668 1140 1720; x_wconf 85' lang='grc' dir='ltr'>ὲν</span> <span class='ocrx_word' id='word_1_138' title='bbox 1172 1670 1238 1739; x_wconf 80' lang='grc' dir='ltr'>τῇ</span> <span class='ocrx_word' id='word_1_139' title='bbox 1272 1672 1464 1740; x_wconf 79' lang='grc' dir='ltr'>σκηνῇ.</span> <span class='ocrx_word' id='word_1_140' title='bbox 1502 1669 1613 1723; x_wconf 75' lang='grc' dir='ltr'>Καὶ</span> <span class='ocrx_word' id='word_1_141' title='bbox 1645 1687 1772 1722; x_wconf 88' lang='grc' dir='ltr'>ναυ-</span> 
     </span>
    </p>
   </div>
   <div class='ocr_carea' id='block_1_19' title="bbox 187 1755 1772 1828">
    <p class='ocr_par' dir='ltr' id='par_1_19' title="bbox 187 1755 1772 1828">
     <span class='ocr_line' id='line_1_19' title="bbox 187 1755 1772 1828; baseline 0.003 -21"><span class='ocrx_word' id='word_1_142' title='bbox 187 1756 370 1824; x_wconf 75' lang='grc' dir='ltr'>πηγὸς</span> <span class='ocrx_word' id='word_1_143' title='bbox 402 1755 458 1808; x_wconf 81' lang='grc' dir='ltr'><strong>δὲ</strong></span> <span class='ocrx_word' id='word_1_144' title='bbox 493 1757 587 1808; x_wconf 72' lang='grc' dir='ltr'><strong>καὶ</strong></span> <span class='ocrx_word' id='word_1_145' title='bbox 619 1756 898 1828; x_wconf 74' lang='grc' dir='ltr'><strong>οἰκοδόμος</strong></span> <span class='ocrx_word' id='word_1_146' title='bbox 927 1756 987 1808; x_wconf 89' lang='grc' dir='ltr'><strong>ού</strong></span> <span class='ocrx_word' id='word_1_147' title='bbox 1013 1757 1274 1824; x_wconf 83' lang='grc' dir='ltr'>γεννῶσιν</span> <span class='ocrx_word' id='word_1_148' title='bbox 1295 1757 1330 1812; x_wconf 78' lang='grc' dir='ltr'>ἃ.</span> <span class='ocrx_word' id='word_1_149' title='bbox 1360 1757 1622 1823; x_wconf 87' lang='grc' dir='ltr'>ποιοῦσιν,</span> <span class='ocrx_word' id='word_1_150' title='bbox 1655 1759 1772 1812; x_wconf 81' lang='grc' dir='ltr'>ἀλλ’</span> 
     </span>
    </p>
   </div>
   <div class='ocr_carea' id='block_1_20' title="bbox 1868 568 3441 644">
    <p class='ocr_par' dir='ltr' id='par_1_20' title="bbox 1868 568 3441 644">
     <span class='ocr_line' id='line_1_20' title="bbox 1868 568 3441 644; baseline -0.005 -16"><span class='ocrx_word' id='word_1_151' title='bbox 1868 575 2033 628; x_wconf 91' lang='lat' dir='ltr'><strong>ritum</strong></span> <span class='ocrx_word' id='word_1_152' title='bbox 2067 584 2339 642; x_wconf 89' lang='lat' dir='ltr'><strong>sanctum,</strong></span> <span class='ocrx_word' id='word_1_153' title='bbox 2391 575 2512 644; x_wconf 89' lang='lat' dir='ltr'><strong>ipso</strong></span> <span class='ocrx_word' id='word_1_154' title='bbox 2561 573 2701 627; x_wconf 87' lang='lat' dir='ltr'><strong>Filio</strong></span> <span class='ocrx_word' id='word_1_155' title='bbox 2739 571 2805 627; x_wconf 90' lang='lat' dir='ltr'><strong>ad</strong></span> <span class='ocrx_word' id='word_1_156' title='bbox 2860 571 3138 639; x_wconf 77' lang='lat' dir='ltr'><strong>apostolos</strong></span> <span class='ocrx_word' id='word_1_157' title='bbox 3186 568 3441 623; x_wconf 85' lang='lat' dir='ltr'><strong>dicente:</strong></span> 
     </span>
    </p>
   </div>
   <div class='ocr_carea' id='block_1_21' title="bbox 1874 660 3444 736">
    <p class='ocr_par' dir='ltr' id='par_1_21' title="bbox 1874 660 3444 736">
     <span class='ocr_line' id='line_1_21' title="bbox 1874 660 3444 736; baseline -0.003 -19"><span class='ocrx_word' id='word_1_158' title='bbox 1874 683 1896 717; x_wconf 76' lang='grc' dir='ltr'><strong>ι</strong></span> <span class='ocrx_word' id='word_1_159' title='bbox 1937 664 2165 730; x_wconf 90' lang='lat' dir='ltr'><strong>Euntes,</strong></span> <span class='ocrx_word' id='word_1_160' title='bbox 2189 667 2380 722; x_wconf 97' lang='lat' dir='ltr'><strong>docete</strong></span> <span class='ocrx_word' id='word_1_161' title='bbox 2409 681 2600 720; x_wconf 90' lang='lat' dir='ltr'><strong>omnes</strong></span> <span class='ocrx_word' id='word_1_162' title='bbox 2634 674 2841 736; x_wconf 89' lang='lat' dir='ltr'><strong>gentes,</strong></span> <span class='ocrx_word' id='word_1_163' title='bbox 2880 662 3221 732; x_wconf 86' lang='lat' dir='ltr'><strong>baptizantes</strong></span> <span class='ocrx_word' id='word_1_164' title='bbox 3255 674 3354 714; x_wconf 88' lang='lat' dir='ltr'><strong>eos</strong></span> <span class='ocrx_word' id='word_1_165' title='bbox 3389 660 3444 713; x_wconf 91' lang='lat' dir='ltr'><strong>in</strong></span> 
     </span>
    </p>
   </div>
   <div class='ocr_carea' id='block_1_22' title="bbox 1871 751 3445 826">
    <p class='ocr_par' dir='ltr' id='par_1_22' title="bbox 1871 751 3445 826">
     <span class='ocr_line' id='line_1_22' title="bbox 1871 751 3445 826; baseline -0.003 -15"><span class='ocrx_word' id='word_1_166' title='bbox 1871 758 2089 811; x_wconf 90' lang='lat' dir='ltr'><strong>nomine</strong></span> <span class='ocrx_word' id='word_1_167' title='bbox 2115 756 2292 812; x_wconf 84' lang='lat' dir='ltr'><strong>Patris</strong></span> <span class='ocrx_word' id='word_1_168' title='bbox 2314 769 2365 812; x_wconf 91' lang='lat' dir='ltr'><strong>et</strong></span> <span class='ocrx_word' id='word_1_169' title='bbox 2385 757 2507 811; x_wconf 85' lang='lat' dir='ltr'><strong>Filii</strong></span> <span class='ocrx_word' id='word_1_170' title='bbox 2531 767 2582 812; x_wconf 87' lang='lat' dir='ltr'><strong>et</strong></span> <span class='ocrx_word' id='word_1_171' title='bbox 2613 755 2850 826; x_wconf 79' lang='lat' dir='ltr'><strong>Spiritus</strong></span> <span class='ocrx_word' id='word_1_172' title='bbox 2879 756 3052 810; x_wconf 78' lang='lat' dir='ltr'><strong>sancti</strong></span> <span class='ocrx_word' id='word_1_173' title='bbox 3071 754 3137 806; x_wconf 76' lang='lat'><strong>“.</strong></span> <span class='ocrx_word' id='word_1_174' title='bbox 3181 771 3200 804; x_wconf 72' lang='grc' dir='ltr'><strong>ι</strong></span> <span class='ocrx_word' id='word_1_175' title='bbox 3229 751 3445 818; x_wconf 87' lang='lat' dir='ltr'><strong>Quibus</strong></span> 
     </span>
    </p>
   </div>
   <div class='ocr_carea' id='block_1_23' title="bbox 1871 846 3445 915">
    <p class='ocr_par' dir='ltr' id='par_1_23' title="bbox 1871 846 3445 915">
     <span class='ocr_line' id='line_1_23' title="bbox 1871 846 3445 915; baseline -0.002 -16"><span class='ocrx_word' id='word_1_176' title='bbox 1871 860 2002 900; x_wconf 85' lang='lat' dir='ltr'><strong>sane</strong></span> <span class='ocrx_word' id='word_1_177' title='bbox 2034 848 2212 902; x_wconf 86' lang='lat' dir='ltr'><strong>verbis</strong></span> <span class='ocrx_word' id='word_1_178' title='bbox 2241 864 2372 903; x_wconf 84' lang='lat' dir='ltr'><strong>usus</strong></span> <span class='ocrx_word' id='word_1_179' title='bbox 2423 858 2526 912; x_wconf 90' lang='lat' dir='ltr'><strong>est,</strong></span> <span class='ocrx_word' id='word_1_180' title='bbox 2563 856 2622 901; x_wconf 90' lang='lat' dir='ltr'><strong>ut</strong></span> <span class='ocrx_word' id='word_1_181' title='bbox 2664 863 2727 901; x_wconf 79' lang='lat' dir='ltr'><strong>ex</strong></span> <span class='ocrx_word' id='word_1_182' title='bbox 2763 847 2847 902; x_wconf 88' lang='lat' dir='ltr'><strong>his</strong></span> <span class='ocrx_word' id='word_1_183' title='bbox 2893 861 3015 915; x_wconf 76' lang='lat' dir='ltr'><strong>quae</strong></span> <span class='ocrx_word' id='word_1_184' title='bbox 3066 846 3344 906; x_wconf 81' lang='lat' dir='ltr'><strong>novimus,</strong></span> <span class='ocrx_word' id='word_1_185' title='bbox 3377 857 3445 896; x_wconf 88' lang='lat' dir='ltr'><strong>ea</strong></span> 
     </span>
    </p>
   </div>
   <div class='ocr_carea' id='block_1_24' title="bbox 1871 935 3441 1008">
    <p class='ocr_par' dir='ltr' id='par_1_24' title="bbox 1871 935 3441 1008">
     <span class='ocr_line' id='line_1_24' title="bbox 1871 935 3441 1008; baseline -0.003 -17"><span class='ocrx_word' id='word_1_186' title='bbox 1871 953 1994 1006; x_wconf 64' lang='lat' dir='ltr'><strong>qum</strong></span> <span class='ocrx_word' id='word_1_187' title='bbox 2022 938 2168 992; x_wconf 88' lang='lat' dir='ltr'><strong>dicta</strong></span> <span class='ocrx_word' id='word_1_188' title='bbox 2194 948 2320 994; x_wconf 89' lang='lat' dir='ltr'><strong>sunt</strong></span> <span class='ocrx_word' id='word_1_189' title='bbox 2345 939 2787 1008; x_wconf 90' lang='lat' dir='ltr'><strong>intelligeremus.</strong></span> <span class='ocrx_word' id='word_1_190' title='bbox 2813 935 3284 1002; x_wconf 84' lang='lat' dir='ltr'><strong>Quemadmodum</strong></span> <span class='ocrx_word' id='word_1_191' title='bbox 3309 947 3441 1004; x_wconf 89' lang='lat' dir='ltr'><strong>ergo</strong></span> 
     </span>
    </p>
   </div>
   <div class='ocr_carea' id='block_1_25' title="bbox 1871 1025 3444 1098">
    <p class='ocr_par' dir='ltr' id='par_1_25' title="bbox 1871 1025 3444 1098">
     <span class='ocr_line' id='line_1_25' title="bbox 1871 1025 3444 1098; baseline -0.002 -18"><span class='ocrx_word' id='word_1_192' title='bbox 1871 1037 2053 1096; x_wconf 84' lang='lat' dir='ltr'><strong>patres</strong></span> <span class='ocrx_word' id='word_1_193' title='bbox 2084 1045 2190 1082; x_wconf 90' lang='lat' dir='ltr'><strong>non</strong></span> <span class='ocrx_word' id='word_1_194' title='bbox 2239 1029 2466 1098; x_wconf 86' lang='lat' dir='ltr'><strong>opifices</strong></span> <span class='ocrx_word' id='word_1_195' title='bbox 2516 1029 2608 1083; x_wconf 89' lang='lat' dir='ltr'><strong>sed</strong></span> <span class='ocrx_word' id='word_1_196' title='bbox 2658 1027 2931 1097; x_wconf 86' lang='lat' dir='ltr'><strong>genitores</strong></span> <span class='ocrx_word' id='word_1_197' title='bbox 2987 1025 3342 1094; x_wconf 84' lang='lat' dir='ltr'><strong>appellamus,</strong></span> <span class='ocrx_word' id='word_1_198' title='bbox 3377 1037 3444 1077; x_wconf 90' lang='lat' dir='ltr'><strong>ac</strong></span> 
     </span>
    </p>
   </div>
   <div class='ocr_carea' id='block_1_26' title="bbox 1871 1112 3439 1187">
    <p class='ocr_par' dir='ltr' id='par_1_26' title="bbox 1871 1112 3439 1187">
     <span class='ocr_line' id='line_1_26' title="bbox 1871 1112 3439 1187; baseline -0.003 -20"><span class='ocrx_word' id='word_1_199' title='bbox 1871 1115 2099 1185; x_wconf 84' lang='lat' dir='ltr'><strong>proinde</strong></span> <span class='ocrx_word' id='word_1_200' title='bbox 2138 1132 2298 1171; x_wconf 90' lang='lat' dir='ltr'><strong>nemo</strong></span> <span class='ocrx_word' id='word_1_201' title='bbox 2338 1133 2437 1171; x_wconf 90' lang='lat' dir='ltr'><strong>nos</strong></span> <span class='ocrx_word' id='word_1_202' title='bbox 2477 1132 2504 1170; x_wconf 90' lang='lat' dir='ltr'><strong>a</strong></span> <span class='ocrx_word' id='word_1_203' title='bbox 2541 1117 2786 1187; x_wconf 89' lang='lat' dir='ltr'><strong>patribus</strong></span> <span class='ocrx_word' id='word_1_204' title='bbox 2819 1123 3050 1176; x_wconf 83' lang='lat' dir='ltr'><strong>creatos,</strong></span> <span class='ocrx_word' id='word_1_205' title='bbox 3101 1112 3192 1167; x_wconf 92' lang='lat' dir='ltr'><strong>sed</strong></span> <span class='ocrx_word' id='word_1_206' title='bbox 3227 1121 3439 1182; x_wconf 81' lang='lat' dir='ltr'><strong>patrum</strong></span> 
     </span>
    </p>
   </div>
   <div class='ocr_carea' id='block_1_27' title="bbox 1872 1202 3442 1274">
    <p class='ocr_par' dir='ltr' id='par_1_27' title="bbox 1872 1202 3442 1274">
     <span class='ocr_line' id='line_1_27' title="bbox 1872 1202 3442 1274; baseline -0.004 -13"><span class='ocrx_word' id='word_1_207' title='bbox 1872 1223 1993 1263; x_wconf 84' lang='lat' dir='ltr'><strong>esse</strong></span> <span class='ocrx_word' id='word_1_208' title='bbox 2021 1217 2214 1263; x_wconf 88' lang='lat' dir='ltr'><strong>natura</strong></span> <span class='ocrx_word' id='word_1_209' title='bbox 2240 1209 2382 1264; x_wconf 83' lang='lat' dir='ltr'><strong>ﬁlios</strong></span> <span class='ocrx_word' id='word_1_210' title='bbox 2403 1217 2455 1264; x_wconf 92' lang='lat' dir='ltr'><strong>et</strong></span> <span class='ocrx_word' id='word_1_211' title='bbox 2486 1205 2982 1264; x_wconf 85' lang='lat' dir='ltr'><strong>consubstantiales</strong></span> <span class='ocrx_word' id='word_1_212' title='bbox 3015 1205 3196 1260; x_wconf 88' lang='lat' dir='ltr'><strong>dicere</strong></span> <span class='ocrx_word' id='word_1_213' title='bbox 3230 1202 3442 1274; x_wconf 79' lang='lat' dir='ltr'><strong>possit:</strong></span> 
     </span>
    </p>
   </div>
   <div class='ocr_carea' id='block_1_28' title="bbox 1873 1293 3446 1369">
    <p class='ocr_par' dir='ltr' id='par_1_28' title="bbox 1873 1293 3446 1369">
     <span class='ocr_line' id='line_1_28' title="bbox 1873 1293 3446 1369; baseline -0.003 -15"><span class='ocrx_word' id='word_1_214' title='bbox 1873 1300 1969 1363; x_wconf 89' lang='lat' dir='ltr'><strong>ita,</strong></span> <span class='ocrx_word' id='word_1_215' title='bbox 2005 1301 2050 1355; x_wconf 89' lang='lat' dir='ltr'><strong>si</strong></span> <span class='ocrx_word' id='word_1_216' title='bbox 2085 1299 2245 1354; x_wconf 91' lang='lat' dir='ltr'><strong>Pater</strong></span> <span class='ocrx_word' id='word_1_217' title='bbox 2292 1309 2376 1356; x_wconf 91' lang='lat' dir='ltr'><strong>est</strong></span> <span class='ocrx_word' id='word_1_218' title='bbox 2411 1299 2575 1364; x_wconf 86' lang='lat' dir='ltr'><strong>Deus,</strong></span> <span class='ocrx_word' id='word_1_219' title='bbox 2622 1297 2866 1369; x_wconf 84' lang='lat' dir='ltr'><strong>profecto</strong></span> <span class='ocrx_word' id='word_1_220' title='bbox 2900 1296 3060 1353; x_wconf 86' lang='lat' dir='ltr'><strong>Pater</strong></span> <span class='ocrx_word' id='word_1_221' title='bbox 3092 1305 3176 1350; x_wconf 87' lang='lat' dir='ltr'><strong>est</strong></span> <span class='ocrx_word' id='word_1_222' title='bbox 3197 1294 3318 1349; x_wconf 90' lang='lat' dir='ltr'><strong>Filii</strong></span> <span class='ocrx_word' id='word_1_223' title='bbox 3352 1293 3446 1364; x_wconf 88' lang='lat' dir='ltr'><strong>qui</strong></span> 
     </span>
    </p>
   </div>
   <div class='ocr_carea' id='block_1_29' title="bbox 1874 1387 3442 1462">
    <p class='ocr_par' dir='ltr' id='par_1_29' title="bbox 1874 1387 3442 1462">
     <span class='ocr_line' id='line_1_29' title="bbox 1874 1387 3442 1462; baseline -0.004 -15"><span class='ocrx_word' id='word_1_224' title='bbox 1874 1394 1942 1448; x_wconf 85' lang='lat' dir='ltr'><strong>sit</strong></span> <span class='ocrx_word' id='word_1_225' title='bbox 1969 1403 2162 1447; x_wconf 72' lang='lat' dir='ltr'><strong>natura</strong></span> <span class='ocrx_word' id='word_1_226' title='bbox 2219 1393 2363 1448; x_wconf 72' lang='lat' dir='ltr'><strong>(ilius</strong></span> <span class='ocrx_word' id='word_1_227' title='bbox 2405 1393 2618 1462; x_wconf 86' lang='lat' dir='ltr'><strong>ipsique</strong></span> <span class='ocrx_word' id='word_1_228' title='bbox 2667 1393 2895 1462; x_wconf 86' lang='lat' dir='ltr'><strong>proinde</strong></span> <span class='ocrx_word' id='word_1_229' title='bbox 2939 1387 3442 1446; x_wconf 85' lang='lat' dir='ltr'><strong>consubstantialis.</strong></span> 
     </span>
    </p>
   </div>
   <div class='ocr_carea' id='block_1_30' title="bbox 1873 1479 3448 1555">
    <p class='ocr_par' dir='ltr' id='par_1_30' title="bbox 1873 1479 3448 1555">
     <span class='ocr_line' id='line_1_30' title="bbox 1873 1479 3448 1555; baseline -0.003 -18"><span class='ocrx_word' id='word_1_230' title='bbox 1873 1485 2011 1542; x_wconf 87' lang='lat' dir='ltr'><strong>Ilinc</strong></span> <span class='ocrx_word' id='word_1_231' title='bbox 2039 1486 2313 1540; x_wconf 79' lang='lat' dir='ltr'><strong>Abraham</strong></span> <span class='ocrx_word' id='word_1_232' title='bbox 2367 1501 2475 1539; x_wconf 92' lang='lat' dir='ltr'><strong>non</strong></span> <span class='ocrx_word' id='word_1_233' title='bbox 2501 1487 2706 1539; x_wconf 84' lang='lat' dir='ltr'><strong>creavit</strong></span> <span class='ocrx_word' id='word_1_234' title='bbox 2738 1485 2833 1539; x_wconf 86' lang='lat' dir='ltr'><strong>sed</strong></span> <span class='ocrx_word' id='word_1_235' title='bbox 2862 1483 3049 1555; x_wconf 89' lang='lat' dir='ltr'><strong>genuit</strong></span> <span class='ocrx_word' id='word_1_236' title='bbox 3076 1485 3251 1536; x_wconf 84' lang='lat' dir='ltr'><strong>Isaac.</strong></span> <span class='ocrx_word' id='word_1_237' title='bbox 3287 1479 3448 1534; x_wconf 87' lang='lat' dir='ltr'><strong>Bese-</strong></span> 
     </span>
    </p>
   </div>
   <div class='ocr_carea' id='block_1_31' title="bbox 1872 1572 3449 1646">
    <p class='ocr_par' dir='ltr' id='par_1_31' title="bbox 1872 1572 3449 1646">
     <span class='ocr_line' id='line_1_31' title="bbox 1872 1572 3449 1646; baseline -0.004 -15"><span class='ocrx_word' id='word_1_238' title='bbox 1872 1577 1972 1631; x_wconf 90' lang='lat' dir='ltr'><strong>leel</strong></span> <span class='ocrx_word' id='word_1_239' title='bbox 2009 1591 2186 1631; x_wconf 87' lang='lat' dir='ltr'><strong>autem</strong></span> <span class='ocrx_word' id='word_1_240' title='bbox 2232 1587 2286 1631; x_wconf 90' lang='lat' dir='ltr'><strong>et</strong></span> <span class='ocrx_word' id='word_1_241' title='bbox 2323 1575 2478 1630; x_wconf 85' lang='lat' dir='ltr'><strong>Eliab</strong></span> <span class='ocrx_word' id='word_1_242' title='bbox 2516 1592 2625 1631; x_wconf 92' lang='lat' dir='ltr'><strong>non</strong></span> <span class='ocrx_word' id='word_1_243' title='bbox 2681 1585 3006 1646; x_wconf 92' lang='lat' dir='ltr'><strong>genuerunt,</strong></span> <span class='ocrx_word' id='word_1_244' title='bbox 3056 1575 3150 1630; x_wconf 89' lang='lat' dir='ltr'><strong>sed</strong></span> <span class='ocrx_word' id='word_1_245' title='bbox 3200 1572 3449 1627; x_wconf 88' lang='lat' dir='ltr'><strong>fecerunt</strong></span> 
     </span>
    </p>
   </div>
   <div class='ocr_carea' id='block_1_32' title="bbox 1875 1662 3448 1735">
    <p class='ocr_par' dir='ltr' id='par_1_32' title="bbox 1875 1662 3448 1735">
     <span class='ocr_line' id='line_1_32' title="bbox 1875 1662 3448 1735; baseline -0.003 -16"><span class='ocrx_word' id='word_1_246' title='bbox 1875 1665 2057 1719; x_wconf 86' lang='lat' dir='ltr'><strong>omnia</strong></span> <span class='ocrx_word' id='word_1_247' title='bbox 2085 1679 2246 1735; x_wconf 89' lang='lat' dir='ltr'><strong>opera</strong></span> <span class='ocrx_word' id='word_1_248' title='bbox 2274 1681 2396 1735; x_wconf 72' lang='lat' dir='ltr'><strong>qua:</strong></span> <span class='ocrx_word' id='word_1_249' title='bbox 2431 1668 2484 1720; x_wconf 89' lang='lat' dir='ltr'><strong>in</strong></span> <span class='ocrx_word' id='word_1_250' title='bbox 2512 1667 2862 1721; x_wconf 88' lang='lat' dir='ltr'><strong>tabernaculo</strong></span> <span class='ocrx_word' id='word_1_251' title='bbox 2891 1675 3048 1719; x_wconf 86' lang='lat' dir='ltr'><strong>erant</strong></span> <span class='ocrx_word' id='word_1_252' title='bbox 3068 1665 3136 1717; x_wconf 70' lang='grc' dir='ltr'><strong>δ’.</strong></span> <span class='ocrx_word' id='word_1_253' title='bbox 3182 1662 3448 1717; x_wconf 88' lang='lat' dir='ltr'><strong>Similiter</strong></span> 
     </span>
    </p>
   </div>
   <div class='ocr_carea' id='block_1_33' title="bbox 1876 1755 3448 1827">
    <p class='ocr_par' dir='ltr' id='par_1_33' title="bbox 1876 1755 3448 1827">
     <span class='ocr_line' id='line_1_33' title="bbox 1876 1755 3448 1827; baseline 0.001 -18"><span class='ocrx_word' id='word_1_254' title='bbox 1876 1757 2093 1810; x_wconf 80' lang='lat' dir='ltr'><strong>navium</strong></span> <span class='ocrx_word' id='word_1_255' title='bbox 2147 1768 2200 1813; x_wconf 90' lang='lat' dir='ltr'><strong>et</strong></span> <span class='ocrx_word' id='word_1_256' title='bbox 2250 1758 2601 1813; x_wconf 77' lang='lat' dir='ltr'><strong>aedificiorum</strong></span> <span class='ocrx_word' id='word_1_257' title='bbox 2651 1757 3008 1812; x_wconf 81' lang='lat' dir='ltr'><strong>fabricatores</strong></span> <span class='ocrx_word' id='word_1_258' title='bbox 3053 1773 3161 1811; x_wconf 91' lang='lat' dir='ltr'><strong>non</strong></span> <span class='ocrx_word' id='word_1_259' title='bbox 3216 1755 3448 1827; x_wconf 85' lang='lat' dir='ltr'><strong>gignunt</strong></span> 
     </span>
    </p>
   </div>
   <div class='ocr_carea' id='block_1_34' title="bbox 184 1845 1776 1924">
    <p class='ocr_par' dir='ltr' id='par_1_34' title="bbox 184 1845 1766 1918">
     <span class='ocr_line' id='line_1_34' title="bbox 184 1845 1766 1918; baseline 0.001 -20"><span class='ocrx_word' id='word_1_260' title='bbox 184 1845 420 1908; x_wconf 71' lang='grc' dir='ltr'>ἕκαστος</span> <span class='ocrx_word' id='word_1_261' title='bbox 436 1845 744 1916; x_wconf 75' lang='grc' dir='ltr'>ἐργάζεται,</span> <span class='ocrx_word' id='word_1_262' title='bbox 775 1848 802 1899; x_wconf 92' lang='lat'><strong>6</strong></span> <span class='ocrx_word' id='word_1_263' title='bbox 833 1846 931 1916; x_wconf 78' lang='grc' dir='ltr'>μὲν</span> <span class='ocrx_word' id='word_1_264' title='bbox 963 1847 1024 1899; x_wconf 85' lang='grc' dir='ltr'><strong>τὸ</strong></span> <span class='ocrx_word' id='word_1_265' title='bbox 1056 1848 1282 1916; x_wconf 70' lang='grc' dir='ltr'>σκάφος,</span> <span class='ocrx_word' id='word_1_266' title='bbox 1304 1852 1332 1900; x_wconf 91' lang='lat'><strong>6</strong></span> <span class='ocrx_word' id='word_1_267' title='bbox 1359 1847 1417 1900; x_wconf 83' lang='grc' dir='ltr'><strong>δὲ</strong></span> <span class='ocrx_word' id='word_1_268' title='bbox 1444 1849 1542 1918; x_wconf 77' lang='grc' dir='ltr'>τὴν</span> <span class='ocrx_word' id='word_1_269' title='bbox 1571 1848 1766 1902; x_wconf 80' lang='grc' dir='ltr'>οἰκίαν.</span> 
     </span>
    </p>
   </div>
   <div class='ocr_carea' id='block_1_35' title="bbox 1882 1845 3440 1924">
    <p class='ocr_par' dir='ltr' id='par_1_35' title="bbox 1882 1847 3440 1919">
     <span class='ocr_line' id='line_1_35' title="bbox 1882 1847 3440 1919; baseline -0.001 -19"><span class='ocrx_word' id='word_1_270' title='bbox 1882 1865 1995 1917; x_wconf 65' lang='lat' dir='ltr'><strong>quae</strong></span> <span class='ocrx_word' id='word_1_271' title='bbox 2033 1847 2282 1904; x_wconf 83' lang='lat' dir='ltr'><strong>faciunt:</strong></span> <span class='ocrx_word' id='word_1_272' title='bbox 2332 1849 2427 1904; x_wconf 82' lang='lat' dir='ltr'><strong>sed</strong></span> <span class='ocrx_word' id='word_1_273' title='bbox 2470 1849 2549 1903; x_wconf 86' lang='lat' dir='ltr'><strong>illi</strong></span> <span class='ocrx_word' id='word_1_274' title='bbox 2593 1849 2811 1919; x_wconf 87' lang='lat' dir='ltr'><strong>quidem</strong></span> <span class='ocrx_word' id='word_1_275' title='bbox 2856 1864 3071 1915; x_wconf 86' lang='lat' dir='ltr'><strong>navem,</strong></span> <span class='ocrx_word' id='word_1_276' title='bbox 3120 1847 3176 1902; x_wconf 88' lang='lat' dir='ltr'><strong>hi</strong></span> <span class='ocrx_word' id='word_1_277' title='bbox 3214 1848 3440 1902; x_wconf 88' lang='lat' dir='ltr'><strong>domum</strong></span> 
     </span>
    </p>
   </div>
   <div class='ocr_carea' id='block_1_36' title="bbox 196 1935 1770 2009">
    <p class='ocr_par' dir='ltr' id='par_1_36' title="bbox 196 1935 1770 2009">
     <span class='ocr_line' id='line_1_36' title="bbox 196 1935 1770 2009; baseline 0.003 -21"><span class='ocrx_word' id='word_1_278' title='bbox 196 1935 261 1989; x_wconf 90' lang='lat'><strong>&#39;0</strong></span> <span class='ocrx_word' id='word_1_279' title='bbox 296 1936 483 2006; x_wconf 86' lang='grc' dir='ltr'>μέντοι</span> <span class='ocrx_word' id='word_1_280' title='bbox 525 1937 711 1990; x_wconf 79' lang='grc' dir='ltr'>Ἰσαὰκ</span> <span class='ocrx_word' id='word_1_281' title='bbox 756 1939 817 1991; x_wconf 86' lang='grc' dir='ltr'><strong>ού</strong></span> <span class='ocrx_word' id='word_1_282' title='bbox 849 1941 1026 2001; x_wconf 84' lang='grc' dir='ltr'>ποιεῖ,</span> <span class='ocrx_word' id='word_1_283' title='bbox 1072 1938 1208 1991; x_wconf 82' lang='grc' dir='ltr'>ἀλλὰ</span> <span class='ocrx_word' id='word_1_284' title='bbox 1255 1941 1419 2009; x_wconf 82' lang='grc' dir='ltr'>γεννᾷ</span> <span class='ocrx_word' id='word_1_285' title='bbox 1465 1940 1622 2008; x_wconf 77' lang='grc' dir='ltr'>φύσει</span> <span class='ocrx_word' id='word_1_286' title='bbox 1676 1941 1770 1992; x_wconf 73' lang='grc' dir='ltr'><strong>καὶ</strong></span> 
     </span>
    </p>
   </div>
   <div class='ocr_carea' id='block_1_37' title="bbox 185 2027 1772 2099">
    <p class='ocr_par' dir='ltr' id='par_1_37' title="bbox 185 2027 1772 2099">
     <span class='ocr_line' id='line_1_37' title="bbox 185 2027 1772 2099; baseline 0.002 -19"><span class='ocrx_word' id='word_1_287' title='bbox 185 2027 474 2099; x_wconf 82' lang='grc' dir='ltr'>όμοούσιον</span> <span class='ocrx_word' id='word_1_288' title='bbox 519 2029 611 2082; x_wconf 80' lang='grc' dir='ltr'><strong>τὸν</strong></span> <span class='ocrx_word' id='word_1_289' title='bbox 657 2029 848 2083; x_wconf 81' lang='grc' dir='ltr'>Ἰακώϐ</span> <span class='ocrx_word' id='word_1_290' title='bbox 887 2029 1035 2098; x_wconf 72' lang='grc'>(47)·</span> <span class='ocrx_word' id='word_1_291' title='bbox 1084 2031 1178 2083; x_wconf 68' lang='grc' dir='ltr'><strong>καὶ</strong></span> <span class='ocrx_word' id='word_1_292' title='bbox 1215 2032 1243 2083; x_wconf 89' lang='lat'><strong>6</strong></span> <span class='ocrx_word' id='word_1_293' title='bbox 1281 2029 1476 2083; x_wconf 77' lang='grc' dir='ltr'>Ἰακὼϐ</span> <span class='ocrx_word' id='word_1_294' title='bbox 1506 2030 1562 2082; x_wconf 84' lang='grc' dir='ltr'>δὲ</span> <span class='ocrx_word' id='word_1_295' title='bbox 1597 2029 1772 2094; x_wconf 74' lang='grc' dir='ltr'>οὕτως</span> 
     </span>
    </p>
   </div>
   <div class='ocr_carea' id='block_1_38' title="bbox 186 2119 1772 2194">
    <p class='ocr_par' dir='ltr' id='par_1_38' title="bbox 186 2119 1772 2194">
     <span class='ocr_line' id='line_1_38' title="bbox 186 2119 1772 2194; baseline 0.002 -22"><span class='ocrx_word' id='word_1_296' title='bbox 186 2121 282 2172; x_wconf 81' lang='grc' dir='ltr'><strong>τὸν</strong></span> <span class='ocrx_word' id='word_1_297' title='bbox 323 2119 524 2173; x_wconf 78' lang='grc' dir='ltr'>Ἰούδαν</span> <span class='ocrx_word' id='word_1_298' title='bbox 577 2121 825 2184; x_wconf 74' lang='grc' dir='ltr'>καὶτοὺς</span> <span class='ocrx_word' id='word_1_299' title='bbox 863 2121 1124 2191; x_wconf 78' lang='grc' dir='ltr'>ἀδελφοὺς</span> <span class='ocrx_word' id='word_1_300' title='bbox 1179 2121 1366 2175; x_wconf 80' lang='grc' dir='ltr'>αὑτοῦ.</span> <span class='ocrx_word' id='word_1_301' title='bbox 1425 2123 1634 2194; x_wconf 84' lang='grc' dir='ltr'>Ὥσπερ</span> <span class='ocrx_word' id='word_1_302' title='bbox 1679 2119 1772 2176; x_wconf 79' lang='grc' dir='ltr'><strong>οὖν</strong></span> 
     </span>
    </p>
   </div>
   <div class='ocr_carea' id='block_1_39' title="bbox 191 2211 1772 2284">
    <p class='ocr_par' dir='ltr' id='par_1_39' title="bbox 191 2211 1772 2284">
     <span class='ocr_line' id='line_1_39' title="bbox 191 2211 1772 2284; baseline 0 -18"><span class='ocrx_word' id='word_1_303' title='bbox 191 2211 424 2284; x_wconf 78' lang='grc' dir='ltr'>μαίνοιτ’</span> <span class='ocrx_word' id='word_1_304' title='bbox 449 2213 513 2266; x_wconf 78' lang='grc' dir='ltr'>ἄν</span> <span class='ocrx_word' id='word_1_305' title='bbox 545 2229 629 2274; x_wconf 89' lang='grc' dir='ltr'><strong>τις</strong></span> <span class='ocrx_word' id='word_1_306' title='bbox 656 2212 830 2280; x_wconf 85' lang='grc' dir='ltr'>λέγων</span> <span class='ocrx_word' id='word_1_307' title='bbox 860 2213 959 2283; x_wconf 84' lang='grc' dir='ltr'>τὴν</span> <span class='ocrx_word' id='word_1_308' title='bbox 987 2213 1166 2268; x_wconf 71' lang='grc' dir='ltr'>οἰκίαν</span> <span class='ocrx_word' id='word_1_309' title='bbox 1195 2213 1478 2284; x_wconf 86' lang='grc' dir='ltr'>όμοούσιον</span> <span class='ocrx_word' id='word_1_310' title='bbox 1502 2214 1596 2266; x_wconf 91' lang='grc' dir='ltr'><strong>τοῦ</strong></span> <span class='ocrx_word' id='word_1_311' title='bbox 1624 2215 1772 2266; x_wconf 88' lang='grc' dir='ltr'>οἱκο-</span> 
     </span>
    </p>
   </div>
   <div class='ocr_carea' id='block_1_40' title="bbox 187 2303 1772 2375">
    <p class='ocr_par' dir='ltr' id='par_1_40' title="bbox 187 2303 1772 2375">
     <span class='ocr_line' id='line_1_40' title="bbox 187 2303 1772 2375; baseline -0.001 -17"><span class='ocrx_word' id='word_1_312' title='bbox 187 2303 380 2374; x_wconf 75' lang='grc' dir='ltr'>δόμου,</span> <span class='ocrx_word' id='word_1_313' title='bbox 413 2304 507 2358; x_wconf 72' lang='grc' dir='ltr'>καὶ</span> <span class='ocrx_word' id='word_1_314' title='bbox 532 2304 590 2357; x_wconf 87' lang='lat'><strong>16</strong></span> <span class='ocrx_word' id='word_1_315' title='bbox 625 2303 829 2373; x_wconf 74' lang='grc' dir='ltr'>σκάφος</span> <span class='ocrx_word' id='word_1_316' title='bbox 860 2303 955 2356; x_wconf 83' lang='grc' dir='ltr'><strong>τοῦ</strong></span> <span class='ocrx_word' id='word_1_317' title='bbox 993 2304 1275 2374; x_wconf 88' lang='grc' dir='ltr'>ναυπηγοῦ</span> <span class='ocrx_word' id='word_1_318' title='bbox 1295 2346 1310 2369; x_wconf 94' lang='grc'><strong>,</strong></span> <span class='ocrx_word' id='word_1_319' title='bbox 1334 2303 1506 2367; x_wconf 78' lang='grc' dir='ltr'>οὕτως</span> <span class='ocrx_word' id='word_1_320' title='bbox 1536 2305 1772 2375; x_wconf 85' lang='grc' dir='ltr'>πρεπόν-</span> 
     </span>
    </p>
   </div>
   <div class='ocr_carea' id='block_1_41' title="bbox 188 2391 1775 2466">
    <p class='ocr_par' dir='ltr' id='par_1_41' title="bbox 188 2391 1775 2466">
     <span class='ocr_line' id='line_1_41' title="bbox 188 2391 1775 2466; baseline 0 -19"><span class='ocrx_word' id='word_1_321' title='bbox 188 2412 300 2458; x_wconf 86' lang='grc' dir='ltr'><strong>τως</strong></span> <span class='ocrx_word' id='word_1_322' title='bbox 335 2395 400 2449; x_wconf 81' lang='grc' dir='ltr'>ἄν</span> <span class='ocrx_word' id='word_1_323' title='bbox 426 2412 510 2459; x_wconf 90' lang='grc' dir='ltr'><strong>τις</strong></span> <span class='ocrx_word' id='word_1_324' title='bbox 541 2397 684 2448; x_wconf 73' lang='grc' dir='ltr'>εἴποι</span> <span class='ocrx_word' id='word_1_325' title='bbox 707 2395 883 2448; x_wconf 85' lang='grc' dir='ltr'>πάντα</span> <span class='ocrx_word' id='word_1_326' title='bbox 905 2396 1030 2450; x_wconf 79' lang='grc' dir='ltr'>Υἱὸν</span> <span class='ocrx_word' id='word_1_327' title='bbox 1055 2395 1337 2466; x_wconf 88' lang='grc' dir='ltr'>όμοούσιον</span> <span class='ocrx_word' id='word_1_328' title='bbox 1363 2391 1501 2448; x_wconf 82' lang='grc' dir='ltr'>εἶναι</span> <span class='ocrx_word' id='word_1_329' title='bbox 1527 2395 1620 2448; x_wconf 88' lang='grc' dir='ltr'><strong>τοῦ</strong></span> <span class='ocrx_word' id='word_1_330' title='bbox 1648 2397 1775 2448; x_wconf 79' lang='grc' dir='ltr'>ἐαυ-</span> 
     </span>
    </p>
   </div>
   <div class='ocr_carea' id='block_1_42' title="bbox 188 2485 1771 2557">
    <p class='ocr_par' dir='ltr' id='par_1_42' title="bbox 188 2485 1771 2557">
     <span class='ocr_line' id='line_1_42' title="bbox 188 2485 1771 2557; baseline 0.001 -20"><span class='ocrx_word' id='word_1_331' title='bbox 188 2485 285 2537; x_wconf 87' lang='grc' dir='ltr'><strong>τοῦ</strong></span> <span class='ocrx_word' id='word_1_332' title='bbox 314 2487 549 2557; x_wconf 78' lang='grc' dir='ltr'>Πατρός.</span> <span class='ocrx_word' id='word_1_333' title='bbox 586 2487 647 2539; x_wconf 78' lang='lat' dir='ltr'><strong>El</strong></span> <span class='ocrx_word' id='word_1_334' title='bbox 677 2486 854 2540; x_wconf 82' lang='grc' dir='ltr'>τοίνυν</span> <span class='ocrx_word' id='word_1_335' title='bbox 887 2486 1076 2556; x_wconf 83' lang='grc' dir='ltr'>Πατήρ</span> <span class='ocrx_word' id='word_1_336' title='bbox 1105 2487 1220 2538; x_wconf 81' lang='grc' dir='ltr'>ἐστι</span> <span class='ocrx_word' id='word_1_337' title='bbox 1249 2487 1343 2540; x_wconf 80' lang='grc' dir='ltr'>καὶ</span> <span class='ocrx_word' id='word_1_338' title='bbox 1385 2486 1533 2551; x_wconf 76' lang='grc' dir='ltr'>Υἱὸς,</span> <span class='ocrx_word' id='word_1_339' title='bbox 1559 2487 1771 2556; x_wconf 83' lang='grc' dir='ltr'><strong>ἀνάγκη</strong></span> 
     </span>
    </p>
   </div>
   <div class='ocr_carea' id='block_1_43' title="bbox 188 2574 1775 2648">
    <p class='ocr_par' dir='ltr' id='par_1_43' title="bbox 188 2574 1775 2648">
     <span class='ocr_line' id='line_1_43' title="bbox 188 2574 1775 2648; baseline 0.002 -21"><span class='ocrx_word' id='word_1_340' title='bbox 188 2575 284 2628; x_wconf 87' lang='lat' dir='ltr'>16v</span> <span class='ocrx_word' id='word_1_341' title='bbox 309 2576 437 2628; x_wconf 82' lang='grc' dir='ltr'>Υἱὺν</span> <span class='ocrx_word' id='word_1_342' title='bbox 464 2577 620 2646; x_wconf 82' lang='grc' dir='ltr'>φύσει</span> <span class='ocrx_word' id='word_1_343' title='bbox 653 2577 744 2630; x_wconf 71' lang='grc' dir='ltr'><strong>καὶ</strong></span> <span class='ocrx_word' id='word_1_344' title='bbox 772 2577 998 2648; x_wconf 75' lang='grc' dir='ltr'>ἀληθείᾳ</span> <span class='ocrx_word' id='word_1_345' title='bbox 1023 2574 1160 2631; x_wconf 75' lang='grc' dir='ltr'>εἶναι</span> <span class='ocrx_word' id='word_1_346' title='bbox 1186 2577 1312 2630; x_wconf 80' lang='grc' dir='ltr'>Υίόν</span> <span class='ocrx_word' id='word_1_347' title='bbox 1337 2576 1468 2647; x_wconf 63' lang='grc'>(48).</span> <span class='ocrx_word' id='word_1_348' title='bbox 1522 2577 1691 2630; x_wconf 87' lang='grc' dir='ltr'>Τοῦτο</span> <span class='ocrx_word' id='word_1_349' title='bbox 1716 2579 1775 2630; x_wconf 85' lang='grc' dir='ltr'><strong>δέ</strong></span> 
     </span>
    </p>
   </div>
   <div class='ocr_carea' id='block_1_44' title="bbox 189 2663 1775 2738">
    <p class='ocr_par' dir='ltr' id='par_1_44' title="bbox 189 2663 1775 2738">
     <span class='ocr_line' id='line_1_44' title="bbox 189 2663 1775 2738; baseline 0.001 -20"><span class='ocrx_word' id='word_1_350' title='bbox 189 2667 307 2718; x_wconf 73' lang='grc' dir='ltr'>ἐστι</span> <span class='ocrx_word' id='word_1_351' title='bbox 342 2667 403 2718; x_wconf 86' lang='lat'><strong>16</strong></span> <span class='ocrx_word' id='word_1_352' title='bbox 423 2666 703 2737; x_wconf 87' lang='grc' dir='ltr'>όμοούσιον</span> <span class='ocrx_word' id='word_1_353' title='bbox 725 2663 864 2720; x_wconf 80' lang='grc' dir='ltr'>εἶναι</span> <span class='ocrx_word' id='word_1_354' title='bbox 892 2667 971 2737; x_wconf 80' lang='grc' dir='ltr'>τῷ</span> <span class='ocrx_word' id='word_1_355' title='bbox 995 2669 1190 2738; x_wconf 66' lang='grc' dir='ltr'>Πατρὶ,</span> <span class='ocrx_word' id='word_1_356' title='bbox 1215 2668 1292 2730; x_wconf 82' lang='grc' dir='ltr'>ὡς</span> <span class='ocrx_word' id='word_1_357' title='bbox 1317 2669 1380 2720; x_wconf 79' lang='grc' dir='ltr'><strong>ἐκ</strong></span> <span class='ocrx_word' id='word_1_358' title='bbox 1405 2666 1612 2719; x_wconf 84' lang='grc' dir='ltr'>πολλῶν</span> <span class='ocrx_word' id='word_1_359' title='bbox 1639 2668 1775 2720; x_wconf 75' lang='grc' dir='ltr'>ὲδείο</span> 
     </span>
    </p>
   </div>
   <div class='ocr_carea' id='block_1_45' title="bbox 191 2754 1771 2830">
    <p class='ocr_par' dir='ltr' id='par_1_45' title="bbox 191 2754 1771 2830">
     <span class='ocr_line' id='line_1_45' title="bbox 191 2754 1771 2830; baseline 0 -20"><span class='ocrx_word' id='word_1_360' title='bbox 191 2757 319 2828; x_wconf 84' lang='grc' dir='ltr'>χθη.</span> <span class='ocrx_word' id='word_1_361' title='bbox 358 2759 577 2829; x_wconf 82' lang='grc' dir='ltr'>Ἀμέλει</span> <span class='ocrx_word' id='word_1_362' title='bbox 606 2760 732 2829; x_wconf 77' lang='grc' dir='ltr'>περὶ</span> <span class='ocrx_word' id='word_1_363' title='bbox 761 2759 859 2830; x_wconf 81' lang='grc' dir='ltr'><strong>μὲν</strong></span> <span class='ocrx_word' id='word_1_364' title='bbox 885 2759 992 2812; x_wconf 88' lang='grc' dir='ltr'><strong>τῶν</strong></span> <span class='ocrx_word' id='word_1_365' title='bbox 1012 2759 1331 2830; x_wconf 86' lang='grc' dir='ltr'>ποιημάτων</span> <span class='ocrx_word' id='word_1_366' title='bbox 1353 2775 1366 2790; x_wconf 88' lang='grc'><strong>·</strong></span> <span class='ocrx_word' id='word_1_367' title='bbox 1392 2776 1411 2810; x_wconf 82' lang='grc' dir='ltr'><strong>ι</strong></span> <span class='ocrx_word' id='word_1_368' title='bbox 1439 2758 1609 2822; x_wconf 79' lang='grc' dir='ltr'>Αὐτὸς</span> <span class='ocrx_word' id='word_1_369' title='bbox 1629 2754 1771 2822; x_wconf 75' lang='grc' dir='ltr'>εἷπε,</span> 
     </span>
    </p>
   </div>
   <div class='ocr_carea' id='block_1_46' title="bbox 192 2847 1769 2920">
    <p class='ocr_par' dir='ltr' id='par_1_46' title="bbox 192 2847 1769 2920">
     <span class='ocr_line' id='line_1_46' title="bbox 192 2847 1769 2920; baseline -0.001 -20"><span class='ocrx_word' id='word_1_370' title='bbox 192 2849 288 2900; x_wconf 77' lang='grc' dir='ltr'><strong>καὶ</strong></span> <span class='ocrx_word' id='word_1_371' title='bbox 307 2847 645 2918; x_wconf 79' lang='grc' dir='ltr'>ἐγενήθησαν</span> <span class='ocrx_word' id='word_1_372' title='bbox 667 2865 680 2880; x_wconf 78' lang='grc' dir='ltr'><strong>ο</strong></span> <span class='ocrx_word' id='word_1_373' title='bbox 707 2849 868 2911; x_wconf 85' lang='grc' dir='ltr'>αύτὸς</span> <span class='ocrx_word' id='word_1_374' title='bbox 888 2849 1209 2914; x_wconf 80' lang='grc' dir='ltr'>ἐνετείλατο,</span> <span class='ocrx_word' id='word_1_375' title='bbox 1235 2849 1329 2903; x_wconf 73' lang='grc' dir='ltr'><strong>καὶ</strong></span> <span class='ocrx_word' id='word_1_376' title='bbox 1360 2848 1710 2920; x_wconf 77' lang='grc' dir='ltr'>ἐκτίσθησαν.</span> <span class='ocrx_word' id='word_1_377' title='bbox 1751 2868 1769 2898; x_wconf 72' lang='grc' dir='ltr'><strong>ι</strong></span> 
     </span>
    </p>
   </div>
   <div class='ocr_carea' id='block_1_47' title="bbox 189 2938 1776 3012">
    <p class='ocr_par' dir='ltr' id='par_1_47' title="bbox 189 2938 1776 3012">
     <span class='ocr_line' id='line_1_47' title="bbox 189 2938 1776 3012; baseline 0 -20"><span class='ocrx_word' id='word_1_378' title='bbox 189 2941 329 3011; x_wconf 71' lang='grc' dir='ltr'>Περὶ</span> <span class='ocrx_word' id='word_1_379' title='bbox 355 2940 411 2992; x_wconf 75' lang='grc' dir='ltr'>δὲ</span> <span class='ocrx_word' id='word_1_380' title='bbox 437 2939 531 2992; x_wconf 87' lang='grc' dir='ltr'><strong>τοῦ</strong></span> <span class='ocrx_word' id='word_1_381' title='bbox 555 2939 685 2993; x_wconf 86' lang='grc' dir='ltr'>Υίοῦ</span> <span class='ocrx_word' id='word_1_382' title='bbox 709 2957 722 2969; x_wconf 91' lang='grc'><strong>·</strong></span> <span class='ocrx_word' id='word_1_383' title='bbox 755 2959 774 2991; x_wconf 81' lang='grc' dir='ltr'><strong>ι</strong></span> <span class='ocrx_word' id='word_1_384' title='bbox 816 2938 1172 3011; x_wconf 82' lang='grc' dir='ltr'>Ἕξηρεύξατο</span> <span class='ocrx_word' id='word_1_385' title='bbox 1198 2943 1230 3012; x_wconf 81' lang='grc' dir='ltr'><strong>ἡ</strong></span> <span class='ocrx_word' id='word_1_386' title='bbox 1257 2941 1452 3012; x_wconf 80' lang='grc' dir='ltr'>καρδία</span> <span class='ocrx_word' id='word_1_387' title='bbox 1472 2958 1571 3011; x_wconf 90' lang='grc' dir='ltr'><strong>μου</strong></span> <span class='ocrx_word' id='word_1_388' title='bbox 1605 2941 1776 3008; x_wconf 83' lang='grc' dir='ltr'>Λόγον</span> 
     </span>
    </p>
   </div>
   <div class='ocr_carea' id='block_1_48' title="bbox 191 3025 1776 3104">
    <p class='ocr_par' dir='ltr' id='par_1_48' title="bbox 191 3025 1776 3104">
     <span class='ocr_line' id='line_1_48' title="bbox 191 3025 1776 3104; baseline -0.001 -19"><span class='ocrx_word' id='word_1_389' title='bbox 191 3031 418 3100; x_wconf 85' lang='grc' dir='ltr'>ἀγαθόν.</span> <span class='ocrx_word' id='word_1_390' title='bbox 465 3050 483 3082; x_wconf 82' lang='grc'><strong>›</strong></span> <span class='ocrx_word' id='word_1_391' title='bbox 529 3032 588 3085; x_wconf 92' lang='lat'><strong>&#39;0</strong></span> <span class='ocrx_word' id='word_1_392' title='bbox 619 3031 676 3084; x_wconf 85' lang='grc' dir='ltr'><strong>δὲ</strong></span> <span class='ocrx_word' id='word_1_393' title='bbox 702 3031 897 3104; x_wconf 80' lang='grc' dir='ltr'>Δανιὴλ</span> <span class='ocrx_word' id='word_1_394' title='bbox 927 3027 1068 3084; x_wconf 74' lang='grc' dir='ltr'>οἶδεν</span> <span class='ocrx_word' id='word_1_395' title='bbox 1095 3031 1221 3085; x_wconf 81' lang='grc' dir='ltr'>Υίὸν</span> <span class='ocrx_word' id='word_1_396' title='bbox 1242 3030 1520 3096; x_wconf 76' lang='grc' dir='ltr'>τοῦθεοῦ,</span> <span class='ocrx_word' id='word_1_397' title='bbox 1552 3025 1660 3084; x_wconf 81' lang='grc' dir='ltr'>οἶδε</span> <span class='ocrx_word' id='word_1_398' title='bbox 1682 3031 1776 3084; x_wconf 75' lang='grc' dir='ltr'>καὶ</span> 
     </span>
    </p>
   </div>
   <div class='ocr_carea' id='block_1_49' title="bbox 191 3115 1774 3192">
    <p class='ocr_par' dir='ltr' id='par_1_49' title="bbox 191 3115 1774 3192">
     <span class='ocr_line' id='line_1_49' title="bbox 191 3115 1774 3192; baseline -0.001 -19"><span class='ocrx_word' id='word_1_399' title='bbox 191 3120 263 3173; x_wconf 75' lang='grc' dir='ltr'>τὰ</span> <span class='ocrx_word' id='word_1_400' title='bbox 291 3121 428 3192; x_wconf 78' lang='grc' dir='ltr'>ἔργα</span> <span class='ocrx_word' id='word_1_401' title='bbox 473 3119 568 3173; x_wconf 88' lang='grc' dir='ltr'><strong>τοῦ</strong></span> <span class='ocrx_word' id='word_1_402' title='bbox 607 3120 774 3173; x_wconf 88' lang='grc' dir='ltr'>Θεοῦ·</span> <span class='ocrx_word' id='word_1_403' title='bbox 827 3121 920 3173; x_wconf 77' lang='grc' dir='ltr'><strong>κα)⁵</strong></span> <span class='ocrx_word' id='word_1_404' title='bbox 969 3120 1060 3173; x_wconf 75' lang='grc' dir='ltr'><strong>τὸν</strong></span> <span class='ocrx_word' id='word_1_405' title='bbox 1122 3121 1220 3191; x_wconf 84' lang='grc' dir='ltr'><strong>μὲν</strong></span> <span class='ocrx_word' id='word_1_406' title='bbox 1253 3120 1381 3173; x_wconf 81' lang='grc' dir='ltr'>Υἱὸν</span> <span class='ocrx_word' id='word_1_407' title='bbox 1434 3115 1540 3172; x_wconf 78' lang='grc' dir='ltr'>εἶδε</span> <span class='ocrx_word' id='word_1_408' title='bbox 1593 3119 1774 3190; x_wconf 78' lang='grc' dir='ltr'>δροσίο</span> 
     </span>
    </p>
   </div>
   <div class='ocr_carea' id='block_1_50' title="bbox 1871 1937 3448 2008">
    <p class='ocr_par' dir='ltr' id='par_1_50' title="bbox 1871 1937 3448 2008">
     <span class='ocr_line' id='line_1_50' title="bbox 1871 1937 3448 2008; baseline -0.002 -15"><span class='ocrx_word' id='word_1_409' title='bbox 1871 1948 2217 1994; x_wconf 88' lang='lat' dir='ltr'><strong>construunt.</strong></span> <span class='ocrx_word' id='word_1_410' title='bbox 2271 1937 2524 2007; x_wconf 82' lang='lat' dir='ltr'><strong>Sicitem</strong></span> <span class='ocrx_word' id='word_1_411' title='bbox 2571 1937 2725 1994; x_wconf 90' lang='lat' dir='ltr'><strong>Isaac</strong></span> <span class='ocrx_word' id='word_1_412' title='bbox 2758 1954 2867 1994; x_wconf 91' lang='lat' dir='ltr'><strong>non</strong></span> <span class='ocrx_word' id='word_1_413' title='bbox 2915 1939 3068 2005; x_wconf 88' lang='lat' dir='ltr'><strong>fecit,</strong></span> <span class='ocrx_word' id='word_1_414' title='bbox 3113 1939 3211 1993; x_wconf 90' lang='lat' dir='ltr'><strong>sed</strong></span> <span class='ocrx_word' id='word_1_415' title='bbox 3257 1937 3448 2008; x_wconf 92' lang='lat' dir='ltr'><strong>genuit</strong></span> 
     </span>
    </p>
   </div>
   <div class='ocr_carea' id='block_1_51' title="bbox 1872 2026 3445 2095">
    <p class='ocr_par' dir='ltr' id='par_1_51' title="bbox 1872 2026 3445 2095">
     <span class='ocr_line' id='line_1_51' title="bbox 1872 2026 3445 2095; baseline -0.001 -13"><span class='ocrx_word' id='word_1_416' title='bbox 1872 2030 1972 2083; x_wconf 84' lang='lat' dir='ltr'><strong>sibi</strong></span> <span class='ocrx_word' id='word_1_417' title='bbox 2022 2039 2212 2084; x_wconf 87' lang='lat' dir='ltr'><strong>natura</strong></span> <span class='ocrx_word' id='word_1_418' title='bbox 2268 2030 2786 2085; x_wconf 82' lang='lat' dir='ltr'><strong>consubstantialem</strong></span> <span class='ocrx_word' id='word_1_419' title='bbox 2829 2028 3019 2095; x_wconf 73' lang='lat' dir='ltr'><strong>Iacob,</strong></span> <span class='ocrx_word' id='word_1_420' title='bbox 3057 2038 3118 2084; x_wconf 91' lang='lat' dir='ltr'><strong>ut</strong></span> <span class='ocrx_word' id='word_1_421' title='bbox 3169 2036 3226 2083; x_wconf 92' lang='lat' dir='ltr'><strong>et</strong></span> <span class='ocrx_word' id='word_1_422' title='bbox 3273 2026 3445 2082; x_wconf 77' lang='lat' dir='ltr'><strong>Iacob</strong></span> 
     </span>
    </p>
   </div>
   <div class='ocr_carea' id='block_1_52' title="bbox 1872 2119 3449 2190">
    <p class='ocr_par' dir='ltr' id='par_1_52' title="bbox 1872 2119 3449 2190">
     <span class='ocr_line' id='line_1_52' title="bbox 1872 2119 3449 2190; baseline -0.003 -16"><span class='ocrx_word' id='word_1_423' title='bbox 1872 2119 2065 2174; x_wconf 79' lang='lat' dir='ltr'><strong>Judam</strong></span> <span class='ocrx_word' id='word_1_424' title='bbox 2091 2137 2156 2177; x_wconf 91' lang='lat' dir='ltr'><strong>ac</strong></span> <span class='ocrx_word' id='word_1_425' title='bbox 2187 2121 2382 2176; x_wconf 81' lang='lat' dir='ltr'><strong>fratres</strong></span> <span class='ocrx_word' id='word_1_426' title='bbox 2417 2121 2556 2190; x_wconf 83' lang='lat' dir='ltr'><strong>ejus.</strong></span> <span class='ocrx_word' id='word_1_427' title='bbox 2598 2119 2866 2186; x_wconf 88' lang='lat' dir='ltr'><strong>Quocirca</strong></span> <span class='ocrx_word' id='word_1_428' title='bbox 2898 2129 2957 2175; x_wconf 91' lang='lat' dir='ltr'><strong>ut</strong></span> <span class='ocrx_word' id='word_1_429' title='bbox 2988 2120 3034 2175; x_wconf 92' lang='lat' dir='ltr'><strong>is</strong></span> <span class='ocrx_word' id='word_1_430' title='bbox 3078 2133 3213 2174; x_wconf 87' lang='lat' dir='ltr'><strong>sana</strong></span> <span class='ocrx_word' id='word_1_431' title='bbox 3263 2125 3449 2172; x_wconf 87' lang='lat' dir='ltr'><strong>mente</strong></span> 
     </span>
    </p>
   </div>
   <div class='ocr_carea' id='block_1_53' title="bbox 1873 2213 3452 2283">
    <p class='ocr_par' dir='ltr' id='par_1_53' title="bbox 1873 2213 3452 2283">
     <span class='ocr_line' id='line_1_53' title="bbox 1873 2213 3452 2283; baseline -0.001 -19"><span class='ocrx_word' id='word_1_432' title='bbox 1873 2230 1978 2266; x_wconf 80' lang='lat' dir='ltr'><strong>non</strong></span> <span class='ocrx_word' id='word_1_433' title='bbox 2011 2225 2172 2276; x_wconf 83' lang='lat' dir='ltr'><strong>esset,</strong></span> <span class='ocrx_word' id='word_1_434' title='bbox 2201 2215 2292 2283; x_wconf 89' lang='lat' dir='ltr'><strong>qui</strong></span> <span class='ocrx_word' id='word_1_435' title='bbox 2320 2214 2542 2268; x_wconf 92' lang='lat' dir='ltr'><strong>domum</strong></span> <span class='ocrx_word' id='word_1_436' title='bbox 2567 2215 2651 2267; x_wconf 90' lang='lat' dir='ltr'><strong>vel</strong></span> <span class='ocrx_word' id='word_1_437' title='bbox 2701 2229 2892 2268; x_wconf 87' lang='lat' dir='ltr'><strong>navem</strong></span> <span class='ocrx_word' id='word_1_438' title='bbox 2933 2213 3114 2283; x_wconf 83' lang='lat' dir='ltr'><strong>opifici</strong></span> <span class='ocrx_word' id='word_1_439' title='bbox 3149 2226 3270 2266; x_wconf 91' lang='lat' dir='ltr'><strong>esse</strong></span> <span class='ocrx_word' id='word_1_440' title='bbox 3314 2225 3452 2265; x_wconf 63' lang='lat' dir='ltr'><strong>cono</strong></span> 
     </span>
    </p>
   </div>
   <div class='ocr_carea' id='block_1_54' title="bbox 1874 2303 3451 2376">
    <p class='ocr_par' dir='ltr' id='par_1_54' title="bbox 1874 2303 3451 2376">
     <span class='ocr_line' id='line_1_54' title="bbox 1874 2303 3451 2376; baseline -0.001 -17"><span class='ocrx_word' id='word_1_441' title='bbox 1874 2306 2288 2366; x_wconf 83' lang='lat' dir='ltr'><strong>substantialem</strong></span> <span class='ocrx_word' id='word_1_442' title='bbox 2317 2306 2560 2360; x_wconf 84' lang='lat' dir='ltr'><strong>diceret:</strong></span> <span class='ocrx_word' id='word_1_443' title='bbox 2595 2304 2668 2360; x_wconf 85' lang='lat' dir='ltr'><strong>ita</strong></span> <span class='ocrx_word' id='word_1_444' title='bbox 2712 2305 2958 2376; x_wconf 83' lang='lat' dir='ltr'><strong>profecto</strong></span> <span class='ocrx_word' id='word_1_445' title='bbox 2989 2305 3144 2358; x_wconf 73' lang='lat' dir='ltr'><strong>fateri</strong></span> <span class='ocrx_word' id='word_1_446' title='bbox 3195 2303 3451 2359; x_wconf 80' lang='lat' dir='ltr'><strong>convenit</strong></span> 
     </span>
    </p>
   </div>
   <div class='ocr_carea' id='block_1_55' title="bbox 1873 2395 3446 2467">
    <p class='ocr_par' dir='ltr' id='par_1_55' title="bbox 1873 2395 3446 2467">
     <span class='ocr_line' id='line_1_55' title="bbox 1873 2395 3446 2467; baseline -0.001 -18"><span class='ocrx_word' id='word_1_447' title='bbox 1873 2413 2089 2452; x_wconf 88' lang='lat' dir='ltr'><strong>omnem</strong></span> <span class='ocrx_word' id='word_1_448' title='bbox 2149 2397 2320 2452; x_wconf 84' lang='lat' dir='ltr'><strong>filium</strong></span> <span class='ocrx_word' id='word_1_449' title='bbox 2382 2412 2484 2452; x_wconf 94' lang='lat' dir='ltr'><strong>suo</strong></span> <span class='ocrx_word' id='word_1_450' title='bbox 2537 2397 2672 2467; x_wconf 89' lang='lat' dir='ltr'><strong>patri</strong></span> <span class='ocrx_word' id='word_1_451' title='bbox 2722 2413 2844 2453; x_wconf 88' lang='lat' dir='ltr'><strong>esse</strong></span> <span class='ocrx_word' id='word_1_452' title='bbox 2899 2395 3446 2452; x_wconf 84' lang='lat' dir='ltr'><strong>consubstantialem.</strong></span> 
     </span>
    </p>
   </div>
   <div class='ocr_carea' id='block_1_56' title="bbox 1875 2485 3450 2556">
    <p class='ocr_par' dir='ltr' id='par_1_56' title="bbox 1875 2485 3450 2556">
     <span class='ocr_line' id='line_1_56' title="bbox 1875 2485 3450 2556; baseline -0.002 -17"><span class='ocrx_word' id='word_1_453' title='bbox 1875 2486 2216 2556; x_wconf 85' lang='lat' dir='ltr'><strong>Quapropter</strong></span> <span class='ocrx_word' id='word_1_454' title='bbox 2245 2488 2289 2541; x_wconf 88' lang='lat' dir='ltr'><strong>si</strong></span> <span class='ocrx_word' id='word_1_455' title='bbox 2330 2503 2454 2541; x_wconf 88' lang='lat' dir='ltr'><strong>vere</strong></span> <span class='ocrx_word' id='word_1_456' title='bbox 2483 2497 2537 2543; x_wconf 88' lang='lat' dir='ltr'><strong>et</strong></span> <span class='ocrx_word' id='word_1_457' title='bbox 2579 2487 2738 2542; x_wconf 88' lang='lat' dir='ltr'><strong>Pater</strong></span> <span class='ocrx_word' id='word_1_458' title='bbox 2771 2495 2826 2542; x_wconf 90' lang='lat' dir='ltr'><strong>et</strong></span> <span class='ocrx_word' id='word_1_459' title='bbox 2871 2485 3046 2541; x_wconf 81' lang='lat' dir='ltr'><strong>Filius</strong></span> <span class='ocrx_word' id='word_1_460' title='bbox 3083 2494 3189 2549; x_wconf 90' lang='lat' dir='ltr'><strong>est,</strong></span> <span class='ocrx_word' id='word_1_461' title='bbox 3225 2498 3450 2540; x_wconf 84' lang='lat' dir='ltr'><strong>necesse</strong></span> 
     </span>
    </p>
   </div>
   <div class='ocr_carea' id='block_1_57' title="bbox 1873 2577 3452 2644">
    <p class='ocr_par' dir='ltr' id='par_1_57' title="bbox 1873 2577 3452 2644">
     <span class='ocr_line' id='line_1_57' title="bbox 1873 2577 3452 2644; baseline -0.001 -14"><span class='ocrx_word' id='word_1_462' title='bbox 1873 2579 2098 2632; x_wconf 87' lang='lat' dir='ltr'><strong>omnino</strong></span> <span class='ocrx_word' id='word_1_463' title='bbox 2122 2587 2202 2633; x_wconf 90' lang='lat' dir='ltr'><strong>est</strong></span> <span class='ocrx_word' id='word_1_464' title='bbox 2233 2578 2426 2632; x_wconf 85' lang='lat' dir='ltr'><strong>Filium</strong></span> <span class='ocrx_word' id='word_1_465' title='bbox 2474 2588 2670 2634; x_wconf 87' lang='lat' dir='ltr'><strong>natura</strong></span> <span class='ocrx_word' id='word_1_466' title='bbox 2721 2590 2774 2633; x_wconf 93' lang='lat' dir='ltr'><strong>et</strong></span> <span class='ocrx_word' id='word_1_467' title='bbox 2814 2580 3042 2634; x_wconf 87' lang='lat' dir='ltr'><strong>veritate</strong></span> <span class='ocrx_word' id='word_1_468' title='bbox 3075 2577 3296 2644; x_wconf 87' lang='lat' dir='ltr'><strong>Filium,</strong></span> <span class='ocrx_word' id='word_1_469' title='bbox 3345 2577 3452 2630; x_wconf 88' lang='lat' dir='ltr'><strong>hoc</strong></span> 
     </span>
    </p>
   </div>
   <div class='ocr_carea' id='block_1_58' title="bbox 1874 2666 3452 2739">
    <p class='ocr_par' dir='ltr' id='par_1_58' title="bbox 1874 2666 3452 2739">
     <span class='ocr_line' id='line_1_58' title="bbox 1874 2666 3452 2739; baseline 0 -17"><span class='ocrx_word' id='word_1_470' title='bbox 1874 2678 1956 2723; x_wconf 90' lang='lat' dir='ltr'><strong>est</strong></span> <span class='ocrx_word' id='word_1_471' title='bbox 1977 2668 2122 2722; x_wconf 86' lang='lat' dir='ltr'><strong>Patri</strong></span> <span class='ocrx_word' id='word_1_472' title='bbox 2147 2670 2667 2724; x_wconf 88' lang='lat' dir='ltr'><strong>consubstantialem</strong></span> <span class='ocrx_word' id='word_1_473' title='bbox 2689 2685 2830 2736; x_wconf 88' lang='lat' dir='ltr'><strong>esse,</strong></span> <span class='ocrx_word' id='word_1_474' title='bbox 2849 2671 2992 2739; x_wconf 88' lang='lat' dir='ltr'><strong>quod</strong></span> <span class='ocrx_word' id='word_1_475' title='bbox 3024 2668 3242 2738; x_wconf 89' lang='lat' dir='ltr'><strong>quidem</strong></span> <span class='ocrx_word' id='word_1_476' title='bbox 3265 2666 3452 2722; x_wconf 83' lang='lat' dir='ltr'><strong>multis</strong></span> 
     </span>
    </p>
   </div>
   <div class='ocr_carea' id='block_1_59' title="bbox 1874 2756 3453 2829">
    <p class='ocr_par' dir='ltr' id='par_1_59' title="bbox 1874 2756 3453 2829">
     <span class='ocr_line' id='line_1_59' title="bbox 1874 2756 3453 2829; baseline -0.001 -17"><span class='ocrx_word' id='word_1_477' title='bbox 1874 2760 2304 2814; x_wconf 88' lang='lat' dir='ltr'><strong>demonstratum</strong></span> <span class='ocrx_word' id='word_1_478' title='bbox 2329 2770 2431 2815; x_wconf 86' lang='lat' dir='ltr'><strong>est.</strong></span> <span class='ocrx_word' id='word_1_479' title='bbox 2455 2759 2614 2816; x_wconf 88' lang='lat' dir='ltr'><strong>Certe</strong></span> <span class='ocrx_word' id='word_1_480' title='bbox 2639 2761 2706 2816; x_wconf 90' lang='lat' dir='ltr'><strong>de</strong></span> <span class='ocrx_word' id='word_1_481' title='bbox 2728 2761 2988 2829; x_wconf 84' lang='lat' dir='ltr'><strong>Operibus</strong></span> <span class='ocrx_word' id='word_1_482' title='bbox 3011 2760 3210 2813; x_wconf 88' lang='lat' dir='ltr'><strong>dicitur</strong></span> <span class='ocrx_word' id='word_1_483' title='bbox 3238 2777 3250 2811; x_wconf 90' lang='lat'><strong>:</strong></span> <span class='ocrx_word' id='word_1_484' title='bbox 3281 2777 3300 2810; x_wconf 84' lang='grc' dir='ltr'><strong>ι</strong></span> <span class='ocrx_word' id='word_1_485' title='bbox 3336 2756 3453 2828; x_wconf 93' lang='lat' dir='ltr'><strong>Ipse</strong></span> 
     </span>
    </p>
   </div>
   <div class='ocr_carea' id='block_1_60' title="bbox 1875 2852 3452 2924">
    <p class='ocr_par' dir='ltr' id='par_1_60' title="bbox 1875 2852 3452 2924">
     <span class='ocr_line' id='line_1_60' title="bbox 1875 2852 3452 2924; baseline -0.003 -17"><span class='ocrx_word' id='word_1_486' title='bbox 1875 2853 2030 2916; x_wconf 84' lang='lat' dir='ltr'><strong>dixit,</strong></span> <span class='ocrx_word' id='word_1_487' title='bbox 2090 2861 2146 2907; x_wconf 88' lang='lat' dir='ltr'><strong>et</strong></span> <span class='ocrx_word' id='word_1_488' title='bbox 2198 2852 2340 2907; x_wconf 88' lang='lat' dir='ltr'><strong>facta</strong></span> <span class='ocrx_word' id='word_1_489' title='bbox 2399 2863 2576 2920; x_wconf 90' lang='lat' dir='ltr'><strong>sunt;</strong></span> <span class='ocrx_word' id='word_1_490' title='bbox 2624 2853 2742 2924; x_wconf 86' lang='lat' dir='ltr'><strong>ipse</strong></span> <span class='ocrx_word' id='word_1_491' title='bbox 2794 2853 3113 2917; x_wconf 82' lang='lat' dir='ltr'><strong>mandavit,</strong></span> <span class='ocrx_word' id='word_1_492' title='bbox 3167 2859 3222 2906; x_wconf 89' lang='grc' dir='ltr'><strong>ει</strong></span> <span class='ocrx_word' id='word_1_493' title='bbox 3270 2864 3452 2906; x_wconf 87' lang='lat' dir='ltr'><strong>creata</strong></span> 
     </span>
    </p>
   </div>
   <div class='ocr_carea' id='block_1_61' title="bbox 1876 2943 3452 3000">
    <p class='ocr_par' dir='ltr' id='par_1_61' title="bbox 1876 2943 3452 3000">
     <span class='ocr_line' id='line_1_61' title="bbox 1876 2943 3452 3000; baseline -0.004 0"><span class='ocrx_word' id='word_1_494' title='bbox 1876 2945 2083 3000; x_wconf 67' lang='lat' dir='ltr'><strong>sunt“.</strong></span> <span class='ocrx_word' id='word_1_495' title='bbox 2122 2964 2140 2996; x_wconf 75' lang='grc' dir='ltr'><strong>ι</strong></span> <span class='ocrx_word' id='word_1_496' title='bbox 2174 2944 2250 2999; x_wconf 92' lang='lat' dir='ltr'><strong>De</strong></span> <span class='ocrx_word' id='word_1_497' title='bbox 2281 2944 2422 2999; x_wconf 85' lang='lat' dir='ltr'><strong>Filio</strong></span> <span class='ocrx_word' id='word_1_498' title='bbox 2451 2955 2632 3000; x_wconf 90' lang='lat' dir='ltr'><strong>autem</strong></span> <span class='ocrx_word' id='word_1_499' title='bbox 2664 2965 2678 3000; x_wconf 89' lang='lat'><strong>:</strong></span> <span class='ocrx_word' id='word_1_500' title='bbox 2725 2964 2744 2996; x_wconf 78' lang='grc' dir='ltr'><strong>ι</strong></span> <span class='ocrx_word' id='word_1_501' title='bbox 2800 2943 3083 2999; x_wconf 87' lang='lat' dir='ltr'><strong>Eructavit</strong></span> <span class='ocrx_word' id='word_1_502' title='bbox 3125 2958 3225 2997; x_wconf 86' lang='lat' dir='ltr'><strong>cor</strong></span> <span class='ocrx_word' id='word_1_503' title='bbox 3269 2957 3452 2997; x_wconf 88' lang='lat' dir='ltr'><strong>meum</strong></span> 
     </span>
    </p>
   </div>
   <div class='ocr_carea' id='block_1_62' title="bbox 1878 3032 3454 3106">
    <p class='ocr_par' dir='ltr' id='par_1_62' title="bbox 1878 3032 3454 3106">
     <span class='ocr_line' id='line_1_62' title="bbox 1878 3032 3454 3106; baseline -0.003 -16"><span class='ocrx_word' id='word_1_504' title='bbox 1878 3033 2115 3091; x_wconf 82' lang='lat' dir='ltr'><strong>Verbum</strong></span> <span class='ocrx_word' id='word_1_505' title='bbox 2165 3037 2371 3092; x_wconf 89' lang='lat' dir='ltr'><strong>bonum</strong></span> <span class='ocrx_word' id='word_1_506' title='bbox 2396 3036 2463 3089; x_wconf 70' lang='lat'><strong>“.</strong></span> <span class='ocrx_word' id='word_1_507' title='bbox 2513 3055 2533 3088; x_wconf 72' lang='grc' dir='ltr'><strong>ι</strong></span> <span class='ocrx_word' id='word_1_508' title='bbox 2591 3035 2779 3091; x_wconf 90' lang='lat' dir='ltr'><strong>Daniel</strong></span> <span class='ocrx_word' id='word_1_509' title='bbox 2831 3050 3051 3106; x_wconf 89' lang='lat' dir='ltr'><strong>quoque</strong></span> <span class='ocrx_word' id='word_1_510' title='bbox 3103 3033 3302 3088; x_wconf 84' lang='lat' dir='ltr'><strong>Filium</strong></span> <span class='ocrx_word' id='word_1_511' title='bbox 3359 3032 3454 3086; x_wconf 86' lang='lat' dir='ltr'><strong>Dei</strong></span> 
     </span>
    </p>
   </div>
   <div class='ocr_carea' id='block_1_63' title="bbox 1877 3119 3452 3198">
    <p class='ocr_par' dir='ltr' id='par_1_63' title="bbox 1877 3119 3452 3198">
     <span class='ocr_line' id='line_1_63' title="bbox 1877 3119 3452 3198; baseline -0.003 -16"><span class='ocrx_word' id='word_1_512' title='bbox 1877 3129 2078 3198; x_wconf 91' lang='lat' dir='ltr'><strong>optime</strong></span> <span class='ocrx_word' id='word_1_513' title='bbox 2118 3137 2385 3183; x_wconf 86' lang='lat' dir='ltr'><strong>noverat:</strong></span> <span class='ocrx_word' id='word_1_514' title='bbox 2420 3137 2644 3183; x_wconf 82' lang='lat' dir='ltr'><strong>noverat</strong></span> <span class='ocrx_word' id='word_1_515' title='bbox 2668 3137 2721 3183; x_wconf 89' lang='lat' dir='ltr'><strong>et</strong></span> <span class='ocrx_word' id='word_1_516' title='bbox 2761 3126 2854 3182; x_wconf 91' lang='lat' dir='ltr'><strong>Dei</strong></span> <span class='ocrx_word' id='word_1_517' title='bbox 2891 3141 3074 3196; x_wconf 85' lang='lat' dir='ltr'><strong>opera.</strong></span> <span class='ocrx_word' id='word_1_518' title='bbox 3128 3127 3317 3194; x_wconf 89' lang='lat' dir='ltr'><strong>Itaque</strong></span> <span class='ocrx_word' id='word_1_519' title='bbox 3361 3119 3452 3177; x_wconf 84' lang='lat' dir='ltr'><strong>Fi-</strong></span> 
     </span>
    </p>
   </div>
   <div class='ocr_carea' id='block_1_64' title="bbox 193 3207 1776 3287">
    <p class='ocr_par' dir='ltr' id='par_1_64' title="bbox 193 3209 1776 3282">
     <span class='ocr_line' id='line_1_64' title="bbox 193 3209 1776 3282; baseline -0.001 -18"><span class='ocrx_word' id='word_1_520' title='bbox 193 3213 358 3278; x_wconf 79' lang='grc' dir='ltr'>ζοντα</span> <span class='ocrx_word' id='word_1_521' title='bbox 380 3212 488 3282; x_wconf 76' lang='grc'>(49)</span> <span class='ocrx_word' id='word_1_522' title='bbox 523 3212 622 3282; x_wconf 85' lang='grc' dir='ltr'>τὴν</span> <span class='ocrx_word' id='word_1_523' title='bbox 654 3212 914 3282; x_wconf 79' lang='grc' dir='ltr'>κάμινονο</span> <span class='ocrx_word' id='word_1_524' title='bbox 944 3210 1073 3282; x_wconf 76' lang='grc' dir='ltr'>περὶ</span> <span class='ocrx_word' id='word_1_525' title='bbox 1109 3210 1164 3262; x_wconf 87' lang='grc' dir='ltr'>δὲ</span> <span class='ocrx_word' id='word_1_526' title='bbox 1183 3210 1290 3264; x_wconf 89' lang='grc' dir='ltr'><strong>τῶν</strong></span> <span class='ocrx_word' id='word_1_527' title='bbox 1315 3210 1491 3282; x_wconf 75' lang='grc' dir='ltr'>ἔργων</span> <span class='ocrx_word' id='word_1_528' title='bbox 1519 3209 1776 3282; x_wconf 77' lang='grc' dir='ltr'>εἰρηκὼς,</span> 
     </span>
    </p>
   </div>
   <div class='ocr_carea' id='block_1_65' title="bbox 1882 3207 3452 3287">
    <p class='ocr_par' dir='ltr' id='par_1_65' title="bbox 1882 3214 3452 3287">
     <span class='ocr_line' id='line_1_65' title="bbox 1882 3214 3452 3287; baseline -0.003 -16"><span class='ocrx_word' id='word_1_529' title='bbox 1882 3218 2012 3272; x_wconf 93' lang='lat' dir='ltr'><strong>lium</strong></span> <span class='ocrx_word' id='word_1_530' title='bbox 2045 3219 2262 3287; x_wconf 82' lang='lat' dir='ltr'><strong>quidem</strong></span> <span class='ocrx_word' id='word_1_531' title='bbox 2289 3218 2542 3273; x_wconf 87' lang='lat' dir='ltr'><strong>ﬂammas</strong></span> <span class='ocrx_word' id='word_1_532' title='bbox 2583 3217 2821 3273; x_wconf 83' lang='lat' dir='ltr'><strong>fornacis</strong></span> <span class='ocrx_word' id='word_1_533' title='bbox 2867 3231 2994 3272; x_wconf 84' lang='lat' dir='ltr'><strong>rore</strong></span> <span class='ocrx_word' id='word_1_534' title='bbox 3028 3215 3341 3286; x_wconf 87' lang='lat' dir='ltr'><strong>irrigantem</strong></span> <span class='ocrx_word' id='word_1_535' title='bbox 3375 3214 3452 3267; x_wconf 85' lang='lat' dir='ltr'><strong>vi-</strong></span> 
     </span>
    </p>
   </div>
   <div class='ocr_carea' id='block_1_66' title="bbox 202 3299 1774 3374">
    <p class='ocr_par' dir='ltr' id='par_1_66' title="bbox 202 3299 1774 3374">
     <span class='ocr_line' id='line_1_66' title="bbox 202 3299 1774 3374; baseline -0.003 -19"><span class='ocrx_word' id='word_1_536' title='bbox 202 3323 221 3354; x_wconf 80' lang='grc' dir='ltr'><strong>ι</strong></span> <span class='ocrx_word' id='word_1_537' title='bbox 257 3303 566 3371; x_wconf 81' lang='grc' dir='ltr'>Εὐλογεῖτε,</span> <span class='ocrx_word' id='word_1_538' title='bbox 615 3302 794 3356; x_wconf 85' lang='grc' dir='ltr'>πάντα</span> <span class='ocrx_word' id='word_1_539' title='bbox 839 3299 909 3354; x_wconf 80' lang='grc' dir='ltr'><strong>τά</strong></span> <span class='ocrx_word' id='word_1_540' title='bbox 937 3300 1074 3373; x_wconf 77' lang='grc' dir='ltr'>ἔργα</span> <span class='ocrx_word' id='word_1_541' title='bbox 1101 3301 1306 3374; x_wconf 81' lang='grc' dir='ltr'>Κυρίου</span> <span class='ocrx_word' id='word_1_542' title='bbox 1329 3343 1342 3366; x_wconf 94' lang='grc'><strong>,</strong></span> <span class='ocrx_word' id='word_1_543' title='bbox 1377 3302 1469 3354; x_wconf 80' lang='grc' dir='ltr'><strong>τὸν</strong></span> <span class='ocrx_word' id='word_1_544' title='bbox 1500 3300 1723 3372; x_wconf 81' lang='grc' dir='ltr'>Κύριον,</span> <span class='ocrx_word' id='word_1_545' title='bbox 1756 3321 1774 3351; x_wconf 72' lang='grc' dir='ltr'><strong>ι</strong></span> 
     </span>
    </p>
   </div>
   <div class='ocr_carea' id='block_1_67' title="bbox 196 3391 1781 3464">
    <p class='ocr_par' dir='ltr' id='par_1_67' title="bbox 196 3391 1781 3464">
     <span class='ocr_line' id='line_1_67' title="bbox 196 3391 1781 3464; baseline -0.001 -17"><span class='ocrx_word' id='word_1_546' title='bbox 196 3395 434 3448; x_wconf 67' lang='grc' dir='ltr'>ἕκαστον</span> <span class='ocrx_word' id='word_1_547' title='bbox 481 3395 576 3464; x_wconf 81' lang='grc' dir='ltr'><strong>μὲν</strong></span> <span class='ocrx_word' id='word_1_548' title='bbox 622 3393 730 3447; x_wconf 87' lang='grc' dir='ltr'><strong>τῶν</strong></span> <span class='ocrx_word' id='word_1_549' title='bbox 767 3393 1078 3464; x_wconf 84' lang='grc' dir='ltr'>κτισμάτων</span> <span class='ocrx_word' id='word_1_550' title='bbox 1107 3392 1361 3459; x_wconf 80' lang='grc' dir='ltr'>κατέλεξε</span> <span class='ocrx_word' id='word_1_551' title='bbox 1383 3409 1397 3424; x_wconf 77' lang='grc' dir='ltr'><strong>ο</strong></span> <span class='ocrx_word' id='word_1_552' title='bbox 1443 3391 1534 3447; x_wconf 83' lang='grc' dir='ltr'><strong>τὸν</strong></span> <span class='ocrx_word' id='word_1_553' title='bbox 1564 3393 1621 3445; x_wconf 83' lang='grc' dir='ltr'>δὲ</span> <span class='ocrx_word' id='word_1_554' title='bbox 1655 3393 1781 3446; x_wconf 85' lang='grc' dir='ltr'>Υίὸν</span> 
     </span>
    </p>
   </div>
   <div class='ocr_carea' id='block_1_68' title="bbox 197 3485 1781 3558">
    <p class='ocr_par' dir='ltr' id='par_1_68' title="bbox 197 3485 1781 3558">
     <span class='ocr_line' id='line_1_68' title="bbox 197 3485 1781 3558; baseline -0.003 -18"><span class='ocrx_word' id='word_1_555' title='bbox 197 3489 261 3540; x_wconf 85' lang='grc' dir='ltr'>οὐ</span> <span class='ocrx_word' id='word_1_556' title='bbox 293 3486 668 3558; x_wconf 81' lang='grc' dir='ltr'>συνηρίθμησε</span> <span class='ocrx_word' id='word_1_557' title='bbox 709 3485 952 3549; x_wconf 84' lang='grc' dir='ltr'>τούτοις,</span> <span class='ocrx_word' id='word_1_558' title='bbox 981 3485 1171 3550; x_wconf 74' lang='grc' dir='ltr'>εἰδὼς,</span> <span class='ocrx_word' id='word_1_559' title='bbox 1217 3487 1301 3538; x_wconf 86' lang='grc' dir='ltr'>ὃτι</span> <span class='ocrx_word' id='word_1_560' title='bbox 1354 3486 1456 3538; x_wconf 82' lang='grc' dir='ltr'><strong>οὐκ</strong></span> <span class='ocrx_word' id='word_1_561' title='bbox 1505 3485 1650 3537; x_wconf 81' lang='grc' dir='ltr'>ἔστιν</span> <span class='ocrx_word' id='word_1_562' title='bbox 1688 3485 1781 3556; x_wconf 82' lang='grc' dir='ltr'>ἕρ-</span> 
     </span>
    </p>
   </div>
   <div class='ocr_carea' id='block_1_69' title="bbox 196 3576 1783 3648">
    <p class='ocr_par' dir='ltr' id='par_1_69' title="bbox 196 3576 1783 3648">
     <span class='ocr_line' id='line_1_69' title="bbox 196 3576 1783 3648; baseline -0.001 -19"><span class='ocrx_word' id='word_1_563' title='bbox 196 3595 294 3648; x_wconf 75' lang='grc' dir='ltr'><strong>γον</strong></span> <span class='ocrx_word' id='word_1_564' title='bbox 319 3577 451 3648; x_wconf 83' lang='grc'>(50),</span> <span class='ocrx_word' id='word_1_565' title='bbox 467 3578 602 3632; x_wconf 81' lang='grc' dir='ltr'>ἀλλὰ</span> <span class='ocrx_word' id='word_1_566' title='bbox 627 3577 694 3630; x_wconf 86' lang='grc' dir='ltr'>δι’</span> <span class='ocrx_word' id='word_1_567' title='bbox 725 3577 889 3631; x_wconf 73' lang='grc' dir='ltr'>αὐτοῦ</span> <span class='ocrx_word' id='word_1_568' title='bbox 911 3577 1100 3646; x_wconf 83' lang='grc' dir='ltr'>γέγονε</span> <span class='ocrx_word' id='word_1_569' title='bbox 1126 3577 1226 3647; x_wconf 82' lang='grc' dir='ltr'>μὲν</span> <span class='ocrx_word' id='word_1_570' title='bbox 1247 3576 1314 3630; x_wconf 78' lang='grc' dir='ltr'>τὰ</span> <span class='ocrx_word' id='word_1_571' title='bbox 1349 3576 1582 3648; x_wconf 66' lang='grc' dir='ltr'>ἔργανὲν</span> <span class='ocrx_word' id='word_1_572' title='bbox 1607 3577 1783 3646; x_wconf 79' lang='grc' dir='ltr'>Πατρὶ</span> 
     </span>
    </p>
   </div>
   <div class='ocr_carea' id='block_1_70' title="bbox 196 3667 1782 3739">
    <p class='ocr_par' dir='ltr' id='par_1_70' title="bbox 196 3667 1782 3739">
     <span class='ocr_line' id='line_1_70' title="bbox 196 3667 1782 3739; baseline -0.001 -18"><span class='ocrx_word' id='word_1_573' title='bbox 196 3667 256 3721; x_wconf 75' lang='grc' dir='ltr'>δὲ</span> <span class='ocrx_word' id='word_1_574' title='bbox 287 3667 621 3738; x_wconf 79' lang='grc' dir='ltr'>ὑμνούμενος</span> <span class='ocrx_word' id='word_1_575' title='bbox 647 3667 739 3722; x_wconf 77' lang='grc' dir='ltr'>καὶ</span> <span class='ocrx_word' id='word_1_576' title='bbox 760 3667 1206 3739; x_wconf 54' lang='grc' dir='ltr'>ύπερυῲούμενός</span> <span class='ocrx_word' id='word_1_577' title='bbox 1237 3671 1404 3722; x_wconf 71' lang='grc' dir='ltr'>ἐστιν.</span> <span class='ocrx_word' id='word_1_578' title='bbox 1436 3669 1648 3739; x_wconf 86' lang='grc' dir='ltr'>’Ὠσπερ</span> <span class='ocrx_word' id='word_1_579' title='bbox 1668 3667 1782 3739; x_wconf 81' lang='grc'>(51)</span> 
     </span>
    </p>
   </div>
   <div class='ocr_carea' id='block_1_71' title="bbox 199 3756 1780 3828">
    <p class='ocr_par' dir='ltr' id='par_1_71' title="bbox 199 3756 1780 3828">
     <span class='ocr_line' id='line_1_71' title="bbox 199 3756 1780 3828; baseline 0 -14"><span class='ocrx_word' id='word_1_580' title='bbox 199 3756 296 3814; x_wconf 83' lang='grc' dir='ltr'>οὖν</span> <span class='ocrx_word' id='word_1_581' title='bbox 322 3759 392 3812; x_wconf 83' lang='grc' dir='ltr'>δι’</span> <span class='ocrx_word' id='word_1_582' title='bbox 419 3760 585 3813; x_wconf 87' lang='grc' dir='ltr'>αύτοῦ</span> <span class='ocrx_word' id='word_1_583' title='bbox 607 3758 1048 3814; x_wconf 82' lang='grc' dir='ltr'>ἀποκαλύπτεται</span> <span class='ocrx_word' id='word_1_584' title='bbox 1064 3763 1092 3813; x_wconf 97' lang='lat'><strong>6</strong></span> <span class='ocrx_word' id='word_1_585' title='bbox 1110 3759 1243 3824; x_wconf 88' lang='grc' dir='ltr'>Θεὸς</span> <span class='ocrx_word' id='word_1_586' title='bbox 1263 3764 1375 3824; x_wconf 77' lang='grc' dir='ltr'>τοῖς</span> <span class='ocrx_word' id='word_1_587' title='bbox 1401 3759 1780 3828; x_wconf 71' lang='grc' dir='ltr'>γινώσκουσιν,</span> 
     </span>
    </p>
   </div>
   <div class='ocr_carea' id='block_1_72' title="bbox 198 3851 1781 3924">
    <p class='ocr_par' dir='ltr' id='par_1_72' title="bbox 198 3851 1781 3924">
     <span class='ocr_line' id='line_1_72' title="bbox 198 3851 1781 3924; baseline 0 -18"><span class='ocrx_word' id='word_1_588' title='bbox 198 3852 376 3916; x_wconf 75' lang='grc' dir='ltr'>οὕτως</span> <span class='ocrx_word' id='word_1_589' title='bbox 401 3851 469 3905; x_wconf 89' lang='grc' dir='ltr'>δι’</span> <span class='ocrx_word' id='word_1_590' title='bbox 500 3851 665 3906; x_wconf 82' lang='grc' dir='ltr'>αὐτοῦ</span> <span class='ocrx_word' id='word_1_591' title='bbox 694 3855 728 3924; x_wconf 75' lang='grc' dir='ltr'><strong>ἡ</strong></span> <span class='ocrx_word' id='word_1_592' title='bbox 755 3852 996 3920; x_wconf 78' lang='grc' dir='ltr'>εὐλογία,</span> <span class='ocrx_word' id='word_1_593' title='bbox 1031 3853 1125 3906; x_wconf 80' lang='grc' dir='ltr'><strong>καὶ</strong></span> <span class='ocrx_word' id='word_1_594' title='bbox 1151 3855 1180 3905; x_wconf 91' lang='lat'><strong>6</strong></span> <span class='ocrx_word' id='word_1_595' title='bbox 1204 3851 1394 3923; x_wconf 77' lang='grc' dir='ltr'>ὕμνος,</span> <span class='ocrx_word' id='word_1_596' title='bbox 1436 3853 1530 3906; x_wconf 77' lang='grc' dir='ltr'><strong>καὶ</strong></span> <span class='ocrx_word' id='word_1_597' title='bbox 1561 3855 1594 3924; x_wconf 83' lang='grc' dir='ltr'>ή</span> <span class='ocrx_word' id='word_1_598' title='bbox 1637 3852 1781 3918; x_wconf 81' lang='grc' dir='ltr'>δόξα,</span> 
     </span>
    </p>
   </div>
   <div class='ocr_carea' id='block_1_73' title="bbox 201 3941 1783 4015">
    <p class='ocr_par' dir='ltr' id='par_1_73' title="bbox 201 3941 1783 4015">
     <span class='ocr_line' id='line_1_73' title="bbox 201 3941 1783 4015; baseline -0.001 -17"><span class='ocrx_word' id='word_1_599' title='bbox 201 3945 297 3998; x_wconf 76' lang='grc' dir='ltr'><strong>καὶ</strong></span> <span class='ocrx_word' id='word_1_600' title='bbox 315 3945 377 3996; x_wconf 89' lang='lat'><strong>16</strong></span> <span class='ocrx_word' id='word_1_601' title='bbox 395 3943 596 4015; x_wconf 87' lang='grc' dir='ltr'>κράτος</span> <span class='ocrx_word' id='word_1_602' title='bbox 624 3943 964 4013; x_wconf 81' lang='grc' dir='ltr'>ὁμολογεῖται</span> <span class='ocrx_word' id='word_1_603' title='bbox 991 3942 1069 4013; x_wconf 78' lang='grc' dir='ltr'>τῷ</span> <span class='ocrx_word' id='word_1_604' title='bbox 1092 3943 1269 4014; x_wconf 77' lang='grc' dir='ltr'>Πατρὶ</span> <span class='ocrx_word' id='word_1_605' title='bbox 1286 3942 1352 3994; x_wconf 87' lang='grc' dir='ltr'>δι’</span> <span class='ocrx_word' id='word_1_606' title='bbox 1370 3941 1532 3996; x_wconf 77' lang='grc' dir='ltr'>αὐτοῦ</span> <span class='ocrx_word' id='word_1_607' title='bbox 1555 3943 1649 3996; x_wconf 73' lang='grc' dir='ltr'><strong>κα)¹</strong></span> <span class='ocrx_word' id='word_1_608' title='bbox 1670 3942 1783 4014; x_wconf 72' lang='grc'>(52)</span> 
     </span>
    </p>
   </div>
   <div class='ocr_carea' id='block_1_74' title="bbox 201 4034 1786 4106">
    <p class='ocr_par' dir='ltr' id='par_1_74' title="bbox 201 4034 1786 4106">
     <span class='ocr_line' id='line_1_74' title="bbox 201 4034 1786 4106; baseline 0 -18"><span class='ocrx_word' id='word_1_609' title='bbox 201 4035 262 4088; x_wconf 70' lang='grc' dir='ltr'>ἰν</span> <span class='ocrx_word' id='word_1_610' title='bbox 293 4035 463 4106; x_wconf 81' lang='grc' dir='ltr'>αὐτῷ,</span> <span class='ocrx_word' id='word_1_611' title='bbox 493 4035 581 4088; x_wconf 80' lang='grc' dir='ltr'><strong>ἵνα</strong></span> <span class='ocrx_word' id='word_1_612' title='bbox 626 4035 720 4088; x_wconf 78' lang='grc' dir='ltr'>καὶ</span> <span class='ocrx_word' id='word_1_613' title='bbox 759 4035 1152 4106; x_wconf 81' lang='grc' dir='ltr'>εὐπρόσδεκτος</span> <span class='ocrx_word' id='word_1_614' title='bbox 1190 4037 1223 4106; x_wconf 83' lang='grc' dir='ltr'><strong>ή</strong></span> <span class='ocrx_word' id='word_1_615' title='bbox 1264 4034 1488 4105; x_wconf 85' lang='grc' dir='ltr'>τοιαύτη</span> <span class='ocrx_word' id='word_1_616' title='bbox 1528 4035 1786 4106; x_wconf 81' lang='grc' dir='ltr'>ὁμολογία</span> 
     </span>
    </p>
   </div>
   <div class='ocr_carea' id='block_1_75' title="bbox 203 4124 1786 4196">
    <p class='ocr_par' dir='ltr' id='par_1_75' title="bbox 203 4124 1786 4196">
     <span class='ocr_line' id='line_1_75' title="bbox 203 4124 1786 4196; baseline 0 -18"><span class='ocrx_word' id='word_1_617' title='bbox 203 4125 453 4196; x_wconf 80' lang='grc' dir='ltr'>γένηται,</span> <span class='ocrx_word' id='word_1_618' title='bbox 499 4125 574 4188; x_wconf 82' lang='grc' dir='ltr'>ὡς</span> <span class='ocrx_word' id='word_1_619' title='bbox 617 4127 672 4177; x_wconf 78' lang='grc' dir='ltr'>αἱ</span> <span class='ocrx_word' id='word_1_620' title='bbox 699 4125 914 4196; x_wconf 76' lang='grc' dir='ltr'>Γραφαὶ</span> <span class='ocrx_word' id='word_1_621' title='bbox 962 4124 1226 4193; x_wconf 86' lang='grc' dir='ltr'>λέγουσιν.</span> <span class='ocrx_word' id='word_1_622' title='bbox 1287 4125 1380 4178; x_wconf 86' lang='grc' dir='ltr'>Ἐκ</span> <span class='ocrx_word' id='word_1_623' title='bbox 1429 4124 1637 4178; x_wconf 76' lang='grc' dir='ltr'>πολλῶν</span> <span class='ocrx_word' id='word_1_624' title='bbox 1687 4125 1786 4195; x_wconf 82' lang='grc' dir='ltr'>μὲν</span> 
     </span>
    </p>
   </div>
   <div class='ocr_carea' id='block_1_76' title="bbox 202 4211 1788 4284">
    <p class='ocr_par' dir='ltr' id='par_1_76' title="bbox 202 4211 1788 4284">
     <span class='ocr_line' id='line_1_76' title="bbox 202 4211 1788 4284; baseline -0.003 -15"><span class='ocrx_word' id='word_1_625' title='bbox 202 4211 297 4270; x_wconf 82' lang='grc' dir='ltr'><strong>οὖν</strong></span> <span class='ocrx_word' id='word_1_626' title='bbox 327 4219 422 4268; x_wconf 71' lang='grc' dir='ltr'>καὶ</span> <span class='ocrx_word' id='word_1_627' title='bbox 451 4215 518 4268; x_wconf 78' lang='grc' dir='ltr'>ὲκ</span> <span class='ocrx_word' id='word_1_628' title='bbox 540 4213 745 4268; x_wconf 86' lang='grc' dir='ltr'>τούτων</span> <span class='ocrx_word' id='word_1_629' title='bbox 782 4214 1048 4267; x_wconf 84' lang='grc' dir='ltr'>δέδεικται</span> <span class='ocrx_word' id='word_1_630' title='bbox 1075 4214 1171 4266; x_wconf 73' lang='grc' dir='ltr'>καὶ</span> <span class='ocrx_word' id='word_1_631' title='bbox 1207 4212 1483 4267; x_wconf 84' lang='grc' dir='ltr'>δείκνυται</span> <span class='ocrx_word' id='word_1_632' title='bbox 1515 4212 1628 4284; x_wconf 79' lang='lat'><strong>(53)</strong></span> <span class='ocrx_word' id='word_1_633' title='bbox 1660 4213 1788 4267; x_wconf 83' lang='grc' dir='ltr'>ἀσε-</span> 
     </span>
    </p>
   </div>
   <div class='ocr_carea' id='block_1_77' title="bbox 203 4301 1591 4376">
    <p class='ocr_par' dir='ltr' id='par_1_77' title="bbox 203 4301 1591 4376">
     <span class='ocr_line' id='line_1_77' title="bbox 203 4301 1591 4376; baseline -0.004 -15"><span class='ocrx_word' id='word_1_634' title='bbox 203 4303 307 4376; x_wconf 76' lang='grc' dir='ltr'><strong>ϐὴς</strong></span> <span class='ocrx_word' id='word_1_635' title='bbox 331 4307 362 4360; x_wconf 89' lang='lat'><strong>6</strong></span> <span class='ocrx_word' id='word_1_636' title='bbox 383 4305 554 4374; x_wconf 82' lang='grc' dir='ltr'>λέγων</span> <span class='ocrx_word' id='word_1_637' title='bbox 581 4305 784 4376; x_wconf 84' lang='grc' dir='ltr'>κτίσμα</span> <span class='ocrx_word' id='word_1_638' title='bbox 816 4301 955 4358; x_wconf 74' lang='grc' dir='ltr'>εἶναι</span> <span class='ocrx_word' id='word_1_639' title='bbox 983 4304 1074 4357; x_wconf 82' lang='lat' dir='ltr'>16v</span> <span class='ocrx_word' id='word_1_640' title='bbox 1111 4302 1208 4356; x_wconf 86' lang='lat'><strong>106</strong></span> <span class='ocrx_word' id='word_1_641' title='bbox 1236 4303 1372 4356; x_wconf 87' lang='grc' dir='ltr'>Θεοῦ</span> <span class='ocrx_word' id='word_1_642' title='bbox 1397 4303 1591 4372; x_wconf 87' lang='grc' dir='ltr'>Λόγον.</span> 
     </span>
    </p>
   </div>
   <div class='ocr_carea' id='block_1_78' title="bbox 1878 3305 3450 3378">
    <p class='ocr_par' dir='ltr' id='par_1_78' title="bbox 1878 3305 3450 3378">
     <span class='ocr_line' id='line_1_78' title="bbox 1878 3305 3450 3378; baseline -0.003 -17"><span class='ocrx_word' id='word_1_643' title='bbox 1878 3307 1998 3362; x_wconf 89' lang='lat' dir='ltr'><strong>dit:</strong></span> <span class='ocrx_word' id='word_1_644' title='bbox 2041 3317 2096 3362; x_wconf 86' lang='lat' dir='ltr'><strong>at</strong></span> <span class='ocrx_word' id='word_1_645' title='bbox 2149 3324 2274 3362; x_wconf 90' lang='lat' dir='ltr'><strong>cum</strong></span> <span class='ocrx_word' id='word_1_646' title='bbox 2323 3310 2390 3362; x_wconf 89' lang='lat' dir='ltr'><strong>de</strong></span> <span class='ocrx_word' id='word_1_647' title='bbox 2439 3308 2702 3378; x_wconf 83' lang='lat' dir='ltr'><strong>Operibus</strong></span> <span class='ocrx_word' id='word_1_648' title='bbox 2746 3307 2997 3372; x_wconf 80' lang='lat' dir='ltr'><strong>dixisset,</strong></span> <span class='ocrx_word' id='word_1_649' title='bbox 3057 3325 3076 3357; x_wconf 79' lang='grc' dir='ltr'><strong>ι</strong></span> <span class='ocrx_word' id='word_1_650' title='bbox 3125 3305 3450 3367; x_wconf 82' lang='lat' dir='ltr'><strong>Benedicite,</strong></span> 
     </span>
    </p>
   </div>
   <div class='ocr_carea' id='block_1_79' title="bbox 1877 3393 3450 3467">
    <p class='ocr_par' dir='ltr' id='par_1_79' title="bbox 1877 3393 3450 3467">
     <span class='ocr_line' id='line_1_79' title="bbox 1877 3393 3450 3467; baseline -0.004 -14"><span class='ocrx_word' id='word_1_651' title='bbox 1877 3398 2059 3453; x_wconf 86' lang='lat' dir='ltr'><strong>omnia</strong></span> <span class='ocrx_word' id='word_1_652' title='bbox 2092 3413 2254 3467; x_wconf 86' lang='lat' dir='ltr'><strong>opera</strong></span> <span class='ocrx_word' id='word_1_653' title='bbox 2286 3397 2524 3463; x_wconf 91' lang='lat' dir='ltr'><strong>Domini,</strong></span> <span class='ocrx_word' id='word_1_654' title='bbox 2555 3395 2787 3453; x_wconf 92' lang='lat' dir='ltr'><strong>Domino</strong></span> <span class='ocrx_word' id='word_1_655' title='bbox 2805 3397 2872 3460; x_wconf 74' lang='lat'><strong>“,</strong></span> <span class='ocrx_word' id='word_1_656' title='bbox 2901 3414 2921 3447; x_wconf 71' lang='grc' dir='ltr'><strong>ι</strong></span> <span class='ocrx_word' id='word_1_657' title='bbox 2951 3394 3191 3465; x_wconf 87' lang='lat' dir='ltr'><strong>singulas</strong></span> <span class='ocrx_word' id='word_1_658' title='bbox 3237 3393 3450 3464; x_wconf 85' lang='lat' dir='ltr'><strong>quidem</strong></span> 
     </span>
    </p>
   </div>
   <div class='ocr_carea' id='block_1_80' title="bbox 1880 3483 3435 3543">
    <p class='ocr_par' dir='ltr' id='par_1_80' title="bbox 1880 3483 3435 3543">
     <span class='ocr_line' id='line_1_80' title="bbox 1880 3483 3435 3543; baseline -0.003 -1"><span class='ocrx_word' id='word_1_659' title='bbox 1880 3503 1969 3542; x_wconf 86' lang='lat' dir='ltr'><strong>res</strong></span> <span class='ocrx_word' id='word_1_660' title='bbox 2001 3497 2212 3543; x_wconf 89' lang='lat' dir='ltr'><strong>creatas</strong></span> <span class='ocrx_word' id='word_1_661' title='bbox 2240 3487 2619 3541; x_wconf 82' lang='lat' dir='ltr'><strong>enumeravit:</strong></span> <span class='ocrx_word' id='word_1_662' title='bbox 2672 3486 2767 3541; x_wconf 89' lang='lat' dir='ltr'><strong>sed</strong></span> <span class='ocrx_word' id='word_1_663' title='bbox 2819 3485 2960 3540; x_wconf 89' lang='lat' dir='ltr'><strong>inter</strong></span> <span class='ocrx_word' id='word_1_664' title='bbox 2989 3500 3084 3540; x_wconf 89' lang='lat' dir='ltr'><strong>eas</strong></span> <span class='ocrx_word' id='word_1_665' title='bbox 3110 3483 3310 3538; x_wconf 89' lang='lat' dir='ltr'><strong>Filium</strong></span> <span class='ocrx_word' id='word_1_666' title='bbox 3348 3483 3435 3537; x_wconf 32' lang='lat' dir='ltr'><strong>mi.</strong></span> 
     </span>
    </p>
   </div>
   <div class='ocr_carea' id='block_1_81' title="bbox 1882 3559 3463 3646">
    <p class='ocr_par' dir='ltr' id='par_1_81' title="bbox 1882 3559 3463 3646">
     <span class='ocr_line' id='line_1_81' title="bbox 1882 3559 3463 3646; baseline -0.003 -15"><span class='ocrx_word' id='word_1_667' title='bbox 1882 3579 2029 3632; x_wconf 88' lang='lat' dir='ltr'><strong>nime</strong></span> <span class='ocrx_word' id='word_1_668' title='bbox 2061 3576 2388 3632; x_wconf 87' lang='lat' dir='ltr'><strong>collocavit:</strong></span> <span class='ocrx_word' id='word_1_669' title='bbox 2423 3578 2624 3646; x_wconf 88' lang='lat' dir='ltr'><strong>quippe</strong></span> <span class='ocrx_word' id='word_1_670' title='bbox 2657 3577 2750 3646; x_wconf 90' lang='lat' dir='ltr'><strong>qui</strong></span> <span class='ocrx_word' id='word_1_671' title='bbox 2786 3591 2895 3629; x_wconf 90' lang='lat' dir='ltr'><strong>non</strong></span> <span class='ocrx_word' id='word_1_672' title='bbox 2935 3583 3085 3630; x_wconf 84' lang='lat' dir='ltr'><strong>esset</strong></span> <span class='ocrx_word' id='word_1_673' title='bbox 3116 3574 3356 3638; x_wconf 81' lang='lat' dir='ltr'><strong>nescius,</strong></span> <span class='ocrx_word' id='word_1_674' title='bbox 3392 3559 3463 3626; x_wconf 17' lang='lat' dir='ltr'><strong>il-i</strong></span> 
     </span>
    </p>
   </div>
   <div class='ocr_carea' id='block_1_82' title="bbox 1883 3663 3448 3737">
    <p class='ocr_par' dir='ltr' id='par_1_82' title="bbox 1883 3663 3448 3737">
     <span class='ocr_line' id='line_1_82' title="bbox 1883 3663 3448 3737; baseline -0.003 -17"><span class='ocrx_word' id='word_1_675' title='bbox 1883 3667 1993 3721; x_wconf 90' lang='lat' dir='ltr'><strong>lum</strong></span> <span class='ocrx_word' id='word_1_676' title='bbox 2022 3681 2160 3736; x_wconf 91' lang='lat' dir='ltr'><strong>opus</strong></span> <span class='ocrx_word' id='word_1_677' title='bbox 2192 3681 2300 3720; x_wconf 89' lang='lat' dir='ltr'><strong>non</strong></span> <span class='ocrx_word' id='word_1_678' title='bbox 2333 3681 2473 3732; x_wconf 88' lang='lat' dir='ltr'><strong>esse,</strong></span> <span class='ocrx_word' id='word_1_679' title='bbox 2503 3665 2597 3721; x_wconf 89' lang='lat' dir='ltr'><strong>sed</strong></span> <span class='ocrx_word' id='word_1_680' title='bbox 2625 3681 2720 3735; x_wconf 87' lang='lat' dir='ltr'><strong>per</strong></span> <span class='ocrx_word' id='word_1_681' title='bbox 2747 3666 2926 3735; x_wconf 91' lang='lat' dir='ltr'><strong>ipsum</strong></span> <span class='ocrx_word' id='word_1_682' title='bbox 2953 3663 3096 3720; x_wconf 84' lang='lat' dir='ltr'><strong>facta</strong></span> <span class='ocrx_word' id='word_1_683' title='bbox 3123 3678 3245 3719; x_wconf 89' lang='lat' dir='ltr'><strong>esse</strong></span> <span class='ocrx_word' id='word_1_684' title='bbox 3269 3679 3448 3737; x_wconf 80' lang='lat' dir='ltr'><strong>opera.</strong></span> 
     </span>
    </p>
   </div>
   <div class='ocr_carea' id='block_1_83' title="bbox 1880 3754 3449 3826">
    <p class='ocr_par' dir='ltr' id='par_1_83' title="bbox 1880 3754 3449 3826">
     <span class='ocr_line' id='line_1_83' title="bbox 1880 3754 3449 3826; baseline -0.003 -15"><span class='ocrx_word' id='word_1_685' title='bbox 1880 3772 2116 3826; x_wconf 87' lang='lat' dir='ltr'><strong>eumque</strong></span> <span class='ocrx_word' id='word_1_686' title='bbox 2149 3755 2204 3810; x_wconf 89' lang='lat' dir='ltr'><strong>in</strong></span> <span class='ocrx_word' id='word_1_687' title='bbox 2260 3755 2422 3811; x_wconf 89' lang='lat' dir='ltr'><strong>Patre</strong></span> <span class='ocrx_word' id='word_1_688' title='bbox 2469 3756 2674 3812; x_wconf 88' lang='lat' dir='ltr'><strong>laudari</strong></span> <span class='ocrx_word' id='word_1_689' title='bbox 2722 3763 2780 3811; x_wconf 86' lang='lat' dir='ltr'><strong>et</strong></span> <span class='ocrx_word' id='word_1_690' title='bbox 2822 3754 3237 3825; x_wconf 85' lang='lat' dir='ltr'><strong>superexaltari.</strong></span> <span class='ocrx_word' id='word_1_691' title='bbox 3289 3755 3449 3820; x_wconf 76' lang='lat' dir='ltr'><strong>Igitur</strong></span> 
     </span>
    </p>
   </div>
   <div class='ocr_carea' id='block_1_84' title="bbox 1881 3838 3435 3919">
    <p class='ocr_par' dir='ltr' id='par_1_84' title="bbox 1881 3838 3435 3919">
     <span class='ocr_line' id='line_1_84' title="bbox 1881 3838 3435 3919; baseline -0.001 -19"><span class='ocrx_word' id='word_1_692' title='bbox 1881 3847 2342 3917; x_wconf 85' lang='lat' dir='ltr'><strong>quemadmodum</strong></span> <span class='ocrx_word' id='word_1_693' title='bbox 2367 3847 2463 3902; x_wconf 88' lang='lat' dir='ltr'><strong>Dei</strong></span> <span class='ocrx_word' id='word_1_694' title='bbox 2492 3848 2732 3919; x_wconf 76' lang='lat' dir='ltr'><strong>cognitio</strong></span> <span class='ocrx_word' id='word_1_695' title='bbox 2765 3861 2861 3918; x_wconf 90' lang='lat' dir='ltr'><strong>per</strong></span> <span class='ocrx_word' id='word_1_696' title='bbox 2888 3847 3064 3917; x_wconf 88' lang='lat' dir='ltr'><strong>ipsum</strong></span> <span class='ocrx_word' id='word_1_697' title='bbox 3097 3838 3331 3900; x_wconf 84' lang='lat' dir='ltr'><strong>Verbum</strong></span> <span class='ocrx_word' id='word_1_698' title='bbox 3362 3843 3435 3899; x_wconf 75' lang='lat' dir='ltr'><strong>ha</strong></span> 
     </span>
    </p>
   </div>
   <div class='ocr_carea' id='block_1_85' title="bbox 1884 3936 3448 4009">
    <p class='ocr_par' dir='ltr' id='par_1_85' title="bbox 1884 3936 3448 4009">
     <span class='ocr_line' id='line_1_85' title="bbox 1884 3936 3448 4009; baseline -0.002 -16"><span class='ocrx_word' id='word_1_699' title='bbox 1884 3940 2076 3993; x_wconf 87' lang='lat' dir='ltr'><strong>betur:</strong></span> <span class='ocrx_word' id='word_1_700' title='bbox 2112 3939 2187 3993; x_wconf 91' lang='lat' dir='ltr'><strong>ita</strong></span> <span class='ocrx_word' id='word_1_701' title='bbox 2232 3953 2332 4008; x_wconf 90' lang='lat' dir='ltr'><strong>per</strong></span> <span class='ocrx_word' id='word_1_702' title='bbox 2377 3939 2556 4009; x_wconf 89' lang='lat' dir='ltr'><strong>ipsum</strong></span> <span class='ocrx_word' id='word_1_703' title='bbox 2600 3946 2656 3994; x_wconf 90' lang='lat' dir='ltr'><strong>et</strong></span> <span class='ocrx_word' id='word_1_704' title='bbox 2701 3940 2756 3994; x_wconf 92' lang='lat' dir='ltr'><strong>in</strong></span> <span class='ocrx_word' id='word_1_705' title='bbox 2800 3938 2922 4008; x_wconf 85' lang='lat' dir='ltr'><strong>ipso</strong></span> <span class='ocrx_word' id='word_1_706' title='bbox 2954 3936 3281 4003; x_wconf 88' lang='lat' dir='ltr'><strong>benedictio,</strong></span> <span class='ocrx_word' id='word_1_707' title='bbox 3313 3936 3448 3991; x_wconf 83' lang='lat' dir='ltr'><strong>laus.</strong></span> 
     </span>
    </p>
   </div>
   <div class='ocr_carea' id='block_1_86' title="bbox 1888 4027 3449 4100">
    <p class='ocr_par' dir='ltr' id='par_1_86' title="bbox 1888 4027 3449 4100">
     <span class='ocr_line' id='line_1_86' title="bbox 1888 4027 3449 4100; baseline 0.001 -17"><span class='ocrx_word' id='word_1_708' title='bbox 1888 4030 2059 4100; x_wconf 81' lang='lat' dir='ltr'><strong>gloria</strong></span> <span class='ocrx_word' id='word_1_709' title='bbox 2082 4037 2137 4083; x_wconf 88' lang='lat' dir='ltr'><strong>et</strong></span> <span class='ocrx_word' id='word_1_710' title='bbox 2158 4029 2400 4099; x_wconf 88' lang='lat' dir='ltr'><strong>potentia</strong></span> <span class='ocrx_word' id='word_1_711' title='bbox 2429 4027 2581 4084; x_wconf 90' lang='lat' dir='ltr'><strong>Patri</strong></span> <span class='ocrx_word' id='word_1_712' title='bbox 2605 4031 2936 4096; x_wconf 87' lang='lat' dir='ltr'><strong>concinitur,</strong></span> <span class='ocrx_word' id='word_1_713' title='bbox 2963 4043 3075 4100; x_wconf 90' lang='lat' dir='ltr'><strong>quo</strong></span> <span class='ocrx_word' id='word_1_714' title='bbox 3105 4037 3260 4097; x_wconf 85' lang='lat' dir='ltr'><strong>grata</strong></span> <span class='ocrx_word' id='word_1_715' title='bbox 3282 4037 3338 4083; x_wconf 89' lang='lat' dir='ltr'><strong>et</strong></span> <span class='ocrx_word' id='word_1_716' title='bbox 3363 4043 3449 4084; x_wconf 78' lang='lat' dir='ltr'><strong>ac-</strong></span> 
     </span>
    </p>
   </div>
   <div class='ocr_carea' id='block_1_87' title="bbox 1887 4117 3448 4191">
    <p class='ocr_par' dir='ltr' id='par_1_87' title="bbox 1887 4117 3448 4191">
     <span class='ocr_line' id='line_1_87' title="bbox 1887 4117 3448 4191; baseline 0 -17"><span class='ocrx_word' id='word_1_717' title='bbox 1887 4129 2041 4190; x_wconf 85' lang='lat' dir='ltr'><strong>cepta</strong></span> <span class='ocrx_word' id='word_1_718' title='bbox 2093 4118 2167 4175; x_wconf 88' lang='lat' dir='ltr'><strong>sit</strong></span> <span class='ocrx_word' id='word_1_719' title='bbox 2217 4119 2532 4191; x_wconf 86' lang='lat' dir='ltr'><strong>bujusmodi</strong></span> <span class='ocrx_word' id='word_1_720' title='bbox 2580 4119 2896 4184; x_wconf 76' lang='lat' dir='ltr'><strong>confessio,</strong></span> <span class='ocrx_word' id='word_1_721' title='bbox 2945 4120 3107 4175; x_wconf 91' lang='lat' dir='ltr'><strong>sicuti</strong></span> <span class='ocrx_word' id='word_1_722' title='bbox 3163 4117 3448 4188; x_wconf 77' lang='lat' dir='ltr'><strong>Scriptura</strong></span> 
     </span>
    </p>
   </div>
   <div class='ocr_carea' id='block_1_88' title="bbox 1885 4209 3448 4282">
    <p class='ocr_par' dir='ltr' id='par_1_88' title="bbox 1885 4209 3448 4282">
     <span class='ocr_line' id='line_1_88' title="bbox 1885 4209 3448 4282; baseline -0.001 -16"><span class='ocrx_word' id='word_1_723' title='bbox 1885 4220 2180 4268; x_wconf 87' lang='lat' dir='ltr'><strong>testantur.</strong></span> <span class='ocrx_word' id='word_1_724' title='bbox 2224 4209 2413 4282; x_wconf 87' lang='lat' dir='ltr'><strong>Itaque</strong></span> <span class='ocrx_word' id='word_1_725' title='bbox 2457 4226 2582 4266; x_wconf 90' lang='lat' dir='ltr'><strong>cum</strong></span> <span class='ocrx_word' id='word_1_726' title='bbox 2611 4227 2680 4268; x_wconf 84' lang='lat' dir='ltr'><strong>ex</strong></span> <span class='ocrx_word' id='word_1_727' title='bbox 2722 4211 2910 4266; x_wconf 88' lang='lat' dir='ltr'><strong>multis</strong></span> <span class='ocrx_word' id='word_1_728' title='bbox 2960 4210 3292 4274; x_wconf 87' lang='lat' dir='ltr'><strong>rationibus,</strong></span> <span class='ocrx_word' id='word_1_729' title='bbox 3342 4217 3448 4265; x_wconf 83' lang='lat' dir='ltr'><strong>tutr</strong></span> 
     </span>
    </p>
   </div>
   <div class='ocr_carea' id='block_1_89' title="bbox 1845 4299 3448 4373">
    <p class='ocr_par' dir='ltr' id='par_1_89' title="bbox 1845 4299 3448 4373">
     <span class='ocr_line' id='line_1_89' title="bbox 1845 4299 3448 4373; baseline -0.004 -12"><span class='ocrx_word' id='word_1_730' title='bbox 1845 4302 2055 4372; x_wconf 77' lang='lat'><strong>-550</strong></span> <span class='ocrx_word' id='word_1_731' title='bbox 2103 4317 2172 4358; x_wconf 83' lang='lat' dir='ltr'><strong>ex</strong></span> <span class='ocrx_word' id='word_1_732' title='bbox 2200 4303 2322 4360; x_wconf 86' lang='lat' dir='ltr'><strong>istis</strong></span> <span class='ocrx_word' id='word_1_733' title='bbox 2367 4302 2719 4373; x_wconf 86' lang='lat' dir='ltr'><strong>perspicuum</strong></span> <span class='ocrx_word' id='word_1_734' title='bbox 2765 4311 2820 4358; x_wconf 89' lang='lat' dir='ltr'><strong>et</strong></span> <span class='ocrx_word' id='word_1_735' title='bbox 2848 4301 3073 4359; x_wconf 86' lang='lat' dir='ltr'><strong>evidens</strong></span> <span class='ocrx_word' id='word_1_736' title='bbox 3099 4316 3184 4357; x_wconf 88' lang='lat' dir='ltr'><strong>est</strong></span> <span class='ocrx_word' id='word_1_737' title='bbox 3232 4299 3448 4372; x_wconf 80' lang='lat' dir='ltr'><strong>impiuir</strong></span> 
     </span>
    </p>
   </div>
   <div class='ocr_carea' id='block_1_90' title="bbox 205 4397 2108 4470">
    <p class='ocr_par' dir='ltr' id='par_1_90' title="bbox 205 4397 2108 4470">
     <span class='ocr_line' id='line_1_90' title="bbox 205 4397 2108 4470; baseline 0 -15"><span class='ocrx_word' id='word_1_738' title='bbox 205 4415 332 4455; x_wconf 89' lang='lat' dir='ltr'><strong>eum</strong></span> <span class='ocrx_word' id='word_1_739' title='bbox 362 4415 487 4455; x_wconf 82' lang='lat' dir='ltr'><strong>esse</strong></span> <span class='ocrx_word' id='word_1_740' title='bbox 516 4401 829 4470; x_wconf 88' lang='lat' dir='ltr'><strong>quicunque</strong></span> <span class='ocrx_word' id='word_1_741' title='bbox 857 4399 950 4454; x_wconf 88' lang='lat' dir='ltr'><strong>Dei</strong></span> <span class='ocrx_word' id='word_1_742' title='bbox 983 4397 1221 4454; x_wconf 83' lang='lat' dir='ltr'><strong>Verbum</strong></span> <span class='ocrx_word' id='word_1_743' title='bbox 1246 4414 1360 4453; x_wconf 89' lang='lat' dir='ltr'><strong>rem</strong></span> <span class='ocrx_word' id='word_1_744' title='bbox 1389 4409 1627 4454; x_wconf 87' lang='lat' dir='ltr'><strong>creatam</strong></span> <span class='ocrx_word' id='word_1_745' title='bbox 1656 4412 1778 4453; x_wconf 86' lang='lat' dir='ltr'><strong>esse</strong></span> <span class='ocrx_word' id='word_1_746' title='bbox 1807 4400 2108 4455; x_wconf 89' lang='lat' dir='ltr'><strong>contendit.</strong></span> 
     </span>
    </p>
   </div>
   <div class='ocr_carea' id='block_1_91' title="bbox 278 4532 2704 4600">
    <p class='ocr_par' dir='ltr' id='par_1_91' title="bbox 278 4532 2704 4600">
     <span class='ocr_line' id='line_1_91' title="bbox 278 4532 2704 4600; baseline 0 -12"><span class='ocrx_word' id='word_1_747' title='bbox 278 4535 323 4567; x_wconf 75' lang='grc'><strong>⁸⁸</strong></span> <span class='ocrx_word' id='word_1_748' title='bbox 354 4533 544 4589; x_wconf 75' lang='lat' dir='ltr'><strong>Matth.</strong></span> <span class='ocrx_word' id='word_1_749' title='bbox 570 4551 764 4598; x_wconf 73' lang='lat' dir='ltr'><strong>XXVIII,</strong></span> <span class='ocrx_word' id='word_1_750' title='bbox 796 4535 881 4592; x_wconf 82' lang='lat' dir='ltr'><strong>I9.</strong></span> <span class='ocrx_word' id='word_1_751' title='bbox 959 4534 1005 4566; x_wconf 76' lang='lat'><strong>&quot;</strong></span> <span class='ocrx_word' id='word_1_752' title='bbox 1031 4532 1204 4589; x_wconf 79' lang='lat' dir='ltr'><strong>Exod.</strong></span> <span class='ocrx_word' id='word_1_753' title='bbox 1232 4549 1424 4591; x_wconf 74' lang='lat' dir='ltr'><strong>xxxvr.</strong></span> <span class='ocrx_word' id='word_1_754' title='bbox 1454 4533 1506 4587; x_wconf 84' lang='grc'><strong>1.</strong></span> <span class='ocrx_word' id='word_1_755' title='bbox 1581 4535 1626 4566; x_wconf 79' lang='grc'>⁸³</span> <span class='ocrx_word' id='word_1_756' title='bbox 1656 4535 1798 4590; x_wconf 84' lang='lat' dir='ltr'><strong>Psal.</strong></span> <span class='ocrx_word' id='word_1_757' title='bbox 1830 4549 2056 4600; x_wconf 73' lang='lat' dir='ltr'><strong>chvm,</strong></span> <span class='ocrx_word' id='word_1_758' title='bbox 2087 4536 2139 4590; x_wconf 83' lang='lat'><strong>5.</strong></span> <span class='ocrx_word' id='word_1_759' title='bbox 2217 4536 2262 4567; x_wconf 78' lang='lat'><strong>“</strong></span> <span class='ocrx_word' id='word_1_760' title='bbox 2287 4535 2434 4593; x_wconf 88' lang='lat' dir='ltr'><strong>Psal.</strong></span> <span class='ocrx_word' id='word_1_761' title='bbox 2469 4550 2618 4599; x_wconf 67' lang='grc' dir='ltr'>κων,</span> <span class='ocrx_word' id='word_1_762' title='bbox 2649 4535 2704 4589; x_wconf 72' lang='grc'>2.</span> 
     </span>
    </p>
   </div>
   <div class='ocr_carea' id='block_1_92' title="bbox 2781 4534 3232 4599">
    <p class='ocr_par' dir='ltr' id='par_1_92' title="bbox 2781 4534 3232 4599">
     <span class='ocr_line' id='line_1_92' title="bbox 2781 4534 3232 4599; baseline 0.004 -11"><span class='ocrx_word' id='word_1_763' title='bbox 2781 4537 2826 4568; x_wconf 70' lang='grc'>⁸³</span> <span class='ocrx_word' id='word_1_764' title='bbox 2851 4534 2965 4590; x_wconf 88' lang='lat' dir='ltr'><strong>Dan</strong></span> <span class='ocrx_word' id='word_1_765' title='bbox 3026 4552 3110 4599; x_wconf 88' lang='lat' dir='ltr'><strong>Ill,</strong></span> <span class='ocrx_word' id='word_1_766' title='bbox 3139 4537 3232 4590; x_wconf 83' lang='lat'><strong>57.</strong></span> 
     </span>
    </p>
   </div>
   <div class='ocr_carea' id='block_1_93' title="bbox 279 4647 1776 4723">
    <p class='ocr_par' dir='ltr' id='par_1_93' title="bbox 279 4647 1776 4723">
     <span class='ocr_line' id='line_1_93' title="bbox 279 4647 1776 4723; baseline -0.001 -18"><span class='ocrx_word' id='word_1_767' title='bbox 279 4651 397 4719; x_wconf 69' lang='grc' dir='ltr'>(Η)</span> <span class='ocrx_word' id='word_1_768' title='bbox 435 4648 529 4723; x_wconf 90' lang='lat' dir='ltr'><strong>Sic</strong></span> <span class='ocrx_word' id='word_1_769' title='bbox 576 4650 779 4723; x_wconf 75' lang='lat' dir='ltr'><strong>Regius</strong></span> <span class='ocrx_word' id='word_1_770' title='bbox 805 4659 860 4723; x_wconf 84' lang='lat' dir='ltr'><strong>et</strong></span> <span class='ocrx_word' id='word_1_771' title='bbox 905 4649 1128 4723; x_wconf 82' lang='lat' dir='ltr'><strong>Seguer.</strong></span> <span class='ocrx_word' id='word_1_772' title='bbox 1173 4647 1363 4723; x_wconf 66' lang='lat' dir='ltr'><strong>Caeteri</strong></span> <span class='ocrx_word' id='word_1_773' title='bbox 1396 4662 1535 4723; x_wconf 70' lang='lat' dir='ltr'><strong>vero</strong></span> <span class='ocrx_word' id='word_1_774' title='bbox 1568 4656 1622 4702; x_wconf 89' lang='lat' dir='ltr'><strong>et</strong></span> <span class='ocrx_word' id='word_1_775' title='bbox 1652 4649 1776 4703; x_wconf 87' lang='lat' dir='ltr'><strong>editi</strong></span> 
     </span>
    </p>
   </div>
   <div class='ocr_carea' id='block_1_94' title="bbox 1882 4647 3450 4723">
    <p class='ocr_par' dir='ltr' id='par_1_94' title="bbox 1887 4647 3450 4723">
     <span class='ocr_line' id='line_1_94' title="bbox 1887 4647 3450 4723; baseline 0.001 -21"><span class='ocrx_word' id='word_1_776' title='bbox 1887 4651 1978 4723; x_wconf 67' lang='grc' dir='ltr'><strong>τόν</strong></span> <span class='ocrx_word' id='word_1_777' title='bbox 2014 4651 2201 4723; x_wconf 78' lang='grc' dir='ltr'>Ἰούδα.</span> <span class='ocrx_word' id='word_1_778' title='bbox 2235 4651 2446 4723; x_wconf 79' lang='grc' dir='ltr'>Ὥσπερ</span> <span class='ocrx_word' id='word_1_779' title='bbox 2475 4647 2604 4719; x_wconf 80' lang='grc' dir='ltr'>οὖν,</span> <span class='ocrx_word' id='word_1_780' title='bbox 2653 4661 2758 4706; x_wconf 89' lang='lat' dir='ltr'><strong>etc.</strong></span> <span class='ocrx_word' id='word_1_781' title='bbox 2808 4647 3013 4721; x_wconf 79' lang='lat' dir='ltr'><strong>Regius</strong></span> <span class='ocrx_word' id='word_1_782' title='bbox 3051 4649 3216 4702; x_wconf 88' lang='lat' dir='ltr'><strong>habet</strong></span> <span class='ocrx_word' id='word_1_783' title='bbox 3243 4664 3450 4718; x_wconf 79' lang='lat' dir='ltr'><strong>quoqut</strong></span> 
     </span>
    </p>
   </div>
   <div class='ocr_carea' id='block_1_95' title="bbox 205 4717 1783 4786">
    <p class='ocr_par' dir='ltr' id='par_1_95' title="bbox 205 4717 1783 4786">
     <span class='ocr_line' id='line_1_95' title="bbox 205 4717 1783 4786; baseline -0.005 -8"><span class='ocrx_word' id='word_1_784' title='bbox 205 4717 466 4778; x_wconf 78' lang='lat' dir='ltr'><strong>omittunt</strong></span> <span class='ocrx_word' id='word_1_785' title='bbox 497 4722 634 4773; x_wconf 75' lang='grc' dir='ltr'>ἐστι.</span> <span class='ocrx_word' id='word_1_786' title='bbox 663 4717 789 4775; x_wconf 76' lang='lat' dir='ltr'><strong>Mox</strong></span> <span class='ocrx_word' id='word_1_787' title='bbox 823 4722 938 4774; x_wconf 70' lang='lat' dir='ltr'><strong>haec</strong></span> <span class='ocrx_word' id='word_1_788' title='bbox 969 4717 1152 4786; x_wconf 76' lang='lat' dir='ltr'><strong>verba,</strong></span> <span class='ocrx_word' id='word_1_789' title='bbox 1180 4721 1291 4782; x_wconf 83' lang='grc' dir='ltr'>τοῖς</span> <span class='ocrx_word' id='word_1_790' title='bbox 1318 4717 1656 4781; x_wconf 82' lang='grc' dir='ltr'>ἀποστόλοις,</span> <span class='ocrx_word' id='word_1_791' title='bbox 1684 4736 1783 4771; x_wconf 82' lang='grc' dir='ltr'>πο-</span> 
     </span>
    </p>
   </div>
   <div class='ocr_carea' id='block_1_96' title="bbox 272 4787 1782 4858">
    <p class='ocr_par' dir='ltr' id='par_1_96' title="bbox 272 4787 1782 4858">
     <span class='ocr_line' id='line_1_96' title="bbox 272 4787 1782 4858; baseline -0.002 -14"><span class='ocrx_word' id='word_1_792' title='bbox 272 4791 514 4852; x_wconf 77' lang='grc' dir='ltr'>υθέντες,</span> <span class='ocrx_word' id='word_1_793' title='bbox 540 4791 807 4843; x_wconf 89' lang='lat' dir='ltr'><strong>habentur</strong></span> <span class='ocrx_word' id='word_1_794' title='bbox 845 4791 898 4844; x_wconf 91' lang='lat' dir='ltr'><strong>in</strong></span> <span class='ocrx_word' id='word_1_795' title='bbox 948 4789 1139 4857; x_wconf 86' lang='lat' dir='ltr'><strong>Regio,</strong></span> <span class='ocrx_word' id='word_1_796' title='bbox 1173 4787 1398 4858; x_wconf 86' lang='lat' dir='ltr'><strong>Seguer.</strong></span> <span class='ocrx_word' id='word_1_797' title='bbox 1432 4788 1643 4857; x_wconf 84' lang='lat' dir='ltr'><strong>Anglic.</strong></span> <span class='ocrx_word' id='word_1_798' title='bbox 1669 4787 1782 4843; x_wconf 83' lang='lat' dir='ltr'><strong>Go-</strong></span> 
     </span>
    </p>
   </div>
   <div class='ocr_carea' id='block_1_97' title="bbox 246 4857 1779 4928">
    <p class='ocr_par' dir='ltr' id='par_1_97' title="bbox 246 4857 1779 4928">
     <span class='ocr_line' id='line_1_97' title="bbox 246 4857 1779 4928; baseline -0.004 -12"><span class='ocrx_word' id='word_1_799' title='bbox 246 4864 346 4916; x_wconf 87' lang='lat' dir='ltr'><strong>ler.</strong></span> <span class='ocrx_word' id='word_1_800' title='bbox 377 4869 432 4913; x_wconf 87' lang='lat' dir='ltr'><strong>et</strong></span> <span class='ocrx_word' id='word_1_801' title='bbox 465 4859 646 4914; x_wconf 79' lang='lat' dir='ltr'><strong>Felck.</strong></span> <span class='ocrx_word' id='word_1_802' title='bbox 681 4863 879 4928; x_wconf 86' lang='lat' dir='ltr'><strong>primo,</strong></span> <span class='ocrx_word' id='word_1_803' title='bbox 905 4872 962 4912; x_wconf 90' lang='lat' dir='ltr'><strong>et</strong></span> <span class='ocrx_word' id='word_1_804' title='bbox 994 4857 1429 4928; x_wconf 79' lang='lat' dir='ltr'><strong>legitNannius,_</strong></span> <span class='ocrx_word' id='word_1_805' title='bbox 1457 4859 1550 4912; x_wconf 90' lang='lat' dir='ltr'><strong>sed</strong></span> <span class='ocrx_word' id='word_1_806' title='bbox 1580 4859 1779 4912; x_wconf 89' lang='lat' dir='ltr'><strong>desunt</strong></span> 
     </span>
    </p>
   </div>
   <div class='ocr_carea' id='block_1_98' title="bbox 204 4925 1783 4998">
    <p class='ocr_par' dir='ltr' id='par_1_98' title="bbox 204 4925 1783 4998">
     <span class='ocr_line' id='line_1_98' title="bbox 204 4925 1783 4998; baseline -0.006 -9"><span class='ocrx_word' id='word_1_807' title='bbox 204 4935 264 4989; x_wconf 91' lang='lat' dir='ltr'><strong>in</strong></span> <span class='ocrx_word' id='word_1_808' title='bbox 307 4931 432 4984; x_wconf 88' lang='lat' dir='ltr'><strong>aliis</strong></span> <span class='ocrx_word' id='word_1_809' title='bbox 461 4939 517 4984; x_wconf 89' lang='grc' dir='ltr'><strong>ει</strong></span> <span class='ocrx_word' id='word_1_810' title='bbox 556 4925 737 4983; x_wconf 75' lang='lat' dir='ltr'><strong>editis.</strong></span> <span class='ocrx_word' id='word_1_811' title='bbox 788 4928 991 4983; x_wconf 83' lang='lat' dir='ltr'><strong>Ibidem</strong></span> <span class='ocrx_word' id='word_1_812' title='bbox 1054 4927 1256 4997; x_wconf 81' lang='lat' dir='ltr'><strong>Regius</strong></span> <span class='ocrx_word' id='word_1_813' title='bbox 1301 4938 1356 4983; x_wconf 88' lang='lat' dir='ltr'><strong>et</strong></span> <span class='ocrx_word' id='word_1_814' title='bbox 1398 4925 1657 4998; x_wconf 87' lang='lat' dir='ltr'><strong>Seguer.,</strong></span> <span class='ocrx_word' id='word_1_815' title='bbox 1703 4929 1783 4992; x_wconf 84' lang='grc' dir='ltr'>εἰς</span> 
     </span>
    </p>
   </div>
   <div class='ocr_carea' id='block_1_99' title="bbox 202 4998 1360 5071">
    <p class='ocr_par' dir='ltr' id='par_1_99' title="bbox 202 4998 1360 5071">
     <span class='ocr_line' id='line_1_99' title="bbox 202 4998 1360 5071; baseline -0.004 -13"><span class='ocrx_word' id='word_1_816' title='bbox 202 5003 378 5070; x_wconf 69' lang='grc' dir='ltr'>ὄνομα</span> <span class='ocrx_word' id='word_1_817' title='bbox 404 4999 617 5071; x_wconf 65' lang='grc' dir='ltr'>[[ατρδς</span> <span class='ocrx_word' id='word_1_818' title='bbox 641 4999 890 5071; x_wconf 41' lang='grc' dir='ltr'>καὶ-Υίοῦ</span> <span class='ocrx_word' id='word_1_819' title='bbox 923 4999 1018 5052; x_wconf 71' lang='grc' dir='ltr'><strong>καὶ</strong></span> <span class='ocrx_word' id='word_1_820' title='bbox 1053 4998 1229 5071; x_wconf 81' lang='grc' dir='ltr'>ἁγίου,</span> <span class='ocrx_word' id='word_1_821' title='bbox 1257 5006 1360 5053; x_wconf 67' lang='lat' dir='ltr'><strong>etc.</strong></span> 
     </span>
    </p>
   </div>
   <div class='ocr_carea' id='block_1_100' title="bbox 275 5066 1780 5140">
    <p class='ocr_par' dir='ltr' id='par_1_100' title="bbox 275 5066 1780 5140">
     <span class='ocr_line' id='line_1_100' title="bbox 275 5066 1780 5140; baseline -0.003 -16"><span class='ocrx_word' id='word_1_822' title='bbox 275 5066 394 5140; x_wconf 60' lang='lat'><strong>(15)</strong></span> <span class='ocrx_word' id='word_1_823' title='bbox 428 5066 630 5140; x_wconf 81' lang='lat' dir='ltr'><strong>Regius</strong></span> <span class='ocrx_word' id='word_1_824' title='bbox 651 5079 704 5140; x_wconf 59' lang='lat' dir='ltr'><strong>et</strong></span> <span class='ocrx_word' id='word_1_825' title='bbox 731 5069 981 5140; x_wconf 81' lang='lat' dir='ltr'><strong>Seguer.,</strong></span> <span class='ocrx_word' id='word_1_826' title='bbox 1003 5066 1327 5140; x_wconf 79' lang='grc' dir='ltr'>εἰρημένων,</span> <span class='ocrx_word' id='word_1_827' title='bbox 1359 5066 1628 5140; x_wconf 79' lang='lat' dir='ltr'><strong>iidemque</strong></span> <span class='ocrx_word' id='word_1_828' title='bbox 1657 5081 1780 5120; x_wconf 78' lang='lat' dir='ltr'><strong>mox</strong></span> 
     </span>
    </p>
   </div>
   <div class='ocr_carea' id='block_1_101' title="bbox 205 5137 1796 5208">
    <p class='ocr_par' dir='ltr' id='par_1_101' title="bbox 205 5137 1796 5208">
     <span class='ocr_line' id='line_1_101' title="bbox 205 5137 1796 5208; baseline -0.006 -11"><span class='ocrx_word' id='word_1_829' title='bbox 205 5152 263 5198; x_wconf 84' lang='lat' dir='ltr'><strong>et</strong></span> <span class='ocrx_word' id='word_1_830' title='bbox 288 5137 529 5195; x_wconf 24' lang='lat' dir='ltr'><strong>‘Gobler.</strong></span> <span class='ocrx_word' id='word_1_831' title='bbox 567 5155 632 5194; x_wconf 87' lang='lat' dir='ltr'><strong>ac</strong></span> <span class='ocrx_word' id='word_1_832' title='bbox 663 5139 846 5193; x_wconf 86' lang='lat' dir='ltr'><strong>Felck.</strong></span> <span class='ocrx_word' id='word_1_833' title='bbox 879 5137 1087 5208; x_wconf 85' lang='lat' dir='ltr'><strong>primus</strong></span> <span class='ocrx_word' id='word_1_834' title='bbox 1111 5137 1467 5208; x_wconf 48' lang='lat' dir='ltr'><strong>&#39;anonymus,</strong></span> <span class='ocrx_word' id='word_1_835' title='bbox 1497 5137 1744 5208; x_wconf 57' lang='grc' dir='ltr'>εἴποιμεν</span> <span class='ocrx_word' id='word_1_836' title='bbox 1764 5169 1796 5199; x_wconf 88' lang='grc'>,-</span> 
     </span>
    </p>
   </div>
   <div class='ocr_carea' id='block_1_102' title="bbox 207 5205 1783 5278">
    <p class='ocr_par' dir='ltr' id='par_1_102' title="bbox 207 5205 1783 5278">
     <span class='ocr_line' id='line_1_102' title="bbox 207 5205 1783 5278; baseline -0.006 -11"><span class='ocrx_word' id='word_1_837' title='bbox 207 5211 301 5266; x_wconf 79' lang='lat' dir='ltr'><strong>ubi</strong></span> <span class='ocrx_word' id='word_1_838' title='bbox 333 5212 424 5263; x_wconf 79' lang='lat' dir='ltr'><strong>alii</strong></span> <span class='ocrx_word' id='word_1_839' title='bbox 450 5218 506 5262; x_wconf 84' lang='lat' dir='ltr'><strong>et.</strong></span> <span class='ocrx_word' id='word_1_840' title='bbox 527 5210 680 5275; x_wconf 77' lang='lat' dir='ltr'><strong>editi,</strong></span> <span class='ocrx_word' id='word_1_841' title='bbox 711 5205 976 5278; x_wconf 78' lang='grc' dir='ltr'>εἴπωμεν.</span> <span class='ocrx_word' id='word_1_842' title='bbox 1009 5208 1208 5262; x_wconf 79' lang='lat' dir='ltr'><strong>Ibidem</strong></span> <span class='ocrx_word' id='word_1_843' title='bbox 1241 5205 1361 5276; x_wconf 82' lang='lat' dir='ltr'><strong>post</strong></span> <span class='ocrx_word' id='word_1_844' title='bbox 1386 5206 1647 5278; x_wconf 64' lang='grc' dir='ltr'>πατέρας.</span> <span class='ocrx_word' id='word_1_845' title='bbox 1679 5205 1783 5258; x_wconf 86' lang='lat' dir='ltr'><strong>Re-</strong></span> 
     </span>
    </p>
   </div>
   <div class='ocr_carea' id='block_1_103' title="bbox 244 5274 1784 5350">
    <p class='ocr_par' dir='ltr' id='par_1_103' title="bbox 244 5274 1784 5350">
     <span class='ocr_line' id='line_1_103' title="bbox 244 5274 1784 5350; baseline -0.003 -16"><span class='ocrx_word' id='word_1_846' title='bbox 244 5284 330 5334; x_wconf 84' lang='lat' dir='ltr'><strong>ius</strong></span> <span class='ocrx_word' id='word_1_847' title='bbox 360 5291 415 5335; x_wconf 89' lang='lat' dir='ltr'><strong>et</strong></span> <span class='ocrx_word' id='word_1_848' title='bbox 450 5274 676 5350; x_wconf 75' lang='lat' dir='ltr'><strong>Seguer.</strong></span> <span class='ocrx_word' id='word_1_849' title='bbox 712 5274 918 5350; x_wconf 82' lang='lat' dir='ltr'><strong>addunt</strong></span> <span class='ocrx_word' id='word_1_850' title='bbox 938 5277 1176 5350; x_wconf 1' lang='grc' dir='ltr'>(ἑαυτῶν.</span> <span class='ocrx_word' id='word_1_851' title='bbox 1219 5274 1422 5332; x_wconf 83' lang='lat' dir='ltr'><strong>Ibidem</strong></span> <span class='ocrx_word' id='word_1_852' title='bbox 1466 5274 1685 5331; x_wconf 74' lang='lat' dir='ltr'><strong>Gdbler.</strong></span> <span class='ocrx_word' id='word_1_853' title='bbox 1729 5285 1784 5330; x_wconf 89' lang='lat' dir='ltr'><strong>et</strong></span> 
     </span>
    </p>
   </div>
   <div class='ocr_carea' id='block_1_104' title="bbox 253 5347 1291 5418">
    <p class='ocr_par' dir='ltr' id='par_1_104' title="bbox 253 5347 1291 5418">
     <span class='ocr_line' id='line_1_104' title="bbox 253 5347 1291 5418; baseline -0.006 -12"><span class='ocrx_word' id='word_1_854' title='bbox 253 5351 393 5406; x_wconf 77' lang='lat' dir='ltr'><strong>elck.</strong></span> <span class='ocrx_word' id='word_1_855' title='bbox 423 5347 654 5418; x_wconf 78' lang='lat' dir='ltr'><strong>primus,</strong></span> <span class='ocrx_word' id='word_1_856' title='bbox 679 5350 779 5403; x_wconf 77' lang='grc' dir='ltr'><strong>οὐκ</strong></span> <span class='ocrx_word' id='word_1_857' title='bbox 800 5349 865 5403; x_wconf 80' lang='grc' dir='ltr'>ἂν</span> <span class='ocrx_word' id='word_1_858' title='bbox 884 5349 1034 5418; x_wconf 15' lang='grc' dir='ltr'>κείποι</span> <span class='ocrx_word' id='word_1_859' title='bbox 1067 5347 1291 5418; x_wconf 77' lang='grc' dir='ltr'>κτίσμα.</span> 
     </span>
    </p>
   </div>
   <div class='ocr_carea' id='block_1_105' title="bbox 279 5413 1782 5491">
    <p class='ocr_par' dir='ltr' id='par_1_105' title="bbox 279 5413 1782 5491">
     <span class='ocr_line' id='line_1_105' title="bbox 279 5413 1782 5491; baseline -0.005 -16"><span class='ocrx_word' id='word_1_860' title='bbox 279 5419 394 5491; x_wconf 67' lang='grc'>(46)</span> <span class='ocrx_word' id='word_1_861' title='bbox 425 5413 502 5473; x_wconf 89' lang='lat' dir='ltr'><strong>Ita</strong></span> <span class='ocrx_word' id='word_1_862' title='bbox 531 5418 754 5489; x_wconf 81' lang='lat' dir='ltr'><strong>Regius,</strong></span> <span class='ocrx_word' id='word_1_863' title='bbox 788 5429 848 5491; x_wconf 89' lang='lat' dir='ltr'><strong>e_t_</strong></span> <span class='ocrx_word' id='word_1_864' title='bbox 875 5417 1101 5488; x_wconf 87' lang='lat' dir='ltr'><strong>Seguer.</strong></span> <span class='ocrx_word' id='word_1_865' title='bbox 1133 5413 1351 5491; x_wconf 78' lang='lat' dir='ltr'><strong>Gobler.</strong></span> <span class='ocrx_word' id='word_1_866' title='bbox 1375 5425 1430 5471; x_wconf 86' lang='lat' dir='ltr'><strong>et</strong></span> <span class='ocrx_word' id='word_1_867' title='bbox 1458 5413 1782 5491; x_wconf 57' lang='lat' dir='ltr'><strong>elck.pri-</strong></span> 
     </span>
    </p>
   </div>
   <div class='ocr_carea' id='block_1_106' title="bbox 211 5483 1779 5557">
    <p class='ocr_par' dir='ltr' id='par_1_106' title="bbox 211 5483 1779 5557">
     <span class='ocr_line' id='line_1_106' title="bbox 211 5483 1779 5557; baseline -0.004 -12"><span class='ocrx_word' id='word_1_868' title='bbox 211 5483 334 5545; x_wconf 83' lang='lat' dir='ltr'><strong>mus</strong></span> <span class='ocrx_word' id='word_1_869' title='bbox 359 5483 385 5550; x_wconf 65' lang='grc'>,⁷</span> <span class='ocrx_word' id='word_1_870' title='bbox 427 5499 484 5544; x_wconf 83' lang='grc' dir='ltr'><strong>ιιι</strong></span> <span class='ocrx_word' id='word_1_871' title='bbox 527 5499 582 5543; x_wconf 89' lang='grc' dir='ltr'><strong>ει</strong></span> <span class='ocrx_word' id='word_1_872' title='bbox 614 5483 756 5557; x_wconf 73' lang='lat' dir='ltr'><strong>legit</strong></span> <span class='ocrx_word' id='word_1_873' title='bbox 804 5483 1088 5552; x_wconf 73' lang='lat' dir='ltr'><strong>Nannius;</strong></span> <span class='ocrx_word' id='word_1_874' title='bbox 1150 5497 1207 5541; x_wconf 91' lang='lat' dir='ltr'><strong>at</strong></span> <span class='ocrx_word' id='word_1_875' title='bbox 1235 5487 1324 5542; x_wconf 87' lang='lat' dir='ltr'><strong>alii</strong></span> <span class='ocrx_word' id='word_1_876' title='bbox 1356 5486 1603 5557; x_wconf 12' lang='lat' dir='ltr'><strong>e_tiediti,</strong></span> <span class='ocrx_word' id='word_1_877' title='bbox 1631 5483 1779 5538; x_wconf 77' lang='grc' dir='ltr'>Υἱόν.</span> 
     </span>
    </p>
   </div>
   <div class='ocr_carea' id='block_1_107' title="bbox 211 5555 1586 5628">
    <p class='ocr_par' dir='ltr' id='par_1_107' title="bbox 211 5555 1586 5628">
     <span class='ocr_line' id='line_1_107' title="bbox 211 5555 1586 5628; baseline -0.006 -12"><span class='ocrx_word' id='word_1_878' title='bbox 211 5561 332 5615; x_wconf 79' lang='lat' dir='ltr'><strong>Ilox</strong></span> <span class='ocrx_word' id='word_1_879' title='bbox 373 5559 574 5628; x_wconf 73' lang='lat' dir='ltr'><strong>Regius</strong></span> <span class='ocrx_word' id='word_1_880' title='bbox 603 5567 658 5612; x_wconf 86' lang='lat' dir='ltr'><strong>et</strong></span> <span class='ocrx_word' id='word_1_881' title='bbox 684 5555 937 5628; x_wconf 80' lang='lat' dir='ltr'><strong>Seguer.,</strong></span> <span class='ocrx_word' id='word_1_882' title='bbox 971 5559 1066 5611; x_wconf 71' lang='grc' dir='ltr'><strong>καὶ</strong></span> <span class='ocrx_word' id='word_1_883' title='bbox 1092 5557 1352 5628; x_wconf 84' lang='grc' dir='ltr'>Βεσελεὴλ</span> <span class='ocrx_word' id='word_1_884' title='bbox 1377 5555 1454 5628; x_wconf 79' lang='grc' dir='ltr'><strong>δέ,</strong></span> <span class='ocrx_word' id='word_1_885' title='bbox 1481 5565 1586 5628; x_wconf 70' lang='lat' dir='ltr'><strong>etc.</strong></span> 
     </span>
    </p>
   </div>
   <div class='ocr_carea' id='block_1_108' title="bbox 283 5623 1784 5700">
    <p class='ocr_par' dir='ltr' id='par_1_108' title="bbox 283 5623 1784 5700">
     <span class='ocr_line' id='line_1_108' title="bbox 283 5623 1784 5700; baseline -0.005 -15"><span class='ocrx_word' id='word_1_886' title='bbox 283 5631 400 5700; x_wconf 68' lang='grc' dir='ltr'>(ιη)</span> <span class='ocrx_word' id='word_1_887' title='bbox 444 5623 790 5700; x_wconf 47' lang='grc' dir='ltr'><strong>εὶερἰεείιιεξ</strong></span> <span class='ocrx_word' id='word_1_888' title='bbox 823 5623 1370 5700; x_wconf 50' lang='grc' dir='ltr'>δεειιειηειᾼιικιῖε.</span> <span class='ocrx_word' id='word_1_889' title='bbox 1402 5627 1477 5700; x_wconf 88' lang='lat' dir='ltr'><strong>_At</strong></span> <span class='ocrx_word' id='word_1_890' title='bbox 1503 5623 1737 5700; x_wconf 70' lang='lat' dir='ltr'><strong>pttobon</strong></span> <span class='ocrx_word' id='word_1_891' title='bbox 1769 5665 1784 5689; x_wconf 90' lang='lat'><strong>,</strong></span> 
     </span>
    </p>
   </div>
   <div class='ocr_carea' id='block_1_109' title="bbox 212 5696 1782 5772">
    <p class='ocr_par' dir='ltr' id='par_1_109' title="bbox 212 5696 1782 5772">
     <span class='ocr_line' id='line_1_109' title="bbox 212 5696 1782 5772; baseline -0.003 -21"><span class='ocrx_word' id='word_1_892' title='bbox 212 5696 387 5772; x_wconf 76' lang='grc' dir='ltr'>φύσει</span> <span class='ocrx_word' id='word_1_893' title='bbox 422 5699 512 5772; x_wconf 62' lang='grc' dir='ltr'><strong>τόν</strong></span> <span class='ocrx_word' id='word_1_894' title='bbox 548 5696 756 5772; x_wconf 42' lang='grc' dir='ltr'><strong>Ἰακὼβ.</strong></span> <span class='ocrx_word' id='word_1_895' title='bbox 787 5696 931 5772; x_wconf 66' lang='grc' dir='ltr'><strong>υἱόν.Δ</strong></span> <span class='ocrx_word' id='word_1_896' title='bbox 961 5696 1162 5772; x_wconf 52' lang='lat' dir='ltr'><strong>Cujteri</strong></span> <span class='ocrx_word' id='word_1_897' title='bbox 1201 5707 1256 5750; x_wconf 86' lang='lat' dir='ltr'><strong>et</strong></span> <span class='ocrx_word' id='word_1_898' title='bbox 1288 5697 1454 5772; x_wconf 63' lang='lat' dir='ltr'><strong>editio</strong></span> <span class='ocrx_word' id='word_1_899' title='bbox 1487 5696 1782 5772; x_wconf 29' lang='grc' dir='ltr'>βοειιηιιυιᾲ,</span> 
     </span>
    </p>
   </div>
   <div class='ocr_carea' id='block_1_110' title="bbox 214 5765 1782 5830">
    <p class='ocr_par' dir='ltr' id='par_1_110' title="bbox 214 5765 1782 5830">
     <span class='ocr_line' id='line_1_110' title="bbox 214 5765 1782 5830; baseline -0.006 -5"><span class='ocrx_word' id='word_1_900' title='bbox 214 5765 305 5825; x_wconf 69' lang='grc' dir='ltr'>καὶ</span> <span class='ocrx_word' id='word_1_901' title='bbox 330 5771 422 5822; x_wconf 82' lang='grc' dir='ltr'><strong>τὸν</strong></span> <span class='ocrx_word' id='word_1_902' title='bbox 459 5766 671 5823; x_wconf 74' lang='grc' dir='ltr'>Ἰακώϐ.</span> <span class='ocrx_word' id='word_1_903' title='bbox 707 5768 827 5822; x_wconf 82' lang='lat' dir='ltr'><strong>Mox</strong></span> <span class='ocrx_word' id='word_1_904' title='bbox 864 5769 994 5822; x_wconf 90' lang='lat' dir='ltr'><strong>ibid.</strong></span> <span class='ocrx_word' id='word_1_905' title='bbox 1021 5766 1238 5822; x_wconf 85' lang='lat' dir='ltr'><strong>Gobler.</strong></span> <span class='ocrx_word' id='word_1_906' title='bbox 1274 5776 1327 5821; x_wconf 91' lang='lat' dir='ltr'><strong>et</strong></span> <span class='ocrx_word' id='word_1_907' title='bbox 1363 5765 1540 5820; x_wconf 81' lang='lat' dir='ltr'><strong>Felek.</strong></span> <span class='ocrx_word' id='word_1_908' title='bbox 1571 5765 1592 5817; x_wconf 83' lang='grc'><strong>1</strong></span> <span class='ocrx_word' id='word_1_909' title='bbox 1621 5808 1634 5830; x_wconf 83' lang='grc'><strong>,</strong></span> <span class='ocrx_word' id='word_1_910' title='bbox 1669 5767 1696 5816; x_wconf 88' lang='lat'><strong>6</strong></span> <span class='ocrx_word' id='word_1_911' title='bbox 1727 5767 1782 5816; x_wconf 81' lang='grc' dir='ltr'><strong>δὲ</strong></span> 
     </span>
    </p>
   </div>
   <div class='ocr_carea' id='block_1_111' title="bbox 536 5858 1240 5923">
    <p class='ocr_par' dir='ltr' id='par_1_111' title="bbox 536 5858 1240 5923">
     <span class='ocr_line' id='line_1_111' title="bbox 536 5858 1240 5923; baseline -0.003 0"><span class='ocrx_word' id='word_1_912' title='bbox 536 5864 804 5923; x_wconf 77' lang='grc' dir='ltr'>ΡΑτιιυι.</span> <span class='ocrx_word' id='word_1_913' title='bbox 853 5859 970 5922; x_wconf 77' lang='lat' dir='ltr'><strong>Gn.</strong></span> <span class='ocrx_word' id='word_1_914' title='bbox 1008 5858 1240 5922; x_wconf 79' lang='lat' dir='ltr'><strong>XXVI.</strong></span> 
     </span>
    </p>
   </div>
   <div class='ocr_carea' id='block_1_112' title="bbox 1885 4721 2202 4774">
    <p class='ocr_par' dir='ltr' id='par_1_112' title="bbox 1885 4721 2202 4774">
     <span class='ocr_line' id='line_1_112' title="bbox 1885 4721 2202 4774; baseline 0.006 -2"><span class='ocrx_word' id='word_1_915' title='bbox 1885 4721 1977 4773; x_wconf 84' lang='lat' dir='ltr'>16v</span> <span class='ocrx_word' id='word_1_916' title='bbox 2016 4721 2202 4774; x_wconf 76' lang='grc' dir='ltr'>Ἰούδα.</span> 
     </span>
    </p>
   </div>
   <div class='ocr_carea' id='block_1_113' title="bbox 1959 4786 3433 4861">
    <p class='ocr_par' dir='ltr' id='par_1_113' title="bbox 1959 4786 3433 4861">
     <span class='ocr_line' id='line_1_113' title="bbox 1959 4786 3433 4861; baseline -0.001 -18"><span class='ocrx_word' id='word_1_917' title='bbox 1959 4790 2068 4860; x_wconf 66' lang='grc'>(48)</span> <span class='ocrx_word' id='word_1_918' title='bbox 2106 4791 2195 4861; x_wconf 84' lang='lat' dir='ltr'><strong>Sic</strong></span> <span class='ocrx_word' id='word_1_919' title='bbox 2226 4788 2446 4859; x_wconf 80' lang='lat' dir='ltr'><strong>Regius.</strong></span> <span class='ocrx_word' id='word_1_920' title='bbox 2473 4789 2684 4861; x_wconf 85' lang='lat' dir='ltr'><strong>Seguer</strong></span> <span class='ocrx_word' id='word_1_921' title='bbox 2725 4789 2944 4845; x_wconf 85' lang='lat' dir='ltr'><strong>Gobler.</strong></span> <span class='ocrx_word' id='word_1_922' title='bbox 2975 4786 3158 4861; x_wconf 69' lang='lat' dir='ltr'><strong>Feb-lt.</strong></span> <span class='ocrx_word' id='word_1_923' title='bbox 3190 4787 3242 4861; x_wconf 85' lang='lat' dir='ltr'><strong>_I_,</strong></span> <span class='ocrx_word' id='word_1_924' title='bbox 3272 4796 3325 4840; x_wconf 92' lang='lat' dir='ltr'><strong>et</strong></span> <span class='ocrx_word' id='word_1_925' title='bbox 3350 4788 3433 4861; x_wconf 79' lang='lat' dir='ltr'><strong>An</strong></span> 
     </span>
    </p>
   </div>
   <div class='ocr_carea' id='block_1_114' title="bbox 1885 4857 3448 4929">
    <p class='ocr_par' dir='ltr' id='par_1_114' title="bbox 1885 4857 3448 4929">
     <span class='ocr_line' id='line_1_114' title="bbox 1885 4857 3448 4929; baseline -0.001 -17"><span class='ocrx_word' id='word_1_926' title='bbox 1885 4857 2164 4929; x_wconf 40' lang='lat' dir='ltr'><strong>glic.,&#39;setl</strong></span> <span class='ocrx_word' id='word_1_927' title='bbox 2196 4875 2224 4912; x_wconf 87' lang='lat' dir='ltr'><strong>a</strong></span> <span class='ocrx_word' id='word_1_928' title='bbox 2271 4857 2448 4914; x_wconf 74' lang='lat' dir='ltr'><strong>tribus</strong></span> <span class='ocrx_word' id='word_1_929' title='bbox 2493 4857 2780 4929; x_wconf 64' lang='lat' dir='ltr'><strong>postremis</strong></span> <span class='ocrx_word' id='word_1_930' title='bbox 2823 4862 2980 4913; x_wconf 73' lang='lat' dir='ltr'><strong>abest</strong></span> <span class='ocrx_word' id='word_1_931' title='bbox 3011 4859 3148 4910; x_wconf 76' lang='grc' dir='ltr'>ἐστι.</span> <span class='ocrx_word' id='word_1_932' title='bbox 3183 4857 3378 4912; x_wconf 62' lang='lat' dir='ltr'><strong>(Sceleri</strong></span> <span class='ocrx_word' id='word_1_933' title='bbox 3407 4870 3448 4910; x_wconf 63' lang='grc' dir='ltr'><strong>ιιι</strong></span> 
     </span>
    </p>
   </div>
   <div class='ocr_carea' id='block_1_115' title="bbox 1884 4929 3226 5001">
    <p class='ocr_par' dir='ltr' id='par_1_115' title="bbox 1884 4929 3226 5001">
     <span class='ocr_line' id='line_1_115' title="bbox 1884 4929 3226 5001; baseline -0.003 -17"><span class='ocrx_word' id='word_1_934' title='bbox 1884 4931 2038 5001; x_wconf 77' lang='lat' dir='ltr'><strong>editi,</strong></span> <span class='ocrx_word' id='word_1_935' title='bbox 2071 4930 2230 5001; x_wconf 58' lang='lat' dir='ltr'><strong>rm,</strong></span> <span class='ocrx_word' id='word_1_936' title='bbox 2250 4929 2522 5001; x_wconf 79' lang='grc' dir='ltr'>τουτέστιν</span> <span class='ocrx_word' id='word_1_937' title='bbox 2554 4929 2856 5001; x_wconf 62' lang='grc' dir='ltr'><strong>ὁμοούσιονξ</strong></span> <span class='ocrx_word' id='word_1_938' title='bbox 2981 4995 3021 5001; x_wconf 97' lang='lat'><em>_</em></span> <span class='ocrx_word' id='word_1_939' title='bbox 3060 4996 3071 5001; x_wconf 82' lang='lat'><em>_</em></span> <span class='ocrx_word' id='word_1_940' title='bbox 3108 4997 3122 5001; x_wconf 96' lang='lat'><em>_</em></span> <span class='ocrx_word' id='word_1_941' title='bbox 3186 4965 3226 5001; x_wconf 28' lang='grc' dir='ltr'>ζ,</span> 
     </span>
    </p>
   </div>
   <div class='ocr_carea' id='block_1_116' title="bbox 1957 4995 3446 5069">
    <p class='ocr_par' dir='ltr' id='par_1_116' title="bbox 1957 4995 3446 5069">
     <span class='ocr_line' id='line_1_116' title="bbox 1957 4995 3446 5069; baseline -0.003 -15"><span class='ocrx_word' id='word_1_942' title='bbox 1957 5000 2070 5069; x_wconf 68' lang='lat'><strong>(49)</strong></span> <span class='ocrx_word' id='word_1_943' title='bbox 2100 4999 2176 5053; x_wconf 88' lang='lat' dir='ltr'><strong>Ita</strong></span> <span class='ocrx_word' id='word_1_944' title='bbox 2203 4999 2424 5068; x_wconf 79' lang='lat' dir='ltr'><strong>Regius,</strong></span> <span class='ocrx_word' id='word_1_945' title='bbox 2461 4995 2689 5069; x_wconf 78' lang='lat' dir='ltr'><strong>Segtier.</strong></span> <span class='ocrx_word' id='word_1_946' title='bbox 2722 4998 2939 5053; x_wconf 85' lang='lat' dir='ltr'><strong>Gohler.</strong></span> <span class='ocrx_word' id='word_1_947' title='bbox 2959 4995 3225 5069; x_wconf 21' lang='lat' dir='ltr'><strong>kFelckJI</strong></span> <span class='ocrx_word' id='word_1_948' title='bbox 3270 5003 3326 5069; x_wconf 80' lang='lat' dir='ltr'><strong>et</strong></span> <span class='ocrx_word' id='word_1_949' title='bbox 3349 4995 3446 5069; x_wconf 53' lang='grc' dir='ltr'>,Οιο</span> 
     </span>
    </p>
   </div>
   <div class='ocr_carea' id='block_1_117' title="bbox 1885 5065 3447 5137">
    <p class='ocr_par' dir='ltr' id='par_1_117' title="bbox 1885 5065 3447 5137">
     <span class='ocr_line' id='line_1_117' title="bbox 1885 5065 3447 5137; baseline -0.003 -15"><span class='ocrx_word' id='word_1_950' title='bbox 1885 5065 2075 5126; x_wconf 72' lang='grc' dir='ltr'>ιοῡοιι.</span> <span class='ocrx_word' id='word_1_951' title='bbox 2098 5065 2500 5124; x_wconf 44' lang='lat' dir='ltr'><strong>(lateri—autem</strong></span> <span class='ocrx_word' id='word_1_952' title='bbox 2532 5065 2656 5123; x_wconf 77' lang='lat' dir='ltr'><strong>cum</strong></span> <span class='ocrx_word' id='word_1_953' title='bbox 2689 5070 2925 5137; x_wconf 80' lang='lat' dir='ltr'><strong>editione</strong></span> <span class='ocrx_word' id='word_1_954' title='bbox 2946 5065 3236 5130; x_wconf 80' lang='lat' dir='ltr'><strong>Comtnel.,</strong></span> <span class='ocrx_word' id='word_1_955' title='bbox 3274 5065 3447 5137; x_wconf 76' lang='grc' dir='ltr'>δροσί-</span> 
     </span>
    </p>
   </div>
   <div class='ocr_carea' id='block_1_118' title="bbox 1889 5135 3450 5262">
    <p class='ocr_par' dir='ltr' id='par_1_118' title="bbox 1889 5135 3450 5262">
     <span class='ocr_line' id='line_1_118' title="bbox 1889 5135 3450 5262; baseline -0.003 -70"><span class='ocrx_word' id='word_1_956' title='bbox 1889 5156 2079 5262; x_wconf 55' lang='grc' dir='ltr'>σὶιδντα.</span> <span class='ocrx_word' id='word_1_957' title='bbox 2114 5138 2251 5193; x_wconf 90' lang='lat' dir='ltr'><strong>Ibid.</strong></span> <span class='ocrx_word' id='word_1_958' title='bbox 2287 5137 2488 5210; x_wconf 83' lang='lat' dir='ltr'><strong>Regius</strong></span> <span class='ocrx_word' id='word_1_959' title='bbox 2511 5149 2566 5194; x_wconf 91' lang='lat' dir='ltr'><strong>et</strong></span> <span class='ocrx_word' id='word_1_960' title='bbox 2599 5139 2846 5208; x_wconf 89' lang='lat' dir='ltr'><strong>Seguer.,</strong></span> <span class='ocrx_word' id='word_1_961' title='bbox 2877 5135 3005 5190; x_wconf 77' lang='grc' dir='ltr'>εἶδε.</span> <span class='ocrx_word' id='word_1_962' title='bbox 3048 5137 3156 5192; x_wconf 78' lang='lat' dir='ltr'><strong>Alii</strong></span> <span class='ocrx_word' id='word_1_963' title='bbox 3198 5147 3253 5192; x_wconf 90' lang='lat' dir='ltr'><strong>et</strong></span> <span class='ocrx_word' id='word_1_964' title='bbox 3291 5135 3450 5190; x_wconf 78' lang='lat' dir='ltr'><strong>editi.</strong></span> 
     </span>
     <span class='ocr_line' id='line_1_119' title="bbox 1889 5226 2014 5262; baseline 0 0"><span class='ocrx_word' id='word_1_965' title='bbox 1889 5226 1917 5262; x_wconf 92' lang='lat'><strong>0</strong></span> <span class='ocrx_word' id='word_1_966' title='bbox 1969 5226 2014 5262; x_wconf 85' lang='grc' dir='ltr'><strong>ε.</strong></span> 
     </span>
    </p>
   </div>
   <div class='ocr_carea' id='block_1_119' title="bbox 1887 5221 3446 5348">
    <p class='ocr_par' dir='ltr' id='par_1_119' title="bbox 1887 5221 3446 5348">
     <span class='ocr_line' id='line_1_120' title="bbox 1887 5221 3446 5348; baseline -0.001 -18"><span class='ocrx_word' id='word_1_967' title='bbox 1887 5221 2071 5348; x_wconf 47' lang='lat' dir='ltr'><strong>amati)</strong></span> <span class='ocrx_word' id='word_1_968' title='bbox 2103 5278 2282 5334; x_wconf 80' lang='lat' dir='ltr'><strong>Felck.</strong></span> <span class='ocrx_word' id='word_1_969' title='bbox 2308 5279 2344 5332; x_wconf 76' lang='lat'><strong>2</strong></span> <span class='ocrx_word' id='word_1_970' title='bbox 2373 5286 2426 5333; x_wconf 86' lang='lat' dir='ltr'><strong>et</strong></span> <span class='ocrx_word' id='word_1_971' title='bbox 2457 5278 2622 5342; x_wconf 86' lang='lat' dir='ltr'><strong>editi,</strong></span> <span class='ocrx_word' id='word_1_972' title='bbox 2656 5276 2756 5330; x_wconf 81' lang='grc' dir='ltr'><strong>οὐκ</strong></span> <span class='ocrx_word' id='word_1_973' title='bbox 2785 5276 2898 5330; x_wconf 76' lang='grc' dir='ltr'>ἐστι</span> <span class='ocrx_word' id='word_1_974' title='bbox 2934 5276 3067 5347; x_wconf 81' lang='grc' dir='ltr'>μέν,</span> <span class='ocrx_word' id='word_1_975' title='bbox 3102 5287 3156 5331; x_wconf 84' lang='grc' dir='ltr'><strong>ει</strong></span> <span class='ocrx_word' id='word_1_976' title='bbox 3186 5290 3334 5340; x_wconf 82' lang='lat' dir='ltr'><strong>mox,</strong></span> <span class='ocrx_word' id='word_1_977' title='bbox 3367 5273 3446 5344; x_wconf 75' lang='grc' dir='ltr'>γέ-</span> 
     </span>
    </p>
   </div>
   <div class='ocr_carea' id='block_1_120' title="bbox 1887 5348 2616 5419">
    <p class='ocr_par' dir='ltr' id='par_1_120' title="bbox 1887 5348 2616 5419">
     <span class='ocr_line' id='line_1_121' title="bbox 1887 5348 2616 5419; baseline 0 -19"><span class='ocrx_word' id='word_1_978' title='bbox 1887 5365 2012 5417; x_wconf 90' lang='grc' dir='ltr'>γονε</span> <span class='ocrx_word' id='word_1_979' title='bbox 2043 5349 2142 5419; x_wconf 81' lang='grc' dir='ltr'><strong>μὲν</strong></span> <span class='ocrx_word' id='word_1_980' title='bbox 2169 5352 2345 5402; x_wconf 85' lang='grc' dir='ltr'>πάντα</span> <span class='ocrx_word' id='word_1_981' title='bbox 2365 5348 2434 5402; x_wconf 78' lang='grc' dir='ltr'>τὰ</span> <span class='ocrx_word' id='word_1_982' title='bbox 2459 5349 2616 5419; x_wconf 75' lang='grc' dir='ltr'>ἔργα.</span> 
     </span>
    </p>
   </div>
   <div class='ocr_carea' id='block_1_121' title="bbox 1962 5415 3350 5488">
    <p class='ocr_par' dir='ltr' id='par_1_121' title="bbox 1962 5415 3350 5488">
     <span class='ocr_line' id='line_1_122' title="bbox 1962 5415 3350 5488; baseline -0.003 -16"><span class='ocrx_word' id='word_1_983' title='bbox 1962 5415 2072 5488; x_wconf 65' lang='grc'>(51⁷)</span> <span class='ocrx_word' id='word_1_984' title='bbox 2107 5419 2289 5474; x_wconf 82' lang='lat' dir='ltr'><strong>Felck.</strong></span> <span class='ocrx_word' id='word_1_985' title='bbox 2316 5420 2354 5488; x_wconf 71' lang='grc'>2</span> <span class='ocrx_word' id='word_1_986' title='bbox 2379 5429 2434 5471; x_wconf 89' lang='grc' dir='ltr'><strong>ει</strong></span> <span class='ocrx_word' id='word_1_987' title='bbox 2465 5415 2634 5488; x_wconf 82' lang='lat' dir='ltr'><strong>editio</strong></span> <span class='ocrx_word' id='word_1_988' title='bbox 2659 5415 3189 5488; x_wconf 55' lang='lat' dir='ltr'><strong>C031mgl.,&quot;031tap</strong></span> <span class='ocrx_word' id='word_1_989' title='bbox 3223 5415 3350 5485; x_wconf 80' lang='grc' dir='ltr'>γάρ.</span> 
     </span>
    </p>
   </div>
   <div class='ocr_carea' id='block_1_122' title="bbox 1963 5427 3450 5558">
    <p class='ocr_par' dir='ltr' id='par_1_122' title="bbox 1963 5427 3450 5558">
     <span class='ocr_line' id='line_1_123' title="bbox 1963 5427 3350 5488; baseline -0.003 -16"><span class='ocrx_word' id='word_1_990' title='bbox 1963 5427 2041 5488; x_wconf 80' lang='grc'><strong>(51</strong></span> <span class='ocrx_word' id='word_1_991' title='bbox 2107 5427 2289 5474; x_wconf 75' lang='lat' dir='ltr'><strong>Felck.</strong></span> <span class='ocrx_word' id='word_1_992' title='bbox 2316 5427 2352 5471; x_wconf 71' lang='grc'>2</span> <span class='ocrx_word' id='word_1_993' title='bbox 2379 5429 2434 5471; x_wconf 90' lang='grc' dir='ltr'><strong>ει</strong></span> <span class='ocrx_word' id='word_1_994' title='bbox 2465 5427 2634 5470; x_wconf 83' lang='lat' dir='ltr'><strong>editio</strong></span> <span class='ocrx_word' id='word_1_995' title='bbox 2659 5427 2945 5478; x_wconf 73' lang='lat' dir='ltr'><strong>uommet.,</strong></span> <span class='ocrx_word' id='word_1_996' title='bbox 2979 5427 3189 5487; x_wconf 67' lang='grc' dir='ltr'>Ὥσπερ</span> <span class='ocrx_word' id='word_1_997' title='bbox 3223 5431 3350 5485; x_wconf 88' lang='grc' dir='ltr'>γαρ.</span> 
     </span>
     <span class='ocr_line' id='line_1_124' title="bbox 1963 5427 3450 5558; baseline -0.003 -17"><span class='ocrx_word' id='word_1_998' title='bbox 1963 5427 2076 5558; x_wconf 73' lang='lat'><strong>(52)</strong></span> <span class='ocrx_word' id='word_1_999' title='bbox 2113 5489 2286 5543; x_wconf 80' lang='lat' dir='ltr'><strong>Editio</strong></span> <span class='ocrx_word' id='word_1_1000' title='bbox 2328 5487 2592 5558; x_wconf 80' lang='lat' dir='ltr'><strong>Connnel.</strong></span> <span class='ocrx_word' id='word_1_1001' title='bbox 2635 5495 2688 5558; x_wconf 82' lang='lat' dir='ltr'><strong>et</strong></span> <span class='ocrx_word' id='word_1_1002' title='bbox 2723 5485 2907 5540; x_wconf 81' lang='lat' dir='ltr'><strong>Felck.</strong></span> <span class='ocrx_word' id='word_1_1003' title='bbox 2941 5487 2978 5540; x_wconf 71' lang='grc'><strong>2</strong></span> <span class='ocrx_word' id='word_1_1004' title='bbox 3032 5487 3123 5540; x_wconf 83' lang='grc' dir='ltr'><strong>καί</strong></span> <span class='ocrx_word' id='word_1_1005' title='bbox 3181 5488 3450 5542; x_wconf 83' lang='lat' dir='ltr'><strong>omittunt.</strong></span> 
     </span>
    </p>
   </div>
   <div class='ocr_carea' id='block_1_123' title="bbox 1891 5555 2842 5627">
    <p class='ocr_par' dir='ltr' id='par_1_123' title="bbox 1891 5555 2842 5627">
     <span class='ocr_line' id='line_1_125' title="bbox 1891 5555 2842 5627; baseline 0.001 -17"><span class='ocrx_word' id='word_1_1006' title='bbox 1891 5556 2012 5612; x_wconf 79' lang='lat' dir='ltr'><strong>Mox</strong></span> <span class='ocrx_word' id='word_1_1007' title='bbox 2041 5555 2290 5627; x_wconf 80' lang='lat' dir='ltr'><strong>Seguer.,</strong></span> <span class='ocrx_word' id='word_1_1008' title='bbox 2313 5557 2400 5610; x_wconf 83' lang='grc' dir='ltr'>ἵνα</span> <span class='ocrx_word' id='word_1_1009' title='bbox 2426 5555 2842 5627; x_wconf 78' lang='grc' dir='ltr'>εὐπρόσδεκτος.</span> 
     </span>
    </p>
   </div>
   <div class='ocr_carea' id='block_1_124' title="bbox 1920 5599 3451 5752">
    <p class='ocr_par' dir='ltr' id='par_1_124' title="bbox 1920 5599 3451 5752">
     <span class='ocr_line' id='line_1_126' title="bbox 1920 5599 3451 5750; baseline -0.006 -68"><span class='ocrx_word' id='word_1_1010' title='bbox 1920 5599 2893 5750; x_wconf 54' lang='grc' dir='ltr'><strong>’ἷέδῗιῖξἳίὲέίέἑέιὶῖἷιῗὖῖἱὲίῐῗἐι</strong></span> <span class='ocrx_word' id='word_1_1011' title='bbox 2917 5626 3130 5696; x_wconf 80' lang='lat' dir='ltr'><strong>Anglic.</strong></span> <span class='ocrx_word' id='word_1_1012' title='bbox 3179 5625 3247 5678; x_wconf 80' lang='lat' dir='ltr'><strong>At</strong></span> <span class='ocrx_word' id='word_1_1013' title='bbox 3288 5623 3378 5680; x_wconf 79' lang='lat' dir='ltr'><strong>alii</strong></span> <span class='ocrx_word' id='word_1_1014' title='bbox 3408 5635 3451 5677; x_wconf 79' lang='lat' dir='ltr'><strong>et</strong></span> 
     </span>
     <span class='ocr_line' id='line_1_127' title="bbox 1920 5695 2723 5752; baseline -0.004 0"><span class='ocrx_word' id='word_1_1015' title='bbox 1920 5699 2015 5752; x_wconf 85' lang='lat' dir='ltr'><strong>diti</strong></span> <span class='ocrx_word' id='word_1_1016' title='bbox 2048 5699 2305 5752; x_wconf 88' lang='lat' dir='ltr'><strong>omittunt</strong></span> <span class='ocrx_word' id='word_1_1017' title='bbox 2333 5697 2425 5750; x_wconf 69' lang='grc' dir='ltr'><strong>καὶ</strong></span> <span class='ocrx_word' id='word_1_1018' title='bbox 2481 5695 2723 5750; x_wconf 78' lang='grc' dir='ltr'>είκνυται</span> 
     </span>
    </p>
   </div>
   <div class='ocr_carea' id='block_1_125' title="bbox 1887 5713 2723 5754">
    <p class='ocr_par' dir='ltr' id='par_1_125' title="bbox 1887 5713 2723 5754">
     <span class='ocr_line' id='line_1_128' title="bbox 1887 5713 2723 5754; baseline -0.006 0"><span class='ocrx_word' id='word_1_1019' title='bbox 1887 5713 2015 5754; x_wconf 76' lang='lat' dir='ltr'><strong>calli</strong></span> <span class='ocrx_word' id='word_1_1020' title='bbox 2048 5713 2305 5753; x_wconf 82' lang='lat' dir='ltr'><strong>omittunt</strong></span> <span class='ocrx_word' id='word_1_1021' title='bbox 2333 5713 2425 5750; x_wconf 83' lang='grc' dir='ltr'><strong>και</strong></span> <span class='ocrx_word' id='word_1_1022' title='bbox 2449 5713 2723 5750; x_wconf 82' lang='grc' dir='ltr'>οεικνυται</span> 
     </span>
    </p>
   </div>
   <div class='ocr_carea' id='block_1_126' title="bbox 3067 5851 3145 5912">
    <p class='ocr_par' dir='ltr' id='par_1_126' title="bbox 3067 5851 3145 5912">
     <span class='ocr_line' id='line_1_129' title="bbox 3067 5851 3145 5912; baseline -0.026 0"><span class='ocrx_word' id='word_1_1023' title='bbox 3067 5851 3145 5912; x_wconf 70' lang='grc' dir='ltr'><strong>ΞΟ</strong></span> 
     </span>
    </p>
   </div>
  </div>
