3822 6226
345 319 450 379 σεε)

943 318 997 372 S.
1038 314 1412 371 ATHANASH
1449 315 1598 370 OPP.
1641 313 1822 368 PARS
1861 311 2384 368 I.-—HISTORICA
2421 313 2511 366 ET
2554 311 2976 367 DOGMATICA.

3483 319 3592 362 b‘ZU

411 441 470 496 π.
505 440 703 496 Verum
730 455 852 495 cum
883 441 1116 494 maxime
1151 441 1235 493 his
1277 439 1694 494 Proverbiorum
1732 437 1909 491 verbis

2083 440 2134 491 7.
2178 438 2316 490 Ἀλλ’
2349 437 2534 507 ἐπειδὴ
2576 433 3005 505 προφασίζονται
3040 431 3102 484 τὸ
3137 432 3195 483 ὲν
3227 431 3347 492 ταῖς
3395 428 3592 498 Παροιο

348 533 446 590 niti
492 531 794 597 videantur,
828 549 848 582 ι
902 530 1165 585 Dominus
1195 531 1400 584 creavit
1432 545 1518 582 me
1550 530 1764 582 initium
1801 529 1917 582 via-

349 645 469 683 rum
487 627 774 683 suarumin
795 641 959 696 opera
981 641 1078 680 sua
1098 628 1163 690 ⁸⁸,
1189 644 1207 676 ι
1243 634 1405 693 atque
1429 623 1498 678 ad
1522 623 1665 677 hunc
1694 622 1915 676 modum

347 721 676 776 concludam
701 738 716 762 -
741 717 878 773 Ecce
913 718 1075 786 igitur
1105 717 1328 780 creavit,
1365 732 1428 770 ac
1461 715 1687 785 proinde
1719 729 1805 768 res
1837 721 1918 767 est

349 825 570 882 creata;
604 831 635 870 e
661 831 719 870 re
757 829 889 868 sane
924 812 1089 866 fuerit
1129 827 1196 867 ex
1246 811 1350 866 hoc
1392 811 1554 864 etiam
1585 811 1707 863 loco
1734 816 1920 862 osten-

349 909 477 962 dere
504 915 768 976 quantum
798 906 873 959 illi
902 905 1321 964 hallucinentur.
1370 911 1424 956 et
1461 916 1491 954 a
1521 915 1686 970 scopo
1723 900 1920 954 divinae

353 997 648 1067 Scriptura:
693 997 963 1050 aberrent.
1019 994 1315 1048 Enimvero
1368 992 1413 1047 si
1462 991 1632 1045 Filius
1679 999 1782 1048 est.
1830 1003 1920 1043 res

350 1098 531 1142 creata
556 1103 625 1141 ne
657 1087 906 1141 dicatur:
935 1085 1028 1140 sed
1059 1088 1104 1139 si
1138 1100 1225 1139 res
1255 1092 1338 1138 est
1360 1092 1564 1148 creata,
1607 1081 1777 1135 Filius
1811 1096 1919 1134 non

351 1179 667 1249 appelletur.
702 1177 947 1247 Namque
982 1193 1145 1246 supra
1177 1175 1462 1245 probatum
1504 1185 1604 1239 est,
1656 1181 1920 1243 quantum

351 1281 497 1327 esset
523 1272 600 1325 rei
632 1280 825 1325 creata}
847 1279 900 1323 et
925 1269 1020 1323 ﬁlii
1044 1269 1358 1323 discrimen.
1387 1267 1609 1330 Deinde,
1656 1281 1780 1320 cum
1814 1265 1921 1318 ini—

356 1362 509 1415 tiatio
543 1361 656 1416 sive
686 1360 990 1429 baptismus
1029 1375 1136 1413 non
1185 1360 1238 1412 in
1295 1360 1514 1413 nomine
1565 1357 1828 1412 creatoris
1870 1364 1924 1410 ει

355 1453 434 1508 rei
458 1462 672 1518 creatae,
703 1452 795 1507 sed
827 1452 879 1505 in
916 1452 1136 1506 nomine
1163 1451 1341 1506 Patris
1369 1460 1424 1505 et
1463 1451 1583 1504 Filii
1621 1449 1918 1519 perﬁcitur,

355 1558 578 1598 necesse
611 1551 693 1596 est
721 1542 1012 1596 Dominum
1043 1558 1151 1595 non
1185 1557 1298 1596 rem
1325 1550 1562 1595 creatam
1596 1541 1690 1595 sed
1723 1539 1922 1594 Filium

355 1633 560 1685 vocari.
596 1631 683 1696 At,
718 1631 990 1701 inquiunt,
1024 1647 1093 1685 an
1139 1646 1245 1684 non
1282 1631 1334 1684 id
1379 1632 1640 1700 scriptum
1677 1631 1802 1684 est?
1846 1628 1923 1684 ita

355 1741 488 1779 sane
513 1725 773 1793 scriptum
808 1730 890 1778 est
917 1731 970 1776 et
996 1721 1306 1776 necessario
1347 1721 1548 1775 dictum
1581 1740 1592 1772 :
1629 1718 1720 1774 sed
1754 1719 1925 1772 haere-

2021 531 2169 600 μίαις
2203 529 2583 600 γεγραμμένον
2634 528 2714 591 τὸ,
2776 544 2797 577 ι
2832 525 3034 595 Κύριος
3064 521 3243 575 ἔκτισέ
3306 536 3372 590 με
3416 517 3595 588 ἀρχὴν

2017 623 2149 675 ὁδῶν
2183 621 2347 675 αὑτοῦ
2371 623 2450 684 εἰς
2478 621 2615 691 ἔργα
2662 619 2848 682 αὑτοῦ,
2885 638 2902 667 ι
2943 617 3034 670 καὶ
3085 614 3432 681 ἐπιλέγουσιν
3478 608 3595 680 (54)

2018 715 2257 776 ἑαυτοῖς·
2304 711 2430 766 Ἰδοὺ
2466 713 2666 778 ἔκτισε,
2704 711 2797 764 καὶ
2826 708 3032 779 κτίσμα
3066 706 3212 760 ἐστίν
3236 723 3249 735 ·
3296 703 3596 772 ἀναγκαῖόν

2019 807 2134 858 ἐστι
2175 805 2267 858 καὶ
2296 807 2360 857 ὲκ
2391 803 2580 856 τούτου
2613 802 2782 868 δεῖξαι
2815 802 2937 852 ὅσον
2969 797 3300 860 πλανῶνται,
3352 795 3427 864 μὴ
3459 793 3597 845 εἰδό-

2018 913 2108 958 τες
2139 895 2230 948 τὸν
2264 895 2463 947 σκοπὸν
2495 893 2592 964 τῆς
2625 892 2772 954 Θείας
2799 891 3042 961 Γραφῆς.
3077 888 3140 940 Εἰ
3191 884 3289 956 μὲν
3328 880 3422 936 οῦν
3465 881 3597 944 Υἱός

2021 987 2156 1051 ἐστι,
2188 986 2261 1056 μὴ
2294 983 2532 1053 λεγέσθω
2557 983 2791 1052 κτίσμα·
2818 984 2867 1033 εἰ
2898 980 2955 1033 δὲ
2982 979 3210 1047 κτίσμα,
3247 975 3322 1044 μὴ
3350 971 3598 1041 λεγέσθω

2021 1079 2168 1142 Υἱός.
2198 1078 2474 1130 Δέδεικται
2507 1075 2616 1146 γὰρ
2640 1077 2696 1127 ἐν
2732 1075 2842 1135 τοῖς
2869 1068 3172 1140 ἔμπροσθεν
3193 1107 3208 1131 ,
3235 1067 3332 1134 ὃση
3362 1060 3599 1134 διαφορά

2022 1175 2140 1225 ἐστι
2165 1170 2460 1240 κτίσματος
2494 1169 2588 1219 καὶ
2614 1164 2764 1218 Υίοῦ.
2798 1164 2908 1215 Καὶ
2929 1160 3113 1227 ἐπειδὴ
3139 1159 3173 1228 ἡ
3194 1156 3474 1217 τελείωσις
3497 1155 3599 1206 οὑκ

2023 1267 2102 1326 εἱς
2147 1263 2372 1332 κτίστην
2403 1260 2496 1314 καὶ
2528 1257 2732 1327 κτίσμα
2778 1254 2914 1327 (55),
2949 1252 3062 1305 ἀλλ’
3105 1253 3186 1313 εἰς
3232 1246 3455 1316 Πατέρα
3504 1244 3600 1296 καὶ

2023 1356 2151 1409 Υἱδν
2184 1355 2393 1424 κρατεῖ,
2433 1351 2646 1418 ἀνάγκη
2683 1347 2756 1418 μὴ
2788 1344 3040 1413 λέγεσθαι
3070 1342 3298 1410 κτίσμα,
3327 1337 3443 1390 ἀλλ’
3470 1333 3601 1386 Υἱδν

2021 1448 2112 1500 τὸν
2137 1445 2357 1515 Κύριον.
2383 1443 2456 1495 Οὐ
2483 1441 2785 1510 γέγραπται
2815 1433 2905 1488 οὖν
2927 1434 3108 1504 ;φησί.
3131 1432 3238 1486 Ναὶ
3265 1430 3598 1499 γέγραπται,

2024 1537 2118 1590 καὶ
2142 1534 2453 1602 ἀναγκαίως
2476 1531 2720 1601 εἴρηται·
2749 1525 2883 1580 ἀλλὰ
2912 1524 3095 1586 κακῶς
3120 1521 3298 1574 νοοῦσι
3328 1520 3387 1571 τὸ
3417 1515 3602 1578 καλῶς

2025 1627 2310 1700 εἰρημένον
2331 1625 2380 1677 οἱ
2408 1621 2694 1694 αἱρετικοί.
2723 1621 2786 1672 Et
2811 1619 2918 1689 γὰρ
2947 1616 3128 1668 ἐνόουν
3168 1613 3261 1664 καὶ
3299 1610 3602 1678 ἐγίνωσκον

2027 1719 2114 1772 τὸν
2144 1717 2465 1788 χαρακτῆρα
2491 1713 2585 1766 τοῦ
2606 1708 3056 1783 Χριστιανισμοῦ,
3073 1707 3173 1758 οὐκ
3198 1705 3261 1758 ἂν
3278 1704 3366 1756 τὸν
3392 1701 3602 1772 Κύριον

355 1816 450 1870 tici
477 1791 634 1884 quod
646 1814 782 1867 bene
804 1813 1005 1866 dictum
1030 1820 1132 1877 εει,
1152 1810 1293 1864 male
1321 1809 1566 1879 profecto
1590 1809 1919 1875 intelligunt.

2040 1815 2123 1882 τῆς
2153 1809 2310 1878 δόξης
2339 1807 2522 1873 ἔλεγον
2551 1804 2756 1873 κτίσμα
2793 1796 2952 1860 εἶναι,
2979 1799 3098 1865 οὐδὲ
3131 1796 3505 1868 προσέκοπτον
3527 1791 3604 1860 τῷ

357 1905 416 1962 ει
443 1907 588 1961 enim
622 1902 1024 1960 Christianismi
1055 1901 1284 1956 formam
1320 1911 1374 1954 et
1421 1900 1789 1955 characterem
1837 1898 1924 1952 in-

357 1996 658 2064 telligerent
709 1998 1190 2062 cognoscerentve,
1242 1988 1533 2042 Dominum
1584 1988 1767 2058 gloriae
1808 2001 1925 2041 rem

357 2092 596 2140 creatam
626 2098 746 2137 esse
786 2095 1128 2150 nequaquam
1161 2078 1422 2140 dicerent,
1459 2091 1635 2146 neque
1655 2075 1799 2144 quod
1835 2090 1924 2129 re-

356 2185 440 2233 cte
468 2176 727 2245 scriptum
755 2181 859 2239 est,
893 2172 1003 2226 illis
1043 2171 1216 2225 instar
1245 2169 1452 2238 scepuli
1475 2178 1638 2222 esset.
1665 2167 1731 2220 Hi
1765 2168 1929 2236 igitur

362 2286 385 2323 ς
415 2267 730 2324 nescierunt
755 2278 932 2333 neque
958 2260 1425 2324 intellexerunt",
1462 2278 1481 2311 ι
1509 2275 1670 2329 quam
1691 2260 1761 2313 ob
1788 2273 1924 2324 rem,

358 2362 442 2416 uti
489 2359 758 2429 scriptum
789 2365 891 2419 est,
930 2374 949 2406 ι
993 2355 1049 2408 in
1093 2353 1331 2408 tenebris
1361 2351 1729 2406 ambulant“.
1769 2369 1787 2402 ι
1824 2348 1930 2404 Ve-

355 2461 665 2507 rumtamen
701 2463 815 2503 rem
847 2446 1119 2516 explicare
1152 2459 1376 2499 necesse
1413 2456 1516 2508 est,
1569 2457 1696 2498 cum
1743 2451 1805 2495 ut
1849 2441 1929 2494 illi

356 2545 521 2600 etiam
552 2541 740 2596 hocin
789 2541 912 2594 loco
963 2538 1210 2606 desipere
1257 2536 1676 2597 convincantur,
1714 2543 1826 2587 tum
1862 2546 1930 2586 ne

357 2652 461 2692 nos
491 2636 594 2706 ipsi
627 2633 1009 2688 refutationem
1043 2630 1262 2683 illorum
1297 2627 1592 2696 impietatis
1625 2624 1928 2696 praetermi-

357 2730 498 2786 sisse
528 2729 831 2788 videamur,
863 2739 928 2778 ac
954 2722 1188 2792 denique
1228 2720 1462 2776 fortasse
1493 2727 1552 2773 ut
1605 2719 1765 2772 iidem
1823 2715 1928 2786 ipsi

357 2836 578 2893 quoque
623 2819 965 2888 resipiscant.
1012 2815 1067 2870 ls
1099 2824 1184 2869 est
1227 2815 1411 2883 itaque
1455 2811 1774 2866 Christianae
1808 2809 1930 2863 ﬁdei

357 2916 662 2977 character,
696 2909 894 2965 Filium
927 2907 1045 2974 Dei,
1069 2906 1162 2976 qui
1192 2905 1428 2959 Verbum
1466 2902 1610 2958 Deus
1635 2911 1717 2957 est
1740 2902 1758 2974 (
1781 2917 1929 2966 nam,

365 3025 385 3059 ι
444 3006 498 3060 in
547 3002 814 3074 principio
861 3007 979 3054 erat
1027 2997 1266 3052 Verbum
1320 3005 1375 3051 et
1427 2994 1571 3050 Deus
1622 3002 1738 3050 erat
1797 2994 1932 3048 Ver-

2027 1901 2390 1973 γεγραμμένῳ
2418 1896 2620 1958 καλῶς.
2651 1895 2875 1946 Ἐκεῖνοι
2913 1892 3008 1961 μὲν
3036 1885 3126 1942 οὖν
3159 1906 3176 1937 ι
3204 1887 3303 1938 οὐκ
3332 1885 3602 1952 ἔγνωσαν,

2025 1997 2145 2048 οὐδὲ
2179 1995 2443 2063 συνῆκαν·
2471 2010 2489 2041 ι
2514 1987 2600 2040 διὰ
2623 1985 2797 2050 τοῦτο,
2823 1985 2896 2047 ὡς
2923 1983 3253 2052 γέγραπται,
3290 1996 3308 2027 ι
3341 1979 3396 2030 ὲν
3424 1975 3606 2044 σκότῳ

2026 2085 2468 2157 διαπορεύονται·
2519 2100 2538 2133 ι
2583 2081 2728 2150 ἡμᾶς
2765 2078 2821 2130 δὲ
2878 2077 3027 2146 ὅμως
3069 2073 3363 2140 ἀναγκαῖον
3401 2069 3603 2127 εἰπεῖν,

2029 2181 2095 2232 ἵν’
2127 2180 2322 2231 ἐκεῖνοι
2354 2176 2449 2246 μὲν
2473 2173 2565 2227 καὶ
2599 2173 2654 2222 ὲν
2679 2169 2851 2239 τούτῳ
2868 2165 3148 2236 δειχθῶσιν
3167 2165 3419 2234 ἄφρονες,
3439 2160 3606 2238 ημεῖς

2027 2270 2083 2323 δὲ
2129 2268 2203 2339 μὴ
2253 2264 2644 2340 παραλίπωμεν
2679 2261 2772 2313 τὸν
2819 2258 2961 2312 κατά
3003 2257 3101 2325 τῆς
3139 2253 3392 2314 ἀσεϐείας
3421 2249 3605 2302 αὐτῶν

2029 2337 2268 2430 ἔλεγχον,
2329 2337 2456 2418 ίσως
2488 2353 2581 2432 καὶ
2627 2349 2778 2404 αὐτοὶ
2826 2345 3186 2418 μεταγνῶσιν.
3229 2343 3288 2394 '0
3317 2337 3607 2411 χαρακτὴρ

2029 2452 2204 2506 τοίνυν
2231 2450 2328 2519 τῆς
2356 2449 2412 2504 ὲν
2440 2430 2662 2516 Χριστῷ
2689 2438 2920 2502 πίστεώς
2955 2440 3098 2490 ἐστιν
3139 2430 3320 2497 οὗτος,
3349 2433 3442 2484 τὸν
3473 2431 3608 2482 Υίόν

2029 2543 2121 2596 τοῦ
2155 2539 2312 2605 Θεοῦ,
2343 2539 2512 2606 Λόγον
2541 2537 2669 2589 ὄντα
2698 2534 2828 2586 Θεόν
2883 2532 2941 2603 (ι
2995 2530 3081 2582 Ἐν
3115 2529 3255 2604 ἀρχῇ
3298 2524 3406 2594 γὰρ
3438 2525 3467 2575 6
3496 2522 3607 2575 A6-

2029 2653 2144 2704 γος,
2167 2635 2262 2688 καὶ
2294 2632 2425 2694 Θεὸς
2456 2627 2523 2701 ἦν
2550 2631 2578 2682 6
2603 2628 2771 2696 Λόγος
2809 2625 2866 2694 ι)
2892 2665 2906 2689 ,
2944 2622 3132 2691 σοφίαν
3157 2621 3282 2672 ὄντα
3324 2618 3418 2669 καὶ
3446 2615 3608 2704 δόναξ

2033 2703 2124 2796 μιν
2146 2723 2239 2776 τοῦ
2267 2721 2477 2792 Πατρός
2523 2717 2791 2789 (Χριστὸς
2817 2713 2924 2785 γὰρ
2946 2711 3078 2764 Θεοῦ
3099 2710 3320 2778 δύναμις
3349 2706 3444 2758 καὶ
3466 2703 3605 2755 Θεοῦ

2034 2817 2251 2886 σοφία),
2279 2816 2465 2868 τοῦτον
2499 2813 2591 2865 ἐπὶ
2618 2807 2895 2877 συντελείᾳ
2924 2805 3031 2858 τῶν
3071 2801 3280 2856 αἰώνων
3313 2797 3606 2867 ἄνθρωπον

2031 2907 2353 2980 γεγενῆσθαι
2388 2905 2498 2975 (56)
2538 2903 2624 2956 διὰ
2653 2901 2750 2970 τὴν
2785 2898 3056 2970 ἡμετέραν
3102 2890 3394 2962 σωτηρίαν,
3432 2886 3608 2948 Αὐτὸς

2032 2979 2140 3072 γὰρ
2171 3002 2200 3053 6
2241 2997 2512 3066 Ἰωάννης,
2547 2991 2803 3064 εἰρηκὼς,
2842 3009 2860 3040 ι
2885 2990 2972 3041 Ἐν
3010 2987 3150 3057 ἀρχῇ
3179 2979 3246 3054 ἦν
3278 2985 3306 3034 6
3333 2980 3538 3048 Λόγος,
3582 2995 3602 3029 ι

357 3099 488 3152 bum
505 3072 574 3161 δ’,
599 3094 644 3165 ι)
695 3092 789 3163 qui
818 3089 1078 3160 sapientia
1109 3096 1165 3144 et
1190 3087 1362 3142 virtus
1393 3085 1571 3141 Patris
1623 3095 1707 3142 est
1731 3084 1928 3156 (Chria

2040 3092 2155 3164 μετ’
2189 3090 2342 3157 ὀλίγα
2373 3085 2492 3140 εἷπε
2514 3104 2528 3117 ·
2564 3104 2582 3137 ι
2624 3084 2719 3138 καὶ
2747 3085 2774 3135 ὁ
2800 3081 2971 3148 Λόγος
3003 3078 3138 3148 σὰρξ
3168 3075 3416 3142 ἐγένετο·
3445 3091 3463 3122 ι
3491 3072 3609 3124 ἴσον

358 3195 479 3242 stus
515 3186 661 3240 enim
710 3182 804 3238 Dei
838 3183 1012 3236 virtus
1039 3188 1095 3235 ει
1131 3179 1227 3234 Dei
1275 3178 1540 3246 sapientia
1562 3176 1671 3247 ⁸ο),
1720 3176 1774 3230 in
1823 3176 1930 3230 ﬁne

358 3277 682 3334 saeculorum
717 3274 993 3328 hominem
1041 3279 1258 3341 propter
1286 3279 1528 3322 nostram
1563 3267 1792 3321 salutem
1847 3265 1930 3319 fa-

357 3381 506 3424 ctum
529 3382 672 3421 esse.
699 3363 936 3418 Joannes
984 3363 1127 3416 enim
1178 3361 1272 3429 qui
1319 3359 1474 3424 dixit,
1510 3375 1530 3408 ι
1572 3358 1632 3412 1η
1664 3356 1931 3425 principio

357 3468 476 3515 erat
508 3459 744 3513 Verbum
773 3473 787 3510 :
822 3475 840 3506 ι
878 3469 1008 3508 mox
1065 3451 1326 3521 subjecit,
1372 3467 1390 3501 ι
1420 3449 1488 3502 Ει
1518 3446 1754 3502 Verbum
1805 3462 1932 3502 caro

360 3558 564 3610 factum
590 3563 674 3609 est
693 3553 762 3617 ⁵⁸,
801 3569 820 3603 ι
860 3549 1007 3620 quod
1039 3547 1181 3602 idem
1215 3555 1300 3602 est
1335 3560 1399 3599 ac
1433 3545 1479 3598 si
1504 3543 1728 3609 diceret,
1767 3543 1931 3597 homo

359 3647 540 3702 factus
586 3657 687 3700 est.
726 3642 869 3709 Quin
913 3642 1075 3696 etiam
1127 3639 1243 3708 ipse
1297 3635 1562 3689 Dominus
1635 3635 1702 3688 de
1754 3634 1932 3702 seipse

359 3740 578 3794 aiebat:
616 3755 635 3789 ι
685 3734 828 3803 Quid
873 3749 961 3789 me
1008 3730 1252 3802 quaeritis
1288 3727 1612 3790 interﬁcere,
1653 3726 1930 3779 hominem

359 3831 454 3902 qui
481 3830 761 3884 veritatem
784 3827 940 3882 vobis
965 3825 1182 3878 locutus
1200 3837 1321 3876 sum
1344 3820 1424 3872 5’?
1444 3837 1460 3869 ι
1493 3816 1694 3871 Paulus
1715 3830 1840 3871 vero
1864 3815 1932 3870 ab

361 3921 554 3976 eodem
583 3920 777 3975 doctus
811 3917 1042 3973 scribit:
1075 3933 1094 3965 ι
1137 3911 1289 3968 Unus
1334 3911 1500 3976 Deus,
1547 3924 1687 3964 unus
1718 3917 1772 3962 et
1817 3922 1932 3961 me-

359 4017 540 4071 diator
568 4014 661 4069 Dei
693 4022 748 4068 et
778 4012 1081 4073 hominum,
1109 4009 1272 4062 homo
1301 4004 1553 4059 Christus
1592 4000 1751 4058 Jesus
1777 4001 1823 4034 ⁵³
1850 4021 1862 4057 :
1905 4022 1924 4055 ι

2035 3161 2112 3252 τῷ
2141 3182 2333 3243 εἰπεῖν,
2372 3176 2657 3248 ἄνθρωπος
2686 3172 2895 3240 γέγονε.
2925 3169 3034 3222 Καὶ
3063 3169 3091 3219 6
3121 3165 3217 3236 μὲν
3252 3163 3364 3233 (57)
3402 3161 3610 3232 Κύριος

2038 3273 2164 3345 περὶ
2197 3269 2385 3323 ἑαυτοῦ
2416 3268 2567 3334 ἔλεγε
2587 3283 2600 3296 ·
2635 3284 2653 3316 ι
2686 3264 2750 3316 Τί
2781 3279 2846 3332 με
2875 3260 3086 3331 ζητεῖτε
3120 3257 3434 3311 ἀποκτεῖναι
3462 3291 3476 3314 ,
3515 3252 3612 3305 ἀν-

2037 3343 2250 3434 Θρωπον
2274 3362 2332 3424 ὂς
2355 3360 2452 3430 τὴν
2482 3357 2736 3428 ἀλήθειαν
2769 3356 2896 3426 ὑμῖν
2921 3351 3226 3419 λελάληκα;
3263 3370 3281 3399 ι
3319 3349 3348 3398 ὀ
3377 3345 3435 3398 δὲ
3461 3343 3616 3434 Παῦ-

2035 3430 2145 3520 λος,
2179 3454 2308 3526 παρ’
2337 3452 2501 3506 αὑτοῦ
2532 3449 2738 3522 μαθὼν,
2764 3449 2948 3516 ἔλεγεν
2970 3463 2983 3478 ·
3026 3464 3044 3496 ι
3075 3441 3169 3506 Εἷς
3200 3441 3330 3503 Θεὸς
3359 3438 3492 3507 (58),
3525 3430 3610 3498 εἷς

2036 3549 2130 3602 καὶ
2159 3527 2381 3618 μεσίτης
2407 3543 2540 3596 Θεοῦ
2573 3543 2668 3596 καὶ
2689 3538 3010 3612 ἀνθρώπων,
3052 3535 3332 3605 ἄνθρωπος
3376 3527 3614 3599 Χριστὸς

2050 3639 2286 3708 Ἰησοῦς·
2326 3656 2344 3687 ι
2379 3636 2663 3706 ἄνθρωπος
2689 3633 2745 3686 δὲ
2790 3630 3080 3700 γενόμενος
3117 3625 3208 3679 καὶ
3247 3621 3613 3690 οἰκονομήσας

2036 3730 2105 3782 τὰ
2131 3727 2467 3799 ἀνθρώπινα,
2498 3725 2786 3798 τροπώσας
2810 3740 2869 3775 τε
2889 3722 2982 3774 καὶ
3003 3717 3356 3788 καταργήσας
3371 3712 3461 3765 τὸν
3485 3709 3611 3763 καθ’

2038 3821 2192 3890 ἡμῶν
2218 3819 2328 3888 (59)
2360 3817 2605 3880 θάνατον,
2632 3815 2865 3884 κάθηται
2887 3811 2980 3864 νῦν
2999 3812 3054 3862 ὲν
3083 3809 3234 3877 δεξιᾷ
3258 3805 3350 3857 τοῦ
3375 3800 3615 3872 Πατρὸς,

2039 3915 2096 3966 ὲν
2129 3911 2274 3982 αὐτῷ
2299 3910 2395 3975 ὣν,
2429 3909 2523 3962 καὶ
2560 3907 2652 3961 τοῦ
2684 3905 2896 3976 Πατρὸς
2932 3904 3081 3965 ὄντος
3116 3904 3172 3954 ὲν
3198 3896 3345 3967 αὐτῷ
3369 3938 3382 3962 ,
3423 3894 3616 3964 ὥσπερ

2036 4000 2102 4075 ἦν
2129 4005 2238 4069 ἀεὶ,
2276 4003 2368 4056 καὶ
2398 4001 2512 4054 ἐστι
2542 3998 2851 4059 διαπαντός.

363 4109 550 4173 homo,
576 4107 818 4174 inquam,
859 4102 1054 4163 factus,
1085 4099 1201 4168 qui,
1237 4098 1398 4153 rebus
1460 4096 1713 4151 humanis
1762 4096 1962 4165 optime
2001 4097 2406 4159 administratis,
2473 4102 2527 4146 et
2575 4101 2771 4157 morte,
2835 4089 2991 4158 cujus
3032 4085 3114 4140 rei
3157 4096 3397 4144 eramus,
3429 4077 3620 4146 fugata

361 4215 426 4255 ac
457 4198 750 4260 destructa,
775 4196 889 4264 jam
919 4192 986 4246 ad
1016 4191 1261 4245 dextram
1293 4186 1471 4242 Patris
1513 4184 1684 4252 sedet,
1714 4189 1770 4239 in
1808 4202 1916 4254 quo
1954 4195 2007 4242 et
2031 4188 2145 4256 ipse
2164 4195 2270 4252 est,
2299 4193 2351 4238 et
2373 4182 2534 4236 Pater
2563 4182 2615 4235 in
2639 4181 2757 4250 ipso
2787 4179 2945 4232 sicuti
2975 4176 3075 4229 fuit
3096 4183 3250 4230 etest
3275 4187 3503 4240 semper.

433 4294 488 4347 8.
532 4289 658 4345 Haec
695 4303 826 4359 ergo
864 4301 993 4341 vera
1029 4293 1113 4340 est
1145 4283 1472 4338 Christianae
1502 4279 1625 4334 ﬁdei
1649 4278 1826 4332 forma
1867 4294 1934 4333 ex

364 4383 628 4454 apostolis
671 4397 764 4452 per
814 4379 1002 4432 Patres
1041 4376 1304 4430 derivata.
1332 4372 1612 4453 .Caeterum
1657 4371 1752 4440 qui
1783 4369 1935 4426 Scri-

363 4487 538 4547 plura:
552 4471 771 4529 lectioni
799 4479 974 4532 vacat,
996 4467 1329 4537 perpendere
1355 4473 1409 4518 et
1429 4464 1738 4518 discernere
1757 4462 1934 4528 debet,

363 4564 712 4636 quandonam
765 4564 832 4619 de
873 4561 1157 4617 divinitate
1182 4557 1344 4611 Verbi
1391 4556 1666 4626 loquatur,
1718 4554 1935 4624 quando

437 4701 482 4732 “
509 4699 668 4754 Prov.
702 4713 820 4757 vni,
846 4696 938 4752 22.
1011 4697 1055 4726 ⁸⁷
1082 4693 1227 4749 Psal.
1257 4709 1442 4756 LxxXI,
1475 4691 1527 4746 5.
1604 4691 1650 4723 ’⁸⁸
1673 4688 1831 4745 Joan.
1862 4704 1961 4756 xu,
1986 4689 2076 4744 ‘55.

367 4795 412 4825 ⁵²
447 4791 602 4846 ιιοιιη⁴
636 4806 732 4854 vn,
765 4791 864 4852 l9;
903 4803 1018 4851 vui,
1055 4786 1144 4840 40.
1221 4786 1268 4818 ⁸³
1295 4784 1312 4838 l
1341 4784 1483 4838 Tim.
1518 4799 1556 4837 ιι
1605 4784 1654 4837 5.

2110 4280 2162 4334 8.
2211 4279 2269 4331 Ὀ
2299 4277 2396 4348 μὲν
2428 4275 2716 4347 χαρακτὴρ
2747 4268 2901 4333 οὗτος
2925 4272 2990 4322 ὲκ
3025 4268 3132 4321 τῶν
3169 4266 3479 4321 ἀποστόλων
3526 4265 3626 4321 διὰ

2041 4367 2148 4421 τῶν
2169 4368 2446 4438 Πατέρων·
2463 4366 2544 4418 δεῖ
2559 4366 2615 4418 δὲ
2645 4363 2850 4427 λοιπὸν,
2885 4360 3278 4430 ἐντυγχάνοντα
3305 4360 3371 4428 τῇ
3399 4357 3626 4428 Γραφῇ,

2040 4458 2353 4531 δοκιμάζειν
2367 4460 2460 4512 καὶ
2481 4457 2794 4527 διακρίνειν,
2818 4456 2946 4507 πότε
2973 4454 3069 4524 μὲν
3093 4449 3337 4524 περὶτῆς
3363 4448 3625 4516 θεότητος

2042 4551 2135 4605 τοῦ
2156 4553 2326 4620 Λόγου
2344 4551 2514 4619 λέγει,
2538 4550 2666 4602 πότε
2683 4549 2738 4601 δὲ
2768 4545 3024 4619 περὶτῶν
3053 4543 3405 4612 ἀνθρωπίνων
3425 4540 3624 4593 αὐτοῦ·

2175 4689 2220 4721 ⁸³
2245 4687 2404 4742 Joan.
2441 4703 2480 4744 ι.
2509 4686 2558 4740 1.
2669 4683 2907 4739 "lCor.
2943 4699 2983 4745 ι,
3013 4679 3104 4733 24.
3182 4681 3225 4711 δι
3251 4676 3409 4732 Joan.
3447 4693 3487 4739 ι,
3529 4677 3627 4731 14.

461 4927 552 4998 54)
586 4927 676 4981 Sic
711 4925 842 4996 Reg.
876 4924 1098 4998 Segne}.
1127 4921 1337 4998 Anglic.
1360 4921 1583 4998 Gobler.
1619 4928 1672 4972 et
1700 4917 1859 4998 Felc_._
1880 4917 1930 4969 1.
1967 4919 2010 4973 D
2041 4915 2094 4968 in
2121 4913 2334 4998 aliiset
2356 4875 2800 4998 editi‘shtabetur.
2849 4907 3052 4998 Ibidem
3084 4904 3406 4998 iidemDReg.
3434 4905 3632 4998 etISe:

366 4986 559 5052 Czeter'i
588 5011 716 5050 vero
747 4986 997 5050 etvediti'o
1024 4986 1287 5047 Commél.
1311 5033 1325 5056 ,
1357 4993 1476 5043 ἐπεὶ
1503 4991 1771 5058 λέγουσιν.
1813 4986 1935 5058 Mox

368 5067 503 5137 Reg.
533 5075 602 5137 et
644 5064 891 5137 S_eguer.,
942 5065 1147 5137 Emtae.
1188 5063 1294 5137 Alii
1341 5070 1394 5115 et
1437 5057 1604 5137 editio
1643 5057 1934 5137 Comniel.,

369 5129 612 5207 ἐκτίσθη.
665 5129 843 5189 Editio
879 5129 1290 5207 autemul‘aris.
1336 5141 1390 5184 et
1429 5131 1646 5207 ςυιοιιη
1691 5129 1934 5207 κτίστης.

369 5199 589 5329 l‘bid'em'
606 5218 729 5276 post
753 5205 1050 5272 ἀναγκαῖον
1081 5203 1282 5272 Regius
1334 5211 1388 5254 et
1431 5201 1651 5268 Seguer.
1683 5199 1942 5251 omittunt

404 5291 541 5329 στι.ι

404 5292 508 5329 στι.
530 5291 541 5320 ³

2039 5001 2215 5053 guer.,
2247 4982 2416 5043 Αὐτὸς
2442 4980 2548 5053 γάρ
2569 4982 2597 5032 ὁ
2634 4980 2888 5053 Ἰωάννης
2916 4977 3179 5053 εἰρηκως,
3213 4972 3574 5053 ζΕνέάρχῇᾖν
3600 4981 3631 5030 6

2041 5046 2234 5120 λόγος,
2270 5054 2385 5122 μετ’
2414 5046 2588 5122 ὀλίγα,
2615 5061 2717 5102 etc.
2755 5046 3348 5122 Gobler.‘_et_Felck.__i,
3369 5046 3630 5122 Ἰωάγνης

2040 5114 2149 5194 γάρ
2195 5114 2441 5192 (metu...
2484 5114 2577 5194 καὶ
2624 5122 2736 5189 μετ’
2767 5118 2940 5194 ὀλίγα.
2979 5117 3083 5194 Alii
3119 5127 3186 5194 et
3216 5114 3388 5182 editi,
3431 5114 3630 5180 Οὕτως

2043 5185 2150 5262 γὰρ
2183 5185 2432 5260 Ἰωάννης
2461 5185 2794 5262 εἰρηκειε...
2826 5189 2926 5262 καὶ
2958 5190 3086 5262 μετξι
3107 5185 3283 5262 δλίγα.

2115 5255 2231 5331 (57)
2278 5255 2410 5330 Heg.
2445 5255 2669 5330 Se'gtier.
2705 5261 2922 5331 Gobler.
2950 5255 3002 5311 ει
3048 5256 3290 5331 Felclt._i_
3320 5255 3420 5325 μέν
3452 5255 3627 5308 omit-

445 5325 558 5416 i3'5)
597 5342 939 5416 ItaRegius,
974 5337 1448 5416 S_egucr.'(}qbler.
1487 5345 1540 5416 et
1567 5336 1748 5416 Peli-lt.
1781 5337 1831 5389 1.
1875 5337 1944 5416 Λι
2045 5325 2338 5416 ιυιξι.ηᾏ12χ
2357 5325 2416 5416 in
2452 5325 2675 5416 Seguer.
2702 5331 2809 5416 ¹τῂν
2831 5329 3134 5416 dee’st‘an'te
3151 5325 3442 5416 Qﬁﬁstav.

372 5407 652 5476 Ottobon.,
677 5407 897 5483 ἐκτίσθη
926 5407 1021 5464 καί
1039 5407 1071 5475 ,⁷
1092 5422 1196 5465 ειε.
1229 5411 1337 5462 Alii
1365 5419 1418 5463 et
1449 5409 1617 5462 editio
1645 5407 1938 5468 Commel.,

371 5485 546 5538 κτίσιν
569 5485 662 5536 καὶ
689 5483 910 5552 κτίσμα,
936 5483 1095 5552 male.

447 5554 555 5621 (56)
607 5555 698 5607 Sic
747 5545 968 5620 Regius,
1023 5549 1255 5621 Seguer.
1299 5547 1516 5621 Gobler.
1569 5556 1624 5601 et
1664 5545 1844 5599 Felck.
1887 5545 1939 5598 1.

371 5617 478 5678 Alii
510 5617 564 5678 εἰ
607 5622 770 5677 editio
799 5617 1062 5675 C'ommel.
1086 5663 1100 5683 ,
1136 5619 1406 5686 γενέσθαι.
1444 5617 1566 5672 Mox
1614 5625 1732 5686 post
1768 5633 1942 5686 σωτητ

378 5695 497 5764 ρίαν
531 5692 664 5762 Reg.
694 5699 745 5746 et
781 5691 1001 5760 Seguer.
1036 5684 1292 5743 omittunt
1317 5689 1553 5758 ἐδέησεν,
1585 5684 1706 5757 qua:
1734 5703 1831 5739 vox
1868 5684 1938 5739 ibi

2124 5403 2233 5470 (58)
2270 5401 2488 5455 Gobler.
2526 5391 2586 5453 ct
2625 5391 2804 5454 Felt-li.
2838 5399 2888 5470 1,
2920 5400 2948 5450 6
2980 5391 3271 5470 δέΠαῦλός
3300 5409 3496 5470 φησιν·
3529 5391 3631 5458 Εἷς

2050 5466 2344 5533 Θεός,ἐιε.
2377 5470 2510 5525 Ibid.
2541 5471 2633 5521 καί
2665 5473 2816 5522 abest
2843 5469 2911 5521 ab
2939 5469 3176 5520 editione
3208 5466 3478 5519 Commel.

2120 5543 2232 5612 (59)
2271 5540 2672 5612 Οιιίοίιοιιηῇτὸν
2711 5539 2832 5592 καθ’
2856 5540 3032 5612 ἡμᾶς.
3241 5533 3398 5612 r-Reg.
3436 5545 3491 5612 ει
3523 5534 3631 5612 Sg-

2048 5603 2236 5692 «εισι-,⁷,
2271 5611 2505 5680 κάθηται
2528 5610 2641 5674 νῦν,
2671 5620 2775 5666 etc.
2807 5603 2920 5664 Αιιϊ
2945 5617 2998 5662 ct
3039 5608 3204 5662 editio
3231 5605 3497 5661 Commel.
3529 5603 3630 5656 νῦν

2048 5691 2321 5738 omittunt.
2693 5715 2696 5722 .
