3822 6226
200 343 298 400 6ἰὶ

1350 332 1687 390 EPISTULA
1725 333 1767 387 11
1807 331 1898 386 AD
1940 325 2400 386 SERAPIONEM.

3355 314 3458 366 6'23.

201 463 288 512 ινα
322 458 397 530 μὴ
417 457 581 529 ἕτερα
598 457 713 511 ἀνθ’
735 457 935 528 ἑτέρων
956 455 1201 518 νοοῦντες
1221 454 1622 526 παραπαίωμεν
1645 452 1778 522 (60),

1892 465 2014 504 vero
2041 448 2108 503 de
2134 445 2390 501 humanis
2428 441 2550 512 ejus
2575 440 2712 496 actis
2742 457 2756 495 :
2785 453 2853 494 ne
2885 436 2990 492 alia
3023 447 3122 506 pro
3150 431 3272 487 aliis
3300 429 3461 530 intel:

201 543 283 602 δῖα
317 549 654 602 πεπόνθασιν
686 549 736 601 oi
780 547 1067 620 Ἀρειανοί.
1119 547 1332 618 Ὥσπερ,
1360 545 1558 608 τοίνυν,
1609 545 1779 611 Λόγον

200 639 362 704 αὑτὸν
396 638 620 702 εἰδότες,
655 638 894 707 οἴδαμεν,
928 639 1010 690 ὅτι
1050 657 1067 688 ι
1097 637 1163 690 δι’
1181 637 1343 689 αὐτοῦ
1360 635 1428 688 τὰ
1463 637 1635 689 πάντα
1664 637 1782 703 ἐγέο

203 747 342 794 τίετο,
371 731 468 783 καὶ
498 733 666 802 χωρὶς
692 731 856 784 αὐτοῦ
891 731 1108 798 ἐγένετο
1139 729 1258 784 οὐδὲ
1287 730 1344 781 ἓν
1364 745 1376 758 ⁸
1417 748 1434 779 ι
1490 730 1602 790 καὶ,
1639 748 1656 779 ‹
1690 729 1780 800 Τῷ

200 822 360 891 Λόγῳ
389 823 590 893 Κυρίου
607 827 654 875 οἱ
678 824 896 893 οὐρανοὶ
917 822 1331 894 ἐστερεώθησαν
1356 838 1369 850 ο
1399 841 1416 871 ι
1439 824 1554 886 καὶ,
1586 845 1602 873 ι
1627 825 1782 875 Ἀπο-

200 913 412 966 στέλλει
444 915 554 983 (61)
588 916 679 968 τὸν
710 917 880 984 Λόγον
915 915 1100 978 αὐτοῦ,
1127 917 1221 968 καὶ
1258 916 1401 968 ἰᾶται
1429 914 1497 967 τὰ
1518 915 1692 968 πάντα
1711 933 1723 946 ·
1757 935 1774 966 ι

201 1004 295 1055 καὶ
322 1002 516 1071 σοφίαν
546 1003 603 1056 δὲ
626 1003 788 1057 αὐτὸν
817 1003 1048 1068 εἰδότες,
1090 1005 1310 1076 οἴδαμεν
1330 1044 1344 1067 ,
1381 1007 1463 1058 ὅτι
1508 1008 1536 1058 6
1556 1005 1686 1069 Θεὸς
1711 1010 1776 1077 τῇ

199 1094 366 1164 σοφία
398 1095 724 1165 ἐθεμελίωσε
755 1096 854 1166 τὴν
880 1097 1004 1165 γῆν,
1032 1097 1125 1149 καὶ
1158 1097 1336 1148 πάντα
1361 1099 1418 1150 ὲν
1443 1096 1603 1168 σοφίᾳ
1641 1098 1780 1150 ἐποί-

203 1202 335 1255 ησεν
356 1188 385 1238 6
412 1187 603 1258 Πατήρ
623 1203 635 1216 ⁸
666 1188 759 1240 καὶ
783 1187 916 1240 Θεὸν
949 1188 1006 1240 δὲ
1033 1188 1143 1258 (62)
1175 1188 1336 1241 αὑτὸν
1365 1188 1584 1251 εἰδότες,
1614 1205 1779 1241 πεπι-

199 1277 533 1346 στεύκαμεν,
567 1280 648 1331 ὅτι
679 1279 840 1342 αὑτός
865 1280 1012 1332 ἐστιν
1043 1282 1071 1332 6
1098 1279 1331 1350 Χριστός
1355 1295 1368 1310 °
1425 1299 1444 1331 ι
1502 1281 1560 1332 Ὀ
1594 1279 1780 1352 Θρόνος

200 1385 297 1421 σου
333 1387 352 1420 ι
380 1369 511 1440 γὰρ,
541 1388 560 1420 ‹
607 1373 634 1422 6
667 1370 820 1434 Θεὸς,
865 1390 884 1422 ι
922 1370 1034 1442 ᾅδει
1065 1371 1249 1435 Δαϐὶδ,
1281 1391 1301 1424 ι
1341 1375 1419 1435 είς
1445 1373 1615 1427 αίῶνα
1651 1373 1780 1427 αἰῶ-

199 1476 324 1522 νοςο
364 1460 558 1529 ῥάϐδος
586 1460 929 1532 εύθύτητοςή
969 1462 1160 1532 ῥάϐδος
1198 1462 1297 1532 τῆς
1349 1463 1622 1532 βασιλείας
1661 1481 1776 1520 σου.

213 1552 540 1622 Ἦγάπησας
570 1551 946 1624 δικαιοσύνην,
981 1554 1072 1605 καὶ
1105 1554 1372 1623 ἐμίσησας
1404 1553 1616 1607 ἀδικίαν
1645 1572 1658 1584 ο
1692 1554 1780 1608 διὰ

199 1641 363 1693 τοῦτο
388 1641 572 1711 ἔχρισέ
604 1660 664 1694 σε
691 1645 720 1696 6
745 1643 896 1708 Θεὸς,
924 1647 953 1696 6
987 1643 1118 1707 Θεός
1150 1661 1241 1697 σου
1268 1683 1282 1707 ,
1315 1645 1490 1698 ἔλαιον
1518 1643 1778 1714 ἀγαλλιά-

202 1749 346 1797 σεως
398 1735 551 1804 παρὰ
599 1735 725 1797 τοὺς
786 1735 1043 1806 μετόχους
1089 1753 1203 1789 σου.
1253 1757 1272 1788 ι
1305 1737 1416 1790 Καὶ
1456 1739 1514 1789 ὲν
1561 1738 1658 1808 μὲν
1702 1737 1779 1808 τῷ

1884 543 2102 613 ligendo
2137 539 2555 600 hallucinemur,
2591 532 2736 603 quod
2763 530 2952 600 utique
2987 525 3207 580 Arianis
3237 513 3454 613 accidit:

1882 610 2353 699 Quemadmodum
2397 625 2560 695 igitur
2615 637 2714 677 nos
2762 620 2858 690 qui
2911 617 3151 672 Verbum
3207 610 3462 682 agnosci-

1882 741 2024 788 mus,
2057 724 2311 776 novimus
2339 733 2558 788 quoque
2591 714 2739 785 quod
2772 731 2790 764 ι
2826 711 3011 766 omnia
3041 723 3137 777 per
3168 706 3347 774 ipsum
3374 701 3460 756 fa-

1883 826 1966 872 cta
2021 823 2168 881 sunt,
2219 822 2272 867 et
2323 812 2440 866 sine
2491 811 2610 878 ipso
2645 807 2845 860 factum
2892 811 2977 857 est
3025 798 3163 854 nihil
3185 798 3266 862 Ι⁵⁸’;
3313 814 3332 846 ι
3382 802 3459 858 et,

1889 926 1906 959 ι
1942 907 2121 961 Verbo
2151 903 2365 960 Domini
2399 901 2521 956 ειειὶ
2553 897 2751 953 firmati
2783 894 3018 958 sunt";
3057 910 3075 942 ›
3112 897 3187 953 et,
3221 906 3240 940 ι
3299 883 3462 939 Mittit

1882 998 2119 1052 Verbum
2161 1011 2319 1051 suum
2350 1003 2404 1049 et
2424 1000 2583 1047 sanat
2629 988 2812 1044 omnia
2836 987 2904 1038 "°.
2947 1003 2967 1036 ι
3010 981 3273 1038 Similiter
3303 977 3455 1030 illum

1882 1087 2203 1158 sapientiam
2232 1101 2354 1142 esse
2387 1091 2769 1154 agnoscentes,
2819 1078 2990 1133 Deum
3031 1073 3300 1145 sapientia
3333 1070 3461 1125 fun-

1881 1181 2040 1234 dasse
2079 1189 2276 1234 terram
2305 1179 2372 1242 ⁵⁷,
2411 1186 2465 1231 et
2493 1175 2708 1229 Patrem
2744 1171 2927 1227 omnia
2974 1169 3030 1222 in
3060 1164 3327 1236 sapientia
3378 1161 3462 1216 l‘e-

1881 1272 2023 1327 cisse
2053 1280 2266 1326 certum
2303 1269 2570 1324 habemus
2592 1267 2660 1320 ³⁸.
2699 1265 2883 1333 ipsum
2910 1261 3094 1315 itidem
3129 1257 3300 1311 Deum
3329 1269 3462 1308 con-

1881 1363 2110 1426 litentes,
2144 1361 2424 1416 Christum
2466 1357 2621 1428 551
2651 1369 2773 1411 esse
2799 1352 3093 1408 credimus.
3135 1345 3270 1401 Nam
3309 1362 3328 1394 ι
3361 1343 3461 1396 Se-

1880 1453 1974 1507 des
2003 1463 2116 1518 tua,
2146 1451 2307 1517 Deus,
2350 1469 2368 1500 )
2395 1449 2543 1504 canit
2575 1445 2765 1508 David,
2797 1462 2817 1495 ι
2856 1443 2912 1496 in
2941 1439 3202 1496 sreculum
3256 1434 3461 1490 saeculi.

1880 1544 2044 1615 Virga
2073 1544 2371 1614 aequitatis,
2405 1541 2555 1612 virga
2595 1538 2748 1607 regni
2778 1537 2880 1591 tui.
2917 1530 3170 1587 Dilexisti
3192 1527 3461 1598 justitiam

1879 1648 1933 1692 et
1957 1637 2119 1691 odisti
2145 1635 2507 1704 iniquitatem.
2529 1629 2826 1700 Propterea
2851 1623 3010 1678 unxit
3040 1631 3092 1677 te
3123 1619 3291 1682 Deus,
3319 1616 3465 1670 Deus

1881 1740 2010 1784 tuus
2050 1729 2170 1781 aleo
2218 1725 2418 1780 laetitia:
2458 1737 2576 1792 pm
2608 1717 2961 1776 consortibus
3012 1723 3123 1768 tuis
3141 1713 3209 1765 ⁸³.
3271 1729 3290 1761 ι
3349 1707 3468 1778 Ipse

211 1823 416 1895 Ἡσαΐᾳ
441 1797 603 1888 αύτὸς
627 1825 757 1897 περὶ
786 1797 988 1880 ’ἑαυτοῦ
1015 1797 1161 1894 λέγει
1185 1845 1198 1858 ·
1243 1847 1260 1878 ι
1315 1827 1538 1898 Πνεῦμα
1561 1797 1779 1897 ’Κυρίου

1892 1835 2010 1874 vero
2039 1819 2093 1872 in
2147 1818 2284 1872 Isaia
2333 1815 2402 1869 de
2445 1815 2626 1883 seipso
2659 1809 2832 1866 dicit:
2881 1825 2902 1858 ι
2957 1804 3198 1873 Spiritus
3243 1797 3464 1855 Domini

199 1917 290 1968 ἐπ’
321 1917 444 1986 ἐμὲ,
472 1910 534 1968 οὗ
569 1916 776 1970 εἵνεκεν
801 1917 984 1988 έχρισέ
1028 1935 1115 1987 με.
1155 1937 1172 1969 ι
1223 1919 1282 1970 ’0
1315 1918 1372 1970 δὲ
1404 1919 1607 1989 Πέτρος
1641 1919 1786 1988 ὡμο-

201 2008 458 2077 λόγησεν,
485 2011 565 2062 ὅτι
605 2028 624 2060 ι
661 2011 734 2062 Σὺ
769 2007 818 2062 εἷ
846 2011 874 2063 6
904 2010 1139 2080 Χριστὸς
1168 2011 1195 2062 6
1219 2010 1347 2073 Υίὸς
1383 2010 1477 2063 τοῦ
1527 2009 1660 2063 Θεοῦ
1690 2010 1782 2062 τοῦ

203 2098 439 2163 ζῶντος·
478 2119 497 2150 ι
525 2099 696 2163 οὕτως
729 2100 928 2164 εἰδότες
956 2101 1118 2152 αὐτὸν
1151 2099 1435 2172 ἄνθρωπον
1472 2101 1783 2171 γενόμενον,

203 2193 306 2245 οὐκ
336 2191 645 2262 ἀρνούμεθα
667 2192 734 2246 τὰ
760 2193 886 2263 περὶ
915 2192 1079 2245 αὐτοῦ
1113 2191 1464 2263 ἀνθρωπίνως
1502 2193 1784 2263 λεγόμενα,

203 2277 296 2336 οἷά
317 2285 439 2335 ἐστι
465 2283 526 2335 τὸ
566 2285 778 2354 πεινᾷν,
805 2282 868 2335 τὸ
891 2283 1070 2353 διψᾷν,
1101 2283 1162 2335 τὸ
1194 2282 1522 2352 ραπισθῆναι
1541 2322 1555 2345 ,
1599 2283 1661 2334 τὸ
1696 2283 1790 2336 δα-

206 2371 433 2442 κρῦσαι,
465 2372 526 2424 τὸ
554 2373 903 2443 κοιμηθῆναι,
922 2373 1016 2425 καὶ
1045 2371 1195 2434 τέλος
1219 2371 1299 2441 τῷ
1344 2371 1560 2442 σταυρῷ
1597 2371 1787 2424 ἀναδέ-

207 2463 410 2529 ξασθαι
443 2463 552 2531 (65)
585 2465 678 2517 τὸν
731 2465 870 2534 ὑπὲρ
919 2463 1077 2534 ἡμῶν
1137 2464 1395 2518 θοίνατον⁹
1454 2463 1628 2517 ταῦτα
1680 2463 1787 2536 γὰρ

207 2556 391 2609 πάντα
431 2555 746 2627 περὶαύτοῦ
784 2556 1112 2629 γέγραπται.
1135 2556 1320 2620 Οὕτως
1355 2557 1449 2610 καὶ
1480 2557 1562 2622 τὸ,
1595 2577 1612 2608 ‹
1644 2557 1789 2610 ἔκτιο

209 2663 326 2709 σεν,
369 2665 386 2698 ι
413 2646 724 2718 ἀνθρώποις
755 2646 993 2717 ἁρμόζον
1029 2648 1130 2699 οὐκ
1157 2648 1472 2720 ἀπέκρυψεν
1509 2651 1541 2718 ἡ
1573 2648 1786 2718 Γραφὴ,

207 2737 326 2789 ἀλλ’
361 2736 603 2808 εἴρηκεν.
661 2737 1018 2809 Ἐκτίσθημεν
1061 2738 1170 2808 γὰρ
1214 2740 1309 2791 καὶ
1345 2739 1690 2809 πεποιήμεθα
1732 2741 1787 2792 οἱ

204 2827 508 2898 ἄνθρωποι.
549 2826 684 2879 Ἀλλ’
711 2826 899 2896 ὥσπερ
926 2826 1212 2890 ἀκούοντες
1231 2866 1246 2890 ,
1293 2827 1608 2893 ἐπείνασεν,
1642 2830 1786 2881 ὲκοι-

210 2918 384 2988 μήθη,
418 2916 748 2989 ὲρῤαπίσθη,
773 2917 874 2969 οὐκ
901 2915 1210 2987 ἀρνούμεθα
1233 2915 1342 2988 (64)
1365 2916 1529 2970 αὐτοῦ
1553 2918 1651 2987 τὴν
1672 2917 1790 2971 θεό-

207 3026 376 3079 τητα·
411 3008 587 3071 οὕτως
621 3008 918 3070 ἀκούοντας
963 3007 1045 3070 τὸ,
1082 3027 1100 3058 ι
1139 3006 1351 3062 ἔκτισεν
1377 3047 1394 3074 ,
1438 3027 1456 3060 ›
1498 3008 1788 3064 ἀκόλουθον

1885 1928 2045 1982 super
2070 1926 2176 1976 me,
2199 1909 2357 1979 cujus
2381 1922 2548 1963 causa
2584 1902 2742 1959 unxit
2768 1899 2938 1956 me“.
2978 1916 2997 1950 ι
3043 1894 3240 1951 Petrus
3279 1901 3464 1948 autem

1885 2003 2170 2059 confessus
2201 2009 2306 2066 est,
2355 1999 2484 2068 quia
2519 2015 2538 2048 ι
2571 1997 2650 2049 Tu
2682 2009 2742 2050 es
2770 1991 3024 2048 Christus
3057 1985 3229 2041 Filius
3263 1983 3356 2037 Dei
3382 1982 3466 2037 vi-

1885 2094 2062 2149 ventis
2085 2093 2150 2147 ".
2177 2112 2200 2144 ι
2234 2095 2330 2155 lta,
2363 2104 2484 2144 cum
2522 2088 2796 2142 hominem
2825 2081 3028 2137 factum
3058 2093 3182 2134 esse
3201 2077 3464 2136 scientes.

1886 2201 1996 2240 non
2026 2197 2287 2254 negamus
2325 2195 2447 2251 quae
2489 2178 2558 2232 de
2605 2176 2698 2230 illo
2749 2172 3068 2228 humanitus
3117 2176 3247 2226 sunt
3292 2166 3463 2230 dieta,

1887 2277 2070 2348 qualia
2087 2283 2215 2330 sunt
2230 2272 2465 2334 esurire,
2491 2269 2668 2331 sitire,
2689 2266 2860 2335 alapis
2887 2262 3120 2334 percuti,
3150 2257 3464 2328 lacrymari,

1887 2369 2146 2433 dormire,
2177 2381 2241 2422 ac
2269 2365 2490 2420 demum
2513 2371 2743 2417 mortem
2769 2374 2867 2428 pro
2887 2356 3044 2410 nobis
3073 2355 3126 2406 in
3153 2365 3317 2408 cruce
3335 2364 3463 2405 sus-

1887 2461 2084 2531 cipere.
2118 2459 2244 2513 Haec
2271 2458 2416 2512 enim
2443 2454 2628 2510 omnia
2656 2453 2724 2508 de
2780 2451 2877 2506 illo
2912 2449 3112 2516 scripta
3147 2451 3296 2500 sunt.
3323 2438 3462 2495 Illud

1887 2568 2105 2624 quoque
2125 2551 2373 2614 verbum,
2411 2565 2430 2599 ι
2467 2546 2692 2611 creavit,
2732 2563 2750 2595 ι
2785 2541 2930 2613 quod
2959 2538 3180 2610 quidem
3221 2532 3465 2590 homini-

1888 2645 1992 2699 bus
2021 2643 2296 2707 convenit,
2328 2657 2438 2696 non
2467 2639 2684 2696 reticuit
2710 2637 3018 2708 Scriptura,
3049 2632 3142 2688 sed
3170 2627 3462 2700 expressit.

1887 2733 1997 2792 Nos
2027 2737 2172 2790 enim
2202 2735 2454 2791 homines
2475 2732 2642 2788 creati
2671 2739 2726 2786 et
2752 2729 2879 2784 facti
2901 2741 3114 2784 sumus.
3146 2723 3250 2778 Sed
3279 2736 3466 2793 quem-

1887 2829 2182 2882 admodum
2217 2840 2340 2882 cum
2365 2824 2646 2890 audimus,
2687 2819 2938 2884 esur-ivit,
2982 2817 3259 2882 dormivit,
3293 2813 3466 2884 alapis

1887 2932 2182 2988 percussus
2209 2924 2315 2982 est,
2345 2915 2466 2986 ejus
2503 2913 2843 2968 divinitatem
2875 2923 2986 2964 non
3037 2921 3298 2978 negamus
3327 2922 3342 2958 :
3383 2904 3465 2958 sic

1889 3026 2013 3068 cum
2048 3010 2191 3064 banc
2227 3023 2437 3074 vocem,
2473 3024 2492 3058 ι
2520 3004 2747 3068 creavit,
2786 3021 2806 3054 ι
2837 3000 3115 3061 audimus.
3143 2996 3466 3052 meminisse

210 3101 280 3156 ἂν
307 3099 394 3171 εἴη
424 3099 805 3172 μνημονεύειν,
829 3100 933 3162 ὅτι,
961 3098 1092 3161 Θεὸς
1113 3097 1208 3163 ὢν,
1227 3099 1450 3170 ἐκτίσθη
1481 3099 1783 3172 ἅνθρωπος.

1892 3117 2106 3172 aequum
2132 3111 2224 3158 est
2251 3115 2377 3154 eum
2412 3099 2504 3168 qui
2534 3096 2678 3152 Deus
2703 3101 2839 3161 erat,
2892 3091 3168 3148 hominem
3221 3097 3464 3144 creatum

222 3191 554 3262 Ἀνθρὼπων
586 3191 694 3262 γὰρ
715 3191 845 3245 ἴδιον
874 3190 936 3245 τὸ
967 3191 1248 3258 κτίζεσθαι
1275 3231 1290 3255 ,
1344 3191 1532 3263 ὥσπερ
1581 3193 1673 3246 καὶ
1722 3196 1783 3248 τὰ

1893 3210 2033 3251 esse.
2061 3193 2339 3264 Siquidem
2373 3191 2655 3245 hominum
2686 3186 2967 3257 prapr‘ium
2996 3193 3081 3240 est
3107 3182 3303 3248 creari,
3322 3189 3382 3236 ut
3410 3191 3470 3236 et

209 3283 612 3355 προειρημένα,
641 3283 701 3336 τὸ
735 3285 946 3355 πεινᾷν,
970 3287 1064 3338 καὶ
1091 3285 1162 3338 τὰ
1185 3285 1366 3355 ὅμοια.

260 3374 318 3429 9.
335 3374 443 3426 Καὶ
457 3374 564 3445 γὰρ
587 3377 803 3429 κάκεῖνο
813 3376 972 3430 πάλιν
986 3378 1046 3430 τὸ
1060 3377 1240 3440 καλῶς
1258 3375 1470 3448 uti/(65)
1484 3378 1602 3447 είρη
1611 3376 1789 3448 μένον,

211 3467 404 3530 κακῶς
434 3466 491 3518 δὲ
521 3466 806 3536 νοούμενον
827 3468 957 3539 παρ’
988 3468 1167 3532 αὐτοῖς
1187 3486 1200 3498 ·
1237 3468 1378 3538 φημὶ
1403 3467 1466 3538 δὴ
1497 3467 1576 3530 τὸ,
1611 3487 1630 3518 ι
1657 3467 1793 3538 Περὶ

209 3557 316 3626 τῆς
348 3557 559 3629 ἡμέρας
583 3559 616 3628 ἦ
647 3559 748 3626 τῆς
776 3558 924 3628 ὧρας
967 3560 1182 3630 ἐκείνης
1203 3559 1377 3622 οὐδεὶς
1399 3556 1558 3625 οἶδεν,
1597 3559 1715 3611 οὐδὲ
1743 3560 1790 3611 oi

211 3646 458 3719 ἄγγελοι,
474 3648 594 3701 οὐδὲ
620 3649 649 3700 6
679 3649 856 3713 Υίὸς,›
876 3649 1039 3702 καλὸν
1067 3649 1176 3720 ἔχει
1205 3648 1313 3720 (66)
1330 3649 1419 3702 τὸν
1443 3648 1585 3701 νοῦν.
1621 3650 1795 3701 Ἐκεῖ-

212 3755 298 3792 νοι
334 3740 434 3810 μὲν
463 3741 570 3810 γὰρ
598 3740 906 3810 νομίζουσιν
929 3742 993 3794 ὲκ
1012 3742 1106 3795 τοῦ
1127 3741 1329 3810 λέγειν,
1363 3759 1381 3792 ι
1405 3740 1526 3794 οὐδὲ
1550 3741 1578 3792 ὁ
1605 3739 1785 3804 Υίὸς,›

211 3832 298 3885 ὅτι
329 3831 540 3900 ἀγνοῶν
570 3832 737 3903 δηλοῖ,
766 3834 848 3886 ὅτι
890 3834 1093 3904 κτίσμα
1126 3835 1293 3888 ἐστίν.
1324 3835 1438 3887 Οὐκ
1465 3833 1579 3886 ἔστι
1610 3833 1667 3887 δὲ
1695 3834 1789 3887 οὖ-

212 3941 322 3988 τως
342 3940 358 3954 ·
377 3924 452 3996 μὴ
474 3925 709 3993 γένοιτοί
731 3925 950 3998 καὶγὰρ
969 3926 1158 3998 ὥσπερ
1173 3927 1344 3995 λέγων
1365 3925 1498 3998 (67),
1526 3946 1543 3977 ι
1565 3924 1789 3981 Ἐκτισέ

295 4105 345 4176 Ἶδ
367 4105 521 4160 Joan.
553 4122 592 4167 ι,
621 4107 676 4161 5.
751 4107 798 4139 ⁸⁸
829 4106 970 4162 Psal.
997 4123 1182 4171 xxx",
1210 4107 1262 4161 6.
1340 4109 1385 4140 "
1415 4107 1559 4163 Psal.
1596 4125 1682 4163 cvi
1704 4151 1719 4176 ,
1750 4110 1783 4164 Ξ

1916 4109 1961 4142 ⁸⁷
1992 4108 2152 4165 Prov.
2186 4125 2248 4166 ιιι
2275 4151 2290 4175 ,
2317 4109 2404 4164 19.

1895 3297 2092 3342 caatera
2129 3300 2292 3355 supra
2314 3285 2498 3348 allata,
2528 3282 2737 3336 esurire
2763 3288 2820 3334 et
2852 3276 3074 3333 similia.

1969 3377 2022 3432 9.
2052 3376 2194 3432 Istud
2228 3389 2446 3445 quoque
2477 3382 2624 3428 recte
2657 3357 2861 3426 dictum
2903 3377 3006 3431 est,
3041 3363 3186 3436 quod
3219 3363 3360 3418 male
3398 3362 3468 3416 ab

1895 3470 2003 3525 illis
2034 3470 2370 3539 intelligitur,
2396 3479 2607 3532 nempe,
2632 3481 2651 3515 ι
2675 3463 2753 3518 De
2773 3461 2860 3516 die
2890 3469 3070 3515 autem
3101 3458 3193 3512 illo
3220 3456 3303 3511 vel
3333 3455 3466 3510 hora

1899 3578 2059 3618 nemo
2082 3562 2204 3627 scit,
2237 3576 2410 3630 neque
2435 3557 2632 3629 angeli,
2660 3569 2836 3625 neque
2864 3551 3037 3607 Filius
3058 3551 3125 3606 “.
3168 3570 3187 3603 ι
3217 3549 3364 3614 Haec,
3391 3548 3470 3602 in-

1898 3667 2084 3723 quam,
2115 3660 2319 3706 rectam
2349 3649 2628 3705 continent
2679 3641 3026 3701 sententiam.
3057 3644 3128 3695 At
3176 3640 3254 3694 illi
3287 3655 3355 3695 ex
3381 3638 3468 3693 his

1896 3742 2100 3806 verbis,
2137 3759 2157 3792 ‹
2194 3755 2368 3810 neque
2402 3737 2594 3805 Filius,
2633 3757 2652 3790 ι
2686 3745 2881 3806 putant
2918 3750 3043 3790 cum
3086 3733 3176 3787 ille
3205 3748 3263 3787 se
3310 3732 3471 3803 igno-

1897 3848 2019 3888 rare
2048 3841 2344 3898 asseverat,
2371 3847 2485 3886 rem
2513 3839 2754 3886 creatam
2779 3843 2838 3883 se
2857 3843 2981 3882 esse
3004 3824 3331 3896 signiﬁcare.
3365 3821 3471 3878 Ve-

1896 3941 2018 3980 rum
2049 3941 2156 3980 non
2186 3924 2257 3978 ita
2284 3933 2398 3979 εει·
2433 3923 2606 3978 absit!
2639 3919 2838 3976 etenim
2857 3918 3316 3990 quemadmodum
3342 3931 3468 3972 cum

2503 4106 2549 4139 ⁵⁸
2573 4104 2718 4165 Psal.
2749 4125 2874 4175 cm,
2898 4108 2990 4163 24.
3066 4105 3109 4138 ⁸⁸
3141 4105 3282 4161 Psal.
3317 4123 3464 4161 sum

213 4181 270 4244 7,
297 4175 352 4231 8.
426 4176 475 4208 ⁶⁰
502 4175 608 4232 Isa.
633 4193 746 4243 ut,
782 4179 830 4232 1.
911 4178 952 4210 ⁶¹
985 4178 1174 4232 Matth.
1204 4195 1314 4243 xu,
1343 4178 1432 4234 16.
1510 4181 1553 4212 θ’
1583 4179 1748 4234 Marc.

1892 4221 1904 4244 ,
1939 4180 2028 4235 52.

288 4361 402 4432 (60)
436 4359 511 4432 ita
535 4359 739 4432 Regius
752 4369 816 4432 et
843 4359 1068 4432 Segu_er.
1089 4358 1292 4432 rCaetegri
1327 4369 1520 4432 autem
1543 4359 1780 4432 etediti,

1887 4359 2069 4432 Felclt.
2098 4361 2329 4432 primus,
2353 4360 2604 4432 ἐπείνασε
2626 4360 2720 4413 καὶ
2737 4359 2805 4432 sit
2823 4359 2986 4414 λοιπὰ
3007 4361 3108 4432 o_6x
3132 4359 3467 4432 ἀρνούμεθα.

213 4428 672 4500 παραπταίωμεν.
722 4428 936 4500 Πιίάριηί
968 4429 1190 4500 Regius,
1221 4428 1447 4498 Seguer.
1480 4429 1700 4500 Gobler.
1729 4439 1784 4484 et
1815 4475 1857 4500 η
1889 4429 2058 4486 Paulo
2091 4428 2212 4498 post
2241 4432 2462 4499 Regius.
2497 4431 2720 4499 Seguer.
2753 4429 2973 4486 Gohler.
3019 4428 3199 4484 Felclt'.
3256 4428 3469 4500 primus

211 4499 398 4559 Feick.
425 4501 477 4562 1,
518 4499 804 4570 Ἀρειανοί.
829 4499 934 4552 Alii
961 4499 1189 4570 etiediti,
1222 4499 1509 4570 αἱρετικοί.

288 4572 406 4642 (61)
427 4567 632 4642 Regius
660 4567 988 4642 et‘Seguen,
1012 4567 1322 4642 ἀποστελεῖ,
1353 4572 1628 4642 iidemque
1657 4585 1784 4642 mox

212 4637 342 4698 cum
379 4637 600 4696 Gohler.
635 4649 689 4693 et
717 4637 897 4693 Felck.
930 4642 1130 4708 primo,
1163 4639 1391 4701 ἰάσεται.
1425 4647 1480 4692 et
1507 4637 1698 4707 σοφίαν
1727 4639 1785 4692 δὲ

213 4711 400 4766 αὐτόν.
432 4711 534 4763 Alii
573 4719 628 4762 et
651 4709 800 4772 editi,
828 4708 1162 4774 ἀποστέλλει,
1193 4710 1358 4775 ἰᾶται,
1388 4717 1442 4764 et
1469 4710 1660 4778 σοφίαν
1688 4711 1785 4762 αὺ-

285 4800 335 4835 ν.
373 4781 572 4834 Ibidem
597 4778 813 4833 Gubler.
838 4789 892 4834 et
927 4778 1106 4834 Felck.
1132 4781 1182 4840 1,
1209 4781 1291 4833 ὅτι
1319 4781 1547 4846 omisso,
1584 4781 1787 4834 habent

227 4851 287 4905 Ὁ
312 4851 445 4914 Θεὸς
480 4851 608 4918 γάρ,
637 4858 740 4902 etc.

288 4922 400 4991 (62)
441 4915 755 4974 Goblerian.
807 4926 861 4972 et
889 4915 1096 4991 {'Felck.
1141 4918 1352 4991 primus
1396 4917 1454 4991 δέ
1501 4919 1782 4991 omittunt,

213 4988 697 5060 iidemquemaulo
745 4999 864 5060 post
915 4989 1146 5060 habent,
1187 4988 1247 5042 '0
1279 4989 1389 5060 γὰρ
1427 4989 1614 5060 θρόνος
1654 5005 1782 5060 σου,

213 5057 580 5150 5213:9792:
591 5061 701 5150 είς-
715 5057 1241 5150 ῗίὲῗέοξξῗῧιὲίίέῬὶν
1268 5057 1471 5150 ξξξξέ
1495 5057 1784 5150 έὲῆςολέεεὲ

243 5079 256 5112 θ
296 5079 352 5113 σι
390 5079 574 5120 Δαυιο,
599 5079 679 5121 εις
718 5079 890 5111 αιωνα
915 5079 1008 5111 του
1028 5079 1241 5122 αιωνος,
1269 5079 1363 5112 και
1395 5079 1464 5113 τα
1495 5079 1638 5126 εςης.
1677 5079 1784 5111 κιαι

243 5079 485 5192 audiar
519 5128 745 5195 Πνεῦμα
773 5126 975 5198 Κύριου
1002 5129 1086 5182 ἐπ’
1111 5129 1231 5198 ἐμέ.
1264 5128 1466 5182 Ibidem
1510 5145 1602 5181 σου
1635 5128 1785 5182 deest

212 5203 278 5279 in
329 5200 582 5279 Seguer.,
627 5200 878 5279 idemque
909 5207 962 5252 et
1008 5200 1208 5279 Regius
1262 5198 1454 5279 ψάλλει
1487 5198 1649 5279 habet
1689 5213 1784 5279 pro

209 5272 348 5342 ᾄδει.
376 5269 591 5342 _Reg_ius
617 5267 766 5342 addit
791 5265 1008 5342 quoque
1035 5265 1169 5342 φησί
1193 5265 1327 5342 post
1355 5267 1482 5342 γάρ.
1521 5265 1787 5342 ltemihi-

209 5337 335 5393 item
373 5337 578 5409 Regius
598 5349 654 5393 et
681 5337 931 5407 Seguer.,
963 5337 1238 5408 βασιλείας
1269 5337 1502 5392 αὐτοῦ...
1532 5339 1627 5391 καὶ
1657 5337 1779 5409 ἑμί-

210 5425 388 5480 σησας
413 5407 663 5480 ἀνομίαν.

283 5481 398 5548 (65)
435 5476 667 5548 Gobler.
685 5490 739 5532 et
769 5476 950 5532 Felck.
996 5477 1253 5548 primust
1268 5478 1360 5530 τὸν
1391 5478 1620 5548 σταυρὸν
1653 5479 1784 5532 ἀναο

207 5547 466 5614 δέξασθαι
492 5549 585 5600 καὶ
609 5547 722 5610 τόν,
745 5557 848 5619 etc.
875 5549 1043 5602 Paulo
1073 5557 1196 5618 post
1228 5547 1428 5619 Regius
1449 5560 1504 5603 et
1531 5547 1780 5618 Seguer.,

205 5620 466 5688 ἔκρυψεν,
496 5617 900 5688 ειηὲκτίσμεθα.

279 5686 506 5759 (6£)_lta
546 5687 765 5759 Regius,
817 5686 1042 5759 Seguer.
1089 5687 1410 5759 Goblernet
1457 5687 1637 5759 Felck.
1673 5688 1784 5757 pri-

206 5755 463 5814 mus.'ln
506 5755 724 5812 aliis’et
767 5759 926 5815 editis
971 5758 1122 5814 deest
1166 5761 1235 5811 οί.
1293 5755 1415 5812 Mox
1464 5755 1684 5812 Goblcr.
1731 5767 1783 5814 et

1884 4512 1936 4623 Et
1964 4501 2205 4586 Anglic”
2243 4501 2414 4565 οὕτως
2439 4501 2746 4563 ἀκούοντες.
2783 4500 2890 4554 ΛΙίὶ
2921 4516 3046 4556 cum
3075 4499 3268 4566 editis,
3289 4499 3470 4566 οὕτως

1924 4588 2206 4623 κουοντας.

1924 4588 2206 4634 κουοντας.

1957 4641 2071 4710 (65)
2129 4640 2221 4695 Sic
2262 4639 2485 4709 Regius,
2514 4637 2760 4710 Seguer.
2801 4639 3025 4710 Gobler.
3036 4647 3103 4710 et
3132 4638 3318 4694 Felck.
3355 4641 3468 4709 pri-

1957 4655 2071 4710 (6.5)
2129 4655 2221 4695 Sic
2262 4655 2485 4709 Regius,
2532 4655 2602 4693 Se
2643 4655 2760 4694 uer.
2801 4655 3020 4694 uonter.
3049 4655 3103 4694 et
3133 4655 3318 4694 reicit.
3355 4656 3466 4709 prt-

1885 4726 2028 4765 mus.
2063 4711 2132 4764 At
2165 4711 2255 4764 alii
2295 4720 2348 4764 et
2395 4709 2531 4779 editi,
2564 4655 2662 4779 (agr
2693 4711 2975 4765 omittunt.
3011 4709 3208 4763 Ibidem
3239 4710 3466 4765 Goblcr.

1884 4791 1939 4849 et
1982 4779 2162 4835 Felck.
2210 4780 2450 4849 primus,
2479 4778 2714 4849 εἴρηται.
2764 4779 2896 4845 Item
2937 4780 3136 4833 ibidem
3173 4781 3374 4849 Regius
3408 4790 3466 4835 et

1887 4848 2113 4933 Seguer.
2165 4848 2380 4920 ἐκείνης
2431 4848 2633 4904 habent
2675 4860 2798 4919 post
2869 4849 3119 4920 ἡμέρας,
3185 4848 3293 4904 non
3338 4860 3467 4920 post

1885 4937 2055 4990 topac.

1958 4989 2070 5059 (66)
2102 4989 2182 5059 lta
2209 4987 2431 5058 Regius,
2468 4986 2899 5059 Seguer._Basil.
2944 5001 2998 5044 et
3024 4989 3236 5056 Anglic.
3267 4989 3338 5059 At
3369 4991 3464 5044 alii

1885 5069 1939 5114 et
1964 5057 2129 5113 editio
2155 5057 2443 5121 Commel.,
2489 5059 2655 5128 ἔχειν.
2707 5057 2906 5114 Ibidem
2935 5069 3058 5127 post
3119 5060 3220 5128 μέν
3261 5058 3463 5128 Regius

1885 5141 1938 5183 et
1966 5129 2191 5200 Seguer.
2238 5129 2348 5199 γάρ
2376 5129 2618 5200 a_ddunt_:
2645 5129 2736 5183 alii
2768 5137 2824 5185 et
2851 5130 2976 5200 editi
3025 5135 3302 5200 omittunt.
3340 5129 3462 5186 Mox

1886 5215 1984 5268 pro
2022 5197 2216 5269 δηλοῖ,
2250 5197 2352 5261 ὅτι,
2383 5197 2788 5269 Βεεηὸεειιθτ.
2851 5197 3068 5254 Gobler.
3112 5197 3294 5256 Felrk.
3334 5201 3357 5253 l
3409 5211 3465 5256 et

1885 5267 2097 5338 Anglic.
2130 5268 2334 5338 habent
2359 5267 2622 5338 δηλονότι.

1958 5337 2070 5404 (67)
2120 5337 2210 5393 Sic
2235 5337 2459 5409 Regius,
2506 5337 2999 5409 Seguer.__Gobler.
3033 5348 3087 5393 et
3120 5337 3304 5397 Felck.
3351 5341 3463 5408 pri-

1887 5425 2030 5462 mus.
2066 5409 2138 5460 At
2181 5409 2268 5461 alii
2299 5406 2353 5462 et
2383 5409 2544 5476 editi,
2585 5406 2678 5470 ὡς.
2727 5406 2848 5462 Mox
2899 5410 3013 5464 haec
3046 5409 3244 5476 verba,
3289 5406 3466 5474 οὕτως

1885 5477 2227 5550 remaneat
2250 5479 2398 5550 Υἱὸς,
2431 5475 2785 5550 neptunum;
2817 5479 3028 5550 εἴρηκε,
3055 5479 3252 5534 desunt
3274 5482 3330 5534 in
3363 5479 3465 5533 Ba-

1887 5551 1974 5602 sil.
2010 5547 2190 5603 Fclck.
2237 5549 2290 5611 ὲ,
2316 5558 2371 5602 et
2392 5547 2630 5602 editidnc
2656 5547 2950 5618 Commel.,
2979 5559 3039 5604 ut
3062 5563 3125 5602 ea
3155 5566 3278 5618 qua:
3301 5552 3465 5617 paulo

1887 5627 2008 5686 post
2042 5630 2364 5687 sequuntur,
2390 5619 2465 5672 Ού
2495 5619 2603 5688 γὰρ
2641 5617 3020 5687 γινώσκουσιν,
3056 5619 3152 5673 ἐὰν
3177 5617 3264 5692 μὴ
3296 5619 3464 5675 ἀκού-

1889 5705 2023 5742 σωσι
2074 5689 2169 5758 και
2215 5687 2448 5758 μάθωσι.
2497 5687 2614 5743 Vox
2649 5699 2831 5743 autem
2859 5728 2875 5754 ,
2907 5688 3179 5744 ἀκούσωσι
3203 5729 3217 5753 ,
3251 5692 3399 5744 ain-st
3435 5705 3464 5744 ο

1885 5728 2108 5813 bauer.
2134 5728 2526 5830 reﬁtjriim;
2543 5728 2834 5829 ἔῖίιιέῇἓῖ
2859 5728 3466 5826 ἱιὲῗῖᾷῗιὶἷ’γὶιῗιζειῗ’ά›ἒ
