3822 6226
326 283 434 341 625

895 279 952 334 ε.
996 278 1374 334 ATHANASII
1406 277 1556 334 OPP.
1599 275 1784 332 PARS
1823 274 1866 330 I.
1909 305 1978 317 —
2015 272 2390 329 HISTORICA
2430 273 2520 327 ET
2559 271 2978 328 DOGMATICA.

3478 271 3579 326 σει

323 405 481 472 dixit,
522 421 541 455 ι
571 403 790 459 Creavit
820 417 924 468 me,
966 420 985 454 ι
1023 402 1319 456 humanam
1355 409 1605 455 naturam
1641 399 1895 468 designa-

2021 413 2091 458 LE,
2125 414 2140 448 ι
2185 395 2544 466 ἀνθρωπίνως
2572 392 2830 466 εἴρηκενο
2878 391 3052 455 οὕτως
3091 389 3285 458 λέγων,
3342 406 3361 440 ι
3403 390 3525 442 οὐδὲ
3553 392 3581 442 ό

324 499 416 553 bat
442 517 458 554 :
486 497 558 552 ita
597 512 722 552 enm
755 494 850 560 ait,
887 514 905 547 ι
939 509 1114 564 neque
1143 492 1337 558 Filius,
1375 511 1394 545 ι
1428 492 1676 547 eamdem
1707 492 1900 545 huma-

321 605 450 644 nam
491 599 744 643 naturam
774 586 1085 642 denotabat.
1119 583 1186 640 Et
1219 585 1438 656 quidem
1485 599 1651 639 causa
1687 600 1786 638 cur
1824 585 1899 638 ita

322 681 537 736 locutus
566 679 657 745 sit,
695 677 852 732 valde
878 685 1246 732 consentanea
1268 683 1372 731 est.
1396 673 1536 742 Quia
1563 674 1708 728 enim
1736 674 1902 728 homo

320 773 498 828 factus
530 779 632 836 est,
660 771 742 826 uti
773 771 1036 842 scriptum
1065 781 1167 836 est,
1204 780 1260 827 et
1292 769 1577 825 hominum
1615 767 1900 839 proprium

321 866 394 922 sit
419 866 701 937 ignorare,
770 871 830 918 ut
879 871 934 918 et
983 863 1193 918 esurire
1250 870 1556 931 czeteraque
1604 859 1659 914 id
1730 873 1902 930 genus

333 955 615 1027 (namque
650 953 786 1009 nihil
817 953 1068 1008 homines
1103 961 1445 1022 cognoscunt
1491 950 1598 1005 nisi
1630 950 1904 1004 audierint

323 1054 379 1100 et
415 1042 753 1112 didicerint),
782 1041 987 1098 idcirco
1020 1041 1304 1096 hominum
1334 1040 1718 1111 ignorantiam,
1768 1053 1902 1110 qna-

321 1145 481 1192 tenus
512 1136 678 1190 homo
723 1133 923 1198 factus,
953 1148 1067 1202 prae
1109 1147 1170 1188 se
1214 1131 1359 1188 ferre
1405 1132 1621 1187 voluit:
1661 1131 1900 1201 primum

320 1227 543 1298 quidem
578 1226 972 1281 utostenderet
1004 1241 1062 1281 se
1093 1240 1220 1280 vere
1246 1239 1448 1294 corpus
1479 1225 1779 1278 humanum
1806 1225 1904 1278 ba-

321 1322 492 1388 bere;
528 1319 722 1376 deinde
760 1330 820 1374 ut
867 1318 1154 1372 hominum
1188 1315 1555 1388 ignorantiam
1586 1317 1644 1370 in
1675 1331 1903 1386 corpore

322 1427 540 1484 gerens,
567 1417 820 1466 naturam
856 1409 1154 1463 humanam
1180 1408 1249 1462 ab
1272 1407 1532 1462 omnibus
1565 1407 1824 1462 liberaret
1848 1417 1905 1463 et

320 1508 600 1573 purgaret,
624 1496 1030 1572 perfectamque
1065 1513 1128 1553 ac
1154 1505 1398 1553 sanctam
1419 1496 1572 1552 Patri
1595 1497 1900 1552 exhiberet.

320 1593 645 1664 Quidigitur
664 1591 884 1647 Arianis
909 1599 1162 1661 superest
1180 1591 1325 1662 quod
1356 1591 1570 1661 possint
1592 1591 1906 1662 opponere?

321 1684 464 1753 Quid
503 1684 628 1739 novi
661 1682 728 1737 ad
763 1682 1208 1753 obganniendum
1246 1683 1682 1753 excogitahunt?
1716 1683 1904 1754 Siqui-

2007 489 2154 554 Υίὸς,
2179 507 2196 539 ›
2227 486 2582 557 ἀνθρωπίνως
2612 484 2822 556 εἴρηκε.
2851 483 2962 537 Καὶ
2987 482 3048 535 τὺ
3081 481 3252 535 αἴτιον
3277 479 3371 534 τοῦ
3413 478 3580 542 οὕτως

2005 578 2285 651 εἰρηκέναι
2327 577 2437 647 ἔχει
2486 575 2546 628 τὸ
2587 573 2827 643 εὔλογον.
2886 572 3103 643 Ἐπειδὴ
3145 571 3256 642 γὰρ
3301 570 3582 643 ἄνθρωπος

2004 670 2248 740 γέγονεν,
2275 670 2350 732 ὡς
2387 667 2720 738 γέγραπται,
2755 664 3058 736 ἀνθρώπιον
3082 664 3138 717 δὲ
3177 663 3308 716 ἴδιον
3339 663 3400 716 τὸ
3426 665 3581 732 ἀγνο-

2006 766 2105 828 εῖν,
2145 762 2334 834 ὥσπερ
2364 763 2459 815 καὶ
2499 761 2560 814 τὸ
2594 762 2807 831 πεινᾷν,
2843 759 2939 813 καὶ
2967 758 3038 812 τὰ
3070 758 3207 812 ἄλλα
3234 757 3314 828 (οὐ
3345 756 3456 828 γὰρ
3498 773 3582 825 γι-

2007 851 2328 914 νώσκουσιν,
2362 851 2455 904 ἐὰν
2489 849 2563 922 μὴ
2588 849 2863 903 ἀκούσωσι
2902 848 3000 901 καὶ
3033 847 3289 919 μάθωσι),
3317 848 3406 900 διὰ
3431 847 3584 901 τοῦτο

2007 945 2102 999 καὶ
2127 944 2222 1016 τὴν
2250 943 2474 1012 ἄγνοιαν
2501 943 2608 995 τῶν
2641 942 2966 1013 ἀνθρώπων,
2993 941 3068 1004 ὼς
3109 939 3396 1012 ἄνθρωπος
3426 957 3582 1008 γεγο-

2007 1036 2133 1102 νὼς,
2156 1036 2550 1090 ἐπιδείκνυται·
2577 1033 2792 1105 πρῶτον
2821 1033 2938 1104 μὲν,
2965 1033 3051 1085 ἵνα
3072 1031 3242 1104 δείξῃ,
3267 1033 3348 1085 ὅτι
3372 1031 3586 1104 ἀληθῶς

2007 1130 2348 1203 ἀνθρώπινον
2394 1129 2507 1202 ἔχει
2557 1129 2717 1201 σῶμα
2741 1147 2756 1160 ο
2811 1128 3001 1181 ἔπειτα
3047 1127 3134 1192 δὲ,
3179 1128 3270 1182 ἴνα
3315 1129 3409 1180 καὶ
3431 1167 3446 1191 ,
3489 1129 3588 1197 τὴν

2007 1223 2229 1293 ἄγνοιαν
2268 1222 2376 1275 τῶν
2428 1219 2731 1292 ἀνθρώπων
2785 1221 2844 1273 ἐν
2891 1219 2972 1289 τῷ
3015 1219 3228 1290 σώματι
3268 1219 3441 1290 ἔχων,
3481 1220 3588 1274 ἀπὸ

2010 1315 2226 1370 πάντων
2265 1314 2683 1386 λυτρωσάμενος
2731 1314 2828 1366 καὶ
2868 1311 3192 1383 καθαρίσας,
3236 1311 3446 1365 τελείαν
3496 1312 3590 1366 καὶ

2007 1408 2168 1478 ἁγίαν
2219 1409 2543 1480 παραστήσῃ
2575 1406 2652 1477 τῷ
2679 1407 2857 1478 Πατρὶ
2885 1405 2984 1478 τὴν
3015 1404 3410 1476 ἁνθρωπότητα
3450 1404 3586 1475 (68).

2009 1500 2176 1554 Ποίαν
2209 1499 2289 1553 ἔτι
2317 1499 2591 1571 πρόφασιν
2619 1499 2943 1571 εὑρήσουσιν
2965 1500 3014 1552 oi.
3050 1497 3349 1569 Ἀρειανοίς
3386 1497 3451 1549 Τί
3477 1496 3588 1551 λοι-

2011 1590 2110 1644 πὸν
2143 1591 2531 1662 ἐπινοήσαντες
2571 1589 2901 1658 γογγύσουσι
2933 1606 2948 1655 ;
2988 1587 3462 1659 Κατεγνὼσθησαν
3516 1587 3593 1659 μὴ

2011 1682 2210 1746 εἰδότες
2239 1681 2320 1747 τὸ,
2356 1701 2373 1733 ‹
2400 1683 2605 1754 Κύριος
2640 1681 2820 1734 ἕκτισέ
2857 1699 2924 1753 με
2953 1683 3033 1744 είς
3069 1680 3205 1752 ἔργα
3231 1680 3397 1734 αὐτοῦ
3417 1679 3585 1750 (69).»

319 1775 442 1830 dem
484 1773 721 1828 dilucide
749 1772 1088 1828 ostendimus
1137 1788 1232 1828 eos
1266 1773 1368 1829 has
1402 1789 1560 1829 voces
1597 1789 1706 1829 non
1742 1774 1899 1830 intel-

2021 1774 2112 1827 (αὶ
2141 1773 2458 1844 ἐδείχθησαν
2491 1772 2565 1844 μὴ
2589 1773 2836 1837 νοοῦντες
2857 1772 2938 1838 τὸ,
2975 1792 2993 1823 ι
3019 1773 3155 1842 Περὶ
3184 1772 3240 1824 δὲ
3257 1773 3355 1844 τῆς
3377 1772 3594 1843 ἡμέρας

321 1865 510 1937 ligere,
543 1881 564 1916 ι
603 1861 871 1920 Dominus
899 1865 1106 1919 creavit
1158 1879 1244 1920 me
1292 1864 1348 1919 in
1377 1880 1542 1935 opera
1573 1881 1712 1920 sua:
1755 1886 1774 1918 ι
1827 1877 1901 1933 et,

326 1973 346 2006 ι
376 1954 452 2010 De
479 1955 568 2010 die
619 1963 800 2010 autem
833 1955 927 2009 illo
961 1969 1122 2010 nemo
1155 1955 1260 2010 scit
1290 1969 1466 2026 neque
1496 1957 1696 2027 angeli,
1729 1972 1906 2028 neque

320 2045 517 2102 Filius.
553 2064 574 2099 ›
596 2046 807 2102 Etenim
837 2046 1018 2101 utboe
1037 2047 1226 2115 verbo,
1251 2066 1270 2099 ι
1296 2048 1520 2115 creavit,
1555 2068 1573 2100 ι
1605 2049 1902 2103 humanam

321 2149 578 2196 naturam
612 2137 907 2210 signiﬁcat,
948 2138 1079 2208 quia
1109 2154 1238 2194 vere
1261 2139 1426 2194 homo
1451 2139 1628 2195 factus
1666 2149 1720 2196 et
1753 2157 1904 2196 crea-

210 2238 233 2248 ’
319 2241 410 2287 tus
457 2239 582 2286 est:
628 2238 690 2286 ut
739 2230 870 2296 item
927 2219 1051 2285 cum
1087 2229 1184 2294 ait,
1236 2247 1256 2281 ι
1302 2229 1418 2299 Ego
1451 2240 1505 2285 et
1541 2228 1701 2286 Pater
1735 2247 1903 2286 unum

320 2337 512 2379 sumus
534 2322 600 2391 ",
625 2342 644 2376 ι
665 2333 739 2388 et,
777 2340 797 2374 ι
833 2322 939 2390 Qui
969 2324 1116 2378 videt
1136 2325 1419 2392 me,-videt
1450 2334 1504 2382 et
1527 2325 1746 2382 Patrem
1772 2327 1838 2392 “,
1880 2347 1898 2379 ι

319 2424 394 2484 et,
420 2434 439 2469 ‹
471 2417 587 2488 Ego
615 2415 669 2471 in
691 2415 854 2470 Patre
883 2425 937 2471 et
965 2413 1128 2471 Pater
1155 2416 1212 2471 in
1249 2419 1420 2485 me",
1465 2439 1483 2471 ι
1507 2435 1660 2492 suam
1685 2421 1904 2476 aeterni-

318 2517 485 2564 tatem
524 2516 582 2564 et
608 2509 1238 2565 consubstantialitatem
1269 2527 1394 2566 cum
1434 2509 1595 2567 Patre
1633 2513 1901 2580 denotat;

319 2597 397 2654 ita
425 2598 541 2654 haec
566 2601 758 2655 verba:
780 2618 798 2652 ι
834 2598 1004 2656 Nemo
1031 2601 1136 2656 scit
1161 2615 1339 2670 neque
1361 2599 1554 2668 Filius,
1587 2620 1605 2652 ι
1645 2610 1904 2672 tanquam

321 2688 485 2743 homo
516 2699 766 2760 usurpat,
803 2691 933 2760 quia
973 2706 1169 2762 nempe
1207 2693 1487 2761 proprium
1521 2693 1802 2747 hominum
1834 2695 1906 2750 sit

321 2779 595 2850 ignorare.
624 2779 919 2838 Enimvero
944 2784 1033 2838 ille
1063 2785 1157 2854 qui
1179 2784 1331 2849 dicit,
1366 2803 1384 2836 ι
1420 2782 1592 2840 Nemo
1620 2785 1772 2840 novit
1801 2783 1905 2841 Pa-

320 2881 461 2927 trem
490 2871 596 2927 nisi
615 2871 807 2938 Filius,
842 2872 1003 2944 552
1026 2889 1204 2945 neque
1231 2873 1430 2929 Filium
1460 2876 1566 2930 nisi
1596 2873 1756 2932 Pater
1779 2877 1846 2943 “,
1876 2894 1898 2930 ι

321 2963 497 3019 multo
529 2965 702 3036 magis
733 2980 822 3021 res
856 2978 1069 3020 creatas
1103 2966 1244 3021 idem
1284 2967 1514 3022 noverit.
1548 2966 1688 3022 Hinc
1738 2969 1904 3025 disci—

320 3055 436 3127 puli
477 3057 620 3127 apud
665 3053 932 3112 Joannem
984 3056 1218 3112 Domino
1248 3058 1506 3113 aiebant:
1551 3077 1570 3111 ι
1607 3057 1763 3116 Nunc
1795 3062 1902 3116 sci-

322 3163 445 3202 mus
491 3147 620 3218 quia
667 3148 778 3204 scis
812 3149 997 3204 omnia
1015 3150 1081 3204 °".
1124 3168 1142 3201 ι
1202 3148 1389 3220 Itaque
1437 3151 1784 3206 manifestum
1819 3163 1902 3209 est

321 3236 458 3292 nihil
497 3239 656 3307 plane
682 3253 805 3294 esse
840 3237 983 3308 quod
1022 3238 1274 3295 Christus
1321 3241 1553 3311 ignoret,
1609 3257 1734 3295 cum
1784 3241 1902 3312 ipse

320 3330 394 3385 sit
423 3332 651 3384 verbum
701 3345 798 3400 per
826 3331 970 3401 quod
1003 3331 1187 3385 omnia
1242 3331 1385 3386 facta
1441 3341 1589 3389 sunt.
1633 3331 1900 3400 Quocirca

320 3420 448 3490 quia
483 3419 600 3476 dies
633 3421 724 3476 illa
753 3421 957 3492 aliquid
994 3411 1179 3477 estex
1205 3423 1484 3488 omnibus,
1533 3441 1643 3479 non
1672 3426 1899 3480 dubium

2008 1865 2225 1937 ἐκείνης
2253 1865 2426 1928 οὐδεὶς
2455 1859 2616 1928 οἶδεν,
2653 1866 2773 1918 οὑδέ
2807 1867 2856 1918 οἱ
2893 1865 3134 1934 ἄγγελοι,
3169 1865 3288 1918 οὑδέ
3311 1867 3340 1916 ὁ
3384 1864 3533 1928 Υἱός.
3566 1885 3585 1916 ι

2006 1957 2118 2011 Καὶ
2153 1956 2263 2028 γὰρ
2301 1955 2492 2028 ὥσπερ
2515 1955 2688 2024 λέγων
2723 1957 2821 2026 μὲν
2845 1956 2929 2022 τὸ,
2965 1976 2982 2008 ι
3008 1957 3209 2020 ἔκτισε,
3237 1975 3255 2009 ι
3286 1956 3345 2008 τὸ
3376 1954 3591 2026 ἀνθρὼ-

2007 2064 2160 2100 πινον
2195 2045 2472 2116 σημαίνει,
2513 2047 2594 2098 ὅτι
2628 2045 2914 2117 ἄνθρωπος
2955 2047 3149 2114 γέγονε
3193 2047 3287 2100 καὶ
3317 2046 3547 2116 ἐκτίσθη
3573 2063 3588 2076 ο

2005 2140 2176 2209 λέγων
2199 2139 2278 2202 δὲ,
2311 2158 2330 2191 ι
2364 2137 2506 2207 Ἐγὼ
2535 2138 2630 2192 καὶ
2666 2139 2694 2190 ὁ
2720 2139 2911 2208 Πατὴρ
2949 2138 3008 2190 ἓν
3042 2140 3232 2208 ἐσμεν,
3263 2157 3282 2190 ι
3317 2139 3432 2202 καὶ,
3469 2157 3487 2189 ι
3532 2139 3598 2192 ’0

2006 2226 2265 2299 ἑωρακὼς
2292 2228 2391 2298 ἐμὲ
2424 2225 2636 2296 ἑώρακε
2679 2225 2768 2278 τὸν
2802 2227 3046 2297 Πατέρα,
3072 2246 3091 2279 ι
3133 2227 3260 2291 καὶ,
3307 2245 3327 2278 ι
3363 2226 3502 2295 Ἐγὼ
3531 2229 3595 2279 ἐν

2004 2319 2082 2390 τῷ
2112 2307 2317 2390 Πατρὶ,
2338 2319 2430 2372 καὶ
2470 2321 2498 2372 ὁ
2533 2316 2728 2389 Πατὴρ
2757 2320 2813 2370 ἐν
2845 2319 2991 2388 ἐμοί,
3019 2339 3036 2370 ι
3059 2317 3159 2389 τὴν
3189 2319 3463 2390 ἀῖδιότητα
3494 2321 3597 2372 καὶ

2008 2411 2072 2464 τὸ
2114 2412 2252 2483 πρὸς
2279 2411 2370 2465 τὸν
2407 2412 2630 2483 Πατέρα
2661 2411 2945 2481 ὁμοούσιον
2969 2413 3227 2482 σημαίνει
3247 2430 3261 2442 ⁸
3295 2411 3470 2477 οὕτως
3500 2413 3594 2466 λέ-

2005 2521 2138 2575 γων,
2174 2525 2192 2558 ι
2215 2505 2401 2569 Οὐδεὶς
2433 2501 2594 2570 οἶδεν,
2616 2504 2734 2557 οὐδὲ
2760 2506 2789 2556 ὁ
2820 2504 2976 2568 Υἱὸς,
3006 2523 3024 2556 ι
3059 2505 3135 2566 ὼς
3164 2503 3452 2576 ἄνθρωπος
3482 2505 3592 2559 πάο

2005 2598 2088 2652 λιν
2112 2599 2283 2666 λέγει’
2311 2596 2610 2666 ἀνθρώπων
2641 2595 2753 2667 γάρ
2771 2595 2902 2648 ἴδιον
2926 2595 2988 2648 τὸ
3013 2597 3245 2663 ἀγνοεῖν.
3273 2594 3462 2664 Λέγων
3497 2596 3557 2649 δὲ
3577 2637 3596 2661 ,

2011 2707 2030 2742 ι
2063 2690 2252 2752 Οὐδεὶς
2280 2685 2388 2741 οἶδε
2414 2688 2506 2741 τὸν
2533 2687 2755 2758 Πατέρα
2780 2689 2828 2740 εί
2855 2687 2928 2758 μὴ
2962 2688 2991 2738 ὁ
3025 2686 3176 2751 Υίὸς,
3210 2686 3331 2740 οὐδὲ
3355 2687 3447 2740 τὸν
3463 2687 3597 2741 Υίὸν

2006 2784 2054 2836 εί
2093 2783 2167 2854 μὴ
2193 2784 2222 2836 ὁ
2248 2781 2459 2854 Πατὴρ,
2480 2800 2499 2832 ›
2536 2775 2645 2833 οἶδε
2679 2779 2860 2850 πολλῷ
2895 2779 3059 2832 πλέον
3091 2779 3160 2833 τὰ
3201 2779 3428 2850 γενητά’
3451 2779 3592 2850 (70).

2005 2877 2067 2929 0i
2099 2874 2198 2946 μὲν
2235 2870 2329 2928 οὖν
2357 2873 2595 2945 μαθηταὶ
2626 2874 2682 2925 ἐν
2710 2873 2790 2943 τῷ
2822 2873 2962 2926 κατὰ
3008 2873 3265 2943 Ἰωάννην
3287 2873 3474 2940 ἔλεγον
3514 2874 3596 2946 τῷ

2004 2966 2230 3038 Κυρίῳ·
2286 2985 2304 3018 ε
2335 2965 2449 3019 Νῦν
2492 2965 2749 3036 οἴδαμεν,
2801 2965 2884 3018 ὅτι
2932 2965 3109 3019 πάντα
3151 2961 3318 3029 οἶδας.
3361 2985 3379 3016 ι
3419 2965 3598 3039 Εὔδη-

2006 3059 2097 3113 λον
2128 3058 2241 3131 (71)
2273 3053 2385 3123 οὖν,
2412 3058 2492 3111 ὅτι
2523 3058 2675 3112 οὐδέν
2707 3059 2855 3110 ἐστιν
2885 3057 2914 3109 ὃ
2949 3059 3151 3126 ἀγνοεῖ,
3183 3059 3355 3124 Λόγος
3387 3057 3490 3124 ὢν,
3526 3059 3598 3113 δι’

2007 3145 2068 3205 οὗ
2095 3150 2166 3204 τὰ
2192 3151 2368 3205 πάντα
2418 3149 2656 3218 ἐγένετο.
2693 3149 2815 3201 Τῶν
2859 3148 2917 3202 δὲ
2953 3149 3171 3202 πάντων
3222 3145 3359 3203 οὖσα
3404 3149 3503 3222 καὶ
3561 3152 3596 3220 ἡ

2008 3244 2192 3315 ⁴ἡμέρα
2247 3242 2455 3313 ἐκείνη,
2516 3242 2732 3305 πάντως
2789 3241 2856 3294 δι’
2899 3239 3062 3294 αὐτοῦ
3101 3242 3435 3313 γενήσεται,
3487 3242 3601 3296 κᾶν

2007 3333 2347 3406 διαρραγῶσι
2391 3331 2648 3404 μυριάκις
2680 3334 2747 3402 τῇ
2791 3331 2904 3403 (72)
2935 3331 3141 3386 ἑαυτῶν
3183 3331 3378 3403 ἀγνοίᾳ
3408 3334 3459 3385 οἱ
3501 3333 3597 3386 ’Δ-

2011 3427 2234 3499 ρειανοί.

320 3527 405 3589 .931
435 3517 566 3595 (will
596 3533 693 3597 ιιίῖῐ
721 3518 901 3596 ipsum
937 3518 1053 3596 ipsa
1080 3534 1300 3598 quoque
1329 3519 1520 3582 futura
1552 3521 1646 3594 sit,
1677 3523 1897 3587 etiamsi
1930 3526 2121 3586 Ariani
2153 3540 2266 3602 pra:
2287 3539 2386 3583 sua
2412 3522 2716 3598 ignorantia
2747 3523 3053 3580 sexcenties
3081 3520 3489 3594 dirumpantur.

485 3839 846 3898 EPISTULA
891 3841 1236 3898 EIUSDEM
1268 3845 1368 3898 AI)
1409 3846 1731 3903 EUMDEM

615 3911 1606 3985 sangpgorvanaplscozsuu,

709 3982 810 4037 DE
836 3981 1140 4039 SPIRITU
1171 3983 1489 4043 SANCTO.

393 4100 444 4152 t.
485 4098 840 4154 Admirabere
884 4098 1139 4165 forsitan,
1177 4115 1348 4170 quare
1393 4117 1518 4157 cum
1555 4103 1750 4173 jussus
1791 4104 1896 4159 sim

321 4191 608 4262 epistolam
638 4190 706 4246 de
747 4199 938 4246 sancto
986 4189 1192 4261 Spiritu
1239 4193 1293 4247 in
1330 4193 1716 4264 compendium
1754 4193 1899 4249 redi-

2006 3850 2378 3908 ΕἾΙΙΣΤΟΛΗ
2439 3846 2581 3900 ΤΟΥ
2635 3845 2870 3898 ΑΪΤΟΥ
2920 3843 3119 3896 ΠΡΟΣ
3170 3842 3308 3896 ΤΟΝ
3346 3843 3608 3897 ΑΥΤΟΝ

2159 3917 2585 3972 ΣΕΡΑΠΙΩΝΑ
2616 3914 3056 3982 ΕΠΙΣΚΟΠΟΝ
3087 3914 3269 3965 ΠΕΡΙ
3304 3914 3453 3966 ΤΟΥ

2355 3987 2594 4042 ΔΓΙΟΥ
2626 3985 3082 4038 ΠΝΕΥΜΑΤΟΣ
3128 3982 3263 4054 (73).

2077 4103 2130 4156 1.
2176 4101 2334 4165 Ἴσως
2377 4100 2714 4170 θαυμάσεις,
2756 4099 2873 4162 πῶς
2912 4097 3292 4168 ἐντειλάμενον
3331 4097 3433 4170 τὴν
3463 4099 3602 4169 περὶ

2002 4191 2099 4247 τοῦ
2146 4191 2302 4261 ἁγίου
2347 4190 2664 4263 Πνεύματος
2709 4193 3014 4262 γραφεῖσαν
3061 4189 3353 4262 ἐπιστολὴν
3404 4191 3601 4244 ἐπιτε-

390 4370 436 4402 ⁶³
458 4367 616 4424 Joan.
643 4384 700 4435 ι,
731 4368 820 4424 30.
897 4369 944 4401 “
969 4367 1128 4424 Joan.
1161 4385 1272 4436 xw,
1306 4370 1357 4425 9.
1437 4369 1482 4402 ⁸³
1515 4368 1647 4424 ibid.
1677 4369 1767 4424 10.
1844 4368 1890 4400 ⁸⁸

2021 4368 2098 4423 th.
2126 4383 2205 4432 ιι,
2225 4366 2315 4420 27.
2395 4367 2437 4398 ⁸⁷
2463 4365 2625 4421 Joan.
2651 4382 2763 4421 va.
2789 4365 2877 4422 50.

317 4505 602 4587 ἄνθρωπος
629 4503 868 4587 γεγονὼς
899 4505 1266 4587 ἐπιβείκνυται
1288 4546 1303 4570 ,
1341 4516 1487 4587 etc.,
1529 4522 1706 4587 usque
1733 4505 1800 4561 ad
1835 4508 1896 4562 ἐν
1923 4511 1972 4570 D
1999 4506 2463 4587 ﬁniit-ﬁxitcs,
2487 4506 2567 4571 τό,
2603 4516 2708 4587 et_e.

315 4575 395 4646 τῷ
423 4573 657 4646 ’σώματι
702 4574 842 4646 ἔχων
887 4578 1201 4639 exclusive,
1230 4580 1428 4631 desunt
1475 4578 1528 4631 in
1573 4573 1792 4633 Gobler.
1843 4587 1897 4631 et

315 4644 508 4720 ιιζειοι,
532 4644 897 4720 prim‘o._Mox_
925 4647 1141 4720 Itegins
1185 4657 1239 4702 et
1281 4648 1535 4720 Seguer.,
1567 4647 1895 4720 καθαρίσας.

315 4716 511 4790 Ceteri
538 4723 595 4790 et
618 4715 773 4790 editi.
797 4715 1069 4790 κιθάραξο

386 4784 501 4858 (68)
540 4783 644 4858 δία,
675 4783 899 4858 Regius,
931 4783 1155 4858 Seguer.
1193 4785 1410 4842 Gohler.
1441 4797 1496 4842 et
1527 4787 1713 4843 Felck.
1744 4789 1796 4842 I.
1830 4787 1901 4841 At

315 4854 408 4933 alii
425 4854 491 4933 et
517 4854 686 4933 editio
714 4854 1234 4933 Ορῳιιιοι..’τέλειον
1262 4860 1356 4912 καὶ
1382 4859 1537 4927 ἆγιον
1571 4861 1899 4933 παραστήσῃ

313 4926 407 4998 τῷ
425 4925 603 4998 Πατρὶ
625 4925 719 4998 τὸν
743 4926 1047 4998 ἄνθρωπον.

389 4949 392 4973 ι
425 4942 603 5048 unﬁt
625 4942 719 4978 τον
743 4942 1047 4998 ανυρωπον.

389 4997 501 5068 (69)
587 4997 742 5081 egius
756 5006 826 5081 ‘et
859 4995 1397 5081 segnem-omittunt,
1425 5000 1506 5081 si;
1534 4999 1672 5081 ἔργα
1705 4998 1894 5081 αὐτοῦ,

321 5065 423 5123 nec
459 5081 522 5120 ea
549 5067 724 5138 vertit
753 5065 1022 5138 Nannius.
1071 5067 1194 5122 Mox
1237 5069 1401 5123 iidem
1451 5065 1655 5138 Regius
1699 5081 1754 5124 et
1798 5069 1896 5124 Se-

321 5153 496 5220 gner.,
525 5137 661 5208 Περὶ
685 5136 971 5220 deﬁxum
999 5138 1119 5192 aliis
1141 5147 1195 5192 et
1222 5139 1382 5194 editis
1409 5139 1466 5192 δέ
1493 5136 1661 5221 deest:
1690 5141 1896 5194 Ibidem

316 5203 484 5280 Ifastl.
518 5207 840 5280 etlAﬂgllc"
865 5225 962 5279 της
991 5207 1204 5280 ἡμέρας
1226 5209 1442 5280 ἐκείνης
1470 5213 1570 5280 καὶ
1599 5227 1699 5279 της
1722 5209 1892 5280 ὥρας.

470 5249 484 5262 ο
518 5240 840 5273 ςινηιιδιιυη
875 5240 960 5273 ιιι,
997 5240 1201 5273 “pagum,
1226 5240 1439 5273 ελιινιιε
1477 5240 1570 5263 λιιι
1599 5240 1696 5273 tm,
1722 5240 1892 5273 Lupus.

317 5227 484 5263 msu.
518 5227 840 5277 et_AngIlc.,
865 5227 962 5288 της
991 5227 1204 5290 ημερας
1226 5227 1442 5280 εκεινης
1475 5227 1570 5263 και
1599 5227 1699 5279 της
1722 5227 1892 5282 ωρας.

317 5277 535 5347 Gobler.
568 5286 622 5331 et
647 5275 829 5347 Felck.
867 5293 1076 5347 primus
1121 5280 1318 5332 Ibidem
1345 5320 1360 5344 ,
1395 5279 1518 5332 οὐδὲ
1547 5282 1576 5332 ὁ
1609 5281 1736 5343 Υἱὸς
1762 5279 1893 5333 οἶδε.

315 5346 448 5402 Item
483 5348 707 5418 ibidem,
742 5345 963 5418 Regi—us,
1016 5348 1243 5418 Seguer.
1293 5351 1506 5415 Anglic.
1556 5349 1724 5405 Basil.
1781 5351 1892 5405 Go-

316 5419 452 5491 ble_r_.
493 5417 675 5491 I‘ielck:
724 5417 934 5491 primus
965 5428 1019 5472 et
1057 5417 1338 5491 0t_tobon..
1367 5419 1576 5491 ὥσπερ.
1609 5421 1804 5476 Caeteri
1837 5430 1890 5486 et

315 5489 481 5561 editi,
505 5488 606 5561 ως.
643 5487 853 5543 Rursus
883 5489 1081 5561 ibidem
1100 5489 1360 5561 _Seguer.,
1392 5487 1547 5559 λέγον
1591 5492 1726 5561 μέν,
1778 5491 1886 5544 Re-

316 5559 460 5630 gius,
482 5558 736 5630 Δλέγομεν
758 5560 946 5630 ,male
973 5558 1271 5630 υτονλέγίυν
1309 5561 1430 5630 μέν,
1467 5558 1526 5616 ut
1554 5558 1754 5616 habent
1781 5561 1890 5616 Go-

317 5627 662 5702 bler.Felck’.
714 5629 946 5698 primus,
977 5627 1091 5702 'qni
1143 5627 1328 5702 iidem,
1369 5639 1530 5702 utet
1577 5633 1892 5702 Anglic.gct

314 5698 481 5756 Basil.
515 5701 720 5754 habent
744 5714 997 5769 quoque,
1019 5698 1214 5754 ἐκτισέ
1246 5717 1334 5770 με.
1369 5701 1475 5758 Alii
1508 5711 1568 5758 et
1611 5698 1762 5768 editi,
1804 5700 1892 5755 λέ-

2067 4578 2184 4649 (70)
2221 4577 2412 4640 Basil.,
2443 4577 2697 4649 γεννητά.
2737 4575 2938 4631 Ibidem
2961 4576 3209 4649 Anglic”
3244 4576 3302 4649 ἐν
3345 4577 3428 4649 τῷ
3452 4581 3603 4633 κατὰ

2013 4647 2265 4772 In???
2295 4647 2613 4771 Ιὲῠαγγελίῳ
2636 4689 2651 4714 ,
2679 4663 2801 4717 qua:
2827 4647 3010 4702 omnia
3048 4651 3247 4703 desunt
3279 4647 3336 4701 in
3364 4647 3598 4705 Gobier.

2013 4735 2031 4772 ε
2130 4737 2158 4772 e
2184 4738 2210 4772 c
2233 4736 2269 4772 ν.
2344 4757 2357 4770 .

2001 4729 2057 4774 et
2085 4720 2269 4773 Felck.
2305 4720 2357 4771 1.

2076 4790 2186 4860 (⁵11)
2219 4789 2332 4860 βίο
2381 4786 2740 4860 manuscriptj
2792 4801 3007 4860 omnes.
3056 4787 3238 4860 Editio
3289 4787 3597 4858 Commcl.,

2003 4853 2410 4932 male,'_a6n_lov.
2439 4858 2642 4932 Ibidem
2665 4853 2770 4932 οὖν
2792 4858 2944 4932 deest
2974 4859 3031 4932 in
3053 4857 3234 4932 _Re_gio
3266 4867 3321 4912 et
3358 4853 3596 4932 Segner;

2003 4929 2129 4984 Mox
2161 4929 2446 4992 0ttohon.,
2485 4929 2658 4997 Λόγος
2688 4928 2798 4997 γάρ
2829 4929 2967 4991 ἐστι,
2998 4928 3066 4982 δι’
3095 4927 3178 4991 οὗ,
3209 4937 3316 4983 etc.

2071 4947 2129 4984 JX
2161 4944 2446 4992 Uttonon.,
2485 4944 2658 4997 Λογος
2688 4944 2762 4996 γα
2829 4944 2967 4991 εστι,
2998 4944 3065 4982 οι·
3095 4944 3178 4991 oo,
3209 4944 3316 4983 etc.

2071 5001 2186 5072 (72)
2218 4999 2444 5072 Regius,
2495 4944 2980 5072 Segne_r._Eobler.
3015 5007 3072 5053 et
3113 4998 3298 5072 F_el('k.
3349 4999 3599 5072 primus.

1996 5073 2056 5124 ὲν
2212 5069 2414 5143 (ἒιιπέιιινὶΔ
2453 5077 2508 5143 e_t
2551 5069 2680 5122 editi
2722 5069 2782 5122 ἐν
2815 5069 3094 5124 omittunt.
3144 5069 3350 5125 Ibidem
3384 5069 3603 5143 Regius

1997 5151 2051 5195 et
2079 5138 2326 5206 Séguer.,
2356 5138 2558 5192 αὐτῶν.

2069 5211 2182 5282 (7'5)
2226 5210 2376 5264 Hanc
2423 5209 2745 5279 epistolam,
2777 5218 2840 5282 ut
2873 5210 3194 5264 monuimus
3224 5225 3412 5280 supra,
3443 5211 3601 5265 veri-

2000 5280 2177 5335 simile
2198 5291 2283 5334 est
2309 5297 2431 5334 csse
2460 5281 2818 5347 prazcedentis
2849 5291 3054 5346 partem
3079 5323 3094 5346 ,
3126 5295 3360 5349 esseque
3395 5282 3601 5336 ambus

1999 5367 2163 5404 unam
2200 5353 2268 5404 ab
2307 5351 2738 5404 amanuensibus
2772 5351 3025 5403 divisam.
3079 5350 3294 5405 Titulus
3325 5353 3378 5403 in
3413 5351 3602 5417 Regio

1996 5430 2052 5476 et
2085 5419 2332 5491 chner.:
2378 5419 2665 5491 Ἐπιστολὴ
2697 5419 2788 5491 τοῦ
2809 5419 2980 5491 αὑτοῦ
3004 5424 3141 5491 πρὸς
3171 5422 3260 5473 τὸν
3290 5421 3455 5475 αὐτὸν
3486 5423 3601 5475 Σα-

1997 5490 2274 5562 ραπίωνα,
2310 5492 2438 5562 περὶ
2469 5490 2565 5544 τοῦ
2613 5490 2769 5558 ἁγίου
2807 5490 3143 5562 Πνεύματος.
3174 5491 3505 5546 Basiliensis
3539 5509 3603 5550 et

1995 5559 2214 5634 Gobler.
2248 5559 2398 5624 item,
2430 5562 2788 5634 Σαραπίωνα.
2841 5559 2966 5634 Vox’
3004 5563 3261 5634 ξὲραπις,
3301 5563 3447 5634 unde
3480 5566 3603 5634 kde-

1995 5633 2238 5703 ductum_
2256 5648 2453 5686 nomen
2473 5673 2489 5697 ,
2516 5631 2786 5686 scribitur
2815 5633 2976 5684 etiam
3006 5631 3250 5703 Σάραπις
3282 5631 3428 5701 apud
3463 5631 3608 5695 Cie-

1997 5711 2166 5759 ment.
2199 5701 2404 5776 Sfrom.
2447 5719 2485 5767 ι,
2523 5719 2588 5773 p..
2615 5703 2740 5769 522,
2777 5703 2906 5757 item
2949 5701 3095 5772 apud
3131 5704 3350 5772 Origcn.
3396 5715 3604 5779 contra
