3822 6226
209 309 309 364 625

1337 305 1672 362 EPISTOLA
1713 306 1777 361 lll
1815 305 1908 360 AD
1947 302 2403 361 SERAPIONEM.

3355 301 3456 358 628

209 430 329 498 μεῖν
349 423 487 496 (7‘),
511 426 604 477 καὶ
627 423 692 477 δι’
717 422 912 492 ὀλίγων
937 422 1196 494 δηλῶσαι,
1221 425 1351 495 ὁρᾷς
1372 391 1573 492 ὥσπερ⁹
1583 423 1790 492 ἀφέντα

1908 437 2038 492 gere,
2086 438 2311 493 remque
2358 420 2550 493 paucis
2595 419 2887 490 explicare,
2922 435 3010 476 me
3060 418 3242 476 videas
3277 427 3458 476 tamen

207 536 279 590 με
315 518 410 571 16v
438 517 567 588 περὶ
598 515 788 569 τούτου
834 515 1014 584 λόγον,
1050 517 1143 571 καὶ
1181 517 1462 586 γράφοντα
1510 516 1650 570 κατὰ
1683 515 1789 568 τῶν

207 608 549 664 ἀσεϐούντων
605 609 687 671 είς
731 608 823 660 τὸν
872 608 1001 661 Υίὸν
1037 608 1131 660 τοῦ
1177 607 1346 672 Θεοῦ,
1391 609 1484 661 καὶ
1525 607 1790 676 λεγόντων

206 700 373 754 αὑτὸν
429 699 670 770 κτίσμαο
709 698 823 752 ἀλλ’
862 699 924 751 οὑ
970 699 1161 770 μέμψῃ
1209 695 1267 753 εὖ
1313 694 1410 752 οἷδ’
1441 700 1544 762 ὅτι,
1585 701 1634 752 εί
1689 699 1792 769 μά-

209 791 328 855 θοις
350 791 464 862 (75)
488 791 549 843 16
576 792 769 854 αῐτιον,
794 789 929 846 ἀλλὰ
958 791 1052 843 καὶ
1080 790 1396 857 ἀποδέξεταί
1427 808 1519 844 σου
1557 793 1591 862 ὴ
1631 790 1791 843 εὐλά-

208 881 356 947 ϐεια,
407 880 591 952 ὁρῶσα
622 881 680 934 16
724 879 965 948 εὑλογον.
1021 879 1240 950 Ἐπειδὴ
1281 879 1414 950 γὰρ,
1449 879 1526 943 ὡς
1557 879 1719 943 αὐτὸς
1765 881 1794 932 6

207 973 417 1044 Κύριος
439 969 590 1026 εἶπεν
617 989 628 1000 ·
668 991 686 1023 ι
713 972 788 1026 Οὑ
815 970 1038 1042 λαλήσει
1065 972 1194 1043 παρ’
1222 970 1415 1024 ἐαυτοῦ
1443 972 1472 1023 6
1502 970 1796 1042 Παράκλη-

207 1083 302 1130 τος
323 1083 338 1096 ·
372 1065 489 1118 ἀλλ’
515 1067 616 1119 ὅσα
647 1063 892 1127 ἀκούσει,
919 1063 1143 1134 λαλήσει
1168 1082 1181 1096 ο
1214 1065 1294 1118 ὅτι
1324 1067 1388 1117 ἐκ
1414 1064 1506 1118 τοῦ
1535 1065 1668 1134 ἐμοῦ
1695 1065 1792 1136 λή-

208 1155 394 1224 ψεται,
443 1155 538 1209 καὶ
589 1154 879 1222 ἀναγγελεῖ
920 1155 1080 1225 ὑμίνο
1117 1173 1134 1206 3
1182 1154 1277 1207 καὶ
1320 1154 1642 1225 ἐμφυσήσας
1678 1154 1792 1224 (76)

209 1247 448 1300 δέδωκεν
482 1245 543 1311 ἐξ
572 1246 739 1300 αὑτοῦ
785 1248 942 1300 τοῦτο
984 1247 1098 1309 τοῖς
1147 1245 1438 1316 μαθηταῖς,
1485 1247 1578 1300 καὶ
1622 1246 1794 1310 οὑτως

212 1339 432 1410 ἐξέχεεν
457 1339 590 1394 αὑτὸ
617 1342 645 1393 6
675 1341 864 1412 Πατὴρ
899 1340 992 1394 ἐπὶ
1016 1341 1198 1392 πᾶσαν
1233 1338 1412 1411 σάρκα
1440 1339 1580 1394 κατὰ
1610 1339 1670 1392 τὸ
1705 1355 1796 1408 γε-

211 1430 570 1499 γραμμένονο
617 1429 706 1484 διά
745 1447 830 1483 τοι
875 1428 1034 1482 τοῦτο
1082 1429 1310 1494 είκότως
1362 1430 1474 1501 (77)
1525 1431 1652 1502 περὶ
1699 1430 1794 1484 τοῦ

212 1517 352 1572 Υίοῦ
384 1518 477 1571 τοῦ
513 1519 647 1572 Θεοῦ
686 1518 902 1591 πρῶτον
947 1518 1161 1590 εἴρηταί
1207 1535 1267 1571 τε
1311 1520 1404 1572 καὶ
1444 1521 1753 1590 γέγραπται
1779 1539 1790 1549 ·

213 1609 284 1662 ἶν’
323 1611 386 1661 ἐκ
409 1610 505 1679 τῆς
533 1627 597 1662 πε
609 1610 660 1680 ρί
682 1608 776 1663 τοῦ
800 1608 931 1662 Υἰοῦ
955 1608 1212 1679 γνώσεως
1243 1609 1388 1681 ἔχειν
1416 1611 1510 1664 καὶ
1537 1609 1636 1682 τὴν
1670 1612 1797 1683 περὶ

1891 530 2010 570 eam
2043 523 2379 585 pertractare
2409 513 2852 583 supersedentem
2888 510 3148 568 adversus
3199 526 3294 567 eos
3323 513 3463 568 scri-

1892 608 2019 662 bere
2045 607 2138 678 qui
2167 607 2232 662 de
2261 606 2398 661 Filio
2431 606 2525 661 Dei
2558 604 2720 676 impie
2739 605 3000 666 sentiunt,
3027 604 3324 674 dicuntque
3346 618 3461 659 rem

1893 709 2131 756 creatam
2167 701 2319 754 illum
2348 715 2491 755 esse.
2524 698 2593 752 At
2623 705 2968 769 perspectum
3003 706 3085 752 est
3111 696 3244 751 mihi
3276 704 3331 751 te
3363 711 3463 751 ne-

1893 808 2166 863 quaquam
2211 791 2691 862 reprehensurum,
2743 789 2834 844 ubi
2889 803 3112 843 causam
3163 786 3460 853 didiceris;

1894 881 2006 935 imo
2037 881 2216 950 potius
2244 896 2358 934 rem
2387 879 2670 950 probatam
2711 877 2826 934 fore
2854 878 3042 948 pietati
3072 887 3197 944 tuae,
3227 892 3355 934 cum
3383 876 3466 932 vi-

1895 971 2035 1026 derit
2061 987 2224 1042 quam
2261 980 2628 1025 consentanea
2651 969 2866 1024 ratione
2895 970 3093 1024 ductus
3127 967 3253 1023 sim.
3278 965 3468 1021 Enim-

1894 1077 2023 1117 vero
2050 1063 2198 1132 quia,
2225 1071 2284 1116 ut
2336 1062 2411 1116 ait
2445 1061 2560 1130 ipse
2599 1059 2904 1114 Dominus:
2943 1077 2962 1110 ι
3012 1057 3328 1114 Paracletus
3357 1070 3466 1112 non

1895 1155 2152 1224 loquetur
2184 1169 2213 1208 a
2261 1153 2594 1223 semetipso:
2634 1152 2728 1206 sed
2777 1164 3117 1221 quaecunque
3157 1148 3343 1203 audiet
3388 1147 3468 1202 lo-

1894 1254 2112 1316 quetur,
2158 1245 2286 1316 quia
2324 1246 2391 1300 de
2434 1260 2556 1299 meo
2602 1242 2848 1312 accipiet,
2897 1253 2953 1296 et
2995 1239 3339 1295 annuntiabit
3369 1255 3469 1294 vo-

1895 1339 1982 1394 bis
2005 1341 2082 1407 “;
2126 1358 2144 1392 3
2177 1339 2305 1409 quia
2335 1339 2463 1392 item
2495 1351 2618 1391 cum
2653 1335 3003 1400 lnsuﬂlasset,
3027 1348 3093 1388 ex
3121 1334 3300 1401 seipso
3323 1330 3473 1386 dedit

1897 1434 2048 1488 illum
2079 1429 2362 1499 discipulis
2386 1430 2429 1461 ⁶⁹
2460 1447 2473 1483 :
2507 1442 2684 1496 eoque
2716 1435 2875 1496 pacto
2908 1425 3060 1478 illum
3096 1422 3256 1478 Pater
3283 1420 3476 1477 eﬂ‘udit

1896 1538 2059 1593 super
2085 1535 2303 1575 omnem
2329 1533 2571 1582 carnem,
2601 1517 2743 1572 sicut
2777 1515 3039 1584 scriptum
3065 1514 3239 1568 est":
3273 1511 3478 1566 idcirco

1893 1617 2017 1686 jure
2051 1630 2116 1669 ac
2154 1613 2351 1668 merito
2379 1620 2504 1666 ante
2542 1626 2572 1667 a
2613 1626 2700 1665 me
2729 1609 2795 1664 de
2821 1608 2962 1663 Filio
2992 1607 3086 1663 Dei
3119 1616 3301 1662 actum
3341 1607 3478 1662 scri-

213 1699 311 1753 106
348 1700 660 1770 Πνεὺματος
686 1699 886 1769 γνῶσιν
927 1698 1105 1763 καλῶς
1131 1700 1446 1772 δυνηθῶμεν
1471 1716 1485 1730 ·
1532 1702 1649 1754 οἵαν
1686 1702 1796 1774 γὰρ

1908 1718 2161 1777 ptumque
2197 1713 2322 1770 est;
2379 1712 2438 1758 ut
2480 1718 2546 1758 ex
2579 1702 2890 1774 cognitione
2920 1699 3067 1764 Filii,
3103 1699 3378 1754 valeamus
3423 1704 3479 1754 et

214 1791 468 1862 ἐγνωμεν
499 1792 736 1864 ἰδιότητα
766 1793 859 1845 τοῦ
883 1791 1012 1845 Υίοῦ
1043 1793 1181 1863 πρὸς
1209 1794 1300 1847 16v
1331 1794 1571 1867 Πατέρα,
1597 1795 1798 1867 ταύτην

213 1886 364 1964 ἔχειν
386 1885 448 1939 16
471 1886 694 1958 Πνεῦμα
722 1887 858 1959 πρὸς
879 1888 970 1940 τὸν
985 1887 1111 1941 Υίὸν
1137 1889 1458 1960 εὑρήσομεν.
1482 1889 1592 1962 Καὶ
1613 1889 1800 1962 ὥσπερ

216 1979 248 2031 6
278 1977 408 2041 Υίὸς
433 1976 604 2046 λέγει,
639 1996 657 2029 ι
686 1979 873 2033 Πάντα
894 1980 996 2033 ὅσα
1027 1979 1140 2050 ἔχει
1173 1983 1200 2034 6
1229 1981 1420 2052 Πατὴρ
1449 1982 1560 2050 ἐμά
1581 1982 1749 2048 ἐστιν,
1775 2001 1794 2034 3

215 2067 398 2132 οὕτως
421 2069 592 2122 ταῦτα
625 2069 801 2123 πάντα
825 2070 913 2124 διὰ
940 2070 1033 2124 τοῦ
1061 2070 1192 2124 Υίοῦ
1224 2073 1525 2144 εὑρήσομεν
1551 2073 1678 2127 ὄντα
1707 2074 1802 2126 καὶ

218 2159 280 2212 ἐν
309 2158 390 2229 τῷ
427 2159 726 2230 Πνεύματι.
763 2161 874 2214 Καὶ
913 2160 989 2225 ὠς
1039 2164 1068 2215 6
1112 2161 1304 2233 Πατὴρ
1345 2161 1511 2228 ἔδειξε
1544 2164 1634 2217 τὸν
1676 2165 1802 2219 Υἱὺν

218 2251 418 2320 λέγων,
462 2272 480 2304 ι
501 2245 670 2316 U616;
716 2255 863 2307 ἐστιν
890 2256 919 2307 6
951 2253 1095 2321 Υἱός)
1121 2271 1224 2324 μου
1263 2257 1291 2307 6
1335 2256 1634 2328 ἀγαπητὸς,
1675 2259 1732 2310 ἐν
1759 2251 1804 2326 ᾧ

221 2344 524 2416 ηὑδόκησα,
554 2365 573 2398 3
607 2345 780 2409 οὑτως
816 2345 910 2399 τοῦ
944 2345 1073 2400 Υίοῦ
1101 2349 1218 2400 ἐστι
1246 2347 1307 2400 τὸ
1350 2348 1603 2419 Πνεῦμαο
1641 2368 1660 2401 ι
1684 2349 1802 2417 Ἐξ-

221 2437 510 2490 απέστειλε
534 2437 694 2509 γὰρ,ι
726 2439 890 2508 φησὶν
923 2437 951 2490 6
979 2437 1319 2504 Ἀπόστολος,
1355 2440 1442 2492 ιτὸ
1471 2439 1694 2511 Πνεῦμα
1709 2441 1803 2495 τοῦ

223 2527 359 2583 Υίοῦ
391 2527 556 2582 αὑτοῦ
590 2531 649 2582 ἐν
679 2533 798 2592 ταῖς
830 2530 1074 2599 καρδίαις
1111 2529 1265 2602 ἡμῶν
1299 2532 1517 2603 κράζονο
1553 2533 1743 2598 Ἀδδὰ,
1775 2536 1804 2587 6

223 2619 440 2691 Πατήρ.
470 2641 489 2673 3
520 2620 630 2674 Καὶ
650 2621 711 2674 16
741 2620 1065 2690 παράδοξον,
1092 2620 1280 2694 ὥσπερ
1301 2626 1329 2677 6
1355 2623 1478 2689 Υἱὸς
1502 2625 1648 2693 λέγει
1669 2625 1802 2697 (78),

221 2707 306 2760 Τὰ
341 2707 451 2778 ἐμὰ
477 2709 571 2762 τοῦ
595 2710 809 2781 Πατρός
840 2712 1008 2776 ἐστιν,
1037 2710 1210 2775 οὕτως
1240 2711 1335 2766 τοῦ
1359 2714 1570 2785 Πατρός
1591 2716 1706 2767 ἐστι
1739 2715 1798 2768 τὸ

223 2797 457 2870 Πνεῦμα
478 2800 540 2867 16
568 2799 744 2868 ἅγιον,
777 2802 913 2872 ὅπερ
940 2801 1036 2854 τοῦ
1072 2802 1203 2856 Υίοῦ
1231 2806 1467 2876 εἴρηται.
1500 2807 1672 2870 A616;
1703 2807 1804 2878 μὲν

221 2892 337 2962 γὰρ
379 2895 410 2945 6
438 2891 568 2956 Υἱὸς
617 2892 796 2962 λέγει·
838 2912 857 2946 ι
882 2895 1051 2949 Ὅταν
1083 2895 1211 2970 ἔλθῃ
1255 2897 1284 2948 6
1327 2897 1704 2969 Παράκλητος,
1746 2897 1805 2954 ὃν

221 2981 340 3051 ἐγὼ
364 2983 568 3054 πέμψω
605 2985 733 3056 ὑμῖν
763 2985 916 3056 παρὰ
945 2987 1040 3040 τοῦ
1086 2987 1319 3060 Πατρὸς,
1350 2987 1411 3041 16
1442 2989 1667 3060 Πνεῦμα
1705 2989 1804 3060 τῆς

1902 1799 2139 1869 Spiritus
2179 1795 2354 1852 sancti
2398 1804 2604 1850 rectam
2654 1792 2876 1864 assequi
2922 1791 3194 1846 notitiam.
3248 1789 3475 1856 Qualem

1899 1893 2045 1948 enim
2092 1891 2297 1947 scimus
2337 1890 2724 1960 proprietatem
2775 1902 2898 1942 esse
2942 1886 3065 1942 Filii
3111 1883 3182 1940 ad
3233 1883 3475 1942 Patrem.

1901 1984 2146 2040 eamdem
2182 1982 2248 2037 ad
2277 1980 2476 2036 Filium
2506 1980 2708 2035 habere
2735 1977 2998 2049 Spiritum
3043 1985 3292 2033 sanctum
3327 1989 3478 2029 como

1901 2076 2198 2146 periemus.
2231 2073 2299 2128 Et
2328 2071 2788 2144 quemadmodum
2817 2069 2989 2124 Filius
3013 2067 3180 2123 dicit:
3223 2084 3242 2118 ι
3283 2063 3479 2120 Omnia

1902 2181 2238 2237 quaecunque
2258 2165 2418 2220 habet
2439 2163 2620 2231 Pater,
2639 2179 2758 2218 mea
2775 2169 2903 2218 sunt
2925 2162 2992 2224 τί,
3022 2181 3039 2213 3
3070 2161 3143 2214 ita
3169 2159 3283 2214 haec
3299 2159 3481 2212 omnia

1902 2275 1999 2330 per
2017 2258 2238 2320 Filium,
2257 2256 2312 2312 in
2335 2256 2539 2326 Spiritu
2562 2270 2686 2310 esse
2711 2251 3203 2324 deprehendemus.
3232 2249 3310 2304 Ac
3338 2250 3482 2304 sicut

1904 2345 2066 2401 Pater
2110 2345 2310 2400 Filium
2361 2345 2447 2400 bis
2479 2344 2660 2400 verbis
2699 2343 2942 2397 indicat:
2979 2361 2996 2393 ι
3027 2341 3126 2397 Hic
3176 2351 3260 2396 est
3307 2338 3482 2393 Filius
3521 2387 3524 2392 .

1906 2438 2340 2506 meus‘dilectus,
2365 2437 2420 2492 in
2451 2452 2560 2507 quo
2584 2437 2717 2492 mihi
2746 2435 3047 2506 complacui
3071 2435 3116 2467 "
3144 2452 3157 2502 ;
3196 2453 3215 2487 3
3247 2433 3322 2488 ita
3344 2447 3481 2503 quo-

1904 2545 2010 2599 que
2039 2529 2163 2584 Filii
2188 2537 2272 2584 est
2305 2527 2578 2598 Spiritus:
2621 2547 2640 2580 ι
2681 2527 2825 2583 Misit
2854 2528 3020 2591 enim,
3057 2526 3132 2581 ait
3167 2523 3481 2596 Apostolus,

1906 2619 2169 2690 Spiritum
2195 2620 2317 2674 Filii
2342 2621 2427 2676 sui
2452 2621 2508 2674 in
2533 2619 2699 2675 corda
2727 2628 2918 2674 nostra
2939 2615 3479 2684 clamantem,Ahba,

1906 2711 2067 2768 Pater
2089 2713 2156 2771 ⁷³.
2198 2732 2217 2765 3
2262 2713 2328 2768 Et
2375 2713 2521 2784 quod
2556 2713 2806 2770 mirabile
2861 2723 2964 2779 est,
3017 2708 3481 2782 quemadmodum

1906 2803 2080 2860 Filius
2129 2803 2300 2859 dicit:
2334 2804 2466 2870 Qua:
2507 2820 2624 2859 mea
2659 2813 2809 2869 sunt,
2859 2803 3036 2860 Patris
3067 2811 3237 2868 sunt;
3271 2803 3350 2857 sic
3374 2799 3485 2854 Pa-

1906 2898 2006 2954 tris
2045 2907 2128 2953 est
2151 2896 2387 2968 Spiritus
2419 2911 2664 2964 sanctus,
2696 2897 2792 2967 qui
2837 2895 3018 2952 dictus
3055 2905 3138 2952 est
3172 2911 3292 2951 esse
3335 2894 3482 2949 Filii.

1909 2988 2187 3060 Siquidem
2222 2990 2336 3060 ipse
2358 2989 2528 3045 Filius
2552 2990 2668 3046 ait:
2706 3009 2725 3041 ι
2765 2989 2902 3044 Cum
2933 2991 3140 3044 venerit
3167 2988 3484 3045 Paracletus

223 3077 507 3149 ἀληθείας,
556 3079 584 3132 6
625 3080 779 3152 παρὰ
807 3081 899 3134 τοῦ
939 3081 1153 3152 Πατρὸς
1191 3080 1569 3154 ἐκπορεύεται,
1603 3085 1801 3148 ἐκεῖνος

1911 3097 2073 3153 quem
2101 3097 2201 3152 ego
2236 3083 2446 3136 mittam
2484 3083 2638 3138 vobis
2677 3098 2708 3137 a
2752 3082 2934 3148 Patre,
2971 3083 3207 3152 Spiritus
3240 3082 3484 3138 veritatis

224 3173 568 3243 μαρτυρήσει
608 3173 738 3243 περὶ
770 3173 904 3243 ἐμοῦ
930 3190 941 3201 ·
980 3192 1000 3226 3
1037 3176 1066 3227 6
1097 3174 1154 3227 66
1183 3172 1394 3238 Παῦλος
1431 3173 1630 3246 γράφει
1656 3174 1766 3246 (79)
1788 3190 1802 3204 ⁶

228 3279 250 3312 ι
285 3262 480 3326 Οὐδεὶς
506 3259 615 3316 οἶδε
635 3264 707 3318 τὰ
724 3265 819 3317 τοῦ
857 3263 1146 3337 ἀνθρώπου
1175 3266 1224 3318 εί
1257 3264 1332 3336 μὴ
1353 3263 1413 3318 16
1449 3265 1666 3337 πνεῦμα
1709 3265 1805 3319 τοῦ

223 3351 521 3424 ἀνθρώπου
551 3354 614 3408 16
659 3355 947 3410 κατοικοῦν
979 3358 1037 3410 ἐν
1074 3355 1224 3427 αὑτῷ
1254 3373 1268 3386 ‘
1306 3356 1449 3409 οὓτω
1489 3358 1583 3411 καὶ
1613 3356 1681 3411 τὰ
1711 3357 1806 3410 τοῦ

221 3445 366 3500 Θεοῦ
401 3447 578 3511 οὐδεὶς
619 3444 759 3502 οἶδεν
796 3450 845 3501 εί
879 3447 953 3520 μὴ
987 3449 1049 3502 16
1093 3447 1320 3519 Πνεῦμα
1350 3449 1444 3502 τοῦ
1473 3447 1607 3502 Θεοῦ
1647 3448 1710 3502 16
1749 3451 1808 3502 6v

223 3537 400 3608 αὐτῷ.
444 3540 636 3609 Ἡμεῖς
666 3541 726 3593 δὲ
766 3542 827 3594 οὑ
861 3541 922 3594 16
968 3539 1186 3612 πνεῦμα
1222 3541 1317 3596 τοῦ
1362 3540 1572 3612 κόσμου
1614 3539 1807 3593 ἐλάϐο-

224 3648 354 3702 μεν,
377 3631 516 3685 ἀλλὰ
552 3633 613 3685 16
652 3631 880 3702 Πνεῦμα
911 3633 971 3687 16
1013 3635 1078 3686 ἐκ
1107 3633 1200 3686 τοῦ
1235 3631 1347 3702 (80)
1377 3633 1535 3698 Θεοῦ,
1560 3632 1626 3685 ἵν’
1653 3615 1809 3687 εἴδω-

225 3737 333 3791 μεν
357 3719 428 3773 τὰ
449 3721 554 3774 ὑπὸ
578 3721 673 3775 τοῦ
699 3721 832 3774 Θεοῦ
864 3721 1193 3792 χαρισθέντα
1217 3723 1370 3792 ἡμῖν.
1393 3741 1411 3772 3
1447 3723 1556 3775 Καὶ
1577 3723 1635 3775 ἐν
1658 3721 1806 3793 πάσῃ

219 3810 284 3864 εέ
321 3811 391 3880 τῇ
423 3809 547 3882 θείᾳ
576 3812 764 3883 Γραφῇ
800 3813 1071 3883 εὑρήσεις,
1105 3813 1186 3864 ὅτι
1217 3811 1279 3864 τὸ
1311 3809 1536 3880 Πνεῦμα
1563 3810 1626 3864 16
1653 3809 1806 3879 ἅγιον

205 3901 521 3972 ’λεγόμενον
552 3903 648 3955 τοῦ
692 3903 846 3967 Υἱοῦ,
878 3903 1034 3957 τοῦτο
1064 3903 1280 3972 λέγεται
1319 3901 1415 3956 τοῦ
1449 3899 1584 3954 Θεοῦ
1625 3896 1763 3954 εἶναι
1787 3915 1802 3930 ο

224 3993 321 4046 καὶ
362 3993 524 4046 τοῦτο
567 3993 678 4065 (8|)
718 3995 776 4046 ἐν
823 3997 935 4059 τοῖς
965 3993 1274 4066 ἔμπροσθεν
1305 3993 1643 4064 ἐγράψαμεν.
1675 3991 1811 4045 Οὑκ·

225 4082 322 4135 οῦν
363 4083 412 4135 εί
459 4083 488 4135 6
521 4081 650 4145 Υἱὸς
695 4081 783 4136 διὰ
814 4084 911 4154 τὴν
956 4082 1090 4152 πρὸς
1131 4082 1221 4135 τὸν
1273 4081 1492 4152 Πατέρα
1533 4080 1767 4150 ἰδιότητα
1792 4119 1808 4145 ,

225 4174 323 4229 καὶ
355 4172 444 4226 διὰ
481 4173 546 4226 16
595 4171 735 4227 εἶναι
781 4173 945 4228 αὑτοῦ
978 4174 1078 4244 τῆς
1107 4173 1296 4237 οὑσίας
1339 4174 1471 4234 ῐδιον
1525 4173 1805 4241 γέννημα,

298 4265 348 4298 ⁸³
373 4264 533 4320 Joan.
560 4282 674 4326 xvr.
701 4265 786 4320 15.
862 4266 907 4298 ⁶⁹
932 4264 1090 4322 Joan.
1119 4282 1209 4324 xx.
1231 4265 1323 4319 22.
1400 4266 1446 4297 "°
1471 4263 1588 4320 Joel
1611 4279 1672 4328 ιι,
1694 4263 1785 4318 29.

225 4335 276 4370 ⁷⁵
297 4334 459 4391 Joan.
498 4353 588 4401 xv,
617 4336 707 4390 26.
783 4337 828 4368 ⁷⁵
852 4335 871 4388 l
896 4335 1022 4391 Cor.
1053 4352 1117 4401 ιι,
1144 4336 1232 4402 ll,
1263 4335 1349 4389 12.

1910 3173 2002 3242 qui
2037 3189 2068 3229 a
2108 3173 2267 3229 Patre
2314 3175 2578 3244 procedit,
2631 3175 2722 3230 ille
2754 3176 3129 3230 testimonium
3180 3173 3484 3245 perhibebit

1909 3263 1978 3320 de
2009 3280 2096 3320 me
2115 3265 2182 3318 ⁷⁸.
2221 3285 2239 3318 3
2271 3264 2476 3322 Paulus
2499 3277 2680 3322 autem
2710 3267 2940 3322 scribit:
2982 3285 3000 3317 ‹
3035 3265 3206 3319 Nemo
3233 3265 3336 3319 scit
3362 3279 3486 3333 qua:

1909 3367 2039 3411 sunt
2059 3357 2319 3424 hominis,
2344 3359 2452 3414 nisi
2475 3360 2699 3430 spiritus
2727 3360 2988 3426 hominis,
3014 3359 3108 3430 qui
3142 3358 3195 3412 in
3218 3358 3336 3428 ipso
3359 3366 3480 3413 est:

1908 3446 1986 3501 ita
2018 3458 2072 3501 et
2099 3437 2220 3518 qua:
2247 3447 2342 3503 Dei
2376 3458 2524 3516 sunt,
2571 3464 2734 3504 nemo
2783 3449 3056 3520 cognovit,
3093 3448 3200 3503 nisi
3247 3445 3484 3519 Spiritus

1911 3534 2029 3601 Dei,
2058 3539 2151 3608 qui
2179 3547 2262 3594 est
2290 3540 2345 3594 in
2381 3539 2519 3610 ipso.
2554 3540 2663 3595 Nos
2692 3549 2873 3595 autem
2910 3555 3016 3594 non
3041 3538 3290 3610 spiritum
3320 3537 3485 3608 hujus

1911 3627 2100 3682 mundi
2139 3629 2472 3699 accepimus,
2502 3629 2596 3685 sed
2631 3627 2894 3700 Spiritum
2936 3629 3029 3699 qui
3061 3643 3126 3684 ex
3155 3627 3266 3684 Deo
3290 3636 3392 3695 est,
3425 3639 3486 3682 ut

1911 3719 2152 3776 sciamus
2177 3735 2300 3790 qua:
2330 3736 2362 3775 a
2391 3720 2504 3776 Deo
2527 3720 2728 3776 donata
2758 3731 2887 3776 sunt
2914 3721 3074 3776 nobis
3099 3721 3166 3775 ".
3207 3739 3225 3772 3
3263 3719 3408 3786 Quin
3430 3729 3485 3775 et

1911 3809 1967 3864 in
1997 3817 2110 3865 tota
2136 3811 2321 3866 divina
2345 3813 2627 3882 Scriptura
2654 3812 2913 3882 reperies,
2939 3811 3202 3882 Spiritum
3227 3820 3482 3866 sanctum

1909 3902 2005 3972 qui
2036 3901 2236 3958 dicitur
2272 3903 2419 3968 Filii,
2453 3904 2704 3960 eumdem
2737 3903 2844 3959 dici
2892 3919 3014 3960 esse
3059 3903 3154 3959 Dei
3183 3922 3195 3958 :
3247 3903 3394 3975 quod
3425 3904 3484 3958 in

1913 3991 2286 4060 superioribus
2335 3995 2598 4064 scriptum
2636 4009 2666 4048 a
2713 3993 2874 4049 nobis
2907 4003 3010 4050 est.
3041 3993 3276 4050 Proinde
3322 3993 3484 4066 553

1915 4081 1962 4136 si
1984 4079 2177 4148 Filius,
2205 4093 2426 4154 propter
2453 4101 2608 4141 suam
2640 4086 3026 4156 proprietatem
3057 4086 3124 4141 ad
3151 4085 3390 4150 Patrem,
3429 4093 3487 4140 et

1916 4171 2063 4240 quod
2096 4173 2168 4229 sit
2211 4175 2332 4245 ejus
2364 4176 2687 4234 substantiae
2732 4177 2989 4248 proprius
3036 4175 3209 4243 ietus,
3249 4190 3357 4232 non
3398 4185 3488 4231 est

1903 4263 1948 4294 ⁷⁸
1976 4261 2135 4320 Joan.
2161 4283 2274 4326 ινι.
2303 4268 2390 4324 15.
2465 4271 2511 4302 ⁷³
2535 4269 2726 4328 Matth.
2760 4287 2856 4334 ιιι,
2886 4269 2975 4326 17.
3052 4271 3096 4302 ⁷³
3117 4269 3294 4324 Galat.
3323 4284 3398 4331 ιν,
3426 4268 3481 4322 6.

226 4427 443 4484 Celsum
468 4427 564 4482 lib.
599 4444 652 4491 ν,
679 4443 734 4497 p.
769 4429 897 4490 254,
933 4435 986 4482 et
1015 4429 1142 4482 alibi
1177 4428 1381 4498 passim
1413 4421 1814 4498 apnd_scr_ipto-
1843 4421 1888 4476 D
1917 4436 2218 4498 suc__omues
2245 4427 2374 4482 editi
2404 4436 2460 4481 et
2493 4445 2631 4485 mss.
2669 4429 2931 4486 Erasmus
2958 4431 3086 4498 legit
3111 4430 3261 4484 ὥσπε

227 4513 359 4553 res:
397 4499 451 4551 in
481 4492 702 4568 Gobler'.
732 4508 786 4552 et
816 4498 997 4553 Felck.
1028 4492 1230 4568 primo,
1260 4506 1319 4551 ut
1353 4504 1418 4568 et
1449 4492 1513 4549 in
1533 4492 1732 4568 _Regio_
1757 4499 1812 4568 et

230 4568 488 4635 Seguer.,
514 4567 813 4621 ἐπίσκοπον
846 4561 1147 4623 όεεει.Ἀιὶ
1194 4561 1494 4637 marginem
1533 4561 1686 4637 Regii
1720 4561 1811 4615 hic

226 4633 426 4692 versus
477 4638 693 4708 legitur,
739 4654 846 4693 non
891 4638 1108 4704 quidem
1146 4633 1514 4708 prima'mauu
1549 4633 1808 4708 scriptus/12

228 4709 345 4778 sed
364 4695 876 4778 paulovreceutiqre,
907 4695 1019 4778 Τὴν
1047 4695 1228 4761 πίστιν
1254 4711 1286 4776 ἡ
1297 4704 1412 4775 μῶν
1441 4695 1808 4778 ἀκριϐῶς-ὧδ’

230 4773 382 4859 (δίο)
409 4777 475 4832 ἂν
512 4776 726 4848 μάθοις.
760 4776 951 4832 Fidem
975 4773 1238 4832 'nostram
1274 4773 1358 4829 hic
1397 4773 1642 4828 accurate
1667 4773 1810 4826 didi-

227 4863 390 4902 ατη.

302 4916 419 4987 (74)
463 4916 555 4971 Sic
599 4917 768 4987 editio
813 4916 1278 4980 Commeliniana,
1311 4925 1366 4970 et
1393 4929 1586 4970 omnes
1616 4928 1810 4968 manu~

229 4985 447 5054 scripti.
474 4987 653 5042 Editio
685 4985 1034 5050 Parisiensis,
1060 4987 1358 5054 ἐπιτομεῖν.

303 5051 421 5125 (75)
457 5057 677 5112 Gobler.
711 5067 786 5127 et
841 5055 1021 5110 Felck.
1057 5057 1099 5127 Δ1
1125 5098 1139 5121 ,
1193 5051 1390 5127 μάθῃς.
1455 5051 1632 5127 Paulo
1688 5061 1809 5120 post

228 5123 432 5210 iidem,
475 5127 629 5210 Ἐπεὶ
660 5125 770 5210 γὲιρ
797 5127 874 5210 ᾡς
901 5129 944 5208 ,ὁ
979 5123 1226 5210 -Κὺριοςζθ
1260 5123 1461 5179 Ibidem
1508 5123 1708 5192 Regius
1753 5131 1809 5176 et

231 5195 485 5263 Seguer.,
516 5193 690 5250 εἶπεν.
721 5193 912 5250 Caeteri
943 5206 998 5250 et
1027 5193 1176 5258 editi,
1202 5195 1328 5266 ἔφη.

303 5261 420 5338 (76)
462 5266 554 5321 Sic
595 5266 1099 5338 RegiusL'Seguer.
1144 5261 1360 5322 Gobler.
1409 5273 1463 5318 et
1501 5261 1680 5317 Felck.
1736 5261 1803 5326 i,

230 5336 423 5401 Basil.,
451 5338 797 5460 ἐμφοσίὶσας..
833 5336 995 5398 Editi,
1031 5338 1362 5406 εὑφυσήσας.

301 5407 418 5460 (77)
459 5406 641 5460 hdmo
706 5422 861 5460 ιιι-ιε..
895 5407 1122 5460 εἰκότος.
1153 5407 1315 5460 male.
1348 5406 1362 5424 '

301 5407 418 5479 (77)
459 5404 641 5479 Editio
660 5404 861 5479 Paris:
895 5404 1315 5479 ei;610;,_n16|_e.
1348 5405 1419 5479 Τε
1453 5411 1592 5479 post_
1593 5404 1804 5475 εἴρηται

227 5472 470 5534 ἀεὲειῖιι
492 5477 712 5533 Gohler.
744 5487 797 5531 et
818 5475 999 5530 Felck.
1027 5477 1078 5530 1.
1109 5475 1230 5529 Mox
1253 5474 1456 5544 Regius
1478 5485 1530 5528 et
1560 5472 1804 5543 Seguer.,

228 5548 418 5672 ῐῖαΐὲῗ
590 5547 815 5612 Ibidem,
853 5546 945 5600 106
974 5555 1100 5602 ante
1134 5546 1265 5600 Υἱοῦ
1293 5549 1442 5601 deest
1483 5545 1537 5598 in
1583 5544 1803 5600 Gobler.

228 5635 262 5672 ε
358 5633 440 5672 ec
484 5661 495 5670 .
573 5659 585 5670 .

226 5628 285 5675 et
316 5619 473 5673 Felck
484 5661 495 5670 .
534 5619 585 5670 1.

304 5687 420 5757 (78)
460 5687 664 5757 Regius
691 5697 742 5743 et
772 5685 1019 5758 Seguer.,
1055 5686 1226 5754 ἔλεγε.
1264 5684 1431 5740 Paulo
1463 5694 1616 5754 post,
1647 5686 1804 5754 ὅπερ,

1984 4449 1997 4477 ι
2026 4449 2218 4482 omnes
2245 4449 2374 4482 eum
2404 4449 2460 4481 et
2493 4449 2631 4485 mss.
2669 4449 2931 4486 nrasmus
2959 4449 3006 4484 te
3046 4449 3086 4485 ιι
3111 4449 3261 4484 ωσπε
3305 4471 3319 4484 .

1984 4493 2096 4571 (_7_9_)
2125 4496 2295 4571 _Ha:c,
2326 4502 2354 4552 6
2383 4498 2439 4551 66
2469 4498 2677 4562 Παῦλος
2703 4500 2940 4571 γράφει,
2981 4449 3181 4556 οῗευιιι
3206 4517 3236 4555 a
3265 4449 3481 4556 Eobler.

1911 4570 1966 4640 _et
1998 4563 2180 4640 Felek.
2213 4569 2409 4640 primo,
2437 4563 2898 4640 postiquze'irerha
2925 4563 3194 4640 particula
3222 4571 3313 4624 καί
3341 4571 3485 4640 lege-

1910 4630 2070 4714 batur
2100 4637 2155 4714 ιιι
2187 4630 2348 4714 editis
2377 4630 2790 4714 et'quibusdam
2830 4630 2964 4714 ηιεέ
2990 4680 3004 4704 ,
3046 4642 3141 4714 sed
3185 4656 3310 4695 cum
3344 4630 3486 4714 désit

1909 4703 1964 4776 in
1995 4702 2189 4776 Regio,
2229 4705 2452 4776 segucr.
2479 4702 2552 4763 ἐι
2595 4707 2903 4770 Basiliensi,
2949 4702 3153 4764 omissa
3201 4719 3306 4764 est.
3357 4709 3483 4765 Mox

1909 4771 2130 4847 Gobier.
2159 4771 2423 4847 ethFe'lck.
2452 4779 2664 4847 primus
2684 4818 2698 4842 ,
2737 4779 2798 4847 16
2831 4781 3054 4847 Πνεῦμα
3092 4779 3154 4832 16
3196 4779 3483 4834 κατοικοῦν

1909 4797 2126 4829 uumer.
2159 4797 2210 4830 et
2242 4797 2423 4832 I‘CICK.
2452 4797 2664 4847 primus
2684 4818 2698 4842 ,
2737 4797 2798 4830 το
2831 4797 2971 4832 ιινευ
3021 4797 3054 4831 α
3092 4797 3154 4832 το
3196 4797 3483 4834 κατοικουν

1906 4844 1964 4896 ἐν
1994 4844 2168 4924 αὑτῷ.
2203 4845 2373 4924 Editi1
2395 4849 2471 4924 16_
2501 4849 2722 4918 πνεῦμα
2757 4845 2871 4924 (τοῦ
2903 4797 3298 4924 «619619qu
3325 4854 3484 4913 (κατε

1906 4917 2119 4989 οικοῦν)
2152 4919 2209 4969 ἐν
2235 4917 2568 4989 αὑτῷηιὶεε.
2599 4917 3086 4989 vero_Seguer.'et
3117 4919 3308 4981 Basil.,
3341 4935 3482 4988 quos

1906 4987 2210 5058 sequimur,
2225 4987 2287 5058 16
2305 4987 2640 5058 πνεῦμαίτοῦ
2667 4987 2955 5058 ἀνθρώπου
2977 4989 3038 5041 16
3063 4987 3372 5043 κατοικοῦν.

1980 5006 2210 5051 julmur,
2225 5006 2287 5040 το
2305 5006 2521 5058 πνευμα
2548 5006 2640 5042 του
2667 5006 2764 5041 ανυ
2806 5007 2955 5042 ωπον
2977 5006 3038 5041 το
3063 5006 3372 5043 κατοικουν.

1980 5055 2094 5129 (80)
2114 5057 2219 5110 Τοῦ
2245 5057 2476 5129 ἀθεειίὶιι
2502 5058 2726 5129 Seguer.
2749 5006 2968 5113 ἔθυιεν.
2990 5069 3044 5112 et
3072 5059 3253 5112 Felck.
3277 5059 3474 5127 primo.

1905 5122 2028 5199 Mox
2064 5122 2265 5198 Regius
2309 5138 2364 5182 et
2398 5122 2648 5198 Segnia,
2697 5129 2782 5181 ἵνα
2828 5129 3077 5199 εἴδωμεν.
3133 5122 3301 5184 Paulo
3333 5138 3475 5197 post,

1906 5196 2001 5250 καί
2041 5196 2252 5272 ante_6_v
2280 5200 2454 5272 πάσῃΔ
2475 5196 2662 5272 deerat
2706 5201 2760 5252 in
2789 5196 3030 5272 editis—et
3061 5201 3116 5252 in
3149 5196 3476 5268 quibusdam

1905 5281 2066 5330 mss.,
2091 5269 2184 5323 sed
2218 5268 2498 5336 legitur'in
2534 5269 2697 5338 Regio
2726 5277 2781 5323 et
2813 5268 3037 5337 Seguer.

1977 5339 2090 5408 (81)
2135 5339 2226 5393 Sic
2272 5339 2493 5410 Regius,
2539 5338 2763 5410 Seguer.
2812 5338 2979 5410 Basil.
3023 5339 3083 5393 ln
3115 5353 3244 5410 rquo
3294 5346 3474 5392 tamen

1906 5405 2183 5480 poStremo
2212 5405 2382 5473 deest',
2423 5411 2481 5480 ἐν
2508 5405 2643 5472 τοίςῖ.
2683 5409 2820 5480 inditi
2843 5448 2858 5472 ,
2908 5405 3044 5463 εἶναι
3065 5427 3083 5440 ο
3109 5405 3247 5480 ὅπερ
3279 5411 3336 5480 63
3363 5412 3478 5480 τοῖς

1905 5479 2253 5564 ἔμπροσθεν..
2273 5480 2392 5560 Mox
2421 5479 2896 5564 R_egiu‘s,'Seg‘tie_r.
2938 5481 3156 5564 (Eqbier.
3204 5477 3258 5564 ἐξ
3288 5477 3473 5564 ιῖυιςις.

1905 5546 2138 5673 gridmus,
2187 5549 2398 5606 Οὐκοῦν
2429 5553 2475 5604 ει
2503 5546 2533 5603 6
2563 5550 2710 5614 Υἱός.
2743 5546 2882 5606 Editi
2906 5592 2922 5619 ,
2946 5552 3061 5606 Οὑκ
3088 5546 3182 5606 οὖν
3217 5549 3407 5620 ὤιτς-ερ
3445 5550 3478 5602 6

1959 5637 1973 5672 ι
2008 5637 2060 5673 c.

1959 5637 2060 5683 ιος.
