3822 6226
338 304 444 362 6ὶῖ

909 308 965 364 S.
1004 306 1377 363 ATHANASII
1417 305 1567 364 OPP.
1609 305 1789 363 PARS
1828 308 1864 363 Ι.
1900 336 1968 348 -
2003 307 2370 364 HlSTORlCA
2408 308 2496 366 ΕΤ
2536 311 2958 368 DOGMATICA.

3494 318 3603 374 628

336 430 608 488 creatura,
642 423 736 479 sed
769 422 920 478 Patri
948 423 1459 488 consubstantialis,
1484 425 1564 478 sic
1606 439 1706 479 nec
1736 423 1909 491 Spiri-

2034 425 2116 477 ιύκ
2139 425 2252 478 ἔστι
2281 427 2506 496 κτίσμα,
2545 427 2673 480 ἀλλ”
2704 429 2987 498 ὁμοοιῖσιος
3015 429 3110 482 τοῦ
3154 432 3366 502 Πατρός
3385 449 3397 464 ⁸
3425 433 3603 498 οῦτως

337 527 426 572 tus
480 527 702 572 sanctus
740 515 902 572 fuerit
942 525 1235 572 creatura:
1285 517 1418 586 quin
1463 519 1629 572 etiam
1665 517 1767 587 qui
1815 519 1924 572 hoc

337 607 474 662 dicit
502 608 701 677 impius
730 615 835 672 est,
879 607 950 660 ob
999 608 1389 678 proprietatem
1420 609 1634 664 scilicet
1681 608 1799 678 ejus
1846 607 1910 661 ad

335 695 532 751 Filium
563 715 578 763 ;
611 707 665 752 et
689 698 815 766 quia
844 712 908 752 ex
943 699 1063 769 ipso
1093 698 1256 754 datur
1277 699 1556 766 omnibus,
1585 711 1639 754 et
1673 715 1796 769 qua:
1825 699 1918 753 ha-

336 789 426 841 bet
451 787 539 840 ille
566 785 687 841 Filii
719 797 872 843 sunt.

405 877 460 932 2.
497 876 594 932 Sat
655 880 874 949 quidem
920 881 1038 935 haec
1082 878 1315 936 fuissent
1365 882 1431 935 ad
1476 881 1911 951 persuadendum

333 969 421 1024 vel
457 969 632 1026 cuivis
660 971 1026 1036 contentiosa,
1058 988 1127 1026 ne
1159 980 1282 1041 post
1315 972 1430 1026 haec
1468 972 1672 1028 diceret
1698 983 1912 1027 creatu-

332 1077 450 1116 ram
486 1077 608 1117 esse
638 1061 755 1126 Dei,
786 1078 911 1116 eum
942 1063 1036 1131 qui
1065 1075 1149 1117 est
1181 1064 1232 1116 in
1260 1062 1391 1128 Deo,
1418 1064 1621 1134 quique
1643 1063 1911 1133 profunda

332 1155 426 1210 Dei
469 1164 769 1218 scrutatur.
799 1167 853 1211 et
898 1172 964 1210 ex
994 1156 1152 1211 Patre
1200 1173 1296 1226 per
1341 1156 1539 1212 Filium
1590 1159 1790 1213 datur:
1843 1174 1912 1213 ne

332 1248 463 1305 hinc
487 1250 797 1318 adigeretur
819 1259 875 1304 ut
891 1248 1090 1304 Filium
1111 1265 1331 1320 quoque
1354 1251 1558 1306 diceret
1580 1261 1908 1316 creaturam,

331 1339 427 1409 qui
455 1347 541 1394 est
569 1338 828 1404 Verbum,
863 1339 1150 1406 sapientia,
1175 1339 1370 1410 ﬁgura,
1420 1340 1674 1409 splendor
1700 1359 1712 1394 :
1746 1357 1907 1411 quem

331 1431 427 1498 qui
455 1431 620 1494 videt,
643 1430 790 1488 videt
817 1441 870 1486 et
894 1430 1109 1486 Patrem
1137 1449 1151 1498 ;
1185 1447 1248 1485 ac
1277 1448 1344 1487 ne
1375 1432 1630 1501 deinceps
1660 1433 1906 1489 audiret:

337 1540 356 1572 ι
395 1521 500 1588 Qui
535 1531 696 1592 negat
731 1521 949 1588 Filium,
982 1538 1158 1593 neque
1177 1522 1395 1578 Patrem
1428 1525 1592 1580 habet
1613 1527 1678 1580 ⁷⁸.
1704 1545 1723 1578 ι
1750 1526 1909 1596 Ejus-

332 1614 480 1668 modi
509 1615 709 1684 quippe
753 1614 916 1670 homo
955 1615 1216 1684 paulatim
1261 1616 1614 1686 pragredieus
1658 1617 1918 1673 dicturus

329 1719 501 1766 estut
527 1710 616 1765 ille
645 1710 945 1779 insipiens:
979 1727 998 1761 ι
1039 1708 1156 1764 Non
1190 1719 1274 1765 est
1305 1710 1448 1765 Deus
1475 1711 1540 1762 ⁷⁷.
1598 1729 1616 1762 ι
1651 1709 1903 1764 Attamen

2017 517 2124 569 οῦκ
2151 517 2216 570 ἄν
2243 517 2326 587 εἴη
2377 519 2496 572 οὐδὲ
2537 520 2598 572 τὸ
2643 521 2870 590 Πνεῦμα
2909 521 2970 574 τὸ
2999 521 3155 590 ἀγιον
3187 524 3391 593 κτίσμα
3411 563 3426 588 ,
3461 524 3604 579 ἀλλὰ

2016 606 2111 658 καῖ
2136 605 2336 677 ἀσεϐὴς
2376 609 2404 660 6
2443 607 2620 676 λέγων
2660 608 2840 674 τοῦτο,
2890 609 2979 662 διὰ
3017 611 3115 681 τὴν
3166 611 3302 682 πρὸς
3331 612 3424 665 τὸν
3467 614 3604 666 Υίδν

2018 697 2256 767 ἰδιότητα
2292 698 2478 763 αὐτοῦ,
2508 701 2602 753 καὶ
2635 702 2716 754 ὅτι
2738 699 2797 765 ἐξ
2821 701 2984 754 αὐτοῦ
3011 701 3212 756 δίδοται
3250 706 3410 769 πᾶσι,
3442 707 3539 759 καὶ
3567 706 3603 760 ἃ

2014 788 2249 859 ἔχειτοῦ
2285 791 2412 844 Υίοῦ
2447 793 2618 846 ἐστιν.

2014 912 2016 914 τ
2082 879 2136 933 2.
2188 881 2372 934 Ἱκανὰ
2419 883 2519 953 μὲν
2551 878 2644 936 οῦν
2687 885 2779 937 καὶ
2825 885 2996 938 ταῦτα
3042 890 3230 940 πεῖσαι
3265 889 3360 941 καὶ
3411 890 3596 942 πάντα

2010 973 2250 1025 ὁντινοῦν
2278 974 2391 1044 (82)
2426 975 2747 1044 φιλόνεικον,
2783 977 2980 1046 μηκέτι
3034 977 3216 1046 λέγειν
3246 981 3454 1050 κτίσμα
3501 980 3602 1033 τοῦ

2010 1060 2168 1123 Θεοῦ,
2200 1061 2262 1113 τὸ
2301 1063 2360 1114 ὲν
2393 1062 2469 1132 τῷ
2497 1062 2633 1133 Θεῷ,
2668 1066 2762 1117 καὶ
2785 1065 2852 1118 τά
2883 1065 3022 1136 βάθη
3048 1068 3285 1138 ἐρευνῶν
3312 1068 3406 1122 τοῦ
3439 1070 3600 1133 Θεοῦ,

2010 1153 2104 1206 καὶ
2138 1155 2202 1206 ὲκ
2239 1154 2452 1226 Ila-:96;
2485 1155 2552 1208 δι’
2577 1155 2706 1208 Υίοῦ
2743 1157 3017 1228 διδόμενον
3047 1173 3062 1187 ·
3100 1160 3186 1212 ἵνα
3242 1160 3316 1232 μὴ
3365 1163 3439 1215 ὲκ
3476 1163 3603 1216 τούο

2007 1262 2116 1297 των
2142 1247 2460 1319 ἀναγκασθῇ
2497 1250 2591 1302 καὶ
2626 1250 2717 1302 τὸν
2744 1250 2872 1304 Υίὸν
2911 1253 3083 1305 εἰπεῖν
3107 1254 3333 1324 κτίσμα,
3369 1255 3463 1308 τὸν
3499 1257 3602 1310 A6-

2009 1351 2126 1402 γον,
2162 1336 2262 1407 τὴν
2313 1337 2538 1405 σοφίαν,
2570 1339 2661 1391 τὸν
2711 1339 3058 1410 χαρακτῆρα,
3105 1340 3167 1392 τὸ
3210 1341 3557 1413 ἀπαύγασμα
3584 1383 3601 1408 ,

2008 1425 2068 1478 ὃν
2101 1426 2242 1497 ὁρῶν
2271 1444 2357 1491 τις
2383 1429 2484 1499 ὁρᾷ
2506 1428 2594 1482 τὸν
2628 1429 2870 1499 Πατέρα,
2901 1432 2994 1483 καὶ
3017 1429 3201 1484 λοιπὸν
3225 1431 3440 1503 ἀκούσῃ
3464 1433 3604 1504 (85):

2014 1540 2032 1570 ι
2075 1520 2131 1573 Ὀ
2161 1521 2493 1593 ἀρνούμενος
2524 1523 2615 1575 τὸν
2659 1522 2807 1588 Υἱὸν,
2853 1525 2974 1578 οὐδὲ
3019 1526 3113 1578 τὸν
3147 1527 3370 1598 Πατέρα
3404 1527 3545 1597 ἔχει.
3579 1549 3597 1579 ο

2008 1613 2164 1678 Λέξει
2191 1613 2301 1684 7&9
2336 1615 2458 1668 κατ’
2483 1614 2662 1684 ὀλίγον
2691 1618 2718 1670 6
2746 1616 3004 1682 τοιοῦτος,
3036 1618 3113 1681 ὡς
3135 1621 3162 1671 6
3185 1619 3396 1690 ἄφρων
3437 1639 3455 1671 ι
3486 1623 3604 1674 Οὐκ

2006 1705 2122 1758 ἐστι
2157 1706 2308 1769 Θεὸς.
2338 1725 2357 1757 ι
2397 1706 2589 1777 Ὅμως
2614 1707 2670 1760 δὲ
2701 1709 2840 1780 ὑπὲρ
2859 1709 2954 1762 τοῦ
2989 1711 3052 1762 ὲκ
3075 1709 3337 1764 πλειόνων
3377 1711 3603 1783 δειχθῆυ

330 1813 387 1858 ιιι
429 1803 678 1872 pluribus
714 1801 1051 1872 argumentis
1085 1802 1238 1871 impii
1274 1802 1691 1867 convincantur,
1731 1816 1909 1872 operae

2034 1815 2096 1850 ἀι
2123 1798 2216 1850 τὸν
2264 1799 2553 1854 κατάετῶν
2587 1800 2798 1853 ἀσεϐῶν
2851 1801 3071 1872 ἔλεγχον
3121 1803 3307 1868 καλὸν,
3342 1804 3399 1871 ἐξ
3445 1799 3522 1858 ὧν
3572 1807 3604 1858 δ

327 1898 565 1965 pretium
606 1894 791 1963 fuerit,
824 1910 888 1950 ex
930 1894 1130 1964 quibus
1161 1893 1334 1948 Filius
1359 1894 1766 1948 demonstratur
1800 1907 1908 1947 non

327 2003 450 2042 esse
497 1995 680 2041 creata
728 2001 836 2048 res,
881 2000 949 2039 ex
999 1985 1192 2040 iisdem
1225 1985 1469 2055 'probare
1504 1999 1603 2039 nec
1643 1984 1908 2053 Spiritum

327 2089 578 2136 sanctum
621 2094 746 2134 esse
795 2093 914 2132 rem
959 2086 1224 2132 creatam.
1276 2075 1352 2129 Ex
1409 2092 1518 2130 non
1567 2075 1910 2131 exstantibus

326 2183 457 2228 sunt
487 2187 574 2227 res
605 2182 824 2236 creatae,
850 2182 904 2225 et
922 2170 1138 2225 initium
1167 2169 1372 2223 habent
1390 2167 1724 2244 exsistendi:
1758 2183 1906 2227 nam.

333 2285 352 2316 ι
391 2263 448 2318 In
491 2262 761 2334 principio
815 2260 943 2316 fecit
998 2259 1143 2316 Deus
1190 2259 1390 2315 cmlum
1415 2266 1469 2312 et
1495 2266 1695 2313 terram
1717 2259 1785 2324 ⁷⁸,
1813 2279 1832 2312 ι
1857 2265 1912 2312 et

325 2371 450 2426 quas
477 2356 533 2411 in
565 2355 673 2411 illis
719 2362 872 2410 sunt.
901 2354 970 2407 At
1001 2351 1240 2422 Spiritus
1283 2361 1508 2408 sanctus
1553 2369 1622 2408 ex
1668 2351 1781 2407 Deo
1826 2363 1911 2406 est

325 2450 656 2518 diciturque,
696 2455 758 2502 ut
787 2448 864 2502 ait
895 2445 1207 2514 Apostolus.
1255 2444 1410 2511 Quod
1464 2445 1509 2500 si
1560 2444 1730 2498 Filius
1781 2445 1910 2514 quia

324 2553 437 2593 non
472 2546 557 2592 est
586 2552 654 2591 ex
693 2550 806 2591 non
833 2533 1200 2597 exstantibus,
1231 2533 1324 2588 sed
1345 2548 1413 2588 ex
1439 2532 1570 2598 Deo,
1599 2547 1706 2588 non
1736 2541 1913 2602 potest

322 2643 446 2686 esse
472 2635 770 2684 creatura:
794 2639 927 2696 ergo
961 2640 1062 2680 nec
1092 2624 1330 2696 Spiritus
1371 2633 1598 2680 sanctus
1631 2632 1716 2678 est
1751 2638 1908 2678 crea-

324 2727 451 2774 tura
486 2736 502 2772 :
543 2715 988 2788 quandoquidem
1021 2714 1078 2769 in
1115 2715 1369 2769 confesso
1400 2721 1484 2768 est
1523 2729 1648 2768 eum
1683 2728 1750 2768 ex
1799 2711 1910 2768 Deo

323 2825 468 2868 esse.
506 2809 646 2865 Nam
669 2817 934 2864 creatura:
959 2815 1088 2864 sunt
1114 2822 1179 2862 ex
1209 2822 1320 2862 non
1349 2805 1718 2863 exstantibus.

398 2903 453 2958 5.
511 2902 754 2956 Rursum
799 2901 986 2956 unctio
1022 2908 1079 2955 et
1115 2899 1456 2970 signaculum
1487 2899 1687 2954 dicitur
1725 2907 1780 2952 et
1826 2905 1911 2952 est

327 2994 570 3066 Spiritus
620 3003 864 3050 sanctus.
898 2991 1102 3049 Scribit
1142 2993 1286 3048 enim
1333 2989 1613 3048 Joannes:
1650 3010 1671 3043 ι
1711 2989 1777 3045 Ει
1811 3006 1909 3046 vos

324 3087 648 3142 unctionem
686 3101 849 3156 quam
886 3083 1178 3155 accepistis
1215 3083 1286 3138 ab
1322 3099 1389 3140 eo
1419 3093 1603 3140 manet
1631 3083 1686 3138 in
1730 3082 1904 3137 vobis.

323 3175 394 3232 Et
425 3192 544 3232 non:
575 3191 803 3233 necesse
831 3175 1067 3242 habetis,
1099 3185 1165 3230 ut
1191 3175 1390 3246 aliquis
1421 3175 1616 3230 doceat
1642 3189 1739 3230 vos
1766 3193 1782 3229 :
1815 3175 1909 3229 sed

327 3268 475 3323 sicut
501 3267 689 3322 unctio
719 3266 861 3336 ejus,
899 3265 1126 3336 spiritus
1157 3265 1277 3334 ejus
1306 3265 1466 3320 docet
1505 3280 1602 3319 vos
1630 3266 1696 3319 de
1729 3265 1910 3319 omni-

251 3343 254 3346 .
324 3358 430 3423 bus
443 3357 520 3422 ,7’.
553 3374 579 3408 ι
605 3355 664 3410 In
692 3355 829 3411 Isaia
858 3370 990 3410 vero
1019 3355 1284 3426 propheta
1301 3355 1576 3427 scriptum"
1594 3361 1677 3411 est
1703 3373 1717 3410 :
1741 3372 1760 3407 ι
1785 3355 1910 3426 Spi-

326 3448 468 3503 ritus
501 3445 721 3503 Dumini
767 3461 932 3516 super
968 3461 1076 3510 me,
1124 3461 1192 3502 eo
1225 3447 1370 3516 quod
1399 3449 1616 3502 unxerit
1647 3462 1735 3502 me
1755 3447 1802 3480 “
1830 3467 1844 3502 :
1885 3466 1905 3500 ι

329 3539 534 3596 Paulus
579 3549 763 3595 autem
814 3540 894 3596 sic
924 3539 1158 3596 scribit:
1210 3557 1230 3592 ι
1282 3542 1341 3594 In
1381 3555 1491 3609 quo
1526 3551 1581 3594 et
1627 3539 1910 3594 credentes

331 3631 533 3702 signati
580 3631 714 3686 estis
737 3632 823 3697 δίς
863 3650 882 3682 ι
916 3639 971 3686 et
1013 3630 1212 3687 iterum
1243 3649 1258 3686 :
1297 3651 1315 3684 ι
1373 3629 1552 3687 Nolite
1581 3632 1912 3688 contristare

332 3722 599 3792 Spiritum
637 3731 912 3786 sanctum,
965 3721 1024 3778 in
1073 3737 1186 3794 quo
1231 3723 1433 3795 signati
1482 3723 1634 3790 estis,
1679 3722 1734 3777 in
1767 3723 1912 3778 diem

329 3815 722 3886 redemptionis
740 3817 809 3870 δ’.
849 3835 868 3867 ι
906 3813 1118 3872 Creataa
1142 3826 1325 3872 autem
1350 3831 1438 3871 res
1460 3815 1516 3870 in
1555 3815 1659 3870 hoc
1695 3831 1914 3886 ungun-

343 3916 428 3964 tur
449 3915 504 3962 et
529 3908 816 3978 signantur
845 3926 858 3961 :
887 3907 1032 3976 quod
1063 3909 1110 3963 si
1137 3917 1334 3964 creata:
1366 3923 1453 3962 res
1481 3908 1534 3961 in
1565 3907 1668 3962 hoc
1700 3924 1915 3976 ungun-

333 4006 424 4052 tur
446 4005 503 4052 et
531 3996 840 4067 signantur,
873 4011 1219 4067 nequaquam
1260 4003 1508 4050 creatura
1543 3994 1705 4049 fuerit
1740 3993 1912 4064 Spiri-

331 4099 468 4144 tus:
493 4103 671 4158 neque
702 4088 849 4142 enim
879 4087 1058 4142 simile
1079 4095 1169 4142 est
1195 4087 1340 4156 quod
1370 4086 1524 4156 ungit
1555 4086 1621 4140 iis
1651 4101 1773 4155 qua:
1806 4101 1911 4138 un—

331 4189 556 4251 guntur.
588 4177 804 4232 Etenim
847 4178 964 4230 haec
1009 4177 1196 4231 unctio
1229 4176 1390 4232 ﬂatus
1416 4185 1502 4230 est
1534 4174 1654 4230 Filii
1679 4193 1701 4241 ;-
1727 4183 1786 4228 ut
1819 4175 1912 4244 qui

331 4271 497 4326 habet
540 4267 806 4340 Spiritum
845 4267 1036 4323 dicat:
1083 4286 1102 4319 ι
1154 4266 1360 4322 Christi
1407 4266 1586 4322 bonus
1633 4265 1770 4320 odor
1820 4281 1915 4321 su~

405 4476 453 4507 ⁷⁸
490 4472 914 4539 Ηοιιιι.ιι,.25.
1028 4473 1074 4504 ⁷⁷
1099 4469 1245 4527 Psal.
1280 4486 1402 4537 xm,
1425 4470 1486 4524 1..

326 4549 372 4582 ⁸³
405 4545 604 4615 Ephes.
639 4561 713 4611 iv,
742 4545 832 4600 50.

1591 4470 1636 4502 ⁷⁸
1665 4469 1808 4528 Gen.
1831 4485 1870 4536 ι,
1901 4472 1954 4525 1.

2013 1888 2144 1952 Υἱὸς
2167 1889 2443 1944 δείκνυται
2479 1890 2554 1962 μὴ
2595 1890 2670 1942 ὢν
2705 1891 2945 1960 κτίσμα,
2976 1893 3040 1944 ὲκ
3078 1892 3285 1948 τούτων
3311 1894 3480 1960 δεῖξαι
3505 1897 3604 1948 καὶ

2011 1978 2071 2033 τὸ
2110 1980 2336 2052 Πνεῦμα
2373 1981 2446 2052 μὴ
2475 1977 2614 2034 εἶναι
2657 1983 2884 2052 κτίσμα.
2936 1982 3025 2046 Ἐξ
3050 1984 3149 2036 οῦκ
3183 1984 3352 2038 ὄντων
3378 1987 3496 2039 ἐστὶ
3529 1986 3603 2039 τὰ

2009 2071 2302 2144 κτίσματα,
2339 2074 2433 2126 καὶ
2460 2074 2571 2146 (84)
2601 2074 2775 2146 ἀρχὴν
2801 2073 3026 2145 ἔχειτοῦ
3051 2071 3190 2129 εἶναι
3211 2094 3224 2107 ·
3246 2095 3266 2128 ι
3291 2079 3378 2130 Ἐν
3405 2079 3549 2149 ἀρχῇ
3577 2099 3596 2129 ι

2008 2165 2117 2236 7&9
2154 2185 2172 2216 ι
2196 2167 2451 2236 εποίησεν
2490 2169 2518 2220 6
2545 2167 2679 2230 Θεὸς
2713 2169 2804 2220 τὸν
2851 2167 3079 2238 οὐρανὸν
3120 2169 3214 2222 καὶ
3253 2169 3352 2240 τὴν
3396 2172 3534 2242 γῆν,
3575 2190 3595 2222 ι

2010 2257 2104 2309 καὶ
2131 2255 2198 2310 τά
2247 2259 2305 2313 ὲν
2353 2259 2557 2322 αὐτοῖς.
2599 2259 2671 2312 Τὸ
2711 2259 2768 2312 δὲ
2814 2259 3037 2330 Πνεῦμα
3084 2260 3145 2312 τὸ
3194 2261 3349 2330 ἆγιον
3387 2263 3454 2315 ἐκ
3498 2263 3600 2316 τοῦ

2009 2347 2143 2401 Θεοῦ
2167 2349 2304 2410 ἐστι,
2335 2351 2428 2402 καὶ
2455 2350 2694 2418 λέγεται,
2722 2352 2798 2412 ὡς
2821 2349 2972 2407 εἶπεν
2995 2357 3023 2408 6
3059 2354 3404 2417 Ἀπόστολος.
3437 2355 3502 2407 Εἰ
3539 2355 3602 2408 δὲ

2008 2444 2038 2495 6
2069 2442 2215 2506 Υἱὸς,
2253 2441 2442 2512 ἐπειδὴ
2469 2443 2582 2514 (85)
2614 2444 2673 2510 ἐξ
2711 2445 2812 2498 οῦκ
2843 2447 3016 2502 ὄντων
3037 2448 3138 2500 οῦκ
3167 2446 3335 2511 ἔστιν,
3385 2447 3500 2501 ἀλλ’
3534 2451 3603 2502 ὲκ

2008 2533 2102 2586 τοῦ
2135 2532 2292 2597 Θεοῦ,
2333 2533 2560 2597 εἰκότως
2587 2533 2688 2589 οῦκ
2717 2534 2783 2588 ἂν
2826 2535 2911 2606 εἴη
2944 2537 3170 2606 κτίσμα,
3207 2534 3419 2606 ἀνάγκη
3459 2537 3604 2607 μηδὲ

2008 2623 2070 2677 τὸ
2102 2622 2326 2693 Πνεῦμα
2372 2623 2434 2676 τὸ
2480 2624 2634 2694 ἀγιον
2675 2620 2816 2678 εἶναι
2865 2626 3106 2696 κτίσμα·
3155 2625 3342 2696 ἐπειδὴ
3395 2626 3460 2679 ὲκ
3499 2626 3604 2680 τοῦ

2007 2712 2144 2767 Θεοῦ
2175 2715 2540 2786 ὡμολόγηται.
2590 2717 2671 2771 Τά
2709 2717 2818 2789 7&9
2867 2717 3139 2788 κτίσματα
3186 2717 3244 2784 ἐξ
3282 2718 3381 2770 οῦκ
3423 2718 3603 2772 ὄντων

2009 2803 2184 2857 ἐστίν.

2078 2893 2132 2948 3.
2175 2893 2286 2947 Καὶ
2307 2893 2470 2948 πάλιν
2493 2895 2704 2968 χρίσμα
2733 2897 2826 2949 καὶ
2853 2898 3089 2968 σφραγὶς
3114 2897 3334 2966 λέγεται
3363 2900 3459 2952 καὶ
3479 2899 3607 2952 ἔστι

2007 2981 2068 3036 τὸ
2095 2983 2317 3054 Πνεῦμα
2340 3002 2353 3015 ο
2389 2987 2416 3039 6
2451 2986 2548 3056 μὲν
2589 2986 2700 3058 (86)
2729 2988 2835 3059 7&9
2881 2989 3133 3059 Ἰωάννης
3157 2989 3387 3060 γράφειο
3433 3009 3452 3042 ι
3479 2993 3598 3045 Kal;

2011 3074 2168 3145 ὑμεῖς
2189 3076 2251 3129 τὸ
2278 3077 2485 3148 χρίσμα
2505 3077 2532 3130 6
2562 3077 2784 3132 ἐλάϐετε
2815 3082 2945 3150 παρ’
2978 3080 3142 3133 αὑτοῦ
3171 3082 3319 3151 μένει
3352 3084 3408 3134 ὲν
3440 3083 3600 3154 ὑμῖν·

2016 3167 2111 3221 καὶ
2138 3168 2198 3220 οὐ
2223 3169 2411 3239 χρείαν
2445 3170 2617 3240 ἔχετε,
2650 3172 2734 3224 ἵνα
2763 3189 2847 3236 τις
2875 3172 3098 3245 διδάσκῃ
3135 3176 3278 3245 ὑμᾶς
3310 3175 3447 3245 (87),
3479 3177 3606 3229 ἀλλ’

2013 3257 2090 3321 ὡς
2124 3258 2184 3310 τὸ
2212 3259 2376 3311 αὐτοῦ
2403 3261 2632 3331 χρίσμα,
2659 3261 2720 3314 τὸ
2744 3263 2960 3333 πνεῦμα
2989 3264 3152 3317 αὐτοῦ
3178 3264 3422 3318 διδάσκει
3450 3267 3607 3337 ὑμᾶς

2014 3350 2144 3421 περὶ
2171 3350 2387 3405 πάντων
2409 3367 2420 3381 ·
2449 3371 2466 3404 ι
2505 3354 2562 3405 ὲν
2590 3353 2646 3406 δὲ
2676 3353 2753 3424 τῷ
2795 3357 3045 3426 προφήτῃ
3091 3356 3200 3426 (88)
3261 3357 3457 3429 Ἡσαΐᾳ
3501 3361 3603 3427 γέ-

2014 3459 2256 3513 γραπται
2277 3461 2291 3476 ο
2327 3462 2345 3495 ι
2371 3445 2596 3516 Πνεῦμα
2615 3445 2817 3516 Κυρίου
2839 3449 2927 3500 ἐπ’
2951 3449 3070 3520 ἐμὲ,
3094 3442 3154 3504 οὗ
3180 3450 3384 3503 εἵνεκεν
3410 3451 3602 3524 ἐχρισέ

2019 3549 2118 3605 με’
2149 3553 2168 3586 ι
2208 3536 2300 3589 καὶ
2328 3539 2356 3589 6
2388 3537 2597 3602 Παῦλος
2620 3538 2678 3591 δὲ
2707 3539 2906 3610 γράφει
2926 3556 2940 3569 ⁸
2983 3559 3003 3592 ι
3039 3541 3126 3596 Ἐν
3178 3535 3222 3610 ᾧ
3253 3543 3348 3596 καὶ
3372 3544 3604 3596 πιστεῦ-

2013 3641 2205 3690 σαντες
2235 3626 2639 3699 ἐσφραγίσθητε
2661 3645 2675 3658 ·
2707 3648 2726 3682 ι
2756 3632 2850 3683 καὶ
2882 3631 3042 3684 πάλιν
3061 3649 3076 3662 ·
3117 3651 3136 3684 ι
3156 3632 3247 3704 Μὴ
3279 3634 3499 3687 λυπεῖτε
3535 3635 3602 3688 τδ

2009 3715 2236 3788 Πνεῦμα
2280 3717 2342 3771 τὸ
2393 3719 2565 3786 ἆγιον,
2609 3721 2669 3772 ὲν
2713 3713 2757 3789 ᾧ
2801 3723 3205 3796 ἐσφραγίσθητε
3251 3725 3332 3789 είς
3378 3726 3600 3798 ἡμέραν

2009 3808 2495 3880 ἀπολυτρώσεως.»
2540 3810 2621 3864 Τά
2642 3812 2699 3865 δὲ
2725 3813 2999 3883 κτίσματα
3025 3815 3133 3887 (89)
3156 3816 3213 3869 ὲν
3241 3817 3414 3888 τούτῳ
3448 3819 3601 3889 χρίε-

2009 3915 2099 3952 ται
2143 3901 2239 3953 καὶ
2287 3900 2644 3972 σφραγίζεται
2668 3921 2682 3935 ·
2736 3905 2784 3956 εἰ
2817 3904 2874 3957 δὲ
2904 3905 2971 3958 τὰ
3005 3907 3278 3978 κτίσματα
3317 3910 3376 3960 ὲν
3417 3908 3600 3980 τούτῳ

2017 3992 2230 4061 χρίεται
2259 3994 2353 4046 καὶ
2381 3995 2756 4065 σφραγίζεται.
2783 3999 2881 4050 οῦκ
2909 3997 2974 4050 ἂν
3001 3999 3086 4070 εἴη
3115 4001 3318 4070 κτίσμα
3347 4001 3405 4052 τὸ
3429 4000 3600 4053 Πνεῦ-

2021 4101 2098 4152 μα
2117 4101 2132 4116 ·
2165 4085 2226 4137 οὐ
2259 4085 2367 4155 7&9
2395 4086 2577 4155 ὅμοιον
2597 4087 2657 4140 τὸ
2680 4088 2830 4159 χρίον
2859 4089 2966 4142 τῶν
2993 4089 3292 4161 χριομένων
3323 4090 3456 4161 (90).
3482 4092 3596 4144 Καὶ

2018 4176 2127 4246 γὰρ
2151 4176 2213 4228 τὸ
2240 4174 2448 4246 χρίσμα
2474 4177 2632 4230 τοῦτο
2660 4180 2795 4250 πνοή
2834 4181 2949 4232 ὲστι
2978 4179 3072 4232 τοῦ
3119 4181 3248 4233 Υίοῦ
3273 4198 3286 4210 ·
3322 4181 3463 4233 ὥστε
3499 4182 3597 4234 τὸν

2020 4266 2210 4336 ἔχοντα
2241 4265 2302 4319 τὸ
2338 4268 2563 4339 Πνεῦμα
2589 4269 2783 4323 λέγειν’
2821 4291 2837 4322 ι
2861 4270 3099 4343 Χριστοῦ
3129 4273 3325 4326 εὐωδία
3349 4273 3537 4342 ὲσμέν.
3570 4294 3590 4323 ι

2063 4473 2110 4507 ⁷⁸
2137 4467 2158 4525 l
2189 4467 2350 4531 Joan.
2378 4489 2441 4540 tt,
2474 4474 2565 4528 27.
2640 4477 2688 4510 ⁸ο
2717 4476 2822 4531 lsa.
2856 4491 2970 4541 ut,
2998 4477 3050 4532 1.
3151 4477 3194 4508 ⁸¹
3226 4474 3426 4546 Ephes.
3455 4475 3593 4541 t,15.

398 4740 518 4815 (82)
571 4740 961 4815 Seguerianus,
1011 4736 1308 4815 ὁντιναοῦν.
1347 4735 1580 4815 Regius,
1626 4736 1909 4815 mendose,

2034 4737 2040 4788 ἱ
2068 4749 2193 4815 ante
2221 4736 2443 4815 ἐλάϐετε
2461 4739 2630 4815 deest
2656 4741 2716 4815 _in
2745 4742 2910 4815 Basil.

325 4807 415 4869 δτι
459 4807 578 4872 οῦν.
629 4807 758 4866 Mox.
803 4818 929 4880 post
961 4809 1176 4880 κτίσμα
1197 4809 1503 4880 _legebatur
1545 4807 1598 4859 in
1640 4807 1821 4880 editis
1852 4809 1912 4861 τὸ

325 4883 585 4957 Πνεῦμα,
610 4881 758 4957 quod
783 4876 910 4936 cum
941 4876 1165 4957 desipiu
1197 4876 1386 4957 Regio.
1431 4876 1656 4945 chuer.
1688 4876 1907 4957 Golller.

325 4965 382 5010 et
427 4948 884 5022 Féick.._primo,
932 4957 988 5002 et
1031 4948 1752 5022 alioqui_supervacaneum
1802 4948 1907 5022 sit,

327 5025 596 5082 omissum
621 5015 727 5079 εέι.
755 5022 962 5075 Ibidem
995 5015 1277 5082 editi,'xa‘t
1304 5015 1374 5070 τὰ
1401 5017 1498 5087 μεν
1535 5015 1699 5087 βάθη,
1727 5017 1908 5087 scd_it_t

333 5095 468 5162 Reg.
501 5095 728 5165 Seguer.
765 5101 821 5146 et
855 5088 1022 5146 Basil.
1062 5089 1160 5160 μέν
1196 5087 1368 5144 deest.
1403 5084 1545 5142 Mox
1573 5084 1794 5155 Regius,
1823 5085 1910 5138 διὰ

333 5165 489 5221 Υίοῦ.

405 5237 519 5304 (85)
557 5234 785 5304 Seguer.
813 5240 869 5285 et
896 5228 1087 5304 βεδε-ξι..
1113 5226 1358 5304 ἀκούσει.

401 5291 522 5378 (86}
551 5291 665 5376 1τάξρ
696 5303 870 5378 deost_
895 5301 948 5378 in
993 5297 1403 5378 Reg._Seguer.
1454 5303 1507 5348 et
1527 5291 1715 5378 ‘Basil.
1757 5292 1908 5378 ’Μαι

328 5363 461 5447 editi
499 5363 645 5447 post.
676 5369 816 5427 εἶναι
859 5363 1102 5447 habent;
1125 5363 1458 5447 Γέγραπται-
1481 5363 1588 5446 γὰρ
1637 5365 1695 5417 ὲν
1745 5364 1910 5444 ἀρχῇ.

2089 4809 2209 4881 (8η
2229 4807 2316 4881 Sic
2345 4811 2544 4880 Regius
2565 4824 2617 4866 et
2650 4812 2874 4881 Seguer.
2907 4812 3066 4876 Editi,
3093 4812 3352 4868 διδάσκει.
3383 4813 3595 4872 Ibidem

2016 4880 2165 4955 e_diti_,
2188 4877 2600 4955 6t6aaxsg'tiu5i;
2631 4883 2690 4935 τὸ
2713 4877 2958 4955 Πνεῦμα.
2987 4882 3118 4953 Reg.
3153 4893 3208 4938 et
3244 4883 3499 4955 Seguei‘.,
3530 4888 3595 4941 τὺ

2015 4948 2239 5017 Πνεῦμα
2273 4951 2435 5003 αὑτοῦ
2469 4948 2707 5005 διδάσκει
2739 4948 2901 5017 ὑμᾶς.

2089 4971 2239 5017 ιευμα
2273 4971 2435 5003 αυτου
2469 4971 2707 5005 οιοασκει
2739 4971 2766 5004 υ
2819 4971 2901 5016 ας.

2089 5019 2198 5108 (88)
2233 5017 2301 5108 in
2333 5021 2659 5108 (ioble't‘iauo
2691 4971 3255 5108 et_i<£glckm..primo,
3285 5025 3440 5108 deest
3485 5042 3592 5081 vox

2015 5089 2288 5162 προφήτῃ.
2337 5091 2461 5145 Mox
2493 5089 2692 5162 Regius
2723 5106 2776 5146 et
2820 5089 3188 5162 Seguerianus
3216 5136 3230 5157 ,
3265 5090 3324 5150 οῦ
3356 5095 3592 5150 εἵνεκεν.

2015 5159 2270 5232 ξξιΙὶιιίοῦ
2298 5162 2501 5214 ἕνεκεν.
2532 5161 2730 5215 Ibidem
2758 5159 2931 5232 post—6
2959 5163 3190 5227 Παῦλος,
3223 5164 3423 5219 desunt
3454 5167 3593 5228 haec,

2015 5230 2068 5304 δὲ
2106 5231 2327 5304 γράφει,
2361 5231 2412 5304 i_n
2443 5233 2604 5304 editis
2636 5230 2773 5304 ct_in
2808 5234 3133 5301 quibusdam
3174 5250 3332 5296 mss.,
3361 5237 3456 5288 sed
3500 5237 3598 5288 hu-

2022 5300 2240 5355 bcnt‘ur'
2267 5307 2320 5358 in
2366 5301 2534 5369 Regio
2574 5310 2630 5356 et
2683 5300 3038 5368 Segueriano.
3091 5304 3292 5358 ibidem
3336 5305 3430 5356 καί
3465 5322 3597 5357 ante

2021 5373 2408 5434 πιστεύσαντες
2453 5373 2603 5425 deest
2660 5372 2712 5425 in
2749 5371 2965 5428 Gobler.
3011 5381 3062 5427 et
3108 5373 3288 5429 Felck.
3317 5375 3368 5428 1.
3419 5373 3596 5429 Paulo

332 5436 555 5515 Regius,
600 5445 827 5515 Seguer.
870 5450 924 5497 et
950 5439 1148 5502 Basil.,
1185 5436 1272 5492 Ἐν
1322 5438 1462 5509 ἀρχῇ
1505 5436 1654 5505 γάρ,
1707 5436 1909 5488 omisso

2034 5451 2141 5515 post
2159 5442 2416 5515 Seguer"
2447 5441 2674 5515 λυπῆτε.

475 5533 666 5570 απται.

330 5516 785 5658 γέῖἕὲῗῗάίιιει.
819 5590 874 5637 et
899 5580 1084 5636 Felck.
1119 5580 1174 5644 l,
1217 5578 1359 5633 ἐπεί.
1392 5550 1557 5633 iidem
1591 5573 1755 5643 paulo
1789 5582 1914 5644 post

405 5673 516 5801 (181δῖ
554 5655 855 5782 ’ᾶοεει
891 5723 945 5777 in
976 5720 1195 5779 Gobler.
1219 5717 1466 5776 ethlck.
1507 5719 1554 5775 l.
1580 5717 1752 5773 Paulo
1785 5723 1908 5786 post

330 5657 390 5715 δέ

2091 5513 2203 5584 (89)
2245 5513 2431 5584 Basil.,
2467 5513 2762 5584 χρίσματα,
2797 5522 2850 5566 et
2882 5514 2960 5584 sic
2993 5527 3141 5566 mox.

2091 5580 2201 5649 (90)
2240 5584 2329 5637 Sic
2354 5580 2609 5651 Regius,
2634 5581 2859 5651 Seguer.
2909 5583 3252 5640 Basiliensis.
3286 5583 3431 5640 Editi
3460 5599 3595 5639 vero

2017 5660 2070 5706 et
2098 5653 2300 5720 caeteri,
2327 5652 2419 5707 τοῦ
2449 5650 2767 5724 χρωμένου.
