  <div class='ocr_page' id='page_1' title='image "/cluster/home/n/w/nwhite01/storage/ocr_20150623/26/nnc1.0046978577/322.png"; bbox 0 0 3822 6226; ppageno 0'>
   <div class='ocr_carea' id='block_1_1' title="bbox 222 293 327 350">
    <p class='ocr_par' dir='ltr' id='par_1_1' title="bbox 222 293 327 350">
     <span class='ocr_line' id='line_1_1' title="bbox 222 293 327 350; baseline 0.029 -5"><span class='ocrx_word' id='word_1_1' title='bbox 222 293 327 350; x_wconf 70' lang='lat'><strong>6:19</strong></span> 
     </span>
    </p>
   </div>
   <div class='ocr_carea' id='block_1_2' title="bbox 226 485 1801 568">
    <p class='ocr_par' dir='ltr' id='par_1_2' title="bbox 226 485 1801 568">
     <span class='ocr_line' id='line_1_2' title="bbox 226 485 1801 568; baseline -0.01 -16"><span class='ocrx_word' id='word_1_2' title='bbox 226 495 665 568; x_wconf 78' lang='grc' dir='ltr'>σφραγιζόμενον</span> <span class='ocrx_word' id='word_1_3' title='bbox 698 495 842 563; x_wconf 76' lang='grc' dir='ltr'>ἔχειν</span> <span class='ocrx_word' id='word_1_4' title='bbox 883 493 980 562; x_wconf 84' lang='grc' dir='ltr'><strong>τὴν</strong></span> <span class='ocrx_word' id='word_1_5' title='bbox 1023 492 1114 545; x_wconf 86' lang='grc' dir='ltr'><strong>τοῦ</strong></span> <span class='ocrx_word' id='word_1_6' title='bbox 1159 491 1394 562; x_wconf 82' lang='grc' dir='ltr'>Χριστοῦ</span> <span class='ocrx_word' id='word_1_7' title='bbox 1445 488 1679 560; x_wconf 87' lang='grc' dir='ltr'>μορφὴν,</span> <span class='ocrx_word' id='word_1_8' title='bbox 1714 485 1801 538; x_wconf 87' lang='grc' dir='ltr'><strong>λέ-</strong></span> 
     </span>
    </p>
   </div>
   <div class='ocr_carea' id='block_1_3' title="bbox 223 579 1800 659">
    <p class='ocr_par' dir='ltr' id='par_1_3' title="bbox 223 579 1800 659">
     <span class='ocr_line' id='line_1_3' title="bbox 223 579 1800 659; baseline -0.007 -16"><span class='ocrx_word' id='word_1_9' title='bbox 223 606 414 659; x_wconf 89' lang='grc' dir='ltr'>γοντος</span> <span class='ocrx_word' id='word_1_10' title='bbox 461 587 556 640; x_wconf 87' lang='grc' dir='ltr'><strong>τοῦ</strong></span> <span class='ocrx_word' id='word_1_11' title='bbox 603 585 956 639; x_wconf 85' lang='grc' dir='ltr'>Ἀποστόλου·</span> <span class='ocrx_word' id='word_1_12' title='bbox 1000 602 1018 634; x_wconf 77' lang='lat' dir='ltr'><strong>t</strong></span> <span class='ocrx_word' id='word_1_13' title='bbox 1050 584 1251 637; x_wconf 84' lang='grc' dir='ltr'><strong>Τεκνία</strong></span> <span class='ocrx_word' id='word_1_14' title='bbox 1307 601 1404 654; x_wconf 87' lang='grc' dir='ltr'><strong>μου</strong></span> <span class='ocrx_word' id='word_1_15' title='bbox 1433 626 1446 647; x_wconf 88' lang='grc'><strong>,</strong></span> <span class='ocrx_word' id='word_1_16' title='bbox 1493 581 1585 644; x_wconf 88' lang='grc' dir='ltr'><strong>οὒς</strong></span> <span class='ocrx_word' id='word_1_17' title='bbox 1641 579 1800 632; x_wconf 84' lang='grc' dir='ltr'>πάλιν</span> 
     </span>
    </p>
   </div>
   <div class='ocr_carea' id='block_1_4' title="bbox 222 669 1795 754">
    <p class='ocr_par' dir='ltr' id='par_1_4' title="bbox 222 669 1795 754">
     <span class='ocr_line' id='line_1_4' title="bbox 222 669 1795 754; baseline -0.008 -20"><span class='ocrx_word' id='word_1_18' title='bbox 222 683 401 734; x_wconf 82' lang='grc' dir='ltr'><strong>ὠδίνω</strong></span> <span class='ocrx_word' id='word_1_19' title='bbox 428 678 539 754; x_wconf 74' lang='grc'>(92)</span> <span class='ocrx_word' id='word_1_20' title='bbox 564 678 811 752; x_wconf 78' lang='grc' dir='ltr'>,μέχρις</span> <span class='ocrx_word' id='word_1_21' title='bbox 843 669 903 729; x_wconf 78' lang='grc' dir='ltr'>οὗ</span> <span class='ocrx_word' id='word_1_22' title='bbox 941 675 1201 747; x_wconf 82' lang='grc' dir='ltr'><strong>μορφωθῇ</strong></span> <span class='ocrx_word' id='word_1_23' title='bbox 1242 674 1471 746; x_wconf 82' lang='grc' dir='ltr'>Χριστὸς</span> <span class='ocrx_word' id='word_1_24' title='bbox 1507 675 1564 725; x_wconf 78' lang='grc' dir='ltr'>ἐν</span> <span class='ocrx_word' id='word_1_25' title='bbox 1604 671 1750 740; x_wconf 77' lang='grc' dir='ltr'>ὑμῖν.</span> <span class='ocrx_word' id='word_1_26' title='bbox 1776 688 1795 722; x_wconf 74' lang='grc' dir='ltr'><strong>ι</strong></span> 
     </span>
    </p>
   </div>
   <div class='ocr_carea' id='block_1_5' title="bbox 224 763 1800 840">
    <p class='ocr_par' dir='ltr' id='par_1_5' title="bbox 224 763 1800 840">
     <span class='ocr_line' id='line_1_5' title="bbox 224 763 1800 840; baseline -0.008 -14"><span class='ocrx_word' id='word_1_27' title='bbox 224 775 288 826; x_wconf 73' lang='lat' dir='ltr'><strong>Et</strong></span> <span class='ocrx_word' id='word_1_28' title='bbox 321 773 380 825; x_wconf 84' lang='grc' dir='ltr'><strong>δὲ</strong></span> <span class='ocrx_word' id='word_1_29' title='bbox 413 772 475 825; x_wconf 85' lang='grc' dir='ltr'>τὸ</span> <span class='ocrx_word' id='word_1_30' title='bbox 501 770 724 840; x_wconf 79' lang='grc' dir='ltr'><strong>Πνεῦμα</strong></span> <span class='ocrx_word' id='word_1_31' title='bbox 755 767 949 822; x_wconf 80' lang='grc' dir='ltr'><strong>εὐωδία</strong></span> <span class='ocrx_word' id='word_1_32' title='bbox 978 768 1071 820; x_wconf 78' lang='grc' dir='ltr'><strong>καὶ</strong></span> <span class='ocrx_word' id='word_1_33' title='bbox 1112 767 1292 838; x_wconf 83' lang='grc' dir='ltr'>μορφὴ</span> <span class='ocrx_word' id='word_1_34' title='bbox 1332 764 1423 819; x_wconf 88' lang='grc' dir='ltr'><strong>τοῦ</strong></span> <span class='ocrx_word' id='word_1_35' title='bbox 1470 763 1601 818; x_wconf 82' lang='grc' dir='ltr'>Υἱοῦ</span> <span class='ocrx_word' id='word_1_36' title='bbox 1633 766 1800 826; x_wconf 78' lang='grc' dir='ltr'>ἐστιν,</span> 
     </span>
    </p>
   </div>
   <div class='ocr_carea' id='block_1_6' title="bbox 223 854 1801 936">
    <p class='ocr_par' dir='ltr' id='par_1_6' title="bbox 223 854 1801 936">
     <span class='ocr_line' id='line_1_6' title="bbox 223 854 1801 936; baseline -0.008 -19"><span class='ocrx_word' id='word_1_37' title='bbox 223 864 468 936; x_wconf 74' lang='grc' dir='ltr'>εὔδηλον,</span> <span class='ocrx_word' id='word_1_38' title='bbox 494 863 569 927; x_wconf 87' lang='grc' dir='ltr'><strong>ὡς</strong></span> <span class='ocrx_word' id='word_1_39' title='bbox 602 864 704 915; x_wconf 83' lang='grc' dir='ltr'><strong>οὐκ</strong></span> <span class='ocrx_word' id='word_1_40' title='bbox 737 861 802 915; x_wconf 81' lang='grc' dir='ltr'>ἄν</span> <span class='ocrx_word' id='word_1_41' title='bbox 843 861 928 930; x_wconf 75' lang='grc' dir='ltr'><strong>εἴη</strong></span> <span class='ocrx_word' id='word_1_42' title='bbox 971 859 1032 911; x_wconf 82' lang='grc' dir='ltr'>τὸ</span> <span class='ocrx_word' id='word_1_43' title='bbox 1074 858 1298 928; x_wconf 80' lang='grc' dir='ltr'>Πνεῦμα</span> <span class='ocrx_word' id='word_1_44' title='bbox 1341 857 1576 928; x_wconf 77' lang='grc' dir='ltr'>κτίσμα’</span> <span class='ocrx_word' id='word_1_45' title='bbox 1615 854 1801 925; x_wconf 78' lang='grc' dir='ltr'>ἐπειδὴ</span> 
     </span>
    </p>
   </div>
   <div class='ocr_carea' id='block_1_7' title="bbox 224 945 1802 1023">
    <p class='ocr_par' dir='ltr' id='par_1_7' title="bbox 224 945 1802 1023">
     <span class='ocr_line' id='line_1_7' title="bbox 224 945 1802 1023; baseline -0.008 -15"><span class='ocrx_word' id='word_1_46' title='bbox 224 956 324 1009; x_wconf 72' lang='grc' dir='ltr'>καὶ</span> <span class='ocrx_word' id='word_1_47' title='bbox 356 957 385 1007; x_wconf 99' lang='lat'><strong>6</strong></span> <span class='ocrx_word' id='word_1_48' title='bbox 418 954 567 1017; x_wconf 80' lang='grc' dir='ltr'><strong>Υἱὸς,</strong></span> <span class='ocrx_word' id='word_1_49' title='bbox 599 955 656 1006; x_wconf 82' lang='grc' dir='ltr'>ἐν</span> <span class='ocrx_word' id='word_1_50' title='bbox 689 953 869 1023; x_wconf 80' lang='grc' dir='ltr'>μορφῇ</span> <span class='ocrx_word' id='word_1_51' title='bbox 900 948 994 1002; x_wconf 87' lang='grc' dir='ltr'><strong>τοῦ</strong></span> <span class='ocrx_word' id='word_1_52' title='bbox 1023 950 1234 1019; x_wconf 84' lang='grc' dir='ltr'>Πατρὸς</span> <span class='ocrx_word' id='word_1_53' title='bbox 1264 948 1660 1019; x_wconf 80' lang='grc' dir='ltr'>ὑπάρχων,οὐκ</span> <span class='ocrx_word' id='word_1_54' title='bbox 1689 945 1802 998; x_wconf 75' lang='grc' dir='ltr'>ἔστι</span> 
     </span>
    </p>
   </div>
   <div class='ocr_carea' id='block_1_8' title="bbox 223 1037 1804 1116">
    <p class='ocr_par' dir='ltr' id='par_1_8' title="bbox 223 1037 1804 1116">
     <span class='ocr_line' id='line_1_8' title="bbox 223 1037 1804 1116; baseline -0.006 -17"><span class='ocrx_word' id='word_1_55' title='bbox 223 1047 453 1116; x_wconf 79' lang='grc' dir='ltr'>κτίσμα.</span> <span class='ocrx_word' id='word_1_56' title='bbox 506 1045 614 1098; x_wconf 76' lang='grc' dir='ltr'>Καὶ</span> <span class='ocrx_word' id='word_1_57' title='bbox 649 1043 757 1116; x_wconf 87' lang='grc' dir='ltr'><strong>γάρ</strong></span> <span class='ocrx_word' id='word_1_58' title='bbox 795 1043 983 1115; x_wconf 78' lang='grc' dir='ltr'>ὥσπερ</span> <span class='ocrx_word' id='word_1_59' title='bbox 1032 1042 1060 1094; x_wconf 91' lang='grc' dir='ltr'><strong>ό</strong></span> <span class='ocrx_word' id='word_1_60' title='bbox 1107 1039 1364 1112; x_wconf 77' lang='grc' dir='ltr'>ἑωρακὼς</span> <span class='ocrx_word' id='word_1_61' title='bbox 1407 1040 1495 1092; x_wconf 84' lang='grc' dir='ltr'><strong>τὸν</strong></span> <span class='ocrx_word' id='word_1_62' title='bbox 1527 1038 1652 1091; x_wconf 83' lang='grc' dir='ltr'>Υίὸν</span> <span class='ocrx_word' id='word_1_63' title='bbox 1701 1037 1804 1108; x_wconf 78' lang='grc' dir='ltr'>ὁρᾷ</span> 
     </span>
    </p>
   </div>
   <div class='ocr_carea' id='block_1_9' title="bbox 222 1129 1802 1208">
    <p class='ocr_par' dir='ltr' id='par_1_9' title="bbox 222 1129 1802 1208">
     <span class='ocr_line' id='line_1_9' title="bbox 222 1129 1802 1208; baseline -0.007 -16"><span class='ocrx_word' id='word_1_64' title='bbox 222 1141 318 1193; x_wconf 81' lang='grc' dir='ltr'><strong>τὸν</strong></span> <span class='ocrx_word' id='word_1_65' title='bbox 357 1137 595 1208; x_wconf 81' lang='grc' dir='ltr'>Πατέρα,</span> <span class='ocrx_word' id='word_1_66' title='bbox 617 1135 788 1198; x_wconf 77' lang='grc' dir='ltr'>οὕτως</span> <span class='ocrx_word' id='word_1_67' title='bbox 814 1138 842 1188; x_wconf 90' lang='lat'><strong>6</strong></span> <span class='ocrx_word' id='word_1_68' title='bbox 872 1135 934 1188; x_wconf 82' lang='grc' dir='ltr'><strong>τὸ</strong></span> <span class='ocrx_word' id='word_1_69' title='bbox 963 1132 1189 1203; x_wconf 87' lang='grc' dir='ltr'>Πνεῦμα</span> <span class='ocrx_word' id='word_1_70' title='bbox 1225 1133 1285 1185; x_wconf 83' lang='grc' dir='ltr'>τὸ</span> <span class='ocrx_word' id='word_1_71' title='bbox 1323 1132 1476 1200; x_wconf 76' lang='grc' dir='ltr'>ἅγιον</span> <span class='ocrx_word' id='word_1_72' title='bbox 1512 1130 1648 1200; x_wconf 77' lang='grc' dir='ltr'>ἔχων</span> <span class='ocrx_word' id='word_1_73' title='bbox 1691 1129 1802 1200; x_wconf 76' lang='grc' dir='ltr'>ἔχει</span> 
     </span>
    </p>
   </div>
   <div class='ocr_carea' id='block_1_10' title="bbox 221 1221 1800 1297">
    <p class='ocr_par' dir='ltr' id='par_1_10' title="bbox 221 1221 1800 1297">
     <span class='ocr_line' id='line_1_10' title="bbox 221 1221 1800 1297; baseline -0.007 -14"><span class='ocrx_word' id='word_1_74' title='bbox 221 1231 317 1284; x_wconf 77' lang='grc' dir='ltr'>τὸν</span> <span class='ocrx_word' id='word_1_75' title='bbox 348 1230 498 1292; x_wconf 84' lang='grc' dir='ltr'>Υίὸν,</span> <span class='ocrx_word' id='word_1_76' title='bbox 529 1229 624 1282; x_wconf 74' lang='grc' dir='ltr'><strong>καὶ</strong></span> <span class='ocrx_word' id='word_1_77' title='bbox 657 1227 794 1297; x_wconf 77' lang='grc' dir='ltr'>ἔχων</span> <span class='ocrx_word' id='word_1_78' title='bbox 827 1227 987 1280; x_wconf 79' lang='grc' dir='ltr'>αὑτὸν</span> <span class='ocrx_word' id='word_1_79' title='bbox 1018 1224 1150 1296; x_wconf 72' lang='grc'>(95),</span> <span class='ocrx_word' id='word_1_80' title='bbox 1189 1224 1315 1287; x_wconf 79' lang='grc' dir='ltr'>ναὸς</span> <span class='ocrx_word' id='word_1_81' title='bbox 1347 1223 1442 1276; x_wconf 86' lang='grc' dir='ltr'><strong>τοῦ</strong></span> <span class='ocrx_word' id='word_1_82' title='bbox 1487 1221 1623 1275; x_wconf 86' lang='grc' dir='ltr'>Θεοῦ</span> <span class='ocrx_word' id='word_1_83' title='bbox 1654 1223 1800 1284; x_wconf 77' lang='grc' dir='ltr'>ἐστι,</span> 
     </span>
    </p>
   </div>
   <div class='ocr_carea' id='block_1_11' title="bbox 223 1311 1804 1393">
    <p class='ocr_par' dir='ltr' id='par_1_11' title="bbox 223 1311 1804 1393">
     <span class='ocr_line' id='line_1_11' title="bbox 223 1311 1804 1393; baseline -0.006 -19"><span class='ocrx_word' id='word_1_84' title='bbox 223 1321 530 1393; x_wconf 79' lang='grc' dir='ltr'>γράφοντος</span> <span class='ocrx_word' id='word_1_85' title='bbox 559 1319 651 1371; x_wconf 88' lang='grc' dir='ltr'><strong>τοῦ</strong></span> <span class='ocrx_word' id='word_1_86' title='bbox 685 1319 782 1388; x_wconf 79' lang='grc' dir='ltr'><strong>μὲν</strong></span> <span class='ocrx_word' id='word_1_87' title='bbox 807 1316 1048 1370; x_wconf 80' lang='grc' dir='ltr'>Παύλου·</span> <span class='ocrx_word' id='word_1_88' title='bbox 1087 1335 1105 1367; x_wconf 87' lang='grc'><strong>‹</strong></span> <span class='ocrx_word' id='word_1_89' title='bbox 1134 1316 1247 1368; x_wconf 76' lang='grc' dir='ltr'>Οὐκ</span> <span class='ocrx_word' id='word_1_90' title='bbox 1293 1315 1470 1367; x_wconf 77' lang='grc' dir='ltr'>οἴδατε</span> <span class='ocrx_word' id='word_1_91' title='bbox 1495 1353 1508 1377; x_wconf 94' lang='grc'><strong>,</strong></span> <span class='ocrx_word' id='word_1_92' title='bbox 1561 1313 1642 1365; x_wconf 85' lang='grc' dir='ltr'>ὃτι</span> <span class='ocrx_word' id='word_1_93' title='bbox 1681 1311 1804 1375; x_wconf 78' lang='grc' dir='ltr'>ναὸς</span> 
     </span>
    </p>
   </div>
   <div class='ocr_carea' id='block_1_12' title="bbox 225 1405 1798 1479">
    <p class='ocr_par' dir='ltr' id='par_1_12' title="bbox 225 1405 1798 1479">
     <span class='ocr_line' id='line_1_12' title="bbox 225 1405 1798 1479; baseline -0.005 -15"><span class='ocrx_word' id='word_1_94' title='bbox 225 1410 324 1465; x_wconf 92' lang='grc' dir='ltr'><strong>τοῦ</strong></span> <span class='ocrx_word' id='word_1_95' title='bbox 350 1410 481 1464; x_wconf 88' lang='grc' dir='ltr'>Θεοῦ</span> <span class='ocrx_word' id='word_1_96' title='bbox 503 1412 648 1475; x_wconf 76' lang='grc' dir='ltr'>ὲστε,</span> <span class='ocrx_word' id='word_1_97' title='bbox 667 1409 761 1462; x_wconf 75' lang='grc' dir='ltr'><strong>καὶ</strong></span> <span class='ocrx_word' id='word_1_98' title='bbox 784 1408 846 1461; x_wconf 78' lang='grc' dir='ltr'><strong>τὸ</strong></span> <span class='ocrx_word' id='word_1_99' title='bbox 869 1407 1092 1479; x_wconf 88' lang='grc' dir='ltr'>Πνεῦμα</span> <span class='ocrx_word' id='word_1_100' title='bbox 1112 1407 1205 1460; x_wconf 88' lang='grc' dir='ltr'><strong>τοῦ</strong></span> <span class='ocrx_word' id='word_1_101' title='bbox 1225 1405 1358 1460; x_wconf 91' lang='grc' dir='ltr'>Θεοῦ</span> <span class='ocrx_word' id='word_1_102' title='bbox 1377 1407 1514 1459; x_wconf 86' lang='grc' dir='ltr'>οίκεῖ</span> <span class='ocrx_word' id='word_1_103' title='bbox 1536 1407 1592 1459; x_wconf 81' lang='grc' dir='ltr'><strong>ἐν</strong></span> <span class='ocrx_word' id='word_1_104' title='bbox 1619 1406 1763 1475; x_wconf 83' lang='grc' dir='ltr'>ὑμῖν·</span> <span class='ocrx_word' id='word_1_105' title='bbox 1779 1423 1798 1456; x_wconf 73' lang='grc' dir='ltr'><strong>ι</strong></span> 
     </span>
    </p>
   </div>
   <div class='ocr_carea' id='block_1_13' title="bbox 225 1496 1800 1572">
    <p class='ocr_par' dir='ltr' id='par_1_13' title="bbox 225 1496 1800 1572">
     <span class='ocr_line' id='line_1_13' title="bbox 225 1496 1800 1572; baseline -0.005 -16"><span class='ocrx_word' id='word_1_106' title='bbox 225 1505 256 1556; x_wconf 91' lang='lat'><strong>6</strong></span> <span class='ocrx_word' id='word_1_107' title='bbox 286 1503 347 1556; x_wconf 84' lang='grc' dir='ltr'>δὲ</span> <span class='ocrx_word' id='word_1_108' title='bbox 393 1500 642 1572; x_wconf 82' lang='grc' dir='ltr'>Ἰωάννης</span> <span class='ocrx_word' id='word_1_109' title='bbox 694 1499 805 1572; x_wconf 73' lang='grc'>(94)</span> <span class='ocrx_word' id='word_1_110' title='bbox 851 1499 1012 1570; x_wconf 87' lang='grc' dir='ltr'>φησίν</span> <span class='ocrx_word' id='word_1_111' title='bbox 1031 1516 1046 1530; x_wconf 75' lang='grc' dir='ltr'><strong>ο</strong></span> <span class='ocrx_word' id='word_1_112' title='bbox 1081 1516 1099 1550; x_wconf 79' lang='lat' dir='ltr'><strong>t</strong></span> <span class='ocrx_word' id='word_1_113' title='bbox 1131 1499 1219 1551; x_wconf 83' lang='lat' dir='ltr'><strong>’Ev</strong></span> <span class='ocrx_word' id='word_1_114' title='bbox 1244 1498 1416 1568; x_wconf 81' lang='grc' dir='ltr'>τούτῳ</span> <span class='ocrx_word' id='word_1_115' title='bbox 1444 1496 1800 1566; x_wconf 86' lang='grc' dir='ltr'>γινώσκομεν,</span> 
     </span>
    </p>
   </div>
   <div class='ocr_carea' id='block_1_14' title="bbox 223 1589 1805 1664">
    <p class='ocr_par' dir='ltr' id='par_1_14' title="bbox 223 1589 1805 1664">
     <span class='ocr_line' id='line_1_14' title="bbox 223 1589 1805 1664; baseline -0.005 -16"><span class='ocrx_word' id='word_1_116' title='bbox 223 1596 312 1648; x_wconf 78' lang='grc' dir='ltr'>ὅτι</span> <span class='ocrx_word' id='word_1_117' title='bbox 345 1596 402 1648; x_wconf 81' lang='grc' dir='ltr'>ἐν</span> <span class='ocrx_word' id='word_1_118' title='bbox 439 1594 517 1664; x_wconf 86' lang='grc' dir='ltr'>τῷ</span> <span class='ocrx_word' id='word_1_119' title='bbox 554 1592 673 1664; x_wconf 83' lang='grc' dir='ltr'><strong>Θεῷ</strong></span> <span class='ocrx_word' id='word_1_120' title='bbox 713 1592 967 1663; x_wconf 81' lang='grc' dir='ltr'>μένομεν,</span> <span class='ocrx_word' id='word_1_121' title='bbox 1011 1593 1103 1644; x_wconf 73' lang='grc' dir='ltr'>καὶ</span> <span class='ocrx_word' id='word_1_122' title='bbox 1147 1591 1308 1654; x_wconf 81' lang='grc' dir='ltr'>αὐτὸς</span> <span class='ocrx_word' id='word_1_123' title='bbox 1338 1592 1395 1644; x_wconf 86' lang='grc' dir='ltr'>ὲν</span> <span class='ocrx_word' id='word_1_124' title='bbox 1435 1591 1585 1660; x_wconf 82' lang='grc' dir='ltr'>ἡμῖν,</span> <span class='ocrx_word' id='word_1_125' title='bbox 1619 1589 1700 1642; x_wconf 85' lang='grc' dir='ltr'>ὃτι</span> <span class='ocrx_word' id='word_1_126' title='bbox 1740 1589 1805 1640; x_wconf 83' lang='grc' dir='ltr'><strong>ὲκ</strong></span> 
     </span>
    </p>
   </div>
   <div class='ocr_carea' id='block_1_15' title="bbox 224 1676 1804 1754">
    <p class='ocr_par' dir='ltr' id='par_1_15' title="bbox 224 1676 1804 1754">
     <span class='ocr_line' id='line_1_15' title="bbox 224 1676 1804 1754; baseline -0.006 -17"><span class='ocrx_word' id='word_1_127' title='bbox 224 1682 324 1737; x_wconf 90' lang='grc' dir='ltr'><strong>τοῦ</strong></span> <span class='ocrx_word' id='word_1_128' title='bbox 353 1682 668 1754; x_wconf 77' lang='grc' dir='ltr'>Πνεῦματος</span> <span class='ocrx_word' id='word_1_129' title='bbox 713 1679 878 1735; x_wconf 82' lang='grc' dir='ltr'>αὑτοῦ</span> <span class='ocrx_word' id='word_1_130' title='bbox 917 1680 1145 1734; x_wconf 83' lang='grc' dir='ltr'>δέδωκεν</span> <span class='ocrx_word' id='word_1_131' title='bbox 1185 1681 1336 1750; x_wconf 76' lang='grc' dir='ltr'>ἡμῖν.</span> <span class='ocrx_word' id='word_1_132' title='bbox 1365 1697 1382 1730; x_wconf 76' lang='grc' dir='ltr'><strong>ι</strong></span> <span class='ocrx_word' id='word_1_133' title='bbox 1422 1679 1484 1731; x_wconf 77' lang='lat' dir='ltr'><strong>Ei</strong></span> <span class='ocrx_word' id='word_1_134' title='bbox 1522 1677 1579 1730; x_wconf 79' lang='grc' dir='ltr'>δὲ</span> <span class='ocrx_word' id='word_1_135' title='bbox 1613 1679 1641 1731; x_wconf 97' lang='lat'><strong>6</strong></span> <span class='ocrx_word' id='word_1_136' title='bbox 1678 1676 1804 1740; x_wconf 85' lang='grc' dir='ltr'><strong>Υἱὸς</strong></span> 
     </span>
    </p>
   </div>
   <div class='ocr_carea' id='block_1_16' title="bbox 225 1767 1804 1846">
    <p class='ocr_par' dir='ltr' id='par_1_16' title="bbox 225 1767 1804 1846">
     <span class='ocr_line' id='line_1_16' title="bbox 225 1767 1804 1846; baseline -0.004 -19"><span class='ocrx_word' id='word_1_137' title='bbox 225 1777 288 1827; x_wconf 78' lang='grc' dir='ltr'>ὲν</span> <span class='ocrx_word' id='word_1_138' title='bbox 317 1776 396 1846; x_wconf 80' lang='grc' dir='ltr'>τῷ</span> <span class='ocrx_word' id='word_1_139' title='bbox 430 1775 606 1845; x_wconf 75' lang='grc' dir='ltr'>Πατρὶ</span> <span class='ocrx_word' id='word_1_140' title='bbox 633 1772 730 1838; x_wconf 82' lang='grc' dir='ltr'>ὢν,</span> <span class='ocrx_word' id='word_1_141' title='bbox 770 1775 829 1827; x_wconf 81' lang='grc' dir='ltr'>ὲν</span> <span class='ocrx_word' id='word_1_142' title='bbox 949 1775 1064 1827; x_wconf 81' lang='grc' dir='ltr'>ἐστι</span> <span class='ocrx_word' id='word_1_143' title='bbox 1105 1773 1200 1827; x_wconf 70' lang='grc' dir='ltr'>καὶ</span> <span class='ocrx_word' id='word_1_144' title='bbox 1235 1773 1263 1826; x_wconf 91' lang='grc' dir='ltr'><strong>ό</strong></span> <span class='ocrx_word' id='word_1_145' title='bbox 1307 1771 1496 1843; x_wconf 83' lang='grc' dir='ltr'>Πατὴρ</span> <span class='ocrx_word' id='word_1_146' title='bbox 1519 1811 1534 1834; x_wconf 92' lang='grc'><strong>,</strong></span> <span class='ocrx_word' id='word_1_147' title='bbox 1597 1769 1804 1840; x_wconf 81' lang='grc' dir='ltr'>ὡμολο-</span> 
     </span>
    </p>
   </div>
   <div class='ocr_carea' id='block_1_17' title="bbox 224 1857 1804 1936">
    <p class='ocr_par' dir='ltr' id='par_1_17' title="bbox 224 1857 1804 1936">
     <span class='ocr_line' id='line_1_17' title="bbox 224 1857 1804 1936; baseline -0.007 -17"><span class='ocrx_word' id='word_1_148' title='bbox 224 1865 372 1936; x_wconf 80' lang='grc' dir='ltr'><strong>γήθη</strong></span> <span class='ocrx_word' id='word_1_149' title='bbox 403 1865 477 1936; x_wconf 84' lang='grc' dir='ltr'>μὴ</span> <span class='ocrx_word' id='word_1_150' title='bbox 505 1863 642 1918; x_wconf 81' lang='grc' dir='ltr'>εἶναι</span> <span class='ocrx_word' id='word_1_151' title='bbox 667 1863 893 1934; x_wconf 84' lang='grc' dir='ltr'>κτίσμα,</span> <span class='ocrx_word' id='word_1_152' title='bbox 921 1862 1134 1932; x_wconf 84' lang='grc' dir='ltr'><strong>ἀνάγκη</strong></span> <span class='ocrx_word' id='word_1_153' title='bbox 1166 1863 1312 1914; x_wconf 83' lang='grc' dir='ltr'>πᾶσα</span> <span class='ocrx_word' id='word_1_154' title='bbox 1340 1860 1473 1932; x_wconf 84' lang='grc' dir='ltr'>μηδὲ</span> <span class='ocrx_word' id='word_1_155' title='bbox 1496 1859 1556 1911; x_wconf 86' lang='grc' dir='ltr'><strong>τὸ</strong></span> <span class='ocrx_word' id='word_1_156' title='bbox 1580 1857 1804 1928; x_wconf 86' lang='grc' dir='ltr'>Πνεῦμα</span> 
     </span>
    </p>
   </div>
   <div class='ocr_carea' id='block_1_18' title="bbox 227 1949 1804 2026">
    <p class='ocr_par' dir='ltr' id='par_1_18' title="bbox 227 1949 1804 2026">
     <span class='ocr_line' id='line_1_18' title="bbox 227 1949 1804 2026; baseline -0.006 -16"><span class='ocrx_word' id='word_1_157' title='bbox 227 1954 373 2010; x_wconf 81' lang='grc' dir='ltr'>εἶναι</span> <span class='ocrx_word' id='word_1_158' title='bbox 407 1956 610 2026; x_wconf 81' lang='grc' dir='ltr'>κτίσμα</span> <span class='ocrx_word' id='word_1_159' title='bbox 630 1971 643 1984; x_wconf 83' lang='lat'><strong><em>°</em></strong></span> <span class='ocrx_word' id='word_1_160' title='bbox 691 1955 748 2006; x_wconf 85' lang='grc' dir='ltr'>ὲν</span> <span class='ocrx_word' id='word_1_161' title='bbox 780 1953 927 2024; x_wconf 84' lang='grc' dir='ltr'>αὐτῷ</span> <span class='ocrx_word' id='word_1_162' title='bbox 959 1954 1065 2025; x_wconf 86' lang='grc' dir='ltr'>γάρ</span> <span class='ocrx_word' id='word_1_163' title='bbox 1099 1955 1244 2005; x_wconf 80' lang='grc' dir='ltr'>ἐστιν</span> <span class='ocrx_word' id='word_1_164' title='bbox 1275 1954 1304 2004; x_wconf 93' lang='lat'><strong>6</strong></span> <span class='ocrx_word' id='word_1_165' title='bbox 1328 1951 1476 2015; x_wconf 85' lang='grc' dir='ltr'>Υἱὸς,</span> <span class='ocrx_word' id='word_1_166' title='bbox 1516 1949 1609 2003; x_wconf 76' lang='grc' dir='ltr'>κα).</span> <span class='ocrx_word' id='word_1_167' title='bbox 1644 1949 1804 2012; x_wconf 82' lang='grc' dir='ltr'>αὐτὸς</span> 
     </span>
    </p>
   </div>
   <div class='ocr_carea' id='block_1_19' title="bbox 229 2039 1802 2117">
    <p class='ocr_par' dir='ltr' id='par_1_19' title="bbox 229 2039 1802 2117">
     <span class='ocr_line' id='line_1_19' title="bbox 229 2039 1802 2117; baseline -0.006 -16"><span class='ocrx_word' id='word_1_168' title='bbox 229 2051 290 2101; x_wconf 79' lang='grc' dir='ltr'>ὲν</span> <span class='ocrx_word' id='word_1_169' title='bbox 320 2046 399 2117; x_wconf 83' lang='grc' dir='ltr'>τῷ</span> <span class='ocrx_word' id='word_1_170' title='bbox 433 2045 567 2115; x_wconf 85' lang='grc' dir='ltr'><strong>Υἱῷ.</strong></span> <span class='ocrx_word' id='word_1_171' title='bbox 600 2045 691 2098; x_wconf 85' lang='grc' dir='ltr'><strong>Διὸ</strong></span> <span class='ocrx_word' id='word_1_172' title='bbox 714 2045 808 2098; x_wconf 70' lang='grc' dir='ltr'>καὶ</span> <span class='ocrx_word' id='word_1_173' title='bbox 839 2047 866 2098; x_wconf 88' lang='lat'><strong>6</strong></span> <span class='ocrx_word' id='word_1_174' title='bbox 894 2045 955 2097; x_wconf 83' lang='grc' dir='ltr'><strong>τὸ</strong></span> <span class='ocrx_word' id='word_1_175' title='bbox 977 2042 1201 2114; x_wconf 89' lang='grc' dir='ltr'>Πνεῦμα</span> <span class='ocrx_word' id='word_1_176' title='bbox 1233 2042 1526 2113; x_wconf 74' lang='grc' dir='ltr'>λαμϐάνων</span> <span class='ocrx_word' id='word_1_177' title='bbox 1553 2041 1677 2104; x_wconf 81' lang='grc' dir='ltr'>ναὸς</span> <span class='ocrx_word' id='word_1_178' title='bbox 1711 2039 1802 2093; x_wconf 88' lang='grc' dir='ltr'><strong>τοῦ</strong></span> 
     </span>
    </p>
   </div>
   <div class='ocr_carea' id='block_1_20' title="bbox 230 2132 1805 2207">
    <p class='ocr_par' dir='ltr' id='par_1_20' title="bbox 230 2132 1805 2207">
     <span class='ocr_line' id='line_1_20' title="bbox 230 2132 1805 2207; baseline -0.004 -17"><span class='ocrx_word' id='word_1_179' title='bbox 230 2137 370 2190; x_wconf 88' lang='grc' dir='ltr'>Θεοῦ</span> <span class='ocrx_word' id='word_1_180' title='bbox 396 2135 742 2207; x_wconf 84' lang='grc' dir='ltr'>χρηματίζει.</span> <span class='ocrx_word' id='word_1_181' title='bbox 782 2135 950 2189; x_wconf 86' lang='grc' dir='ltr'>Πάλιν</span> <span class='ocrx_word' id='word_1_182' title='bbox 982 2135 1037 2188; x_wconf 80' lang='grc' dir='ltr'>δὲ</span> <span class='ocrx_word' id='word_1_183' title='bbox 1060 2137 1169 2188; x_wconf 87' lang='grc' dir='ltr'><strong>κάκ</strong></span> <span class='ocrx_word' id='word_1_184' title='bbox 1205 2134 1394 2187; x_wconf 81' lang='grc' dir='ltr'>τούτου</span> <span class='ocrx_word' id='word_1_185' title='bbox 1425 2132 1534 2205; x_wconf 77' lang='grc'>(95)</span> <span class='ocrx_word' id='word_1_186' title='bbox 1579 2134 1805 2186; x_wconf 83' lang='grc' dir='ltr'>συνιδεῖν</span> 
     </span>
    </p>
   </div>
   <div class='ocr_carea' id='block_1_21' title="bbox 229 2217 1806 2294">
    <p class='ocr_par' dir='ltr' id='par_1_21' title="bbox 229 2217 1806 2294">
     <span class='ocr_line' id='line_1_21' title="bbox 229 2217 1806 2294; baseline -0.004 -14"><span class='ocrx_word' id='word_1_187' title='bbox 229 2227 421 2289; x_wconf 81' lang='grc' dir='ltr'>καλὸν,</span> <span class='ocrx_word' id='word_1_188' title='bbox 450 2228 498 2278; x_wconf 83' lang='grc' dir='ltr'>εἰ</span> <span class='ocrx_word' id='word_1_189' title='bbox 533 2225 677 2279; x_wconf 78' lang='grc' dir='ltr'>ἐστιν</span> <span class='ocrx_word' id='word_1_190' title='bbox 707 2229 734 2278; x_wconf 90' lang='lat'><strong>6</strong></span> <span class='ocrx_word' id='word_1_191' title='bbox 755 2225 884 2288; x_wconf 86' lang='grc' dir='ltr'><strong>Υἱὸς</strong></span> <span class='ocrx_word' id='word_1_192' title='bbox 904 2225 999 2278; x_wconf 90' lang='grc' dir='ltr'><strong>τοῦ</strong></span> <span class='ocrx_word' id='word_1_193' title='bbox 1022 2223 1156 2278; x_wconf 86' lang='grc' dir='ltr'>Θεοῦ</span> <span class='ocrx_word' id='word_1_194' title='bbox 1191 2224 1381 2292; x_wconf 86' lang='grc' dir='ltr'><strong>Λόγος,</strong></span> <span class='ocrx_word' id='word_1_195' title='bbox 1411 2222 1486 2285; x_wconf 83' lang='grc' dir='ltr'><strong>ὡς</strong></span> <span class='ocrx_word' id='word_1_196' title='bbox 1509 2221 1698 2294; x_wconf 87' lang='grc' dir='ltr'>Πατὴρ</span> <span class='ocrx_word' id='word_1_197' title='bbox 1726 2217 1806 2284; x_wconf 74' lang='grc' dir='ltr'><strong>εἷς</strong></span> 
     </span>
    </p>
   </div>
   <div class='ocr_carea' id='block_1_22' title="bbox 229 2310 1804 2390">
    <p class='ocr_par' dir='ltr' id='par_1_22' title="bbox 229 2310 1804 2390">
     <span class='ocr_line' id='line_1_22' title="bbox 229 2310 1804 2390; baseline -0.004 -17"><span class='ocrx_word' id='word_1_198' title='bbox 229 2322 404 2376; x_wconf 68' lang='grc' dir='ltr'>ἐστιν.</span> <span class='ocrx_word' id='word_1_199' title='bbox 444 2339 462 2370; x_wconf 77' lang='lat' dir='ltr'><strong>t</strong></span> <span class='ocrx_word' id='word_1_200' title='bbox 491 2313 588 2382; x_wconf 76' lang='grc' dir='ltr'><strong>Εἷς</strong></span> <span class='ocrx_word' id='word_1_201' title='bbox 614 2321 724 2390; x_wconf 88' lang='grc' dir='ltr'><strong>γὰρ</strong></span> <span class='ocrx_word' id='word_1_202' title='bbox 755 2317 908 2382; x_wconf 80' lang='grc' dir='ltr'>Θεὸς,</span> <span class='ocrx_word' id='word_1_203' title='bbox 942 2316 1002 2382; x_wconf 77' lang='grc' dir='ltr'><strong>ἐξ</strong></span> <span class='ocrx_word' id='word_1_204' title='bbox 1031 2311 1093 2371; x_wconf 72' lang='grc' dir='ltr'>οὗ</span> <span class='ocrx_word' id='word_1_205' title='bbox 1125 2315 1194 2370; x_wconf 88' lang='grc' dir='ltr'><strong>τά</strong></span> <span class='ocrx_word' id='word_1_206' title='bbox 1222 2316 1419 2381; x_wconf 88' lang='grc' dir='ltr'>πάντα,</span> <span class='ocrx_word' id='word_1_207' title='bbox 1455 2316 1549 2369; x_wconf 79' lang='grc' dir='ltr'><strong>καὶ</strong></span> <span class='ocrx_word' id='word_1_208' title='bbox 1581 2310 1661 2378; x_wconf 76' lang='grc' dir='ltr'><strong>εἷς</strong></span> <span class='ocrx_word' id='word_1_209' title='bbox 1690 2313 1804 2368; x_wconf 85' lang='grc' dir='ltr'><strong>Κύ-</strong></span> 
     </span>
    </p>
   </div>
   <div class='ocr_carea' id='block_1_23' title="bbox 233 2408 1806 2486">
    <p class='ocr_par' dir='ltr' id='par_1_23' title="bbox 233 2408 1806 2486">
     <span class='ocr_line' id='line_1_23' title="bbox 233 2408 1806 2486; baseline -0.004 -19"><span class='ocrx_word' id='word_1_210' title='bbox 233 2432 354 2486; x_wconf 83' lang='grc' dir='ltr'>ριος</span> <span class='ocrx_word' id='word_1_211' title='bbox 397 2413 606 2485; x_wconf 81' lang='grc' dir='ltr'>Ἰησοῦς</span> <span class='ocrx_word' id='word_1_212' title='bbox 656 2413 967 2484; x_wconf 80' lang='grc' dir='ltr'>Χριστός·›</span> <span class='ocrx_word' id='word_1_213' title='bbox 1023 2410 1102 2465; x_wconf 81' lang='grc' dir='ltr'><strong>διὸ</strong></span> <span class='ocrx_word' id='word_1_214' title='bbox 1164 2412 1258 2465; x_wconf 72' lang='grc' dir='ltr'><strong>καὶ</strong></span> <span class='ocrx_word' id='word_1_215' title='bbox 1321 2409 1616 2482; x_wconf 85' lang='grc' dir='ltr'>μονογενὴς</span> <span class='ocrx_word' id='word_1_216' title='bbox 1678 2408 1806 2472; x_wconf 85' lang='grc' dir='ltr'><strong>Υἱὸς</strong></span> 
     </span>
    </p>
   </div>
   <div class='ocr_carea' id='block_1_24' title="bbox 227 2499 1809 2578">
    <p class='ocr_par' dir='ltr' id='par_1_24' title="bbox 227 2499 1809 2578">
     <span class='ocr_line' id='line_1_24' title="bbox 227 2499 1809 2578; baseline -0.003 -20"><span class='ocrx_word' id='word_1_217' title='bbox 227 2506 452 2578; x_wconf 79' lang='grc' dir='ltr'>εἴρηται</span> <span class='ocrx_word' id='word_1_218' title='bbox 481 2505 575 2558; x_wconf 74' lang='grc' dir='ltr'><strong>καὶ</strong></span> <span class='ocrx_word' id='word_1_219' title='bbox 619 2504 928 2574; x_wconf 85' lang='grc' dir='ltr'>γέγραπται</span> <span class='ocrx_word' id='word_1_220' title='bbox 953 2520 968 2534; x_wconf 73' lang='grc' dir='ltr'><strong>ο</strong></span> <span class='ocrx_word' id='word_1_221' title='bbox 1007 2501 1078 2557; x_wconf 94' lang='grc' dir='ltr'><strong>τά</strong></span> <span class='ocrx_word' id='word_1_222' title='bbox 1109 2503 1166 2556; x_wconf 82' lang='grc' dir='ltr'><strong>δὲ</strong></span> <span class='ocrx_word' id='word_1_223' title='bbox 1211 2502 1481 2572; x_wconf 87' lang='grc' dir='ltr'>κτίσματα</span> <span class='ocrx_word' id='word_1_224' title='bbox 1513 2499 1684 2554; x_wconf 87' lang='grc' dir='ltr'>πολλά</span> <span class='ocrx_word' id='word_1_225' title='bbox 1713 2501 1809 2554; x_wconf 73' lang='grc' dir='ltr'>καὶ</span> 
     </span>
    </p>
   </div>
   <div class='ocr_carea' id='block_1_25' title="bbox 229 2593 1806 2667">
    <p class='ocr_par' dir='ltr' id='par_1_25' title="bbox 229 2593 1806 2667">
     <span class='ocr_line' id='line_1_25' title="bbox 229 2593 1806 2667; baseline -0.004 -16"><span class='ocrx_word' id='word_1_226' title='bbox 229 2598 492 2667; x_wconf 82' lang='grc' dir='ltr'>διάφορα,</span> <span class='ocrx_word' id='word_1_227' title='bbox 532 2595 797 2665; x_wconf 77' lang='grc' dir='ltr'>ἄγγελοι,</span> <span class='ocrx_word' id='word_1_228' title='bbox 851 2595 1198 2666; x_wconf 78' lang='grc' dir='ltr'>ἀρχάγγελοι,</span> <span class='ocrx_word' id='word_1_229' title='bbox 1244 2593 1548 2665; x_wconf 69' lang='grc' dir='ltr'>χερουϐὶμ,</span> <span class='ocrx_word' id='word_1_230' title='bbox 1601 2593 1806 2664; x_wconf 72' lang='grc' dir='ltr'>ἀρχαὶ,</span> 
     </span>
    </p>
   </div>
   <div class='ocr_carea' id='block_1_26' title="bbox 231 2683 1810 2765">
    <p class='ocr_par' dir='ltr' id='par_1_26' title="bbox 231 2683 1810 2765">
     <span class='ocr_line' id='line_1_26' title="bbox 231 2683 1810 2765; baseline -0.003 -23"><span class='ocrx_word' id='word_1_231' title='bbox 231 2689 506 2755; x_wconf 67' lang='grc' dir='ltr'>ἐξουσίαι,</span> <span class='ocrx_word' id='word_1_232' title='bbox 531 2689 628 2742; x_wconf 79' lang='grc' dir='ltr'><strong>καὶ</strong></span> <span class='ocrx_word' id='word_1_233' title='bbox 661 2687 728 2741; x_wconf 88' lang='grc' dir='ltr'><strong>τά</strong></span> <span class='ocrx_word' id='word_1_234' title='bbox 762 2687 916 2752; x_wconf 83' lang='grc' dir='ltr'>ἄλλα,</span> <span class='ocrx_word' id='word_1_235' title='bbox 950 2686 1142 2765; x_wconf 79' lang='grc' dir='ltr'>ὥσπερ</span> <span class='ocrx_word' id='word_1_236' title='bbox 1168 2685 1401 2756; x_wconf 70' lang='grc' dir='ltr'>εἴρηται.</span> <span class='ocrx_word' id='word_1_237' title='bbox 1427 2685 1491 2738; x_wconf 78' lang='grc' dir='ltr'><strong>Εἰ</strong></span> <span class='ocrx_word' id='word_1_238' title='bbox 1512 2685 1588 2749; x_wconf 87' lang='grc' dir='ltr'>δὲ,</span> <span class='ocrx_word' id='word_1_239' title='bbox 1607 2685 1688 2737; x_wconf 84' lang='grc' dir='ltr'><strong>ὅτι</strong></span> <span class='ocrx_word' id='word_1_240' title='bbox 1710 2683 1810 2738; x_wconf 85' lang='grc' dir='ltr'><strong>οὐκ</strong></span> 
     </span>
    </p>
   </div>
   <div class='ocr_carea' id='block_1_27' title="bbox 228 2771 1811 2847">
    <p class='ocr_par' dir='ltr' id='par_1_27' title="bbox 228 2771 1811 2847">
     <span class='ocr_line' id='line_1_27' title="bbox 228 2771 1811 2847; baseline -0.003 -14"><span class='ocrx_word' id='word_1_241' title='bbox 228 2781 351 2833; x_wconf 77' lang='grc' dir='ltr'>εστι</span> <span class='ocrx_word' id='word_1_242' title='bbox 380 2779 490 2833; x_wconf 83' lang='grc' dir='ltr'><strong>τῶν</strong></span> <span class='ocrx_word' id='word_1_243' title='bbox 524 2779 734 2832; x_wconf 78' lang='grc' dir='ltr'>πολλῶν</span> <span class='ocrx_word' id='word_1_244' title='bbox 766 2780 795 2831; x_wconf 88' lang='lat'><strong>6</strong></span> <span class='ocrx_word' id='word_1_245' title='bbox 834 2779 982 2844; x_wconf 79' lang='grc' dir='ltr'>Υἱὸς,</span> <span class='ocrx_word' id='word_1_246' title='bbox 1013 2778 1128 2832; x_wconf 84' lang='grc' dir='ltr'>ἀλλ’</span> <span class='ocrx_word' id='word_1_247' title='bbox 1169 2771 1250 2840; x_wconf 75' lang='grc' dir='ltr'>εἷς</span> <span class='ocrx_word' id='word_1_248' title='bbox 1293 2781 1460 2844; x_wconf 80' lang='grc' dir='ltr'>ἐστιν,</span> <span class='ocrx_word' id='word_1_249' title='bbox 1503 2777 1579 2842; x_wconf 84' lang='grc' dir='ltr'><strong>ὡς</strong></span> <span class='ocrx_word' id='word_1_250' title='bbox 1618 2776 1811 2847; x_wconf 83' lang='grc' dir='ltr'>Πατὴρ</span> 
     </span>
    </p>
   </div>
   <div class='ocr_carea' id='block_1_28' title="bbox 227 2864 1811 2939">
    <p class='ocr_par' dir='ltr' id='par_1_28' title="bbox 227 2864 1811 2939">
     <span class='ocr_line' id='line_1_28' title="bbox 227 2864 1811 2939; baseline -0.001 -17"><span class='ocrx_word' id='word_1_251' title='bbox 227 2864 314 2932; x_wconf 72' lang='grc' dir='ltr'><strong>εἷς</strong></span> <span class='ocrx_word' id='word_1_252' title='bbox 343 2870 482 2934; x_wconf 75' lang='grc' dir='ltr'>ἐστι,</span> <span class='ocrx_word' id='word_1_253' title='bbox 513 2871 606 2922; x_wconf 75' lang='grc' dir='ltr'>καὶ</span> <span class='ocrx_word' id='word_1_254' title='bbox 656 2869 756 2922; x_wconf 85' lang='grc' dir='ltr'><strong>οὐκ</strong></span> <span class='ocrx_word' id='word_1_255' title='bbox 805 2868 920 2921; x_wconf 79' lang='grc' dir='ltr'>ἐστι</span> <span class='ocrx_word' id='word_1_256' title='bbox 955 2867 1065 2939; x_wconf 86' lang='grc'>(96)</span> <span class='ocrx_word' id='word_1_257' title='bbox 1101 2868 1328 2938; x_wconf 87' lang='grc' dir='ltr'>κτίσμα,</span> <span class='ocrx_word' id='word_1_258' title='bbox 1371 2867 1590 2933; x_wconf 84' lang='grc' dir='ltr'>πάντως</span> <span class='ocrx_word' id='word_1_259' title='bbox 1623 2868 1718 2921; x_wconf 76' lang='grc' dir='ltr'>καὶ</span> <span class='ocrx_word' id='word_1_260' title='bbox 1749 2867 1811 2921; x_wconf 82' lang='grc' dir='ltr'><strong>τὸ</strong></span> 
     </span>
    </p>
   </div>
   <div class='ocr_carea' id='block_1_29' title="bbox 227 2957 1809 3033">
    <p class='ocr_par' dir='ltr' id='par_1_29' title="bbox 227 2957 1809 3033">
     <span class='ocr_line' id='line_1_29' title="bbox 227 2957 1809 3033; baseline -0.002 -19"><span class='ocrx_word' id='word_1_261' title='bbox 227 2961 463 3032; x_wconf 84' lang='grc' dir='ltr'>Πνεῦμα</span> <span class='ocrx_word' id='word_1_262' title='bbox 496 2962 636 3033; x_wconf 83' lang='grc' dir='ltr'><strong>(χρὴ</strong></span> <span class='ocrx_word' id='word_1_263' title='bbox 669 2961 778 3032; x_wconf 80' lang='grc' dir='ltr'><strong>γὰρ</strong></span> <span class='ocrx_word' id='word_1_264' title='bbox 809 2960 916 3014; x_wconf 84' lang='grc' dir='ltr'><strong>ἀπὸ</strong></span> <span class='ocrx_word' id='word_1_265' title='bbox 947 2959 1045 3013; x_wconf 91' lang='grc' dir='ltr'><strong>τοῦ</strong></span> <span class='ocrx_word' id='word_1_266' title='bbox 1085 2959 1217 3012; x_wconf 92' lang='grc' dir='ltr'>Υἱοῦ</span> <span class='ocrx_word' id='word_1_267' title='bbox 1261 2959 1556 3032; x_wconf 78' lang='grc' dir='ltr'>λαμϐάνειν</span> <span class='ocrx_word' id='word_1_268' title='bbox 1586 2960 1680 3013; x_wconf 77' lang='grc' dir='ltr'><strong>καὶ</strong></span> <span class='ocrx_word' id='word_1_269' title='bbox 1712 2957 1809 3032; x_wconf 77' lang='grc' dir='ltr'>τὴν</span> 
     </span>
    </p>
   </div>
   <div class='ocr_carea' id='block_1_30' title="bbox 227 3051 1878 3133">
    <p class='ocr_par' dir='ltr' id='par_1_30' title="bbox 227 3051 1878 3133">
     <span class='ocr_line' id='line_1_30' title="bbox 227 3051 1878 3133; baseline -0.004 -23"><span class='ocrx_word' id='word_1_270' title='bbox 227 3057 364 3127; x_wconf 78' lang='grc' dir='ltr'>περὶ</span> <span class='ocrx_word' id='word_1_271' title='bbox 397 3055 494 3110; x_wconf 87' lang='grc' dir='ltr'><strong>τοῦ</strong></span> <span class='ocrx_word' id='word_1_272' title='bbox 528 3055 844 3125; x_wconf 84' lang='grc' dir='ltr'>Πνεύματος</span> <span class='ocrx_word' id='word_1_273' title='bbox 865 3052 1096 3123; x_wconf 85' lang='grc' dir='ltr'>γνῶσιν)</span> <span class='ocrx_word' id='word_1_274' title='bbox 1124 3053 1225 3104; x_wconf 87' lang='grc' dir='ltr'><strong>οὐκ</strong></span> <span class='ocrx_word' id='word_1_275' title='bbox 1261 3051 1327 3106; x_wconf 86' lang='grc' dir='ltr'>ἂν</span> <span class='ocrx_word' id='word_1_276' title='bbox 1363 3051 1448 3123; x_wconf 84' lang='grc' dir='ltr'>εἴη</span> <span class='ocrx_word' id='word_1_277' title='bbox 1471 3053 1696 3121; x_wconf 86' lang='grc' dir='ltr'>κτίσμα.</span> <span class='ocrx_word' id='word_1_278' title='bbox 1732 3051 1806 3105; x_wconf 85' lang='grc' dir='ltr'><strong>Οὐ</strong></span> <span class='ocrx_word' id='word_1_279' title='bbox 1834 3074 1878 3133; x_wconf 73' lang='lat' dir='ltr'><strong>C</strong></span> 
     </span>
    </p>
   </div>
   <div class='ocr_carea' id='block_1_31' title="bbox 224 3144 1629 3220">
    <p class='ocr_par' dir='ltr' id='par_1_31' title="bbox 224 3144 1629 3220">
     <span class='ocr_line' id='line_1_31' title="bbox 224 3144 1629 3220; baseline -0.004 -18"><span class='ocrx_word' id='word_1_280' title='bbox 224 3149 346 3220; x_wconf 74' lang='grc' dir='ltr'><strong>γὰρ</strong></span> <span class='ocrx_word' id='word_1_281' title='bbox 370 3147 481 3202; x_wconf 84' lang='grc' dir='ltr'>τῶν</span> <span class='ocrx_word' id='word_1_282' title='bbox 515 3147 727 3202; x_wconf 80' lang='grc' dir='ltr'>πολλῶν</span> <span class='ocrx_word' id='word_1_283' title='bbox 755 3149 902 3199; x_wconf 76' lang='grc' dir='ltr'>ἐστιν</span> <span class='ocrx_word' id='word_1_284' title='bbox 926 3185 941 3210; x_wconf 93' lang='grc'><strong>,</strong></span> <span class='ocrx_word' id='word_1_285' title='bbox 967 3145 1081 3198; x_wconf 87' lang='grc' dir='ltr'>ἀλλ’</span> <span class='ocrx_word' id='word_1_286' title='bbox 1106 3145 1164 3198; x_wconf 78' lang='grc' dir='ltr'>ἓν</span> <span class='ocrx_word' id='word_1_287' title='bbox 1195 3145 1310 3197; x_wconf 80' lang='grc' dir='ltr'>ἐστι</span> <span class='ocrx_word' id='word_1_288' title='bbox 1345 3144 1440 3197; x_wconf 77' lang='grc' dir='ltr'><strong>καὶ</strong></span> <span class='ocrx_word' id='word_1_289' title='bbox 1476 3144 1629 3197; x_wconf 80' lang='grc' dir='ltr'>αὑτό.</span> 
     </span>
    </p>
   </div>
   <div class='ocr_carea' id='block_1_32' title="bbox 310 3235 1810 3306">
    <p class='ocr_par' dir='ltr' id='par_1_32' title="bbox 310 3235 1810 3306">
     <span class='ocr_line' id='line_1_32' title="bbox 310 3235 1810 3306; baseline -0.001 -12"><span class='ocrx_word' id='word_1_290' title='bbox 310 3240 366 3295; x_wconf 80' lang='grc'><strong>4.</strong></span> <span class='ocrx_word' id='word_1_291' title='bbox 408 3239 518 3293; x_wconf 78' lang='lat' dir='ltr'><strong>Kal</strong></span> <span class='ocrx_word' id='word_1_292' title='bbox 545 3238 704 3293; x_wconf 91' lang='grc' dir='ltr'>τοῦτο</span> <span class='ocrx_word' id='word_1_293' title='bbox 732 3235 871 3291; x_wconf 77' lang='grc' dir='ltr'>οἶδεν</span> <span class='ocrx_word' id='word_1_294' title='bbox 901 3239 928 3290; x_wconf 95' lang='lat'><strong>6</strong></span> <span class='ocrx_word' id='word_1_295' title='bbox 967 3237 1284 3300; x_wconf 85' lang='grc' dir='ltr'>Ἀπόστολος</span> <span class='ocrx_word' id='word_1_296' title='bbox 1315 3237 1492 3306; x_wconf 85' lang='grc' dir='ltr'>λέγων</span> <span class='ocrx_word' id='word_1_297' title='bbox 1514 3255 1528 3269; x_wconf 82' lang='grc'><strong>·</strong></span> <span class='ocrx_word' id='word_1_298' title='bbox 1580 3257 1598 3290; x_wconf 76' lang='lat' dir='ltr'><strong>t</strong></span> <span class='ocrx_word' id='word_1_299' title='bbox 1624 3237 1810 3292; x_wconf 83' lang='grc' dir='ltr'>Ταῦτα</span> 
     </span>
    </p>
   </div>
   <div class='ocr_carea' id='block_1_33' title="bbox 225 3328 1812 3402">
    <p class='ocr_par' dir='ltr' id='par_1_33' title="bbox 225 3328 1812 3402">
     <span class='ocr_line' id='line_1_33' title="bbox 225 3328 1812 3402; baseline -0.001 -16"><span class='ocrx_word' id='word_1_300' title='bbox 225 3332 291 3386; x_wconf 74' lang='grc' dir='ltr'>δὲ</span> <span class='ocrx_word' id='word_1_301' title='bbox 325 3333 506 3386; x_wconf 84' lang='grc' dir='ltr'>πάντα</span> <span class='ocrx_word' id='word_1_302' title='bbox 544 3332 760 3402; x_wconf 78' lang='grc' dir='ltr'>ἐνεργεῖ</span> <span class='ocrx_word' id='word_1_303' title='bbox 787 3331 849 3385; x_wconf 83' lang='grc' dir='ltr'><strong>τὸ</strong></span> <span class='ocrx_word' id='word_1_304' title='bbox 889 3330 946 3383; x_wconf 82' lang='grc' dir='ltr'>ἓν</span> <span class='ocrx_word' id='word_1_305' title='bbox 992 3330 1084 3384; x_wconf 75' lang='lat' dir='ltr'><strong>ml.</strong></span> <span class='ocrx_word' id='word_1_306' title='bbox 1132 3329 1192 3382; x_wconf 82' lang='grc' dir='ltr'>τὸ</span> <span class='ocrx_word' id='word_1_307' title='bbox 1223 3330 1354 3383; x_wconf 82' lang='grc' dir='ltr'>αὐτὸ</span> <span class='ocrx_word' id='word_1_308' title='bbox 1388 3328 1631 3401; x_wconf 88' lang='grc' dir='ltr'>Πνεῦμα,</span> <span class='ocrx_word' id='word_1_309' title='bbox 1676 3331 1812 3385; x_wconf 87' lang='grc' dir='ltr'>διαι-</span> 
     </span>
    </p>
   </div>
   <div class='ocr_carea' id='block_1_34' title="bbox 231 3421 1809 3496">
    <p class='ocr_par' dir='ltr' id='par_1_34' title="bbox 231 3421 1809 3496">
     <span class='ocr_line' id='line_1_34' title="bbox 231 3421 1809 3496; baseline -0.017 2"><span class='ocrx_word' id='word_1_310' title='bbox 231 3425 369 3496; x_wconf 62' lang='grc' dir='ltr'>ροῦν</span> <span class='ocrx_word' id='word_1_311' title='bbox 406 3425 511 3495; x_wconf 62' lang='grc' dir='ltr'>ἰδίᾳ</span> <span class='ocrx_word' id='word_1_312' title='bbox 535 3424 750 3494; x_wconf 73' lang='grc' dir='ltr'>ἑκάστῳ</span> <span class='ocrx_word' id='word_1_313' title='bbox 774 3423 958 3487; x_wconf 82' lang='grc' dir='ltr'><strong>καθὼς</strong></span> <span class='ocrx_word' id='word_1_314' title='bbox 991 3421 1241 3493; x_wconf 80' lang='grc' dir='ltr'>βούλεται</span> <span class='ocrx_word' id='word_1_315' title='bbox 1261 3440 1308 3474; x_wconf 71' lang='grc' dir='ltr'><strong>ἰ</strong></span> <span class='ocrx_word' id='word_1_316' title='bbox 1345 3423 1438 3475; x_wconf 78' lang='grc' dir='ltr'><strong>καὶ</strong></span> <span class='ocrx_word' id='word_1_317' title='bbox 1469 3425 1586 3492; x_wconf 82' lang='grc' dir='ltr'>μετ’</span> <span class='ocrx_word' id='word_1_318' title='bbox 1618 3423 1809 3491; x_wconf 72' lang='grc' dir='ltr'>ὀλίγαι</span> 
     </span>
    </p>
   </div>
   <div class='ocr_carea' id='block_1_35' title="bbox 232 3513 1811 3585">
    <p class='ocr_par' dir='ltr' id='par_1_35' title="bbox 232 3513 1811 3585">
     <span class='ocr_line' id='line_1_35' title="bbox 232 3513 1811 3585; baseline -0.001 -16"><span class='ocrx_word' id='word_1_319' title='bbox 232 3534 258 3568; x_wconf 68' lang='grc' dir='ltr'><strong>ο</strong></span> <span class='ocrx_word' id='word_1_320' title='bbox 295 3517 386 3569; x_wconf 85' lang='grc' dir='ltr'>Ἐν</span> <span class='ocrx_word' id='word_1_321' title='bbox 414 3517 495 3569; x_wconf 77' lang='grc' dir='ltr'><strong>ἐν).</strong></span> <span class='ocrx_word' id='word_1_322' title='bbox 539 3514 650 3585; x_wconf 88' lang='lat'><strong>(97)</strong></span> <span class='ocrx_word' id='word_1_323' title='bbox 699 3514 976 3585; x_wconf 80' lang='grc' dir='ltr'>Πνεῦματι</span> <span class='ocrx_word' id='word_1_324' title='bbox 1018 3516 1177 3585; x_wconf 80' lang='grc' dir='ltr'>ἡμεῖς</span> <span class='ocrx_word' id='word_1_325' title='bbox 1223 3513 1424 3577; x_wconf 87' lang='grc' dir='ltr'>πάντες</span> <span class='ocrx_word' id='word_1_326' title='bbox 1452 3515 1532 3577; x_wconf 88' lang='grc' dir='ltr'>είς</span> <span class='ocrx_word' id='word_1_327' title='bbox 1563 3513 1620 3566; x_wconf 84' lang='grc' dir='ltr'>ἓν</span> <span class='ocrx_word' id='word_1_328' title='bbox 1653 3513 1811 3584; x_wconf 82' lang='grc' dir='ltr'>σῶμα</span> 
     </span>
    </p>
   </div>
   <div class='ocr_carea' id='block_1_36' title="bbox 224 3601 1804 3675">
    <p class='ocr_par' dir='ltr' id='par_1_36' title="bbox 224 3601 1804 3675">
     <span class='ocr_line' id='line_1_36' title="bbox 224 3601 1804 3675; baseline -0.002 -17"><span class='ocrx_word' id='word_1_329' title='bbox 224 3604 662 3675; x_wconf 75' lang='grc' dir='ltr'>ἐϐαπτίσθημεν,</span> <span class='ocrx_word' id='word_1_330' title='bbox 688 3603 782 3656; x_wconf 67' lang='grc' dir='ltr'><strong>κα)¹</strong></span> <span class='ocrx_word' id='word_1_331' title='bbox 813 3603 1012 3666; x_wconf 84' lang='grc' dir='ltr'>πάντες</span> <span class='ocrx_word' id='word_1_332' title='bbox 1041 3602 1098 3656; x_wconf 83' lang='grc' dir='ltr'>ἓν</span> <span class='ocrx_word' id='word_1_333' title='bbox 1123 3601 1345 3672; x_wconf 85' lang='grc' dir='ltr'>Πνεῦμα</span> <span class='ocrx_word' id='word_1_334' title='bbox 1376 3602 1738 3672; x_wconf 80' lang='grc' dir='ltr'>ἐποτίσθημεν</span> <span class='ocrx_word' id='word_1_335' title='bbox 1759 3618 1804 3655; x_wconf 80' lang='grc' dir='ltr'>Ὶ</span> 
     </span>
    </p>
   </div>
   <div class='ocr_carea' id='block_1_37' title="bbox 224 3690 1812 3762">
    <p class='ocr_par' dir='ltr' id='par_1_37' title="bbox 224 3690 1812 3762">
     <span class='ocr_line' id='line_1_37' title="bbox 224 3690 1812 3762; baseline -0.003 -13"><span class='ocrx_word' id='word_1_336' title='bbox 224 3697 330 3749; x_wconf 71' lang='grc' dir='ltr'>καὶ</span> <span class='ocrx_word' id='word_1_337' title='bbox 380 3693 564 3756; x_wconf 81' lang='grc' dir='ltr'>πάλιν,</span> <span class='ocrx_word' id='word_1_338' title='bbox 597 3692 786 3762; x_wconf 78' lang='grc' dir='ltr'>ἐπειδὴ</span> <span class='ocrx_word' id='word_1_339' title='bbox 823 3695 887 3744; x_wconf 81' lang='grc' dir='ltr'>ὲκ</span> <span class='ocrx_word' id='word_1_340' title='bbox 931 3690 1026 3744; x_wconf 93' lang='grc' dir='ltr'><strong>τοῦ</strong></span> <span class='ocrx_word' id='word_1_341' title='bbox 1078 3690 1210 3744; x_wconf 80' lang='grc' dir='ltr'>Υἱοῦ</span> <span class='ocrx_word' id='word_1_342' title='bbox 1249 3691 1330 3744; x_wconf 87' lang='grc' dir='ltr'><strong>δεῖ</strong></span> <span class='ocrx_word' id='word_1_343' title='bbox 1371 3691 1668 3762; x_wconf 76' lang='grc' dir='ltr'>λαμϐάνειν</span> <span class='ocrx_word' id='word_1_344' title='bbox 1715 3691 1812 3762; x_wconf 83' lang='grc' dir='ltr'><strong>τὴν</strong></span> 
     </span>
    </p>
   </div>
   <div class='ocr_carea' id='block_1_38' title="bbox 224 3781 1809 3856">
    <p class='ocr_par' dir='ltr' id='par_1_38' title="bbox 224 3781 1809 3856">
     <span class='ocr_line' id='line_1_38' title="bbox 224 3781 1809 3856; baseline -0.003 -18"><span class='ocrx_word' id='word_1_345' title='bbox 224 3785 366 3856; x_wconf 77' lang='grc' dir='ltr'>περὶ</span> <span class='ocrx_word' id='word_1_346' title='bbox 395 3784 490 3838; x_wconf 92' lang='grc' dir='ltr'><strong>τοῦ</strong></span> <span class='ocrx_word' id='word_1_347' title='bbox 528 3783 845 3854; x_wconf 82' lang='grc' dir='ltr'>Πνεύματος</span> <span class='ocrx_word' id='word_1_348' title='bbox 884 3781 1103 3851; x_wconf 82' lang='grc' dir='ltr'>γνῶσιν,</span> <span class='ocrx_word' id='word_1_349' title='bbox 1137 3783 1344 3853; x_wconf 80' lang='grc' dir='ltr'>πρέπον</span> <span class='ocrx_word' id='word_1_350' title='bbox 1377 3783 1442 3836; x_wconf 87' lang='grc' dir='ltr'><strong>ἂν</strong></span> <span class='ocrx_word' id='word_1_351' title='bbox 1457 3783 1541 3852; x_wconf 77' lang='grc' dir='ltr'>εἴη</span> <span class='ocrx_word' id='word_1_352' title='bbox 1568 3781 1625 3848; x_wconf 77' lang='grc' dir='ltr'><strong>ἐξ</strong></span> <span class='ocrx_word' id='word_1_353' title='bbox 1647 3781 1809 3836; x_wconf 80' lang='grc' dir='ltr'>αὐτοῦ</span> 
     </span>
    </p>
   </div>
   <div class='ocr_carea' id='block_1_39' title="bbox 223 3872 1814 3943">
    <p class='ocr_par' dir='ltr' id='par_1_39' title="bbox 223 3872 1814 3943">
     <span class='ocr_line' id='line_1_39' title="bbox 223 3872 1814 3943; baseline -0.001 -15"><span class='ocrx_word' id='word_1_354' title='bbox 223 3873 446 3937; x_wconf 76' lang='grc' dir='ltr'>καὶτὰς</span> <span class='ocrx_word' id='word_1_355' title='bbox 470 3873 768 3936; x_wconf 80' lang='grc' dir='ltr'>ἀποδείξεις</span> <span class='ocrx_word' id='word_1_356' title='bbox 789 3872 1101 3943; x_wconf 79' lang='grc' dir='ltr'>προφέρειν.</span> <span class='ocrx_word' id='word_1_357' title='bbox 1123 3872 1406 3941; x_wconf 85' lang='grc' dir='ltr'>Πανταχοῦ</span> <span class='ocrx_word' id='word_1_358' title='bbox 1420 3873 1595 3925; x_wconf 85' lang='grc' dir='ltr'>τοίνυν</span> <span class='ocrx_word' id='word_1_359' title='bbox 1612 3873 1758 3927; x_wconf 72' lang='grc' dir='ltr'>ἐστὶν</span> <span class='ocrx_word' id='word_1_360' title='bbox 1785 3874 1814 3926; x_wconf 91' lang='lat'><strong>6</strong></span> 
     </span>
    </p>
   </div>
   <div class='ocr_carea' id='block_1_40' title="bbox 222 3962 1810 4036">
    <p class='ocr_par' dir='ltr' id='par_1_40' title="bbox 222 3962 1810 4036">
     <span class='ocr_line' id='line_1_40' title="bbox 222 3962 1810 4036; baseline -0.003 -16"><span class='ocrx_word' id='word_1_361' title='bbox 222 3967 384 4030; x_wconf 75' lang='grc' dir='ltr'>Υἱὸς,</span> <span class='ocrx_word' id='word_1_362' title='bbox 402 3969 461 4019; x_wconf 81' lang='grc' dir='ltr'>ἐν</span> <span class='ocrx_word' id='word_1_363' title='bbox 494 3965 666 4036; x_wconf 70' lang='grc' dir='ltr'><strong>Πατρ)¹</strong></span> <span class='ocrx_word' id='word_1_364' title='bbox 688 3964 794 4036; x_wconf 79' lang='grc' dir='ltr'><strong>γὰρ</strong></span> <span class='ocrx_word' id='word_1_365' title='bbox 822 3964 917 4027; x_wconf 81' lang='grc' dir='ltr'>ὢν,</span> <span class='ocrx_word' id='word_1_366' title='bbox 934 3965 1026 4016; x_wconf 75' lang='grc' dir='ltr'><strong>καὶ</strong></span> <span class='ocrx_word' id='word_1_367' title='bbox 1049 3963 1140 4016; x_wconf 89' lang='grc' dir='ltr'><strong>τοῦ</strong></span> <span class='ocrx_word' id='word_1_368' title='bbox 1163 3965 1373 4034; x_wconf 75' lang='grc' dir='ltr'>Πατρὸς</span> <span class='ocrx_word' id='word_1_369' title='bbox 1388 3964 1537 4028; x_wconf 75' lang='grc' dir='ltr'>ὄντος</span> <span class='ocrx_word' id='word_1_370' title='bbox 1566 3963 1624 4016; x_wconf 84' lang='grc' dir='ltr'><strong>ἐν</strong></span> <span class='ocrx_word' id='word_1_371' title='bbox 1645 3962 1810 4033; x_wconf 81' lang='grc' dir='ltr'>αὐτῷ.</span> 
     </span>
    </p>
   </div>
   <div class='ocr_carea' id='block_1_41' title="bbox 223 4052 1811 4129">
    <p class='ocr_par' dir='ltr' id='par_1_41' title="bbox 223 4052 1811 4129">
     <span class='ocr_line' id='line_1_41' title="bbox 223 4052 1811 4129; baseline -0.003 -19"><span class='ocrx_word' id='word_1_372' title='bbox 223 4057 416 4111; x_wconf 84' lang='grc' dir='ltr'>Πάντα</span> <span class='ocrx_word' id='word_1_373' title='bbox 432 4055 542 4129; x_wconf 84' lang='grc' dir='ltr'><strong>γάρ</strong></span> <span class='ocrx_word' id='word_1_374' title='bbox 579 4058 771 4127; x_wconf 84' lang='grc' dir='ltr'>κρατεῖ</span> <span class='ocrx_word' id='word_1_375' title='bbox 817 4055 910 4107; x_wconf 81' lang='grc' dir='ltr'>κα).</span> <span class='ocrx_word' id='word_1_376' title='bbox 941 4055 1150 4124; x_wconf 79' lang='grc' dir='ltr'>συνέχει</span> <span class='ocrx_word' id='word_1_377' title='bbox 1174 4093 1188 4117; x_wconf 96' lang='grc'><strong>,</strong></span> <span class='ocrx_word' id='word_1_378' title='bbox 1233 4055 1326 4107; x_wconf 80' lang='grc' dir='ltr'><strong>καὶ</strong></span> <span class='ocrx_word' id='word_1_379' title='bbox 1357 4053 1662 4125; x_wconf 79' lang='grc' dir='ltr'>γέγραπται</span> <span class='ocrx_word' id='word_1_380' title='bbox 1681 4052 1811 4124; x_wconf 71' lang='grc'>(98),</span> 
     </span>
    </p>
   </div>
   <div class='ocr_carea' id='block_1_42' title="bbox 221 4145 1814 4217">
    <p class='ocr_par' dir='ltr' id='par_1_42' title="bbox 221 4145 1814 4217">
     <span class='ocr_line' id='line_1_42' title="bbox 221 4145 1814 4217; baseline -0.003 -15"><span class='ocrx_word' id='word_1_381' title='bbox 221 4149 311 4202; x_wconf 78' lang='grc' dir='ltr'><strong>δτι</strong></span> <span class='ocrx_word' id='word_1_382' title='bbox 352 4166 372 4198; x_wconf 84' lang='grc'><strong><em>‹</em></strong></span> <span class='ocrx_word' id='word_1_383' title='bbox 407 4149 495 4200; x_wconf 88' lang='grc' dir='ltr'>Ἐν</span> <span class='ocrx_word' id='word_1_384' title='bbox 543 4146 692 4216; x_wconf 82' lang='grc' dir='ltr'>αὐτῷ</span> <span class='ocrx_word' id='word_1_385' title='bbox 754 4146 1052 4217; x_wconf 79' lang='grc' dir='ltr'>συνέστηκε</span> <span class='ocrx_word' id='word_1_386' title='bbox 1103 4145 1172 4198; x_wconf 80' lang='grc' dir='ltr'>τὰ</span> <span class='ocrx_word' id='word_1_387' title='bbox 1225 4145 1402 4199; x_wconf 83' lang='grc' dir='ltr'>πάντα</span> <span class='ocrx_word' id='word_1_388' title='bbox 1432 4165 1450 4196; x_wconf 70' lang='grc' dir='ltr'><strong>ι</strong></span> <span class='ocrx_word' id='word_1_389' title='bbox 1486 4145 1594 4198; x_wconf 76' lang='grc' dir='ltr'>εἴτε</span> <span class='ocrx_word' id='word_1_390' title='bbox 1645 4145 1814 4216; x_wconf 83' lang='grc' dir='ltr'>ὁρατά</span> 
     </span>
    </p>
   </div>
   <div class='ocr_carea' id='block_1_43' title="bbox 224 4236 1815 4310">
    <p class='ocr_par' dir='ltr' id='par_1_43' title="bbox 224 4236 1815 4310">
     <span class='ocr_line' id='line_1_43' title="bbox 224 4236 1815 4310; baseline -0.001 -18"><span class='ocrx_word' id='word_1_391' title='bbox 224 4243 344 4293; x_wconf 72' lang='grc' dir='ltr'>εἴτε</span> <span class='ocrx_word' id='word_1_392' title='bbox 378 4238 608 4310; x_wconf 84' lang='grc' dir='ltr'>ἀόρατα,</span> <span class='ocrx_word' id='word_1_393' title='bbox 639 4257 658 4289; x_wconf 78' lang='lat' dir='ltr'><strong>t</strong></span> <span class='ocrx_word' id='word_1_394' title='bbox 682 4238 778 4290; x_wconf 72' lang='grc' dir='ltr'><strong>καὶ</strong></span> <span class='ocrx_word' id='word_1_395' title='bbox 819 4237 980 4300; x_wconf 83' lang='grc' dir='ltr'>αὐτός</span> <span class='ocrx_word' id='word_1_396' title='bbox 1021 4239 1138 4290; x_wconf 75' lang='grc' dir='ltr'>ἐστι</span> <span class='ocrx_word' id='word_1_397' title='bbox 1169 4236 1275 4306; x_wconf 83' lang='grc' dir='ltr'><strong>πρὸ</strong></span> <span class='ocrx_word' id='word_1_398' title='bbox 1316 4237 1553 4290; x_wconf 83' lang='grc' dir='ltr'>πάντων.</span> <span class='ocrx_word' id='word_1_399' title='bbox 1589 4255 1608 4289; x_wconf 72' lang='grc' dir='ltr'><strong>ι</strong></span> <span class='ocrx_word' id='word_1_400' title='bbox 1651 4237 1732 4288; x_wconf 85' lang='grc' dir='ltr'><strong>Τὰ</strong></span> <span class='ocrx_word' id='word_1_401' title='bbox 1758 4237 1815 4290; x_wconf 82' lang='grc' dir='ltr'>δὲ</span> 
     </span>
    </p>
   </div>
   <div class='ocr_carea' id='block_1_44' title="bbox 224 4327 1815 4400">
    <p class='ocr_par' dir='ltr' id='par_1_44' title="bbox 224 4327 1815 4400">
     <span class='ocr_line' id='line_1_44' title="bbox 224 4327 1815 4400; baseline -0.003 -17"><span class='ocrx_word' id='word_1_402' title='bbox 224 4330 509 4400; x_wconf 80' lang='grc' dir='ltr'>κτίσματα</span> <span class='ocrx_word' id='word_1_403' title='bbox 541 4331 599 4382; x_wconf 82' lang='grc' dir='ltr'><strong>ἐν</strong></span> <span class='ocrx_word' id='word_1_404' title='bbox 632 4329 1060 4399; x_wconf 79' lang='grc' dir='ltr'>μεμερισμένοις</span> <span class='ocrx_word' id='word_1_405' title='bbox 1093 4329 1280 4389; x_wconf 83' lang='grc' dir='ltr'>τόποις</span> <span class='ocrx_word' id='word_1_406' title='bbox 1311 4328 1459 4381; x_wconf 78' lang='grc' dir='ltr'>ἐστίν</span> <span class='ocrx_word' id='word_1_407' title='bbox 1491 4327 1600 4398; x_wconf 90' lang='grc'>(99)</span> <span class='ocrx_word' id='word_1_408' title='bbox 1622 4345 1634 4357; x_wconf 89' lang='grc'><strong>·</strong></span> <span class='ocrx_word' id='word_1_409' title='bbox 1667 4328 1815 4397; x_wconf 77' lang='grc' dir='ltr'>ἥλιος</span> 
     </span>
    </p>
   </div>
   <div class='ocr_carea' id='block_1_45' title="bbox 1283 264 3308 346">
    <p class='ocr_par' dir='ltr' id='par_1_45' title="bbox 1283 264 3308 346">
     <span class='ocr_line' id='line_1_45' title="bbox 1283 264 3308 346; baseline -0.012 -11"><span class='ocrx_word' id='word_1_410' title='bbox 1283 276 1620 334; x_wconf 75' lang='lat' dir='ltr'><strong>EPISTULA</strong></span> <span class='ocrx_word' id='word_1_411' title='bbox 1656 273 1722 327; x_wconf 88' lang='lat' dir='ltr'><strong>Ill</strong></span> <span class='ocrx_word' id='word_1_412' title='bbox 1753 271 1844 326; x_wconf 89' lang='lat' dir='ltr'><strong>AD</strong></span> <span class='ocrx_word' id='word_1_413' title='bbox 1892 264 2350 325; x_wconf 77' lang='lat' dir='ltr'><strong>SER-APIONEM-.</strong></span> <span class='ocrx_word' id='word_1_414' title='bbox 3296 325 3308 346; x_wconf 35' lang='grc' dir='ltr'><strong>ε</strong></span> 
     </span>
    </p>
   </div>
   <div class='ocr_carea' id='block_1_46' title="bbox 224 367 1805 474">
    <p class='ocr_par' dir='ltr' id='par_1_46' title="bbox 224 391 1799 474">
     <span class='ocr_line' id='line_1_46' title="bbox 224 391 1799 474; baseline -0.01 -15"><span class='ocrx_word' id='word_1_415' title='bbox 224 407 337 460; x_wconf 75' lang='grc' dir='ltr'><strong>Καὶ</strong></span> <span class='ocrx_word' id='word_1_416' title='bbox 369 403 482 474; x_wconf 78' lang='grc'>(91)</span> <span class='ocrx_word' id='word_1_417' title='bbox 536 406 570 474; x_wconf 79' lang='grc' dir='ltr'>ὴ</span> <span class='ocrx_word' id='word_1_418' title='bbox 617 401 848 474; x_wconf 75' lang='grc' dir='ltr'>σφραγὶς</span> <span class='ocrx_word' id='word_1_419' title='bbox 893 400 950 454; x_wconf 84' lang='grc' dir='ltr'>δὲ</span> <span class='ocrx_word' id='word_1_420' title='bbox 1000 400 1090 453; x_wconf 84' lang='grc' dir='ltr'><strong>τὸν</strong></span> <span class='ocrx_word' id='word_1_421' title='bbox 1147 398 1273 452; x_wconf 73' lang='grc' dir='ltr'>Υίὸν</span> <span class='ocrx_word' id='word_1_422' title='bbox 1307 398 1552 458; x_wconf 81' lang='grc' dir='ltr'>ὲκτυποῖ,</span> <span class='ocrx_word' id='word_1_423' title='bbox 1586 395 1660 455; x_wconf 82' lang='grc' dir='ltr'>ὡς</span> <span class='ocrx_word' id='word_1_424' title='bbox 1709 391 1799 444; x_wconf 78' lang='grc' dir='ltr'><strong>τὸν</strong></span> 
     </span>
    </p>
   </div>
   <div class='ocr_carea' id='block_1_47' title="bbox 1914 367 3471 474">
    <p class='ocr_par' dir='ltr' id='par_1_47' title="bbox 1914 367 3471 450">
     <span class='ocr_line' id='line_1_47' title="bbox 1914 367 3471 450; baseline -0.015 -8"><span class='ocrx_word' id='word_1_425' title='bbox 1914 387 2116 442; x_wconf 72' lang='lat' dir='ltr'><strong>mus”.</strong></span> <span class='ocrx_word' id='word_1_426' title='bbox 2152 404 2178 436; x_wconf 64' lang='grc' dir='ltr'><strong>ι</strong></span> <span class='ocrx_word' id='word_1_427' title='bbox 2198 383 2369 436; x_wconf 90' lang='lat' dir='ltr'><strong>Porro</strong></span> <span class='ocrx_word' id='word_1_428' title='bbox 2400 375 2736 450; x_wconf 72' lang='lat' dir='ltr'><strong>signaculum</strong></span> <span class='ocrx_word' id='word_1_429' title='bbox 2781 372 2975 427; x_wconf 83' lang='lat' dir='ltr'><strong>Filium</strong></span> <span class='ocrx_word' id='word_1_430' title='bbox 3005 368 3281 440; x_wconf 83' lang='lat' dir='ltr'><strong>exprimit,</strong></span> <span class='ocrx_word' id='word_1_431' title='bbox 3311 367 3384 421; x_wconf 82' lang='lat' dir='ltr'><strong>ita</strong></span> <span class='ocrx_word' id='word_1_432' title='bbox 3411 374 3471 420; x_wconf 88' lang='lat' dir='ltr'><strong>ut</strong></span> 
     </span>
    </p>
   </div>
   <div class='ocr_carea' id='block_1_48' title="bbox 3365 251 3470 307">
    <p class='ocr_par' dir='ltr' id='par_1_48' title="bbox 3365 251 3470 307">
     <span class='ocr_line' id='line_1_48' title="bbox 3365 251 3470 307; baseline -0.01 0"><span class='ocrx_word' id='word_1_433' title='bbox 3365 251 3470 307; x_wconf 80' lang='lat'><strong>630</strong></span> 
     </span>
    </p>
   </div>
   <div class='ocr_carea' id='block_1_49' title="bbox 1903 456 3472 549">
    <p class='ocr_par' dir='ltr' id='par_1_49' title="bbox 1903 456 3472 549">
     <span class='ocr_line' id='line_1_49' title="bbox 1903 456 3472 549; baseline -0.018 -15"><span class='ocrx_word' id='word_1_434' title='bbox 1903 477 2048 549; x_wconf 91' lang='lat' dir='ltr'><strong>quod</strong></span> <span class='ocrx_word' id='word_1_435' title='bbox 2078 477 2326 544; x_wconf 82' lang='lat' dir='ltr'><strong>signatur</strong></span> <span class='ocrx_word' id='word_1_436' title='bbox 2353 469 2552 526; x_wconf 91' lang='lat' dir='ltr'><strong>Christi</strong></span> <span class='ocrx_word' id='word_1_437' title='bbox 2584 467 2816 521; x_wconf 83' lang='lat' dir='ltr'><strong>formam</strong></span> <span class='ocrx_word' id='word_1_438' title='bbox 2852 463 3066 526; x_wconf 88' lang='lat' dir='ltr'><strong>habeat,</strong></span> <span class='ocrx_word' id='word_1_439' title='bbox 3095 459 3307 514; x_wconf 90' lang='lat' dir='ltr'><strong>dicente</strong></span> <span class='ocrx_word' id='word_1_440' title='bbox 3325 456 3472 525; x_wconf 88' lang='lat' dir='ltr'><strong>Apo-</strong></span> 
     </span>
    </p>
   </div>
   <div class='ocr_carea' id='block_1_50' title="bbox 1888 548 3472 628">
    <p class='ocr_par' dir='ltr' id='par_1_50' title="bbox 1888 548 3472 628">
     <span class='ocr_line' id='line_1_50' title="bbox 1888 548 3472 628; baseline -0.018 -3"><span class='ocrx_word' id='word_1_441' title='bbox 1888 548 2086 626; x_wconf 45' lang='lat' dir='ltr'><strong>lstolo:</strong></span> <span class='ocrx_word' id='word_1_442' title='bbox 2126 590 2144 618; x_wconf 82' lang='grc' dir='ltr'><strong>ι</strong></span> <span class='ocrx_word' id='word_1_443' title='bbox 2182 565 2359 619; x_wconf 86' lang='lat' dir='ltr'><strong>Filioli</strong></span> <span class='ocrx_word' id='word_1_444' title='bbox 2401 562 2527 626; x_wconf 87' lang='lat' dir='ltr'><strong>mei,</strong></span> <span class='ocrx_word' id='word_1_445' title='bbox 2561 573 2699 628; x_wconf 89' lang='lat' dir='ltr'><strong>quos</strong></span> <span class='ocrx_word' id='word_1_446' title='bbox 2745 557 2941 610; x_wconf 92' lang='lat' dir='ltr'><strong>iterum</strong></span> <span class='ocrx_word' id='word_1_447' title='bbox 2997 549 3264 621; x_wconf 86' lang='lat' dir='ltr'><strong>parturio,</strong></span> <span class='ocrx_word' id='word_1_448' title='bbox 3297 548 3472 601; x_wconf 88' lang='lat' dir='ltr'><strong>donec</strong></span> 
     </span>
    </p>
   </div>
   <div class='ocr_carea' id='block_1_51' title="bbox 1902 638 3476 717">
    <p class='ocr_par' dir='ltr' id='par_1_51' title="bbox 1902 638 3476 717">
     <span class='ocr_line' id='line_1_51' title="bbox 1902 638 3476 717; baseline -0.018 0"><span class='ocrx_word' id='word_1_449' title='bbox 1902 662 2168 717; x_wconf 80' lang='lat' dir='ltr'><strong>formetur</strong></span> <span class='ocrx_word' id='word_1_450' title='bbox 2206 656 2457 713; x_wconf 86' lang='lat' dir='ltr'><strong>Christus</strong></span> <span class='ocrx_word' id='word_1_451' title='bbox 2506 654 2560 706; x_wconf 87' lang='lat' dir='ltr'><strong>in</strong></span> <span class='ocrx_word' id='word_1_452' title='bbox 2611 651 2765 703; x_wconf 88' lang='lat' dir='ltr'><strong>vobis</strong></span> <span class='ocrx_word' id='word_1_453' title='bbox 2791 649 2857 700; x_wconf 72' lang='grc'><strong>⁸⁵.</strong></span> <span class='ocrx_word' id='word_1_454' title='bbox 2901 664 2918 697; x_wconf 78' lang='grc' dir='ltr'><strong>ι</strong></span> <span class='ocrx_word' id='word_1_455' title='bbox 2968 643 3122 710; x_wconf 87' lang='lat' dir='ltr'><strong>Quod</strong></span> <span class='ocrx_word' id='word_1_456' title='bbox 3149 641 3195 696; x_wconf 91' lang='lat' dir='ltr'><strong>si</strong></span> <span class='ocrx_word' id='word_1_457' title='bbox 3235 638 3476 708; x_wconf 89' lang='lat' dir='ltr'><strong>Spiritus-</strong></span> 
     </span>
    </p>
   </div>
   <div class='ocr_carea' id='block_1_52' title="bbox 1901 728 3468 806">
    <p class='ocr_par' dir='ltr' id='par_1_52' title="bbox 1901 728 3468 806">
     <span class='ocr_line' id='line_1_52' title="bbox 1901 728 3468 806; baseline -0.018 0"><span class='ocrx_word' id='word_1_458' title='bbox 1901 752 2080 806; x_wconf 86' lang='lat' dir='ltr'><strong>bonus</strong></span> <span class='ocrx_word' id='word_1_459' title='bbox 2115 748 2249 802; x_wconf 90' lang='lat' dir='ltr'><strong>odor</strong></span> <span class='ocrx_word' id='word_1_460' title='bbox 2278 754 2331 800; x_wconf 88' lang='lat' dir='ltr'><strong>et</strong></span> <span class='ocrx_word' id='word_1_461' title='bbox 2379 743 2555 798; x_wconf 73' lang='lat' dir='ltr'><strong>forma</strong></span> <span class='ocrx_word' id='word_1_462' title='bbox 2589 740 2711 794; x_wconf 87' lang='lat' dir='ltr'><strong>Filii</strong></span> <span class='ocrx_word' id='word_1_463' title='bbox 2743 750 2845 801; x_wconf 75' lang='grc' dir='ltr'>εει,</span> <span class='ocrx_word' id='word_1_464' title='bbox 2876 735 3053 805; x_wconf 87' lang='lat' dir='ltr'><strong>palam</strong></span> <span class='ocrx_word' id='word_1_465' title='bbox 3094 740 3178 787; x_wconf 89' lang='lat' dir='ltr'><strong>est</strong></span> <span class='ocrx_word' id='word_1_466' title='bbox 3207 728 3468 799; x_wconf 85' lang='lat' dir='ltr'><strong>Spiritum</strong></span> 
     </span>
    </p>
   </div>
   <div class='ocr_carea' id='block_1_53' title="bbox 1903 819 3470 899">
    <p class='ocr_par' dir='ltr' id='par_1_53' title="bbox 1903 819 3470 899">
     <span class='ocr_line' id='line_1_53' title="bbox 1903 819 3470 899; baseline -0.015 -6"><span class='ocrx_word' id='word_1_467' title='bbox 1903 855 2010 893; x_wconf 91' lang='lat' dir='ltr'><strong>non</strong></span> <span class='ocrx_word' id='word_1_468' title='bbox 2039 853 2161 892; x_wconf 88' lang='lat' dir='ltr'><strong>esse</strong></span> <span class='ocrx_word' id='word_1_469' title='bbox 2183 843 2510 895; x_wconf 80' lang='lat' dir='ltr'><strong>creaturam,</strong></span> <span class='ocrx_word' id='word_1_470' title='bbox 2543 827 2981 899; x_wconf 81' lang='lat' dir='ltr'><strong>quandoquidem</strong></span> <span class='ocrx_word' id='word_1_471' title='bbox 3003 837 3103 877; x_wconf 90' lang='lat' dir='ltr'><strong>nec</strong></span> <span class='ocrx_word' id='word_1_472' title='bbox 3124 819 3319 883; x_wconf 91' lang='lat' dir='ltr'><strong>Filius,</strong></span> <span class='ocrx_word' id='word_1_473' title='bbox 3343 831 3470 872; x_wconf 89' lang='lat' dir='ltr'><strong>cum</strong></span> 
     </span>
    </p>
   </div>
   <div class='ocr_carea' id='block_1_54' title="bbox 1904 909 3478 986">
    <p class='ocr_par' dir='ltr' id='par_1_54' title="bbox 1904 909 3478 986">
     <span class='ocr_line' id='line_1_54' title="bbox 1904 909 3478 986; baseline -0.015 -2"><span class='ocrx_word' id='word_1_474' title='bbox 1904 928 1961 984; x_wconf 92' lang='lat' dir='ltr'><strong>in</strong></span> <span class='ocrx_word' id='word_1_475' title='bbox 1996 927 2172 984; x_wconf 76' lang='lat' dir='ltr'><strong>forma</strong></span> <span class='ocrx_word' id='word_1_476' title='bbox 2201 925 2379 980; x_wconf 78' lang='lat' dir='ltr'><strong>Patris</strong></span> <span class='ocrx_word' id='word_1_477' title='bbox 2409 923 2500 986; x_wconf 91' lang='lat' dir='ltr'><strong>sit,</strong></span> <span class='ocrx_word' id='word_1_478' title='bbox 2536 930 2618 975; x_wconf 84' lang='lat' dir='ltr'><strong>est</strong></span> <span class='ocrx_word' id='word_1_479' title='bbox 2663 926 2935 973; x_wconf 87' lang='lat' dir='ltr'><strong>creatura.</strong></span> <span class='ocrx_word' id='word_1_480' title='bbox 2988 913 3141 969; x_wconf 88' lang='lat' dir='ltr'><strong>Sicut</strong></span> <span class='ocrx_word' id='word_1_481' title='bbox 3185 911 3331 966; x_wconf 88' lang='lat' dir='ltr'><strong>enim</strong></span> <span class='ocrx_word' id='word_1_482' title='bbox 3376 909 3478 978; x_wconf 85' lang='lat' dir='ltr'><strong>qui</strong></span> 
     </span>
    </p>
   </div>
   <div class='ocr_carea' id='block_1_55' title="bbox 1903 1001 3482 1076">
    <p class='ocr_par' dir='ltr' id='par_1_55' title="bbox 1903 1001 3482 1076">
     <span class='ocr_line' id='line_1_55' title="bbox 1903 1001 3482 1076; baseline -0.014 -1"><span class='ocrx_word' id='word_1_483' title='bbox 1903 1021 2048 1075; x_wconf 82' lang='lat' dir='ltr'><strong>videt</strong></span> <span class='ocrx_word' id='word_1_484' title='bbox 2077 1017 2275 1072; x_wconf 86' lang='lat' dir='ltr'><strong>Filium</strong></span> <span class='ocrx_word' id='word_1_485' title='bbox 2320 1015 2467 1070; x_wconf 88' lang='lat' dir='ltr'><strong>videt</strong></span> <span class='ocrx_word' id='word_1_486' title='bbox 2493 1012 2708 1066; x_wconf 87' lang='lat' dir='ltr'><strong>Patrem</strong></span> <span class='ocrx_word' id='word_1_487' title='bbox 2736 1027 2752 1076; x_wconf 94' lang='lat'><strong>;</strong></span> <span class='ocrx_word' id='word_1_488' title='bbox 2781 1009 2859 1063; x_wconf 90' lang='lat' dir='ltr'><strong>sic</strong></span> <span class='ocrx_word' id='word_1_489' title='bbox 2889 1006 2982 1076; x_wconf 90' lang='lat' dir='ltr'><strong>qui</strong></span> <span class='ocrx_word' id='word_1_490' title='bbox 3014 1005 3175 1060; x_wconf 85' lang='lat' dir='ltr'><strong>habet</strong></span> <span class='ocrx_word' id='word_1_491' title='bbox 3210 1001 3482 1072; x_wconf 87' lang='lat' dir='ltr'><strong>Spiritum-</strong></span> 
     </span>
    </p>
   </div>
   <div class='ocr_carea' id='block_1_56' title="bbox 1906 1093 3481 1167">
    <p class='ocr_par' dir='ltr' id='par_1_56' title="bbox 1906 1093 3481 1167">
     <span class='ocr_line' id='line_1_56' title="bbox 1906 1093 3481 1167; baseline -0.011 -7"><span class='ocrx_word' id='word_1_492' title='bbox 1906 1115 2177 1167; x_wconf 82' lang='lat' dir='ltr'><strong>sanctum,</strong></span> <span class='ocrx_word' id='word_1_493' title='bbox 2215 1103 2378 1158; x_wconf 85' lang='lat' dir='ltr'><strong>habet</strong></span> <span class='ocrx_word' id='word_1_494' title='bbox 2410 1110 2462 1156; x_wconf 91' lang='lat' dir='ltr'><strong>et</strong></span> <span class='ocrx_word' id='word_1_495' title='bbox 2488 1100 2709 1163; x_wconf 88' lang='lat' dir='ltr'><strong>Filium,</strong></span> <span class='ocrx_word' id='word_1_496' title='bbox 2739 1110 2792 1152; x_wconf 91' lang='lat' dir='ltr'><strong>et</strong></span> <span class='ocrx_word' id='word_1_497' title='bbox 2823 1099 2868 1151; x_wconf 89' lang='lat' dir='ltr'><strong>si</strong></span> <span class='ocrx_word' id='word_1_498' title='bbox 2902 1095 3068 1150; x_wconf 80' lang='lat' dir='ltr'><strong>habet</strong></span> <span class='ocrx_word' id='word_1_499' title='bbox 3111 1093 3286 1155; x_wconf 92' lang='lat' dir='ltr'><strong>illum,</strong></span> <span class='ocrx_word' id='word_1_500' title='bbox 3335 1100 3481 1145; x_wconf 83' lang='lat' dir='ltr'><strong>tem-</strong></span> 
     </span>
    </p>
   </div>
   <div class='ocr_carea' id='block_1_57' title="bbox 1903 1182 3480 1268">
    <p class='ocr_par' dir='ltr' id='par_1_57' title="bbox 1903 1182 3480 1268">
     <span class='ocr_line' id='line_1_57' title="bbox 1903 1182 3480 1268; baseline -0.01 -16"><span class='ocrx_word' id='word_1_501' title='bbox 1903 1199 2052 1268; x_wconf 89' lang='lat' dir='ltr'><strong>plum</strong></span> <span class='ocrx_word' id='word_1_502' title='bbox 2085 1206 2167 1251; x_wconf 92' lang='lat' dir='ltr'><strong>est</strong></span> <span class='ocrx_word' id='word_1_503' title='bbox 2211 1194 2328 1260; x_wconf 89' lang='lat' dir='ltr'><strong>Dei,</strong></span> <span class='ocrx_word' id='word_1_504' title='bbox 2368 1201 2429 1247; x_wconf 88' lang='lat' dir='ltr'><strong>ut</strong></span> <span class='ocrx_word' id='word_1_505' title='bbox 2480 1191 2681 1246; x_wconf 83' lang='lat' dir='ltr'><strong>Paulus</strong></span> <span class='ocrx_word' id='word_1_506' title='bbox 2729 1188 2958 1244; x_wconf 82' lang='lat' dir='ltr'><strong>scribit:</strong></span> <span class='ocrx_word' id='word_1_507' title='bbox 3014 1203 3034 1237; x_wconf 73' lang='grc' dir='ltr'>σ</span> <span class='ocrx_word' id='word_1_508' title='bbox 3073 1183 3313 1239; x_wconf 82' lang='lat' dir='ltr'><strong>Nescitis</strong></span> <span class='ocrx_word' id='word_1_509' title='bbox 3342 1182 3480 1253; x_wconf 67' lang='lat' dir='ltr'><strong>quia</strong></span> 
     </span>
    </p>
   </div>
   <div class='ocr_carea' id='block_1_58' title="bbox 1907 1277 3473 1360">
    <p class='ocr_par' dir='ltr' id='par_1_58' title="bbox 1907 1277 3473 1360">
     <span class='ocr_line' id='line_1_58' title="bbox 1907 1277 3473 1360; baseline -0.011 -15"><span class='ocrx_word' id='word_1_510' title='bbox 1907 1291 2164 1360; x_wconf 83' lang='lat' dir='ltr'><strong>templum</strong></span> <span class='ocrx_word' id='word_1_511' title='bbox 2210 1288 2305 1343; x_wconf 84' lang='lat' dir='ltr'><strong>Dei</strong></span> <span class='ocrx_word' id='word_1_512' title='bbox 2345 1287 2497 1349; x_wconf 85' lang='lat' dir='ltr'><strong>estis,</strong></span> <span class='ocrx_word' id='word_1_513' title='bbox 2529 1293 2581 1339; x_wconf 90' lang='lat' dir='ltr'><strong>et</strong></span> <span class='ocrx_word' id='word_1_514' title='bbox 2623 1283 2857 1353; x_wconf 88' lang='lat' dir='ltr'><strong>Spiritus</strong></span> <span class='ocrx_word' id='word_1_515' title='bbox 2896 1279 2992 1334; x_wconf 91' lang='lat' dir='ltr'><strong>Dei</strong></span> <span class='ocrx_word' id='word_1_516' title='bbox 3025 1277 3235 1333; x_wconf 85' lang='lat' dir='ltr'><strong>habitat</strong></span> <span class='ocrx_word' id='word_1_517' title='bbox 3271 1277 3324 1330; x_wconf 92' lang='lat' dir='ltr'><strong>in</strong></span> <span class='ocrx_word' id='word_1_518' title='bbox 3369 1289 3473 1329; x_wconf 88' lang='lat' dir='ltr'><strong>vo-</strong></span> 
     </span>
    </p>
   </div>
   <div class='ocr_carea' id='block_1_59' title="bbox 1905 1366 3470 1437">
    <p class='ocr_par' dir='ltr' id='par_1_59' title="bbox 1905 1366 3470 1437">
     <span class='ocr_line' id='line_1_59' title="bbox 1905 1366 3470 1437; baseline -0.013 0"><span class='ocrx_word' id='word_1_519' title='bbox 1905 1382 1990 1437; x_wconf 88' lang='lat' dir='ltr'><strong>bis</strong></span> <span class='ocrx_word' id='word_1_520' title='bbox 2012 1382 2079 1432; x_wconf 61' lang='lat'><strong>89.</strong></span> <span class='ocrx_word' id='word_1_521' title='bbox 2112 1399 2131 1432; x_wconf 85' lang='grc'><strong>›</strong></span> <span class='ocrx_word' id='word_1_522' title='bbox 2157 1376 2395 1432; x_wconf 81' lang='lat' dir='ltr'><strong>Joannes</strong></span> <span class='ocrx_word' id='word_1_523' title='bbox 2429 1381 2608 1429; x_wconf 89' lang='lat' dir='ltr'><strong>autem</strong></span> <span class='ocrx_word' id='word_1_524' title='bbox 2633 1373 2708 1427; x_wconf 88' lang='lat' dir='ltr'><strong>ait</strong></span> <span class='ocrx_word' id='word_1_525' title='bbox 2733 1390 2747 1426; x_wconf 91' lang='lat'><strong>:</strong></span> <span class='ocrx_word' id='word_1_526' title='bbox 2794 1389 2813 1423; x_wconf 74' lang='grc' dir='ltr'><strong>ι</strong></span> <span class='ocrx_word' id='word_1_527' title='bbox 2849 1368 2912 1422; x_wconf 86' lang='grc' dir='ltr'><strong>1η</strong></span> <span class='ocrx_word' id='word_1_528' title='bbox 2940 1368 3044 1423; x_wconf 88' lang='lat' dir='ltr'><strong>hoc</strong></span> <span class='ocrx_word' id='word_1_529' title='bbox 3069 1366 3470 1437; x_wconf 82' lang='lat' dir='ltr'><strong>cognoscimus,</strong></span> 
     </span>
    </p>
   </div>
   <div class='ocr_carea' id='block_1_60' title="bbox 1905 1458 3475 1544">
    <p class='ocr_par' dir='ltr' id='par_1_60' title="bbox 1905 1458 3475 1544">
     <span class='ocr_line' id='line_1_60' title="bbox 1905 1458 3475 1544; baseline -0.012 -15"><span class='ocrx_word' id='word_1_530' title='bbox 1905 1473 2162 1544; x_wconf 87' lang='lat' dir='ltr'><strong>quoniam</strong></span> <span class='ocrx_word' id='word_1_531' title='bbox 2192 1471 2247 1525; x_wconf 93' lang='lat' dir='ltr'><strong>in</strong></span> <span class='ocrx_word' id='word_1_532' title='bbox 2296 1468 2406 1522; x_wconf 85' lang='lat' dir='ltr'><strong>Deo</strong></span> <span class='ocrx_word' id='word_1_533' title='bbox 2444 1480 2748 1531; x_wconf 87' lang='lat' dir='ltr'><strong>manemus,</strong></span> <span class='ocrx_word' id='word_1_534' title='bbox 2793 1471 2848 1518; x_wconf 91' lang='lat' dir='ltr'><strong>et</strong></span> <span class='ocrx_word' id='word_1_535' title='bbox 2880 1463 2996 1532; x_wconf 88' lang='lat' dir='ltr'><strong>ipse</strong></span> <span class='ocrx_word' id='word_1_536' title='bbox 3028 1461 3081 1514; x_wconf 90' lang='lat' dir='ltr'><strong>in</strong></span> <span class='ocrx_word' id='word_1_537' title='bbox 3114 1458 3308 1514; x_wconf 87' lang='lat' dir='ltr'><strong>nobis:</strong></span> <span class='ocrx_word' id='word_1_538' title='bbox 3337 1473 3475 1528; x_wconf 87' lang='lat' dir='ltr'><strong>quo-</strong></span> 
     </span>
    </p>
   </div>
   <div class='ocr_carea' id='block_1_61' title="bbox 1906 1547 3475 1631">
    <p class='ocr_par' dir='ltr' id='par_1_61' title="bbox 1906 1547 3475 1631">
     <span class='ocr_line' id='line_1_61' title="bbox 1906 1547 3475 1631; baseline -0.011 -12"><span class='ocrx_word' id='word_1_539' title='bbox 1906 1565 2051 1619; x_wconf 89' lang='lat' dir='ltr'><strong>niam</strong></span> <span class='ocrx_word' id='word_1_540' title='bbox 2088 1562 2155 1617; x_wconf 92' lang='lat' dir='ltr'><strong>de</strong></span> <span class='ocrx_word' id='word_1_541' title='bbox 2206 1561 2413 1631; x_wconf 87' lang='lat' dir='ltr'><strong>Spiritu</strong></span> <span class='ocrx_word' id='word_1_542' title='bbox 2448 1573 2549 1612; x_wconf 87' lang='lat' dir='ltr'><strong>suo</strong></span> <span class='ocrx_word' id='word_1_543' title='bbox 2582 1555 2730 1612; x_wconf 82' lang='lat' dir='ltr'><strong>dedit</strong></span> <span class='ocrx_word' id='word_1_544' title='bbox 2771 1553 2930 1609; x_wconf 92' lang='lat' dir='ltr'><strong>nobis</strong></span> <span class='ocrx_word' id='word_1_545' title='bbox 2951 1552 3018 1604; x_wconf 79' lang='grc'><strong>⁸⁸.</strong></span> <span class='ocrx_word' id='word_1_546' title='bbox 3068 1570 3087 1603; x_wconf 72' lang='grc' dir='ltr'><strong>ι</strong></span> <span class='ocrx_word' id='word_1_547' title='bbox 3121 1548 3274 1616; x_wconf 86' lang='lat' dir='ltr'><strong>Quod</strong></span> <span class='ocrx_word' id='word_1_548' title='bbox 3307 1549 3353 1604; x_wconf 93' lang='lat' dir='ltr'><strong>si</strong></span> <span class='ocrx_word' id='word_1_549' title='bbox 3381 1547 3475 1601; x_wconf 85' lang='lat' dir='ltr'><strong>Fi-</strong></span> 
     </span>
    </p>
   </div>
   <div class='ocr_carea' id='block_1_62' title="bbox 1906 1637 3478 1722">
    <p class='ocr_par' dir='ltr' id='par_1_62' title="bbox 1906 1637 3478 1722">
     <span class='ocr_line' id='line_1_62' title="bbox 1906 1637 3478 1722; baseline -0.01 -15"><span class='ocrx_word' id='word_1_550' title='bbox 1906 1653 2040 1708; x_wconf 90' lang='lat' dir='ltr'><strong>lium</strong></span> <span class='ocrx_word' id='word_1_551' title='bbox 2071 1651 2197 1722; x_wconf 87' lang='lat' dir='ltr'><strong>quia</strong></span> <span class='ocrx_word' id='word_1_552' title='bbox 2226 1651 2282 1704; x_wconf 92' lang='lat' dir='ltr'><strong>in</strong></span> <span class='ocrx_word' id='word_1_553' title='bbox 2326 1648 2486 1703; x_wconf 85' lang='lat' dir='ltr'><strong>Patre</strong></span> <span class='ocrx_word' id='word_1_554' title='bbox 2526 1653 2629 1710; x_wconf 85' lang='lat' dir='ltr'><strong>est,</strong></span> <span class='ocrx_word' id='word_1_555' title='bbox 2666 1651 2720 1698; x_wconf 89' lang='lat' dir='ltr'><strong>et</strong></span> <span class='ocrx_word' id='word_1_556' title='bbox 2752 1641 2912 1697; x_wconf 89' lang='lat' dir='ltr'><strong>Pater</strong></span> <span class='ocrx_word' id='word_1_557' title='bbox 2949 1641 3005 1695; x_wconf 89' lang='lat' dir='ltr'><strong>in</strong></span> <span class='ocrx_word' id='word_1_558' title='bbox 3036 1640 3175 1710; x_wconf 91' lang='lat' dir='ltr'><strong>ipso,</strong></span> <span class='ocrx_word' id='word_1_559' title='bbox 3221 1637 3478 1693; x_wconf 82' lang='lat' dir='ltr'><strong>conﬁtea-</strong></span> 
     </span>
    </p>
   </div>
   <div class='ocr_carea' id='block_1_63' title="bbox 1836 1737 3480 1802">
    <p class='ocr_par' dir='ltr' id='par_1_63' title="bbox 1836 1737 3480 1802">
     <span class='ocr_line' id='line_1_63' title="bbox 1836 1737 3480 1802; baseline -0.009 -3"><span class='ocrx_word' id='word_1_560' title='bbox 1836 1745 1875 1799; x_wconf 83' lang='grc' dir='ltr'><strong>Β</strong></span> <span class='ocrx_word' id='word_1_561' title='bbox 1905 1761 2028 1798; x_wconf 90' lang='lat' dir='ltr'><strong>mur</strong></span> <span class='ocrx_word' id='word_1_562' title='bbox 2057 1757 2164 1796; x_wconf 91' lang='lat' dir='ltr'><strong>non</strong></span> <span class='ocrx_word' id='word_1_563' title='bbox 2197 1755 2319 1795; x_wconf 89' lang='lat' dir='ltr'><strong>esse</strong></span> <span class='ocrx_word' id='word_1_564' title='bbox 2346 1747 2650 1794; x_wconf 88' lang='lat' dir='ltr'><strong>creaturam</strong></span> <span class='ocrx_word' id='word_1_565' title='bbox 2678 1751 2691 1800; x_wconf 86' lang='grc'><strong>;</strong></span> <span class='ocrx_word' id='word_1_566' title='bbox 2728 1747 2955 1802; x_wconf 85' lang='lat' dir='ltr'><strong>prorsus</strong></span> <span class='ocrx_word' id='word_1_567' title='bbox 2985 1744 3209 1785; x_wconf 89' lang='lat' dir='ltr'><strong>necesse</strong></span> <span class='ocrx_word' id='word_1_568' title='bbox 3241 1737 3346 1794; x_wconf 88' lang='lat' dir='ltr'><strong>est,</strong></span> <span class='ocrx_word' id='word_1_569' title='bbox 3375 1742 3480 1785; x_wconf 84' lang='lat' dir='ltr'><strong>nec</strong></span> 
     </span>
    </p>
   </div>
   <div class='ocr_carea' id='block_1_64' title="bbox 1907 1821 3480 1906">
    <p class='ocr_par' dir='ltr' id='par_1_64' title="bbox 1907 1821 3480 1906">
     <span class='ocr_line' id='line_1_64' title="bbox 1907 1821 3480 1906; baseline -0.01 -16"><span class='ocrx_word' id='word_1_570' title='bbox 1907 1835 2169 1906; x_wconf 89' lang='lat' dir='ltr'><strong>Spiritum</strong></span> <span class='ocrx_word' id='word_1_571' title='bbox 2197 1829 2358 1903; x_wconf 68' lang='grc'><strong>554</strong></span> <span class='ocrx_word' id='word_1_572' title='bbox 2405 1844 2526 1885; x_wconf 88' lang='lat' dir='ltr'><strong>esse</strong></span> <span class='ocrx_word' id='word_1_573' title='bbox 2573 1835 2918 1883; x_wconf 87' lang='lat' dir='ltr'><strong>creaturam:</strong></span> <span class='ocrx_word' id='word_1_574' title='bbox 2971 1823 3025 1877; x_wconf 91' lang='lat' dir='ltr'><strong>in</strong></span> <span class='ocrx_word' id='word_1_575' title='bbox 3070 1821 3191 1891; x_wconf 89' lang='lat' dir='ltr'><strong>ipso</strong></span> <span class='ocrx_word' id='word_1_576' title='bbox 3239 1833 3480 1890; x_wconf 79' lang='lat' dir='ltr'><strong>namque</strong></span> 
     </span>
    </p>
   </div>
   <div class='ocr_carea' id='block_1_65' title="bbox 1904 1911 3476 1992">
    <p class='ocr_par' dir='ltr' id='par_1_65' title="bbox 1904 1911 3476 1992">
     <span class='ocr_line' id='line_1_65' title="bbox 1904 1911 3476 1992; baseline -0.012 -9"><span class='ocrx_word' id='word_1_577' title='bbox 1904 1928 2077 1983; x_wconf 84' lang='lat' dir='ltr'><strong>Filius</strong></span> <span class='ocrx_word' id='word_1_578' title='bbox 2106 1934 2210 1990; x_wconf 88' lang='lat' dir='ltr'><strong>est,</strong></span> <span class='ocrx_word' id='word_1_579' title='bbox 2245 1932 2299 1978; x_wconf 87' lang='lat' dir='ltr'><strong>et</strong></span> <span class='ocrx_word' id='word_1_580' title='bbox 2330 1923 2445 1992; x_wconf 90' lang='lat' dir='ltr'><strong>ipse</strong></span> <span class='ocrx_word' id='word_1_581' title='bbox 2475 1921 2530 1975; x_wconf 91' lang='lat' dir='ltr'><strong>in</strong></span> <span class='ocrx_word' id='word_1_582' title='bbox 2566 1919 2727 1973; x_wconf 91' lang='lat' dir='ltr'><strong>Filio.</strong></span> <span class='ocrx_word' id='word_1_583' title='bbox 2763 1915 3104 1986; x_wconf 85' lang='lat' dir='ltr'><strong>Quapropter</strong></span> <span class='ocrx_word' id='word_1_584' title='bbox 3154 1912 3248 1982; x_wconf 90' lang='lat' dir='ltr'><strong>qui</strong></span> <span class='ocrx_word' id='word_1_585' title='bbox 3297 1911 3476 1980; x_wconf 88' lang='lat' dir='ltr'><strong>Spiri—</strong></span> 
     </span>
    </p>
   </div>
   <div class='ocr_carea' id='block_1_66' title="bbox 1907 2003 3482 2086">
    <p class='ocr_par' dir='ltr' id='par_1_66' title="bbox 1907 2003 3482 2086">
     <span class='ocr_line' id='line_1_66' title="bbox 1907 2003 3482 2086; baseline -0.013 -12"><span class='ocrx_word' id='word_1_586' title='bbox 1907 2029 2021 2074; x_wconf 90' lang='lat' dir='ltr'><strong>tum</strong></span> <span class='ocrx_word' id='word_1_587' title='bbox 2058 2016 2276 2086; x_wconf 90' lang='lat' dir='ltr'><strong>accipit,</strong></span> <span class='ocrx_word' id='word_1_588' title='bbox 2319 2013 2580 2082; x_wconf 86' lang='lat' dir='ltr'><strong>templum</strong></span> <span class='ocrx_word' id='word_1_589' title='bbox 2631 2010 2723 2064; x_wconf 90' lang='lat' dir='ltr'><strong>Dei</strong></span> <span class='ocrx_word' id='word_1_590' title='bbox 2758 2013 2859 2062; x_wconf 87' lang='lat' dir='ltr'><strong>est.</strong></span> <span class='ocrx_word' id='word_1_591' title='bbox 2909 2007 3147 2060; x_wconf 82' lang='lat' dir='ltr'><strong>Rursum</strong></span> <span class='ocrx_word' id='word_1_592' title='bbox 3197 2003 3324 2056; x_wconf 91' lang='lat' dir='ltr'><strong>hinc</strong></span> <span class='ocrx_word' id='word_1_593' title='bbox 3359 2015 3482 2055; x_wconf 89' lang='lat' dir='ltr'><strong>rem</strong></span> 
     </span>
    </p>
   </div>
   <div class='ocr_carea' id='block_1_67' title="bbox 1905 2095 3472 2173">
    <p class='ocr_par' dir='ltr' id='par_1_67' title="bbox 1905 2095 3472 2173">
     <span class='ocr_line' id='line_1_67' title="bbox 1905 2095 3472 2173; baseline -0.013 -6"><span class='ocrx_word' id='word_1_594' title='bbox 1905 2111 2332 2167; x_wconf 85' lang='lat' dir='ltr'><strong>animadvertere</strong></span> <span class='ocrx_word' id='word_1_595' title='bbox 2385 2109 2542 2173; x_wconf 88' lang='lat' dir='ltr'><strong>licet,</strong></span> <span class='ocrx_word' id='word_1_596' title='bbox 2594 2105 2638 2160; x_wconf 95' lang='lat' dir='ltr'><strong>si</strong></span> <span class='ocrx_word' id='word_1_597' title='bbox 2692 2102 2866 2158; x_wconf 89' lang='lat' dir='ltr'><strong>Filius</strong></span> <span class='ocrx_word' id='word_1_598' title='bbox 2937 2098 3031 2153; x_wconf 89' lang='lat' dir='ltr'><strong>Dei</strong></span> <span class='ocrx_word' id='word_1_599' title='bbox 3083 2095 3320 2151; x_wconf 77' lang='lat' dir='ltr'><strong>Verbum</strong></span> <span class='ocrx_word' id='word_1_600' title='bbox 3368 2102 3472 2159; x_wconf 89' lang='lat' dir='ltr'><strong>est,</strong></span> 
     </span>
    </p>
   </div>
   <div class='ocr_carea' id='block_1_68' title="bbox 1905 2189 3477 2260">
    <p class='ocr_par' dir='ltr' id='par_1_68' title="bbox 1905 2189 3477 2260">
     <span class='ocr_line' id='line_1_68' title="bbox 1905 2189 3477 2260; baseline -0.013 0"><span class='ocrx_word' id='word_1_601' title='bbox 1905 2221 2047 2260; x_wconf 92' lang='lat' dir='ltr'><strong>unus</strong></span> <span class='ocrx_word' id='word_1_602' title='bbox 2091 2212 2173 2259; x_wconf 86' lang='lat' dir='ltr'><strong>est</strong></span> <span class='ocrx_word' id='word_1_603' title='bbox 2215 2200 2374 2258; x_wconf 87' lang='lat' dir='ltr'><strong>sicuti</strong></span> <span class='ocrx_word' id='word_1_604' title='bbox 2401 2200 2583 2254; x_wconf 83' lang='lat' dir='ltr'><strong>Pater.</strong></span> <span class='ocrx_word' id='word_1_605' title='bbox 2635 2215 2655 2249; x_wconf 75' lang='grc' dir='ltr'>ί</span> <span class='ocrx_word' id='word_1_606' title='bbox 2709 2193 2864 2249; x_wconf 90' lang='lat' dir='ltr'><strong>Unus</strong></span> <span class='ocrx_word' id='word_1_607' title='bbox 2888 2191 3032 2247; x_wconf 90' lang='lat' dir='ltr'><strong>enim</strong></span> <span class='ocrx_word' id='word_1_608' title='bbox 3085 2189 3227 2244; x_wconf 88' lang='lat' dir='ltr'><strong>Deus</strong></span> <span class='ocrx_word' id='word_1_609' title='bbox 3264 2203 3330 2242; x_wconf 81' lang='lat' dir='ltr'><strong>ex</strong></span> <span class='ocrx_word' id='word_1_610' title='bbox 3365 2201 3477 2256; x_wconf 91' lang='lat' dir='ltr'><strong>quo</strong></span> 
     </span>
    </p>
   </div>
   <div class='ocr_carea' id='block_1_69' title="bbox 1906 2278 3480 2360">
    <p class='ocr_par' dir='ltr' id='par_1_69' title="bbox 1906 2278 3480 2360">
     <span class='ocr_line' id='line_1_69' title="bbox 1906 2278 3480 2360; baseline -0.013 -9"><span class='ocrx_word' id='word_1_611' title='bbox 1906 2295 2112 2360; x_wconf 89' lang='lat' dir='ltr'><strong>omnia,</strong></span> <span class='ocrx_word' id='word_1_612' title='bbox 2145 2303 2197 2348; x_wconf 91' lang='lat' dir='ltr'><strong>et</strong></span> <span class='ocrx_word' id='word_1_613' title='bbox 2227 2308 2370 2347; x_wconf 92' lang='lat' dir='ltr'><strong>unus</strong></span> <span class='ocrx_word' id='word_1_614' title='bbox 2395 2290 2660 2345; x_wconf 92' lang='lat' dir='ltr'><strong>Dominus</strong></span> <span class='ocrx_word' id='word_1_615' title='bbox 2685 2284 2844 2340; x_wconf 73' lang='lat' dir='ltr'><strong>Iesus</strong></span> <span class='ocrx_word' id='word_1_616' title='bbox 2875 2282 3127 2337; x_wconf 85' lang='lat' dir='ltr'><strong>Christus</strong></span> <span class='ocrx_word' id='word_1_617' title='bbox 3146 2280 3189 2312; x_wconf 81' lang='grc'><strong>⁸⁷</strong></span> <span class='ocrx_word' id='word_1_618' title='bbox 3219 2297 3232 2333; x_wconf 92' lang='lat'>:</span> <span class='ocrx_word' id='word_1_619' title='bbox 3277 2297 3296 2330; x_wconf 81' lang='grc'><strong>›</strong></span> <span class='ocrx_word' id='word_1_620' title='bbox 3330 2278 3480 2332; x_wconf 90' lang='lat' dir='ltr'><strong>ideo-</strong></span> 
     </span>
    </p>
   </div>
   <div class='ocr_carea' id='block_1_70' title="bbox 1908 2373 3478 2459">
    <p class='ocr_par' dir='ltr' id='par_1_70' title="bbox 1908 2373 3478 2459">
     <span class='ocr_line' id='line_1_70' title="bbox 1908 2373 3478 2459; baseline -0.013 -16"><span class='ocrx_word' id='word_1_621' title='bbox 1908 2403 2014 2459; x_wconf 90' lang='lat' dir='ltr'><strong>que</strong></span> <span class='ocrx_word' id='word_1_622' title='bbox 2045 2386 2361 2456; x_wconf 81' lang='lat' dir='ltr'><strong>unigenitus</strong></span> <span class='ocrx_word' id='word_1_623' title='bbox 2389 2381 2560 2437; x_wconf 87' lang='lat' dir='ltr'><strong>Filius</strong></span> <span class='ocrx_word' id='word_1_624' title='bbox 2584 2379 2763 2435; x_wconf 91' lang='lat' dir='ltr'><strong>dictus</strong></span> <span class='ocrx_word' id='word_1_625' title='bbox 2782 2373 3126 2444; x_wconf 87' lang='lat' dir='ltr'><strong>scriptusque</strong></span> <span class='ocrx_word' id='word_1_626' title='bbox 3157 2379 3241 2427; x_wconf 90' lang='lat' dir='ltr'><strong>est.</strong></span> <span class='ocrx_word' id='word_1_627' title='bbox 3269 2389 3284 2424; x_wconf 89' lang='lat'><strong>:</strong></span> <span class='ocrx_word' id='word_1_628' title='bbox 3321 2384 3478 2424; x_wconf 88' lang='lat' dir='ltr'><strong>crea-</strong></span> 
     </span>
    </p>
   </div>
   <div class='ocr_carea' id='block_1_71' title="bbox 1906 2461 3482 2535">
    <p class='ocr_par' dir='ltr' id='par_1_71' title="bbox 1906 2461 3482 2535">
     <span class='ocr_line' id='line_1_71' title="bbox 1906 2461 3482 2535; baseline -0.014 0"><span class='ocrx_word' id='word_1_629' title='bbox 1906 2489 2043 2535; x_wconf 75' lang='lat' dir='ltr'><strong>turae</strong></span> <span class='ocrx_word' id='word_1_630' title='bbox 2075 2487 2256 2532; x_wconf 88' lang='lat' dir='ltr'><strong>autem</strong></span> <span class='ocrx_word' id='word_1_631' title='bbox 2283 2475 2468 2530; x_wconf 82' lang='lat' dir='ltr'><strong>multae</strong></span> <span class='ocrx_word' id='word_1_632' title='bbox 2499 2488 2563 2527; x_wconf 90' lang='lat' dir='ltr'><strong>ac</strong></span> <span class='ocrx_word' id='word_1_633' title='bbox 2602 2470 2767 2525; x_wconf 68' lang='lat' dir='ltr'><strong>varia:</strong></span> <span class='ocrx_word' id='word_1_634' title='bbox 2795 2475 2923 2523; x_wconf 90' lang='lat' dir='ltr'><strong>sunt</strong></span> <span class='ocrx_word' id='word_1_635' title='bbox 2955 2484 2967 2519; x_wconf 95' lang='lat'>:</span> <span class='ocrx_word' id='word_1_636' title='bbox 3005 2464 3201 2535; x_wconf 80' lang='lat' dir='ltr'><strong>angeli,</strong></span> <span class='ocrx_word' id='word_1_637' title='bbox 3249 2461 3482 2516; x_wconf 87' lang='lat' dir='ltr'><strong>archan-</strong></span> 
     </span>
    </p>
   </div>
   <div class='ocr_carea' id='block_1_72' title="bbox 1907 2555 3475 2640">
    <p class='ocr_par' dir='ltr' id='par_1_72' title="bbox 1907 2555 3475 2640">
     <span class='ocr_line' id='line_1_72' title="bbox 1907 2555 3475 2640; baseline -0.013 -15"><span class='ocrx_word' id='word_1_638' title='bbox 1907 2570 2030 2640; x_wconf 84' lang='lat' dir='ltr'><strong>geli,</strong></span> <span class='ocrx_word' id='word_1_639' title='bbox 2072 2567 2375 2633; x_wconf 91' lang='lat' dir='ltr'><strong>cherubim,</strong></span> <span class='ocrx_word' id='word_1_640' title='bbox 2425 2564 2784 2634; x_wconf 83' lang='lat' dir='ltr'><strong>principatus,</strong></span> <span class='ocrx_word' id='word_1_641' title='bbox 2819 2567 2874 2615; x_wconf 91' lang='lat' dir='ltr'><strong>et</strong></span> <span class='ocrx_word' id='word_1_642' title='bbox 2919 2569 3132 2622; x_wconf 51' lang='lat' dir='ltr'><strong>caetera,</strong></span> <span class='ocrx_word' id='word_1_643' title='bbox 3163 2555 3242 2610; x_wconf 90' lang='lat' dir='ltr'><strong>uti</strong></span> <span class='ocrx_word' id='word_1_644' title='bbox 3271 2555 3475 2609; x_wconf 88' lang='lat' dir='ltr'><strong>dictum</strong></span> 
     </span>
    </p>
   </div>
   <div class='ocr_carea' id='block_1_73' title="bbox 1907 2643 3477 2725">
    <p class='ocr_par' dir='ltr' id='par_1_73' title="bbox 1907 2643 3477 2725">
     <span class='ocr_line' id='line_1_73' title="bbox 1907 2643 3477 2725; baseline -0.011 -11"><span class='ocrx_word' id='word_1_645' title='bbox 1907 2667 2009 2714; x_wconf 88' lang='lat' dir='ltr'><strong>est.</strong></span> <span class='ocrx_word' id='word_1_646' title='bbox 2045 2657 2202 2724; x_wconf 85' lang='lat' dir='ltr'><strong>Quod</strong></span> <span class='ocrx_word' id='word_1_647' title='bbox 2243 2657 2291 2711; x_wconf 92' lang='lat' dir='ltr'><strong>si</strong></span> <span class='ocrx_word' id='word_1_648' title='bbox 2340 2656 2470 2725; x_wconf 90' lang='lat' dir='ltr'><strong>quia</strong></span> <span class='ocrx_word' id='word_1_649' title='bbox 2516 2651 2688 2707; x_wconf 88' lang='lat' dir='ltr'><strong>Filius</strong></span> <span class='ocrx_word' id='word_1_650' title='bbox 2738 2665 2846 2704; x_wconf 92' lang='lat' dir='ltr'><strong>non</strong></span> <span class='ocrx_word' id='word_1_651' title='bbox 2897 2656 2980 2703; x_wconf 84' lang='lat' dir='ltr'><strong>est</strong></span> <span class='ocrx_word' id='word_1_652' title='bbox 3024 2647 3340 2711; x_wconf 87' lang='lat' dir='ltr'><strong>multorum,</strong></span> <span class='ocrx_word' id='word_1_653' title='bbox 3382 2643 3477 2698; x_wconf 89' lang='lat' dir='ltr'><strong>sed</strong></span> 
     </span>
    </p>
   </div>
   <div class='ocr_carea' id='block_1_74' title="bbox 1908 2746 3476 2817">
    <p class='ocr_par' dir='ltr' id='par_1_74' title="bbox 1908 2746 3476 2817">
     <span class='ocr_line' id='line_1_74' title="bbox 1908 2746 3476 2817; baseline -0.01 -11"><span class='ocrx_word' id='word_1_654' title='bbox 1908 2766 2052 2806; x_wconf 88' lang='lat' dir='ltr'><strong>unus</strong></span> <span class='ocrx_word' id='word_1_655' title='bbox 2075 2757 2176 2817; x_wconf 85' lang='lat' dir='ltr'><strong>est,</strong></span> <span class='ocrx_word' id='word_1_656' title='bbox 2209 2748 2369 2804; x_wconf 89' lang='lat' dir='ltr'><strong>sicuti</strong></span> <span class='ocrx_word' id='word_1_657' title='bbox 2402 2746 2564 2801; x_wconf 90' lang='lat' dir='ltr'><strong>Pater</strong></span> <span class='ocrx_word' id='word_1_658' title='bbox 2597 2753 2679 2799; x_wconf 87' lang='lat' dir='ltr'><strong>est</strong></span> <span class='ocrx_word' id='word_1_659' title='bbox 2710 2757 2874 2806; x_wconf 83' lang='lat' dir='ltr'><strong>unus,</strong></span> <span class='ocrx_word' id='word_1_660' title='bbox 2912 2757 3021 2795; x_wconf 93' lang='lat' dir='ltr'><strong>non</strong></span> <span class='ocrx_word' id='word_1_661' title='bbox 3069 2749 3152 2796; x_wconf 90' lang='lat' dir='ltr'><strong>est</strong></span> <span class='ocrx_word' id='word_1_662' title='bbox 3185 2746 3433 2793; x_wconf 90' lang='lat' dir='ltr'><strong>creatura</strong></span> <span class='ocrx_word' id='word_1_663' title='bbox 3460 2756 3476 2801; x_wconf 90' lang='lat'>;</span> 
     </span>
    </p>
   </div>
   <div class='ocr_carea' id='block_1_75' title="bbox 1910 2828 3486 2910">
    <p class='ocr_par' dir='ltr' id='par_1_75' title="bbox 1910 2828 3486 2910">
     <span class='ocr_line' id='line_1_75' title="bbox 1910 2828 3486 2910; baseline -0.01 -13"><span class='ocrx_word' id='word_1_664' title='bbox 1910 2856 2038 2910; x_wconf 81' lang='lat' dir='ltr'><strong>ergo</strong></span> <span class='ocrx_word' id='word_1_665' title='bbox 2075 2856 2176 2896; x_wconf 89' lang='lat' dir='ltr'><strong>nec</strong></span> <span class='ocrx_word' id='word_1_666' title='bbox 2222 2838 2458 2909; x_wconf 89' lang='lat' dir='ltr'><strong>Spiritus</strong></span> <span class='ocrx_word' id='word_1_667' title='bbox 2509 2847 2730 2892; x_wconf 83' lang='lat' dir='ltr'><strong>sanctus</strong></span> <span class='ocrx_word' id='word_1_668' title='bbox 2757 2833 3015 2903; x_wconf 87' lang='lat' dir='ltr'><strong>(oportet</strong></span> <span class='ocrx_word' id='word_1_669' title='bbox 3045 2834 3191 2887; x_wconf 89' lang='lat' dir='ltr'><strong>enim</strong></span> <span class='ocrx_word' id='word_1_670' title='bbox 3226 2847 3292 2886; x_wconf 82' lang='lat' dir='ltr'><strong>ex</strong></span> <span class='ocrx_word' id='word_1_671' title='bbox 3340 2828 3486 2885; x_wconf 87' lang='lat' dir='ltr'><strong>Filio</strong></span> 
     </span>
    </p>
   </div>
   <div class='ocr_carea' id='block_1_76' title="bbox 1912 2921 3478 3003">
    <p class='ocr_par' dir='ltr' id='par_1_76' title="bbox 1912 2921 3478 3003">
     <span class='ocr_line' id='line_1_76' title="bbox 1912 2921 3478 3003; baseline -0.008 -15"><span class='ocrx_word' id='word_1_672' title='bbox 1912 2931 2148 3003; x_wconf 87' lang='lat' dir='ltr'><strong>Spiritus</strong></span> <span class='ocrx_word' id='word_1_673' title='bbox 2195 2931 2368 2987; x_wconf 89' lang='lat' dir='ltr'><strong>sancti</strong></span> <span class='ocrx_word' id='word_1_674' title='bbox 2402 2928 2620 2998; x_wconf 87' lang='lat' dir='ltr'><strong>assequi</strong></span> <span class='ocrx_word' id='word_1_675' title='bbox 2667 2928 2955 2996; x_wconf 89' lang='lat' dir='ltr'><strong>notitiam)</strong></span> <span class='ocrx_word' id='word_1_676' title='bbox 2991 2932 3240 2981; x_wconf 83' lang='lat' dir='ltr'><strong>creatura</strong></span> <span class='ocrx_word' id='word_1_677' title='bbox 3294 2921 3478 2977; x_wconf 74' lang='lat' dir='ltr'><strong>fuerit.</strong></span> 
     </span>
    </p>
   </div>
   <div class='ocr_carea' id='block_1_77' title="bbox 1910 3014 3328 3084">
    <p class='ocr_par' dir='ltr' id='par_1_77' title="bbox 1910 3014 3328 3084">
     <span class='ocr_line' id='line_1_77' title="bbox 1910 3014 3328 3084; baseline -0.006 -9"><span class='ocrx_word' id='word_1_678' title='bbox 1910 3021 2029 3077; x_wconf 89' lang='lat' dir='ltr'><strong>Non</strong></span> <span class='ocrx_word' id='word_1_679' title='bbox 2056 3022 2202 3076; x_wconf 90' lang='lat' dir='ltr'><strong>enim</strong></span> <span class='ocrx_word' id='word_1_680' title='bbox 2233 3020 2531 3076; x_wconf 87' lang='lat' dir='ltr'><strong>multorum</strong></span> <span class='ocrx_word' id='word_1_681' title='bbox 2565 3026 2668 3083; x_wconf 88' lang='lat' dir='ltr'><strong>est,</strong></span> <span class='ocrx_word' id='word_1_682' title='bbox 2695 3017 2787 3074; x_wconf 90' lang='lat' dir='ltr'><strong>sed</strong></span> <span class='ocrx_word' id='word_1_683' title='bbox 2823 3033 2966 3072; x_wconf 89' lang='lat' dir='ltr'><strong>unus</strong></span> <span class='ocrx_word' id='word_1_684' title='bbox 2994 3023 3078 3071; x_wconf 88' lang='lat' dir='ltr'><strong>est</strong></span> <span class='ocrx_word' id='word_1_685' title='bbox 3109 3023 3162 3070; x_wconf 89' lang='lat' dir='ltr'><strong>et</strong></span> <span class='ocrx_word' id='word_1_686' title='bbox 3191 3014 3328 3084; x_wconf 88' lang='lat' dir='ltr'><strong>ipse.</strong></span> 
     </span>
    </p>
   </div>
   <div class='ocr_carea' id='block_1_78' title="bbox 1979 3211 3491 3291">
    <p class='ocr_par' dir='ltr' id='par_1_78' title="bbox 1979 3211 3491 3291">
     <span class='ocr_line' id='line_1_78' title="bbox 1979 3211 3491 3291; baseline -0.007 -14"><span class='ocrx_word' id='word_1_687' title='bbox 1979 3223 2034 3278; x_wconf 75' lang='grc'><strong>4.</strong></span> <span class='ocrx_word' id='word_1_688' title='bbox 2063 3221 2130 3276; x_wconf 84' lang='grc' dir='ltr'>Ει</span> <span class='ocrx_word' id='word_1_689' title='bbox 2159 3221 2263 3276; x_wconf 91' lang='lat' dir='ltr'><strong>hoc</strong></span> <span class='ocrx_word' id='word_1_690' title='bbox 2282 3220 2451 3291; x_wconf 89' lang='lat' dir='ltr'><strong>probe</strong></span> <span class='ocrx_word' id='word_1_691' title='bbox 2481 3227 2641 3274; x_wconf 90' lang='lat' dir='ltr'><strong>norat</strong></span> <span class='ocrx_word' id='word_1_692' title='bbox 2676 3216 2964 3288; x_wconf 78' lang='lat' dir='ltr'><strong>Apostolus</strong></span> <span class='ocrx_word' id='word_1_693' title='bbox 3006 3214 3098 3286; x_wconf 91' lang='lat' dir='ltr'><strong>qui</strong></span> <span class='ocrx_word' id='word_1_694' title='bbox 3129 3215 3243 3268; x_wconf 85' lang='lat' dir='ltr'><strong>ait:</strong></span> <span class='ocrx_word' id='word_1_695' title='bbox 3281 3231 3300 3263; x_wconf 76' lang='grc' dir='ltr'>σ</span> <span class='ocrx_word' id='word_1_696' title='bbox 3355 3211 3491 3266; x_wconf 64' lang='lat' dir='ltr'><strong>&quot;me</strong></span> 
     </span>
    </p>
   </div>
   <div class='ocr_carea' id='block_1_79' title="bbox 1909 3303 3477 3382">
    <p class='ocr_par' dir='ltr' id='par_1_79' title="bbox 1909 3303 3477 3382">
     <span class='ocr_line' id='line_1_79' title="bbox 1909 3303 3477 3382; baseline -0.007 -13"><span class='ocrx_word' id='word_1_697' title='bbox 1909 3325 2092 3370; x_wconf 89' lang='lat' dir='ltr'><strong>autem</strong></span> <span class='ocrx_word' id='word_1_698' title='bbox 2124 3314 2310 3368; x_wconf 86' lang='lat' dir='ltr'><strong>omnia</strong></span> <span class='ocrx_word' id='word_1_699' title='bbox 2344 3320 2602 3382; x_wconf 83' lang='lat' dir='ltr'><strong>Operatur</strong></span> <span class='ocrx_word' id='word_1_700' title='bbox 2643 3326 2788 3365; x_wconf 86' lang='lat' dir='ltr'><strong>unus</strong></span> <span class='ocrx_word' id='word_1_701' title='bbox 2831 3317 2993 3379; x_wconf 90' lang='lat' dir='ltr'><strong>atque</strong></span> <span class='ocrx_word' id='word_1_702' title='bbox 3025 3307 3166 3362; x_wconf 89' lang='lat' dir='ltr'><strong>idem</strong></span> <span class='ocrx_word' id='word_1_703' title='bbox 3221 3303 3477 3374; x_wconf 85' lang='lat' dir='ltr'><strong>Spiritus,</strong></span> 
     </span>
    </p>
   </div>
   <div class='ocr_carea' id='block_1_80' title="bbox 1908 3393 3477 3474">
    <p class='ocr_par' dir='ltr' id='par_1_80' title="bbox 1908 3393 3477 3474">
     <span class='ocr_line' id='line_1_80' title="bbox 1908 3393 3477 3474; baseline -0.01 -12"><span class='ocrx_word' id='word_1_704' title='bbox 1908 3406 2159 3462; x_wconf 77' lang='lat' dir='ltr'><strong>dividens</strong></span> <span class='ocrx_word' id='word_1_705' title='bbox 2189 3404 2415 3474; x_wconf 81' lang='lat' dir='ltr'><strong>singulis</strong></span> <span class='ocrx_word' id='word_1_706' title='bbox 2436 3410 2598 3472; x_wconf 89' lang='lat' dir='ltr'><strong>prout</strong></span> <span class='ocrx_word' id='word_1_707' title='bbox 2627 3402 2740 3456; x_wconf 90' lang='lat' dir='ltr'><strong>vult</strong></span> <span class='ocrx_word' id='word_1_708' title='bbox 2762 3401 2836 3455; x_wconf 64' lang='grc' dir='ltr'><strong>εει</strong></span> <span class='ocrx_word' id='word_1_709' title='bbox 2869 3419 2888 3451; x_wconf 66' lang='grc' dir='ltr'><strong>ι</strong></span> <span class='ocrx_word' id='word_1_710' title='bbox 2910 3409 2964 3454; x_wconf 90' lang='lat' dir='ltr'><strong>et</strong></span> <span class='ocrx_word' id='word_1_711' title='bbox 2993 3398 3153 3468; x_wconf 87' lang='lat' dir='ltr'><strong>paulo</strong></span> <span class='ocrx_word' id='word_1_712' title='bbox 3169 3405 3292 3466; x_wconf 87' lang='lat' dir='ltr'><strong>post</strong></span> <span class='ocrx_word' id='word_1_713' title='bbox 3318 3413 3332 3448; x_wconf 89' lang='lat'><strong>:</strong></span> <span class='ocrx_word' id='word_1_714' title='bbox 3369 3413 3386 3445; x_wconf 78' lang='grc' dir='ltr'><strong>ι</strong></span> <span class='ocrx_word' id='word_1_715' title='bbox 3419 3393 3477 3447; x_wconf 85' lang='grc' dir='ltr'><strong>1η</strong></span> 
     </span>
    </p>
   </div>
   <div class='ocr_carea' id='block_1_81' title="bbox 1910 3487 3481 3568">
    <p class='ocr_par' dir='ltr' id='par_1_81' title="bbox 1910 3487 3481 3568">
     <span class='ocr_line' id='line_1_81' title="bbox 1910 3487 3481 3568; baseline -0.009 -14"><span class='ocrx_word' id='word_1_716' title='bbox 1910 3514 2025 3554; x_wconf 91' lang='lat' dir='ltr'><strong>uno</strong></span> <span class='ocrx_word' id='word_1_717' title='bbox 2072 3498 2279 3568; x_wconf 91' lang='lat' dir='ltr'><strong>Spiritu</strong></span> <span class='ocrx_word' id='word_1_718' title='bbox 2325 3509 2514 3551; x_wconf 90' lang='lat' dir='ltr'><strong>omnes</strong></span> <span class='ocrx_word' id='word_1_719' title='bbox 2545 3509 2646 3549; x_wconf 91' lang='lat' dir='ltr'><strong>nos</strong></span> <span class='ocrx_word' id='word_1_720' title='bbox 2681 3493 2736 3548; x_wconf 90' lang='lat' dir='ltr'><strong>in</strong></span> <span class='ocrx_word' id='word_1_721' title='bbox 2771 3507 2940 3547; x_wconf 91' lang='lat' dir='ltr'><strong>unum</strong></span> <span class='ocrx_word' id='word_1_722' title='bbox 2975 3504 3174 3559; x_wconf 90' lang='lat' dir='ltr'><strong>corpus</strong></span> <span class='ocrx_word' id='word_1_723' title='bbox 3222 3487 3481 3556; x_wconf 84' lang='lat' dir='ltr'><strong>baptizati</strong></span> 
     </span>
    </p>
   </div>
   <div class='ocr_carea' id='block_1_82' title="bbox 1911 3581 3475 3656">
    <p class='ocr_par' dir='ltr' id='par_1_82' title="bbox 1911 3581 3475 3656">
     <span class='ocr_line' id='line_1_82' title="bbox 1911 3581 3475 3656; baseline -0.012 -7"><span class='ocrx_word' id='word_1_724' title='bbox 1911 3607 2142 3650; x_wconf 90' lang='lat' dir='ltr'><strong>sumus:</strong></span> <span class='ocrx_word' id='word_1_725' title='bbox 2180 3600 2233 3645; x_wconf 90' lang='lat' dir='ltr'><strong>et</strong></span> <span class='ocrx_word' id='word_1_726' title='bbox 2278 3604 2468 3644; x_wconf 90' lang='lat' dir='ltr'><strong>omnes</strong></span> <span class='ocrx_word' id='word_1_727' title='bbox 2514 3602 2623 3642; x_wconf 94' lang='lat' dir='ltr'><strong>uno</strong></span> <span class='ocrx_word' id='word_1_728' title='bbox 2655 3585 2862 3656; x_wconf 90' lang='lat' dir='ltr'><strong>Spiritu</strong></span> <span class='ocrx_word' id='word_1_729' title='bbox 2908 3583 3079 3654; x_wconf 87' lang='lat' dir='ltr'><strong>potati</strong></span> <span class='ocrx_word' id='word_1_730' title='bbox 3129 3597 3319 3636; x_wconf 90' lang='lat' dir='ltr'><strong>sumus</strong></span> <span class='ocrx_word' id='word_1_731' title='bbox 3343 3581 3414 3635; x_wconf 78' lang='grc'><strong>⁸⁸.</strong></span> <span class='ocrx_word' id='word_1_732' title='bbox 3455 3599 3475 3631; x_wconf 67' lang='grc' dir='ltr'><strong>ι</strong></span> 
     </span>
    </p>
   </div>
   <div class='ocr_carea' id='block_1_83' title="bbox 1910 3671 3482 3750">
    <p class='ocr_par' dir='ltr' id='par_1_83' title="bbox 1910 3671 3482 3750">
     <span class='ocr_line' id='line_1_83' title="bbox 1910 3671 3482 3750; baseline -0.009 -13"><span class='ocrx_word' id='word_1_733' title='bbox 1910 3685 1988 3737; x_wconf 89' lang='lat' dir='ltr'><strong>Ac</strong></span> <span class='ocrx_word' id='word_1_734' title='bbox 2019 3695 2261 3745; x_wconf 86' lang='lat' dir='ltr'><strong>rursum,</strong></span> <span class='ocrx_word' id='word_1_735' title='bbox 2289 3679 2548 3750; x_wconf 89' lang='lat' dir='ltr'><strong>quoniam</strong></span> <span class='ocrx_word' id='word_1_736' title='bbox 2577 3693 2642 3732; x_wconf 86' lang='lat' dir='ltr'><strong>ex</strong></span> <span class='ocrx_word' id='word_1_737' title='bbox 2681 3675 2821 3731; x_wconf 91' lang='lat' dir='ltr'><strong>Filio</strong></span> <span class='ocrx_word' id='word_1_738' title='bbox 2851 3675 3088 3744; x_wconf 88' lang='lat' dir='ltr'><strong>Spiritus</strong></span> <span class='ocrx_word' id='word_1_739' title='bbox 3121 3671 3356 3741; x_wconf 79' lang='lat' dir='ltr'><strong>cognitio</strong></span> <span class='ocrx_word' id='word_1_740' title='bbox 3387 3686 3482 3724; x_wconf 86' lang='lat' dir='ltr'><strong>ac-</strong></span> 
     </span>
    </p>
   </div>
   <div class='ocr_carea' id='block_1_84' title="bbox 1913 3761 3482 3845">
    <p class='ocr_par' dir='ltr' id='par_1_84' title="bbox 1913 3761 3482 3845">
     <span class='ocr_line' id='line_1_84' title="bbox 1913 3761 3482 3845; baseline -0.01 -14"><span class='ocrx_word' id='word_1_741' title='bbox 1913 3775 2157 3845; x_wconf 89' lang='lat' dir='ltr'><strong>cipienda</strong></span> <span class='ocrx_word' id='word_1_742' title='bbox 2187 3782 2290 3837; x_wconf 90' lang='lat' dir='ltr'><strong>est,</strong></span> <span class='ocrx_word' id='word_1_743' title='bbox 2333 3771 2586 3827; x_wconf 86' lang='lat' dir='ltr'><strong>convenit</strong></span> <span class='ocrx_word' id='word_1_744' title='bbox 2613 3771 2770 3823; x_wconf 90' lang='lat' dir='ltr'><strong>etiam</strong></span> <span class='ocrx_word' id='word_1_745' title='bbox 2803 3783 2870 3821; x_wconf 82' lang='lat' dir='ltr'><strong>ex</strong></span> <span class='ocrx_word' id='word_1_746' title='bbox 2916 3767 3034 3836; x_wconf 88' lang='lat' dir='ltr'><strong>ipso</strong></span> <span class='ocrx_word' id='word_1_747' title='bbox 3064 3761 3482 3819; x_wconf 84' lang='lat' dir='ltr'><strong>demonstratio-</strong></span> 
     </span>
    </p>
   </div>
   <div class='ocr_carea' id='block_1_85' title="bbox 1913 3851 3480 3937">
    <p class='ocr_par' dir='ltr' id='par_1_85' title="bbox 1913 3851 3480 3937">
     <span class='ocr_line' id='line_1_85' title="bbox 1913 3851 3480 3937; baseline -0.009 -15"><span class='ocrx_word' id='word_1_748' title='bbox 1913 3883 2011 3923; x_wconf 90' lang='lat' dir='ltr'><strong>nes</strong></span> <span class='ocrx_word' id='word_1_749' title='bbox 2040 3865 2306 3937; x_wconf 80' lang='lat' dir='ltr'><strong>proferre.</strong></span> <span class='ocrx_word' id='word_1_750' title='bbox 2333 3863 2500 3934; x_wconf 75' lang='lat' dir='ltr'><strong>Igitur</strong></span> <span class='ocrx_word' id='word_1_751' title='bbox 2527 3861 2730 3931; x_wconf 86' lang='lat' dir='ltr'><strong>ubique</strong></span> <span class='ocrx_word' id='word_1_752' title='bbox 2758 3858 2931 3913; x_wconf 86' lang='lat' dir='ltr'><strong>Filius</strong></span> <span class='ocrx_word' id='word_1_753' title='bbox 2959 3865 3040 3912; x_wconf 91' lang='lat' dir='ltr'><strong>est</strong></span> <span class='ocrx_word' id='word_1_754' title='bbox 3070 3871 3193 3910; x_wconf 90' lang='lat' dir='ltr'><strong>eum</strong></span> <span class='ocrx_word' id='word_1_755' title='bbox 3224 3855 3279 3908; x_wconf 90' lang='lat' dir='ltr'><strong>in</strong></span> <span class='ocrx_word' id='word_1_756' title='bbox 3320 3851 3480 3908; x_wconf 83' lang='lat' dir='ltr'><strong>Patre</strong></span> 
     </span>
    </p>
   </div>
   <div class='ocr_carea' id='block_1_86' title="bbox 1914 3945 3480 4023">
    <p class='ocr_par' dir='ltr' id='par_1_86' title="bbox 1914 3945 3480 4023">
     <span class='ocr_line' id='line_1_86' title="bbox 1914 3945 3480 4023; baseline -0.01 -9"><span class='ocrx_word' id='word_1_757' title='bbox 1914 3960 2005 4022; x_wconf 87' lang='lat' dir='ltr'><strong>sit,</strong></span> <span class='ocrx_word' id='word_1_758' title='bbox 2037 3967 2091 4013; x_wconf 89' lang='lat' dir='ltr'><strong>et</strong></span> <span class='ocrx_word' id='word_1_759' title='bbox 2118 3956 2278 4011; x_wconf 89' lang='lat' dir='ltr'><strong>Pater</strong></span> <span class='ocrx_word' id='word_1_760' title='bbox 2310 3955 2364 4008; x_wconf 91' lang='lat' dir='ltr'><strong>in</strong></span> <span class='ocrx_word' id='word_1_761' title='bbox 2399 3955 2536 4023; x_wconf 91' lang='lat' dir='ltr'><strong>ipso.</strong></span> <span class='ocrx_word' id='word_1_762' title='bbox 2570 3950 2704 4006; x_wconf 90' lang='lat' dir='ltr'><strong>Nam</strong></span> <span class='ocrx_word' id='word_1_763' title='bbox 2740 3949 3112 4005; x_wconf 89' lang='lat' dir='ltr'><strong>omnia.tenet</strong></span> <span class='ocrx_word' id='word_1_764' title='bbox 3147 3953 3199 4000; x_wconf 90' lang='lat' dir='ltr'><strong>et</strong></span> <span class='ocrx_word' id='word_1_765' title='bbox 3237 3945 3480 4015; x_wconf 82' lang='lat' dir='ltr'><strong>comple-</strong></span> 
     </span>
    </p>
   </div>
   <div class='ocr_carea' id='block_1_87' title="bbox 1914 4024 3478 4115">
    <p class='ocr_par' dir='ltr' id='par_1_87' title="bbox 1914 4024 3478 4115">
     <span class='ocr_line' id='line_1_87' title="bbox 1914 4024 3478 4115; baseline -0.012 -11"><span class='ocrx_word' id='word_1_766' title='bbox 1914 4049 2078 4104; x_wconf 91' lang='lat' dir='ltr'><strong>ctitur</strong></span> <span class='ocrx_word' id='word_1_767' title='bbox 2105 4065 2118 4101; x_wconf 91' lang='lat'>:</span> <span class='ocrx_word' id='word_1_768' title='bbox 2141 4047 2510 4115; x_wconf 89' lang='lat' dir='ltr'><strong>scriptumque</strong></span> <span class='ocrx_word' id='word_1_769' title='bbox 2535 4049 2655 4097; x_wconf 90' lang='lat' dir='ltr'><strong>est:</strong></span> <span class='ocrx_word' id='word_1_770' title='bbox 2681 4059 2699 4091; x_wconf 76' lang='grc' dir='ltr'><strong>ι</strong></span> <span class='ocrx_word' id='word_1_771' title='bbox 2721 4024 2780 4092; x_wconf 72' lang='lat' dir='ltr'><strong>in</strong></span> <span class='ocrx_word' id='word_1_772' title='bbox 2799 4039 2918 4108; x_wconf 89' lang='lat' dir='ltr'><strong>ipso</strong></span> <span class='ocrx_word' id='word_1_773' title='bbox 2947 4037 3131 4092; x_wconf 88' lang='lat' dir='ltr'><strong>omnia</strong></span> <span class='ocrx_word' id='word_1_774' title='bbox 3157 4040 3478 4098; x_wconf 53' lang='lat' dir='ltr'><strong>constantn</strong></span> 
     </span>
    </p>
   </div>
   <div class='ocr_carea' id='block_1_88' title="bbox 1915 4129 3479 4197">
    <p class='ocr_par' dir='ltr' id='par_1_88' title="bbox 1915 4129 3479 4197">
     <span class='ocr_line' id='line_1_88' title="bbox 1915 4129 3479 4197; baseline -0.012 -1"><span class='ocrx_word' id='word_1_775' title='bbox 1915 4156 2039 4196; x_wconf 91' lang='lat' dir='ltr'><strong>cum</strong></span> <span class='ocrx_word' id='word_1_776' title='bbox 2102 4138 2336 4193; x_wconf 87' lang='lat' dir='ltr'><strong>visibilia</strong></span> <span class='ocrx_word' id='word_1_777' title='bbox 2384 4144 2498 4190; x_wconf 89' lang='lat' dir='ltr'><strong>tum</strong></span> <span class='ocrx_word' id='word_1_778' title='bbox 2525 4131 2817 4188; x_wconf 88' lang='lat' dir='ltr'><strong>invisibilia</strong></span> <span class='ocrx_word' id='word_1_779' title='bbox 2846 4170 2862 4194; x_wconf 91' lang='lat'><strong>,</strong></span> <span class='ocrx_word' id='word_1_780' title='bbox 2891 4146 2910 4180; x_wconf 74' lang='grc' dir='ltr'><strong>ι</strong></span> <span class='ocrx_word' id='word_1_781' title='bbox 2945 4136 3000 4183; x_wconf 87' lang='lat' dir='ltr'><strong>et</strong></span> <span class='ocrx_word' id='word_1_782' title='bbox 3051 4129 3166 4197; x_wconf 90' lang='lat' dir='ltr'><strong>ipse</strong></span> <span class='ocrx_word' id='word_1_783' title='bbox 3217 4135 3303 4181; x_wconf 89' lang='lat' dir='ltr'><strong>est</strong></span> <span class='ocrx_word' id='word_1_784' title='bbox 3356 4132 3479 4178; x_wconf 69' lang='lat' dir='ltr'><strong>ante</strong></span> 
     </span>
    </p>
   </div>
   <div class='ocr_carea' id='block_1_89' title="bbox 1915 4215 3477 4287">
    <p class='ocr_par' dir='ltr' id='par_1_89' title="bbox 1915 4215 3477 4287">
     <span class='ocr_line' id='line_1_89' title="bbox 1915 4215 3477 4287; baseline -0.01 -1"><span class='ocrx_word' id='word_1_785' title='bbox 1915 4246 2104 4287; x_wconf 89' lang='lat' dir='ltr'><strong>omnes</strong></span> <span class='ocrx_word' id='word_1_786' title='bbox 2130 4230 2196 4283; x_wconf 72' lang='grc'><strong>⁸⁸.</strong></span> <span class='ocrx_word' id='word_1_787' title='bbox 2244 4248 2262 4281; x_wconf 77' lang='grc' dir='ltr'><strong>ι</strong></span> <span class='ocrx_word' id='word_1_788' title='bbox 2291 4227 2563 4282; x_wconf 70' lang='lat' dir='ltr'><strong>Creaturaa</strong></span> <span class='ocrx_word' id='word_1_789' title='bbox 2585 4231 2764 4278; x_wconf 90' lang='lat' dir='ltr'><strong>autem</strong></span> <span class='ocrx_word' id='word_1_790' title='bbox 2811 4223 2866 4275; x_wconf 93' lang='lat' dir='ltr'><strong>in</strong></span> <span class='ocrx_word' id='word_1_791' title='bbox 2910 4219 3110 4276; x_wconf 80' lang='lat' dir='ltr'><strong>divisis</strong></span> <span class='ocrx_word' id='word_1_792' title='bbox 3131 4226 3258 4274; x_wconf 90' lang='lat' dir='ltr'><strong>sunt</strong></span> <span class='ocrx_word' id='word_1_793' title='bbox 3305 4215 3477 4271; x_wconf 85' lang='lat' dir='ltr'><strong>locis:</strong></span> 
     </span>
    </p>
   </div>
   <div class='ocr_carea' id='block_1_90' title="bbox 1917 4308 3470 4393">
    <p class='ocr_par' dir='ltr' id='par_1_90' title="bbox 1917 4308 3470 4393">
     <span class='ocr_line' id='line_1_90' title="bbox 1917 4308 3470 4393; baseline -0.012 -14"><span class='ocrx_word' id='word_1_794' title='bbox 1917 4324 1999 4380; x_wconf 90' lang='lat' dir='ltr'><strong>sol</strong></span> <span class='ocrx_word' id='word_1_795' title='bbox 2027 4323 2247 4393; x_wconf 90' lang='lat' dir='ltr'><strong>quidem</strong></span> <span class='ocrx_word' id='word_1_796' title='bbox 2291 4330 2344 4375; x_wconf 89' lang='lat' dir='ltr'><strong>et</strong></span> <span class='ocrx_word' id='word_1_797' title='bbox 2379 4321 2512 4374; x_wconf 89' lang='lat' dir='ltr'><strong>luna</strong></span> <span class='ocrx_word' id='word_1_798' title='bbox 2557 4327 2860 4385; x_wconf 70' lang='lat' dir='ltr'><strong>cmteraque</strong></span> <span class='ocrx_word' id='word_1_799' title='bbox 2891 4313 3179 4385; x_wconf 73' lang='lat' dir='ltr'><strong>luminaria</strong></span> <span class='ocrx_word' id='word_1_800' title='bbox 3209 4310 3265 4364; x_wconf 91' lang='lat' dir='ltr'><strong>in</strong></span> <span class='ocrx_word' id='word_1_801' title='bbox 3300 4308 3470 4363; x_wconf 84' lang='lat' dir='ltr'><strong>ﬁrma-</strong></span> 
     </span>
    </p>
   </div>
   <div class='ocr_carea' id='block_1_91' title="bbox 227 4397 1805 4492">
    <p class='ocr_par' dir='ltr' id='par_1_91' title="bbox 227 4397 1805 4492">
     <span class='ocr_line' id='line_1_91' title="bbox 227 4397 1805 4492; baseline -0.001 -18"><span class='ocrx_word' id='word_1_802' title='bbox 227 4423 335 4492; x_wconf 80' lang='grc' dir='ltr'>μὲν</span> <span class='ocrx_word' id='word_1_803' title='bbox 368 4397 464 4474; x_wconf 76' lang='grc' dir='ltr'><strong>καὶ</strong></span> <span class='ocrx_word' id='word_1_804' title='bbox 491 4397 687 4492; x_wconf 84' lang='grc' dir='ltr'>σελήνη</span> <span class='ocrx_word' id='word_1_805' title='bbox 711 4397 813 4473; x_wconf 70' lang='grc' dir='ltr'><strong>καὶ</strong></span> <span class='ocrx_word' id='word_1_806' title='bbox 923 4420 1071 4474; x_wconf 78' lang='grc' dir='ltr'>ἄλλοι</span> <span class='ocrx_word' id='word_1_807' title='bbox 1097 4420 1379 4490; x_wconf 77' lang='grc' dir='ltr'>φωστῆρες</span> <span class='ocrx_word' id='word_1_808' title='bbox 1404 4421 1461 4472; x_wconf 81' lang='grc' dir='ltr'><strong>ἐν</strong></span> <span class='ocrx_word' id='word_1_809' title='bbox 1580 4420 1805 4488; x_wconf 86' lang='grc' dir='ltr'>στερεώ-</span> 
     </span>
    </p>
   </div>
   <div class='ocr_carea' id='block_1_92' title="bbox 1914 4397 3476 4492">
    <p class='ocr_par' dir='ltr' id='par_1_92' title="bbox 1915 4397 3476 4480">
     <span class='ocr_line' id='line_1_92' title="bbox 1915 4397 3476 4480; baseline -0.012 -11"><span class='ocrx_word' id='word_1_810' title='bbox 1915 4421 2132 4475; x_wconf 85' lang='lat' dir='ltr'><strong>mento,‘</strong></span> <span class='ocrx_word' id='word_1_811' title='bbox 2153 4414 2206 4466; x_wconf 93' lang='lat' dir='ltr'><strong>in</strong></span> <span class='ocrx_word' id='word_1_812' title='bbox 2238 4411 2376 4466; x_wconf 66' lang='lat' dir='ltr'><strong>caelo</strong></span> <span class='ocrx_word' id='word_1_813' title='bbox 2412 4410 2608 4480; x_wconf 77' lang='lat' dir='ltr'><strong>angeli,</strong></span> <span class='ocrx_word' id='word_1_814' title='bbox 2650 4416 2705 4462; x_wconf 87' lang='lat' dir='ltr'><strong>et</strong></span> <span class='ocrx_word' id='word_1_815' title='bbox 2735 4406 2984 4460; x_wconf 91' lang='lat' dir='ltr'><strong>homines</strong></span> <span class='ocrx_word' id='word_1_816' title='bbox 3029 4403 3083 4457; x_wconf 87' lang='lat' dir='ltr'><strong>in</strong></span> <span class='ocrx_word' id='word_1_817' title='bbox 3114 4411 3278 4455; x_wconf 89' lang='lat' dir='ltr'><strong>terra.</strong></span> <span class='ocrx_word' id='word_1_818' title='bbox 3329 4397 3476 4464; x_wconf 85' lang='lat' dir='ltr'><strong>Quod</strong></span> 
     </span>
    </p>
   </div>
   <div class='ocr_carea' id='block_1_93' title="bbox 229 4507 1810 4582">
    <p class='ocr_par' dir='ltr' id='par_1_93' title="bbox 229 4507 1810 4582">
     <span class='ocr_line' id='line_1_93' title="bbox 229 4507 1810 4582; baseline 0.001 -21"><span class='ocrx_word' id='word_1_819' title='bbox 229 4526 388 4582; x_wconf 84' lang='grc' dir='ltr'>ματι,</span> <span class='ocrx_word' id='word_1_820' title='bbox 418 4510 478 4562; x_wconf 79' lang='grc' dir='ltr'>ὲν</span> <span class='ocrx_word' id='word_1_821' title='bbox 508 4508 721 4580; x_wconf 77' lang='grc' dir='ltr'>οὐρανῷ</span> <span class='ocrx_word' id='word_1_822' title='bbox 751 4508 807 4561; x_wconf 85' lang='grc' dir='ltr'>δὲ</span> <span class='ocrx_word' id='word_1_823' title='bbox 849 4507 1091 4576; x_wconf 80' lang='grc' dir='ltr'>ἄγγελοι,</span> <span class='ocrx_word' id='word_1_824' title='bbox 1142 4509 1237 4561; x_wconf 78' lang='grc' dir='ltr'><strong>καὶ</strong></span> <span class='ocrx_word' id='word_1_825' title='bbox 1280 4508 1552 4580; x_wconf 77' lang='grc' dir='ltr'>ἄνθρωποι</span> <span class='ocrx_word' id='word_1_826' title='bbox 1589 4511 1680 4561; x_wconf 76' lang='grc' dir='ltr'>ἐπὶ</span> <span class='ocrx_word' id='word_1_827' title='bbox 1711 4510 1810 4581; x_wconf 85' lang='grc' dir='ltr'>τῆς</span> 
     </span>
    </p>
   </div>
   <div class='ocr_carea' id='block_1_94' title="bbox 1916 4489 3461 4564">
    <p class='ocr_par' dir='ltr' id='par_1_94' title="bbox 1916 4489 3461 4564">
     <span class='ocr_line' id='line_1_94' title="bbox 1916 4489 3461 4564; baseline -0.013 -2"><span class='ocrx_word' id='word_1_828' title='bbox 1916 4509 1962 4564; x_wconf 91' lang='lat' dir='ltr'><strong>si</strong></span> <span class='ocrx_word' id='word_1_829' title='bbox 1983 4507 2156 4562; x_wconf 91' lang='lat' dir='ltr'><strong>Filius</strong></span> <span class='ocrx_word' id='word_1_830' title='bbox 2183 4521 2309 4561; x_wconf 87' lang='lat' dir='ltr'><strong>cum</strong></span> <span class='ocrx_word' id='word_1_831' title='bbox 2343 4519 2453 4558; x_wconf 90' lang='lat' dir='ltr'><strong>non</strong></span> <span class='ocrx_word' id='word_1_832' title='bbox 2480 4504 2533 4557; x_wconf 92' lang='lat' dir='ltr'><strong>in</strong></span> <span class='ocrx_word' id='word_1_833' title='bbox 2562 4500 2752 4558; x_wconf 90' lang='lat' dir='ltr'><strong>divisis</strong></span> <span class='ocrx_word' id='word_1_834' title='bbox 2793 4498 2951 4560; x_wconf 88' lang='lat' dir='ltr'><strong>locis,</strong></span> <span class='ocrx_word' id='word_1_835' title='bbox 2985 4494 3079 4551; x_wconf 90' lang='lat' dir='ltr'><strong>sed</strong></span> <span class='ocrx_word' id='word_1_836' title='bbox 3113 4493 3166 4546; x_wconf 90' lang='lat' dir='ltr'><strong>in</strong></span> <span class='ocrx_word' id='word_1_837' title='bbox 3204 4490 3364 4545; x_wconf 89' lang='lat' dir='ltr'><strong>Patre</strong></span> <span class='ocrx_word' id='word_1_838' title='bbox 3392 4489 3461 4542; x_wconf 87' lang='lat' dir='ltr'><strong>sit</strong></span> 
     </span>
    </p>
   </div>
   <div class='ocr_carea' id='block_1_95' title="bbox 297 4603 1805 4692">
    <p class='ocr_par' dir='ltr' id='par_1_95' title="bbox 297 4623 1797 4692">
     <span class='ocr_line' id='line_1_95' title="bbox 297 4623 1797 4692; baseline 0.003 -14"><span class='ocrx_word' id='word_1_839' title='bbox 297 4627 346 4659; x_wconf 81' lang='grc'><strong><em>⁸³</em></strong></span> <span class='ocrx_word' id='word_1_840' title='bbox 380 4624 423 4678; x_wconf 90' lang='lat' dir='ltr'><strong>ll</strong></span> <span class='ocrx_word' id='word_1_841' title='bbox 461 4626 590 4681; x_wconf 87' lang='lat' dir='ltr'><strong>Cor.</strong></span> <span class='ocrx_word' id='word_1_842' title='bbox 625 4640 685 4688; x_wconf 85' lang='lat' dir='ltr'><strong>tt,</strong></span> <span class='ocrx_word' id='word_1_843' title='bbox 725 4625 812 4679; x_wconf 76' lang='grc'><strong>15.</strong></span> <span class='ocrx_word' id='word_1_844' title='bbox 887 4625 933 4658; x_wconf 66' lang='grc'><strong>⁸⁸</strong></span> <span class='ocrx_word' id='word_1_845' title='bbox 957 4623 1132 4679; x_wconf 87' lang='lat' dir='ltr'><strong>Galat.</strong></span> <span class='ocrx_word' id='word_1_846' title='bbox 1162 4642 1234 4688; x_wconf 87' lang='lat' dir='ltr'><strong>tv,</strong></span> <span class='ocrx_word' id='word_1_847' title='bbox 1267 4625 1352 4679; x_wconf 80' lang='grc'><strong>19.</strong></span> <span class='ocrx_word' id='word_1_848' title='bbox 1430 4626 1477 4657; x_wconf 77' lang='grc'><strong>⁸⁵</strong></span> <span class='ocrx_word' id='word_1_849' title='bbox 1503 4626 1520 4679; x_wconf 94' lang='grc' dir='ltr'><strong>Ι</strong></span> <span class='ocrx_word' id='word_1_850' title='bbox 1550 4626 1677 4682; x_wconf 93' lang='lat' dir='ltr'><strong>Cor.</strong></span> <span class='ocrx_word' id='word_1_851' title='bbox 1715 4645 1797 4692; x_wconf 86' lang='lat' dir='ltr'><strong>tu,</strong></span> 
     </span>
    </p>
   </div>
   <div class='ocr_carea' id='block_1_96' title="bbox 1914 4603 3461 4692">
    <p class='ocr_par' dir='ltr' id='par_1_96' title="bbox 1987 4603 3461 4687">
     <span class='ocr_line' id='line_1_96' title="bbox 1987 4603 3461 4687; baseline -0.015 -9"><span class='ocrx_word' id='word_1_852' title='bbox 1987 4625 2034 4657; x_wconf 79' lang='grc'><strong>⁸⁸</strong></span> <span class='ocrx_word' id='word_1_853' title='bbox 2063 4623 2086 4677; x_wconf 84' lang='grc' dir='ltr'>Ι</span> <span class='ocrx_word' id='word_1_854' title='bbox 2115 4622 2274 4678; x_wconf 86' lang='lat' dir='ltr'><strong>Joan.</strong></span> <span class='ocrx_word' id='word_1_855' title='bbox 2307 4639 2381 4687; x_wconf 82' lang='lat' dir='ltr'><strong>iv,</strong></span> <span class='ocrx_word' id='word_1_856' title='bbox 2418 4621 2504 4676; x_wconf 75' lang='grc'><strong>15.</strong></span> <span class='ocrx_word' id='word_1_857' title='bbox 2583 4619 2628 4651; x_wconf 86' lang='grc'><strong>⁸⁷</strong></span> <span class='ocrx_word' id='word_1_858' title='bbox 2686 4616 2708 4670; x_wconf 88' lang='grc' dir='ltr'>Ι</span> <span class='ocrx_word' id='word_1_859' title='bbox 2740 4617 2867 4673; x_wconf 85' lang='lat' dir='ltr'><strong>Cor.</strong></span> <span class='ocrx_word' id='word_1_860' title='bbox 2904 4628 2998 4670; x_wconf 87' lang='lat' dir='ltr'><strong>vut</strong></span> <span class='ocrx_word' id='word_1_861' title='bbox 3024 4615 3062 4677; x_wconf 85' lang='lat'><strong>,&#39;</strong></span> <span class='ocrx_word' id='word_1_862' title='bbox 3089 4609 3141 4662; x_wconf 88' lang='grc'><strong>6.</strong></span> <span class='ocrx_word' id='word_1_863' title='bbox 3233 4606 3279 4638; x_wconf 79' lang='grc'>⁸⁸</span> <span class='ocrx_word' id='word_1_864' title='bbox 3311 4603 3461 4658; x_wconf 77' lang='lat' dir='ltr'><strong>[Cor</strong></span> 
     </span>
    </p>
   </div>
   <div class='ocr_carea' id='block_1_97' title="bbox 226 4695 1453 4760">
    <p class='ocr_par' dir='ltr' id='par_1_97' title="bbox 226 4695 1453 4760">
     <span class='ocr_line' id='line_1_97' title="bbox 226 4695 1453 4760; baseline -0.002 -10"><span class='ocrx_word' id='word_1_865' title='bbox 226 4713 334 4760; x_wconf 65' lang='lat' dir='ltr'><strong>xtl,</strong></span> <span class='ocrx_word' id='word_1_866' title='bbox 405 4696 494 4749; x_wconf 84' lang='grc' dir='ltr'><strong>Η.</strong></span> <span class='ocrx_word' id='word_1_867' title='bbox 568 4695 613 4728; x_wconf 77' lang='grc'><strong>⁸⁸</strong></span> <span class='ocrx_word' id='word_1_868' title='bbox 642 4695 774 4749; x_wconf 84' lang='lat' dir='ltr'><strong>ibid.</strong></span> <span class='ocrx_word' id='word_1_869' title='bbox 807 4696 895 4749; x_wconf 76' lang='grc'><strong>15.</strong></span> <span class='ocrx_word' id='word_1_870' title='bbox 972 4697 1018 4727; x_wconf 82' lang='grc'>⁰⁰</span> <span class='ocrx_word' id='word_1_871' title='bbox 1048 4695 1264 4751; x_wconf 84' lang='lat' dir='ltr'><strong>Coloss.</strong></span> <span class='ocrx_word' id='word_1_872' title='bbox 1299 4713 1335 4760; x_wconf 85' lang='grc' dir='ltr'><strong>ι,</strong></span> <span class='ocrx_word' id='word_1_873' title='bbox 1369 4695 1453 4748; x_wconf 78' lang='grc'><strong>17.</strong></span> 
     </span>
    </p>
   </div>
   <div class='ocr_carea' id='block_1_98' title="bbox 301 4785 1809 4870">
    <p class='ocr_par' dir='ltr' id='par_1_98' title="bbox 301 4785 1809 4870">
     <span class='ocr_line' id='line_1_98' title="bbox 301 4785 1809 4870; baseline -0.003 -28"><span class='ocrx_word' id='word_1_874' title='bbox 301 4789 418 4870; x_wconf 75' lang='grc'>(91)</span> <span class='ocrx_word' id='word_1_875' title='bbox 455 4787 557 4842; x_wconf 86' lang='grc' dir='ltr'>Καί</span> <span class='ocrx_word' id='word_1_876' title='bbox 586 4787 739 4870; x_wconf 63' lang='lat' dir='ltr'><strong>deest</strong></span> <span class='ocrx_word' id='word_1_877' title='bbox 766 4789 818 4842; x_wconf 89' lang='lat' dir='ltr'><strong>in</strong></span> <span class='ocrx_word' id='word_1_878' title='bbox 852 4787 1070 4870; x_wconf 78' lang='lat' dir='ltr'><strong>Gobler.</strong></span> <span class='ocrx_word' id='word_1_879' title='bbox 1112 4800 1175 4870; x_wconf 83' lang='lat' dir='ltr'><strong>et</strong></span> <span class='ocrx_word' id='word_1_880' title='bbox 1197 4789 1375 4870; x_wconf 32' lang='lat' dir='ltr'><strong>Fel‘clt.</strong></span> <span class='ocrx_word' id='word_1_881' title='bbox 1408 4785 1620 4870; x_wconf 38' lang='lat' dir='ltr'><strong>iZ‘Mnx</strong></span> <span class='ocrx_word' id='word_1_882' title='bbox 1645 4785 1809 4870; x_wconf 49' lang='lat' dir='ltr'><strong>e‘dilio</strong></span> 
     </span>
    </p>
   </div>
   <div class='ocr_carea' id='block_1_99' title="bbox 227 4857 1811 4946">
    <p class='ocr_par' dir='ltr' id='par_1_99' title="bbox 227 4857 1811 4946">
     <span class='ocr_line' id='line_1_99' title="bbox 227 4857 1811 4946; baseline -0.003 -33"><span class='ocrx_word' id='word_1_883' title='bbox 227 4857 782 4946; x_wconf 27' lang='lat' dir='ltr'><strong>Paris.,_‘rnendose,</strong></span> <span class='ocrx_word' id='word_1_884' title='bbox 809 4859 1068 4944; x_wconf 76' lang='grc' dir='ltr'>σφράγη,</span> <span class='ocrx_word' id='word_1_885' title='bbox 1130 4869 1186 4914; x_wconf 86' lang='lat' dir='ltr'><strong>at</strong></span> <span class='ocrx_word' id='word_1_886' title='bbox 1230 4861 1395 4914; x_wconf 88' lang='lat' dir='ltr'><strong>editio</strong></span> <span class='ocrx_word' id='word_1_887' title='bbox 1441 4857 1704 4912; x_wconf 79' lang='lat' dir='ltr'><strong>Cominel.</strong></span> <span class='ocrx_word' id='word_1_888' title='bbox 1757 4864 1811 4909; x_wconf 87' lang='lat' dir='ltr'><strong>et</strong></span> 
     </span>
    </p>
   </div>
   <div class='ocr_carea' id='block_1_100' title="bbox 228 4928 910 4997">
    <p class='ocr_par' dir='ltr' id='par_1_100' title="bbox 228 4928 910 4997">
     <span class='ocr_line' id='line_1_100' title="bbox 228 4928 910 4997; baseline -0.007 -13"><span class='ocrx_word' id='word_1_889' title='bbox 228 4932 429 4984; x_wconf 84' lang='lat' dir='ltr'><strong>oinnes</strong></span> <span class='ocrx_word' id='word_1_890' title='bbox 463 4943 620 4984; x_wconf 90' lang='lat' dir='ltr'><strong>mss..</strong></span> <span class='ocrx_word' id='word_1_891' title='bbox 653 4928 910 4997; x_wconf 66' lang='grc' dir='ltr'>σφραγίς.</span> 
     </span>
    </p>
   </div>
   <div class='ocr_carea' id='block_1_101' title="bbox 305 4997 1020 5069">
    <p class='ocr_par' dir='ltr' id='par_1_101' title="bbox 305 4997 1020 5069">
     <span class='ocr_line' id='line_1_101' title="bbox 305 4997 1020 5069; baseline 0.003 -21"><span class='ocrx_word' id='word_1_892' title='bbox 305 4998 420 5069; x_wconf 71' lang='lat'><strong>(92)</strong></span> <span class='ocrx_word' id='word_1_893' title='bbox 463 4997 803 5069; x_wconf 52' lang='lat' dir='ltr'><strong>Rasiliensis,</strong></span> <span class='ocrx_word' id='word_1_894' title='bbox 838 4997 1020 5069; x_wconf 74' lang='grc' dir='ltr'>ὡδινα.</span> 
     </span>
    </p>
   </div>
   <div class='ocr_carea' id='block_1_102' title="bbox 301 5062 1810 5138">
    <p class='ocr_par' dir='ltr' id='par_1_102' title="bbox 301 5062 1810 5138">
     <span class='ocr_line' id='line_1_102' title="bbox 301 5062 1810 5138; baseline -0.003 -16"><span class='ocrx_word' id='word_1_895' title='bbox 301 5062 419 5134; x_wconf 79' lang='grc'>(95)</span> <span class='ocrx_word' id='word_1_896' title='bbox 465 5065 574 5138; x_wconf 68' lang='lat' dir='ltr'><strong>Sic</strong></span> <span class='ocrx_word' id='word_1_897' title='bbox 602 5065 805 5132; x_wconf 72' lang='lat' dir='ltr'><strong>Regius</strong></span> <span class='ocrx_word' id='word_1_898' title='bbox 824 5108 841 5138; x_wconf 86' lang='lat'><strong>,</strong></span> <span class='ocrx_word' id='word_1_899' title='bbox 859 5070 872 5079; x_wconf 86' lang='lat'>&#39;</span> <span class='ocrx_word' id='word_1_900' title='bbox 897 5067 1267 5138; x_wconf 86' lang='lat' dir='ltr'><strong>Seguerianus</strong></span> <span class='ocrx_word' id='word_1_901' title='bbox 1288 5106 1303 5130; x_wconf 92' lang='lat'><strong>,</strong></span> <span class='ocrx_word' id='word_1_902' title='bbox 1356 5064 1688 5138; x_wconf 83' lang='lat' dir='ltr'><strong>Basiliensis.</strong></span> <span class='ocrx_word' id='word_1_903' title='bbox 1716 5062 1810 5138; x_wconf 80' lang='lat' dir='ltr'><strong>__At</strong></span> 
     </span>
    </p>
   </div>
   <div class='ocr_carea' id='block_1_103' title="bbox 228 5133 1812 5218">
    <p class='ocr_par' dir='ltr' id='par_1_103' title="bbox 228 5133 1812 5218">
     <span class='ocr_line' id='line_1_103' title="bbox 228 5133 1812 5218; baseline -0.006 -22"><span class='ocrx_word' id='word_1_904' title='bbox 228 5133 455 5218; x_wconf 61' lang='lat' dir='ltr'><strong>editiet</strong></span> <span class='ocrx_word' id='word_1_905' title='bbox 485 5136 601 5218; x_wconf 81' lang='lat' dir='ltr'><strong>al_i_i,</strong></span> <span class='ocrx_word' id='word_1_906' title='bbox 633 5139 780 5218; x_wconf 67' lang='grc' dir='ltr'>καὶό</span> <span class='ocrx_word' id='word_1_907' title='bbox 809 5133 995 5218; x_wconf 45' lang='grc' dir='ltr'>ἔχωνς</span> <span class='ocrx_word' id='word_1_908' title='bbox 1009 5138 1350 5218; x_wconf 41' lang='lat' dir='ltr'><strong>Eumelique</strong></span> <span class='ocrx_word' id='word_1_909' title='bbox 1377 5137 1657 5218; x_wconf 64' lang='lat' dir='ltr'><strong>sententia:</strong></span> <span class='ocrx_word' id='word_1_910' title='bbox 1683 5133 1812 5215; x_wconf 43' lang='lat' dir='ltr'><strong>.dis-</strong></span> 
     </span>
    </p>
   </div>
   <div class='ocr_carea' id='block_1_104' title="bbox 232 5203 1813 5288">
    <p class='ocr_par' dir='ltr' id='par_1_104' title="bbox 232 5203 1813 5288">
     <span class='ocr_line' id='line_1_104' title="bbox 232 5203 1813 5288; baseline -0.004 -26"><span class='ocrx_word' id='word_1_911' title='bbox 232 5208 488 5288; x_wconf 54' lang='lat' dir='ltr'><strong>crimine.</strong></span> <span class='ocrx_word' id='word_1_912' title='bbox 522 5206 644 5288; x_wconf 55' lang='lat' dir='ltr'><strong>Mori</strong></span> <span class='ocrx_word' id='word_1_913' title='bbox 714 5206 811 5278; x_wconf 83' lang='grc' dir='ltr'><strong>μέν</strong></span> <span class='ocrx_word' id='word_1_914' title='bbox 839 5203 971 5287; x_wconf 75' lang='lat' dir='ltr'><strong>ante</strong></span> <span class='ocrx_word' id='word_1_915' title='bbox 1015 5203 1446 5288; x_wconf 44' lang='lat' dir='ltr'><strong>Habiov‘lcgitur</strong></span> <span class='ocrx_word' id='word_1_916' title='bbox 1477 5207 1530 5258; x_wconf 89' lang='lat' dir='ltr'><strong>in</strong></span> <span class='ocrx_word' id='word_1_917' title='bbox 1567 5203 1734 5274; x_wconf 75' lang='lat' dir='ltr'><strong>Regio</strong></span> <span class='ocrx_word' id='word_1_918' title='bbox 1760 5211 1813 5256; x_wconf 89' lang='lat' dir='ltr'><strong>ct</strong></span> 
     </span>
    </p>
   </div>
   <div class='ocr_carea' id='block_1_105' title="bbox 233 5277 1583 5342">
    <p class='ocr_par' dir='ltr' id='par_1_105' title="bbox 233 5277 1583 5342">
     <span class='ocr_line' id='line_1_105' title="bbox 233 5277 1583 5342; baseline -0.005 -8"><span class='ocrx_word' id='word_1_919' title='bbox 233 5277 596 5342; x_wconf 72' lang='lat' dir='ltr'><strong>Segueriano,</strong></span> <span class='ocrx_word' id='word_1_920' title='bbox 628 5280 683 5330; x_wconf 86' lang='lat' dir='ltr'><strong>in</strong></span> <span class='ocrx_word' id='word_1_921' title='bbox 715 5278 925 5330; x_wconf 65' lang='lat' dir='ltr'><strong>caeteris</strong></span> <span class='ocrx_word' id='word_1_922' title='bbox 954 5286 1007 5330; x_wconf 88' lang='lat' dir='ltr'><strong>et</strong></span> <span class='ocrx_word' id='word_1_923' title='bbox 1033 5277 1193 5331; x_wconf 90' lang='lat' dir='ltr'><strong>editis</strong></span> <span class='ocrx_word' id='word_1_924' title='bbox 1219 5277 1583 5331; x_wconf 86' lang='lat' dir='ltr'><strong>desideratur.</strong></span> 
     </span>
    </p>
   </div>
   <div class='ocr_carea' id='block_1_106' title="bbox 303 5344 1562 5418">
    <p class='ocr_par' dir='ltr' id='par_1_106' title="bbox 303 5344 1562 5418">
     <span class='ocr_line' id='line_1_106' title="bbox 303 5344 1562 5418; baseline -0.002 -16"><span class='ocrx_word' id='word_1_925' title='bbox 303 5347 418 5418; x_wconf 73' lang='grc'>(94)</span> <span class='ocrx_word' id='word_1_926' title='bbox 443 5345 678 5418; x_wconf 86' lang='lat' dir='ltr'><strong>_Gobler.</strong></span> <span class='ocrx_word' id='word_1_927' title='bbox 721 5357 784 5418; x_wconf 76' lang='lat' dir='ltr'><strong>et_</strong></span> <span class='ocrx_word' id='word_1_928' title='bbox 811 5346 1049 5400; x_wconf 85' lang='lat' dir='ltr'><strong>Fclckm.</strong></span> <span class='ocrx_word' id='word_1_929' title='bbox 1088 5347 1109 5399; x_wconf 79' lang='grc'><strong>1</strong></span> <span class='ocrx_word' id='word_1_930' title='bbox 1138 5388 1153 5411; x_wconf 91' lang='grc'><strong>,</strong></span> <span class='ocrx_word' id='word_1_931' title='bbox 1186 5351 1213 5400; x_wconf 94' lang='lat'><strong>6</strong></span> <span class='ocrx_word' id='word_1_932' title='bbox 1243 5347 1298 5398; x_wconf 85' lang='grc' dir='ltr'>δὲ</span> <span class='ocrx_word' id='word_1_933' title='bbox 1341 5344 1562 5418; x_wconf 83' lang='grc' dir='ltr'>Κύριος.</span> 
     </span>
    </p>
   </div>
   <div class='ocr_carea' id='block_1_107' title="bbox 305 5413 1807 5489">
    <p class='ocr_par' dir='ltr' id='par_1_107' title="bbox 305 5413 1807 5489">
     <span class='ocr_line' id='line_1_107' title="bbox 305 5413 1807 5489; baseline -0.005 -20"><span class='ocrx_word' id='word_1_934' title='bbox 305 5413 418 5489; x_wconf 72' lang='grc'>(95)</span> <span class='ocrx_word' id='word_1_935' title='bbox 442 5416 646 5489; x_wconf 72' lang='lat' dir='ltr'><strong>Regius</strong></span> <span class='ocrx_word' id='word_1_936' title='bbox 669 5427 723 5470; x_wconf 80' lang='lat' dir='ltr'><strong>et</strong></span> <span class='ocrx_word' id='word_1_937' title='bbox 753 5416 1095 5489; x_wconf 30' lang='lat' dir='ltr'><strong>SAeg‘ueriauq</strong></span> <span class='ocrx_word' id='word_1_938' title='bbox 1125 5418 1220 5489; x_wconf 63' lang='lat' dir='ltr'><strong>atati</strong></span> <span class='ocrx_word' id='word_1_939' title='bbox 1249 5413 1807 5489; x_wconf 30' lang='lat' dir='ltr'><strong>égﬂcoﬁouulbidem,</strong></span> 
     </span>
    </p>
   </div>
   <div class='ocr_carea' id='block_1_108' title="bbox 232 5479 1800 5553">
    <p class='ocr_par' dir='ltr' id='par_1_108' title="bbox 232 5479 1800 5553">
     <span class='ocr_line' id='line_1_108' title="bbox 232 5479 1800 5553; baseline -0.008 -9"><span class='ocrx_word' id='word_1_940' title='bbox 232 5479 476 5544; x_wconf 57' lang='grc' dir='ltr'>Είέστιν</span> <span class='ocrx_word' id='word_1_941' title='bbox 507 5479 692 5549; x_wconf 70' lang='grc' dir='ltr'>όΥἱὸς</span> <span class='ocrx_word' id='word_1_942' title='bbox 717 5486 811 5539; x_wconf 81' lang='grc' dir='ltr'><strong>τοῦ</strong></span> <span class='ocrx_word' id='word_1_943' title='bbox 829 5479 972 5538; x_wconf 60' lang='grc' dir='ltr'>’Θεοῦ</span> <span class='ocrx_word' id='word_1_944' title='bbox 1003 5487 1172 5553; x_wconf 77' lang='grc' dir='ltr'>Λόγος</span> <span class='ocrx_word' id='word_1_945' title='bbox 1192 5487 1267 5548; x_wconf 71' lang='grc' dir='ltr'><strong>ὡς</strong></span> <span class='ocrx_word' id='word_1_946' title='bbox 1299 5487 1504 5552; x_wconf 82' lang='grc' dir='ltr'>Πατὴρ,</span> <span class='ocrx_word' id='word_1_947' title='bbox 1526 5479 1605 5546; x_wconf 79' lang='grc' dir='ltr'>εἷς</span> <span class='ocrx_word' id='word_1_948' title='bbox 1636 5485 1800 5553; x_wconf 71' lang='grc' dir='ltr'>ἐστιν.</span> 
     </span>
    </p>
   </div>
   <div class='ocr_carea' id='block_1_109' title="bbox 235 5552 1805 5625">
    <p class='ocr_par' dir='ltr' id='par_1_109' title="bbox 235 5552 1805 5625">
     <span class='ocr_line' id='line_1_109' title="bbox 235 5552 1805 5625; baseline -0.004 -14"><span class='ocrx_word' id='word_1_949' title='bbox 235 5559 330 5613; x_wconf 87' lang='lat' dir='ltr'><strong>Sic</strong></span> <span class='ocrx_word' id='word_1_950' title='bbox 377 5557 507 5625; x_wconf 77' lang='lat' dir='ltr'><strong>Reg.</strong></span> <span class='ocrx_word' id='word_1_951' title='bbox 547 5553 772 5625; x_wconf 18' lang='lat' dir='ltr'><strong>Sieguer.</strong></span> <span class='ocrx_word' id='word_1_952' title='bbox 807 5566 862 5610; x_wconf 84' lang='lat' dir='ltr'><strong>et</strong></span> <span class='ocrx_word' id='word_1_953' title='bbox 902 5556 1012 5610; x_wconf 88' lang='lat' dir='ltr'><strong>alii.</strong></span> <span class='ocrx_word' id='word_1_954' title='bbox 1051 5552 1190 5610; x_wconf 86' lang='lat' dir='ltr'><strong>Editi</strong></span> <span class='ocrx_word' id='word_1_955' title='bbox 1229 5571 1358 5608; x_wconf 85' lang='lat' dir='ltr'><strong>vero</strong></span> <span class='ocrx_word' id='word_1_956' title='bbox 1399 5556 1573 5623; x_wconf 76' lang='grc' dir='ltr'>Λόγου</span> <span class='ocrx_word' id='word_1_957' title='bbox 1606 5552 1805 5606; x_wconf 80' lang='lat' dir='ltr'><strong>habent</strong></span> 
     </span>
    </p>
   </div>
   <div class='ocr_carea' id='block_1_110' title="bbox 1027 5625 1798 5682">
    <p class='ocr_par' dir='ltr' id='par_1_110' title="bbox 1027 5625 1798 5682">
     <span class='ocr_line' id='line_1_110' title="bbox 1027 5625 1798 5682; baseline -0.006 -5"><span class='ocrx_word' id='word_1_958' title='bbox 1027 5628 1153 5679; x_wconf 89' lang='lat' dir='ltr'><strong>robe</strong></span> <span class='ocrx_word' id='word_1_959' title='bbox 1208 5627 1465 5678; x_wconf 76' lang='lat' dir='ltr'><strong>intellexit</strong></span> <span class='ocrx_word' id='word_1_960' title='bbox 1506 5625 1798 5682; x_wconf 77' lang='lat' dir='ltr'><strong>Erasmus,</strong></span> 
     </span>
    </p>
   </div>
   <div class='ocr_carea' id='block_1_111' title="bbox 1025 5694 1798 5761">
    <p class='ocr_par' dir='ltr' id='par_1_111' title="bbox 1025 5694 1798 5761">
     <span class='ocr_line' id='line_1_111' title="bbox 1025 5694 1798 5761; baseline -0.004 -12"><span class='ocrx_word' id='word_1_961' title='bbox 1025 5697 1146 5751; x_wconf 77' lang='lat' dir='ltr'><strong>ilius</strong></span> <span class='ocrx_word' id='word_1_962' title='bbox 1169 5706 1244 5750; x_wconf 67' lang='lat' dir='ltr'><strong>ea!</strong></span> <span class='ocrx_word' id='word_1_963' title='bbox 1270 5695 1364 5750; x_wconf 80' lang='lat' dir='ltr'><strong>Dei</strong></span> <span class='ocrx_word' id='word_1_964' title='bbox 1401 5694 1638 5761; x_wconf 78' lang='lat' dir='ltr'><strong>Verbum,</strong></span> <span class='ocrx_word' id='word_1_965' title='bbox 1666 5707 1798 5746; x_wconf 78' lang='lat' dir='ltr'><strong>unus</strong></span> 
     </span>
    </p>
   </div>
   <div class='ocr_carea' id='block_1_112' title="bbox 236 5623 938 5682">
    <p class='ocr_par' dir='ltr' id='par_1_112' title="bbox 236 5623 938 5682">
     <span class='ocr_line' id='line_1_112' title="bbox 236 5623 938 5682; baseline -0.001 -2"><span class='ocrx_word' id='word_1_966' title='bbox 236 5623 520 5682; x_wconf 74' lang='lat' dir='ltr'><strong>mendose.</strong></span> <span class='ocrx_word' id='word_1_967' title='bbox 576 5623 728 5680; x_wconf 83' lang='lat' dir='ltr'><strong>Hunc</strong></span> <span class='ocrx_word' id='word_1_968' title='bbox 761 5625 938 5679; x_wconf 89' lang='lat' dir='ltr'><strong>locum</strong></span> 
     </span>
    </p>
   </div>
   <div class='ocr_carea' id='block_1_113' title="bbox 236 5695 944 5768">
    <p class='ocr_par' dir='ltr' id='par_1_113' title="bbox 236 5695 944 5768">
     <span class='ocr_line' id='line_1_113' title="bbox 236 5695 944 5768; baseline -0.001 -16"><span class='ocrx_word' id='word_1_969' title='bbox 236 5699 331 5768; x_wconf 88' lang='lat' dir='ltr'><strong>qui</strong></span> <span class='ocrx_word' id='word_1_970' title='bbox 360 5698 465 5752; x_wconf 89' lang='lat' dir='ltr'><strong>hoc</strong></span> <span class='ocrx_word' id='word_1_971' title='bbox 492 5695 655 5750; x_wconf 83' lang='lat' dir='ltr'><strong>modo</strong></span> <span class='ocrx_word' id='word_1_972' title='bbox 676 5697 865 5751; x_wconf 77' lang='lat' dir='ltr'><strong>vertit:</strong></span> <span class='ocrx_word' id='word_1_973' title='bbox 886 5695 944 5754; x_wconf 79' lang='lat' dir='ltr'><strong>Si</strong></span> 
     </span>
    </p>
   </div>
   <div class='ocr_carea' id='block_1_114' title="bbox 1916 4769 3476 4840">
    <p class='ocr_par' dir='ltr' id='par_1_114' title="bbox 1916 4769 3476 4840">
     <span class='ocr_line' id='line_1_114' title="bbox 1916 4769 3476 4840; baseline -0.009 -6"><span class='ocrx_word' id='word_1_974' title='bbox 1916 4792 1992 4834; x_wconf 74' lang='lat' dir='ltr'><strong>est</strong></span> <span class='ocrx_word' id='word_1_975' title='bbox 2021 4783 2178 4835; x_wconf 82' lang='lat' dir='ltr'><strong>sicuti</strong></span> <span class='ocrx_word' id='word_1_976' title='bbox 2208 4779 2384 4834; x_wconf 83' lang='lat' dir='ltr'><strong>Pater.</strong></span> <span class='ocrx_word' id='word_1_977' title='bbox 2410 4776 2648 4831; x_wconf 85' lang='lat' dir='ltr'><strong>Felckm.</strong></span> <span class='ocrx_word' id='word_1_978' title='bbox 2667 4789 2795 4829; x_wconf 87' lang='lat' dir='ltr'><strong>vero</strong></span> <span class='ocrx_word' id='word_1_979' title='bbox 2815 4769 3318 4840; x_wconf 82' lang='lat' dir='ltr'><strong>putavitlegendum</strong></span> <span class='ocrx_word' id='word_1_980' title='bbox 3340 4782 3476 4822; x_wconf 79' lang='lat' dir='ltr'><strong>esse.</strong></span> 
     </span>
    </p>
   </div>
   <div class='ocr_carea' id='block_1_115' title="bbox 1917 4842 3461 4915">
    <p class='ocr_par' dir='ltr' id='par_1_115' title="bbox 1917 4842 3461 4915">
     <span class='ocr_line' id='line_1_115' title="bbox 1917 4842 3461 4915; baseline -0.01 -10"><span class='ocrx_word' id='word_1_981' title='bbox 1917 4854 1979 4904; x_wconf 82' lang='grc' dir='ltr'><strong>Εἰ</strong></span> <span class='ocrx_word' id='word_1_982' title='bbox 2018 4847 2098 4915; x_wconf 75' lang='grc' dir='ltr'><strong>εἷς</strong></span> <span class='ocrx_word' id='word_1_983' title='bbox 2125 4853 2272 4903; x_wconf 81' lang='grc' dir='ltr'>ἐστιν</span> <span class='ocrx_word' id='word_1_984' title='bbox 2300 4852 2328 4902; x_wconf 88' lang='grc' dir='ltr'>ὁ</span> <span class='ocrx_word' id='word_1_985' title='bbox 2354 4848 2501 4911; x_wconf 84' lang='grc' dir='ltr'><strong>Υἱός.</strong></span> <span class='ocrx_word' id='word_1_986' title='bbox 2540 4845 2644 4901; x_wconf 89' lang='lat' dir='ltr'><strong>Sed</strong></span> <span class='ocrx_word' id='word_1_987' title='bbox 2691 4846 2843 4898; x_wconf 89' lang='lat' dir='ltr'><strong>locus</strong></span> <span class='ocrx_word' id='word_1_988' title='bbox 2889 4844 3024 4915; x_wconf 87' lang='lat' dir='ltr'><strong>bene</strong></span> <span class='ocrx_word' id='word_1_989' title='bbox 3051 4842 3461 4915; x_wconf 87' lang='lat' dir='ltr'><strong>habet,_atque</strong></span> 
     </span>
    </p>
   </div>
   <div class='ocr_carea' id='block_1_116' title="bbox 1916 4909 3462 4988">
    <p class='ocr_par' dir='ltr' id='par_1_116' title="bbox 1916 4909 3462 4988">
     <span class='ocr_line' id='line_1_116' title="bbox 1916 4909 3462 4988; baseline -0.009 -14"><span class='ocrx_word' id='word_1_990' title='bbox 1916 4909 2093 4988; x_wconf 50' lang='lat' dir='ltr'><strong>prout&#39;</strong></span> <span class='ocrx_word' id='word_1_991' title='bbox 2124 4922 2291 4988; x_wconf 88' lang='lat' dir='ltr'><strong>liquet</strong></span> <span class='ocrx_word' id='word_1_992' title='bbox 2331 4935 2398 4972; x_wconf 71' lang='lat' dir='ltr'><strong>ex</strong></span> <span class='ocrx_word' id='word_1_993' title='bbox 2449 4909 2589 4988; x_wconf 78' lang='lat' dir='ltr'><strong>serie</strong></span> <span class='ocrx_word' id='word_1_994' title='bbox 2613 4956 2661 4988; x_wconf 28' lang='grc' dir='ltr'>,Β</span> <span class='ocrx_word' id='word_1_995' title='bbox 2681 4922 2740 4988; x_wconf 73' lang='lat' dir='ltr'><strong>ut</strong></span> <span class='ocrx_word' id='word_1_996' title='bbox 2772 4913 3023 4988; x_wconf 69' lang='lat' dir='ltr'><strong>superius</strong></span> <span class='ocrx_word' id='word_1_997' title='bbox 3055 4909 3346 4988; x_wconf 72' lang='lat' dir='ltr'><strong>vertendus</strong></span> <span class='ocrx_word' id='word_1_998' title='bbox 3378 4917 3462 4988; x_wconf 76' lang='lat' dir='ltr'><strong>est</strong></span> 
     </span>
    </p>
   </div>
   <div class='ocr_carea' id='block_1_117' title="bbox 1915 4977 3456 5060">
    <p class='ocr_par' dir='ltr' id='par_1_117' title="bbox 1915 4977 3456 5060">
     <span class='ocr_line' id='line_1_117' title="bbox 1915 4977 3456 5060; baseline -0.011 -15"><span class='ocrx_word' id='word_1_999' title='bbox 1915 4977 2058 5045; x_wconf 73' lang='lat' dir='ltr'><strong>infra</strong></span> <span class='ocrx_word' id='word_1_1000' title='bbox 2095 4977 2251 5059; x_wconf 59' lang='grc' dir='ltr'>Βεᾲη</span> <span class='ocrx_word' id='word_1_1001' title='bbox 2281 4987 2592 5060; x_wconf 78' lang='grc' dir='ltr'>χερουϐείμ.</span> <span class='ocrx_word' id='word_1_1002' title='bbox 2615 4977 2761 5060; x_wconf 69' lang='lat' dir='ltr'><strong>ibid.</strong></span> <span class='ocrx_word' id='word_1_1003' title='bbox 2797 4977 2941 5060; x_wconf 64' lang='lat' dir='ltr'><strong>llaec,</strong></span> <span class='ocrx_word' id='word_1_1004' title='bbox 2981 4979 3244 5060; x_wconf 36' lang='grc' dir='ltr'>’ἄγῃ-λοι,</span> <span class='ocrx_word' id='word_1_1005' title='bbox 3273 4977 3456 5060; x_wconf 70' lang='grc' dir='ltr'>ἀρχάγ</span> 
     </span>
    </p>
   </div>
   <div class='ocr_carea' id='block_1_118' title="bbox 1915 5047 3473 5131">
    <p class='ocr_par' dir='ltr' id='par_1_118' title="bbox 1915 5047 3473 5131">
     <span class='ocr_line' id='line_1_118' title="bbox 1915 5047 3473 5131; baseline -0.012 -16"><span class='ocrx_word' id='word_1_1006' title='bbox 1915 5062 2081 5130; x_wconf 84' lang='grc' dir='ltr'>γελοι,</span> <span class='ocrx_word' id='word_1_1007' title='bbox 2109 5047 3004 5131; x_wconf 37' lang='grc' dir='ltr'>χεξουόὶμηάρχὰῖ,ἐξουσίαι,καὶ</span> <span class='ocrx_word' id='word_1_1008' title='bbox 3123 5047 3473 5117; x_wconf 67' lang='grc' dir='ltr'>ἀλλα,ὥσπες</span> 
     </span>
    </p>
   </div>
   <div class='ocr_carea' id='block_1_119' title="bbox 1913 5121 3075 5203">
    <p class='ocr_par' dir='ltr' id='par_1_119' title="bbox 1913 5121 3075 5203">
     <span class='ocr_line' id='line_1_119' title="bbox 1913 5121 3075 5203; baseline -0.01 -19"><span class='ocrx_word' id='word_1_1009' title='bbox 1913 5121 2370 5203; x_wconf 27' lang='grc' dir='ltr'>ἐίρηταὶζῃξιθεὲηὶι</span> <span class='ocrx_word' id='word_1_1010' title='bbox 2402 5121 2702 5203; x_wconf 58' lang='lat' dir='ltr'><strong>in&#39;Qobler.</strong></span> <span class='ocrx_word' id='word_1_1011' title='bbox 2734 5134 2790 5203; x_wconf 46' lang='lat' dir='ltr'><strong>et</strong></span> <span class='ocrx_word' id='word_1_1012' title='bbox 2813 5121 2992 5203; x_wconf 58' lang='lat' dir='ltr'><strong>felck.</strong></span> <span class='ocrx_word' id='word_1_1013' title='bbox 3024 5121 3075 5173; x_wconf 75' lang='grc'><strong>1.</strong></span> 
     </span>
    </p>
   </div>
   <div class='ocr_carea' id='block_1_120' title="bbox 1985 5188 3456 5270">
    <p class='ocr_par' dir='ltr' id='par_1_120' title="bbox 1985 5188 3456 5270">
     <span class='ocr_line' id='line_1_120' title="bbox 1985 5188 3456 5270; baseline -0.012 -16"><span class='ocrx_word' id='word_1_1014' title='bbox 1985 5188 2096 5270; x_wconf 78' lang='grc'>(96)</span> <span class='ocrx_word' id='word_1_1015' title='bbox 2137 5188 2231 5270; x_wconf 80' lang='lat' dir='ltr'><strong>Sic</strong></span> <span class='ocrx_word' id='word_1_1016' title='bbox 2257 5197 2390 5265; x_wconf 84' lang='lat' dir='ltr'><strong>Reg.</strong></span> <span class='ocrx_word' id='word_1_1017' title='bbox 2423 5205 2476 5250; x_wconf 90' lang='lat' dir='ltr'><strong>et</strong></span> <span class='ocrx_word' id='word_1_1018' title='bbox 2501 5196 2724 5264; x_wconf 85' lang='lat' dir='ltr'><strong>Seguer.</strong></span> <span class='ocrx_word' id='word_1_1019' title='bbox 2750 5192 2890 5246; x_wconf 88' lang='lat' dir='ltr'><strong>Editi</strong></span> <span class='ocrx_word' id='word_1_1020' title='bbox 2919 5203 3224 5270; x_wconf 61' lang='lat' dir='ltr'><strong>perperam,</strong></span> <span class='ocrx_word' id='word_1_1021' title='bbox 3254 5188 3355 5270; x_wconf 70' lang='grc' dir='ltr'><strong>οὐκ</strong></span> <span class='ocrx_word' id='word_1_1022' title='bbox 3376 5203 3456 5238; x_wconf 87' lang='grc' dir='ltr'><strong>ετι</strong></span> 
     </span>
    </p>
   </div>
   <div class='ocr_carea' id='block_1_121' title="bbox 1985 5257 3468 5342">
    <p class='ocr_par' dir='ltr' id='par_1_121' title="bbox 1985 5257 3468 5342">
     <span class='ocr_line' id='line_1_121' title="bbox 1985 5257 3468 5342; baseline -0.011 -18"><span class='ocrx_word' id='word_1_1023' title='bbox 1985 5257 2099 5342; x_wconf 7' lang='grc'>(97),</span> <span class='ocrx_word' id='word_1_1024' title='bbox 2137 5257 2532 5342; x_wconf 59' lang='lat' dir='ltr'><strong>chuerianus,</strong></span> <span class='ocrx_word' id='word_1_1025' title='bbox 2710 5281 2811 5342; x_wconf 53' lang='grc' dir='ltr'><strong>τιζ</strong></span> <span class='ocrx_word' id='word_1_1026' title='bbox 2844 5257 3119 5342; x_wconf 69' lang='lat' dir='ltr'><strong>mendose.</strong></span> <span class='ocrx_word' id='word_1_1027' title='bbox 3171 5259 3291 5339; x_wconf 75' lang='lat' dir='ltr'><strong>Mox</strong></span> <span class='ocrx_word' id='word_1_1028' title='bbox 3311 5257 3468 5342; x_wconf 54' lang='lat' dir='ltr'><strong>“haec,</strong></span> 
     </span>
    </p>
   </div>
   <div class='ocr_carea' id='block_1_122' title="bbox 1912 5323 3468 5406">
    <p class='ocr_par' dir='ltr' id='par_1_122' title="bbox 1912 5323 3468 5406">
     <span class='ocr_line' id='line_1_122' title="bbox 1912 5323 3468 5406; baseline -0.012 -11"><span class='ocrx_word' id='word_1_1029' title='bbox 1912 5323 2239 5402; x_wconf 50' lang='lat' dir='ltr'><strong>xalﬁtivrsz</strong></span> <span class='ocrx_word' id='word_1_1030' title='bbox 2261 5338 2318 5390; x_wconf 83' lang='grc' dir='ltr'>ἓν</span> <span class='ocrx_word' id='word_1_1031' title='bbox 2353 5323 2575 5406; x_wconf 85' lang='grc' dir='ltr'>Πνεῦμα</span> <span class='ocrx_word' id='word_1_1032' title='bbox 2597 5323 2980 5406; x_wconf 62' lang='grc' dir='ltr'>ἐποτίσθημεν,</span> <span class='ocrx_word' id='word_1_1033' title='bbox 2999 5331 3194 5406; x_wconf 67' lang='lat' dir='ltr'><strong>desunt</strong></span> <span class='ocrx_word' id='word_1_1034' title='bbox 3222 5328 3276 5380; x_wconf 91' lang='lat' dir='ltr'><strong>in</strong></span> <span class='ocrx_word' id='word_1_1035' title='bbox 3311 5323 3468 5396; x_wconf 79' lang='lat' dir='ltr'><strong>Regic</strong></span> 
     </span>
    </p>
   </div>
   <div class='ocr_carea' id='block_1_123' title="bbox 1914 5398 3282 5477">
    <p class='ocr_par' dir='ltr' id='par_1_123' title="bbox 1914 5398 3282 5477">
     <span class='ocr_line' id='line_1_123' title="bbox 1914 5398 3282 5477; baseline -0.011 -11"><span class='ocrx_word' id='word_1_1036' title='bbox 1914 5414 2048 5466; x_wconf 77' lang='lat' dir='ltr'><strong>solo.</strong></span> <span class='ocrx_word' id='word_1_1037' title='bbox 2087 5398 2254 5462; x_wconf 79' lang='lat' dir='ltr'><strong>Paulo</strong></span> <span class='ocrx_word' id='word_1_1038' title='bbox 2287 5417 2409 5477; x_wconf 90' lang='lat' dir='ltr'><strong>post</strong></span> <span class='ocrx_word' id='word_1_1039' title='bbox 2440 5398 2568 5474; x_wconf 77' lang='lat' dir='ltr'><strong>Reg.</strong></span> <span class='ocrx_word' id='word_1_1040' title='bbox 2602 5413 2655 5457; x_wconf 83' lang='lat' dir='ltr'><strong>et</strong></span> <span class='ocrx_word' id='word_1_1041' title='bbox 2687 5398 2936 5477; x_wconf 70' lang='lat' dir='ltr'><strong>Seguer.,</strong></span> <span class='ocrx_word' id='word_1_1042' title='bbox 2963 5398 3282 5477; x_wconf 59' lang='grc' dir='ltr'>λαμϐάνειν.</span> 
     </span>
    </p>
   </div>
   <div class='ocr_carea' id='block_1_124' title="bbox 1986 5466 3484 5553">
    <p class='ocr_par' dir='ltr' id='par_1_124' title="bbox 1986 5466 3484 5553">
     <span class='ocr_line' id='line_1_124' title="bbox 1986 5466 3484 5553; baseline -0.009 -18"><span class='ocrx_word' id='word_1_1043' title='bbox 1986 5481 2098 5553; x_wconf 90' lang='lat'><strong>(98_)</strong></span> <span class='ocrx_word' id='word_1_1044' title='bbox 2141 5478 2230 5553; x_wconf 82' lang='lat' dir='ltr'><strong>Sic</strong></span> <span class='ocrx_word' id='word_1_1045' title='bbox 2259 5466 2448 5553; x_wconf 68' lang='lat' dir='ltr'><strong>omnes</strong></span> <span class='ocrx_word' id='word_1_1046' title='bbox 2476 5466 2626 5553; x_wconf 36' lang='lat' dir='ltr'><strong>‘n‘ts-s.</strong></span> <span class='ocrx_word' id='word_1_1047' title='bbox 2659 5482 2714 5527; x_wconf 91' lang='lat' dir='ltr'><strong>et</strong></span> <span class='ocrx_word' id='word_1_1048' title='bbox 2754 5466 2922 5526; x_wconf 70' lang='lat' dir='ltr'><strong>editio</strong></span> <span class='ocrx_word' id='word_1_1049' title='bbox 2965 5466 3256 5531; x_wconf 50' lang='lat' dir='ltr'><strong>Co&#39;mmelq</strong></span> <span class='ocrx_word' id='word_1_1050' title='bbox 3307 5466 3484 5522; x_wconf 73' lang='lat' dir='ltr'><strong>editior</strong></span> 
     </span>
    </p>
   </div>
   <div class='ocr_carea' id='block_1_125' title="bbox 1911 5544 2854 5616">
    <p class='ocr_par' dir='ltr' id='par_1_125' title="bbox 1911 5544 2854 5616">
     <span class='ocr_line' id='line_1_125' title="bbox 1911 5544 2854 5616; baseline -0.012 -10"><span class='ocrx_word' id='word_1_1051' title='bbox 1911 5544 2039 5606; x_wconf 75' lang='lat' dir='ltr'><strong>vero</strong></span> <span class='ocrx_word' id='word_1_1052' title='bbox 2068 5549 2269 5608; x_wconf 84' lang='lat' dir='ltr'><strong>Paris.,</strong></span> <span class='ocrx_word' id='word_1_1053' title='bbox 2297 5547 2371 5608; x_wconf 84' lang='grc' dir='ltr'><strong>ὼς</strong></span> <span class='ocrx_word' id='word_1_1054' title='bbox 2406 5546 2498 5598; x_wconf 73' lang='grc' dir='ltr'><strong>καὶ</strong></span> <span class='ocrx_word' id='word_1_1055' title='bbox 2529 5544 2854 5616; x_wconf 46' lang='grc' dir='ltr'>γέγραπταξ</span> 
     </span>
    </p>
   </div>
   <div class='ocr_carea' id='block_1_126' title="bbox 1980 5608 3353 5693">
    <p class='ocr_par' dir='ltr' id='par_1_126' title="bbox 1980 5608 3353 5693">
     <span class='ocr_line' id='line_1_126' title="bbox 1980 5608 3353 5693; baseline -0.015 -16"><span class='ocrx_word' id='word_1_1056' title='bbox 1980 5620 2089 5693; x_wconf 80' lang='grc'>(99)</span> <span class='ocrx_word' id='word_1_1057' title='bbox 2130 5618 2218 5675; x_wconf 91' lang='lat' dir='ltr'><strong>Sic</strong></span> <span class='ocrx_word' id='word_1_1058' title='bbox 2245 5617 2446 5686; x_wconf 79' lang='lat' dir='ltr'><strong>Regius</strong></span> <span class='ocrx_word' id='word_1_1059' title='bbox 2474 5608 2780 5684; x_wconf 50' lang='lat' dir='ltr'><strong>et&#39;Segucr.</strong></span> <span class='ocrx_word' id='word_1_1060' title='bbox 2819 5611 2958 5665; x_wconf 86' lang='lat' dir='ltr'><strong>Editi</strong></span> <span class='ocrx_word' id='word_1_1061' title='bbox 2992 5625 3142 5676; x_wconf 86' lang='lat' dir='ltr'><strong>vero,</strong></span> <span class='ocrx_word' id='word_1_1062' title='bbox 3179 5608 3353 5662; x_wconf 70' lang='grc' dir='ltr'>εἰσιν..</span> 
     </span>
    </p>
   </div>
  </div>
