3822 6226
315 239 415 295 est

889 241 946 295 S.
988 239 1363 295 ATHANASII
1408 239 1559 298 OPP.
1597 241 1775 297 PARS
1812 241 1851 296 Ι.
1893 276 1894 280 η

2004 239 2366 302 ΗΙΞΤΟΒΙΟΛ
2405 239 2495 295 ET
2527 238 2946 295 DOGMATICA.

3464 241 3570 295 652

316 353 519 422 ubique
554 362 660 419 est,
689 362 895 408 etcum
929 363 1081 409 extra
1108 356 1293 410 omnia
1336 357 1430 422 sit,
1476 373 1583 412 non
1609 367 1696 415 est
1741 374 1894 416 crea-

2004 358 2116 428 γῆς.
2143 359 2205 412 Εἰ
2234 358 2290 410 δὲ
2321 361 2349 411 6
2373 357 2521 422 Υἱὸς,
2562 357 2663 410 ούκ
2703 355 2778 408 ὢν
2816 357 2875 408 tv
2911 355 3331 426 μεμερισμένοις
3358 357 3565 419 τόποις,

316 454 459 508 tura',
497 453 900 513 consequenter
949 460 1049 499 nec
1090 446 1332 515 Spiritus
1378 457 1597 504 sanctus
1647 460 1893 504 creatura

315 531 503 597 fuerit,
535 549 660 588 cum
695 549 801 587 non
834 535 902 588 sit
928 533 981 587 in
1029 536 1218 590 divisis
1250 537 1404 602 locis,
1439 539 1532 594 sed
1573 541 1761 594 omnia
1792 541 1894 594 im-

317 624 478 691 pleat.
517 639 580 676 ac
610 633 762 678 extra
812 626 994 679 omnia
1029 627 1120 680 sit.
1166 625 1242 682 ιω
1283 629 1428 683 enim
1474 631 1733 699 scriptum
1769 641 1891 686 est:

321 733 339 765 ι
399 707 638 784 Spiritus
686 714 903 771 Domini
953 717 1178 786 replevit
1223 721 1409 775 orbem
1447 729 1715 776 terrarum
1736 724 1780 754 ⁹¹
1814 739 1830 787 ;
1869 741 1888 773 ι

315 805 592 874 Davidque
619 807 767 862 canit
793 827 807 862 :
841 826 862 860 ι
897 808 1016 875 Quo
1041 810 1130 862 ibo
1161 825 1192 864 a
1229 810 1432 881 Spiritu
1463 821 1558 866 tuo
1580 814 1646 878 ’³,
1690 833 1708 866 ι
1737 814 1894 882 quasi

315 911 422 950 non
442 898 514 952 sit
540 899 657 969 ipse
683 900 739 953 in
767 900 909 968 loco,
937 902 1030 956 sed
1059 913 1212 957 extra
1244 905 1450 970 omnia,
1480 914 1643 974 atque
1677 905 1732 960 in
1755 904 1894 958 Filio

315 987 407 1047 sit.
439 990 581 1044 sicut
612 989 784 1047 Filius
808 1002 893 1046 est
931 993 987 1047 in
1032 992 1231 1050 Patre:
1270 996 1391 1049 ideo
1443 997 1589 1051 enim
1636 1013 1738 1052 nec
1780 997 1896 1066 ipse

315 1086 566 1131 creatura
593 1087 697 1142 est,
725 1089 786 1133 ut
811 1079 1246 1136 demonstratum
1270 1081 1392 1138 fuit.
1424 1085 1504 1138 Ad
1542 1085 1657 1139 hate
1686 1087 1893 1148 omnia,

317 1168 447 1224 hinc
475 1169 713 1224 validius
744 1170 1114 1226 confutabitur
1137 1173 1340 1228 Ariana
1384 1175 1627 1242 haeresis,
1665 1191 1729 1231 ac
1773 1191 1897 1230 rur-

315 1273 439 1312 sum
470 1274 536 1312 ex
572 1258 712 1314 Filio
737 1261 1028 1331 perspicua
1056 1263 1149 1318 fiet
1175 1262 1413 1334 Spiritus
1439 1268 1610 1322 sancti
1634 1268 1891 1338 cognitio.

313 1345 544 1403 Creator
573 1349 754 1420 itaque
784 1364 866 1407 est
893 1351 1066 1408 Filius
1089 1353 1252 1409 sicuti
1279 1353 1440 1410 Pater
1464 1373 1479 1410 :
1513 1375 1532 1407 ι
1563 1357 1693 1422 Quae
1722 1357 1898 1421 enim,

314 1441 518 1510 inquit,
550 1442 708 1496 video
733 1439 950 1498 Patrem
977 1444 1286 1510 facientem,
1316 1446 1430 1502 haec
1451 1452 1507 1502 et
1533 1463 1633 1516 ego
1658 1447 1802 1504 facio
1817 1450 1883 1506 ".

313 1529 531 1596 Omnia,
575 1549 594 1584 ι
619 1533 804 1605 igitur,
843 1552 862 1585 ι
892 1550 987 1605 per
1013 1535 1189 1605 ipsum
1212 1535 1353 1592 facta
1376 1546 1525 1602 sunt,
1544 1545 1600 1592 et
1625 1538 1744 1595 sine
1776 1540 1896 1608 ipso

313 1620 520 1676 factum
541 1631 628 1677 est
656 1623 793 1677 nihil
817 1624 884 1680 ’⁸.
922 1643 941 1677 ι
977 1625 1036 1680 Si
1063 1641 1192 1682 vero
1232 1625 1407 1684 Filius
1430 1638 1642 1684 creator
1669 1644 1792 1684 cum
1826 1633 1895 1685 sit

1999 448 2110 504 ἀλλ’
2140 449 2198 502 tv
2228 449 2401 520 Πατρὶ
2433 447 2530 513 ὣν,
2566 444 2844 516 πανταχοῦ
2875 447 3011 510 ἐστι,
3047 446 3140 500 καὶ
3179 445 3284 512 ἔξω
3319 446 3430 499 τῶν
3489 447 3566 517 fl)

2001 542 2218 595 πάντων
2249 540 2346 604 ὣν,
2379 540 2480 594 ούκ
2523 539 2638 592 ἔστι
2668 539 2872 609 κτίσμα
2891 577 2906 602 ,
2939 536 3246 601 ἀκολούθως
3265 538 3365 590 οὐκ
3389 537 3456 590 ἂν
3480 539 3566 608 εῐη

1995 633 2117 685 οὐδὲ
2172 632 2234 685 τὸ
2292 630 2518 701 Πνεῦμα
2559 615 2782 700 κτίσμα,
2835 631 2908 700 μὴ
2945 628 3005 682 ὃν
3044 631 3102 682 tv
3147 628 3567 700 μεμερισμένοις

1999 723 2206 787 τόποις,
2250 719 2385 775 ἀλλὰ
2433 721 2608 774 πάντα
2649 719 2890 790 πληροῦν
2916 718 3011 772 καὶ
3057 716 3161 782 ἔξω
3189 719 3298 770 τῶν
3347 718 3569 772 πάντων

1998 811 2079 865 ὅν.
2120 811 2275 865 Οὕτω
2306 811 2414 881 γὰρ
2443 810 2538 863 καὶ
2565 809 2872 881 γέγραπται
2891 828 2903 840 ·
2940 828 2959 860 ι
2979 809 3202 879 Πνεῦμα
3225 809 3429 881 Κυρίου
3465 825 3568 862 πε-

1997 903 2255 974 πλήρωκε
2285 904 2383 973 τὴν
2405 902 2750 972 οἰκουμένην.
2775 920 2794 952 ι
2831 901 2942 955 Καὶ
2969 900 3133 954 Δαὸὶδ
3161 900 3370 970 ψάλλει·
3410 921 3428 952 ι
3453 901 3568 954 Ποῦ

1995 993 2246 1066 πορευθῶ
2284 993 2390 1046 ἀπὸ
2421 992 2512 1046 τοῦ
2538 990 2850 1061 Πνεύματός
2881 1008 2996 1057 σου,
3019 1009 3038 1042 ι
3067 991 3142 1054 ὡς
3175 990 3248 1062 μὴ
3278 991 3429 1054 ὄντος
3469 994 3569 1045 αύ-

1993 1081 2088 1136 τοῦ
2125 1084 2181 1134 tv
2222 1083 2393 1152 τόπῳ,
2435 1080 2549 1134 ἀλλ’
2586 1077 2690 1144 ἔξω
2732 1080 2830 1151 μὲν
2856 1080 2964 1134 τῶν
3008 1079 3242 1141 πάντων,
3288 1081 3346 1134 tv
3384 1080 3442 1134 δὲ
3488 1083 3569 1151 τῷ

1995 1172 2110 1244 Υίῷ
2152 1173 2324 1239 ὄντος,
2357 1172 2432 1237 ὥς
2468 1175 2584 1226 ἐστι
2635 1173 2730 1226 καὶ
2779 1173 2808 1224 6
2857 1171 2986 1235 Υἱὸς
3018 1172 3075 1224 tv
3109 1171 3188 1242 τῷ
3221 1172 3416 1242 Πατρί.
3467 1176 3569 1228 Διὰ

1994 1265 2153 1318 τοῦτο
2182 1264 2290 1336 γὰρ
2323 1265 2433 1318 οὐδ’
2463 1265 2593 1318 αὐτὸ
2625 1265 2830 1335 κτίσμα
2860 1264 3026 1328 ἐστὶν,
3054 1263 3240 1334 ὥσπερ
3275 1265 3563 1318 δέδεικται.

1995 1355 2140 1426 Πρὸς
2173 1356 2306 1408 πᾶσι
2342 1354 2399 1407 δὲ
2426 1355 2635 1418 τούτοις
2683 1354 2762 1408 ἔτι
2807 1354 3005 1424 μᾶλλον
3049 1357 3115 1410 ὲκ
3154 1356 3343 1410 τούτου
3394 1375 3567 1412 κατα-

1995 1446 2368 1518 γνωσθήσεται
2395 1447 2494 1517 μὲν
2527 1450 2560 1518 ἡ
2601 1446 2848 1518 ’Δρειανή
2894 1447 3122 1519 αἵρεσις,
3162 1449 3568 1520 ἐπιγνωσθήσε-

1994 1551 2084 1588 ται
2103 1533 2168 1588 δὲ
2214 1535 2377 1588 πάλιν
2424 1537 2493 1588 ὲκ
2529 1534 2626 1588 τοῦ
2676 1535 2812 1588 Υίοῦ
2859 1536 2894 1608 ἡ
2945 1538 3072 1608 περὶ
3109 1536 3202 1590 τοῦ
3247 1539 3571 1609 Πνεύματος

1996 1625 2216 1695 γνῶσις.
2249 1625 2494 1697 Κτίστης
2527 1627 2704 1681 τοίνυν
2746 1628 2892 1680 ἐστὶν
2929 1629 2958 1680 6
2994 1628 3120 1692 Υἱὸς
3161 1629 3236 1693 ὡς
3267 1632 3295 1682 6
3336 1631 3564 1703 Πατήρ-

313 1709 775 1778 quemadmodum
803 1710 982 1780 Pater,
1014 1729 1124 1768 non
1148 1723 1233 1770 est
1257 1727 1507 1772 creatura
1537 1736 1550 1771 :
1576 1727 1629 1773 et
1662 1718 1732 1783 si,
1764 1720 1891 1788 quia

2005 1737 2023 1770 ι
2053 1719 2122 1771 "A
2153 1718 2261 1790 γὰρ
2297 1718 2498 1788 βλέπω,
2525 1737 2542 1769 ι
2600 1720 2732 1789 φησὶ
2756 1759 2771 1784 ,
2823 1737 2841 1770 ι
2868 1719 2960 1773 τὸν
3003 1721 3221 1792 Πατέρα
3266 1701 3526 1777 ποιοῦντα
3551 1763 3568 1786 ,

314 1801 503 1856 omnia
537 1817 633 1870 per
665 1802 845 1872 ipsum
892 1813 1171 1871 creantur,
1213 1823 1324 1863 non
1357 1818 1440 1864 est
1475 1809 1591 1879 ipse
1619 1824 1682 1864 ex
1727 1810 1892 1866 rebus

315 1892 554 1947 creatis:
607 1908 736 1972 ergo
787 1910 887 1950 nec
919 1893 1154 1965 Spiritus
1208 1907 1430 1954 sanctus
1484 1909 1733 1954 creatura
1786 1909 1889 1957 est.

313 1981 764 2054 Quandoquidem
805 1987 870 2040 de
903 1989 995 2043 illo
1023 1991 1285 2060 scriptum
1337 1999 1421 2046 est
1464 1993 1676 2062 psalmo
1705 2001 1891 2047 cente-

314 2075 458 2130 simo
485 2076 644 2130 tertio
672 2096 687 2130 :
724 2095 742 2127 ι
777 2077 1010 2134 Auferes
1036 2081 1292 2150 spiritum
1315 2096 1505 2137 eorum
1529 2091 1586 2138 et
1616 2083 1888 2148 deficient,

1995 1807 2170 1861 ταῦτα
2215 1805 2372 1875 κάγὼ
2423 1806 2579 1861 ποιῶ.
2620 1808 2804 1862 Πάντα
2830 1828 2847 1858 ι
2885 1809 3016 1877 γοῦν
3049 1830 3068 1861 ι
3101 1810 3168 1863 δι’
3219 1812 3386 1865 αὑτοῦ
3443 1799 3569 1882 ἐγέ-

1995 1917 2137 1963 νετο,
2176 1899 2268 1952 καὶ
2302 1899 2467 1970 χωρὶς
2495 1898 2660 1951 αὑτοῦ
2694 1899 2908 1968 ἐγένετο
2933 1901 3052 1954 οὐδὲ
3084 1901 3163 1956 tv.
3190 1921 3208 1954 ι
3247 1903 3310 1955 Et
3339 1903 3418 1967 δὲ,
3450 1905 3571 1957 κτί-

1997 2007 2128 2062 στης
2149 1988 2246 2056 ὢν,
2276 1989 2352 2053 ὡς
2394 1992 2422 2042 6
2450 1989 2659 2061 Πατὴρ,
2684 1993 2712 2043 6
2743 1991 2890 2056 Υἱὸς,
2923 1992 3023 2045 ούκ
3051 1992 3166 2046 ἔστι
3199 1994 3276 2064 (2)
3317 1994 3526 2065 κτίσμα
3553 2013 3569 2027 ·

1997 2083 2094 2136 καὶ
2125 2083 2198 2145 εί,
2225 2081 2309 2133 ὅτι
2349 2079 2416 2133 δι’
2463 2080 2628 2134 αὐτοῦ
2671 2081 2915 2146 κτίζεται
2956 2082 3026 2136 τὰ
3070 2084 3276 2149 πάντα,
3311 2087 3412 2139 οὐκ
3454 2087 3572 2140 ἐστι

313 2175 369 2220 et
397 2167 454 2220 in
483 2167 759 2236 pulverem
792 2185 952 2225 suum
980 2182 1340 2228 revertentur.
1369 2173 1596 2230 Emittes
1625 2176 1888 2246 Spiritum

2004 2171 2102 2225 τῶν
2147 2169 2513 2240 κτιζομένων·
2557 2170 2797 2242 δηλονότι
2827 2172 2948 2225 οὐδὲ
2991 2173 3052 2226 τὸ
3103 2173 3328 2244 Πνεῦμα
3359 2174 3571 2245 κτίσμα

316 2266 470 2312 tuum
498 2267 552 2312 et
579 2259 934 2325 creahuntur,
964 2269 1020 2317 et
1045 2265 1336 2319 renovabis
1363 2263 1558 2320 faciem
1590 2274 1745 2321 terrae
1760 2266 1827 2321 ".
1863 2285 1884 2318 ι

1995 2264 2142 2317 ἐστίν
2162 2281 2176 2294 ·
2209 2261 2399 2333 ἐπειδὴ
2431 2263 2525 2316 καὶ
2557 2263 2684 2334 περὶ
2715 2264 2878 2317 αὐτοῦ
2911 2265 3221 2336 γέγραπται
3254 2269 3312 2318 tv
3340 2266 3417 2337 τῷ
3442 2268 3574 2320 ἑκα-

313 2352 487 2424 τοστῷ
515 2353 683 2424 τρίτῳ
729 2353 960 2427 ψαλμῷ·
1011 2377 1030 2409 ι
1068 2360 1398 2425 Ἀντανελεῖς
1429 2361 1490 2415 τὸ
1523 2362 1738 2433 πνεῦμα
1782 2361 1979 2424 αὐτῶν,
2039 2360 2133 2413 καὶ
2187 2359 2513 2428 ὲκλείψουσι,
2570 2359 2665 2411 καὶ
2719 2359 2798 2421 εἰς
2832 2359 2921 2411 τὸν
2964 2358 3091 2428 χοῦν
3118 2359 3296 2412 αὐτῶν
3321 2361 3578 2432 truc-cpta

312 2449 504 2518 ψουσιν
527 2466 540 2480 ·
579 2447 956 2514 ὲξαποστελείς
999 2449 1060 2502 τὸ
1098 2450 1466 2521 Πνεῦμάξσου
1487 2473 1501 2516 ,
1525 2452 1618 2505 καὶ
1653 2451 2051 2521 κτισθήσονται,
2077 2450 2173 2502 καὶ
2203 2450 2536 2510 ἁνακαινιεῖς
2565 2447 2628 2500 τὸ
2659 2447 2950 2518 πρόσωπον
2981 2450 3080 2520 τῆς
3110 2448 3233 2518 γῆς.
3263 2469 3281 2500 ι

385 2543 437 2598 5.
468 2541 604 2596 Cum
635 2543 737 2600 hoc
784 2545 947 2616 igitur
977 2541 1052 2598 ita
1104 2543 1368 2613 scriptum
1419 2545 1508 2608 sit,
1539 2542 1890 2599 manifestum

313 2643 397 2690 est
425 2634 686 2704 Spiritum
738 2649 846 2689 non
878 2649 1000 2688 esse
1041 2642 1370 2701 creaturam,
1422 2635 1517 2690 sed
1551 2636 1606 2688 in
1653 2634 1892 2689 creando

314 2725 528 2779 adesse.
583 2722 744 2778 Pater
789 2723 936 2776 enim
982 2737 1078 2792 per
1107 2720 1347 2776 Verbum
1398 2722 1454 2776 in
1499 2720 1701 2791 Spiritu
1744 2731 1892 2777 creat

314 2814 522 2879 omnia,
540 2813 981 2884 quandoquidem
1007 2812 1097 2867 ubi
1124 2812 1383 2878 Verbum,
1411 2813 1520 2868 illic
1545 2821 1598 2866 et
1623 2811 1884 2882 Spiritus:

315 2917 372 2961 et
402 2921 524 2976 quae
580 2921 677 2976 per
713 2903 948 2959 Verbum
997 2911 1272 2972 creantur,
1321 2904 1526 2959 habent
1571 2919 1637 2958 ex
1690 2902 1893 2972 Spiritu

317 3012 416 3068 per
447 2996 647 3050 Filium
687 2996 795 3049 vim
841 2993 1162 3050 exsistcndi.
1196 2993 1275 3048 lta
1311 2995 1455 3048 enim
1505 2995 1767 3063 scriptum
1815 3001 1899 3047 est

318 3088 607 3144 tricesimo
655 3087 896 3142 secundo
927 3085 1175 3156 psalmo:
1221 3104 1239 3137 ι
1297 3086 1479 3140 Verbo
1521 3086 1736 3140 Domini
1771 3087 1894 3141 coeli

318 3178 522 3234 ﬁrmati
552 3188 704 3242 sunt,
747 3184 803 3231 et
840 3175 1044 3246 Spiritu
1091 3175 1206 3232 oris
1245 3175 1364 3245 ejus
1395 3176 1575 3231 omnis
1604 3175 1780 3230 virtus
1805 3191 1898 3229 eo-

317 3285 441 3325 rum
466 3269 534 3322 ”.
568 3287 588 3320 ι
612 3268 884 3323 Nimirum
918 3268 991 3322 ita
1020 3266 1257 3338 Spiritus
1287 3267 1551 3322 indivisus
1581 3275 1707 3323 esta
1738 3266 1897 3330 Filio,

317 3369 378 3416 ut
407 3375 474 3415 ex
506 3357 665 3429 555
696 3373 861 3428 supra
903 3357 1065 3412 dictis
1117 3356 1301 3411 nullus
1334 3357 1574 3426 supersit
1614 3357 1898 3411 dubitandi

315 3448 492 3504 iocus.
533 3447 764 3513 Quando
803 3461 1038 3514 namque
1063 3443 1300 3498 Verbum
1324 3442 1525 3498 factum
1563 3453 1647 3500 est
1673 3444 1740 3498 ad
1773 3460 1900 3514 pro-

318 3540 569 3612 phetam,
601 3553 724 3609 quae
757 3553 788 3592 a
821 3535 1002 3592 Verbo
1033 3535 1344 3605 prodibant,
1383 3536 1438 3589 in
1474 3534 1680 3606 Spiritu
1710 3536 1902 3605 loque-

316 3631 480 3686 batur
509 3630 792 3700 prOpheta.
824 3630 914 3684 Sic
961 3629 1106 3683 enim
1159 3628 1421 3698 scriptum
1445 3637 1552 3692 cst,
1586 3629 1640 3682 in
1669 3629 1896 3683 Actibus

315 3723 480 3780 Petro
526 3724 776 3779 dicente:
829 3743 849 3776 ι
911 3721 1024 3776 Viri
1080 3721 1299 3786 fratres,
1352 3721 1636 3790 oportebat
1686 3721 1896 3789 impleri

320 3813 691 3884 Scripturam,
719 3829 885 3883 quam
936 3810 1188 3883 praedixit
1229 3809 1466 3880 Spiritus
1505 3820 1726 3866 sanctus
1747 3812 1830 3864 ’7:
1872 3831 1890 3863 ι

320 3908 464 3979 apud
492 3906 816 3962 Zachariam
841 3920 971 3960 vero
993 3920 1118 3960 cum
1145 3901 1383 3957 Verbum
1414 3901 1481 3957 ad
1511 3901 1660 3956 illum
1691 3901 1893 3958 factum

319 4008 486 4067 esset,
523 3999 787 4069 scriptum
819 4007 948 4052 est:
995 4015 1013 4048 ι
1054 3995 1442 4050 Verumtamen
1476 3994 1638 4048 verba
1675 4010 1813 4058 mea,
1845 4005 1898 4050 et

317 4090 561 4163 legitima
591 4106 712 4146 mea
745 4090 1032 4159 suscipite,
1058 4101 1398 4158 quaecunque
1430 4101 1530 4156 ego
1563 4087 1816 4155 praecipio
1842 4088 1896 4141 in

2065 2542 2118 2596 5.
2161 2541 2362 2594 Τούτου
2411 2541 2468 2594 δὲ
2501 2539 2673 2603 οὕτως
2707 2541 3094 2612 γεγραμμένου
3119 2582 3134 2606 ,
3178 2539 3334 2611 δῆλόν
3379 2543 3531 2594 ἐστιν
3556 2583 3572 2602 ,

1994 2629 2069 2694 ὡς
2099 2630 2200 2682 οὐκ
2228 2629 2341 2682 ἐστι
2369 2631 2572 2699 κτίσμα
2603 2627 2664 2680 τὸ
2704 2627 2949 2698 Πνεῦμα,
2997 2628 3110 2682 ἀλλ’
3159 2630 3215 2682 tv
3250 2627 3327 2698 τῷ
3359 2631 3573 2695 κτίζειν

1995 2718 2143 2770 ἐστίν
2168 2737 2181 2748 ·
2217 2720 2246 2772 6
2278 2719 2387 2790 γὰρ
2416 2719 2605 2791 Πατὴρ
2635 2719 2723 2773 διὰ
2746 2719 2840 2773 τοῦ
2872 2720 3045 2789 Λόγου
3086 2722 3144 2773 tv
3178 2720 3254 2792 τῷ
3292 2722 3576 2793 Πνεύματι

1996 2807 2169 2872 κτίζει
2209 2807 2279 2861 τὰ
2324 2807 2520 2875 πάντα,
2571 2807 2696 2860 ἐπεὶ
2741 2807 2871 2862 ἔνθα
2914 2810 2943 2861 6
2991 2808 3184 2875 Λόγος,
3219 2809 3334 2859 ἐκεῖ
3361 2809 3459 2861 καὶ
3514 2811 3579 2862 τὸ

1921 2867 1962 2921 C
1997 2867 2251 2970 Πνεῦμα·
2287 2899 2381 2952 καὶ
2429 2867 2614 2952 τὰνδιὰ
2646 2896 2737 2952 τοῦ
2781 2897 2955 2966 Λόγου
3001 2867 3294 2968 κτιζόμενα
3345 2897 3459 2969 ἔχει
3510 2901 3578 2952 ὲκ

1995 2989 2089 3044 τοῦ
2123 2991 2440 3062 Πνεύματος
2479 2991 2554 3062 (5)
2593 2989 2744 3062 παρὰ
2782 2987 2876 3042 τοῦ
2919 2991 3094 3058 Λόγου
3140 2989 3235 3060 τὴν
3284 2989 3376 3042 τοῦ
3427 2986 3575 3043 εἶναι

1999 3082 2170 3154 ἰσχύν.
2207 3082 2362 3136 Οῦτω
2393 3085 2500 3155 γὰρ
2537 3082 2847 3153 γέγραπται
2887 3083 2945 3134 tv
2991 3081 3067 3151 τῷ
3103 3080 3412 3152 τριακοστῷ
3444 3081 3574 3135 δευ-

1996 3173 2141 3245 τέρῳ
2179 3173 2381 3246 ψαλμῷ
2401 3191 2412 3203 ·
2471 3193 2490 3227 ι
2520 3174 2610 3244 Τῷ
2647 3174 2806 3244 Λόγῳ
2839 3173 3044 3245 Κυρίου
3083 3174 3132 3226 οἱ
3165 3173 3386 3245 οὐρανοὶ
3415 3177 3577 3228 ἑστε-

2003 3263 2280 3337 ρεώθησαν
2304 3305 2320 3330 ,
2367 3266 2462 3318 καὶ
2499 3265 2576 3338 τῷ
2618 3265 2897 3337 Πνεύματι
2946 3263 3040 3317 τοῦ
3094 3264 3360 3334 στόματος
3404 3266 3576 3320 αὐτοῦ

1998 3357 2148 3409 πᾶσα
2184 3359 2218 3428 ἡ
2259 3356 2485 3427 δύναμις
2537 3357 2737 3412 αὐτῶν.
2778 3377 2797 3410 ι
2847 3356 3064 3428 ’Λμέλει
3117 3356 3288 3420 οὕτως
3339 3358 3457 3411 ἐστὶ
3514 3359 3580 3412 τὺ

1999 3446 2222 3517 Πνεῦμα
2270 3447 2574 3520 ἀδιαίρετον
2632 3449 2768 3519 πρὸς
2817 3447 2908 3501 τὸν
2941 3447 3091 3513 Υἱὸν,
3142 3449 3218 3511 ὡς
3271 3448 3346 3520 μὴ
3394 3451 3574 3520 ἀμφι-

1999 3539 2212 3594 ϐάλλειν
2252 3542 2315 3594 ὲκ
2361 3541 2455 3594 τοῦ
2508 3542 2820 3613 λεγομένου.
2865 3542 2990 3594 Ὅτε
3051 3540 3128 3611 (4)
3173 3540 3282 3613 γὰρ
3325 3545 3355 3596 6
3397 3543 3577 3611 Λόγος

1999 3632 2245 3700 ἐγίγνετο
2273 3633 2408 3703 πρὸς
2439 3633 2528 3686 τὸν
2563 3634 2867 3705 προφήτην,
2895 3632 2967 3686 τὰ
3002 3633 3154 3705 παρὰ
3185 3632 3278 3687 τοῦ
3307 3635 3481 3702 Λόγου
3515 3639 3576 3689 ἐν

1997 3720 2074 3792 τῷ
2107 3721 2383 3792 Πνεύματι
2415 3722 2594 3777 ἐλάλει
2637 3725 2666 3776 6
2698 3723 3002 3794 προφήτης.
3052 3721 3208 3776 Οὕτω
3251 3723 3346 3776 καὶ
3368 3723 3578 3796 γέγρα-

1997 3830 2126 3865 πται
2173 3814 2231 3866 tv
2280 3814 2378 3884 μὲν
2421 3815 2540 3876 ταῖς
2592 3811 2832 3885 Πράξεσι
2881 3813 2974 3866 τοῦ
3023 3815 3228 3884 Πέτρου
3286 3814 3572 3884 λέγοντος·

2002 3922 2021 3953 ι
2057 3902 2280 3973 Ἀνδρες
2307 3901 2546 3971 ἀδελφοὶ,
2589 3901 2693 3954 ἔδει
2727 3901 3078 3974 πληρωθῆναι
3103 3902 3201 3973 τὴν
3237 3903 3483 3975 Γραφὴν,
3506 3906 3578 3976 ἦν

1999 3996 2226 4065 προεῖπε
2258 3993 2320 4046 τὸ
2360 3991 2584 4064 Πνεῦμα
2625 3993 2687 4046 τὸ
2720 3991 2908 4062 ἅγιον·
2940 4013 2958 4044 ι
3006 3995 3063 4045 tv
3100 3992 3156 4045 δὲ
3193 3992 3270 4063 τῷ
3302 3995 3576 4065 Ζαχαρία,

1998 4083 2093 4136 τοῦ
2142 4084 2315 4154 Λόγου
2362 4084 2658 4155 γενομένου
2709 4084 2845 4154 πρὸς
2893 4084 3053 4138 αὑτὸν
3101 4084 3197 4154 (5),
3233 4085 3574 4156 γέγραπταιο

321 4182 526 4252 Spiritu
558 4197 681 4237 meo
713 4182 996 4251 pr0phetis
1017 4181 1084 4232 ”.
1131 4199 1153 4231 ›
1187 4179 1254 4233 Ει
1309 4179 1472 4248 paulo
1487 4187 1610 4248 post
1638 4180 1894 4248 populum

2007 4194 2024 4226 ι
2051 4176 2194 4246 Πλὴν
2222 4177 2350 4240 τοὺς
2377 4177 2568 4245 λόγους
2597 4194 2698 4248 μου
2722 4177 2816 4229 καὶ
2848 4175 2920 4229 τὰ
2951 4176 3158 4246 νόμιμά
3189 4193 3289 4246 μου
3328 4176 3576 4246 δέχεσθε,

319 4273 672 4342 coarguendo
706 4273 822 4327 haec
865 4272 941 4324 ait
969 4289 988 4324 :
1023 4290 1041 4320 ι
1077 4269 1186 4324 Cor
1214 4285 1374 4324 suum
1404 4279 1706 4338 posuerunt
1737 4270 1893 4324 inob-

317 4379 580 4434 sequens,
613 4377 681 4417 ne
721 4361 975 4416 audirent
1023 4361 1193 4430 legem
1248 4375 1448 4423 meam,
1489 4369 1544 4414 et
1576 4361 1739 4416 verba
1772 4377 1894 4432 quae

389 4480 438 4511 "
459 4478 596 4545 Sap.
623 4495 674 4540 ι,
704 4479 755 4531 7.
897 4479 942 4511 ⁹¹
971 4476 1117 4530 Psal.
1146 4492 1409 4537 cxxxvm,
1439 4475 1492 4529 7.

317 4565 507 4613 xxx",
535 4549 590 4603 6.
665 4549 710 4580 ³⁷
733 4549 915 4614 Act.l,
949 4549 1035 4601 16.
1118 4549 1164 4579 ⁸⁸
1194 4546 1360 4601 Zach.
1392 4563 1430 4613 ι,
1458 4546 1514 4604 6.

391 4666 466 4736 (Ι)
505 4665 626 4718 Τῶν
658 4665 811 4719 deest
846 4665 907 4736 in
951 4665 1166 4720 Gobler.
1199 4675 1254 4736 et
1299 4663 1583 4736 Eelckaf.
1620 4660 1898 4736 ‘Moxuhaec

316 4731 478 4790 Verba
516 4738 716 4790 absunt
747 4738 815 4790 ab
842 4735 1034 4789 iisdem
1062 4777 1078 4799 ,
1123 4734 1431 4797 ἀκολούθως
1463 4735 1563 4787 οὐκ
1614 4731 1690 4802 ἃνΔ
1720 4732 1804 4802 εἴη
1837 4731 1899 4784 τὸ

314 4807 544 4878 Πνεῦμα
573 4805 1028 4878 κτίσμαεΕοᾱθιη
1061 4806 1180 4878 loco
1211 4807 1262 4878 in
1290 4805 1478 4878 iisdem
1502 4813 1557 4857 et
1584 4802 1636 4856 in
1658 4800 1895 4878 ἐρεοῦν.

316 4878 376 4930 tv
402 4871 770 4932 desideratur.
801 4875 858 4928 ln
898 4876 1030 4945 ipsis
1065 4877 1190 4929 item
1225 4875 1628 4945 Goblerianoqet
1656 4871 1900 4945 Felckm.

317 4949 520 5015 primo,
557 4962 683 5000 mox
709 4987 724 5011 ,
755 4945 861 4999 τῶν
895 4942 1022 4999 ante
1055 4945 1296 5007 πάντων,
1343 4943 1606 5015 particula
1650 4942 1900 5015 xat_ante

317 5011 634 5098 Ῠ,έγραπται
658 5055 672 5078 ,
707 5015 946 5098 et'paulo
981 5025 1105 5095 post
1138 5030 1241 5068 vox
1289 5011 1480 5084 ψάλλει
1519 5013 1704 5076 deest,
1745 5011 1902 5064 incu-

319 5103 402 5141 l'la
433 5101 854 5141 amauueusrum
891 5100 1117 5139 omissa.

393 5157 470 5226 (2)
513 5155 604 5210 Sic
652 5155 851 5225 Regius
901 5165 954 5210 et
974 5153 1265 5226 _chuer._
1286 5150 1426 5226 Editi
1475 5165 1649 5226 vero,
1687 5150 1898 5226 οὐκέτι.

321 5218 492 5281 Paulo
540 5234 664 5294 post
697 5218 932 5295 “Verrius.
967 5218 1190 5294 chtier.
1227 5222 1533 5295 Goliler:_ct
1561 5218 1740 5295 Feles.
1792 5221 1902 5289 pri-

326 5312 476 5366 ntus.
510 5289 694 5366 ἐπειδὴ
737 5289 848 5350 καί.
893 5289 1064 5366 Είιὶιὶξ
1106 5295 1228 5346 ἐπεὶ
1254 5293 1384 5366 Ακαί.
1430 5289 1810 5366 ‘Mox_G‘obler.
1849 5299 1904 5366 c_t

324 5365 563 5419 Felckm.
599 5358 829 5432 priinus,
863 5381 972 5418 non
1003 5364 1203 5418 habent
1254 5363 1390 5422 haec,
1426 5363 1484 5413 tv
1516 5358 1899 5432 tQ)_txa-cootqi

324 5434 494 5506 τρίτῳ
522 5429 741 5506 ψαλμῷ.
785 5434 909 5488 Mox
955 5433 1178 5506 Regius,
1228 5432 1546 5506 Segueriau.
1582 5429 1896 5484 Goblcrian.

325 5499 380 5559 ei
411 5499 648 5559 rauim:
680 5499 912 5573 primus,
943 5504 1004 5555 τὸ
1035 5503 1258 5573 Πνεῦμα
1290 5499 1486 5573 citis-(6v.

400 5575 476 5645 (5)
515 5569 731 5645 GOlel‘.
762 5572 1076 5645 etFelckrn.
1114 5569 1760 5645 l,'1tgpét_voﬁ_liatpég,
1795 5569 1900 5645 mi-

329 5639 432 5700 nus
458 5639 628 5700 reete.
658 5642 779 5699 Mox
813 5644 954 5712 Reg.
994 5644 1218 5714 Segner.
1258 5639 1448 5708 Basi|.,
1484 5639 1646 5694 Οὕτω
1680 5639 1772 5691 καὶ
1803 5639 1886 5705 γὲι

1601 4478 1648 4510 ⁸³
1674 4477 1833 4536 Joan.
1859 4496 1913 4544 ν,
1947 4470 2036 4534 1“9.

2004 4267 2105 4320 ὅσα
2132 4265 2241 4334 ἐγὼ
2270 4267 2584 4338 ἐντέλλομαι
2626 4270 2683 4321 tv
2725 4267 3002 4338 Πνεύματί
3055 4285 3155 4338 μου
3203 4271 3315 4331 τοῖς
3359 4272 3578 4340 προφή-

2002 4377 2124 4423 ταις
2152 4359 2249 4431 {6).
2285 4379 2303 4412 ι
2351 4361 2461 4413 Καὶ
2517 4361 2632 4431 μετ’
2667 4360 2856 4430 ὀλίγα,
2898 4358 3217 4430 αἰτιώμενος
3262 4359 3354 4413 τὸν
3397 4359 3527 4414 λαὸν
3555 4403 3573 4427 ,

2140 4480 2187 4511 ⁸⁸
2214 4477 2373 4534 Joan.
2400 4493 2453 4544 ι,
2482 4479 2535 4533 5.
2636 4479 2682 4510 ”
2715 4477 2860 4535 Psal.
2887 4495 3003 4540 cur,
3033 4478 3124 4544 29,
3148 4479 3237 4533 50.
3337 4480 3387 4514 ⁸⁸
3420 4479 3571 4536 Psal.

2001 4677 2263 4747 γραπται.
2297 4657 2439 4740 E_diti
2469 4669 2522 4713 et
2544 4661 2925 4747 οωιοςί,“οῦτω
2955 4663 3064 4747 γὰρ
3084 4665 3412 4747 γέγραψαι.
3445 4665 3571 4721 Mox

2003 4729 2144 4806 nae,
2189 4732 2247 4782 tv
2286 4729 2372 4806 τῇ
2405 4731 2710 4806 τριακοστῷ
2750 4729 2986 4805 δευτέρῳ
3017 4729 3248 4806 ψαλμῷ,
3289 4737 3490 4791 absunt
3537 4756 3572 4792 a

2003 4781 2221 4856 Ciobler.
2250 4781 2307 4852 et

2073 4870 2146 4940 (4)
2190 4869 2280 4923 Sic
2312 4871 2476 4940 editio
2509 4871 2772 4940 Commel.
2804 4880 2859 4926 et
2887 4888 3077 4928 omnes
3101 4889 3256 4938 mss.;
3277 4876 3409 4930 edit.
3437 4893 3571 4932 vero

2001 4937 2201 5012 Paris,
2253 4939 2535 5012 6rt.__Mox
2583 4939 2784 5012 Regius
2831 4958 2992 5012 quem
3033 4945 3186 5012 sequi
3231 4937 3409 4999 visum
3462 4957 3569 5010 est,

2003 5010 2270 5077 ἐγίγνετο.
2300 5009 2404 5084 Alii
2432 5020 2486 5064 et
2517 5009 2944 5084 θιῇιίλξὲγιένεῖιτοἐ
2966 5009 3134 5084 Paulo
3167 5025 3317 5084 post,
3348 5017 3444 5068 καὶ
3477 5009 3573 5084 γέὲ

2003 5096 2244 5204 χρέιπται
2290 5081 2442 5162 abest
2480 5096 2513 5134 a
2559 5079 2775 5136 Gobler.
2820 5094 2875 5137 et
2906 5082 3090 5138 Felck.
3135 5079 3200 5150 1⁷,
3245 5094 3299 5139 et
3334 5079 3575 5143 mox-ab

2003 5167 2070 5203 ns
2109 5165 2215 5204 em.
2251 5166 2368 5204 μεν.

2003 5165 2215 5210 usaem.
2251 5166 2368 5216 μεν.

2075 5219 2149 5294 (ξ)
2175 5219 2335 5294 llaec,
2364 5219 2457 5294 τοῦ
2483 5220 2656 5294 Λόγου
2683 5221 2971 5294 γενομένου
2997 5223 3133 5294 πρὸς
3164 5224 3345 5286 αὐτόν,
3372 5226 3577 5280 desunt

2003 5289 2308 5364 iltﬁubler.
2336 5289 2596 5364 et_Felt-k._
2631 5289 2938 5364 lleidem:
2970 5289 3298 5364 γέγραπται,
3333 5296 3486 5350 deest
3512 5298 3571 5350 in

2002 5359 2182 5431 editis,
2199 5361 2316 5431 sed
2335 5360 2570 5431 habetur
2588 5362 2638 5431 in
2657 5357 2802 5431 Reg.
2828 5369 2881 5414 et
2907 5357 3130 5431 Segue'r.

2075 5429 2160 5506 (6)
2188 5427 2404 5506 Gublcr.
2448 5428 2712 5506 _et_Fel(-k.
2867 5427 3441 5506 toigirrgocpﬁzatgixa‘.
3470 5433 3574 5504 τὴν

2001 5499 2246 5574 καρδίαν,
2273 5500 2491 5574 omissis
2519 5500 2871 5574 intermediis.
2906 5501 3039 5574 Ibid.
3061 5499 3198 5574 'Reg'.
3234 5516 3287 5558 et.
3315 5499 3570 5572 chuerL,

2000 5568 2087 5645 ὅτε
2120 5572 2214 5620 καὶ
2231 5571 2355 5645 μετ’
2385 5568 3058 5645 όλίγακρουΙο-ροει-Βρς.
3103 5568 3434 5645 et'chuerl,
3473 5574 3570 5628 τοῦ

2000 5585 2087 5620 οτε
2120 5585 2214 5620 και
2283 5585 2354 5620 ετ
2385 5585 2557 5636 οΛιγα.
2588 5585 2754 5623 ramo
2779 5585 2898 5637 post
2931 5585 3058 5639 Heg.

1998 5639 2186 5709 νόμου.
2225 5585 2414 5694 ἅδιοιή
2444 5650 2496 5694 et
2523 5639 2677 5707 editi,
2703 5640 2827 5702 τοὺς
2860 5641 3074 5712 νόμους.
