3822 6226
199 260 305 320 ω

1319 275 1659 335 EPISTOLA
1699 280 1761 334 Ill
1799 282 1891 336 AD
1931 283 2387 342 SERAPIONEM.

3343 294 3449 348 63‘

200 379 351 448 ιλεγε
370 395 383 408 ·
408 397 456 476 ,ι
491 380 602 450 Τὴν
642 383 870 453 καρδίαν
901 385 1084 442 αὐτῶν
1115 388 1310 454 ἔταξαν
1339 391 1542 462 ἀπειθῆ
1570 393 1663 446 τοῦ
1696 395 1770 466 μὴ

1891 399 2022 452 nisit
2048 397 2313 456 Dominus
2335 401 2700 471 omnipotens,
2733 403 2787 456 in
2816 400 3020 472 Spiritu
3055 419 3176 469 suo,
3213 421 3309 476 per
3336 426 3449 462 ma-

201 469 508 526 εἰσακούειν
535 471 662 534 τοὺς
707 472 902 543 νόμους
937 493 1038 546 μου
1065 518 1081 543 ,
1125 480 1220 532 καὶ
1252 482 1375 544 τοὺς
1405 481 1627 550 λόγους,
1678 483 1772 548 οὒς

201 560 549 627 ἐξαπέστειλε
587 563 790 635 Κύριος
831 569 1226 642 παντοκράτωρ
1266 571 1325 625 ὲν
1360 573 1634 644 Πνεύματι
1673 579 1772 628 αὑ-

199 651 317 715 τοῦ,
347 652 407 704 ὲν
451 653 606 723 χερσὶ
637 653 745 707 τῶν
793 658 1087 727 προφητῶν
1115 659 1222 713 τῶν
1253 660 1578 734 ἔμπροσθεν.
1606 684 1624 716 ι
1662 667 1772 720 Καὶ⁸

198 738 294 793 τοῦ
321 739 556 811 Χριστοῦ
583 741 660 810 (7)
689 741 746 794 δὲ
774 742 1062 810 λαλοῦντος
1107 748 1166 801 ὲν
1194 748 1271 820 τῷ
1309 751 1527 823 Παύλῳ,
1568 753 1644 816 ὡς
1673 757 1738 807 αὑ
1760 786 1772 795 ι

195 835 287 899 τὸς
323 831 476 889 εἶπεν
502 851 517 866 ⁸
553 855 572 885 ι
598 837 663 889 Εἰ
690 837 920 909 δοκιμὴν
942 838 1157 911 ζητεῖτε
1190 843 1286 896 τοῦ
1319 847 1378 898 ὲν
1411 847 1534 917 ἐμοὶ
1555 848 1772 903 λαλοῦν-

196 941 291 989 τος
323 925 590 997 Χριστοῦ;
625 947 643 979 ι
680 928 833 982 οὐδὲν
863 926 1026 1001 ἦττον
1058 932 1119 984 τὸ
1154 932 1376 1005 Πνεῦμα
1407 932 1550 1007 εἶχεν
1585 940 1771 1010 ὲπιχο-

198 1017 405 1092 ρηγοῦν
449 1019 596 1090 αὐτῷ
629 1020 689 1074 τὸ
738 1021 938 1076 λαλεῖν.
981 1023 1139 1078 υῦτω
1175 1026 1283 1098 γὰρ
1329 1029 1488 1094 αὐτὸς
1531 1033 1765 1102 γράφει·

202 1129 222 1162 ι
249 1111 410 1165 Κατὰ
442 1112 538 1182 τὴν
571 1113 926 1184 ὲπιχορηγίαν
959 1116 1051 1169 τοῦ
1082 1118 1395 1189 Πνεύματος
1445 1121 1616 1192 Ἰησοῦ
1638 1125 1770 1194 Χρι-

197 1199 329 1254 στοῦ
355 1205 434 1265 είς
458 1201 580 1272 ἐμέ.
614 1222 632 1254 ι
656 1204 824 1257 Πάλιν
852 1223 912 1258 τε
933 1205 1026 1259 τοῦ
1051 1209 1284 1278 Χριστοῦ
1311 1209 1387 1281 (8)
1415 1213 1472 1264 ὲν
1498 1213 1645 1283 αύτῷ
1671 1212 1768 1268 λα-

195 1288 436 1356 λοῦντος,
477 1292 628 1360 ἔλεγε
648 1309 662 1323 ο
688 1312 706 1345 ι
729 1295 875 1366 Πλὴν
899 1297 979 1349 ὅτι
1012 1297 1072 1350 τὸ
1093 1298 1317 1370 Πνεῦμα
1347 1302 1408 1354 τὸ
1451 1302 1602 1371 ἅγιον
1629 1305 1769 1358 κατὰ

196 1379 354 1433 πόλιν
381 1380 842 1454 διαμαρτυρεῖταί⁸
861 1401 971 1455 μοι,
1018 1386 1175 1456 λέγον
1218 1389 1315 1460 (9),
1345 1391 1426 1444 ὃτι
1464 1391 1637 1463 δεσμὰ
1674 1396 1768 1448 καὶ

195 1469 407 1539 θλίψεις
432 1488 499 1541 με
527 1471 798 1542 μένουσιν.
829 1493 850 1525 ι
885 1476 960 1527 Οὐ
991 1475 1100 1547 γὰρ
1130 1479 1286 1542 ἐκτός
1309 1481 1426 1534 ἐστι
1471 1481 1564 1535 τοῦ
1595 1483 1766 1552 Λόγου

193 1563 258 1615 τὸ
282 1561 528 1634 Πνεῦμα,
551 1563 706 1631 ἀλλὰ,
740 1567 798 1619 ὲν
828 1565 908 1638 τῷ
943 1567 1100 1638 Λόγῳ
1131 1568 1212 1635 ὃν,
1241 1573 1298 1624 ὲν
1329 1571 1408 1644 τῷ
1436 1573 1554 1645 Θεῷ
1585 1576 1650 1628 δι’
1673 1578 1769 1631 αύ-

191 1651 291 1705 τοῦ
318 1653 470 1707 ἐστιν
489 1671 502 1684 ·
531 1653 670 1708 ὥστε
697 1656 766 1710 τὰ
795 1659 1108 1729 χαρίσματα
1123 1663 1180 1715 ἐν
1199 1665 1264 1735 τῇ
1288 1664 1476 1735 Τριάδι
1507 1668 1762 1725 δίδοσθαι.

1875 505 1981 544 nus
2035 491 2424 560 prophetarum
2477 494 2810 563 priorum".
2861 514 2880 547 ι
2935 496 3066 550 Item
3098 495 3318 553 Christo
3364 500 3448 554 lo-

1873 591 2070 651 quente
2103 582 2157 636 in
2187 581 2376 646 Paulo,
2402 595 2460 638 ut
2490 585 2604 656 ipse
2651 587 2728 640 ait
2756 605 2770 641 :
2827 605 2846 638 (
2898 587 2981 640 An
3015 590 3444 657 experimentum

1871 673 2113 741 quatritis
2139 675 2257 741 eius
2284 677 2377 745 qui
2406 677 2459 729 in
2491 693 2574 731 me
2603 677 2843 747 loquitur
2857 678 3062 733 Christi
3090 681 3106 712 ⁸
3130 680 3153 734 2
3186 702 3204 732 ι
3234 679 3446 738 Nihilo-

1870 764 2052 822 minus
2101 765 2361 835 Spiritum
2413 781 2660 824 sanctum
2726 770 2959 825 habebat
3010 773 3120 838 ille,
3194 770 3288 844 qui
3336 775 3444 830 sibi

1870 856 2035 910 verba
2074 860 2490 927 suppeditaret:
2541 862 2621 916 sic
2669 863 2814 916 enim
2864 864 2980 932 ipse
3011 865 3241 921 scribit:
3285 885 3304 918 ι
3343 865 3445 922 Se-

1869 948 2108 1002 cundum
2134 951 2694 1008 subministrationem
2729 954 2968 1024 Spiritus
2997 956 3127 1013 Jesu
3156 959 3356 1015 Christi
3389 961 3442 1013 in

1869 1054 1956 1092 me
1979 1041 2020 1093 '.
2082 1059 2100 1091 ι
2141 1039 2490 1113 Rursumque
2539 1044 2759 1101 Christo
2819 1047 2873 1100 in
2924 1064 2984 1103 se
3020 1049 3275 1119 loquente
3323 1052 3443 1106 ait:

1875 1149 1892 1181 ι
1924 1128 2040 1185 Nisi
2082 1135 2224 1202 quod
2265 1134 2502 1204 Spiritus
2552 1147 2774 1192 sanctus
2823 1154 2918 1206 per
2963 1155 3152 1194 omnes
3199 1141 3448 1195 civitates

1870 1221 2005 1275 mihi
2036 1231 2372 1291 protestatur
2399 1225 2608 1288 dicens,
2644 1228 2902 1296 quoniam
2934 1229 3150 1283 vincula
3178 1239 3231 1284 et
3271 1231 3448 1284 tribu-

1869 1313 2100 1369 lationes
2128 1331 2214 1368 me
2245 1319 2526 1372 manent’.
2560 1339 2579 1370 ›
2606 1318 2721 1374 Νοη
2746 1321 2890 1374 enim
2916 1331 3070 1375 extra
3100 1321 3336 1377 Verbum
3365 1333 3451 1379 est

1869 1404 2146 1473 Spiritus:
2181 1407 2273 1461 sed
2304 1423 2428 1462 cum
2463 1412 2534 1465 sit
2573 1411 2628 1464 in
2669 1409 2864 1474 Verbo,
2901 1428 2997 1481 per
3040 1413 3220 1482 ipsum
3252 1414 3304 1467 in
3334 1413 3449 1469 Deo

1867 1505 1980 1562 est;
2014 1497 2108 1560 ,ita
2163 1508 2221 1552 ut
2254 1499 2397 1554 dona
2452 1501 2506 1554 in
2549 1499 2814 1556 Trinitate
2858 1503 3186 1560 tribuantur.
3225 1505 3360 1560 Nam
3393 1505 3450 1560 in

1869 1585 2065 1640 horum
2111 1588 2400 1654 divisione,
2447 1601 2507 1647 ut
2549 1592 2616 1647 ad
2681 1593 2998 1650 Corinthios
3045 1595 3256 1658 scribit.
3308 1598 3447 1652 idem

1877 1677 2112 1748 Spiritus
2151 1692 2254 1746 est,
2291 1693 2345 1737 et
2374 1684 2515 1738 idem
2553 1684 2841 1752 Dominus,
2879 1687 3136 1757 idemque
3178 1689 3321 1745 Deus
3352 1690 3448 1759 qui

206 1741 298 1796 Ἐν
330 1743 440 1815 γὰρ
470 1747 536 1816 τῇ
572 1741 776 1838 τούτξυν
798 1747 1080 1819 διαιρέσει,
1100 1751 1173 1815 ὡς
1209 1753 1514 1825 Κορινθίοις
1545 1761 1766 1830 γράφει,

1891 1782 2129 1839 iperatur
2172 1775 2356 1828 omnia
2407 1777 2460 1829 in
2493 1778 2812 1833 omnibus‘.
2865 1779 2983 1849 Ipse
3022 1796 3257 1849 namque
3290 1780 3451 1836 Pater

190 1835 257 1890 τὸ
282 1836 416 1890 αὐτὸ
447 1835 672 1921 Πνεῦμά
705 1841 820 1894 ἐστι
854 1842 946 1894 καὶ
987 1841 1098 1913 (10)
1130 1847 1158 1897 ὁ
1189 1846 1348 1910 αὐτὸς
1371 1849 1592 1921 Κύριος,
1624 1854 1716 1906 καὶ
1744 1858 1769 1908 5

1875 1875 1970 1928 per
1996 1859 2194 1916 Filium
2235 1863 2290 1916 in
2326 1862 2530 1933 Spiritu
2562 1877 2822 1934 operatur
2849 1876 2903 1922 et
2941 1868 3033 1923 dat
3068 1870 3272 1924 omnia.

193 1929 362 2038 αὐτὸς
537 1934 733 2038 ὲστινίό
758 1935 1115 2038 ἐνεργιῦνητὰ
1162 1939 1340 1996 πάντα
1363 1944 1420 1997 ὲν
1447 1918 1632 2001 πᾶσιν.
1685 1951 1855 2015 Λύτὸς
1875 1918 1996 2026 ’γὰρ
2022 1959 2049 2009 6
2065 1957 2254 2030 Πατὴρ
2286 1918 2384 2012 διὰ.
2417 1959 2510 2012 τοῦ
2557 1918 2732 2030 Λόγου
3300 1966 3452 2038 ἐνερ-

191 2022 285 2074 νεῖ
315 2021 408 2074 καὶ
429 2009 611 2076 δίδωσι
637 2024 706 2077 τὰ
734 2025 911 2079 πάντα
943 2028 1077 2098 (11).

263 2112 319 2166 6.
366 2112 582 2182 Ἀμέλει
605 2152 621 2176 ,
656 2116 1017 2186 ἐπευχόμενος
1046 2121 1352 2192 Κορινθίοις
1375 2165 1390 2190 ,
1423 2127 1481 2179 ὲν
1507 2129 1570 2198 τῇ
1610 2130 1778 2200 Τριά-

190 2207 246 2258 δι
271 2202 470 2276 ηὔχετο
499 2204 706 2275 λέγων’
736 2227 754 2259 ι
788 2209 852 2261 Ἦ
885 2211 1044 2282 χάρις
1075 2212 1169 2266 τοῦ
1198 2215 1402 2288 Κυρίου
1444 2220 1617 2290 Ἰησοῦ
1647 2225 1778 2294 Χρι-

194 2295 348 2361 στοῦ,
368 2298 462 2352 καὶ
484 2299 517 2370 ἡ
544 2300 731 2370 ἀγάπη
757 2300 850 2354 τοῦ
876 2302 1033 2368 Θεοῦ,
1056 2306 1150 2359 καὶ
1170 2308 1202 2378 ἡ
1226 2312 1478 2365 κοινωνία
1503 2312 1595 2366 τοῦ
1622 2317 1777 2384 ἁγίου
1823 2359 1826 2362 .

191 2388 536 2460 Πνεύματος,
574 2392 712 2461 μετὰ
745 2394 961 2449 πάντων
989 2398 1162 2467 ὑμῶν.
1198 2419 1218 2451 ι
1256 2401 1362 2455 Τοῦ
1389 2403 1498 2476 γὰρ
1523 2407 1662 2460 Πνεύ
1673 2429 1778 2479 μα-

190 2497 288 2546 τος
325 2483 669 2554 μετέχοντες,
701 2485 894 2556 ἔχομεν
919 2487 1014 2560 τὴν
1043 2489 1137 2544 τοῦ
1169 2492 1342 2562 Λόγου
1373 2496 1565 2567 χάριν,
1595 2501 1689 2553 καὶ
1721 2503 1778 2552 ὲν

193 2575 348 2648 αὐτῷ
383 2577 481 2649 τὴν
508 2576 602 2630 τοῦ
636 2579 849 2649 Πατρὸς
873 2582 1110 2654 ἀγάπην.
1157 2585 1245 2648 Ὠς
1275 2586 1331 2640 δὲ
1359 2588 1456 2658 μία
1488 2591 1587 2660 τῆς
1614 2592 1780 2662 Τριά-

190 2668 286 2732 δος
314 2670 349 2739 ή
382 2669 562 2740 χάρις,
593 2669 764 2734 οῦτως
797 2672 1100 2745 ἀδιαίρετος
1133 2677 1164 2747 ή
1201 2678 1387 2750 Τριάς.
1441 2682 1608 2736 Τοῦτο
1635 2685 1679 2736 δ’
1715 2683 1809 2738 ἁν“

190 2777 280 2825 τις
316 2761 418 2815 ἴδοι
446 2761 540 2815 καὶ
565 2765 650 2816 ἐπ’
672 2765 840 2834 αὐτῆς
865 2769 962 2836 τῆς
986 2767 1146 2836 ἁγίας
1172 2770 1392 2841 Μαρίας
1413 2773 1546 2844 (1‘2).
1587 2775 1643 2827 Ὀ
1671 2776 1779 2848 γὰρ

191 2851 430 2921 ἄγγελος
457 2853 714 2926 Γαϐριὴλ,
744 2857 1070 2923 ἀποσταλεὶς
1095 2861 1424 2931 ἀπαγγεῖλαι
1452 2865 1548 2936 τὴν
1579 2867 1663 2919 ἐπ’
1689 2869 1781 2921 αύ-

190 2946 297 3016 τῆς
336 2946 601 3019 ἐσομένην
631 2949 724 3001 τοῦ
758 2951 930 3019 Λόγου
970 2951 1212 3018 κάθοδον,
1253 2974 1270 3006 ι
1301 2955 1526 3027 Πνεῦμα
1557 2959 1731 3027 ἁγιον,
1756 2982 1774 3014 ι

193 3039 443 3112 εἴρηκεν,
469 3059 486 3092 ι
515 3041 864 3096 ἐπελεύσεται
897 3045 990 3098 ἐπὶ
1013 3045 1095 3110 σέ,
1118 3066 1137 3098 ι
1172 3046 1345 3114 εἰδὼς,
1375 3049 1780 3126 ὄτιὲντῷΛόγῳ

189 3129 264 3200 ἦν
294 3134 358 3185 τὸ
385 3133 641 3204 Πνεῦμαο
696 3135 857 3200 εὐθὺς
897 3138 1028 3206 γοῦν
1061 3139 1266 3210 συνῆψε
1289 3157 1303 3173 ·
1360 3160 1378 3192 ι
1417 3143 1526 3196 Καὶ
1553 3143 1782 3216 δύναμις

203 3223 469 3292 Ὑψίστου
499 3226 808 3282 ἐπισκιάσει
840 3246 941 3284 σοι.
997 3229 1230 3302 Χριστὸς
1250 3231 1359 3305 γὰρ
1391 3234 1524 3288 Θεοῦ
1556 3237 1780 3308 δύναμις

193 3319 294 3371 καὶ
320 3317 457 3372 Θεοῦ
479 3320 658 3388 σοφία.
687 3339 708 3372 ι
763 3321 869 3374 Τοῦ
895 3321 951 3375 δὲ
976 3323 1116 3376 Πνεύ
1125 3342 1292 3395 ματος
1317 3325 1466 3391 ὄντος
1491 3329 1548 3380 ὲν
1579 3329 1656 3399 τῷ
1681 3331 1784 3383 Λό-

1953 2139 2006 2193 6.
2045 2139 2188 2196 Sane
2221 2159 2344 2197 cum
2375 2143 2676 2200 Corinthiis
2707 2133 2845 2200 liene
2863 2155 3198 2214 precaretur,
3232 2146 3286 2200 in
3323 2145 3450 2200 Tri-

1880 2229 2046 2284 nitate
2072 2234 2412 2300 precabatur,
2447 2235 2532 2290 his
2555 2237 2775 2291 verbis:
2811 2257 2829 2287 ι
2859 2235 3042 2291 Gratia
3081 2235 3296 2290 Domini
3318 2235 3450 2292 Jcsu

1879 2317 2103 2386 Christi,
2141 2333 2193 2377 et
2245 2325 2486 2382 charitas
2545 2325 2662 2392 Dei,
2693 2337 2748 2382 et
2799 2328 3225 2382 communicatio
3276 2330 3451 2384 sancti

1882 2409 2116 2480 Spiritus
2149 2415 2219 2469 sit
2248 2431 2368 2470 cum
2395 2418 2650 2473 omnibus
2691 2419 2845 2474 vobis
2863 2421 2906 2473 ⁸.
2944 2439 2962 2472 ι
3002 2418 3137 2473 Nam
3163 2435 3288 2474 cum
3323 2436 3451 2490 par-

1880 2502 2069 2570 ticipes
2094 2505 2268 2560 simus
2309 2507 2566 2575 Spiritus,
2603 2507 2760 2564 Verbi
2802 2511 3031 2581 gratiam
3073 2512 3360 2575 habemus,
3397 2523 3454 2567 et

1881 2591 1934 2645 in
1975 2594 2114 2662 ipso,
2150 2594 2327 2651 Patris
2361 2599 2708 2654 charitatem.
2750 2599 2922 2654 Porro
2955 2610 3015 2656 ut
3055 2618 3161 2656 una
3202 2615 3286 2658 est
3326 2605 3452 2656 Tri-

1881 2684 2066 2740 nitatis
2097 2688 2293 2756 gratia,
2322 2689 2402 2744 sic
2435 2690 2669 2744 indivisa
2693 2699 2776 2745 est
2798 2689 3038 2746 Trinitas
3074 2711 3087 2747 :
3117 2694 3260 2761 quod
3285 2695 3450 2748 etiam

1879 2775 2059 2832 videre
2083 2789 2166 2833 est
2208 2779 2261 2834 in
2291 2781 2406 2850 ipsa
2437 2791 2625 2837 sancta
2656 2782 2846 2837 Maria.
2882 2783 3120 2852 Angelus
3165 2787 3308 2839 enim
3342 2785 3453 2840 Ga-

1880 2868 2014 2922 briel
2046 2870 2248 2924 missus
2290 2880 2348 2925 ut
2389 2874 2741 2928 annuntiarct
2803 2874 2881 2927 illi
2921 2873 3089 2928 Verbi
3123 2875 3452 2930 descensum

1881 2960 1936 3012 in
1963 2959 2108 3013 illam
2134 2959 2247 3015 fore
2278 2975 2293 3013 :
2333 2979 2351 3012 ι
2386 2961 2621 3030 Spiritus
2650 2972 2893 3028 sanctus,
2937 2982 2956 3014 ι
2989 2964 3086 3026 ait,
3127 2982 3146 3014 ι
3191 2979 3451 3033 superve-

1880 3050 1993 3105 niet
2021 3051 2074 3104 in
2104 3061 2156 3106 te
2187 3071 2201 3107 :
2227 3073 2245 3104 ›
2274 3053 2453 3108 sciens
2475 3053 2526 3106 in
2546 3051 2724 3108 Verbo
2753 3070 2872 3111 esse
2895 3056 3178 3124 Spiritum,
3200 3055 3456 3124 proinde-

1885 3159 1993 3213 que
2021 3144 2202 3198 statim
2233 3143 2441 3198 addidit
2466 3161 2478 3196 :
2515 3163 2534 3195 ι
2576 3143 2641 3198 Ει
2668 3145 2840 3199 virtus
2870 3145 3137 3198 Altissimi
3164 3146 3458 3199 obumbra-

1880 3234 1959 3287 bit
1983 3233 2074 3288 tibi
2098 3234 2139 3285 °.
2172 3233 2426 3288 Christus
2456 3233 2602 3288 enim
2646 3232 2740 3287 Dei
2770 3235 2943 3289 virtus
2969 3243 3023 3288 et
3054 3233 3145 3287 Dei
3187 3234 3456 3304 sapientia

1881 3323 2028 3376 est'.
2068 3340 2087 3373 ι
2123 3321 2261 3376 Cum
2325 3331 2507 3377 autem
2562 3321 2798 3392 Spiritus
2838 3324 2909 3377 sit
2953 3325 3006 3376 in
3050 3321 3248 3387 Verbo,
3276 3325 3455 3392 palam

194 3425 302 3480 γῳ,
326 3410 484 3480 δῆλον
516 3410 580 3465 ἂν
608 3412 715 3484 εἴη,
746 3414 821 3478 ὡς
847 3415 941 3468 καὶ
965 3417 1022 3469 ὲν
1043 3416 1120 3487 τῷ
1148 3417 1266 3488 Θεῷ
1284 3412 1350 3489 ἦν
1374 3418 1462 3472 διὰ
1490 3421 1584 3473 τοῦ
1605 3423 1774 3491 Λόγου

1891 3421 1982 3474 est,
2001 3412 2160 3466 etiam
2191 3413 2244 3466 in
2267 3411 2380 3468 Deo
2412 3428 2508 3482 per
2533 3411 2772 3467 Verbum
2809 3428 2928 3468 esse
2956 3413 3242 3482 Spiritum.
3284 3413 3350 3468 Et
3379 3415 3455 3469 ita

193 3499 259 3553 τὸ
288 3498 536 3569 Πνεῦμα.
565 3499 720 3554 υῦτω
747 3501 800 3554 δὲ
828 3502 1033 3556 καὶτοῦ
1060 3504 1376 3575 Πνεύματος
1401 3507 1695 3578 γενομένου
1721 3509 1779 3562 ἐν

196 3592 357 3663 ἡμῖν,
384 3591 662 3645 ἐλεύσεται
689 3595 718 3646 6
751 3593 896 3658 Υἱὸς,
919 3596 1012 3648 καὶ
1042 3596 1069 3648 6
1088 3595 1298 3668 Πατὴρ,
1321 3597 1415 3650 καὶ
1433 3599 1599 3670 μονὴν
1627 3601 1783 3671 ποιή-

199 3701 391 3741 σουσιν
413 3687 472 3738 ὲν
494 3687 626 3756 ἡμῖν
653 3684 788 3756 (15).
819 3687 1144 3758 ’Λδιαίρετος
1165 3690 1270 3759 γὰρ
1291 3691 1324 3760 ή
1353 3689 1544 3762 Τριὰς,
1567 3691 1658 3744 καὶ
1682 3692 1780 3762 μία

198 3775 408 3846 ταύτης
452 3777 486 3848 ἡ
519 3775 743 3847 θεότης·
797 3777 890 3832 καὶ
919 3775 999 3841 εἷς
1028 3779 1159 3843 Θεὸς
1185 3782 1275 3834 ὲπὶ
1319 3782 1534 3836 πάντων
1573 3785 1667 3838 καὶ
1694 3785 1782 3840 διὰ

198 3871 447 3935 πάντων,
477 3870 574 3922 καὶ
602 3871 660 3923 ὲν
693 3871 875 3924 πᾶσιν.
909 3870 1058 3944 Λῦτη
1087 3873 1186 3944 τῆς
1228 3873 1520 3944 καθολικῆς
1557 3875 1783 3947 Ἐκκλη-

203 3963 330 4027 σίας
364 3964 398 4034 ἡ
431 3963 644 4027 πίστις·
685 3963 743 4016 ὲν
775 3963 962 4037 Τριὰδι
995 3963 1103 4036 γὰρ
1131 3966 1300 4036 αὐτὴν
1331 3965 1784 4036 ὲθεμελίωσεκαὶ

203 4055 507 4129 ὲρῤίζωσεν
538 4057 566 4108 ὁ
611 4054 814 4126 Κύριος
835 4096 848 4119 ,
884 4055 1118 4126 εἰρηκὼς
1147 4059 1257 4120 τοῖς
1293 4056 1587 4128 μαθηταῖς·
1631 4077 1648 4108 ι
1679 4059 1785 4110 Πο-

209 4145 517 4220 ρευθέντες,
553 4144 926 4216 μαθητεύσατε
961 4146 1137 4198 πάντα
1173 4146 1241 4199 τὰ
1269 4145 1396 4216 ἔθνη
1427 4145 1560 4214 (14),
1593 4143 1785 4216 βαπτί-

207 4238 396 4305 ζοντες
425 4238 619 4301 αὐτοὺς
644 4239 723 4299 είς
747 4238 808 4290 τὸ
839 4237 1007 4308 ὄνομα
1029 4236 1122 4290 τοῦ
1148 4239 1360 4308 Πατρὸς
1401 4235 1532 4308 (15),
1568 4239 1661 4291 καὶ
1693 4235 1784 4290 τοῦ

207 4329 344 4384 Υίοῦ
371 4330 466 4382 καὶ
489 4329 583 4382 τοῦ
614 4330 766 4397 ἁγίου
791 4329 1126 4399 Πνεύματος.
1156 4349 1174 4380 ο
1231 4329 1452 4399 Κτίσμα
1476 4329 1533 4383 δὲ
1560 4332 1606 4382 εί
1635 4325 1702 4400 ἦν
1727 4327 1788 4381 τὸ

1886 3502 2090 3572 Spiritu
2121 3505 2188 3558 ad
2241 3519 2340 3559 nos
2372 3505 2644 3568 veniente,
2667 3505 2886 3558 venient
2909 3504 3076 3558 Filius
3105 3516 3158 3560 et
3192 3504 3368 3570 Pater,
3400 3515 3458 3560 et

1887 3597 2224 3650 mansionem
2254 3597 2394 3665 apud
2429 3612 2528 3651 nos
2550 3596 2750 3651 facient
2770 3597 2812 3649 ⁸.
2845 3596 3080 3651 lndivisa
3117 3614 3354 3667 namque
3371 3609 3458 3653 est

1884 3687 2145 3754 Trinitas,
2180 3697 2233 3743 et
2261 3704 2368 3743 una
2405 3689 2525 3758 ejus
2551 3689 2808 3745 divinitas
2843 3709 2856 3745 :
2888 3703 3103 3744 etunus
3125 3689 3267 3746 Deus
3295 3707 3457 3760 super

1885 3780 2088 3846 omnia,
2123 3795 2215 3849 per
2249 3780 2434 3834 omnia
2481 3790 2533 3835 et
2583 3781 2637 3834 in
2669 3781 2943 3836 omnibus.
2994 3779 3120 3836 Haec
3155 3790 3238 3835 est
3265 3784 3457 3836 catho-

1886 3870 2004 3924 lica:
2033 3869 2291 3924 Ecclesiae
2316 3869 2468 3924 lides.
2513 3869 2570 3922 In
2611 3866 2877 3924 Triuitate
2914 3871 3060 3925 enim
3101 3871 3273 3939 ipsam
3326 3870 3456 3923 fun-

1888 3961 2037 4016 davit
2080 3970 2134 4016 et
2169 3942 2436 4016 radica'vit
2489 3959 2777 4026 Dominus,
2833 3961 2926 4030 qui
2981 3961 3059 4015 ait
3125 3953 3454 4032 discipulis:

1896 4072 1916 4106 ι
1947 4053 2150 4110 Euntes
2176 4055 2363 4109 docete
2409 4068 2600 4109 omnes
2627 4064 2842 4123 gentes,
2892 4054 3228 4123 haptizantes
3265 4069 3360 4108 eos
3401 4053 3456 4107 in

1892 4147 2111 4200 nomine
2144 4144 2321 4200 Patris
2353 4156 2408 4200 ct
2431 4144 2552 4198 Filii
2582 4154 2635 4199 et
2653 4143 2888 4213 Spiritus
2909 4145 3141 4200 sancti'.
3173 4163 3192 4196 ι
3224 4143 3378 4210 Quod
3410 4145 3459 4200 si

1895 4237 2130 4304 Spiritus
2164 4247 2415 4292 creatura
2432 4245 2598 4302 esset,
2631 4251 2740 4290 non
2773 4252 2897 4290 eum
2926 4252 3050 4290 cum
3093 4236 3251 4290 Patre
3292 4251 3458 4306 copu-

1892 4329 2057 4383 lasset
2098 4345 2112 4380 :
2147 4345 2214 4384 ne
2271 4327 2511 4382 Trinitas
2555 4327 2659 4382 sibi
2702 4327 2805 4396 ipsi
2859 4327 3146 4382 dissimilis
3196 4335 3360 4392 esset,
3413 4327 3458 4382 si

208 4423 437 4494 Πνεῦμα
460 4462 476 4488 ,
511 4421 611 4476 οὐκ
636 4421 702 4475 ἂν
737 4421 1021 4487 συνέταξεν
1049 4421 1182 4474 αὐτὸ
1203 4419 1280 4491 τῷ
1309 4420 1480 4490 Πατρί
1498 4436 1514 4452 ·
1545 4421 1631 4473 ἵνα
1658 4419 1731 4491 μὴ

1896 4429 2214 4475 extraneum
2249 4421 2526 4490 quidpiam
2563 4428 2616 4474 et
2650 4419 2887 4474 alienum
2925 4421 3028 4490 ipsi
3052 4421 3458 4489 adiungeretur.

250 4570 297 4602 ³⁹
331 4566 497 4621 Zach.
522 4582 622 4632 vn,
657 4566 745 4620 12.
825 4567 844 4598 ¹
874 4563 918 4619 ΙΙ
942 4563 1070 4618 Cor.
1099 4579 1222 4626 xm,
1250 4563 1306 4616 5.
1379 4565 1399 4594 ⁸
1423 4562 1636 4631 Philipp

208 4639 304 4695 15.
385 4639 407 4668 ⁸
439 4637 573 4692 Luc.
612 4654 654 4701 ι,
682 4637 772 4692 55.
851 4637 872 4668 ⁷
901 4634 924 4689 1
954 4635 1081 4690 Cor.
1119 4651 1172 4702 ι,
1205 4634 1296 4688 24.

285 4754 362 4825 (7)
390 4753 609 4810 Gobler.
643 4763 698 4809 et
725 4752 992 4825 FelckJ,
1026 4751 1251 4825 si_c_,_xal.
1276 4749 1485 4825 Παῦλος
1504 4766 1516 4779 ·
1549 4751 1614 4825 Εἰ
1645 4749 1790 4825 δοκις

212 4818 711 4899 μήνζὶιιιθηηοὸλίἱε
742 4824 983 4899 omissis.
1043 4822 1241 4899 Ibidem
1287 4821 1344 4873 δέ
1391 4831 1509 4899 post
1549 4818 1787 4889 Χριστοῦ

209 4889 402 4953 deerat
435 4895 488 4948 iu
520 4896 680 4949 editis
710 4911 721 4945 :
757 4894 851 4947 sed
883 4894 1078 4962 legitur
1107 4892 1163 4944 in
1197 4891 1327 4962 Reg.
1357 4901 1411 4962 et
1439 4889 1662 4962 segnem

286 4964 362 5034 (8)
404 4964 621 5020 Gobler.
655 4973 708 5018 et
738 4958 1159 5034 Felck.‘1,relc
1206 4959 1325 5032 ἐμέ.
1373 4959 1481 5013 Καὶ
1517 4958 1683 5014 πάλιν
1728 4958 1789 5010 τὸ

209 5033 464 5104 Πνεῦμα,
507 5035 730 5088 omissis
763 5033 1116 5104 interpositis.

287 5097 380 5174 (9)
402 5103 478 5158 Ita
516 5104 645 5173 Reg.
671 5113 733 5156 et
762 5097 1010 5174 Seguer.,
1045 5099 1402 5174 rget.e_.__Etliti,
1433 5097 1626 5174 λέγων.

286 5167 401 5246 (11))
445 5175 533 5246 Sic
566 5167 788 5246 lﬁigius,
821 5167 1043 5246 Sggtier.
1077 5170 1433 5246 Basiljeiisis._
1460 5167 1598 5246 bidui
1633 5181 1784 5246 _vero,

211 5238 740 5314 ἐστιν’μὲννκαίῘΑι
777 5247 830 5296 in
861 5238 1076 5314 (ἷυίιιυιξ.
1115 5250 1166 5314 ct
1195 5239 1374 5294 Felck.
1413 5238 1437 5291 1
1472 5239 1587 5291 ἐστί
1613 5239 1782 5291 deest.

210 5315 382 5370 Basil.
405 5311 634 5376 ibidem,
663 5315 758 5366 καὶ
790 5315 818 5366 ὁ
848 5311 1007 5375 αὐτὸς
1035 5311 1185 5373 Θεός.

287 5385 408 5455 (11)
437 5384 747 5455 (ἰοὶιιστηθι
792 5382 970 5455 ἱεέιιξις.
1011 5381 1074 5446 1,
1128 5380 1197 5432 τὰ
1229 5377 1422 5455 πάντα.
1449 5380 1581 5455 ,Καξι
1623 5376 1784 5430 πάλιν

212 5450 784 5527 Κορινθίοιςλγρὰφει
895 5452 1083 5527 χὰρις,
1109 5461 1264 5527 εις.)
1307 5450 1492 5527 multis
1536 5451 1601 5502 de
1637 5462 1786 5527 more

212 5519 462 5594 omissis.
495 5519 636 5579 Ibid.
672 5519 794 5594 post
827 5519 1036 5594 Κυρίου
1060 5521 1186 5594 editi
1227 5519 1423 5594 ἡμῶν,
1455 5529 1508 5573 et
1535 5529 1654 5585 post
1685 5519 1780 5594 τοῦ

211 5593 562 5664 Θεοῦ,Ιιαεε,
596 5588 691 5664 καῖ
723 5588 936 5664 Πατρός
959 5631 998 5664 ,_
1027 5593 1227 5664 habent
1252 5588 1278 5642 ξ
1303 5600 1358 5643 at
1382 5591 1583 5664 desunt
1626 5603 1690 5642 ea
1724 5588 1779 5664 in

215 5663 351 5736 Reg.
383 5657 608 5736 SeguCr.
641 5657 859 5720 Goblerl
884 5673 938 5718 et
960 5661 1139 5718 Felek.
1176 5661 1197 5715 1
1230 5659 1450 5715 :statim
1488 5668 1608 5729 post
1643 5657 1779 5728 μετὰ

1379 4565 1399 4594 ⁸
1423 4562 1654 4631 Philipp.
1688 4577 1727 4627 t,
1765 4561 1848 4615 19.
1968 4562 1989 4593 ³
2017 4561 2132 4615 Act,
2162 4577 2254 4624 xx,
2285 4561 2376 4615 2'5.
2458 4561 2526 4614 ⁸1

1374 4633 1397 4665 ⁸
1427 4632 1584 4687 Joan.
1622 4647 1733 4700 XIV,
1763 4632 1855 4688 25.
1927 4632 1948 4664 '
1982 4631 2176 4684 Matth.
2214 4648 2421 4698 xxuu,
2449 4632 2535 4686 19.

1968 4562 1989 4593 ³
2017 4561 2132 4615 Act.
2162 4577 2254 4624 xx,
2285 4561 2376 4615 2'5.
2458 4560 2481 4592 ⁸
2505 4559 2526 4614 Ι
2553 4559 2684 4616 Cor.
2711 4575 2810 4622 xu,
2842 4558 2959 4615 4-6.
3035 4561 3058 4594 ⁸
3086 4559 3128 4616 II
3161 4562 3290 4617 Cor.
3336 4576 3459 4626 xui,

1891 4748 2128 4820 πάντων,
2160 4747 2289 4820 editi
2319 4747 2537 4814 habent,
2569 4749 2747 4820 ἡμῶν,
2781 4749 2875 4805 sed
2903 4747 3102 4818 Regius
3125 4756 3179 4802 et
3206 4745 3457 4817 Seguer.,

1891 4819 2066 4890 ὑμῶν,
2093 4819 2311 4890 rectius.

1963 4889 2074 4956 (12)
2118 4892 2190 4940 tta
2221 4886 2423 4954 Regius
2445 4927 2460 4951 ,
2498 4886 2894 4956 Seguerianus,
2923 4887 3267 4949 Basiliensis,
3299 4895 3353 4938 et
3388 4887 3461 4940 ita

1891 4958 2018 5025 legit
2043 4956 2574 5028 Erasmus,quorutu
2607 4967 2785 5028 tamen
2821 4960 3027 5028 primus
3062 4959 3221 5010 habet
3253 4956 3463 5028 ἀρχάγ-

1889 5029 2048 5096 γελος
2098 5031 2193 5092 (ut
2245 5027 2373 5098 legit
2425 5026 2750 5096 Erasmus).
2802 5027 3043 5098 Γαϐριὴλ
3074 5047 3102 5098 ί·
3150 5026 3463 5098 postremus

1888 5095 2017 5151 Vero
2039 5139 2071 5168 ,γ
2102 5098 2193 5150 ἐπὶ
2243 5095 2339 5166 τῆς
2377 5098 2535 5164 ἁγίας
2582 5099 2814 5168 Μαρίας.
2868 5095 3008 5168 Εξίίγίιί
3039 5097 3116 5150 sic
3145 5095 3157 5148 .
3191 5095 3462 5168 παρὰ-τοῦ

1887 5167 2123 5238 Γαϐριὴλ
2152 5169 2216 5237 τῇ
2238 5165 2484 5238 Θεοτόζῳ
2505 5165 2753 5238 λέγοντος
2774 5187 2788 5198 ·
2811 5167 3035 5238 Πνεῦμα
3063 5167 3216 5238 ἅγιον
3243 5165 3463 5238 ἐπελεύ-

1889 5231 2041 5290 σεται
2063 5231 2216 5298 (etc:
2251 5237 2373 5289 Mox
2410 5231 2538 5307 Reg.
2569 5231 2621 5290 et
2656 5231 2878 5306 Segiter.
2904 5279 2918 5300 ,
2952 5231 3276 5307 faui/[Etljti
3301 5276 3326 5307 ,_
3346 5231 3460 5298 οὖν,

1888 5324 2010 5378 qua:
2041 5308 2302 5378 particula
2342 5305 2558 5378 penitus
2599 5309 2812 5378 abestia
2845 5308 3062 5378 Gnhler.
3101 5317 3154 5359 et
3187 5305 3368 5378 FcIt-k.
3409 5309 3460 5359 1.

1989 5380 2071 5436 15)
2113 5377 2203 5432 Sic
2230 5376 2362 5441 Reg.
2389 5389 2438 5429 et
2476 5377 2696 5445 Seguer.
2731 5377 2871 5430 Editi
2905 5387 2957 5429 et
2983 5377 3096 5438 alii,
3140 5378 3269 5446 παρ’
3304 5377 3458 5444 ἡμῖν.

1989 5448 2070 5517 14)
2096 5447 2232 5518 11sec
2253 5487 2267 5510 ,
2300 5447 2676 5518 (Πορευθέντες
2703 5485 2745 5518 ,_
2767 5446 3142 5518 μαθητεύσατε
3185 5447 3361 5500 πάντα
3393 5446 3463 5498 τὰ

1887 5515 2267 5587 ἔθνη,’άθειιηι
2297 5517 2347 5568 in
2376 5515 2596 5587 Cohler.
2625 5515 2976 5587 et_Felck.'1.

1959 5584 2071 5655 (1⁷5)
2115 5586 2248 5651 Reg.
2278 5595 2330 5658 et
2366 5585 2616 5653 Segucr.,
2648 5585 2727 5651 εις
2755 5587 2922 5657 ὄνομα
2964 5587 3175 5658 Πατρὸς
3206 5585 3298 5639 καὶ
3329 5584 3462 5641 Υίοῦ

1886 5659 1980 5714 καὶ
2009 5658 2164 5726 ἁγίου
2190 5657 2328 5712 Πνεύ
2338 5674 2520 5726 ματος.
