3822 6226
335 281 443 335 655

916 281 974 336 S.
1019 282 1402 338 ATHANASII
1445 281 1599 336 OPP.
1643 279 1827 335 PARS
1866 279 1906 333 Ι.
1949 307 2020 320 -—
2049 277 2426 334 HISTORICA
2460 277 2547 331 ET
2591 277 3017 333 DOGMATICA.

3521 272 3625 326 636

331 405 476 472 Quid
526 403 672 459 enim
717 403 828 458 Deo
859 403 1070 469 deerat,
1107 413 1166 456 ut
1198 403 1498 472 quidquam
1534 403 1763 457 diversa:
1795 402 1923 454 sub-

2056 398 2283 468 ινόμοιος
2313 399 2478 466 ἑαυτῇ
2514 398 2546 465 ἡ
2581 395 2750 466 Τριάς
2773 394 2962 459 ,ξένου
3017 391 3160 456 τινὸς
3205 390 3296 444 καὶ
3337 389 3625 462 ἀλλοτρίου

336 495 560 549 stantia:
586 503 913 556 assumeret,
949 503 1003 548 et
1048 508 1172 546 cum
1213 493 1310 546 illo
1348 492 1787 561 glorilicaretur?
1811 493 1923 545 Ab—

336 587 442 640 sit!
479 584 597 638 Nou
654 585 730 638 ita
792 600 851 639 se
911 598 999 638 res
1044 584 1229 636 habet.
1271 601 1289 634 ι
1318 582 1521 637 Plenus
1548 597 1671 637 sum
1700 582 1764 644 ¹⁰,
1799 601 1816 633 ι
1850 582 1928 636 ait

338 679 480 747 ipse.
505 677 713 731 Idcirco
745 677 861 746 ipse
898 674 1162 730 Dominus
1225 691 1353 730 cum
1388 679 1608 730 nomine.
1639 675 1818 730 Patris
1839 676 1924 730 sui

334 771 490 824 illum
533 769 697 840 556
725 769 1032 837 copulavit;
1076 779 1138 822 ut
1186 769 1521 835 ostenderel,
1571 784 1681 822 non
1726 784 1793 822 cx
1838 770 1924 822 di-

331 863 531 924 versis.
577 864 627 916 id
651 871 736 916 est
763 877 829 916 ex
858 871 1106 916 creatore
1133 870 1186 915 et
1209 871 1482 925 creatura,
1521 870 1764 916 sanctam
1797 859 1924 914 Tri-

330 957 559 1009 nitatem
628 963 921 1018 constare;
1003 954 1096 1008 sed
1171 969 1336 1006 unam
1402 953 1522 1023 ejus
1586 953 1924 1008 divinitatem

326 1063 471 1104 esse.
529 1046 648 1102 Hoc
703 1062 826 1102 cum
887 1044 1171 1101 didicisset
1222 1044 1446 1110 Paulus,
1490 1044 1719 1098 docebat
1762 1059 1924 1096 unam

331 1153 476 1203 esse,
507 1153 630 1207 quze
659 1138 711 1190 in
747 1138 864 1205 ipsa
897 1133 1212 1204 (Trinitate)
1259 1135 1503 1198 daretur,
1545 1133 1798 1204 gratiam,
1839 1133 1924 1187 di-

331 1247 465 1284 cens
499 1249 512 1284 :
552 1249 570 1280 ι
612 1227 767 1284 Unus
814 1229 1100 1290 Dominus,
1152 1242 1261 1280 una
1305 1226 1459 1289 ﬁdes,
1520 1241 1687 1279 unum
1744 1225 1924 1293 bapti-

331 1336 451 1376 sma
475 1322 538 1373 “.
582 1341 599 1371 ι
643 1319 714 1373 Ut
737 1329 918 1374 autem
941 1335 1109 1372 unum
1139 1319 1427 1388 baptisma,
1449 1317 1528 1371 sic
1553 1328 1605 1371 et
1635 1333 1740 1372 una
1769 1317 1919 1372 ﬁdes.

331 1412 437 1478 Qui
464 1412 609 1464 enim
650 1413 824 1466 credit
853 1412 904 1464 in
953 1409 1195 1473 Patrem,
1241 1411 1394 1464 novit
1421 1409 1474 1462 in
1513 1409 1673 1463 Patre
1704 1408 1924 1472 Filium,

332 1513 389 1556 et
421 1503 685 1571 Spiritum
732 1519 840 1556 non
870 1513 1023 1557 extra
1060 1502 1258 1556 Filium
1293 1511 1384 1557 :et
1430 1503 1552 1556 ideo
1593 1503 1766 1557 credit
1793 1511 1848 1556 et
1871 1503 1926 1556 in

332 1592 530 1648 Filium
567 1605 618 1648 et
650 1597 702 1648 in
734 1595 996 1664 Spiritum
1025 1605 1315 1660 sanetum;
1355 1594 1792 1663 quandoquidem
1820 1610 1928 1648 una

343 1695 430 1741 est
459 1685 744 1742 Trinitatis
770 1687 1050 1753 divinitas,
1092 1704 1214 1758 qua:
1260 1703 1323 1742 ex
1361 1702 1472 1741 uno
1527 1685 1686 1741 Patre
1717 1701 1924 1757 cogno-

333 1779 528 1833 scitur.

408 1871 458 1925 7.
506 1869 630 1925 Haec
675 1877 762 1924 est
812 1869 1098 1924 catholicae
1155 1869 1278 1924 ﬁdei
1335 1869 1531 1923 forma.
1579 1869 1681 1935 Qui
1740 1879 1920 1924 autem

332 1960 720 2028 hlasphemant
771 1961 824 2013 in
887 1962 1176 2031 Spiritum,
1223 1968 1276 2014 et
1325 1961 1514 2015 dicunt
1565 1962 1742 2030 ipsum
1803 1978 1924 2017 esse

331 2061 666 2114 creaturam,
700 2051 746 2106 si
769 2067 834 2105 ex
864 2052 930 2106 iis
961 2067 1081 2120 qu.e
1103 2051 1249 2106 dicta
1277 2059 1407 2106 sunt
1428 2067 1534 2104 non
1569 2053 1920 2121 resipiscunt,

329 2145 417 2199 vel
449 2161 514 2198 ex
546 2145 613 2199 iis
649 2159 771 2213 qua:
795 2144 1024 2198 dicenda
1071 2151 1197 2198 sunt
1232 2145 1439 2212 pudore
1485 2143 1818 2199 afﬁciantur.
1862 2145 1919 2199 Si

331 2234 576 2290 Trinitas
606 2244 762 2288 estet
790 2235 843 2288 in
869 2233 1142 2288 Trinitate
1163 2235 1267 2288 sita
1290 2243 1374 2288 est
1401 2233 1555 2299 ﬁdes,
1583 2235 1765 2290 dicant
1793 2253 1920 2289 num

331 2344 553 2397 semper
581 2327 827 2382 Trinitas
858 2328 1042 2392 luerit,
1073 2327 1156 2380 vel
1191 2342 1259 2380 an
1293 2326 1456 2380 fuerit
1483 2343 1608 2381 cum
1636 2343 1744 2381 non
1777 2338 1924 2383 esset

331 2418 593 2476 Trinitas.
618 2420 674 2474 Si
701 2421 885 2489 itaque
907 2419 1239 2487 sempiterna
1267 2430 1350 2474 est
1372 2419 1636 2484 Trinitas,
1664 2435 1770 2474 non
1795 2436 1924 2489 ergo

331 2521 522 2566 creata
561 2526 654 2566 res
677 2520 762 2565 est
791 2510 1051 2580 Spiritus,
1079 2511 1172 2580 qui
1199 2525 1412 2579 semper
1437 2507 1615 2564 Verbo
1641 2509 1926 2564 coexsistit

333 2604 388 2660 in
421 2605 651 2674 ipsoque
677 2611 779 2656 est.
803 2599 938 2655 Nam
977 2611 1094 2655 erat
1115 2617 1240 2655 cum
1294 2611 1559 2655 creatura:
1582 2617 1690 2654 non
1719 2609 1921 2656 essent.

329 2693 490 2762 Quod
531 2695 579 2749 si
621 2703 878 2750 creatura
927 2702 1032 2758 est,
1080 2708 1205 2747 cum
1241 2702 1506 2747 creaturae
1549 2693 1660 2747 sint
1698 2709 1765 2748 ex
1815 2709 1924 2746 non

331 2785 697 2844 exstantibus.
725 2785 902 2854 palam
924 2793 1007 2837 est
1032 2782 1199 2837 fuisse
1215 2799 1340 2837 cum
1369 2799 1473 2836 non
1500 2791 1644 2837 esset
1662 2782 1924 2846 Trinitas,

333 2879 429 2931 sed
467 2877 702 2931 dualitas
732 2895 745 2930 :
780 2892 889 2945 quo
915 2875 1045 2945 quid
1079 2875 1253 2944 magis
1278 2875 1505 2944 impium
1536 2875 1660 2944 quis
1697 2874 1925 2930 dixerit?

333 2966 416 3023 Ex
445 2969 748 3022 mutatione
787 2979 838 3022 et
877 2967 1126 3036 profectu
1167 2967 1362 3020 dicunt
1403 2976 1659 3020 constare
1684 2965 1926 3020 Trinita-

334 3071 470 3123 tem,
521 3075 586 3114 ac
649 3060 968 3113 dualitatem
1019 3058 1240 3128 quidem
1288 3073 1432 3122 esse,
1473 3057 1565 3112 sed
1611 3067 1925 3126 exspectare

332 3162 602 3206 creaturae
627 3151 1066 3221 productionem,
1093 3159 1153 3204 ut
1185 3166 1311 3205 cum
1347 3149 1506 3204 Patre
1555 3163 1607 3205 et
1654 3151 1792 3206 Filio
1824 3168 1920 3207 co-

335 3243 555 3313 puletur
584 3251 639 3297 et
683 3243 776 3296 ﬁat
831 3241 1097 3298 Trinitas.
1145 3241 1305 3295 Absit
1333 3252 1391 3295 ut
1425 3242 1557 3312 quid
1607 3243 1922 3312 hujnsmodi

336 3337 416 3388 vel
441 3334 492 3388 in
520 3342 756 3388 mentem
783 3349 1024 3403 unquam
1049 3331 1487 3386 Christianorum
1521 3333 1698 3386 cadat.
1725 3331 1925 3398 Quem-

337 3424 632 3480 admodum
687 3424 832 3478 enim
884 3423 1056 3478 Filius
1091 3440 1216 3479 cum
1269 3439 1484 3493 semper
1543 3427 1634 3490 sit,
1686 3442 1796 3479 non
1841 3435 1927 3481 est

338 3524 631 3582 creatura;
659 3517 740 3572 sic
771 3517 1030 3586 quoniam
1078 3533 1293 3587 semper
1346 3529 1430 3572 est
1478 3516 1742 3584 Trinitas,
1773 3518 1826 3572 in
1861 3534 1925 3573 ea

342 3611 491 3663 nulla
522 3619 605 3663 est
631 3617 904 3673 creatura,
963 3618 1129 3678 atque
1182 3611 1318 3664 adeo
1372 3626 1479 3664 non
1538 3619 1622 3666 est
1675 3621 1927 3666 creatura

344 3701 602 3770 Spiritus.
645 3698 798 3754 Sicut
825 3703 970 3755 enim
1008 3717 1224 3770 semper
1271 3702 1392 3766 fuit,
1425 3704 1496 3757 ita
1527 3714 1580 3757 et
1631 3720 1774 3758 nunc
1797 3715 1881 3759 est
1909 3722 1921 3756 :

338 3804 394 3846 et
423 3793 569 3846 sicut
597 3808 740 3846 nunc
766 3803 869 3854 est,
901 3794 971 3846 ita
1007 3808 1221 3862 semper
1264 3792 1390 3860 fuit,
1427 3803 1620 3864 estque
1659 3793 1922 3859 Trinitas,

339 3892 398 3938 et
429 3884 481 3937 in
513 3885 628 3954 ipsa
654 3884 834 3951 Pater,
867 3883 1059 3950 Filius,
1083 3895 1136 3938 et
1155 3883 1394 3954 Spiritus
1421 3896 1665 3941 sanctus.
1693 3885 1761 3940 Et
1785 3904 1927 3942 unus

338 3985 426 4030 est
456 3975 598 4030 Deus
627 3975 808 4040 Pater,
833 3976 926 4046 qui
957 3985 1040 4030 est
1074 3992 1239 4045 super
1263 3977 1469 4042 omnia,
1507 3985 1561 4031 et
1598 3992 1694 4046 per
1720 3979 1924 4042 omnia,

338 4077 394 4122 et
415 4067 469 4120 in
494 4068 752 4122 omnibus
780 4085 794 4133 ;
821 4069 913 4138 qui
941 4079 1024 4122 est
1047 4069 1366 4124 benedictus
1397 4070 1450 4123 in
1480 4071 1700 4124 saecula.
1729 4071 1924 4126 Amen.

340 4157 455 4229 Ego
484 4159 728 4230 quidem,
760 4169 818 4213 ut
843 4160 1190 4229 signiﬁcasti,
1224 4161 1341 4215 haec
1381 4160 1573 4230 paucis
1614 4165 1927 4230 conscripta

339 4253 409 4308 ad
449 4262 501 4307 te
527 4253 672 4306 misi.
707 4253 788 4305 Tu
814 4269 944 4307 vero
987 4254 1229 4323 prudens
1281 4269 1406 4307 cum
1475 4253 1574 4320 sis,
1625 4254 1672 4308 si
1707 4255 1836 4324 quid
1873 4255 1926 4308 in

347 4345 436 4398 his
461 4344 654 4409 deerit,
695 4343 770 4410 id,
795 4358 1004 4413 quaeso,
1050 4345 1330 4415 suppleas.
1363 4355 1416 4400 et
1447 4345 1764 4400 domesticis
1803 4347 1926 4401 ﬁdei

2027 491 2462 560 συντασσομένου
2494 490 2655 560 αὐτῇ.
2693 487 2758 540 Τί
2778 486 2887 560 γὰρ
2921 486 3103 540 ἔλειπε
3128 484 3239 559 (16)
3260 482 3336 553 τῷ
3361 483 3503 554 Θεῷ,
3537 485 3622 538 ἵνα

2027 582 2460 653 ἀλλοτριοούσιον
2478 580 2874 652 προσλάϐηται,
2902 579 2997 632 καὶ
3015 579 3111 632 σὺν
3132 575 3280 646 αὐτῷ
3291 575 3590 646 δοξάζηται
3609 593 3623 638 ς

2028 679 2120 748 Μὴ
2155 677 2399 744 γένοιτοί
2456 676 2569 728 υύκ
2601 674 2746 728 ἔστιν
2781 672 2974 734 οὕτως.
3041 690 3059 722 ι
3093 671 3314 740 Πλήρης
3335 709 3348 732 ,
3383 688 3402 720 ι
3459 668 3627 732 αὐτὸς

2027 765 2201 833 εἶπεν,
2245 788 2262 820 ι
2287 767 2418 838 είμί.
2449 787 2466 818 ι
2506 766 2604 819 Διὰ
2635 766 2792 819 τοῦτο
2819 764 2981 826 αὐτὸς
3010 763 3038 814 ὁ
3065 762 3268 832 Κύριος
3289 761 3367 832 τῷ
3396 761 3626 831 ὀνόματι

2026 860 2120 914 τοῦ
2142 860 2354 930 Πατρὸς
2374 859 2481 929 (l7)
2505 857 2634 912 αὐτὸ
2665 856 2954 919 συνέταξεν
2974 872 2986 884 ’
3015 855 3101 907 ἴνα
3123 853 3291 925 δείξῃ,
3311 853 3393 905 ὅτι
3426 853 3530 905 οὐκ
3561 853 3628 904 ὲκ

2027 955 2318 1026 διαφόρων,
2346 953 2620 1006 τουτέστιν
2646 953 2709 1004 ὲκ
2738 949 2954 1003 κτίστου
2983 948 3077 1000 καὶ
3108 947 3405 1017 κτίσματος
3438 987 3454 1010 ,
3489 962 3622 998 συν-

2028 1047 2258 1118 έστηκεν
2285 1048 2317 1116 ἡ
2343 1045 2474 1114 ἁγία
2498 1044 2686 1115 Τριάς⁸
2707 1040 2843 1095 ἀλλὰ
2869 1041 2965 1111 μία
2988 1039 3188 1110 ταύτης
3210 1040 3242 1109 ἡ
3267 1038 3457 1109 θεότης
3481 1037 3626 1091 ἐστί.

2029 1141 2198 1194 Τοῦτο
2230 1138 2416 1211 μαθὼν
2449 1139 2478 1191 0
2519 1135 2765 1200 Παῦλος,
2799 1133 3047 1187 ἐδίδασκε
3083 1131 3211 1201 μίαν
3259 1125 3399 1182 εἶναι
3429 1129 3532 1200 τὴν
3565 1130 3628 1181 ὲν

2027 1236 2162 1305 αὐτῇ
2191 1232 2475 1302 διδομένην
2505 1231 2683 1301 χάριν,
2725 1227 2897 1296 λέγων
2917 1243 2929 1256 ο
2967 1245 2984 1276 ι
3019 1219 3114 1287 Εἷς
3143 1223 3368 1294 Κύριος,
3399 1222 3501 1292 μία
3532 1220 3628 1274 πί-

2031 1342 2174 1388 στις,
2200 1324 2258 1376 ἓν
2285 1323 2585 1394 βάπτισμα.
2625 1339 2643 1371 ι
2679 1320 2892 1388 Ὥσπερ
2919 1317 2976 1370 δὲ
3009 1316 3065 1369 ἒν
3096 1315 3410 1386 βάπτισμα,
3440 1312 3628 1377 οὕτως

2028 1417 2121 1471 καὶ
2148 1417 2244 1487 μία
2278 1416 2458 1478 πίστις
2478 1433 2490 1444 ·
2515 1417 2543 1468 0
2566 1412 2674 1484 γὰρ
2701 1412 2975 1466 πιστεύων
3002 1413 3081 1475 εἰς
3107 1411 3198 1464 τὸν
3223 1410 3446 1481 Πατέρα
3475 1405 3627 1463 οἶδεν

2029 1511 2086 1561 ὲν
2117 1509 2196 1579 τῷ
2230 1508 2407 1579 Πατρὶ
2437 1507 2526 1560 τὸν
2551 1507 2701 1570 Υίὸν,
2737 1505 2831 1560 καὶ
2857 1505 2918 1558 τὸ
2944 1504 3190 1575 Πνεῦμα,
3217 1505 3316 1556 οὐκ
3340 1503 3501 1566 ἐκτὸς
3525 1502 3628 1556 τοῦ

2030 1600 2161 1653 Υίοῦ
2188 1618 2200 1630 ·
2256 1600 2350 1654 καὶ
2382 1598 2469 1652 διὰ
2511 1598 2668 1651 τοῦτο
2706 1596 2951 1650 πιστεύει
2985 1596 3078 1650 καὶ
3119 1595 3230 1666 (18)
3262 1597 3342 1659 είς
3371 1595 3464 1647 τὸν
3491 1594 3626 1647 Υἱὸν

2031 1691 2127 1745 καὶ
2155 1693 2233 1754 εἰς
2255 1691 2316 1743 τὸ
2337 1690 2560 1760 Πνεῦμα
2584 1689 2645 1742 τὸ
2666 1689 2846 1758 ἆγιοψ
2875 1685 3063 1758 ἐπειδὴ
3084 1685 3180 1740 καὶ
3205 1686 3300 1757 μία
3329 1687 3430 1756 τῆς
3453 1685 3628 1757 Τριά-

1956 1753 1998 1808 B
2027 1783 2116 1848 δος
2147 1785 2178 1854 ἡ
2214 1783 2424 1853 θεότης,
2460 1753 2519 1847 ἐξ
2549 1782 2666 1844 ἐνὸς
2700 1753 2792 1834 τοῦ
2821 1780 3031 1850 Πατρὸς
3051 1753 3466 1849 γινωσκομένη.

2096 1876 2149 1930 7.
2181 1875 2294 1945 Τῆς
2325 1876 2422 1946 μὲν
2447 1870 2539 1927 οῦν
2570 1873 2678 1944 (19)
2703 1871 2994 1943 καθολικῆς
3026 1872 3262 1932 πίστεως
3287 1868 3629 1939 ὁχαρακτὴρ

2024 1962 2196 2031 οὗτος.
2225 1968 2287 2020 Ol
2321 1966 2378 2019 δὲ
2407 1964 2815 2035 δυσφημοῦντες
2840 1965 2919 2027 είς
2939 1962 3000 2015 τὸ
3022 1960 3268 2031 Πνεῦμα,
3303 1961 3398 2014 καὶ
3427 1960 3624 2028 λέγον-

2024 2079 2116 2124 τες
2155 2060 2288 2113 αὐτὸ
2318 2059 2553 2128 κτίσμα,
2589 2059 2637 2110 εί
2673 2057 2746 2129 μὴ
2803 2059 2868 2110 ὲκ
2906 2055 3013 2109 τῶν
3045 2054 3350 2126 εἰρημένων
3388 2069 3625 2124 μεταγι-

2025 2151 2327 2215 νώσκουσι,
2368 2150 2468 2204 κᾶν
2509 2153 2572 2204 ὲκ
2621 2149 2728 2202 τῶν
2769 2149 3182 2219 λεχθησομένων
3229 2146 3623 2216 αἰσχυνόμενοι

2025 2242 2460 2296 καταδυέτωσαν.
2516 2243 2579 2295 El
2610 2239 2777 2311 Τριάς
2809 2240 2947 2299 ἐστι,
2976 2237 3069 2292 καὶ
3099 2241 3156 2290 ὲν
3183 2237 3373 2306 Τριάδι
3404 2236 3557 2288 ἐστὶν
3583 2239 3619 2306 ἡ

2026 2335 2229 2399 πίστις,
2262 2335 2594 2398 εἰπάτωσαν,
2626 2334 2674 2385 εί
2705 2331 2791 2385 ἀεὶ
2817 2330 2988 2402 Τριάς
3021 2332 3190 2391 ἐστιν,
3219 2328 3252 2398 ἢ
3280 2323 3368 2397 ἦν,
3396 2328 3484 2379 ὅτε
3516 2326 3625 2380 οὐκ

2022 2424 2091 2499 ἦν
2123 2427 2314 2499 Τριάς.
2347 2429 2409 2481 El
2441 2429 2539 2498 μὲν
2565 2421 2658 2480 οῦν
2691 2425 2862 2489 ἀΐδιός
2888 2427 3035 2478 ἐστιν
3063 2426 3095 2495 ὴ
3132 2423 3303 2494 Τριάς
3323 2463 3338 2486 ,
3371 2423 3472 2474 ούκ
3501 2421 3622 2474 ἔστι

2026 2523 2232 2591 κτίσμα
2259 2521 2316 2574 τὸ
2341 2519 2586 2590 Πνεῦμα,
2619 2518 2804 2582 άῖδίως
2836 2517 2990 2571 συνὸν
3019 2517 3098 2588 τῷ
3125 2517 3284 2586 Λόγῳ
3315 2515 3408 2568 καὶ
3435 2516 3492 2567 ὲν
3522 2516 3623 2569 αὺ-

2025 2611 2103 2680 τῷ
2129 2611 2208 2663 ὅν.
2239 2609 2320 2662 Τὰ
2341 2609 2450 2681 γὰρ
2470 2609 2743 2680 κτίσματα
2770 2604 2858 2679 ἦν,
2885 2608 2973 2660 ὅτε
2999 2609 3098 2660 οὐκ
3119 2603 3207 2678 ἦν.
3244 2608 3307 2660 Εἰ
3332 2607 3387 2660 δὲ
3410 2607 3625 2675 κτίσμα

2026 2700 2144 2753 ἐστὶ
2168 2739 2182 2763 ,
2214 2699 2282 2752 τὰ
2312 2699 2368 2752 δὲ
2397 2699 2674 2768 κτίσματα
2706 2697 2764 2764 ἐξ
2794 2698 2896 2750 ούκ
2920 2697 3089 2750 ὄντων
3117 2697 3234 2749 ἐστὶ
3257 2739 3271 2762 ,
3305 2695 3462 2768 δῆλον
3485 2734 3500 2756 ,
3535 2697 3621 2749 ὅτι

2025 2788 2114 2865 ἦν,
2148 2793 2236 2846 ὅτε
2258 2793 2358 2846 οὐκ
2379 2788 2447 2863 ἦν
2482 2793 2652 2863 Τριάς
2686 2792 2821 2863 (20),
2853 2789 2990 2846 ἀλλὰ
3019 2792 3166 2854 δυάς.
3195 2792 3306 2844 Kal
3334 2791 3388 2844 τί
3420 2790 3618 2845 τούτου

2027 2887 2387 2956 ἀσεϐέστερον
2417 2886 2480 2940 ἄν
2505 2902 2591 2948 τις
2621 2883 2802 2949 efﬂat;
2845 2885 2938 2938 Ἐκ
2971 2883 3270 2954 μεταϐολῆς
3295 2885 3390 2936 καὶ
3416 2900 3621 2955 προκο-

2028 2978 2137 3050 πῆς
2167 2978 2384 3046 λέγουσι
2414 2975 2761 3030 συνίστασθαι
2791 2976 2891 3047 τὴν
2923 2975 3158 3047 Τριάδα,
3188 2975 3282 3028 καὶ
3314 2974 3482 3028 δυάδα
3517 2975 3620 3044 μὲν

2027 3065 2204 3135 εἶναι,
2265 3068 2579 3140 ἐκδέχεσθαι
2618 3069 2676 3122 δὲ
2712 3068 3008 3138 κτίσματος
3053 3067 3302 3136 γένεσιν,
3352 3067 3438 3120 ἵνα
3477 3066 3623 3137 μετά

2027 3161 2240 3232 Πατρὸς
2270 3160 2364 3212 καὶ
2390 3159 2520 3212 Υἱοῦ
2554 3158 2821 3228 συνταχθῇ
2856 3157 2950 3210 καὶ
2978 3155 3203 3226 γένηται
3232 3157 3265 3226 ὴ
3294 3156 3484 3227 Τριάς.
3522 3157 3619 3227 Μὴ

2027 3252 2234 3321 γένοιτο
2260 3250 2362 3304 κᾶν
2385 3251 2466 3312 εἰς
2497 3248 2622 3302 νοῦν
2648 3264 2776 3300 ποτε
2800 3245 2972 3299 ἐλθεῖν
2997 3245 3338 3316 Χριστιανῶν
3359 3246 3421 3298 τὸ
3448 3245 3626 3299 τοιοῦο

2027 3345 2150 3396 τονί
2185 3343 2394 3412 Ὥσπερ
2416 3340 2524 3412 γὰρ
2557 3340 2642 3392 ἀεὶ
2673 3338 2748 3390 ὢν
2777 3341 2804 3392 0
2837 3337 2964 3402 Υἱὸς
2993 3337 3093 3391 οὐκ
3127 3337 3242 3389 ἔστι
3272 3337 3500 3408 κτίσμα,
3527 3337 3622 3391 οὖα

2026 3453 2134 3499 τως
2170 3435 2256 3488 ἀεὶ
2279 3433 2448 3505 οὔσης
2475 3433 2575 3502 τῆς
2608 3431 2858 3503 Τριάδος,
2883 3430 3036 3484 οὐδέν
3058 3432 3205 3483 ἐστιν
3239 3433 3296 3483 ἐν
3327 3432 3467 3502 αὐτῇ
3493 3433 3616 3484 κτί-

2031 3543 2170 3597 σμαο
2195 3525 2276 3578 διὸ
2306 3526 2406 3578 οὐκ
2430 3523 2546 3576 ἔστι
2572 3522 2778 3593 κτίσμα
2798 3522 2857 3575 τὸ
2881 3521 3126 3592 Πνεῦμα.
3163 3521 3250 3584 Ὠς
3277 3522 3386 3593 γὰρ
3412 3522 3499 3574 ἀεὶ
3521 3517 3617 3592 ἦν,

2028 3615 2199 3678 οὕτως
2228 3616 2344 3668 ἐστὶ
2378 3614 2471 3667 καὶ
2502 3612 2626 3666 νῦν·
2665 3613 2760 3665 καὶ
2786 3611 2859 3673 ὡς
2888 3610 2982 3665 νῦν
3011 3614 3179 3676 ἐστιν,
3206 3609 3379 3673 οὕτως
3412 3611 3501 3664 ἀεὶ
3524 3606 3618 3681 ἦν,

2029 3707 2124 3760 καὶ
2151 3707 2294 3759 ἔστιν
2323 3707 2356 3776 ἡ
2386 3705 2575 3779 Τριάς,
2603 3704 2697 3756 καὶ
2724 3706 2779 3756 ὲν
2806 3703 2942 3773 αύτῇ
2968 3702 3178 3775 Πατὴρ,
3213 3702 3308 3755 καὶ
3331 3702 3482 3766 Υἱὸς,
3518 3721 3622 3758 και

2030 3799 2253 3869 Πνεῦμα
2281 3797 2452 3866 ἆγιον.
2491 3797 2601 3849 Καὶ
2626 3789 2706 3860 εἷς
2728 3795 2860 3858 Θεὸς
2891 3793 3002 3866 (21)
3035 3795 3064 3846 0
3088 3792 3278 3864 Πατὴρ
3309 3794 3338 3845 0
3362 3793 3458 3844 ἐπὶ
3487 3793 3624 3846 πάν-

2029 3909 2157 3954 των,
2189 3890 2284 3943 καὶ
2315 3888 2404 3942 διὰ
2432 3889 2649 3942 πάντων
2669 3929 2683 3952 ,
2714 3889 2808 3940 καὶ
2839 3889 2898 3939 ὲν
2940 3888 3096 3951 πᾶσι,
3129 3885 3188 3948 ὃς
3215 3887 3365 3938 ἐστιν
3391 3883 3626 3956 εὐλογη-

2029 3984 2118 4046 τὸς
2154 3984 2232 4046 είς
2262 3983 2388 4046 τοὺς
2419 3981 2640 4045 αἰῶνας.
2689 3983 2880 4052 Ἀμήν.
2919 3979 3060 4048 Ἐγὼ
3093 3979 3190 4050 μὲν
3222 3974 3348 4040 οὖν,
3388 3978 3466 4040 ὡς
3499 3977 3624 4049 ἐδή-

2031 4076 2240 4139 λωσας,
2274 4074 2341 4127 δι’
2384 4074 2578 4142 ὀλίγων
2612 4073 2707 4127 καὶ
2743 4073 2917 4126 ταῦτα
2978 4071 3339 4142 καταγράψας
3371 4070 3484 4141 (22)
3513 4071 3624 4123 ἀπ-

2031 4167 2246 4220 έστειλα
2267 4185 2281 4200 ο
2318 4167 2382 4219 σὺ
2415 4167 2472 4220 δὲ
2501 4167 2576 4230 ὡς
2613 4164 2848 4230 συνετὸς,
2886 4164 2938 4218 εῖ
2966 4181 3018 4216 τι
3052 4165 3147 4216 καὶ
3177 4165 3234 4216 ὲν
3267 4162 3478 4226 τούτοις
3510 4158 3625 4214 λεί-

2031 4275 2153 4324 πει,
2210 4255 2433 4328 θέλησον
2481 4255 2805 4328 πληρῶσαιο
2851 4254 2946 4308 καὶ
2989 4255 3103 4318 τοῖς
3139 4253 3236 4324 μὲν
3264 4253 3486 4318 οἰκείοις
3517 4253 3623 4324 τῆς

2031 4351 2266 4413 πίστεως
2296 4348 2588 4418 ἀνάγνωθι,
2612 4349 2732 4411 τοὺς
2756 4347 2812 4400 δὲ
2845 4345 3284 4416 φιλονεικοῦντας
3310 4345 3622 4416 δυσφημεῖν

340 4439 492 4506 legas
525 4451 538 4489 :
571 4451 667 4490 eos
700 4444 904 4501 autem,
937 4437 1030 4506 qui
1069 4452 1167 4506 per
1206 4439 1618 4493 contentionem
1671 4439 1923 4508 blasphe-

2058 4442 2218 4512 λεγχε
2238 4458 2252 4473 ·
2285 4441 2426 4512 τάχα
2456 4441 2559 4494 κᾶν
2584 4441 2680 4510 ὀψέ
2712 4457 2840 4493 ποτε
2872 4438 3251 4510 μεταγνόντες,
3277 4437 3623 4507 ὰπονίῴωσιν

341 4542 525 4594 mani,
579 4527 1212 4599 redai-guito..Fortasse
1251 4530 1336 4584 vel
1394 4546 1516 4585 sero
1570 4531 1789 4586 tandem
1834 4547 1924 4586 re-

340 4621 687 4690 sipiscentes,
736 4630 862 4673 ante
914 4619 1143 4674 insitum
1191 4635 1432 4675 errorem
1491 4623 1803 4693 ahstergent
1856 4623 1925 4676 ab

341 4714 526 4768 anima
565 4728 686 4767 sua.
721 4710 761 4764 E
793 4728 854 4766 re
896 4711 1041 4765 enim
1101 4711 1266 4766 fuerit
1306 4728 1519 4776 eorum,
1548 4723 1606 4768 ut
1657 4713 1923 4784 scriptum

338 4815 444 4873 est,
465 4804 695 4869 resilire,
716 4819 814 4859 nec
828 4804 1315 4873 comperendinare
1335 4821 1347 4856 :
1371 4821 1437 4860 ne
1469 4805 1512 4860 si
1543 4817 1920 4875 permaneant,

417 4924 458 4954 ‘°
495 4924 601 4976 Isa.
632 4937 672 4988 ι,
705 4921 795 4976 Η.
858 4921 899 4952 ¹¹
933 4918 1132 4990 Ephes.
1159 4937 1235 4988 tv,
1259 4922 1314 4978 5.

415 5080 524 5146 116)
567 5080 699 5153 Reg.
723 5091 778 5136 et
811 5079 1060 5153 Seguer"
1089 5078 1484 5153 Eletns._Editi,
1512 5081 1688 5136 ἔλιπε.

389 5153 526 5225 Ml?)
565 5151 642 5225 lta
672 5151 803 5225 Reg.
835 5150 1064 5225 Séguer.
1093 5161 1148 5204 et
1173 5150 1364 5225 Basil.,
1401 5161 1563 5225 recte.
1593 5153 1732 5207 Editi
1771 5168 1920 5225 vero.

341 5221 529 5276 αὐτοῦ.
565 5223 732 5276 Paulo
755 5221 876 5290 post
899 5222 1027 5276 editi
1058 5237 1182 5276 cum
1210 5222 1537 5288 quibusdam
1562 5239 1698 5277 mss.
1725 5224 1926 5278 habent

340 5292 434 5347 τοῦ
466 5303 590 5348 ante.
619 5292 870 5353 κτίστου,
906 5292 1000 5348 sed
1033 5293 1301 5362 articulus
1327 5293 1480 5346 deest
1509 5294 1559 5346 in
1593 5292 1784 5362 Regio,
1823 5295 1924 5348 Se-

341 5365 605 5430 gueriano
633 5374 688 5417 et
715 5362 1024 5419 Basiliensi.
1053 5361 1189 5417 Ibid.
1221 5361 1314 5415 καί
1335 5363 1488 5417 deest
1517 5365 1571 5417 in
1595 5361 1926 5419 Gobleriano

341 5444 396 5489 et
431 5433 667 5488 thlcknt.
705 5436 903 5502 primo.

415 5503 526 5574 (18)
567 5505 660 5558 Sic
708 5501 838 5573 Reg.
886 5511 939 5558 et
984 5505 1208 5573 Seguer.
1259 5501 1316 5555 1n
1366 5504 1526 5559 editis
1560 5515 1615 5559 et
1664 5505 1786 5560 aliis
1832 5504 1927 5558 καί

340 5576 515 5701 ῗθθῗι.
545 5574 671 5630 Mox
710 5574 913 5646 Regius
941 5585 993 5628 et
1017 5575 1266 5645 Segucr.,
1301 5575 1510 5647 ἐπειδὴ.
1548 5575 1687 5630 Ε(ιίιί
1723 5585 1776 5630 et
1799 5576 1925 5639 alii,

361 5663 442 5698 -πε
473 5686 487 5700 .

361 5663 487 5700 ιπει.

418 5716 528 5789 (l9)
553 5710 659 5770 Οὗν
689 5715 840 5770 deest
873 5717 924 5772 in
951 5714 1262 5786 Basilicnsi,
1283 5727 1334 5772 et
1363 5733 1486 5774 mox
1521 5718 1792 5774 articulus
1813 5717 1839 5769 0
1871 5716 1926 5772 in

2033 4536 2142 4588 ἀπὸ
2172 4535 2272 4605 τῆς
2299 4535 2479 4605 ψυχῆς
2504 4534 2709 4587 ἑαυτῶν
2736 4535 2835 4604 τὴν
2870 4531 2982 4602 (25)
3005 4530 3414 4601 προγενομένην
3440 4531 3499 4582 ὲν
3523 4531 3623 4582 αὺ-

2031 4631 2143 4691 τοῖς
2176 4629 2484 4681 κακόνοιαν.
2518 4627 2696 4680 Καλὸν
2727 4625 2836 4696 γάρ
2863 4625 3080 4687 αὐτοὺς,
3109 4622 3253 4676 κατὰ
3277 4621 3336 4675 τὸ
3369 4639 3626 4694 γεγραμ-

2037 4719 2229 4790 μένον,
2267 4718 2617 4787 ἁποπηδῆσαι
2647 4717 2741 4769 καὶ
2772 4715 2846 4786 μὴ
2892 4713 3233 4785 ὲγχρονίσαι·
3268 4714 3355 4765 ῖνα
3389 4713 3464 4784 μὴ
3496 4715 3622 4764 ὲπι-

2036 4811 2288 4882 μένοντες
2332 4810 2606 4864 ἀκούσωσι
2637 4809 2700 4862 τὸ
2739 4806 3027 4879 εἰρημένον
3073 4805 3178 4858 ὑπὸ
3226 4803 3320 4858 τοῦ
3370 4804 3621 4858 Κυοίουο

2033 5077 2204 5133 Βοαίο

2031 5094 2314 5272 ῗὶἷὲὃ).1η
2345 5148 2505 5204 editis
2532 5157 2636 5202 art.
2671 5150 2705 5219 ἠ
2734 5158 2860 5204 ante
2884 5147 3053 5218 Τριάς
3083 5147 3297 5218 legitur.
3331 5147 3437 5202 Sed
3470 5147 3637 5202 deest.

2031 5236 2084 5272 in
2167 5235 2305 5272 emo.

2031 5236 2084 5274 tn
2118 5235 2305 5274 nemo.

2102 5238 2349 5361 (ἒῗξηέἱο
2377 5290 2690 5361 (ἰοὺιειηθι
2728 5289 2911 5344 Felck.
2939 5289 2990 5342 l.
3041 5287 3100 5341 ln
3133 5287 3295 5361 editis
3318 5296 3373 5361 et
3405 5287 3630 5361 caeteris

2031 5355 2207 5425 mss,
2228 5355 2307 5422 εἷς
2337 5362 2365 5413 0
2398 5361 2548 5424 Θεός,
2582 5359 2702 5414 Mox
2729 5363 2758 5413 0
2784 5371 2908 5414 ante
2937 5361 3060 5412 ἐπεὶ
3090 5358 3311 5411 πάντων
3341 5358 3626 5413 desidera-

2035 5443 2124 5486 tur
2149 5435 2200 5484 in
2228 5432 2411 5492 editis.
2448 5433 2540 5486 sed
2573 5433 2805 5484 habetur
2837 5433 2889 5484 in
2920 5429 3054 5500 Reg.
3087 5443 3142 5484 et
3174 5432 3404 5497 Seguer.

2108 5504 2218 5571 (22)
2257 5501 2475 5557 Goltler.
2505 5513 2559 5556 et
2584 5502 2766 5556 Felek.
2794 5502 2846 5561 1,
2882 5501 3120 5572 γράψας.

2109 5566 2219 5637 (25)
2257 5574 2350 5627 Sic
2398 5574 2620 5643 Regius,
2664 5566 3157 5644 Seguerﬁ'Go'bler.
3189 5579 3243 5626 et
3285 5566 3530 5625 Felckm.
3570 5568 3622 5624 ιι

2037 5645 2179 5701 Editi
2215 5660 2364 5711 vero,
2397 5644 2597 5698 αὐτῶν.
