3822 6226
192 302 302 361 657

1320 287 1659 345 EPISTOLA
1690 285 1755 340 IV
1807 283 1898 337 AD
1945 280 2404 338 SEBAPIONEM.

3358 266 3463 321 658

203 438 224 471 ι
259 419 354 481 Ὃς
376 415 422 469 δ’
446 413 515 468 ἀν
540 414 672 486 εἴπῃ
700 410 839 466 κατὰ
862 411 958 465 τοῦ
990 409 1308 480 Πνεύματος
1328 406 1424 461 τοῦ
1449 405 1608 474 ἀγίου
1626 445 1642 468 ,
1677 404 1768 457 οὐκ

1897 397 2099 453 iudiant
2129 397 2275 468 quod
2307 396 2514 452 dictum
2550 402 2635 448 est
2667 409 2699 447 a
2745 389 2976 446 Domino
3010 405 3024 442 :
3059 405 3078 439 ο
3136 380 3462 481 Quicunque

197 470 536 578 ἀφεθήσεται
572 470 723 574 αὑτῷ
748 502 870 556 οὔτε
903 506 961 557 ὲν
987 501 1068 573 τῷ
1094 470 1250 556 αίῶνι
1279 501 1452 574 τούτῳ
1480 470 1590 568 (Ἦ)
1615 536 1630 562 ,
1657 494 1768 550 οὕτε

1897 488 2072 542 lixerit
2088 489 2310 543 verbum
2328 496 2518 542 contra
2554 483 2817 554 Spiritum
2856 487 3104 535 sanctum
3138 489 3247 529 non
3276 470 3463 525 remit-

188 601 259 651 ἐν
278 598 358 669 τῷ
392 596 660 668 μέλλοντι.

1879 589 2023 636 tetur
2042 581 2113 647 ei,
2150 596 2327 651 neque
2351 580 2405 633 in
2457 579 2561 632 hoc
2597 574 2828 640 sreculo,
2865 586 3040 642 neque
3063 570 3116 623 in
3142 568 3323 622 futuro
3343 564 3406 612 ι’.
3436 584 3455 615 ι

191 850 575 906 εΠΙΣΊὉΛΗ
624 855 750 906 ΤΟΥ
795 855 1044 907 ΑΥΤΟΥ
1092 856 1285 908 ΠΡΟΣ
1340 858 1476 910 MN
1533 857 1768 909 ΑΥΤοᾶ

1897 848 2220 907 rwsmm
2260 849 2358 903 AD
2401 846 2722 903 EUMDEM
2765 836 3465 910 εΕηΑΡιοΝΕΜί-Ερι-

278 924 655 976 ΣΕΡΑΠΙΩΝΑ
739 926 1016 977 ΟΜΟΙΩΣ
1091 927 1263 979 ΠΕΡΙ
1340 928 1485 982 ΤΟΥ
1555 925 1784 979 ΑΓΙΟΥ

274 993 425 1046 arma
435 994 573 1046 mm
584 995 716 1047 τοι*
742 993 876 1065 (25).

279 1122 564 1193 Ἔνέτυχον
589 1125 683 1178 καὶ
702 1127 767 1196 τῇ
795 1124 888 1177 νῦν
912 1124 1185 1197 γραφείσῃ
1206 1124 1358 1197 παρά
1380 1125 1480 1196 τῆς
1507 1128 1606 1198 σῆς
1628 1126 1787 1179 εὐλα-

194 1212 354 1278 ϐείας
374 1214 655 1285 ἐπιστολῇ,
684 1217 777 1269 καὶ
800 1216 939 1269 πάνυ
963 1216 1249 1288 θαυμάσας
1267 1217 1365 1287 τὴν
1388 1218 1659 1271 ἀναίδειαν
1682 1216 1789 1271 τῶν

194 1307 514 1379 αἱρετικῶν,
543 1309 800 1372 συνεῖδον,
827 1308 902 1372 ὡς
923 1308 1074 1361 οὐδὲν
1099 1308 1270 1373 οὕτως
1295 1309 1523 1381 ἁρμόζει
1548 1311 1676 1382 περὶ
1695 1310 1794 1363 αύ-

191 1398 307 1452 τῶν
339 1400 515 1452 εἰπεῖν
537 1399 569 1471 ἥ
589 1399 648 1452 τὸ
671 1399 767 1453 τοῦ
803 1400 1125 1453 Ἀποστόλου
1158 1401 1524 1472 παράγγελμα
1541 1417 1554 1430 ·
1585 1420 1603 1452 ι
1626 1403 1789 1471 Αἱρε-

192 1490 349 1544 τικδν
369 1490 655 1562 ἄνθρωπον
679 1492 814 1563 μετά
837 1492 967 1562 μίαν
986 1492 1079 1546 καὶ
1097 1493 1352 1564 δευτέραν
1369 1492 1645 1547 νουθεσίαν
1661 1510 1795 1564 παρ-

2026 916 2269 978 εΤοιΑ
2306 913 2490 973 ΙΤΕΜ
2532 917 2627 972 DE
2667 913 2955 972 SANCTO
2995 907 3320 969 SPIRITU.

1962 1126 2014 1181 1.
2058 1124 2186 1194 Legi
2212 1126 2502 1193 epistolam
2535 1136 2566 1175 a
2594 1129 2687 1175 tua
2733 1120 2930 1190 pietate
2976 1117 3138 1172 modo
3178 1117 3459 1186 scriptam,

1892 1219 2354 1286 vehementerque
2403 1216 2704 1290 admiratus
2752 1210 3127 1266 haereticorum
3177 1208 3465 1278 impuden-

1897 1314 2050 1376 tiam,
2092 1307 2453 1363 animadverti
2500 1306 2638 1360 nihil
2692 1318 2846 1372 azque
2891 1301 2998 1355 illis
3052 1298 3341 1355 convenire
3400 1314 3467 1352 ac

1892 1400 2140 1472 Apostoli
2166 1409 2495 1469 praeceptum
2527 1415 2540 1451 :
2584 1414 2603 1448 ι
2640 1394 2966 1450 Haereticum
3014 1391 3309 1454 hominem,
3344 1395 3469 1459 post

1895 1508 2061 1549 unam
2116 1501 2171 1546 et
2223 1490 2520 1545 secundam
2571 1486 2988 1547 correctionem,
3030 1482 3253 1548 devita;
3286 1479 3468 1534 sciens

194 1580 380 1641 αιτοῦ,
421 1580 598 1644 εἰδὼς,
635 1582 715 1634 ὅτι
740 1580 1102 1655 ἐξέστραπται
1134 1584 1163 1635 6
1193 1585 1462 1649 τοιοῦτος,
1495 1584 1589 1638 καὶ
1612 1585 1768 1655 ἀμαρ

1897 1585 2023 1651 quia
2048 1582 2345 1637 subversus
2386 1587 2487 1640 est.
2517 1577 2608 1647 qui
2636 1575 2906 1646 ejusmodi
2943 1581 3049 1639 est,
3081 1580 3135 1626 et
3176 1569 3466 1640 delinquit,

193 1671 350 1725 τάνει
377 1672 455 1725 ὢν
486 1673 966 1744 αὐτοκατάκριτος.
1001 1692 1018 1724 ι
1056 1674 1505 1746 Διεστραμμένην
1530 1673 1639 1746 γὰρ
1667 1674 1782 1746 (26)

193 1761 339 1831 ἔχων
372 1761 470 1833 τὴν
496 1762 769 1827 διάνοιαν,
801 1763 899 1833 οὐχ
933 1763 999 1816 ἵν’
1033 1762 1270 1827 ἀκούσας
1313 1764 1533 1836 πεισθῇ,
1566 1766 1676 1818 οὐδ’
1701 1766 1788 1820 ἵνα

196 1851 393 1925 μαθὼν
424 1853 693 1925 μεταγνῷ,
722 1853 1068 1919 πυνθάνεται,
1101 1854 1215 1909 ἀλλ’
1236 1855 1400 1908 ’ἐνεκά
1419 1873 1482 1925 γε
1510 1856 1619 1910 τῶν
1646 1857 1788 1910 ἀπα-

193 1941 475 2012 τηθέντων
505 1944 634 2013 παρ’
662 1942 851 2007 αὑτοῦ,
889 1943 962 2014 μὴ
997 1943 1104 2016 ἄρα
1126 1945 1408 2015 σιωπήσας
1429 1945 1785 2017 καταγνωσθῇ

195 2033 295 2085 καὶ
320 2035 452 2104 παρ’
480 2034 679 2087 αὐτῶν.
722 2035 920 2105 Ἤρκει
948 2029 1039 2088 οῦν
1067 2036 1135 2088 τά
1162 2036 1537 2106 προειρημένα
1556 2051 1571 2066 ο
1606 2037 1786 2107 ἢρκει,

193 2122 469 2185 τοσαύτας
503 2121 807 2191 ἀποδείξεις
827 2123 1088 2188 λαϐόντας
1109 2124 1326 2189 αὐτοὺς,
1357 2124 1666 2179 παύσασθαι
1689 2126 1789 2197 τῆς

193 2214 348 2268 κατά
367 2214 460 2267 τοῦ
485 2215 641 2284 ἁγίου
660 2216 979 2287 Πνεύματος
998 2216 1330 2288 δυσφημίας.
1350 2217 1487 2271 Ἀλλ’
1510 2218 1605 2271 οὐκ
1623 2218 1789 2290 ἠρκέ-

198 2305 412 2377 σθησαν
445 2307 579 2379 (27)·
615 2309 777 2362 πάλιν
802 2309 857 2362 δὲ
886 2308 1278 2377 ἀναιδεύονται,
1306 2308 1394 2363 ἴνα
1414 2309 1680 2374 δείξωσιν,
1706 2310 1788 2362 ὅτι

194 2396 528 2467 λογομαχεῖν
578 2399 1005 2470 μελετήσαντες,
1042 2401 1135 2453 καὶ
1167 2399 1351 2453 λοιπὸν
1390 2401 1787 2472 Πνευματομα-

191 2483 447 2556 χοῦντες,
474 2483 688 2539 ἔσονται
712 2487 828 2557 μετ’
854 2487 1033 2556 ὀλίγον
1061 2487 1245 2561 νεκροὶ
1276 2491 1343 2560 τῇ
1377 2489 1591 2559 ἀλογίᾳ.
1629 2489 1789 2560 Ἀμέ-

194 2577 285 2629 λει
316 2576 424 2630 κᾶν
444 2568 807 2649 ἀποκρίνηται
829 2596 913 2642 τις
933 2579 1028 2632 καὶ
1055 2579 1191 2651 πρὸς
1215 2579 1316 2642 τὰς
1336 2579 1430 2633 νῦν
1454 2581 1631 2635 αὐτῶν
1653 2584 1790 2653 ἐρω-

191 2667 416 2739 τήσεις,
447 2668 600 2721 οὐδὲν
624 2663 791 2743 ἦττον
823 2670 1117 2742 ὲφευρεταὶ
1149 2670 1334 2725 κακῶν
1354 2672 1597 2726 ἔσονταιο
1629 2674 1788 2744 μόνον

196 2758 295 2814 ἱνα
320 2758 611 2831 ζητοῦντες
637 2760 712 2831 μὴ
735 2759 988 2831 εὕρωσιν,
1010 2761 1044 2833 ἢ
1077 2762 1409 2826 ἀκούσαντες
1432 2764 1543 2834 (28)
1571 2765 1644 2836 μὴ
1668 2766 1789 2835 νοή-

1887 1689 2013 1729 cum
2048 1673 2118 1729 sit
2145 1671 2366 1742 proprio
2401 1668 2609 1739 judicio
2655 1666 3054 1722 condemnatus
3078 1662 3143 1715 “.
3181 1681 3197 1715 ι
3233 1661 3467 1716 Perver-

1886 1781 2003 1821 sam
2053 1764 2198 1819 enim
2242 1772 2479 1817 mentem
2510 1775 2634 1815 cum
2677 1758 2892 1824 habeat,
2934 1772 3043 1811 non
3077 1755 3196 1810 ideo
3221 1753 3470 1810 sciscita-

1887 1866 1978 1909 tur
2011 1862 2070 1908 ut
2094 1868 2217 1908 cum
2254 1850 2491 1906 audierit
2513 1850 2871 1918 obtemperet,
2903 1861 3080 1916 neque
3118 1854 3181 1901 ut
3211 1860 3338 1900 cum
3383 1842 3470 1896 di-

1886 1948 2101 2011 dicerit,
2135 1945 2458 2015 resipiscat;
2483 1942 2574 1998 sed
2601 1955 2790 1995 eorum
2836 1953 3000 1992 causa
3033 1952 3173 2006 quos
3207 1934 3325 2005 ipse
3362 1932 3466 1988 de-

1889 2040 2048 2109 cepit,
2076 2053 2141 2092 ne
2168 2037 2397 2099 scilicet,
2425 2035 2470 2090 si
2502 2040 2695 2096 taceat,
2723 2031 2792 2086 ab
2818 2030 2954 2100 ipsis
2986 2043 3205 2099 quoque
3230 2028 3462 2082 damne-

1888 2142 1999 2187 tur.
2033 2129 2202 2183 Erant
2226 2143 2358 2183 sane
2383 2141 2504 2197 quaa
2536 2126 2690 2195 prius
2736 2122 2882 2179 dicta
2917 2130 3046 2176 sunt
3082 2120 3217 2175 satis
3247 2136 3260 2172 :
3307 2118 3467 2197 sulti-

1889 2222 2107 2277 eiebant
2135 2220 2227 2274 illa
2262 2228 2342 2274 tot
2371 2192 2632 2287 tantaque
2682 2222 3003 2287 argumenta
3052 2212 3158 2268 sibi
3195 2192 3467 2282 opposita,

1889 2323 1950 2369 ut
1985 2314 2144 2367 linem
2182 2311 2423 2367 facerent
2472 2306 2890 2378 blasphemandi
2938 2307 2992 2360 in
3041 2304 3304 2375 Spiritum
3339 2318 3470 2358 san-

1888 2415 2059 2461 ctum.
2086 2402 2291 2459 Verum
2347 2418 2456 2457 non
2497 2410 2583 2456 sat
2610 2400 2721 2455 illis
2743 2397 2869 2465 fuit,
2906 2382 3000 2453 sed
3031 2411 3251 2452 rursum
3280 2395 3467 2464 impu-

1888 2498 2078 2552 denter
2109 2511 2230 2551 sese
2249 2502 2469 2565 gerunt,
2511 2503 2571 2548 ut
2595 2492 2725 2546 hinc
2748 2490 2929 2561 palam
2970 2488 3175 2542 faciant
3218 2502 3275 2543 se
3306 2499 3468 2539 exer-

1887 2590 2084 2644 citatos
2112 2586 2177 2642 ad
2201 2586 2548 2658 pugnandum
2573 2584 2733 2655 557
2772 2598 2896 2638 cum
2925 2581 3110 2641 verbo.
3145 2577 3473 2646 tandemque

1890 2680 2151 2750 Spiritum
2190 2688 2445 2735 sanctum
2505 2684 2904 2748 oppugnantes,
2959 2673 3110 2728 brevi
3158 2670 3273 2726 fore
3327 2669 3470 2724 insi-

1888 2774 2093 2843 pientia
2120 2788 2217 2828 sua
2246 2780 2515 2825 mortuos.
2562 2766 2813 2821 Profecto
2839 2765 3003 2821 etiam
3033 2764 3079 2820 si
3108 2763 3231 2833 quis
3261 2761 3327 2816 ad
3362 2761 3469 2815 hu—

197 2866 395 2903 σωσιν.
443 2845 567 2904 Οἴαι
597 2851 655 2905 δὲ
702 2851 879 2905 αὐτῶν
911 2852 968 2905 αἱ
1006 2853 1168 2922 σοφαὶ
1203 2855 1532 2927 ὲρωτήσεις;
1594 2856 1656 2909 Εἰ
1688 2857 1768 2909 ού)

1897 2862 2124 2932 iusmodi
2174 2876 2362 2915 eorum
2397 2857 2849 2927 interrogationes
2896 2854 3257 2925 respondeat,
3291 2849 3467 2906 nihilo

197 2944 320 2996 ἔστι
349 2942 553 3013 κτίσμα
586 2943 646 2996 τὸ
673 2942 827 3012 ἀγιον
861 2944 1113 3016 Πνεῦμα,
1150 2946 1344 3000 οὐκοῦν
1366 2988 1379 3013 ,
1411 2949 1606 3017 φασὶν,
1658 2949 1768 3014 Υἱός

1897 2953 2075 3008 minus
2100 2951 2256 3005 malis
2289 2948 2663 3018 excogitandis
2702 2944 3050 3008 incumbent,
3074 2958 3139 2997 eo
3180 2941 3357 2996 solum
3409 2948 3472 2994 ut

193 3036 321 3089 ἐστι
342 3074 358 3098 ,
406 3035 501 3086 καὶ
530 3033 748 3105 ἀδελφοὶ
777 3034 871 3088 δύο
902 3038 930 3089 6
958 3036 1129 3104 Λόγος
1160 3038 1253 3090 καὶ
1278 3038 1437 3103 αύτός
1467 3040 1600 3111 (29).
1654 3037 1768 3095 Εἷτι

1897 3052 2194 3115 ψιαιιθειιιεε
2231 3057 2338 3096 non
2365 3040 2665 3100 inveniant.
2694 3037 2778 3091 vel
2809 3035 3091 3090 audientes
3120 3046 3231 3086 non
3264 3031 3467 3085 intelli-

198 3119 571 3222 EROfTOUO'tV,
604 3122 679 3185 ὡς
710 3124 941 3194 γράφεις
960 3142 975 3156 ’
1002 3126 1158 3210 Είᾼὲκ
1191 3126 1283 3179 τοῦ
1314 3127 1447 3181 Υίοῦ
1476 3128 1702 3199 λήψεται
1728 3132 1768 3184 τὲ

1897 3145 2041 3206 gaut.
2069 3133 2405 3204 Cujusmodo
2458 3146 2624 3200 porro
2669 3136 2798 3185 sunt
2841 3126 3050 3184 callidae
3092 3125 3332 3195 ipsorum
3385 3122 3472 3176 in-

200 3213 455 3283 Πνεῦμα,
486 3214 580 3267 καὶ
604 3216 733 3286 παρ’
762 3214 927 3268 αὑτοῦ
954 3216 1150 3269 δίδοται
1177 3216 1386 3287 (οὕτως
1440 3219 1549 3291 γὰρ
1580 3222 1768 3293 γέγρα·

1897 3221 2390 3296 terrogationes?Si
2426 3221 2662 3290 Spiritus
2695 3226 2917 3274 sanctus
2944 3231 3053 3271 non
3089 3215 3160 3271 sit
3188 3220 3468 3276 creatura,

198 3321 342 3358 πται
362 3304 404 3376 ),
457 3304 619 3369 εὐθὺς
651 3306 980 3376 ἐπάγουσιν⁹
1027 3310 1236 3364 Οὐκοῦν
1267 3310 1492 3376 πάππος
1515 3312 1543 3364 ὁ
1571 3315 1763 3387 Πατὴρ

1897 3332 2034 3387 ergo,
2077 3319 2252 3381 aiunt,
2276 3314 2451 3370 Filius
2479 3322 2583 3379 est,
2625 3320 2678 3366 et
2712 3312 2911 3366 fratres
2936 3310 3044 3364 duo
3070 3314 3199 3362 sunt
3225 3303 3469 3359 Verbum

198 3396 301 3497 καὶ
330 3394 550 3464 ἕκγονόν
586 3396 698 3467 (50)
732 3400 880 3451 ἐστιν
912 3398 1077 3452 αὑτοῦ
1106 3399 1167 3452 τὸ
1201 3400 1445 3471 Πνεῦμα.

1897 3416 2056 3478 atque
2081 3407 2217 3476 ipse.
2246 3404 2443 3460 POStea
2472 3404 2825 3467 subsumunt,
2862 3408 2920 3455 ut
2959 3397 3155 3453 scribis
3192 3412 3207 3451 :
3249 3395 3308 3449 Si
3351 3393 3469 3464 Spio

200 3486 349 3540 ritus
417 3495 641 3543 sanctus
684 3503 715 3543 a
765 3487 905 3544 Filio
964 3492 1212 3561 accipiet,
1260 3501 1315 3547 et
1365 3493 1434 3548 ab
1498 3493 1618 3565 ipso
1662 3496 1823 3552 datur
1882 3497 1982 3570 (ita
2032 3499 2179 3555 enim
2238 3498 2500 3567 scriptum
2570 3492 2711 3566 est),
2773 3500 2829 3548 et
2884 3491 3136 3562 protinus
3187 3486 3464 3542 inferant:

196 3595 338 3651 ergo
371 3596 507 3637 avus
527 3591 610 3638 est
635 3581 819 3648 Pater,
851 3592 905 3639 et
937 3600 1105 3655 nepos
1134 3596 1217 3643 est
1247 3588 1505 3657 Spiritus.

273 3674 333 3730 2.
364 3675 462 3738 Τίς
481 3718 496 3742 ,
544 3677 748 3732 τούτων
777 3679 990 3734 ἀκούων
1013 3721 1026 3746 ,
1063 3681 1144 3735 ἔτι
1183 3683 1572 3754 Χριστιανοὺς,
1609 3685 1703 3739 καὶ
1730 3687 1792 3739 ού

202 3768 410 3842 μᾶλλον
433 3769 697 3840 ’Έλληνας
717 3773 914 3837 αὐτοὺς
934 3775 1177 3844 νομίσας
1207 3774 1441 3829 Τοιαῦτα
1464 3776 1574 3847 γὰρ
1598 3777 1794 3849 Ἔλλη-

196 3877 296 3923 νες
324 3860 448 3913 καθ’
483 3861 640 3931 ἡμῶν
670 3862 949 3933 ὁμιλοῦσιν
978 3866 1210 3928 ἑαυτοῖς.
1262 3866 1359 3930 Τίς
1393 3868 1792 3939 ἀποκρίνασθαι

198 3951 423 4022 θελήσει
457 3953 595 4023 πρὸς
630 3954 728 4025 τὴν
753 3956 1006 4027 τοιαύτην
1035 3957 1346 4030 ἀφροσύνην
1375 3960 1582 4026 αὐτῶν;
1649 3961 1789 4030 Ἐγὼ

199 4043 358 4114 γοῦν,
383 4045 555 4099 πολλά
571 4045 946 4119 λογισάμενος,
970 4050 1065 4102 καὶ
1085 4048 1262 4120 ζητῶν
1282 4051 1628 4123 ἁρμόζουσαν
1651 4054 1789 4125 πρὸς

199 4139 403 4204 αὐτοὺς
433 4140 749 4212 ἀπόκρισιν,
784 4142 1037 4213 οὐδεμίαν
1083 4138 1239 4214 εὗρον
1273 4145 1305 4215 ἢ
1339 4145 1438 4217 τὴν
1472 4145 1607 4216 πρὸς
1659 4148 1787 4211 τοὺς

198 4231 536 4301 Φαρισαίους
556 4232 680 4285 τότε
706 4232 1025 4303 γενομένην.
1061 4235 1150 4297 Ὠς
1199 4235 1307 4307 γὰρ
1334 4236 1593 4301 ἐκείνους,
1623 4255 1788 4291 κακο-

199 4322 764 4395 ήθωςὲρωτήσαντας,
788 4325 1172 4397 ἀντηρώτησεν
1187 4329 1216 4380 6
1240 4327 1449 4400 Σωτὴρ,
1469 4329 1535 4383 ἵν’
1558 4330 1787 4383 αἴσθων-

196 4429 293 4467 ται
323 4413 422 4483 τῆς
446 4412 581 4477 ἰδίας
619 4414 923 4482 κακονοίας,
947 4415 1139 4481 οὕτως,
1173 4418 1360 4490 ἐπειδὴ
1386 4419 1480 4471 καὶ
1502 4414 1646 4474 οὗτοι
1672 4420 1783 4491 (51)

197 4502 429 4557 τοιαῦτα
457 4505 755 4577 ἐρωτῶσιν,
783 4508 1093 4562 εἰπάτωσαν
1122 4511 1254 4580 ἡμῖν
1284 4511 1459 4575 αὐτοὶ,
1496 4510 1693 4581 μᾶλλον
1725 4511 1783 4564 δὲ

194 4595 694 4666 ἀποκρινάσθωσαν
715 4598 1057 4670 ἐρωτώμενοι
1077 4600 1437 4672 ὡςὲρωτῶσιν
1456 4600 1585 4671 (52).
1604 4602 1729 4655 Ἑπε
1739 4620 1783 4654 ι-

194 4684 264 4757 δὴ
279 4684 410 4757 γὰρ,
428 4686 699 4755 λέγοντες,
718 4688 816 4752 τὰς
832 4690 961 4761 παρ’
983 4690 1164 4744 αὐτῶν
1187 4692 1500 4763 ὲφευρέσεις
1520 4695 1578 4745 ού
1599 4691 1781 4745 νοοῦσι

191 4776 363 4848 τάχα,
398 4779 503 4832 κᾶν
536 4779 856 4845 ἀκούοντες,
892 4781 1157 4850 ὲπιγνῶσι
1180 4782 1278 4854 τὴν
1307 4781 1512 4835 ἑαυτῶν
1543 4783 1781 4855 ἀφροσύ-

236 4952 280 4984 "
311 4953 505 5009 Matth.
534 4970 631 5022 xu,
659 4951 766 5011 52.’
833 4957 877 4989 ⁸³
910 4955 1019 5012 Tit.
1056 4974 1139 5023 ιιι,
1178 4956 1266 5014 10.

265 5113 382 5181 (ει)
420 5112 608 5183 Τούτῳ
635 5112 788 5183 deest
814 5113 867 5167 in
899 5113 1064 5172 Basil.

266 5185 385 5260 {'25)
427 5184 484 5260 In
517 5182 675 5260 titulo
724 5182 891 5260 Regio
918 5195 972 5260 et
1002 5186 1248 5258 Seguer.,
1285 5187 1632 5260 Σαραπίωνα.
1668 5185 1774 5242 lbi—

190 5255 317 5307 dem
346 5253 550 5321 ὁμοίως
574 5253 728 5307 abest
757 5269 785 5306 a
820 5254 984 5308 Basil.

264 5322 379 5411 (2‘27!
409 5321 758 5411 ἐξῆψε-ξι
788 5323 977 5411 βῖιείικ
1001 5325 1092 5411 εεῖᾲ
1118 5327 1172 5411 in.
1198 5326 1359 5411 ςξίίεῖξ
1386 5327 1700 5411 nienses!-

264 5390 383 5460 .’2'i)
408 5390 483 5444 Ita
521 5390 651 5461 Regi.
682 5393 908 5459 Seguer.
938 5394 1103 5451 Basil.
1126 5408 1180 5452 et
1210 5390 1425 5453 Gobler.
1448 5390 1583 5453 Editi
1622 5413 1765 5462 vero,

190 5464 483 5534 mendose,
509 5463 873 5534 ὴρκίσθησαν.

263 5534 382 5613 (εδ-8)
414 5531 611 5613 Basil.;
644 5531 1169 5613 ἀκούοντεςκιέιυιρ
1204 5545 1328 5613 post
1358 5537 1492 5613 Reg.
1539 5549 1592 5594 et
1623 5538 1772 5609 $03.,

187 5603 252 5658 τὸ
274 5602 449 5676 Αᾷγιον
472 5602 718 5676 Πνεῦμαἐ
743 5603 908 5669 Editi,
934 5603 994 5657 τὸ
1017 5602 1240 5676 Πνεῦμα
1272 5608 1331 5661 τὸ
1355 5604 1526 5676 ἅγιον.

287 5622 445 5729 αξιον
473 5622 716 5673 ιινευμα.
743 5622 908 5669 Mill,
934 5622 994 5657 το
1018 5622 1240 5676 ιινευμα
1272 5622 1331 5661 το
1355 5622 1526 5676 αγιον.

262 5673 321 5741 (2
363 5679 383 5743 )
415 5671 642 5743 Regius,
686 5672 1004 5745 Segueriau.
1035 5677 1243 5743 Basili.,
1291 5679 1383 5731 καὶ
1417 5678 1598 5742 αὑτός.
1632 5677 1772 5731 illiti

1968 3682 2024 3737 2.
2063 3679 2197 3747 Quis
2231 3679 2346 3733 haec
2374 3677 2623 3742 audiens,
2653 3673 3021 3738 Christianos,
3063 3681 3118 3725 et
3138 3685 3246 3725 non
3281 3652 3467 3739 potius

1890 3788 2132 3845 paganos
2174 3771 2296 3826 illos
2349 3765 2735 3823 existimabit?
2769 3762 2905 3818 Nam
2961 3762 3088 3818 talia
3135 3761 3329 3832 pagani
3363 3761 3466 3815 ad-

1891 3881 2113 3923 versum
2151 3878 2252 3918 nos
2302 3862 2445 3916 inter
2472 3875 2530 3915 se
2573 3859 2978 3927 colloquuntur.
3039 3854 3174 3920 Quis
3219 3853 3365 3907 volet
3397 3852 3468 3907 ad

1887 3956 2162 4029 ejusmodi
2189 3954 2408 4008 illorum
2440 3949 2711 4005 insaniam
2764 3943 3136 4015 respondere?
3169 3941 3299 3996 Mihi
3331 3955 3465 3996 sane

1889 4050 2062 4104 multa
2087 4060 2304 4102 mecum
2332 4040 2631 4113 reputanti,
2680 4054 2745 4094 ac
2774 4035 3039 4108 quaerenti
3068 4042 3464 4103 congruentem

1889 4141 2000 4196 illis
2024 4137 2465 4208 responsionem,
2494 4132 2640 4189 nulla
2663 4128 2904 4185 occurrit
2942 4135 3138 4197 praeter
3169 4125 3315 4179 illam
3343 4139 3466 4194 qua)

1887 4241 2020 4286 tunc
2051 4227 2345 4284 Pharisaeis
2384 4224 2510 4279 data
2541 4232 2644 4278 est.
2679 4219 3151 4288 Quemadmodum
3187 4216 3330 4272 enim
3368 4228 3463 4271 eos

1887 4324 2032 4378 malo
2062 4322 2246 4376 animo
2280 4317 2610 4379 sciscitatos,
2637 4313 2881 4369 vicissim
2928 4310 3184 4365 Servator
3228 4309 3456 4363 interro.

1860 4412 2049 4483 .gavit,
2082 4418 2143 4464 ut
2167 4408 2364 4463 mentis
2410 4421 2523 4460 sua:
2555 4403 2966 4474 perversitatem
3012 4399 3116 4470 ipsi
3165 4398 3460 4465 sentirent,

1883 4507 1963 4560 sic
1994 4501 2253 4574 quoniam
2283 4509 2339 4554 et
2363 4498 2453 4553 isti
2481 4496 2611 4552 talia
2646 4503 3059 4566 percontantur,
3091 4491 3275 4547 dicant
3306 4489 3463 4544 nobis

1883 4594 2106 4667 ipsi,vel
2125 4593 2303 4662 potius
2327 4589 2691 4659 respondeant
2734 4585 3071 4656 interrogati.
3112 4583 3450 4653 quemadmo-

1884 4688 2012 4742 dum
2040 4684 2141 4754 ipsi
2173 4685 2521 4750 interrogant.
2547 4679 2989 4750 Quandoquidem
3010 4677 3176 4741 enim,
3220 4675 3349 4730 dum
3382 4674 3465 4727 lo-

1886 4784 2152 4848 quuntur,
2171 4774 2391 4828 inventa
2416 4788 2522 4826 non
2544 4772 2847 4842 intelligunt
2872 4785 2990 4834 sua,
3014 4767 3243 4824 fortasse
3263 4765 3344 4820 vel
3366 4780 3464 4819 au—

1878 5132 2030 5178 vero,
2061 5117 2154 5170 καὶ
2180 5116 2239 5187 τὸ
2276 5115 2519 5187 Πνεῦμα.

1953 5188 2065 5256 (50)
2091 5187 2164 5240 Ita
2197 5186 2398 5253 Regius
2423 5178 2480 5240 et
2509 5182 2660 5239 editi.
2695 5181 2943 5253 Segucr.,
2967 5180 3208 5251 ἔγγονον,
3240 5178 3457 5236 Gubler.

1879 5267 1934 5313 et
1962 5257 2106 5312 Felc.
2141 5258 2191 5325 1.
2227 5257 2495 5325 ἔγγονος.
2596 5294 2652 5325 Α.

1952 5329 2063 5395 (51)
2097 5319 2445 5380 Οὗτοιἰ]εοει
2486 5321 2803 5395 in_Gobler.
2831 5331 2885 5395 et
2915 5319 3060 5395 Frlc.
3083 5322 3142 5395 _’l.
3170 5319 3296 5395 ivlo:
3334 5329 3460 5395 ante

1880 5397 2031 5451 αὐτοί
2048 5389 2109 5450 in
2149 5397 2309 5450 editis
2352 5396 2400 5448 οἱ
2443 5393 2737 5464 legebatur,
2767 5391 2860 5446 sed
2901 5393 3054 5445 deest
3083 5391 3136 5444 in
3168 5390 3301 5460 Heg.
3331 5389 3455 5459 Seg.

1879 5468 2095 5522 Goblcr.
2126 5477 2178 5519 et
2208 5465 2350 5518 Fr-lc.
2392 5466 2442 5519 1.
2630 5464 2633 5467 ’

1951 5537 2063 5609 ('52)
2094 5537 2185 5590 Sic
2212 5534 2414 5609 Regius
2455 5541 2508 5609 e_t
2543 5529 2860 5609 Seguer_._ln
2900 5529 3060 5584 editis
3083 5536 3315 5609 _\_'ero_et
3347 5542 3457 5608 crr—

1882 5594 2010 5675 ter‘is
2046 5594 2177 5667 haec,
2203 5607 2278 5667 ὡς
2294 5594 3038 5675 ‘épwtdiawfdesideranlur.
3062 5598 3214 5675 _Mozr_
3234 5594 3454 5675 Regius.

1885 5660 2274 5747 Segueriauus,
2297 5660 2630 5739 Basiliensis,
2659 5672 2757 5737 τὰς
2787 5672 2918 5742 παρ’
2949 5668 3145 5724 αὐτῶν.
3177 5660 3455 5734 ΕιΙὶιί’,τὰςδ
