3822 6226
377 295 482 350 ϐἷθ

979 296 1036 350 S.
1082 295 1459 350 ATHANASII
1504 296 1654 352 OPP.
1695 297 1875 351 PARS
1924 295 1961 348 I.
1993 324 2064 334 —
2100 296 2473 355 HISTORICA
2509 300 2599 354 ΕΤ
2635 301 3049 358 DOGMATICA.

3526 308 3634 362 640

377 411 609 475 dientes,
667 411 935 470 insaniam
1000 426 1160 465 suam
1226 421 1543 482 agnoscent.
1593 413 1651 467 Si
1713 412 1933 483 Spiritu:

2047 427 2146 482 νην
2172 413 2304 482 (55).
2341 413 2403 466 Εἰ
2436 413 2510 485 μὴ
2537 416 2742 485 κτίσμα
2775 418 2892 468 ἐστὶ
2917 418 2976 469 τὸ
3015 418 3240 489 Πνεῦμα
3268 419 3328 472 τὸ
3356 419 3534 486 άγιον,
3554 421 3632 484 ὡς

377 509 602 556 sanctus
628 517 734 555 non
777 510 862 555 est
897 511 1170 566 creatura,
1199 513 1259 557 ut
1318 505 1374 558 in
1419 506 1797 575 superioribus
1845 503 1947 560 de-

378 602 739 646 monstratum
766 599 871 655 est,
900 593 994 647 sed
1022 594 1076 648 in
1115 593 1226 648 Deo
1251 605 1354 660 est,
1387 605 1442 650 et
1480 613 1543 650 ex
1596 595 1705 650 Deo
1737 597 1899 650 datur
1927 613 1942 651 :

375 695 506 750 ergo
535 680 677 735 filius
707 689 793 735 est
822 681 956 750 ipse,
997 692 1051 737 et
1081 683 1190 738 duo
1236 696 1365 740 sunt
1389 685 1583 741 fratres
1614 688 1729 756 ipse
1771 697 1823 742 et
1851 687 1944 740 Fi-

374 767 480 823 lius
520 785 534 821 :
577 779 630 824 et
665 773 709 825 si
740 771 864 827 Filii
901 783 984 828 est
1017 774 1278 843 Spiritus,
1307 785 1472 846 atque
1507 793 1536 832 a
1585 777 1723 832 Filio
1761 781 1944 834 omnia

373 859 569 928 accipit
606 861 864 930 Spiritus,
901 875 962 919 ut
988 866 1232 936 aitipse,
1267 876 1324 922 et
1355 887 1367 922 :
1405 888 1423 920 ι
1462 870 1946 926 Cuminsulllasset

371 938 521 1006 disdit
567 954 716 1008 illum
765 955 1159 1026 discipulis“:
1201 979 1220 1010 ι
1256 976 1379 1013 nam
1421 971 1475 1015 et
1508 977 1606 1016 vos
1658 962 1940 1017 fatemini:

370 1058 501 1112 ergo
530 1061 666 1100 avus
693 1056 776 1101 est
804 1046 967 1103 Pater
994 1058 1046 1102 et
1073 1064 1242 1118 nepos
1264 1051 1382 1117 ejus
1413 1061 1496 1106 est
1526 1051 1782 1121 Spiritus.
1814 1054 1946 1118 Qua:

370 1135 517 1189 enim
551 1136 896 1192 sciscitantes
933 1154 963 1192 a
995 1140 1151 1193 nobis
1179 1141 1444 1208 quzeritis,
1486 1142 1554 1196 de
1595 1143 1783 1196 iisdem
1821 1158 1941 1210 vos,

369 1238 420 1280 et
448 1242 515 1281 ex
552 1228 742 1282 iisdem
782 1230 1110 1300 interrogari
1147 1246 1364 1300 aequum
1406 1241 1507 1286 est.
1550 1231 1703 1298 Quod
1736 1233 1780 1287 si
1823 1250 1944 1303 qua

370 1317 572 1387 scripta
613 1330 740 1374 sunt
774 1322 1002 1390 negatis,
1049 1338 1154 1376 non
1195 1325 1335 1376 ultra
1378 1324 1679 1378 Christiani
1725 1326 1942 1381 dicendi

368 1409 522 1471 estis,
559 1421 611 1464 et
635 1427 731 1479 par
758 1423 842 1467 est
868 1423 926 1467 ut
976 1430 1097 1480 nos,
1140 1424 1326 1484 utpote
1385 1417 1746 1481 Christianos,
1772 1418 1943 1474 inter-

375 1504 599 1572 rogetis.
621 1505 726 1558 ‘Sin
758 1506 946 1560 eadem
983 1522 1104 1575 quae
1131 1522 1230 1562 nos
1257 1508 1457 1577 legitis,
1487 1524 1708 1565 necesse
1734 1519 1818 1565 est
1847 1527 1944 1568 vos

369 1610 586 1666 quoque
611 1595 678 1651 de
701 1597 890 1651 iisdem
924 1599 1002 1652 sic
1031 1613 1060 1652 a
1089 1598 1249 1653 nobis
1273 1600 1614 1669 interrogari.
1647 1599 1818 1655 Dicite
1843 1602 1944 1672 igi-

369 1694 460 1737 tur
485 1694 538 1739 et
567 1701 634 1739 ne
667 1687 1102 1751 cunctemini,an
1132 1685 1305 1743 Filius
1326 1699 1410 1744 est
1441 1687 1700 1759 Spiritus,
1729 1699 1783 1744 et
1807 1705 1942 1745 avus

2045 500 2106 554 ὲν
2128 506 2242 566 τοῖς
2272 503 2578 574 ἔμπροσθεν
2609 506 2896 570 δέδεικται,
2920 508 3033 560 ἀλλ’
3055 510 3112 561 ὲν
3132 509 3209 579 τῷ
3229 509 3348 580 Θεῷ
3369 512 3508 572 ἐστι,
3537 513 3632 564 καὶ

2043 591 2111 646 ὲκ
2136 593 2230 646 τοῦ
2261 594 2395 647 Θεοῦ
2425 595 2654 648 δίδοταιο
2688 596 2886 649 οὐκοῦν
2929 598 3044 662 υἱός
3079 601 3195 652 ἐστι
3217 600 3314 653 καὶ
3342 600 3498 664 αὑτὸ,
3534 601 3630 654 καὶ

2043 681 2139 737 δύο
2163 684 2400 754 ἀδελφοὶ,
2427 687 2558 740 αὐτό
2582 704 2642 740 τε
2666 689 2759 740 καὶ
2783 690 2812 740 6
2841 689 2969 753 Υἱός
2987 707 3000 720 ο
3041 691 3134 744 κα)⁵
3159 690 3320 744 εἰτοῦ
3351 691 3482 745 Υῐοῦ
3513 693 3632 744 ἐστι

2042 775 2104 829 τὸ
2125 775 2367 848 Πνεῦμα,
2392 779 2487 832 καὶ
2508 778 2661 849 παρὰ
2680 779 2773 832 τοῦ
2796 779 2927 832 Υἱοῦ
2949 781 3124 834 πάντα
3147 781 3357 851 δέχεται
3379 783 3439 835 τὸ
3458 783 3628 836 Πνεῦς

2048 885 2143 938 μα,
2169 868 2244 931 ὡς
2276 869 2438 932 αὑτὸς
2479 869 2689 941 εἴρηκε,
2725 871 2818 924 καὶ
2852 890 2870 921 ι
2911 873 3229 943 ὲμφυσήσας
3257 874 3490 926 δέδωκεν
3531 876 3626 928 αὺ-

2043 957 2105 1010 τὸ
2135 958 2248 1028 (54)
2284 962 2396 1022 τοῖς
2427 959 2696 1030 μαθηταῖς
2742 980 2760 1010 ι
2820 963 3150 1032 (ὁμολογεῖτε
3183 966 3292 1034 γὰρ
3327 964 3503 1018 ταῦτα
3533 969 3629 1021 καὶ

2045 1048 2241 1117 ὑμεῖς),
2273 1049 2468 1102 οὐκοῦν
2515 1052 2736 1118 πάππος
2764 1056 2911 1108 ἐστὶν
2942 1057 2971 1107 6
3012 1055 3220 1126 Πατὴρ,
3267 1057 3362 1109 καὶ
3402 1057 3626 1125 ἔκγονον

2044 1137 2208 1191 αὑτοῦ
2232 1140 2348 1192 ὲστι
2381 1141 2441 1193 τὸ
2474 1143 2718 1214 Πνεῦμα.
2768 1147 2946 1216 ’Ἂπερ
2973 1145 3082 1216 γὰρ
3110 1147 3422 1216 ἐρωτῶντες
3459 1149 3626 1202 άπαι-

2043 1233 2186 1284 τεῖτε
2239 1233 2369 1302 παρ’
2398 1233 2555 1303 ἡμῶν
2579 1275 2593 1299 ,
2637 1235 2706 1288 τὰ
2739 1235 2881 1289 αὑτά
2908 1238 3002 1290 καὶ
3042 1239 3186 1308 ὑμᾶς
3211 1241 3274 1290 ὲκ
3300 1238 3410 1290 τῶν
3443 1239 3626 1292 αὑτῶν

2044 1321 2346 1392 ἐρωτᾶσθαι
2373 1324 2598 1378 δίκαιον.
2637 1327 2698 1378 Εἰ
2733 1327 2831 1396 μὲν
2875 1324 2970 1381 οὖν
2997 1329 3247 1398 άρνεῖσθε
3287 1329 3356 1383 τὰ
3382 1348 3627 1401 γεγραμ-

2046 1408 2183 1478 μένα
2202 1449 2217 1473 ,
2259 1411 2358 1464 οὐκ
2389 1411 2469 1464 ἔτι
2520 1413 2618 1482 μὲν
2649 1414 2759 1483 (55)
2791 1417 2948 1485 ὑμεῖς
2997 1417 3314 1487 Χριστιανοὶ
3342 1415 3626 1490 λεχθείητς

2043 1499 2109 1552 ἄν
2127 1516 2140 1530 ·
2165 1499 2372 1554 δίκαιον
2389 1501 2445 1554 δὲ
2471 1505 2619 1573 ἡμᾶς
2635 1506 2761 1568 τοὺς
2782 1504 3138 1577 Χριστιανοὺς
3161 1508 3467 1578 ἐρωτᾶσθαι
3493 1513 3627 1581 παρ’

2043 1589 2196 1660 ὑμῶν
2215 1603 2229 1618 ⁸
2262 1591 2310 1643 εἰ
2334 1591 2390 1644 δὲ
2423 1593 2490 1646 τά
2510 1593 2647 1646 αὑτά
2673 1597 2804 1665 ἡμῖν
2827 1594 3250 1664 ἀναγινώσκετε,
3283 1599 3499 1670 ἀνάγκη
3532 1601 3627 1653 καὶ

2044 1681 2188 1750 ὑμᾶς
2221 1683 2347 1753 περὶ
2374 1683 2482 1736 τῶν
2512 1685 2690 1739 αὑτῶν
2730 1686 2901 1752 οὕτως
2936 1688 3242 1757 ἐρωτᾶσθαι
3271 1691 3397 1760 παρ’
3442 1690 3624 1760 ἡμῶν.

375 1775 565 1829 t’ater?
599 1775 753 1842 Quod
782 1779 828 1832 si
854 1779 1263 1843 ratiocinantes,
1300 1791 1358 1836 ut
1384 1781 1643 1836 Pharisaei
1672 1782 1768 1848 illi,
1787 1784 1933 1837 dixe-

2044 1772 2241 1825 Εἴπατε
2270 1773 2379 1844 (56)
2411 1774 2612 1840 τοίνυν,
2645 1777 2739 1830 καὶ
2776 1779 2849 1848 μὴ
2889 1779 3110 1849 μέλλετε
3130 1819 3145 1842 ,
3177 1782 3226 1832 εἰ
3261 1780 3386 1843 Υἱός
3417 1782 3538 1834 ὲστι
3566 1781 3630 1836 τὸ

371 1867 487 1923 ritis
504 1869 645 1936 apud
675 1871 1075 1939 vosmetipsos:
1111 1873 1170 1926 Si
1201 1873 1469 1935 dicamus,
1501 1872 1674 1928 Filius
1708 1883 1810 1938 est,
1842 1890 1940 1928 au-

376 1955 618 2012 !iemus:
655 1955 889 2014 Ubinam
931 1963 982 2015 id
1021 1963 1288 2034 scriptum
1328 1963 1450 2019 est?
1483 1965 1576 2018 Sin
1619 1965 1937 2032 dixerimus,

375 2043 482 2100 ﬂon
515 2058 598 2102 est
621 2047 814 2117 Filius,
844 2051 1100 2108 timemus
1125 2069 1192 2108 ne
1220 2056 1405 2110 dicant
1437 2057 1593 2110 nobis
1627 2073 1640 2111 :
1675 2058 1786 2112 (lur
1810 2073 1940 2128 ergo

374 2139 628 2210 .criptum
681 2151 766 2197 est
805 2160 823 2193 ι
866 2141 976 2198 Nos
1017 2161 1124 2200 non
1177 2149 1429 2216 spiritum
1487 2148 1673 2203 mundi
1723 2151 1938 2218 accepi-

373 2245 509 2298 nus,
532 2234 624 2286 sed
663 2231 926 2302 Spiritum
966 2240 1058 2306 qui
1094 2254 1160 2293 ex
1194 2239 1305 2294 Deo
1343 2249 1427 2295 est
1463 2241 1506 2273 ¹⁸
1539 2241 1597 2293 »⁸2
1629 2242 1722 2296 Sin
1759 2253 1938 2296 autem

372 2322 503 2390 apud
543 2337 642 2377 vos
691 2325 838 2392 ipsos
893 2328 1253 2397 decertantes,
1289 2348 1386 2386 vos
1441 2348 1660 2402 quoque
1702 2334 1935 2389 dicatis:

370 2408 681 2480 .iescimus;
728 2430 1154 2474 consentaneum
1184 2431 1346 2478 estet
1375 2439 1499 2478 cum
1524 2440 1686 2494 quem
1747 2427 1815 2480 de
1879 2442 1939 2480 re

369 2501 626 2571 ejusmodi
681 2506 1082 2578 interrogastis.
1127 2513 1306 2574 silere,
1373 2513 1838 2581 obtemperantem
1887 2517 1937 2570 ei

368 2594 604 2664 .juidicit
637 2615 650 2650 :
685 2616 704 2648 ‹
743 2597 820 2652 Ne
857 2603 1188 2670 respondeas
1251 2604 1415 2658 stulto
1450 2605 1604 2674 juxta
1653 2606 1936 2661 stultitiam

368 2701 542 2750 suam,
579 2704 647 2743 ne
675 2688 931 2746 efticiaris
955 2693 1002 2746 ei
1045 2694 1242 2750 similis
1274 2711 1288 2746 :
1327 2695 1419 2750 sed
1464 2697 1736 2766 responde
1769 2700 1938 2754 stulto

365 2787 512 2844 .uxta
543 2781 828 2834 stultitiam
853 2799 1030 2844 suam,
1068 2802 1136 2839 ne
1179 2786 1280 2840 sibi
1323 2787 1540 2857 sapiens
1581 2804 1703 2843 esse
1749 2789 1936 2844 videa-

365 2871 530 2924 tur“.
565 2890 584 2923 ι
631 2870 935 2941 Responsio
975 2884 1156 2930 autem
1197 2893 1318 2947 quae
1343 2879 1498 2933 vobis
1531 2879 1768 2934 maxime
1806 2895 1938 2935 con-

365 2960 529 3027 venit,
556 2971 640 3016 est
675 2963 1076 3032 silentium;ut
1128 2977 1366 3022 vestram
1423 2968 1787 3038 ignorantiam
1838 2971 1936 3026 de-

363 3051 730 3123 prehendatis.

427 3228 480 3282 3.
528 3227 763 3284 Rursum
793 3229 1184 3302 igituraequum
1211 3243 1381 3289 estex
1406 3236 1472 3290 iis
1495 3252 1618 3306 qua:
1644 3253 1743 3294 vos
1770 3239 1928 3295 aﬂ‘er-

360 3316 446 3382 tis,
470 3332 568 3372 vos
601 3317 680 3372 sie
705 3319 1060 3390 interrogare.
1085 3320 1537 3394 Quandoquidem
1569 3329 1845 3398 propheta:
1872 3331 1926 3384 in

359 3413 565 3486 Spiritu
605 3415 698 3470 Dei
728 3417 1051 3487 loquuntur,
1087 3427 1147 3492 et
1183 3420 1238 3474 in
1272 3418 1412 3476 lsaia
1443 3421 1680 3492 Spiritus
1703 3436 1926 3483 sanctus

357 3507 662 3577 prophetat,
694 3519 754 3564 ut
785 3511 840 3563 in
889 3512 1266 3580 superioribus
1319 3514 1749 3570 demonstratum
1783 3526 1866 3573 est
1909 3535 1922 3570 :

358 3614 485 3670 ergo
515 3599 753 3670 Spiritus
781 3612 868 3658 est
895 3603 1132 3658 Verbum
1184 3604 1300 3670 Dei,
1337 3607 1554 3678 duoque
1581 3607 1755 3664 Verba
1777 3623 1922 3678 sunt,

357 3689 592 3760 Spiritus
619 3693 867 3748 videlicet
904 3704 959 3748 et
984 3693 1020 3747 F
1029 3695 1175 3749 ilius.
1216 3693 1428 3750 Etenim
1479 3698 1756 3767 propheta:
1796 3707 1926 3756 tunc

357 3783 774 3851 prophetabant,
805 3786 1026 3854 quando
1052 3768 1311 3841 ‘Verbum
1364 3786 1463 3842 Dei
1488 3788 1553 3842 ad
1589 3789 1710 3844 illos
1739 3789 1922 3846 fiebat.

356 3874 434 3930 Ad
464 3876 599 3942 haec,
633 3880 1077 3948 quandoquidem
1109 3884 1291 3936 omnia
1340 3898 1436 3952 per
1489 3882 1726 3939 Verbum
1784 3885 1922 3941 facta

356 3975 502 4030 sunt,
533 3976 587 4022 et
619 3969 736 4023 sine
792 3969 956 4040 558
1010 3972 1129 4042 ipso
1181 3971 1386 4027 factum
1434 3982 1518 4028 est
1564 3975 1698 4028 nihil
1723 3977 1786 4039 υ,
1818 3986 1918 4030 et:

357 4073 376 4104 ι
410 4052 550 4109 Deus
589 4058 856 4124 sapientia
903 4058 1151 4113 fundavit
1192 4071 1391 4115 terram
1413 4063 1479 4127 ³⁸,
1513 4081 1531 4114 ι
1563 4071 1618 4117 et
1639 4065 1826 4118 omnia
1867 4065 1922 4118 in

353 4148 616 4217 sapientia
645 4149 771 4205 fecit
792 4152 834 4183 ¹⁹
865 4168 878 4204 :
914 4154 1285 4224 scriptumque
1310 4164 1395 4209 est
1423 4155 1505 4228 (ut
1534 4155 1587 4209 in
1619 4158 1922 4226 superiori-

351 4240 454 4295 bus
487 4239 817 4295 declaratum
852 4247 953 4314 est)
991 4262 1004 4298 :
1036 4265 1054 4296 ‹
1089 4243 1314 4301 Emittes
1357 4246 1618 4317 Spiritum
1673 4258 1824 4303 tuum
1869 4260 1921 4306 et

350 4329 684 4385 creabantur
706 4333 750 4364 ὀ
779 4350 792 4384 :
829 4353 848 4385 ι
881 4349 1010 4404 ergo
1043 4345 1139 4389 aut
1185 4336 1420 4406 Spiritus
1457 4337 1685 4393 Verbum
1717 4349 1801 4395 est
1828 4350 1922 4395 aut

2039 1861 2281 1934 Πνεῦμα,
2300 1866 2394 1918 καὶ
2416 1866 2639 1930 πάππος
2656 1870 2684 1921 6
2704 1869 2914 1940 Πατήρ.
2959 1871 3057 1923 Ἂν
3086 1871 3144 1924 δὲ
3169 1870 3626 1942 διαλογιζόμενοι,

2037 1954 2112 2017 ὡς
2140 1955 2188 2008 οἱ
2223 1957 2340 2009 τότε
2363 1958 2646 2027 Φαρισαῖοι
2677 1963 3038 2032 πεποιήκασιν
3059 2003 3074 2025 ,
3103 1963 3295 2032 εἴπητε
3337 1965 3434 2018 καὶ
3462 1965 3629 2036 ὑμεῖς

2038 2045 2174 2116 πρὸς
2203 2046 2428 2110 ἑαυτούς
2449 2064 2462 2078 ⁸
2505 2049 2630 2102 Ἐὰν
2661 2049 2924 2120 εἴπωμεν,
2947 2054 3029 2106 ὅτι
3059 2054 3184 2118 Υἱός
3206 2057 3371 2120 ἐστιν,
3396 2057 3629 2110 ἀκουσό-

2041 2135 2199 2206 μεθαο
2219 2135 2328 2189 Ποῦ
2345 2127 2650 2206 γέγραπται
2666 2156 2679 2203 ;
2696 2139 2791 2193 ἐὰν
2811 2141 2867 2194 δὲ
2885 2143 3126 2214 εἴπωμεν
3143 2161 3156 2174 ’
3183 2145 3459 2200 υὺκέστιν
3472 2145 3625 2211 Υἱὸς,

2037 2229 2345 2302 φοϐούμεθα
2396 2232 2469 2304 μὴ
2515 2233 2741 2286 εἴπωσιν
2787 2236 2952 2304 ἡμῖν·
2984 2235 3110 2299 Πῶς
3157 2233 3250 2290 οῦν
3304 2238 3625 2310 γέγραπται

2043 2339 2060 2371 ι
2103 2320 2294 2392 Ἡμεῖς
2319 2324 2380 2376 οὑ
2409 2325 2469 2377 τὸ
2499 2322 2716 2394 πνεῦμα
2740 2323 2832 2376 τοῦ
2868 2326 3076 2396 κόσμου
3126 2327 3391 2398 ἐλάϐομεν
3412 2369 3427 2392 ,
3484 2330 3627 2383 ἀλλὰ

2035 2413 2096 2466 τὸ
2125 2413 2344 2484 Πνεῦμα
2368 2415 2478 2486 (57)
2508 2417 2569 2468 τὸ
2598 2419 2662 2470 ὲκ
2683 2416 2776 2470 τοῦ
2805 2417 2940 2471 Θεοῦ
2974 2439 2992 2470 ι
3023 2435 3037 2484 ;
3071 2419 3307 2472 Τοιαῦτα
3335 2421 3393 2474 δὲ
3419 2422 3626 2492 διαμα-

2036 2505 2253 2574 χόμενοι
2281 2507 2417 2576 πρὸς
2448 2509 2692 2573 ἑαυτοὺς,
2722 2509 2816 2563 ἐὰν
2839 2511 3029 2580 εἴπητε
3060 2511 3152 2564 καὶ
3178 2513 3354 2582 ὑμεῖς.
3396 2515 3516 2567 Οὐκ
3547 2516 3626 2567 οῖ-

2034 2595 2236 2666 δαμεν,
2287 2597 2498 2669 ἀνάγκη
2539 2601 2632 2654 καὶ
2677 2601 2768 2653 τὸν
2814 2601 3164 2672 ἐρωτώμενον
3212 2603 3437 2657 τοιαῦτα
3488 2606 3623 2677 παρ’

2036 2686 2190 2757 ὑμῶν
2219 2690 2448 2758 σιωπᾷν,
2485 2690 2804 2761 πειθόμενον
2834 2690 2912 2760 τῷ
2943 2691 3152 2760 λέγοντι
3173 2709 3185 2722 ο
3219 2713 3236 2743 ι
3267 2694 3358 2764 Μὴ
3385 2695 3625 2766 ἀποκρί-

2034 2794 2126 2832 νου
2148 2779 2338 2847 ἄφρονι
2362 2779 2496 2851 πρὸς
2517 2781 2616 2853 τὴν
2641 2782 2848 2835 ἐκείνου
2866 2783 3198 2855 ἀφροσύνην,
3220 2785 3304 2838 ἵνα
3333 2786 3408 2856 μὴ
3433 2787 3623 2856 ὅμοιος

2035 2869 2166 2941 γένῃ
2189 2869 2337 2940 αὑτῷ
2355 2871 2627 2942 (58)’,άλλ’
2640 2874 2939 2945 ἀποκρίνου
2960 2875 3154 2946 ἄφρονι
3177 2876 3315 2928 κατὰ
3333 2876 3433 2947 τὴν
3454 2879 3624 2948 ἀφρο-

2039 2959 2204 3033 σύνην
2252 2963 2417 3016 αὑτοῦ
2439 3001 2454 3026 ,
2491 2963 2578 3018 ἵνα
2606 2965 2680 3035 μὴ
2718 2967 2975 3037 φαίνηται
3010 2968 3170 3038 σοφὸς
3199 2968 3327 3040 παρ’
3356 2970 3561 3040 ἐαυτῷ.
3594 2989 3614 3020 ι

2051 3051 2362 3124 Ἀπόκρισις
2386 3053 2442 3106 δὲ
2477 3055 2603 3123 ὑμῖν
2621 3055 2728 3125 (59)
2753 3057 3065 3128 ἁρμόζουσα
3089 3059 3374 3130 μάλισταὴ
3399 3063 3579 3132 σιωπή
3599 3076 3614 3089 ·

2035 3141 2119 3196 ἴνα
2156 3144 2254 3214 τὴν
2283 3144 2490 3197 ἑαυτῶν
2515 3146 2736 3214 ἄγνοιαν
2773 3148 3062 3214 ἐπιγνῶτε.

2096 3235 2148 3289 5.
2178 3235 2345 3290 Πάλιν
2374 3233 2466 3289 οῦν
2485 3237 2549 3290 ὲκ
2575 3237 2680 3292 τῶν
2701 3238 2854 3308 ὑμῶν
2874 3239 3079 3292 δίκαιον
3102 3241 3246 3310 ὑμᾶς
3269 3240 3446 3305 οὕτως
3472 3245 3614 3312 ἐρω-

2025 3324 2238 3378 τᾶσθαι.
2273 3326 2556 3397 Ἐπειδὴοί
2582 3329 2859 3399 προφῆται
2883 3331 2940 3383 ὲν
2967 3329 3045 3400 τῷ
3062 3331 3337 3400 Πνεύματι
3357 3331 3455 3384 τοῦ
3479 3331 3612 3386 Θεοῦ

2025 3414 2264 3482 λαλοῦσι,
2286 3417 2379 3470 κα)⁵
2395 3419 2452 3470 ὲν
2478 3417 2555 3488 τῷ
2586 3419 2782 3490 Ἡσαΐᾳ
2803 3419 2868 3472 τὸ
2893 3419 3116 3491 Πνεῦμα
3137 3421 3198 3473 τὸ
3222 3422 3373 3489 ἅγιον
3396 3440 3614 3495 προφη-

2024 3506 2188 3572 τεύει,
2211 3508 2286 3571 ὡς
2313 3510 2369 3562 ὲν
2403 3512 2514 3572 τοῖς
2538 3508 2844 3580 ἔμπροσθεν
2865 3511 3167 3579 δέδεικται,
3193 3513 3388 3565 οὐκοῦν
3427 3516 3522 3568 καὶ
3555 3516 3613 3569 τὸ

2025 3598 2250 3669 Πνεῦμα
2267 3600 2436 3668 Λόγος
2459 3600 2575 3654 ἐστὶ
2595 3600 2687 3654 τοῦ
2706 3601 2840 3654 Θεοῦ
2857 3602 2990 3673 (40),
3012 3604 3104 3657 καὶ
3126 3602 3219 3656 δύο
3233 3604 3338 3656 εἰσὶ
3351 3606 3538 3674 Λόγοι,
3551 3607 3611 3659 τό

2022 3708 2082 3744 τε
2105 3691 2326 3762 Πνεῦμα
2341 3693 2434 3745 καὶ
2449 3695 2476 3746 6
2492 3693 2636 3756 Υἱός.
2666 3693 2776 3746 Καὶ
2798 3695 2907 3766 γὰρ
2925 3697 2973 3748 οἱ
2998 3696 3274 3768 προφῆται
3292 3697 3417 3750 τότε
3443 3700 3609 3769 ὲπροο

2023 3781 2256 3852 φήτευον
2281 3823 2296 3848 ,
2338 3782 2425 3834 ὅτε
2457 3783 2668 3850 ἐγίνετο
2692 3785 2720 3836 6
2747 3784 2917 3852 Λόγος
2946 3784 3039 3838 τοῦ
3063 3784 3197 3838 Θεοῦ
3223 3786 3358 3857 πρὸς
3386 3788 3607 3852 αὑτούς.

2024 3873 2133 3925 Καὶ
2155 3871 2234 3925 ἔτι
2257 3872 2394 3945 πρὸς
2417 3873 2649 3937 τούτοις,
2682 3875 2867 3944 ἐπειδὴ
2891 3875 3001 3944 (41)
3022 3878 3197 3931 πάντα
3215 3877 3303 3929 διὰ
3320 3879 3416 3931 τοῦ
3435 3881 3607 3949 Λόγου

2023 3963 2271 4031 ἐγένετο,
2302 3965 2396 4017 καὶ
2442 3965 2611 4036 χωρὶς
2645 3965 2809 4018 αὑτοῦ
2843 3967 3056 4035 ἐγένετο
3099 3967 3218 4022 οὐδὲ
3270 3969 3360 4034 ἓν,
3390 3973 3484 4024 καὶ
3519 3991 3537 4023 ι
3578 3976 3607 4026 6

2022 4053 2152 4117 Θεὸς
2193 4058 2260 4127 τῇ
2294 4057 2457 4128 σοφίᾳ
2489 4055 2815 4127 ὲθεμελίωσε
2859 4059 2958 4130 τὴν
2987 4060 3124 4130 γῆν,
3153 4079 3169 4111 ι
3208 4062 3303 4113 καὶ
3339 4062 3519 4116 πάντα
3550 4067 3608 4117 ὲν

2023 4148 2182 4216 σοφίᾳ
2223 4148 2444 4219 ἐποίησε
2487 4149 2818 4220 (γέγραπται
2849 4149 2937 4214 δὲ,
2968 4151 3043 4214 ὼς
3071 4151 3128 4203 ὲν
3155 4155 3265 4216 τοῖς
3293 4152 3608 4224 ἔμπροσθεν

2020 4239 2287 4294 δέδεικται
2306 4260 2318 4270 ·
2347 4258 2366 4291 t
2389 4240 2795 4307 Ἐξαποστελεῖς
2817 4242 2876 4294 τὸ
2894 4241 3115 4313 Πνεῦμά
3136 4260 3248 4306 σου,
3275 4246 3368 4297 καὶ
3390 4246 3610 4318 κτισθή-

2023 4333 2249 4402 σονται),
2286 4351 2305 4385 ι
2368 4333 2622 4404 οὑκοῦνῆ
2656 4335 2716 4388 τὸ
2749 4333 2972 4404 Πνεῦμα
3015 4337 3043 4387 6
3069 4335 3238 4403 Λόγος
3261 4339 3438 4402 ἐστὶν,
3480 4339 3512 4410 ἢ
3547 4343 3608 4392 ἐν

350 4423 404 4477 in
429 4423 644 4478 duobus
677 4423 803 4479 fecit
833 4425 974 4481 Deus
1001 4421 1310 4492 οιηιιίο,’ἰη’
1327 4429 1606 4500 Sapientia
1638 4442 1691 4486 et
1723 4433 1775 4486 in
1802 4433 1929 4503 Spi-

2044 4426 2146 4478 ῖυσὶ
2181 4426 2478 4496 πεποίηκεν
2509 4427 2538 4479 6
2567 4426 2698 4489 Θεὸς
2727 4425 2797 4478 τά
2819 4426 3022 4489 πάντα,
3051 4425 3107 4480 ἐν
3131 4443 3188 4479 τε
3219 4431 3285 4499 τῇ
3313 4429 3481 4502 Σοφίᾳ
3509 4435 3609 4485 καὶ

348 4519 500 4584 ritu;
534 4527 588 4572 et
625 4533 744 4582 cur,
781 4535 988 4588 quaeso,
1025 4520 1226 4576 Paulus
1251 4523 1325 4577 ait
1362 4541 1375 4578 :
1423 4543 1441 4576 ι
1479 4523 1632 4581 Unus
1682 4525 1824 4581 Deus
1857 4545 1922 4582 ex

2044 4515 2102 4586 τῷ
2137 4517 2437 4586 Πνεύματι.
2466 4517 2577 4569 Καὶ
2606 4517 2722 4580 πῶς
2752 4519 2780 4570 6
2811 4515 3018 4581 Παῦλός
3047 4533 3210 4588 φησιν
3248 4537 3266 4568 ι
3306 4514 3402 4583 Εἷς
3446 4522 3603 4587 Θεὸς,

346 4625 456 4679 quo
481 4611 687 4677 omnia,
708 4620 762 4665 et
785 4628 924 4666 unus
964 4612 1223 4669 Dominus
1263 4631 1357 4686 per
1381 4633 1541 4686 quem
1571 4620 1752 4672 omnia
1785 4620 1869 4671 “?
1898 4638 1917 4671 ι

2044 4608 2084 4673 ιξ
2105 4603 2165 4662 οῦ
2188 4607 2256 4662 τὰ
2279 4608 2474 4672 πάντα,
2491 4609 2583 4661 καὶ
2609 4603 2689 4670 εἷς
2705 4606 2927 4680 Κύριος,
2953 4607 3019 4660 δι’
3039 4601 3099 4660 οῦ
3120 4609 3188 4661 τὰ
3211 4609 3389 4664 πάντα
3408 4631 3428 4662 ι
3454 4629 3468 4673 ;
3494 4614 3608 4667 Καὶ

345 4699 658 4774 iterumque
692 4725 704 4759 :
753 4723 771 4754 ι
807 4702 944 4759 Cum
974 4704 1146 4762 Filius
1193 4707 1472 4770 sit-imago
1502 4708 1682 4765 Patris
1733 4711 1923 4766 invisi-

2044 4700 2220 4754 τάλιν·
2259 4717 2278 4751 t
2317 4699 2534 4770 Ἐπειδὴ
2575 4703 2604 4753 6
2644 4699 2774 4763 Υἱὸς
2803 4698 2965 4752 εἰκών
2997 4700 3113 4753 ἐστι
3145 4700 3237 4754 τοῦ
3265 4702 3479 4774 Πατρὸς
3507 4708 3606 4759 τοῦ

418 4860 463 4933 ‘f
483 4857 649 4933 AJoan.
681 4877 772 4923 xx,
799 4860 900 4933 Ἡ,
968 4862 1011 4894 ⁸⁸
1041 4861 1061 4914 l
1089 4861 1216 4933 Cor.
1244 4880 1304 4933 ιι,
1335 4865 1421 4920 12.
1499 4865 1544 4896 ⁸⁸
1572 4863 1732 4920 Prov.
1768 4880 1915 4928 xxvi,

2077 4858 2122 4893 ι’
2154 4855 2314 4914 Joan.
2353 4876 2394 4926 ι,
2427 4861 2479 4915 5.
2561 4859 2606 4892 ⁸⁸
2634 4858 2798 4914 Prov.
2832 4873 2914 4922 tn,
2941 4859 3025 4916 l9.
3109 4861 3152 4892 ¹⁹
3185 4860 3329 4917 Psal.
3361 4879 3480 4930 cut,
3507 4865 3604 4920 24.

348 4930 394 4961 ⁸⁸
422 4930 553 4985 ibid.
579 4931 670 4986 50.
747 4935 788 4963 ¹¹
813 4933 836 4984 l
865 4931 992 4987 Cor.
1027 4949 1144 5000 vtn,
1173 4932 1226 4989 6.

347 5067 575 5141 ἑαυτῶν.
606 5067 749 5123 Infra
787 5068 1347 5141 Seguerianushquem
1391 5073 1671 5141 sequimur
1694 5067 1910 5123 οὐκοῦν.

348 5138 488 5220 Editi
522 5155 647 5194 vero
684 5149 740 5194 et
765 5142 857 5194 alii
892 5144 991 5205 sic,
1017 5144 1117 5196 οὑκ
1140 5138 1254 5209 οὖν,
1279 5154 1333 5196 et
1355 5144 1430 5197 ita
1458 5138 1683 5197 inferius
1706 5141 1916 5209 aliquo—

351 5219 530 5351 "C(33)
561 5279 686 5334 Htec
713 5281 900 5335 confer
921 5297 1046 5336 eum
1076 5281 1448 5351 superioribus
1469 5281 1642 5351 Epist.
1667 5284 1718 5338 1.
1746 5299 1799 5336 n.
1825 5281 1913 5334 15.

2019 5090 2076 5160 et
2120 5080 2366 5160 Eelckm.
2394 5084 2448 5160 fl,
2482 5083 2710 5160 omissis
2751 5085 3110 5160 intermediis.
3156 5086 3279 5142 Mox
3325 5088 3380 5143 in
3431 5091 3605 5160 Regio

2017 5152 2102 5206 ὅτι
2132 5154 2301 5206 deest.
2333 5153 2464 5206 Ibid.
2491 5152 2830 5219 Seguerian.,
2861 5159 2889 5209 6
2922 5156 3048 5218 Υἱός
3073 5160 3240 5210 ἐστιν.

2091 5223 2203 5290 (57)
2235 5224 2306 5275 T6
2333 5223 2554 5292 Πνεῦμα
2577 5223 2725 5292 deest
2758 5226 2808 5277 in
2833 5225 3047 5280 ϐιιιιΙεΓ.
3079 5238 3131 5280 et
3164 5226 3400 5282 Felekm.
3440 5228 3488 5282 ί.

2094 5292 2204 5359 (58)
2234 5292 2324 5348 Sic
2371 5291 2502 5362 Reg.
2537 5301 2589 5345 et
2614 5291 2838 5362 Segner.
2883 5295 3021 5348 Editi
3052 5312 3202 5360 vero,
3236 5296 3423 5352 αὑτοῦ.
3459 5299 3601 5356 Ibid.

421 5349 534 5421 (54)
557 5351 696 5438 Δύτό
719 5352 870 5438 abest
899 5367 929 5438 a
959 5349 1252 5438 (abieram
1283 5351 1426 5438 Felg.
1465 5349 1668 5438 biblos
1692 5353 1831 5438 βας.
1864 5363 1918 5406 et

2044 5349 2424 5438 }ojl_il}‘:t'i_an._et
2452 5349 2596 5438 Felg.
2628 5349 2814 5424 1,υάλλ’
2845 5349 3132 5438 ἀκοκρίνου
3158 5349 3298 5437 ίτὲρδξ

351 5415 794 5510 Ξθειιέτλρμεῖς,
817 5431 980 5510 recte;
997 5421 1540 5510 Ειεὶιὶδήμεῖςλξιιιιιρ
1556 5435 1675 5492 post
1692 5415 1917 5510 Segvuer.
2037 5502 2049 5510 _
2094 5432 2204 5510 @9)
2231 5415 2430 5504 liegius
2455 5415 2508 5487 et
2543 5415 3060 5505 Seguet'iran.,6jtiv,
3077 5415 3602 5510 ὶιὶεεῖἕῖῐιιιίἰίὲοτο,

350 5488 511 5572 Desii.
550 5488 855 5572 “Galilei-aet
884 5493 1028 5572 Fele.
1062 5496 1108 5555 l,
1135 5488 1373 5572 ἔγγονον.
1403 5488 1601 5549 Ibidem
1633 5512 1661 5550 a
1694 5488 1915 5565 Seéuer.

2044 5488 2200 5572 δμῶγί

348 5559 659 5636 ϐοιιλιςνίξιιι..
691 5571 744 5636 et
768 5560 910 5636 Fele.
943 5564 1113 5636 [ἐστι
1149 5559 1326 5636 abest.
1769 5559 1793 5565 '

2066 5559 2208 5636 ’(40)
2232 5571 2340 5624 Τοῦ
2372 5571 2506 5626 Θεοῦ
2533 5574 2687 5628 abest
2716 5573 2931 5629 Gobler.
2956 5585 3010 5630 et
3042 5575 3167 5630 Felc
3221 5577 3271 5632 1.

707 5632 850 5685 deest
877 5633 929 5711 in
967 5633 1183 5711 Gobler.
1212 5635 1515 5711 et_Eelc._l.
1569 5707 1616 5711 __
1705 5705 1732 5711 _
1780 5707 1825 5711 η

2097 5629 2209 5711 (ιι)
2233 5641 2450 5698 Goblcr.
2480 5655 2533 5699 et
2561 5642 2703 5700 Felc.
2738 5645 2954 5711 1,ὲπεί.

423 5699 532 5771 (56)
570 5700 771 5755 Εἴπατε
805 5703 939 5774 πρὸς
981 5703 1194 5768 αὑτούςε
1246 5707 1370 5761 Ἐάν
1413 5706 1524 5761 eia.
1565 5707 1653 5762 Sic
1695 5705 1910 5762 Gobler.

2100 5699 2112 5711 \
2192 5699 2203 5710 I
2616 5699 2623 5700 '
