3822 6226
197 294 299 350 6H

1301 294 1635 349 EPISTOLA
1674 292 1744 346 IV
1784 291 1875 346 AD
1939 290 2402 348 SERAPIONEM.

3345 297 3450 350 ΜΞ.

183 411 417 484 ἀοράτου
441 452 455 472 ,
485 429 504 462 ι
532 409 646 464 ἐστι
671 410 728 464 δὲ
755 410 817 463 τὸ
839 409 1063 480 Πνεῦμα
1082 409 1244 464 είκὼν
1263 410 1358 464 τοῦ
1383 410 1513 463 Υίοῦ
1550 409 1762 481 (γέγρα-

1877 406 2004 461 bilis
2025 409 2092 471 ²¹,
2125 425 2144 458 ι
2181 417 2265 463 εει
2293 417 2475 463 autem
2505 405 2741 477 Spiritus
2791 409 2971 480 imago
3010 409 3157 475 Filii,
3187 413 3447 482 scriptum

185 520 317 557 πται
353 501 461 571 γάρ
480 517 493 530 ·
533 519 551 552 ι
581 499 689 564 Οὓς
718 501 970 568 προέγνω
997 502 1090 554 καὶ
1113 499 1386 572 προώρισε
1416 500 1772 571 συμμόρφους

184 593 285 662 τῆς
308 593 518 656 εἰκόνος
539 590 634 644 τοῦ
657 591 786 645 Υίοῦ
809 591 972 646 αὐτοῦ
998 593 1068 660 ι),
1092 591 1284 645 οὐκοῦν
1303 592 1444 644 κατὰ
1458 592 1614 645 τοῦτο
1628 593 1775 646 πάπ-

186 702 288 748 πος
312 687 342 738 6
373 685 586 755 Πατήρ.
652 684 763 736 Καὶ
789 684 974 756 ἐπειδὴ
1006 687 1034 737 6
1067 685 1164 755 μὲν
1193 684 1322 746 Υίὸς
1350 685 1407 736 ὲν
1438 683 1516 754 τῷ
1548 683 1773 754 ὀνόματι

184 774 279 828 τοῦ
306 773 521 846 Πατρὸς
549 770 682 845 ἦλθε
701 791 714 805 ο
751 793 770 825 ι
803 774 878 827 Τὸ
903 774 960 827 δὲ
986 773 1211 844 Πνεῦμα
1237 773 1299 826 τὸ
1325 774 1478 841 διγιον
1498 814 1512 837 ,
1547 792 1566 824 ι
1608 773 1773 844 φησιν

183 869 213 919 ὀ
242 866 372 929 Υἱὸς
393 909 404 924 ,
443 885 460 914 ι
491 865 520 918 6
550 865 756 936 πέμψει
806 867 835 918 6
861 864 1049 936 Πατὴρ
1115 867 1172 917 ὲν
1200 863 1276 934 τῷ
1309 863 1533 934 ὀνόματί
1570 880 1670 934 μου
1692 881 1704 894 ·
1746 881 1766 916 ι

183 957 382 1010 οὐκοῦν
418 958 512 1009 καὶ
535 955 677 1010 οὕτω
696 956 804 1028 (42)
827 955 1049 1019 πάππος
1071 958 1098 1009 ὁ
1117 957 1327 1025 Πατήρ.
1347 955 1410 1007 Τί
1428 956 1562 1025 πρὸς
1578 952 1770 1020 ταῦτα,

183 1049 370 1101 καίτοι
392 1048 567 1100 πάντα
588 1047 838 1115 λέγοντες
861 1045 1131 1117 εὐχερῶς;
1159 1046 1224 1098 Τί
1246 1044 1612 1114 διαλογίζεσθε
1637 1045 1776 1116 πρὸς

185 1138 450 1202 ὲαυτούς;
497 1139 566 1190 Ἦ
611 1137 847 1206 ὁρῶντες
892 1138 1116 1200 ἑαυτοὺς
1149 1135 1518 1207 ἀποροῦντας,
1559 1136 1769 1207 μέμφε-

185 1228 280 1281 σθε
329 1228 442 1297 (45)
475 1227 571 1290 τὰς
602 1226 856 1290 τοιαύτας
905 1229 1240 1298 ὲρωτήσεις;
1308 1227 1468 1279 Ἀλλὰ
1504 1227 1770 1298 πρότερον

184 1319 400 1372 ἑαυτῶν
437 1319 746 1387 κατάγνωτε
790 1318 987 1389 (ὑμεῖς
1025 1318 1134 1389 γὰρ
1158 1315 1384 1370 τοιαῦτα
1412 1318 1622 1388 ἐρωτᾷν
1649 1317 1774 1370 εἱώ-

185 1410 356 1479 θατε)
383 1450 398 1472 ,
444 1410 538 1463 καὶ
565 1409 817 1463 πείθεσθε
850 1411 970 1472 ταῖς
998 1410 1240 1480 Γραφαῖς
1260 1448 1274 1472 ,
1322 1409 1416 1462 καὶ
1442 1408 1772 1480 ἀποροῦντες

183 1504 392 1566 εἰπεῖν,
429 1502 627 1573 μάθετε
667 1501 852 1555 λοιπόν
871 1518 886 1532 ο
918 1501 1044 1564 Υἱὸς
1078 1501 1176 1571 μὲν
1206 1504 1264 1555 ἐν
1294 1503 1416 1564 ταῖς
1443 1503 1683 1572 Γραφαῖς
1712 1503 1772 1555 τὸ

182 1593 328 1647 Πνεῦ
339 1611 413 1664 μα
433 1595 531 1647 οὐκ
551 1592 864 1663 ὠνομάσθη,
877 1590 1014 1644 ἀλλὰ
1026 1590 1248 1663 Πνεῦμα
1268 1591 1421 1659 ἆγιον
1444 1591 1537 1644 καὶ
1550 1589 1773 1661 Πνεῦμα

179 1684 278 1738 τοῦ
313 1684 473 1741 Θεοῦ.
507 1685 719 1756 Ὠσπερ
745 1685 802 1736 δὲ
834 1686 933 1738 οὐκ
961 1683 1253 1754 ὠνομάσθη
1280 1684 1406 1747 Υἱὸς
1431 1685 1493 1737 τὸ
1523 1683 1765 1754 Πνεῦμα,

179 1777 361 1841 οὕτως
379 1778 499 1830 οὐδὲ
517 1779 644 1848 περὶ
667 1777 760 1830 τοῦ
783 1778 911 1831 Υἰοῦ
934 1778 1272 1849 γέγραπται,
1296 1778 1377 1830 ὅτι
1399 1777 1560 1840 αὐτός
1579 1777 1696 1830 ἐστι
1713 1777 1773 1830 τὸ
1803 1755 1846 1810 Β

180 1866 413 1937 Πνεῦμα
437 1868 496 1920 τὸ
517 1867 690 1936 ἆγιον.
708 1864 832 1940 τΑρ’
858 1865 952 1922 οὖν
971 1909 986 1932 ,
1022 1868 1208 1939 ἐπειδὴ
1230 1869 1339 1938 (44)
1356 1870 1454 1921 οὐκ
1477 1869 1767 1941 ὠνομάσθη

180 1960 311 2023 Υἱὸς
327 1961 390 2012 τὸ
406 1959 650 2036 Πνεῦμα,
668 1959 776 2012 οὐδ’
794 1961 876 2014 ὅτι
893 1962 1020 2025 Υἱός
1043 1963 1158 2014 ἐστι
1181 1961 1242 2012 τὸ
1257 1960 1499 2032 Πνεῦμα,
1515 1961 1772 2031 διαφωνεῖ

177 2054 282 2123 τῆς
296 2050 559 2122 ἀληθείας
578 2053 611 2122 ή
639 2052 820 2115 πίστις
839 2069 854 2117 ;
877 2054 968 2124 Μὴ
990 2053 1202 2121 γένοιτο
1221 2054 1233 2106 !
1268 2051 1428 2120 Ἀλλὰ
1449 2054 1544 2106 κα)¹
1572 2051 1768 2124 μᾶλλον

177 2144 416 2197 ἕκαστον
435 2143 544 2197 τῶν
567 2144 980 2214 σημαινομένων
998 2143 1110 2214 ἔχει
1130 2145 1230 2216 τὴν
1255 2145 1388 2197 ἰδίαν
1408 2144 1629 2213 γνῶσιν.
1657 2144 1769 2196 Καὶ

178 2236 292 2308 γὰρ
317 2239 347 2290 6
366 2237 496 2300 Υἱὸς
518 2236 648 2290 ἴδιον
669 2237 770 2307 τῆς
791 2235 978 2300 οὐσίας
991 2237 1086 2289 καὶ
1101 2237 1200 2308 τῆς
1218 2236 1431 2306 φύσεως
1447 2234 1538 2289 τοῦ
1556 2236 1768 2305 Πατρός

177 2329 300 2382 ἐστι
318 2328 586 2398 γέννημα,
601 2328 694 2381 καὶ
712 2325 868 2380 τοῦτο
887 2327 999 2398 ἔχει
1013 2328 1074 2381 τὸ
1090 2328 1508 2398 σημαινόμενον.
1525 2327 1636 2380 Καὶ
1655 2325 1766 2399 (45)

176 2419 246 2472 τὸ
281 2418 522 2490 ,Πνεῦμα
553 2419 612 2472 δὲ
642 2420 932 2490 λεγόμενον
960 2418 1051 2472 τοῦ
1083 2417 1247 2492 βεοῦ,
1295 2419 1390 2472 καὶ
1421 2420 1478 2472 ὲν
1511 2417 1659 2488 αὐτῷ
1685 2417 1765 2480 ὃν,

175 2510 244 2564 οὐ
273 2509 425 2574 ξένον
453 2511 568 2562 ἐστὶ
595 2511 693 2580 τῆς
718 2509 812 2562 τοῦ
839 2508 967 2562 Υίοῦ
996 2508 1231 2578 φύσεως,
1261 2508 1384 2562 οὔτε
1409 2508 1512 2577 τῆς
1538 2508 1631 2560 τοῦ
1655 2509 1768 2562 Πα-

175 2599 310 2673 τρῦς
333 2601 602 2672 θεότητος.
629 2601 727 2654 Διὰ
746 2599 902 2654 τοῦτο
927 2601 1034 2671 γὰρ
1057 2603 1112 2654 ὲν
1137 2600 1348 2672 Τριάδι,
1377 2602 1432 2654 ὲν
1449 2601 1646 2671 Πατρὶ,
1674 2599 1768 2653 καὶ

177 2694 241 2746 ὲν
260 2692 396 2761 (45⁸)
415 2692 549 2762 Υίῷ,
568 2695 662 2745 καὶ
677 2694 734 2746 ὲν
751 2691 898 2759 αὐτῷ
909 2691 986 2763 τῷ
998 2691 1296 2762 Πνεῦματι,
1314 2691 1411 2762 μία
1425 2691 1611 2762 θεότης
1628 2691 1763 2755 ἐστὶ,

175 2784 277 2836 καὶ
305 2784 363 2835 ὲν
393 2784 530 2854 αὐτῇ
564 2786 629 2855 τῇ
653 2782 842 2855 Τριάδι
868 2783 926 2835 ἓν
969 2784 1084 2835 ἐστι
1113 2783 1176 2836 τὸ
1209 2782 1488 2853 βάπτισμα
1509 2821 1523 2845 ,
1545 2781 1638 2834 καὶ
1667 2780 1766 2852 μία

176 2879 216 2951 ἡ
251 2879 456 2943 πίστις.
500 2879 716 2950 Ἀμέλει
741 2876 834 2931 τοῦ
857 2871 1073 2949 Πατρὸς
1096 2877 1405 2948 πέμποντος
1435 2876 1496 2929 τὸ
1521 2874 1762 2946 Πνεῦμα,

174 2976 207 3027 ὁ
242 2973 370 3035 Υἱὸς
404 2971 664 3042 ἐμφυσῶν
695 2973 907 3026 δίδωσιν
936 2970 1067 3026 αὐτὸ
1100 2973 1211 3034 τοῖς
1243 2968 1540 3041 μαθηταῖς·
1575 2968 1762 3040 ἐπειδὴ

181 3082 202 3110 σ
233 3061 412 3156 πάντα
442 3063 542 3115 ὅσα
581 3061 692 3132 ἔχει
726 3065 754 3116 6
782 3063 993 3134 Πατὴρ,
1027 3059 1120 3114 τοῦ
1151 3059 1280 3113 Υίοῦ
1305 3061 1443 3112 ἐστι.
1474 3059 1624 3112 »οΚαὶ
1649 3058 1760 3130 (46)
1790 3099 1834 3156 C

175 3149 274 3205 τοῦ
303 3151 479 3221 Λόγου
523 3152 810 3222 γινομένου
845 3154 903 3206 ἐν
952 3153 1066 3215 τοῖς
1103 3151 1442 3221 προφήταις,
1489 3149 1643 3202 αὐτοὶ
1687 3149 1766 3219 τῷ

176 3243 463 3314 Πνεῦματι
493 3245 886 3313 ἐπροφήτευον,
910 3241 986 3306 ὡς
1016 3241 1323 3311 γέγραπται
1355 3241 1446 3294 καὶ
1466 3240 1762 3293 δέδεικται⁸

179 3355 200 3385 ι
236 3333 327 3404 Τῷ
351 3334 509 3404 Λόγῳ
544 3334 748 3405 Κυρίου
781 3337 830 3386 ot
855 3333 1070 3404 οὐρανοὶ
1098 3330 1505 3402 ἐστερεώθησαν
1524 3369 1538 3393 ,
1569 3331 1662 3383 καὶ
1689 3329 1768 3401 τῷ

173 3424 322 3478 Πνεὺ
331 3442 462 3496 ματι
477 3423 568 3478 τοῦ
593 3425 854 3496 στόματος
869 3423 1030 3478 αὐτοῦ
1054 3425 1203 3478 πᾶσα
1219 3425 1251 3494 ἡ
1267 3422 1496 3492 δύναμις
1521 3421 1724 3475 αὐτῶν.
1739 3440 1758 3474 ι

248 3606 303 3660 4.
337 3605 526 3667 Οῦτως
554 3606 653 3658 οὐκ
687 3604 802 3658 ἔστι
836 3604 1042 3675 κτίσμα
1068 3604 1131 3657 τὸ
1169 3600 1394 3674 Πνεῦμα
1415 3643 1430 3667 ,
1485 3601 1601 3656 ἀλλ’
1636 3601 1766 3655 ἴδιον

171 3698 276 3768 τῆς
303 3696 398 3750 τοῦ
425 3697 600 3764 Λόγου
629 3696 838 3764 οὐσίας,
880 3696 1008 3750 ἴδιον
1039 3697 1132 3750 καὶ
1159 3695 1254 3748 τοῦ
1274 3693 1432 3758 Θεοῦ,
1459 3695 1555 3748 καὶ
1580 3696 1638 3747 ὲν
1665 3694 1765 3746 αὐ-

170 3788 255 3858 τῷ
275 3788 497 3856 λέγεται
527 3783 686 3840 εἶναι.
710 3787 880 3840 Πάλιν
903 3788 1012 3858 γὰρ
1031 3787 1102 3840 τὰ
1121 3785 1258 3839 αὐτὰ
1284 3786 1461 3854 λέγειν
1480 3787 1580 3839 οὐκ
1605 3785 1766 3856 ὀκνη-

170 3883 318 3936 τέον.
349 3883 414 3935 Ei
443 3883 537 3937 καὶ
566 3882 694 3946 Υἱὸς
721 3882 820 3936 οὐκ
847 3877 1136 3949 ὠνομάσθη
1172 3879 1230 3931 τὸ
1255 3876 1479 3947 Πνεῦμα
1501 3877 1562 3930 τὸ
1584 3877 1761 3944 ἅγιον,

173 3975 294 4028 ἀλλ’
316 3975 418 4028 οὐκ
446 3974 596 4028 ἐστιν
624 3975 778 4038 ἐκτὸς
801 3971 893 4026 τοῦ
917 3969 1050 4024 Υἱοῦ
1071 3989 1085 4002 ·
1117 3969 1343 4040 Πνεῦμα
1366 3969 1474 4041 γὰρ
1492 3967 1766 4030 υἱοθεσίας

173 4066 399 4138 εἴρηται
425 4084 438 4096 ·
482 4070 577 4121 καὶ
599 4066 784 4138 ἐπειδὴ
821 4083 839 4116 ι
862 4063 1096 4136 Χριστὸς
1113 4060 1247 4115 Θεοῦ
1264 4062 1492 4132 δύναμις
1518 4063 1612 4115 κα)⁸
1629 4057 1762 4114 Θεοῦ

175 4157 384 4224 σοφία,
411 4174 429 4206 ι
471 4149 780 4217 ἀέιολούθως
833 4153 1046 4224 εἴρηται
1099 4151 1226 4222 περὶ
1265 4148 1357 4204 τοῦ
1409 4148 1760 4220 Πνεῦματοςο

1874 511 1960 554 εει
1997 500 2142 553 enim
2177 515 2190 550 :
2228 519 2245 551 ι
2287 500 2438 566 Quos
2472 502 2742 570 praeseivit
2785 512 2840 557 et
2879 505 3278 571 praedestinavit
3319 522 3449 561 con-

1874 589 2078 646 formes
2104 593 2218 646 ﬁeri
2255 593 2508 661 imaginis
2551 592 2675 646 Filii
2716 595 2804 648 sui
2835 595 2920 647 ":
2963 616 2980 646 ι
3016 597 3180 665 igitur
3221 599 3323 654 hac
3365 616 3451 653 ra-

1877 683 2024 737 tione
2053 699 2188 738 avus
2218 693 2301 737 est
2321 683 2505 738 Pater.
2544 684 2610 738 Et
2642 687 2901 754 quoniam
2943 687 3117 744 Filius
3147 691 3364 758 quidem
3392 692 3450 747 in

1874 775 2096 828 nomine
2133 773 2313 830 Patris
2339 777 2528 830 venit:
2568 795 2585 827 ι
2639 775 2876 846 Spiritus
2923 789 3104 834 autem
3147 779 3392 850 sancttis,
3425 802 3446 836 ι

1875 867 1951 920 ait
1977 865 2170 930 Filius,
2201 885 2220 918 ι
2256 879 2419 937 quem
2452 869 2630 922 mittet
2659 868 2820 923 Pater
2846 869 2902 923 in
2930 873 3149 926 nomine
3177 875 3397 928 meo“:
3426 895 3446 928 ι

1873 972 2002 1027 ergo
2035 950 2090 1012 et
2106 958 2214 1012 hoc
2245 974 2462 1028 quoque
2498 960 2660 1014 modo
2689 975 2823 1014 avus
2861 970 2943 1015 est
2979 960 3156 1017 Pater.
3187 962 3326 1030 Quid
3381 967 3448 1019 ad

1874 1048 1990 1103 haec
2030 1051 2347 1118 responsuri
2395 1051 2549 1114 estis,
2583 1051 2707 1104 licet
2756 1052 2940 1106 omnia
2977 1061 3175 1109 temere
3216 1056 3452 1112 dicatis?

1835 1138 2018 1206 .Quid
2078 1141 2479 1198 ratiocinamini
2536 1143 2680 1212 apud
2726 1144 3124 1213 vosmetipsos?
3187 1147 3269 1200 An
3323 1163 3449 1202 cum

1874 1232 2171 1288 advertatis
2219 1249 2319 1288 vos
2365 1233 2639 1300 haesitare,
2675 1235 2944 1305 ejusmodi
2995 1237 3322 1304 quaestiones
3361 1256 3451 1293 re-

1872 1324 2250 1393 prehenditis?
2285 1326 2389 1379 Sed
2433 1326 2587 1394 prius
2621 1342 2720 1382 vos
2766 1327 2917 1396 ipsos
2967 1329 3244 1398 coarguite
3299 1330 3450 1398 (nam

1871 1416 1999 1469 talia
2028 1431 2272 1485 quaerere
2305 1418 2688 1486 consuevistis)
2721 1419 3128 1490 Scripturisque
3177 1422 3454 1490 obtempe-

1872 1515 2011 1570 rate,
2053 1517 2256 1562 etcum
2301 1524 2408 1563 non
2464 1518 2756 1579 suppetant
2783 1527 2906 1580 qua:
2935 1512 3334 1581 respondeatis,
3367 1512 3451 1569 di-

1873 1597 2008 1652 scite
2035 1599 2286 1666 posthac,
2323 1599 2586 1668 Spiritum
2622 1601 2674 1654 in
2707 1603 3007 1671 Scripturis
3040 1619 3317 1672 nunquam
3349 1620 3450 1659 voc

1870 1694 2051 1738 catum
2091 1700 2212 1740 esse
2251 1685 2470 1753 Filium,
2507 1689 2602 1743 sed
2644 1689 2902 1760 Spiritum
2937 1705 3208 1759 sanctum,
3239 1705 3290 1749 et
3329 1695 3456 1766 Spi-

1872 1775 2036 1830 ritum
2065 1775 2181 1830 Dei.
2207 1777 2676 1843 Quemadmodum
2719 1791 2899 1836 autem
2938 1782 3173 1853 Spiritus
3205 1801 3310 1839 non
3356 1800 3454 1842 vo-

1870 1875 2025 1922 catus
2071 1876 2156 1922 est
2184 1868 2390 1936 Filius;
2420 1871 2500 1926 sic
2535 1887 2710 1941 neque
2758 1873 2824 1927 de
2855 1872 2992 1926 Filio
3020 1876 3282 1944 scriptum
3312 1885 3397 1930 est
3431 1890 3448 1927 :

1871 1958 1988 2028 Ipse
2021 1970 2118 2015 est-
2137 1961 2374 2030 Spiritus
2402 1972 2645 2016 sanctus.
2681 1962 2821 2017 Num
2852 1965 3018 2035 igitur
3046 1967 3173 2036 quia
3209 1968 3447 2036 Spiritus

1869 2066 1980 2105 non
2004 2061 2231 2108 vocatus
2259 2061 2352 2108 est
2388 2053 2583 2120 Filius,
2617 2063 2669 2108 et
2708 2054 2882 2110 Filius
2921 2072 3027 2110 non
3073 2067 3158 2112 est
3186 2058 3448 2128 Spiritus,

1869 2143 1992 2197 ideo
2021 2144 2278 2200 dissentit
2314 2160 2346 2199 a
2379 2145 2606 2199 veritate
2651 2145 2821 2201 ﬁdes?
2856 2147 3044 2202 Absit!
3084 2148 3226 2214 Quin
3270 2152 3449 2220 potius

1868 2235 2292 2304 unumquodque
2324 2250 2513 2290 eorum
2544 2251 2665 2306 quae
2715 2237 3061 2302 indicantur,
3095 2241 3258 2294 habet
3320 2259 3449 2312 pro-

1867 2323 2043 2392 priam
2080 2323 2561 2394 signiﬁcationem.
2593 2322 2805 2378 Etenim
2837 2324 3004 2380 Filius
3032 2327 3354 2382 substantiae
3382 2344 3449 2384 ac

1868 2422 2081 2468 natura:
2113 2413 2294 2469 Patris
2312 2414 2532 2484 propria
2567 2422 2651 2469 est
2683 2415 2884 2482 proles,
2909 2424 2963 2470 et
2999 2417 3102 2472 hoc
3139 2433 3328 2472 revera
3371 2420 3448 2475 si-

1867 2506 2120 2576 gniﬁcat:
2161 2506 2312 2571 item,
2343 2506 2581 2576 Spiritus
2611 2507 2703 2576 qui
2741 2505 2836 2560 Dei
2867 2507 3089 2574 dicitur,
3115 2518 3168 2563 et
3221 2510 3276 2563 in
3327 2511 3447 2580 ipso

1867 2605 1971 2661 εει,
2010 2612 2118 2651 non
2175 2598 2389 2653 alienus
2437 2607 2523 2652 est
2567 2612 2597 2651 a
2639 2597 2764 2651 Filii
2815 2606 3030 2662 natura,
3071 2614 3168 2654 nec
3199 2616 3226 2653 a
3268 2598 3448 2655 Patris

1866 2688 2168 2743 divinitate.
2198 2689 2323 2744 Ideo
2348 2691 2499 2744 enim
2529 2690 2583 2743 in
2612 2688 2899 2755 Trinitate,
2933 2690 3142 2746 scilicet
3187 2692 3242 2744 in
3285 2690 3448 2746 Patre

1865 2788 1921 2834 et
1957 2780 2012 2834 in
2032 2779 2172 2834 Filio
2205 2783 2336 2836 etin
2368 2781 2489 2851 ipso
2517 2781 2724 2851 Spiritu
2752 2789 2944 2836 sancto
2993 2797 3102 2836 una
3132 2792 3216 2836 cst
3245 2784 3447 2837 divini-

1867 2878 1974 2935 tas,
2032 2881 2086 2926 et
2138 2873 2192 2925 in
2234 2872 2352 2940 ipsa
2409 2871 2674 2925 Trinitate
2725 2886 2895 2924 unum
2950 2881 3034 2926 est
3072 2871 3448 2941 baptisma.et

1866 2978 1975 3017 una
2001 2962 2155 3018 ﬁdes.
2183 2961 2455 3017 Nimirum
2471 2961 2647 3016 vPatre
2672 2963 2922 3016 mittente
2965 2961 3251 3032 Spiritum,
3275 2962 3446 3019 Filius

1866 3052 2146 3107 insuﬁlans
2177 3054 2272 3114 dat
2309 3053 2462 3107 illum
2493 3053 2776 3121 discipulis
2796 3053 2840 3084 ’⁵
2870 3071 2884 3120 ;
2913 3055 3175 3123 quoniam
3207 3071 3226 3104 ι
3250 3053 3446 3110 Omnia

1869 3160 2210 3214 quaecunque
2261 3145 2428 3199 habet
2483 3144 2664 3209 Pater,
2726 3142 2849 3198 Filii
2890 3145 3100 3198 sunt".
3139 3163 3157 3194 ι
3215 3143 3444 3199 Etcum

1867 3234 2104 3291 Verbum
2141 3236 2195 3290 in
2223 3236 2504 3306 prophetis
2536 3237 2710 3301 ﬁeret,
2743 3235 2844 3304 ipsi
2878 3235 2932 3288 in
2969 3234 3174 3303 Spiritu
3213 3235 3447 3304 pr0phe-

1865 3326 2074 3389 tabant,
2099 3335 2160 3379 ut
2180 3325 2446 3394 scriptum
2480 3339 2545 3380 ac
2585 3324 3022 3378 demonstratum
3051 3330 3134 3376 est
3163 3337 3178 3372 :
3214 3340 3231 3372 ι
3263 3320 3444 3377 Verbo

1865 3415 2082 3472 Domini
2137 3417 2260 3472 coeli
2315 3416 2513 3470 ﬁrmati
2574 3426 2722 3480 sunt,
2781 3422 2837 3470 et
2893 3413 3098 3483 Spiritu
3157 3413 3272 3468 oris
3322 3413 3441 3484 ejus

1864 3509 2044 3564 omnis
2073 3508 2247 3563 virtus
2271 3523 2460 3562 eorum
2485 3508 2550 3561 ’⁷.
2589 3525 2608 3558 ι

1931 3601 1986 3656 4.
2028 3598 2215 3668 itaque
2239 3613 2349 3653 non
2377 3607 2560 3654 creata
2588 3611 2677 3652 res
2715 3605 2796 3652 est
2826 3594 3065 3666 Spiritus
3109 3613 3122 3649 :
3157 3595 3251 3650 sed
3275 3593 3442 3650 Verbi

1863 3689 2184 3743 substantiae
2223 3687 2500 3758 proprius,
2527 3685 2621 3740 Dei
2664 3687 2793 3740 item
2839 3685 3116 3755 proprius,
3138 3693 3192 3739 et
3218 3685 3272 3738 in
3319 3685 3440 3754 ipso

1863 3793 1985 3832 esse
2015 3777 2243 3832 dicitur.’
2265 3776 2503 3830 Rursum
2531 3775 2718 3830 eadem
2747 3775 2864 3843 ipsa
2895 3775 3076 3828 dicere
3106 3789 3212 3828 non
3239 3774 3437 3846 pigeat.

1865 3867 2104 3922 Tametsi
2139 3866 2375 3936 Spiritus
2423 3875 2647 3920 sanctus
2693 3880 2802 3919 non
2853 3873 3078 3920 vocatus
3122 3873 3206 3919 est
3242 3863 3440 3932 Filius,

1863 3974 1972 4012 non
2025 3967 2207 4012 tamen
2268 3966 2355 4013 est
2410 3966 2565 4012 extra
2628 3955 2828 4010 Filium
2865 3974 2879 4022 ;
2914 3955 3149 4025 Spiritus
3203 3971 3443 4025 namque

1863 4049 2171 4118 adoptionis
2199 4049 2378 4104 dictus
2399 4058 2484 4103 est
2509 4065 2524 4114 ;
2548 4054 2603 4102 et
2640 4048 2768 4118 quia
2799 4066 2818 4098 ι
2843 4047 3098 4101 Christus
3127 4044 3224 4101 Dei
3265 4045 3440 4100 virtus

1861 4149 1916 4195 et
1941 4140 2034 4196 Dei
2067 4141 2334 4210 sapientia
2380 4150 2464 4195 est
2496 4140 2575 4204 ³⁸,
2613 4158 2632 4190 ο
2692 4147 3053 4210 congruenter
3104 4138 3171 4192 de
3231 4137 3438 4208 Spiritu

1862 4241 2052 4289 sancto
2085 4233 2291 4288 dictum
2321 4244 2424 4296 est,
2459 4250 2481 4283 ι
2528 4232 2766 4301 Spiritus
2810 4231 3092 4301 sapientiae
3120 4239 3175 4285 et
3203 4228 3438 4299 Spiritus

180 4267 201 4299 ι
236 4247 464 4318 Πνεῦμα
493 4247 714 4316 σοφίας,
737 4245 831 4298 καὶ
864 4241 1089 4314 Πνεῦμα
1116 4240 1396 4312 δυνάμεώς
1428 4241 1567 4294 ἐστι.
1596 4258 1616 4290 ι
1655 4239 1762 4293 Τοῦ

1861 4321 2077 4377 virtutis
2111 4329 2196 4377 est
2217 4322 2284 4376 ’°.
2323 4340 2344 4373 ›
2371 4321 2509 4376 Cum
2571 4321 2717 4376 enim
2754 4319 3051 4389 participes
3082 4333 3276 4373 sumus
3313 4315 3432 4387 Spi-

173 4339 290 4412 γὰρ
317 4338 632 4410 Πνεύματος
662 4337 997 4408 μετέχοντες,
1030 4334 1226 4405 ἔχομεν
1252 4332 1346 4386 τὸν
1375 4332 1524 4399 Υἱδν,
1556 4332 1648 4385 καὶ
1671 4331 1762 4385 τὸν

175 4408 311 4485 Υίδν
332 4408 566 4501 ἔχοντες,
591 4429 783 4499 ἔχομεν
808 4429 868 4480 τὸ
890 4424 1135 4495 Πνεῦμα,
1161 4422 1362 4496 κράζον
1390 4423 1449 4475 ὲν
1478 4424 1597 4485 ταῖς
1624 4440 1760 4493 καρ-

1869 4415 2022 4480 ritus,
2057 4412 2258 4466 Filium
2301 4412 2589 4478 habemus,
2623 4419 2677 4465 et
2713 4409 2912 4464 Filium
2955 4409 3238 4470 habentes,
3269 4408 3436 4462 habe—

173 4523 320 4586 δίαις
357 4499 543 4593 ἡμῶν,
581 4540 600 4571 ι
637 4519 804 4573 Ἀδσά
845 4520 874 4571 6
916 4516 1140 4588 Πατὴρ,
1178 4535 1198 4568 ι
1240 4516 1316 4579 ὠς
1348 4517 1377 4569 6
1407 4515 1617 4578 Παῦλος
1643 4513 1754 4585 (ιτ)

1869 4523 1986 4562 mus
2023 4513 2078 4560 et
2116 4503 2378 4575 Spiritum
2421 4503 2748 4558 clamantem
2797 4502 2854 4556 in
2910 4500 3170 4572 cordibus
3208 4499 3434 4563 nostris,

174 4588 424 4684 etp'rpcsv.
482 4614 546 4666 Εί
571 4613 616 4666 δ’
649 4610 817 4664 ὅτιτὸ
855 4607 1079 4678 Πνεῦμά
1116 4609 1231 4660 ἐστι
1264 4604 1356 4659 τοῦ
1383 4603 1538 4667 Θεοῦ,
1569 4605 1664 4658 καὶ
1701 4607 1760 4658 ὲν

1870 4619 1889 4652 ι
1919 4600 2071 4654 Abba
2107 4597 2271 4653 Pater
2292 4597 2394 4662 ³⁰,›
2433 4606 2493 4650 ιιι
2515 4594 2762 4664 loquitur
2783 4591 3005 4646 Paulus.
3041 4589 3195 4656 Quod
3215 4589 3263 4644 si
3305 4588 3435 4658 quia

174 4705 330 4775 αὐτῷ
360 4701 497 4758 εἶναι
527 4703 868 4774 γέγραπται·
906 4720 924 4752 ι
955 4698 1037 4752 Τὰ
1065 4699 1161 4752 τοῦ
1183 4696 1318 4751 Θεοῦ
1345 4697 1456 4768 γὰρ
1479 4695 1654 4760 οὐδεὶς
1682 4691 1759 4748 οἶ-

1869 4690 2102 4758 Spiritus
2127 4699 2211 4743 est
2239 4687 2356 4755 Dei,
2383 4697 2437 4742 ει
2461 4687 2516 4740 in
2553 4687 2674 4756 ipso
2696 4699 2818 4739 esse
2850 4684 3118 4753 scriptum
3148 4692 3232 4736 est
3266 4699 3281 4734 :
3307 4695 3434 4735 nam

173 4797 269 4849 δεν
298 4769 349 4848 kz
385 4793 459 4865 μὴ
580 4769 802 4862 Πνεῦμα
839 4791 933 4845 τοῦ
972 4788 1106 4844 Θεοῦ
1145 4788 1208 4842 τὸ
1238 4789 1297 4840 ὲν
1318 4785 1494 4856 αὐτῷ·
1526 4803 1547 4838 ι
1608 4785 1702 4838 καὶ
1733 4788 1762 4839 6

1870 4801 1888 4834 ι
1922 4782 2054 4848 Quae
2091 4780 2187 4835 Dei
2223 4786 2371 4845 sunt,
2401 4791 2563 4832 nemo
2580 4775 2856 4846 cognovit,
2888 4773 2994 4827 nisi
3042 4771 3278 4842 Spiritus
3309 4769 3432 4834 Dei,

174 4889 307 4951 Υἱὸς
336 4861 397 4940 δέ
426 4861 678 4956 am...-
721 4861 740 4935 ἀ
781 4883 924 4951 Ἐγὼ
954 4883 1012 4934 ὲν
1041 4880 1120 4950 τῷ
1151 4877 1358 4948 Πατρὶ,
1389 4875 1483 4929 και
1511 4876 1540 4929 6
1569 4873 1760 4945 Πατὴρ

1869 4872 2030 4942 quiin
2054 4872 2174 4941 ipso
2197 4870 2364 4925 est".
2391 4888 2412 4922 ι
2454 4867 2626 4922 Filius
2651 4869 2777 4921 item
2801 4866 2940 4921 dixit
2977 4881 2991 4916 :
3041 4883 3061 4915 ι
3088 4863 3201 4932 Ego
3233 4863 3286 4916 in
3325 4861 3433 4916 Pa-

174 4982 236 5033 ὲν
271 4978 427 5050 ἐμοί·
457 4953 595 5031 ι-διὰ
631 4977 684 5030 τί
714 4976 774 5029 τὸ
795 4975 929 5029 αὐτὸ
964 4973 1132 5043 ὄνομα
1161 4972 1260 5024 οὐκ
1290 4968 1404 5021 ἐστι
1431 4966 1607 5037 τούτῳ
1644 4965 1756 5037 (48)

1869 4973 1946 5019 tre
1974 4972 2028 5018 et
2053 4961 2213 5016 Pater
2245 4961 2301 5015 in
2351 4975 2440 5015 me
2462 4959 2507 4991 “
2539 4975 2552 5008 :
2596 4977 2614 5010 ι
2647 4973 2819 5028 quare
2849 4973 2956 5010 non
2985 4956 3115 5009 huic
3152 4963 3316 5022 atque
3357 4953 3432 5006 illi

251 5097 300 5130 “
328 5095 540 5150 Coloss.
573 5109 612 5156 ι,
649 5093 734 5147 15.
774 5075 779 5080 ’
846 5090 892 5122 ⁸³
921 5092 1078 5144 Rom.
1113 5102 1232 5150 vm,
1265 5085 1386 5156 29._
1465 5080 1693 5156 "Qesn.
1725 5099 1756 5136 x

1869 5079 1956 5156 {6.
2027 5077 2286 5156 μί’-19³11.
2316 5077 2525 5156 xx,_2_2.
2573 5074 2848 5156 _"‘_Joan.
2881 5072 3110 5156 xvr,_15.
3214 5068 3427 5125 “Psal.

175 5143 629 5230 ιιιιιιῖὖξπηέῖ
654 5143 783 5218 ὧν.
810 5177 850 5226 ι,
873 5143 1015 5215 24(
1041 5159 1087 5191 ’³
1120 5143 1230 5212 Ιεεξ
1259 5170 1336 5221 ιιι,
1362 5154 1416 5207 2.
1496 5152 1541 5184 ³⁸
1571 5153 1746 5207 Galat.

1890 5150 1944 5204 6.
2024 5149 2068 5181 ⁸¹
2104 5148 2272 5204 lCor.
2309 5165 2370 5214 ιι,
2408 5150 2495 5202 ii.
2571 5146 2616 5179 ³³
2654 5144 2814 5201 Joan.
2846 5161 2959 5210 xiv,
2991 5143 3079 5197 10.

209 5322 214 5326 .
247 5277 362 5345 (ιε)
390 5277 465 5332 lta
496 5277 631 5348 Reg.
664 5285 718 5332 et
745 5276 967 5348 Seguer.
1001 5272 1138 5348 _Editi
1167 5285 1315 5348 vero,
1340 5267 1534 5348 οὕτως.

1869 5263 2124 5348 Βριηῐῃει.
2153 5273 2206 5348 et
2245 5261 2614 5348 immunibus.
2645 5259 2944 5348 codicibus.
2989 5253 3135 5348 Infra
3181 5253 3275 5309 καί
3306 5264 3434 5309 ante

247 5326 362 5427 ἰέξί
390 5326 964 5427 ῥῦιῖιέἐῖἑιιῖ.ἐῖὲἑέιὲέ
992 5345 1044 5427 ι,
1074 5343 1148 5427 μὴ
1177 5326 1508 5427 μέμφεσθε(

1869 5334 1931 5405 τῷ
1963 5336 2118 5404 Λόγῳ
2140 5336 2291 5388 deest
2318 5335 2369 5386 in
2402 5331 2710 5386 Goblerian.
2748 5340 2799 5384 et
2832 5328 2976 5383 Felc.
3011 5326 3063 5380 l.
3138 5395 3149 5406 '

1927 5405 2034 5427 ιιηι
2070 5405 2186 5427 Il.-.-.
2241 5403 2312 5427 .'_-
2347 5403 2372 5427 ,ι
2403 5401 2610 5427 Π..ΠῚ,.-
2639 5400 2853 5427 -1’,.....ρ..
2912 5400 3102 5427 Annuus
3136 5411 3149 5427 ι

245 5393 364 5490 iu}
393 5416 707 5490 Goblerian.
734 5428 786 5471 et
809 5416 949 5490 Felg.
1069 5393 1212 5490 ξτέεί.

1891 5393 2209 5490 η’(έΊΙΪΗιεε,
2238 5403 2312 5466 ὠς
2345 5403 2374 5453 6
2403 5401 2610 5464 Παῦλος
2636 5400 2876 5472 εἴρηκεν,
2911 5400 3108 5453 desunt
3136 5395 3190 5448 in
3208 5393 3429 5448 Gobler.

392 5487 449 5542 In
483 5488 883 5558 Gohleriantet
907 5475 1050 5558 Feige.
1078 5483 1130 5547 l,
1165 5480 1458 5558 xaf‘deest.
1567 5547 1579 5558 _
1622 5545 1638 5558 _
1737 5554 1747 5558 _

1869 5483 1908 5529 3‘
2432 5539 2464 5558 ο
2639 5540 2650 5552 ⁶
2843 5537 2880 5558 n
2949 5537 2981 5558 'I
3084 5544 3095 5558 ι
3128 5535 3197 5558 ἰιι
3226 5516 3259 5558 1,

247 5533 1130 5627 ὶῐέίίῶἷὲἒὲέίῖἑί’ςὸεῑεῖιξηὶἱ
1153 5533 1582 5606 etFelekinanni
1614 5545 1667 5614 1,
1697 5554 1754 5601 ει
1855 5616 1897 5627 Μ
1925 5547 2037 5627 (48)
2065 5533 2405 5627 Sicnﬁegius,
2432 5539 2818 5627 Segperianus,
2841 5535 3201 5627 Basilnetita
3226 5533 3432 5605 legerat

173 5607 517 5698 artatis};
543 5607 761 5698 ᾆδεζῖ
802 5607 1081 5698 Tt":
1528 5688 1539 5698 ,

1869 5607 2118 5672 Nannius.
2145 5607 2291 5668 Editi
2322 5627 2473 5677 vero,
2499 5607 2598 5665 ὁὺκ
2619 5609 2763 5664 ἔστιν
2788 5607 3136 5680 ἀμφοτέροις.

239 5697 362 5770 (46)
382 5685 493 5754 Καί
523 5685 677 5755 ἀεεεί
701 5699 755 5751 in
773 5695 901 5752 edit.
928 5693 1130 5758 Paris.,
1151 5691 1245 5748 sed
1274 5689 1504 5746 habetur
1527 5688 1581 5742 in
1615 5685 1746 5744 edit.
