3822 6226
355 338 461 392 6-15

957 324 1014 376 S.
1069 313 1448 374 ATHANASII
1486 310 1636 364 OPP.
1674 305 1854 360 PARS
1894 301 1930 357 I.
1977 333 2045 344 —-—
2079 295 2458 353 HISTORICA
2498 292 2588 346 ET
2634 288 3056 346 DOGMATICA.

3512 283 3627 338 οη

355 456 497 507 idem
539 443 736 502 nomen
761 451 861 505 est,
891 438 982 493 sed
1027 437 1116 490 hic
1141 433 1360 504 quidem
1386 429 1584 493 Filius,
1620 425 1714 479 ille
1757 421 1922 491 Spiri-
1954 466 1960 476 .

2098 413 2331 482 ὶτούτῳ,
2355 409 2469 463 ἀλλ’
2495 411 2523 462 6
2543 408 2638 478 μὲν
2660 406 2790 469 Υἱὸς
2806 448 2820 470 ,
2843 404 2905 456 τὸ
2925 403 2981 454 δὲ
3010 399 3234 469 Πνεῦμα
3253 417 3267 464 ;
3295 400 3396 454 Ἀν
3418 416 3502 462 τις
3524 398 3625 452 οῦ-

359 558 446 598 Ius
474 538 710 595 dicitur?
751 534 807 588 Si
847 531 971 604 quis
1012 531 1116 582 hoc
1157 525 1320 580 modo
1352 521 1663 576 sciscitetur
1709 517 1756 570 is
1805 527 1932 583 pro-

358 637 501 691 fecto
560 628 868 686 insanierit,
916 638 1040 678 cum
1101 615 1483 673 inscrutabilia
1546 617 1843 670 scrutetur,
1879 614 1934 659 et

358 725 622 796 Apostolo
641 736 746 774 non
766 719 1126 785 obtemperet.
1149 710 1242 782 qui
1267 708 1373 762 ait:
1405 725 1423 758 ι
1454 705 1589 770 Quis
1606 702 1752 758 enim
1785 697 1935 752 novit

360 833 582 877 sensum
620 807 1134 877 Domini?autquis
1174 800 1522 859 consiliarius
1555 797 1672 866 ejus
1703 791 1929 847 fuit”?i

362 907 578 977 Alioqui
629 903 830 973 quibus
893 899 1035 952 Deus
1075 911 1272 951 nomen
1327 889 1541 953 indidit,
1582 887 1704 956 quis
1739 898 1936 938 nomen

361 975 576 1054 mutare
626 992 885 1048 audebit?
931 990 1066 1042 alias
1131 985 1296 1039 rebus
1343 981 1432 1034 ille
1467 991 1685 1048 quoque
1738 975 1937 1027 creatis

360 1089 630 1144 vocabula
656 1085 940 1139 attribuat.
968 1079 1182 1139 Dicant,
1213 1069 1655 1144 quandoquidem
1687 1074 1936 1120 creatura

362 1183 554 1237 eodem
610 1186 746 1233 nutu
800 1175 942 1228 facta
979 1180 1083 1236 est,
1133 1167 1296 1238 559
1331 1180 1429 1220 cur
1477 1162 1587 1224 hic,
1627 1158 1750 1217 sol;
1783 1155 1936 1216 illud,

365 1279 565 1332 caelum
600 1291 614 1339 ;
645 1273 798 1334 illud,
829 1279 997 1330 terra,
1027 1280 1177 1318 mare
1209 1271 1263 1316 et
1297 1258 1426 1314 aer?
1459 1256 1556 1310 Sin
1584 1251 1795 1307 insanis
1829 1247 1938 1301 illis

370 1368 475 1420 hoc
517 1359 858 1430 impossibile
885 1356 1155 1413 videatur,
1194 1347 1408 1416 singula
1435 1344 1582 1396 enim
1622 1343 1847 1393 manent
1883 1340 1941 1385 ut

369 1459 509 1512 facta
545 1464 706 1518 sunt;
756 1449 928 1504 multo
972 1444 1144 1514 magis
1171 1456 1292 1510 quze
1338 1445 1466 1494 sunt
1523 1447 1685 1501 supra
1729 1435 1940 1483 creatas

368 1565 480 1611 res,
530 1554 787 1600 :eternam
853 1539 1051 1593 habent
1096 1527 1556 1604 perseverantiam
1597 1537 1746 1576 :uec
1787 1519 1944 1574 aliter

370 1647 519 1701 sunt,
545 1649 708 1704 quam
761 1638 820 1683 ut
876 1627 1038 1680 Pater
1081 1631 1162 1678 est
1220 1619 1400 1681 Pater,
1427 1625 1480 1671 et
1526 1629 1636 1668 non
1679 1624 1855 1665 avus:
1889 1615 1944 1660 et

370 1700 543 1783 Filius
565 1700 655 1780 est
683 1724 777 1776 Dei
803 1721 999 1777 Filius.
1036 1728 1089 1772 et
1116 1731 1221 1769 non
1249 1713 1406 1766 Pater
1431 1708 1669 1778 Spiritus
1699 1721 1712 1754 :
1745 1713 1797 1757 et
1821 1700 1945 1770 Spi-

2033 523 2139 568 τως
2173 505 2370 575 ἐρωτᾷ,
2411 502 2652 572 μαίνοιτο
2684 497 2749 551 ἂν
2782 500 2809 550 6
2841 494 3102 556 τοιοῦτος,
3137 492 3376 562 ἐρευνῶν
3401 490 3472 543 τὰ
3527 491 3628 544 ἁν-

2036 595 2321 668 ερεύνητα,
2355 594 2448 646 καὶ
2472 589 2798 662 παρακούων
2827 586 2920 640 τοῦ
2955 584 3298 643 Ἀποστόλου.
3329 581 3587 650 λέγοντος
3609 599 3624 611 ο

2042 689 2186 750 ‹,Τίς
2215 687 2323 757 γὰρ
2356 685 2468 755 (49)
2499 683 2640 750 ἔγνω
2669 681 2793 735 νοῦν
2827 679 3065 749 Κυρίου;
3111 677 3143 749 ἢ
3185 676 3269 738 τίς
3319 674 3630 744 σύμϐουλος

2037 779 2202 832 αὑτοῦ
2235 778 2492 846 ἐγένετο;
2532 794 2549 825 ι
2592 772 2800 835 Ἀλλως
2837 788 2895 822 τε
2920 770 2954 824 ἃ
2986 769 3014 821 ὁ
3044 768 3176 832 Θεὸς
3215 767 3468 837 ὠνόμασε
3491 807 3506 828 ,
3543 767 3629 828 τίς

2041 871 2406 942 μετονομάσαι
2438 867 2700 936 τολμήσει
2722 882 2735 927 ;
2776 865 2896 915 ἐπεὶ
2920 865 3000 925 εἰς
3022 862 3090 914 τά
3127 862 3226 931 τῆς
3251 861 3486 921 κτίσεως
3513 861 3633 912 ἐπι-

2037 962 2359 1032 χορηγείτω.
2393 957 2737 1015 Είπάτωσαν,
2765 953 2952 1024 ἐπειδὴ
2975 955 3007 1023 ἡ
3031 952 3208 1014 κτίσις
3233 949 3312 1020 τῷ
3337 949 3490 1019 αὐτῷ
3515 948 3634 1001 νεύ-

2043 1069 2169 1123 ματι
2199 1051 2387 1119 γέγονε
2408 1091 2422 1112 ,
2454 1047 2540 1100 διὰ
2570 1047 2620 1098 τί
2647 1049 2676 1098 6
2719 1046 2815 1115 μὲν
2841 1044 2988 1114 ἥλιος
3009 1083 3023 1107 ,
3066 1045 3094 1096 ὁ
3125 1042 3181 1095 δὲ
3211 1040 3439 1112 οὐρανὸς
3469 1042 3567 1092 καὶ
3598 1042 3631 1108 ἡ

2043 1146 2114 1215 γῆ
2145 1145 2237 1198 κα)¹
2266 1145 2299 1214 ὴ
2325 1143 2566 1196 Θάλασσα
2589 1141 2683 1192 καὶ
2715 1140 2822 1209 ἀήρ
2862 1137 2974 1206 (50)
2999 1153 3014 1199 ;
3050 1136 3112 1188 El.
3141 1134 3198 1186 δὲ
3220 1133 3483 1188 ἀδύνατον
3511 1130 3635 1184 τοῦο

2042 1239 2100 1290 τό
2129 1254 2192 1304 γε
2235 1239 2345 1297 τοῖς
2391 1234 2587 1302 ἄφροσι
2631 1231 2804 1300 (μένει
2849 1227 2957 1298 γὰρ
2991 1227 3252 1289 ἕκαστον,
3287 1225 3365 1288 ὡς
3390 1223 3634 1293 γέγονε),

2044 1328 2223 1400 πολλῷ
2271 1327 2468 1398 μᾶλλον
2513 1326 2581 1378 τά
2629 1324 2741 1377 ἄνω
2783 1322 2884 1391 τῆς
2916 1320 3144 1382 κτίσεως
3175 1319 3342 1371 ἀΐδιον
3385 1317 3502 1387 ἔχει
3534 1316 3634 1386 τὴν

2043 1422 2303 1492 διαμονὴν
2330 1461 2343 1484 ,
2373 1419 2468 1471 καὶ
2501 1418 2600 1470 οὐκ
2625 1416 2770 1468 ἐστιν
2805 1413 2979 1474 ἄλλως
3001 1454 3016 1475 ,
3043 1411 3076 1481 ἢ
3103 1411 3180 1473 ὦς
3204 1411 3352 1462 ἐστιν
3386 1411 3415 1461 6
3441 1407 3636 1479 Πατὴρ

2044 1513 2254 1584 Πατὴρ,
2281 1511 2375 1564 καὶ
2397 1510 2456 1562 οὐ
2480 1508 2726 1571 πάππος,
2753 1505 2848 1558 καὶ
2872 1506 2900 1558 6
2923 1503 3050 1565 Υἱὸς
3073 1501 3198 1564 Υἱός
3217 1502 3333 1553 ἐστι
3355 1497 3451 1552 τοῦ
3475 1497 3635 1558 Θεοῦ,

2045 1609 2138 1660 καὶ
2170 1607 2228 1659 οὐ
2255 1603 2442 1673 Πατὴρ
2470 1599 2562 1653 τοῦ
2588 1597 2922 1669 Πνεῦματος,
2946 1597 3040 1649 καὶ
3065 1595 3125 1647 τὸ
3147 1594 3371 1664 Πνεῦμα
3393 1593 3456 1646 τὸ
3483 1593 3638 1660 ἆγιον

2046 1700 2270 1772 Πνεῦμα
2303 1698 2476 1766 ἅγιον,
2505 1695 2599 1748 καὶ
2625 1695 2725 1747 οὐκ
2753 1693 2972 1762 ἔκγονον
2999 1691 3108 1762 (Si)
3132 1689 3224 1742 τοῦ
3247 1687 3485 1759 Πατρὸς,
3517 1683 3641 1739 om

373 1826 513 1878 ritus
563 1827 787 1874 sanctus
824 1823 908 1866 est
955 1811 1194 1881 Spiritus
1239 1812 1484 1869 sanctus,
1531 1809 1585 1854 et
1624 1813 1731 1853 non
1775 1795 1948 1848 Patris

2098 1790 2276 1858 δελφὸς
2301 1787 2393 1840 τοῦ
2427 1784 2577 1838 Υἱοῦ.

375 1929 568 1982 nepos,
598 1925 698 1964 nec
735 1905 856 1962 Filii
892 1905 1062 1959 frater

449 2007 500 2060 5.
542 2003 635 2057 llis
676 2001 749 2053 ita
784 1991 1246 2053 commonstratis,
1289 1988 1334 2042 is
1370 1998 1502 2039 sane
1541 1973 1952 2043 insanieritqui

376 2091 750 2160 interrogarit,
775 2102 904 2141 num
936 2074 1173 2153 Spiritus
1203 2092 1422 2149 quoque
1443 2075 1513 2127 sit
1540 2071 1733 2126 Filius.
1769 2065 1844 2120 Ne
1869 2074 1954 2118 ta-

380 2203 504 2241 men
539 2183 669 2252 quia
717 2167 789 2233 ita
841 2176 1105 2244 scriptum
1145 2187 1249 2224 non
1291 2177 1394 2232 est,
1432 2165 1552 2220 ideo
1578 2163 1700 2236 quis
1735 2175 1858 2214 eum
1891 2173 1955 2210 ex

385 2276 477 2330 Dei
518 2283 712 2327 natura
744 2278 798 2322 et
833 2265 1162 2336 proprietate
1183 2261 1416 2323 eximat;
1455 2256 1546 2310 sed
1585 2254 1660 2307 uti
1696 2252 1957 2318 scriptum

380 2373 484 2430 est,
512 2361 698 2418 credat
717 2366 769 2412 et
801 2372 867 2410 ne
898 2355 1076 2408 dicat:
1107 2351 1285 2417 Quare
1311 2348 1389 2403 sic
1411 2355 1463 2400 et
1492 2359 1599 2398 non
1631 2340 1744 2396 sic?
1790 2353 1856 2391 ne
1877 2345 1960 2389 ta-

382 2456 456 2509 lia
486 2453 730 2518 cogitans
758 2446 983 2514 incipiat
1005 2442 1254 2497 meditari
1283 2454 1346 2493 ac
1383 2437 1562 2491 dicere
1584 2452 1596 2486 :
1621 2431 1853 2485 Ubinam
1883 2435 1964 2480 est

382 2561 514 2616 ergo
533 2543 696 2606 Deus,
713 2549 764 2594 et
789 2536 1063 2606 quomodo
1085 2533 1202 2588 est?
1220 2546 1282 2584 ac
1299 2538 1483 2600 postea
1511 2525 1697 2578 audiat
1721 2540 1734 2576 :
1771 2540 1790 2571 ι
1817 2518 1966 2572 Dixit

385 2635 650 2704 insipiens
680 2633 734 2684 in
761 2627 925 2683 corde
950 2641 1082 2680 suo:
1111 2623 1227 2676 Non
1264 2629 1348 2673 est
1369 2619 1512 2671 Deus
1535 2615 1600 2670 “.
1628 2634 1644 2664 ο
1680 2611 1816 2666 Nam
1846 2623 1967 2677 quae

387 2725 492 2779 tide
520 2723 828 2783 traduntur,
853 2716 1220 2787 cognitionem
1247 2711 1446 2765 habent
1467 2723 1574 2762 non
1611 2705 1822 2762 curiose
1848 2719 1970 2772 per-

386 2815 762 2871 scrutandam.
787 2810 946 2864 Certe
979 2822 1101 2861 cum
1138 2802 1389 2869 discipuli
1423 2800 1722 2860 audiSsent,
1759 2815 1776 2846 ι
1797 2794 1970 2864 bapti-

389 2915 578 2960 zantes
609 2918 704 2958 eos
727 2902 783 2956 in
818 2899 1039 2955 nomine
1068 2896 1246 2951 Patris
1271 2903 1325 2948 et
1351 2892 1473 2946 Filii
1504 2900 1557 2946 et
1581 2889 1816 2958 Spiritus
1839 2902 1968 2940 san-

387 2995 546 3060 cti”,
575 3013 593 3047 ι
633 3008 744 3047 non
776 2991 995 3044 curiose
1024 2985 1391 3057 inquirebant,
1409 2979 1762 3036 cut-secundo
1778 2976 1970 3042 Filius,

2208 1987 2421 2042 Τούτων
2453 1985 2594 2038 οὕτω
2621 1983 3004 2054 δεικνυμένων,
3043 1982 3268 2054 μαίνοιτ’
3287 1979 3358 2033 ἄν
3383 1997 3468 2044 τις
3502 1982 3644 2050 ἐρω-

2056 2085 2184 2146 τῶν,
2229 2082 2356 2144 Υἱὸς
2387 2075 2478 2133 οὖν
2503 2081 2618 2130 ἐστι
2642 2078 2736 2130 καὶ
2764 2077 2824 2129 τὸ
2857 2075 3114 2146 Πνεῦμα;
3143 2076 3315 2147 Μηδὲ,
3341 2073 3536 2144 ἐπειδὴ
3569 2074 3646 2144 μὴ

2059 2178 2368 2247 γέγραπται
2398 2172 2560 2236 οῦτω,
2616 2170 2704 2224 διὰ
2729 2169 2885 2222 τοῦτο
2946 2169 3230 2239 ὲξαιρείτω
3255 2185 3338 2230 τις
3388 2166 3526 2220 αὐτὸ
3549 2167 3646 2236 τῆς

2059 2271 2152 2323 τοῦ
2175 2267 2308 2320 Θεοῦ
2333 2266 2546 2335 φύσεως
2571 2264 2664 2316 καὶ
2717 2262 2997 2332 ἰδιότητος·
3037 2261 3150 2314 ἀλλ’
3190 2260 3265 2323 ὼς
3312 2258 3647 2329 γέγραπται,

2064 2361 2364 2415 πιστευέτω
2386 2357 2480 2411 καὶ
2513 2354 2585 2426 μὴ
2611 2354 2720 2424 (52)
2754 2353 2958 2422 λεγέτω
2981 2371 2994 2383 ·
3025 2351 3124 2404 Διὰ
3145 2351 3197 2404 τί
3246 2349 3419 2413 οὕτως
3451 2349 3550 2403 καὶ
3580 2348 3652 2420 μὴ

2063 2453 2232 2516 οὕτως
2258 2468 2271 2516 ;
2303 2451 2389 2503 ἵνα
2423 2448 2496 2519 μὴ
2522 2446 2746 2501 τοιαῦτα
2787 2444 3239 2514 διαλογιζόμενος,
3289 2443 3526 2514 ἄρξηται
3555 2459 3652 2512 με-

2064 2545 2222 2615 λετᾷν
2255 2543 2348 2595 καὶ
2404 2541 2602 2608 λέγειν’
2661 2536 2771 2590 Ποῦ
2831 2531 2922 2589 οὖν
2956 2538 3102 2588 ἐστιν
3134 2537 3162 2588 6
3196 2535 3348 2598 Θεὸς,
3410 2535 3510 2587 καὶ
3539 2533 3655 2597 πῶς

2067 2639 2179 2692 ἐστι
2205 2654 2218 2701 ;
2248 2635 2342 2688 καὶ
2371 2630 2818 2686 λοιπὸνᾚκούσει·
2873 2649 2890 2678 ‹
2923 2623 3088 2681 Εἶπεν
3121 2628 3308 2698 ἄφρων
3348 2627 3406 2678 ἐν
3455 2625 3656 2696 καρδίᾳ.

2068 2725 2261 2780 αὐτοῦ·
2301 2724 2413 2776 Οὐκ
2439 2722 2554 2774 ἐστι
2582 2719 2734 2782 Θεός.
2777 2739 2796 2770 ›
2825 2718 2905 2771 Τὰ
2930 2715 3036 2788 γάρ
3065 2719 3129 2786 τῇ
3162 2715 3340 2768 πίστει
3368 2715 3656 2784 παραδιδό-

2074 2834 2208 2888 μενα
2241 2813 2673 2885 ἀπεριέργαστον
2703 2809 2813 2880 ἔχει
2865 2808 2961 2880 τὴν
3009 2807 3228 2876 γνῶσιν.
3277 2807 3342 2858 Oi.
3375 2805 3509 2874 γοῦν
3547 2806 3656 2876 (55)

2075 2907 2333 2980 μαθηταὶ,
2396 2903 2747 2966 ἀκούσαντες,
2789 2919 2806 2952 ι
2856 2899 3205 2970 βαπτίζοντες
3248 2899 3444 2962 αὐτοὺς
3484 2900 3571 2962 είς
3599 2897 3659 2950 τὺ

2073 3001 2245 3070 ὄνομα
2272 2997 2366 3051 τοῦ
2394 2996 2606 3067 Πατρδς
2638 2995 2729 3048 καὶ
2753 2992 2848 3046 τοῦ
2875 2991 3003 3044 Υίοῦ
3035 2992 3128 3044 καὶ
3162 2988 3256 3043 τοῦ
3289 2989 3447 3057 ἁγίου
3485 2987 3662 3041 Πνεῦ-

389 3095 445 3142 ct
486 3085 650 3140 tertio
698 3083 968 3152 Spiritus,
1014 3089 1109 3134 aut
1159 3093 1256 3132 cur
1297 3075 1521 3130 omnino
1563 3071 1832 3125 Trinitas:
1878 3070 1960 3125 sed

681 3177 713 3187 ι.
857 3182 868 3187 -
1032 3172 1065 3187 1·
1091 3172 1103 3187 ι
1251 3177 1264 3187 Α
1333 3166 1513 3187 λγ---,,
1553 3163 1960 3187 -..2-Α2ιλὶυιηι..-

2098 3107 2295 3154 ιατος,›
2327 3089 2387 3140 οὐ
2419 3083 2886 3156 περιειργάσαντο,
2945 3081 3034 3135 διὰ
3077 3082 3130 3134 τί
3178 3080 3428 3152 δεύτερον
3451 3081 3480 3132 6
3507 3080 3657 3142 Υἱὸς,

2143 3180 2155 3187 .
2274 3179 2284 3187 .
2437 3174 2625 3187 ...-
2769 3172 3068 3187 ...ηη
3192 3167 3615 3187 ,τηιηςηι

389 3187 553 3250 prout
591 3177 894 3239 audierant,
922 3172 1290 3246 crediderunt.
1333 3166 1518 3236 Neque
1551 3163 1960 3219 sciscitabantur

2098 3180 2168 3233 :ai.
2198 3179 2377 3251 τρίτον
2402 3177 2462 3228 τὸ
2487 3174 2729 3244 Πνεῦμα,
2764 3173 2796 3244 ἢ
2825 3173 2911 3225 διὰ
2943 3173 2994 3224 τί
3023 3172 3159 3233 ὅλως
3192 3169 3392 3241 Τριάς⁶
3422 3167 3542 3222 ἀλλ’
3586 3167 3660 3231 ὡς

391 3271 555 3324 sicuti
588 3283 684 3321 vos
706 3286 718 3320 :
742 3265 954 3336 Ergone
1003 3262 1240 3332 Spiritus
1271 3269 1354 3315 est
1379 3259 1596 3313 Filius?
1642 3257 1824 3327 Neque
1846 3271 1969 3311 cum

393 3362 661 3416 Dominus
685 3368 807 3428 post
845 3356 1043 3410 Filium
1083 3354 1392 3408 nominaret
1426 3350 1711 3421 Spiritum,
1743 3351 1974 3404 interro-

393 3455 628 3523 gabant:
662 3450 803 3520 Ergo
826 3465 959 3503 avus
988 3457 1071 3502 est
1107 3446 1304 3500 Pater?
1333 3443 1450 3498 Non
1481 3443 1626 3498 enim
1667 3441 1971 3504 audierant,

394 3546 450 3598 in
481 3543 698 3598 nomine
727 3543 836 3606 avi,
860 3540 953 3594 sed
981 3541 1034 3593 in
1055 3539 1274 3592 nomine
1298 3535 1475 3590 Patris
1503 3553 1516 3598 ;
1543 3535 1792 3603 hancque
1817 3533 1973 3587 fidem

395 3636 566 3704 probe
598 3633 907 3688 ratiocinati
943 3629 1379 3701 praedicaverunt
1422 3628 1645 3697 ubique.
1681 3625 1799 3680 Non
1829 3627 1974 3680 enim

397 3727 557 3780 aliter
599 3725 928 3794 loquendum
966 3723 1104 3786 fuit,
1137 3738 1300 3792 quam
1345 3722 1556 3776 dixerat
1601 3719 1885 3774 Salvator:
1919 3732 1979 3773 se

396 3819 615 3888 quidem
651 3815 872 3879 Filium,
905 3815 1055 3869 illum
1110 3828 1241 3867 vero
1278 3811 1541 3881 Spiritum
1573 3819 1844 3864 sanctum.
1874 3807 1979 3861 Ne-

397 3925 506 3979 que
554 3907 880 3962 immutandi
931 3913 1110 3970 erant,
1165 3919 1325 3958 secus
1357 3919 1522 3972 quam
1569 3903 1760 3955 ordine
1804 3899 1976 3970 juncti

398 4004 633 4065 fuerant,
666 4013 727 4056 ut
773 4016 947 4070 neque
965 3998 1144 4053 Pater.
1177 3997 1648 4063 Quemadmodum
1687 3995 1831 4050 enim
1871 4009 1978 4049 non

399 4095 525 4148 licet
571 4095 725 4148 aliter
769 4093 834 4146 de
862 4092 954 4145 illo
997 4091 1166 4159 loqui,
1193 4104 1355 4158 quam
1404 4089 1544 4156 quod
1577 4087 1738 4141 Pater
1771 4088 1872 4152 sit;
1909 4088 1980 4141 ita

399 4186 626 4254 impium
675 4183 838 4237 fuerit
884 4182 1254 4250 interrogare,
1291 4195 1358 4232 an
1386 4177 1559 4232 Filius
1608 4179 1676 4232 sit
1722 4176 1979 4247 Spiritus,

400 4286 494 4328 aut
524 4271 762 4341 Spiritus
797 4270 990 4324 Filius.
1025 4269 1139 4323 Hac
1171 4270 1238 4322 de
1277 4283 1442 4323 causa
1472 4267 1739 4322 Sabellius
1772 4268 1982 4322 alienus

401 4365 472 4417 ab
505 4362 751 4417 Ecclesia
795 4362 1076 4431 judicatus
1109 4368 1210 4423 est,
1233 4375 1402 4414 ausus
1433 4360 1671 4413 tribuere
1703 4358 1848 4412 Patri
1881 4374 1982 4412 no-

2074 3275 2332 3345 ἤκουσαν,
2360 3269 2702 3322 ἐπίστευσαν·
2752 3267 2846 3319 καὶ
2885 3266 2983 3336 οὐχ
3012 3265 3198 3336 ὥσπερ
3228 3266 3384 3336 ὑμεῖς
3435 3263 3659 3336 ἠρώτη-

2078 3380 2206 3416 σαν·
2234 3359 2360 3422 Υἱδς
2388 3355 2480 3412 οὖν
2504 3360 2620 3410 ἐστι
2661 3357 2719 3409 τὸ
2763 3353 3020 3426 Πνεῦμα;
3072 3356 3228 3418 Οὐδὲ,
3278 3355 3526 3419 εἰπόντος
3564 3354 3661 3409 τοῦ

2075 3454 2280 3524 Κυρίου
2323 3452 2459 3524 μετὰ
2483 3451 2574 3504 τὸν
2606 3451 2732 3503 Υίὸν
2751 3447 2811 3502 τὸ
2858 3447 3104 3518 Πνεῦμα,
3141 3447 3433 3520 ἠρώτησαν
3457 3467 3468 3477 ·
3505 3451 3665 3502 Πάπ-

2079 3563 2178 3608 πος
2206 3541 2297 3597 οῦν
2335 3546 2363 3596 ὁ
2395 3544 2616 3612 Πατήρ;
2667 3541 2742 3594 Οὐ
2773 3541 2882 3611 γὰρ
2913 3539 3148 3612 ἥκουσαν
3181 3541 3258 3603 είς
3286 3542 3458 3611 ὄνομα
3509 3542 3663 3595 πάπ-

2079 3656 2202 3698 που,
2239 3636 2352 3689 όιλλ’
2385 3639 2464 3698 εἰς
2497 3635 2668 3705 ὄνομα
2718 3632 2930 3702 Πατρὸς
2987 3632 3131 3701 (54),
3175 3634 3268 3686 καὶ
3312 3632 3518 3703 ταύτην
3562 3636 3666 3704 τὴν

2080 3729 2261 3781 πίστιν
2285 3725 2553 3798 ἐκήρυξαν
2604 3723 2900 3794 πανταχοῦ,
2949 3723 3294 3794 λογισάμενοι
3334 3725 3532 3795 ὀρθῶς.
3583 3728 3664 3781 Οὐ

2079 3821 2188 3889 γὰρ
2212 3815 2278 3889 ἦν
2318 3817 2488 3880 ἄλλως
2512 3817 2705 3877 εἰπεῖν,
2738 3815 2770 3885 ἢ
2805 3814 2880 3877 ὼς
2905 3813 3122 3884 εἴρηκεν
3155 3815 3183 3864 6
3231 3814 3442 3884 Σωτήρ·
3467 3816 3667 3866 ἑαυτὸν

2084 3911 2181 3981 μὲν
2208 3910 2355 3973 Υἱδν,
2378 3909 2438 3961 τὸ
2470 3908 2526 3960 δὲ
2579 3906 2804 3976 Πνεῦμα
2848 3907 3020 3974 ἆγιον·
3081 3905 3190 3958 οὐδ’
3233 3906 3520 3972 ἐναλλάξαι
3546 3907 3666 3978 (55)

2082 4000 2236 4071 θέμις
2263 4001 2294 4072 ἢ
2330 3999 2406 4061 ὡς
2435 3997 2806 4062 συντέτακται,
2838 3997 3026 4067 ὥσπερ
3057 3997 3149 4050 καὶ
3178 3998 3270 4050 ἐπὶ
3301 3997 3394 4050 τοῦ
3422 3999 3667 4070 Πατρός.

2093 4091 2180 4154 Ὧς
2211 4091 2318 4162 γὰρ
2339 4092 2437 4144 οὐκ
2461 4092 2665 4158 ἔξεστιν
2695 4091 2867 4154 ἄλλως
2899 4094 3071 4144 εἰπεῖν
3122 4093 3250 4161 περὶ
3280 4091 3466 4155 αὐτοῦ,
3499 4093 3533 4162 ἢ
3581 4093 3673 4147 ὅτι

2084 4182 2292 4254 Πατὴρ,
2319 4182 2488 4246 οὕτως
2511 4182 2706 4246 ἀσεϐὲς
2735 4183 2964 4253 ἐρωτᾷν,
3005 4183 3054 4234 εί
3096 4183 3222 4244 Υίός
3257 4182 3368 4252 (56)
3428 4185 3545 4236 ἐστι
3603 4184 3673 4236 τὸ

2083 4275 2328 4345 Πνεῦμα,
2355 4274 2387 4345 ἢ
2414 4275 2472 4328 τὸ
2502 4274 2723 4344 Πνεῦμα
2748 4273 2897 4336 Υἱός.
2935 4273 3032 4326 Διὰ
3064 4273 3220 4326 τοῦτο
3245 4273 3527 4336 Σαδέλλιος
3553 4273 3670 4344 (57)

2085 4366 2360 4438 ἀλλότριος
2385 4364 2827 4436 τῆςἘκκλησίας
2847 4365 3058 4436 ἐκρίθη,
3081 4366 3352 4436 τολμήσας
3376 4368 3551 4418 εἰπεῖν
3576 4367 3676 4418 ἐπὶ

401 4472 528 4510 men
579 4454 724 4518 Filii,
766 4470 830 4508 ac
870 4453 1008 4507 Filio
1047 4467 1246 4506 nomen
1294 4449 1493 4504 Patris.
1527 4451 1611 4504 An
1643 4451 1826 4520 itaque
1859 4466 1958 4520 pos

2098 4458 2179 4512 τοῦ
2206 4459 2418 4529 Πατρδς
2455 4458 2517 4510 τὸ
2547 4458 2698 4521 Υἱὸς,
2731 4457 2825 4510 καὶ
2851 4457 2944 4509 ἐπὶ
2975 4457 3068 4510 τοῦ
3124 4458 3256 4510 Υἰοῦ
3301 4457 3362 4510 τὸ
3407 4457 3503 4510 τοῦ
3549 4458 3674 4511 Πα-

404 4547 520 4601 haac
554 4547 698 4599 ausit
735 4543 1008 4614 quispiam
1047 4542 1275 4596 audiens
1305 4539 1502 4594 Filium
1532 4551 1586 4595 et
1614 4540 1874 4610 Spiritum
1900 4543 1981 4596 di-

401 4651 526 4692 cere
563 4655 575 4691 :
606 4636 754 4690 Avus
791 4650 922 4706 ergo
964 4643 1048 4688 est
1071 4631 1252 4697 Pater,
1277 4640 1370 4686 aut
1407 4631 1578 4687 Filius
1603 4644 1686 4687 est
1711 4628 1995 4703 Spiritus?

402 4729 517 4784 lmo
557 4728 834 4782 audebunt
878 4723 1154 4788 Eunomii,
1186 4723 1419 4777 Eudoxii
1474 4732 1527 4777 et
1566 4722 1804 4779 Eusebii.
1839 4725 1975 4781 Cum

475 4819 518 4850 ³³
554 4817 711 4871 Rom.
738 4833 815 4880 ιι,
839 4815 926 4870 54.
1006 4815 1050 4846 ³⁸
1073 4813 1218 4868 Psal.
1253 4830 1374 4879 xm,
1401 4814 1450 4866 1.

611 4926 1321 5010 [dedeestir't‘qobleriam
1355 4934 1409 4979 et
1438 4925 1581 5010 Eelc.
1618 4929 1666 5010 .

473 4995 584 5070 (—50)
615 4995 833 5054 Govhler.
861 5009 927 5071 ει
962 4997 1141 5071 Felck,
1189 4996 1418 5071 primus,
1451 4995 1480 5046 ὁ
1507 4997 1564 5051 δὲ
1593 4999 1840 5071 οὐρανὸς,
1876 5002 1967 5070 γῆς

403 5064 666 5140 θάλασσα,
696 5071 824 5140 ἀήρ.
858 5067 978 5140 Mox
1025 5067 1171 5140 Regz
1188 5075 1241 5118 et
1282 5064 1528 5140 Seguer..
1565 5064 1674 5131 τοῖς
1721 5064 1970 5140 ἄφροσιν.

405 5142 567 5219 Ειιξιί,
593 5128 877 5219 ἐμφρόσιν.
912 5139 1082 5219 Paulo
1106 5128 1254 5206 pbst,
1284 5128 1453 5188 ἀΐδιον
1477 5140 1628 5192 deest
1656 5128 1725 5192 vin
1753 5128 1971 5195 Gobler.

403 5221 450 5267 et
477 5209 824 5264 Felckn‘tauni
857 5211 1053 5276 primo.

406 5351 424 5368 ν
616 5280 951 5368 Segueriau.
987 5275 1205 5332 Gobler.
1243 5271 1459 5329 etFelc.
1489 5275 1541 5343 1,
1567 5275 1786 5344 ἔγγονον
1814 5297 1826 5331 :
1863 5279 1976 5344 alii,

405 5365 642 5415 εκγονον.

475 5419 584 5485 (5‘2)
613 5419 701 5488 Μή
733 5417 892 5488 deest
923 5417 993 5488 in_
1013 5415 1176 5471 Basil.

731 5486 938 5572 Regaet
964 5486 1184 5572 seguer.
1208 5487 1380 5572 .Editi':
1413 5487 1483 5572 Εί¹
1505 5484 1670 5572 Troiam.
1693 5485 1852 5558 male.

408 5556 716 5695 Ηέἓζέςξίο
750 5558 968 5624 Regius,
1000 5557 1315 5625 Segueriau.
1341 5555 1507 5610 Basil.
1534 5556 1673 5609 Editi
1697 5555 1849 5621 tero,
1876 5555 1970 5608 τοῦ

474 5693 585 5768 (55)
617 5695 692 5749 lta
730 5693 929 5761 Regius
960 5706 1012 5749 et
1041 5694 1252 5762 Segucr.
1298 5695 1438 5749 Editi
1470 5706 1672 5764 autem,
1694 5697 1844 5750 οὺὸἐν
1877 5695 1972 5750 ἁλ-

2085 4549 2210 4620 τρὸς
2241 4548 2350 4616 (58)
2375 4548 2566 4616 ὄνομα.
2594 4543 2718 4618 'Ap‘
2745 4542 2837 4599 οῦν
2889 4549 2968 4600 ἐτι
3031 4548 3170 4619 μετὰ
3207 4549 3376 4601 ταῦτα
3407 4550 3676 4619 τολμήσει

2098 4657 2180 4702 τις
2210 4639 2420 4691 ἀκούων
2448 4639 2578 4690 Υἱδν
2606 4637 2701 4690 καὶ
2734 4635 2957 4708 Πνεῦμα
3019 4641 3213 4691 εἰπεῖν’
3244 4640 3473 4702 Πάππος
3497 4633 3593 4692 οὖν
3643 4641 3676 4692 6

2085 4731 2296 4802 Πατὴρ,
2324 4730 2358 4802 ἢ
2389 4730 2515 4793 Υἱὸς
2541 4725 2634 4782 οὖν
2661 4727 2848 4800 (59)τδ
2875 4728 3098 4800 Πνεῦμα
3120 4746 3133 4794 ;
3175 4731 3284 4782 Nat".
3307 4729 3679 4801 τολμήσουσιν

1531 4813 1574 4845 ³⁸
1605 4813 1793 4870 Matth.
1823 4834 2014 4888 xxvm,
2043 4821 2126 4875 l9.

2071 4933 2250 4997 λάξαι.
2277 4931 2446 4986 Paulo
2471 4940 2598 5001 post
2619 4929 2823 5002 Regius
2843 4938 2899 4985 et
2940 4929 3287 5002 Segueriau.,
3310 4931 3409 4984 οὐκ
3436 4932 3676 4998 ἔξεστιν.

2077 5004 2247 5063 Editi,
2272 5003 2372 5055 οὐκ
2404 5002 2573 5056 ἔστιν.

2077 5141 2110 5212 ἢ
2410 5071 2544 5142 Reg.
2579 5069 2897 5141 Seguerian.
2936 5078 2990 5124 et
3021 5068 3310 5125 Basilicus.
3340 5069 3483 5125 Editi
3517 5087 3679 5133 vero,

2193 5159 2287 5204 ιος.

2147 5210 2261 5280 (57)
2297 5210 2428 5280 Reg.
2459 5219 2510 5264 et
2543 5209 2765 5280 Seguer.
2803 5211 2869 5265 ad
2898 5225 3096 5277 marg,
3125 5211 3264 5280 rupi
3285 5209 3602 5280 Σαδελλίου.

2153 5278 2264 5350 (58)
2295 5278 2496 5346 Regius
2524 5289 2580 5333 et
2608 5279 2950 5350 Seguerian..
2972 5278 3210 5350 [lmde
3230 5278 3392 5350 Editi,
3424 5279 3679 5350 Πνεῦμα-

2085 5347 2192 5414 τος.
2223 5347 2343 5403 Mox
2375 5350 2456 5402 ἔτι
2483 5351 2635 5404 deest
2658 5347 2710 5402 in
2745 5349 3058 5404 anleriau.
3093 5361 3144 5401 et
3174 5347 3415 5403 Felckm.
3452 5349 3499 5402 ί.

2155 5419 2265 5486 (59)
2300 5415 2404 5472 Οὗν
2433 5419 2585 5473 deest
2617 5419 2670 5472 in
2703 5419 2927 5488 Seguer.
2974 5420 3112 5472 solo.
3152 5417 3356 5488 Ibidem
3393 5417 3598 5484 Regius
3627 5426 3685 5471 et

2084 5487 2562 5559 Segueriatt._,_N1‘t
2605 5485 2992 5559 τολμήσουσιν,
3028 5496 3196 5559 recte.
3236 5485 3406 5559 Editi,
3428 5490 3524 5559 καὶ
3549 5488 3682 5541 τολ-

2086 5560 2368 5628 μήσουσιν.
2399 5556 2518 5610 Mox
2547 5558 2643 5628 καί
2667 5555 2792 5628 ante
2817 5556 3058 5628 Εὑδόξιοι
3087 5557 3242 5628 deest
3264 5557 3317 5609 in
3347 5555 3677 5628 Goblerian.

2080 5625 2478 5680 et'Felckmau.
2534 5629 2582 5680 l.
2630 5627 2769 5682 lul'ra
2815 5627 2948 5695 Reg.
2993 5635 3047 5680 et
3085 5625 3676 5695 δεκαετηπαύσουσι.

2079 5695 2238 5760 Editi,
2271 5697 2536 5749 παύσωσι.
2568 5695 2767 5751 ibidem
2791 5691 2924 5766 Reg.
2962 5706 3017 5751 et
3040 5691 3292 5766 Seguer.,
3327 5691 3601 5762 γλῶτταν.
