3822 6226
173 320 287 376 ωε

1274 312 1612 369 EPISTOLA
1652 313 1721 368 IV
1769 312 1862 368 AD
1905 309 2375 370 SERAPIONEM.

3340 307 3445 365 616

174 434 453 505 Εὑνόμιοι,
483 432 579 486 καὶ
599 431 860 498 Εὐδόξιοι,
889 431 982 485 καὶ
999 430 1249 484 Εὑσέὸιοι
1278 430 1409 502 (60).
1437 430 1620 496 Ἀπαξ
1650 430 1760 503 γὰρ

1871 431 2007 487 enim
2060 430 2232 486 semel
2259 429 2478 484 Arianae
2515 426 2742 483 haeresis
2776 425 3072 483 histriones
3095 424 3269 481 eﬂ'ecti
3294 426 3402 479 sint
3426 465 3444 492 ,

176 523 595 596 ὑποκρινόμενοι
615 524 714 594 τὴν
743 523 1023 594 Ἀρειανὴν
1051 522 1284 593 αἵρεσιν,
1301 522 1361 575 οὑ
1393 520 1466 592 μὴ
1489 520 1756 574 παύσουσι

173 612 275 682 τὴν
301 610 511 665 ἑαυτῶν
535 610 786 679 γλῶσσαν
819 611 927 664 ἀπὸ
979 608 1251 673 ἀσεϐείας.
1278 610 1374 674 Τίς
1414 609 1523 680 γὰρ
1575 610 1757 673 αὐτοῖς

176 700 466 770 παρέδωκε
492 699 697 764 ταῦτα;
733 699 829 763 Τίς
859 702 888 752 6
910 698 1158 763 διδάξας;
1200 699 1336 752 Ἀλλ’
1359 699 1533 763 οὐδεὶς
1559 701 1625 753 ἐκ
1647 699 1756 753 τῶν

175 792 339 847 θείων
357 792 608 865 Γραφῶν·
636 795 701 846 ὲκ
723 792 780 845 δὲ
806 789 899 847 τοῦ
950 791 1383 863 περισσεύματος
1410 792 1508 863 τῆς
1532 792 1758 863 καρδίας

174 886 360 940 αὐτῶν
382 883 606 956 ἐξῆλθεν
635 886 668 955 ἡ
696 867 931 955 τοιαύτῆ
942 883 1359 955 παραφροσύνη.
1744 932 1751 941 .

246 977 305 1032 6.
327 978 390 1030 Εἰ
423 978 554 1049 γὰρ,
583 978 706 1029 ἐπεὶ
734 975 809 1047 μὴ
839 976 1047 1046 κτίσμα
1077 976 1195 1029 ἐστὶ
1224 975 1287 1029 τὸ
1310 976 1537 1047 Πνεῦμα
1579 974 1758 1047 (τοῦτο

174 1068 288 1139 γὰρ
328 1068 584 1138 ἐδείχθη),
617 1068 878 1139 ἐρωτᾶτε,
910 1068 1040 1131 Υἱὸς
1094 1063 1188 1121 οὖν
1221 1070 1337 1122 ἐστι
1397 1068 1459 1121 τὸ
1495 1066 1754 1139 Πνεῦμα;

175 1160 321 1231 ὥρα,
353 1159 624 1230 μαθόντας
669 1160 833 1230 ὑμᾶς,
880 1159 962 1211 ὅτι
999 1158 1073 1229 μὴ
1118 1159 1323 1230 κτίσμα
1372 1160 1520 1214 ἐστὶν
1550 1160 1579 1212 6
1630 1159 1759 1223 Υἱὸς

177 1249 303 1321 (διὰ
326 1250 517 1303 τούτου
547 1250 657 1321 (61.)
693 1248 800 1321 γὰρ
847 1247 917 1302 τὰ
973 1248 1176 1320 γενητὰ
1218 1250 1487 1322 ἐκτίσθη),
1526 1252 1756 1322 ἐρωτᾷν,

173 1342 374 1414 Πατὴρ
403 1337 493 1395 οῦν
519 1345 665 1396 ἐστιν
684 1342 712 1393 6
744 1341 910 1407 Υίός;
938 1342 1010 1395 Ἦ
1065 1342 1158 1395 καὶ
1204 1339 1408 1404 οὕτως·
1437 1342 1511 1394 Τὸ
1535 1342 1761 1413 Πνεῦμα

174 1431 273 1487 οῦν
303 1436 452 1487 ἐστιν
496 1436 526 1487 6
558 1433 706 1498 Υἱὸς,
767 1435 861 1487 καὶ
891 1436 920 1487 6
943 1434 1070 1497 λῖἱδς
1092 1432 1255 1497 αὐτός
1292 1435 1406 1488 ἐστι
1443 1434 1505 1488 τὸ
1535 1432 1761 1505 Πνεῦμα

175 1527 240 1580 τὸ
266 1527 455 1594 ἆγιον;
490 1524 726 1579 Τοιαῦτα
749 1525 806 1578 δὲ
832 1526 1187 1598 λογιζόμενοι,
1217 1527 1322 1593 ἔξω
1356 1528 1452 1599 μὲν
1477 1530 1576 1598 τῆς
1601 1528 1762 1594 ἁγίας

178 1617 414 1688 Τριάδος
439 1617 672 1683 ἔσονται,
712 1617 860 1672 ἄθεοι
905 1617 963 1671 δὲ
1014 1619 1367 1691 κριθήσονται
1403 1619 1535 1692 (62),
1562 1619 1763 1672 ἀλλάσ-

176 1725 373 1771 σοντες
400 1706 463 1761 τὸ
482 1707 653 1779 ὄνομα
679 1707 772 1761 τοῦ
804 1709 1037 1780 Πατρὺς,
1073 1711 1167 1763 καὶ
1218 1708 1312 1764 τοῦ
1343 1709 1495 1775 Υἱοῦ,
1531 1709 1628 1763 καί¹
1660 1707 1755 1762 τοῦ

174 1803 344 1870 ἁγίου
372 1800 707 1872 Πνεύματοςσ
756 1801 1151 1872 μεταφέροντες
1199 1819 1259 1855 τε
1289 1801 1440 1865 αὐτὸ,
1471 1802 1547 1866 ὡς
1573 1801 1759 1855 θέλου-

178 1908 293 1957 σιν,
324 1893 381 1944 ὲν
410 1890 713 1962 ὁμοιώματι
742 1891 1009 1959 γενέσεως
1035 1891 1402 1964 ἀνθρωπίνης,
1432 1890 1631 1959 ἔκγονα
1650 1889 1759 1962 (63)

179 1984 279 2036 καὶ
313 1981 571 2046 πάππους
594 1983 980 2053 ὀνομάζοντες,
1038 1984 1131 2036 καὶ
1187 1983 1287 2054 τὴν
1328 1983 1593 2054 Ἐλλήνων
1644 1983 1764 2037 θεο-

176 2075 371 2143 ,γονίαν
403 2060 617 2137 ἑαυτοῖς
674 2074 1160 2145 ἀναπλασσόμενοι.
1224 2077 1339 2129 Οὐκ
1371 2075 1485 2129 ἐστι
1537 2076 1594 2129 δὲ
1622 2075 1761 2146 αὕτη

174 2164 285 2233 τῆς
328 2162 650 2234 Ἐκκλησίας
674 2164 707 2235 ἡ
730 2163 933 2228 πίστις,
956 2163 1068 2216 ἀλλ’
1096 2165 1172 2228 ὡς
1203 2161 1352 2219 εἶπεν
1374 2165 1402 2217 ὁ
1447 2165 1655 2237 Σωτὴρ,
1682 2167 1761 2230 είς

174 2254 408 2325 ,Πατέρα
432 2254 526 2306 καὶ
553 2253 681 2307 Υίὸν
706 2254 801 2307 καὶ
822 2254 975 2323 ἅγιον
1001 2254 1249 2326 Πνεῦμα·
1281 2257 1501 2329 Πατέρα
1551 2257 1758 2327 μέντοι,

182 2347 248 2398 οὐ
280 2344 577 2414 δυνάμενον
623 2344 872 2412 λέγεσθαι
924 2346 1170 2410 πάππον,
1223 2347 1318 2399 καὶ
1351 2347 1477 2400 Υίδν
1502 2348 1563 2400 οὐ
1607 2348 1764 2401 δυνά-

148 2504 160 2513 ·
175 2452 351 2507 μενον
376 2434 630 2506 λέγεσθαι
656 2436 897 2507 Πατέρα,
927 2439 1021 2490 καὶ
1048 2434 1273 2507 Πνεῦμα
1296 2438 1449 2507 ἅγιον
1474 2439 1573 2492 οὐκ
1591 2439 1765 2503 ἄλλως

182 2527 219 2598 ἢ
248 2525 425 2591 οὕτως
469 2527 886 2598 ὀνομαζόμενον.
943 2530 1065 2582 Ἐπὶ
1124 2528 1329 2602 ταύτης
1370 2531 1472 2602 τῆς
1530 2532 1764 2594 πίστεως

184 2619 290 2672 οὐκ
319 2619 465 2672 ἐστιν
494 2619 721 2682 ἐναλλὰξ
769 2621 962 2673 εἰπεῖν·
999 2621 1113 2675 ἀλλ’
1144 2623 1231 2677 ἀεὶ
1252 2625 1292 2679 .ό
1351 2622 1539 2693 Πατὴρ
1574 2624 1765 2696 Πατήρ

184 2710 329 2775 ἐστι,
353 2709 499 2763 καὶὸ
533 2708 644 2783 (64)
699 2709 825 2774 Υἱὸς
877 2712 965 2765 ἀεὶ
1003 2711 1152 2777 Υἱὸς,
1197 2711 1293 2766 καὶ
1348 2712 1407 2765 τὸ
1452 2712 1676 2784 Πνεῦμα
1703 2713 1766 2767 τὸ

184 2800 342 2870 ἅγιον
365 2801 451 2855 ἀεὶ
482 2799 705 2872 Πνεῦμα
730 2801 883 2871 ἅγιόν
922 2804 1040 2857 ἐστι
1084 2804 1179 2857 καὶ
1202 2804 1439 2874 λέγεται.
1480 2806 1602 2858 Ἐπὶ
1665 2806 1765 2877 μὲν

181 2890 296 2963 γὰρ
330 2891 441 2945 τῶν
464 2891 840 2963 ἀνθρωπίνων,
857 2894 957 2948 οὐκ
984 2893 1130 2949 ἐστιν
1151 2895 1342 2962 οὕτως,
1360 2894 1461 2949 κᾶν
1483 2897 1532 2949 οἱ
1557 2896 1766 2967 Ἀρεια-

181 2984 268 3038 ml.
286 2982 511 3037 τοιαῦτα
543 2984 914 3054 φαντάζωνται
969 2986 1102 3059 (65).
1146 2987 1232 3051 Ὠς
1270 2987 1379 3060 γὰρ
1433 2987 1764 3061 γέγραπται,

1858 536 2138 591 nunquam
2182 520 2518 575 cohihehunt
2558 520 2799 589 linguam
2845 534 3000 573 suam
3042 519 3111 572 ab
3143 516 3445 587 impietate.

1857 611 1993 678 Quis
2034 613 2180 666 enim
2232 612 2348 666 haec
2391 609 2528 681 ipsis
2557 609 2817 664 tradidit?
2842 608 2980 675 Quis
3009 608 3242 664 docuit?
3274 605 3450 663 Nemo

1858 720 1990 760 sane
2017 719 2084 759 ex
2106 703 2304 758 divinis
2331 701 2648 771 Scripturis.
2675 699 2781 755 Sed
2802 716 2871 754 ex
2894 700 3230 755 abundantia
3260 696 3448 754 cordis

1857 808 2046 849 eorum
2082 792 2399 863 hujusmodi
2422 792 2653 848 stultitia
2677 791 2897 860 prodiit.

1928 887 1983 942 6.
2017 885 2074 940 Si
2101 885 2544 955 onim,quoniam
2574 893 2823 939 creatura
2853 898 2962 937 non
2988 892 3071 938 est
3094 882 3266 938 Filius
3289 883 3447 956 (illud

1858 978 2002 1031 enim
2021 984 2510 1031 commonstratum
2529 978 2655 1044 est),
2671 974 3038 1044 interrogatis,
3053 973 3262 1045 Ergone
3275 975 3448 1031 Filius

1855 1077 1940 1123 est
1983 1065 2256 1138 Spiritus?
2302 1065 2494 1122 Restat
2538 1081 2636 1121 vos
2677 1067 2769 1135 qui
2797 1066 3068 1121 didicistis
3105 1065 3303 1121 Filium
3336 1083 3448 1123 non

1859 1172 1978 1213 esse
2007 1166 2315 1212 creaturam
2348 1162 2467 1226 (per
2489 1172 2615 1210 eum
2646 1171 2886 1225 namque
2923 1166 3188 1211 creaturae
3210 1158 3448 1213 condita

1860 1254 2009 1318 sunt)
2053 1246 2408 1317 interrogare,
2451 1245 2612 1299 Pater
2640 1260 2771 1316 ergo
2806 1253 2889 1300 est
2930 1244 3140 1301 Filius?
3183 1249 3291 1302 Aut
3319 1247 3443 1303 sic:

1863 1337 2100 1410 Spiritus
2137 1354 2269 1408 ergo
2307 1346 2393 1393 est
2421 1336 2617 1402 Filius,
2661 1346 2717 1393 et
2753 1335 2928 1394 Filius
2963 1338 3079 1408 ipse
3101 1347 3186 1394 est
3210 1337 3450 1409 Spiritus

1863 1429 2124 1484 sanctus?
2151 1428 2287 1482 Cum
2310 1436 2490 1482 autem
2516 1428 2657 1482 talia
2676 1429 2910 1496 cogitent
2940 1438 2993 1483 et
3020 1437 3173 1484 extra
3202 1440 3448 1486 sanctam

1864 1521 2186 1576 Trinitatem
2230 1528 2421 1587 erunt,
2454 1530 2508 1576 et
2530 1521 2676 1575 athei
2723 1520 3138 1590 judicahuntur,
3172 1523 3314 1591 quod
3344 1521 3450 1576 im-

1864 1624 2078 1670 mutent
2097 1631 2295 1669 nomen
2316 1613 2493 1669 Patris
2509 1624 2559 1667 et
2578 1612 2699 1667 Filii
2722 1625 2775 1667 et
2795 1613 3032 1683 Spiritus
3054 1615 3252 1681 sancti,
3276 1622 3451 1689 trans-

1866 1703 2149 1773 feramque
2176 1704 2305 1758 illud
2324 1720 2424 1758 suo
2454 1704 2718 1759 arbitratu
2745 1704 2797 1757 in
2828 1703 3242 1758 similitudinem
3278 1718 3448 1774 gene-

1862 1795 2089 1850 rationis
2116 1796 2369 1850 humanaa
2399 1813 2412 1849 :
2438 1795 2580 1865 quod
2612 1805 2835 1865 nepotes
2864 1809 3104 1863 avosque
3127 1795 3438 1860 nominent,

1862 1901 1927 1941 ac
1970 1886 2195 1940 deorum
2230 1886 2660 1954 generationem,
2693 1884 3156 1952 quemadmodum
3188 1884 3440 1954 gentiles,

1861 1976 2141 2046 efﬁngant.
2164 1974 2283 2029 Non
2322 1984 2404 2031 est
2430 1989 2610 2031 autem
2644 1977 2757 2032 haec
2788 1976 3044 2031 Ecclesia:
3083 1976 3238 2039 ﬁdes,
3263 1976 3360 2032 sed
3384 1985 3448 2031 ut

1862 2072 1940 2125 ait
1968 2067 2237 2131 Salvator,
2266 2066 2319 2121 in
2365 2067 2581 2122 Patrem
2604 2077 2659 2123 et
2695 2069 2895 2123 Filium
2925 2080 2979 2123 et
3008 2067 3272 2139 Spiritum
3313 2085 3447 2125 san-

1863 2171 2009 2218 ctum
2038 2182 2050 2216 :
2082 2161 2299 2216 Patrem
2328 2160 2535 2215 scilicet
2570 2161 2664 2230 qui
2699 2176 2807 2215 non
2855 2161 3027 2231 possit
3067 2177 3200 2217 avus
3238 2161 3445 2228 vocari,

1862 2250 2062 2306 Filium
2103 2251 2198 2320 qui
2238 2265 2347 2304 non
2382 2249 2558 2318 possit
2582 2249 2689 2304 dici
2715 2248 2896 2315 Pater,
2929 2259 2983 2305 et
3012 2248 3274 2320 Spiritum
3303 2265 3448 2304 san-—

1863 2353 2010 2398 ctum
2038 2357 2147 2396 non
2170 2342 2277 2396 alio
2299 2355 2463 2411 quam
2488 2340 2593 2394 hoc
2614 2341 2836 2395 nomine
2857 2342 3204 2411 appellatum.
3236 2339 3311 2396 De
3340 2341 3448 2397 hac

1863 2431 1968 2485 ﬁde
2010 2431 2172 2501 560
2213 2446 2319 2485 non
2350 2431 2475 2485 licet
2516 2429 2666 2484 varie
2700 2429 2885 2499 loqui:
2910 2430 3004 2485 sed
3035 2445 3252 2498 semper
3281 2430 3449 2487 Pater

1862 2519 2024 2576 Pater
2054 2530 2155 2587 est,
2189 2528 2244 2574 et
2274 2518 2446 2574 Filius
2473 2535 2687 2590 semper
2717 2519 2895 2575 Filius
2915 2561 2930 2585 ,
2957 2533 3013 2575 et
3051 2518 3288 2590 Spiritus
3314 2537 3446 2577 san-

1865 2623 1987 2667 ctus
2014 2626 2227 2681 semper
2271 2618 2354 2665 est
2379 2610 2689 2681 diciturque
2715 2610 2953 2682 Spiritus
2985 2620 3234 2668 sanctus.
3267 2611 3325 2668 In
3355 2629 3447 2669 re-

1828 2705 1968 2768 _bus
2008 2705 2153 2760 enim
2203 2703 2457 2757 humanis
2509 2717 2617 2756 non
2658 2703 2733 2758 ita
2777 2718 2836 2756 se
2868 2717 2955 2757 res
2984 2704 3164 2770 habet,
3193 2705 3446 2773 quamvis

1864 2795 2053 2850 Ariani
2091 2795 2219 2850 talia
2254 2795 2761 2850 comminiscentur.
2810 2791 2948 2847 Nam
2985 2795 3446 2862 quemadmodum

1866 2886 2126 2956 scriptum
2154 2893 2258 2953 est,
2276 2903 2297 2938 ι
2321 2884 2439 2940 Non
2463 2894 2524 2940 ut
2541 2886 2726 2949 homo,
2745 2883 2946 2940 Deus“
2962 2923 2979 2951 ,
2999 2902 3018 2935 ι
3040 2887 3113 2939 ita
3128 2884 3448 2942 dixeritali-

1865 2980 2010 3050 quis,
2042 2994 2149 3034 non
2201 2987 2260 3034 ut
2298 2979 2442 3034 Deus
2488 2979 2758 3035 homines.
2798 2979 2956 3050 Apud
2992 2981 3245 3038 homines
3299 2981 3449 3037 enim

188 3093 209 3126 ι
236 3074 350 3143 Οὐχ
369 3073 445 3138 ὼς
472 3073 757 3143 ἄνθρωπος
787 3075 815 3126 6
843 3074 998 3139 Θεός,
1021 3093 1040 3127 ι
1069 3073 1242 3138 οὕτως
1272 3074 1337 3129 ἄν
1362 3092 1446 3138 τις
1473 3075 1638 3142 εἴποι,
1667 3076 1760 3147 οὐχ

1871 3081 2021 3143 pater
2054 3086 2164 3126 non
2193 3086 2409 3142 semper
2438 3080 2593 3142 pater
2622 3079 2724 3137 est,
2749 3087 2927 3141 neque
2964 3072 3109 3127 ﬁlius
3136 3088 3351 3143 semper
3384 3071 3450 3126 ﬁ-

178 3164 261 3229 ὠς
290 3163 422 3228 Θεὸς
458 3167 507 3217 οἱ
527 3164 820 3236 ἄνθρωποι.
856 3166 979 3219 Ἐπὶ
1015 3165 1124 3236 γὰρ
1165 3165 1273 3219 τῶν
1310 3165 1632 3237 ἀνθρώπων,
1664 3167 1765 3220 οὐκ

181 3258 334 3312 ἐστιν
354 3260 383 3312 6
409 3259 592 3330 πατὴρ
614 3257 701 3311 ἀεὶ
741 3259 944 3330 πατὴρ,
972 3259 1094 3313 οὐδὲ
1113 3261 1141 3313 6
1161 3259 1274 3322 υίὸς
1303 3259 1390 3312 ἀεὶ
1413 3259 1545 3322 υἱός.
1576 3259 1634 3313 '0
1658 3259 1766 3330 γὰρ

179 3350 350 3413 αὐτὸς
377 3349 557 3420 πατὴρ
583 3348 682 3420 μὲν
711 3348 824 3403 υἱοῦ
845 3349 1073 3419 γίνεται,
1121 3351 1280 3414 αὐτὸς
1303 3350 1359 3403 δὲ
1385 3350 1569 3422 ἑτέρου
1605 3349 1765 3419 γέγο-

182 3456 275 3491 νεν
298 3439 433 3503 υίὸς,
461 3440 555 3493 καὶ
579 3440 608 3492 6
637 3424 749 3503 υἱὸς
775 3441 978 3512 πατρὸς
999 3438 1074 3495 ὣν
1100 3440 1232 3506 υἱὸς,
1252 3440 1409 3494 ἄλλου
1436 3442 1544 3513 (b6)
1559 3440 1766 3509 γίνεται

181 3531 390 3601 πατὴρ.
435 3529 686 3602 Ἀϐραὰμ
718 3529 848 3599 γοῦν
880 3532 992 3595 υίὸς
1023 3530 1098 3585 ὢν
1124 3531 1217 3585 τοῦ
1258 3530 1460 3603 Ναχὼρ
1496 3531 1629 3601 (67),
1662 3548 1766 3584 πα-

179 3621 289 3693 τὴρ
315 3621 507 3691 γέγονε
558 3622 652 3676 τοῦ
696 3623 899 3677 Ἰσαάκο
950 3624 1046 3677 καὶ
1087 3624 1272 3678 Ἰσαὰκ
1327 3623 1385 3677 δὲ
1434 3623 1548 3687 υίὸς
1575 3622 1650 3678 ὢν
1669 3622 1763 3677 τοῦ

194 3712 472 3784 Ἀϐραὰμ,
504 3712 683 3785 πατὴρ
715 3714 903 3783 γέγονε
928 3712 1021 3767 τοῦ
1083 3713 1293 3768 Ἰακώϐ.
1345 3714 1612 3778 Ἕκαστος
1634 3714 1761 3787 γὰρ,

183 3802 357 3873 μέρος
386 3801 461 3856 ὢν
487 3802 583 3857 τοῦ
631 3803 851 3873 γονέως,
882 3805 1136 3873 γεννᾶται
1168 3804 1267 3874 μὲν
1298 3804 1441 3869 υἱὸς,
1472 3804 1679 3873 γίνεται
1708 3804 1765 3857 δὲ

182 3895 279 3947 καί
299 3893 460 3957 αὐτὸς
487 3894 675 3967 ἑτέρου
704 3896 901 3968 πατήρ.
975 3896 1097 3949 Ἐπὶ
1132 3896 1190 3949 δὲ
1244 3895 1345 3966 τῆς
1392 3894 1644 3965 θεότητος
1667 3895 1765 3966 οὐχ

181 3984 382 4050 οὕτως,
414 3986 537 4038 ἐπεὶ
568 3986 751 4057 μὴιώς
781 3987 1066 4059 ἄνθρωπος
1097 3991 1125 4041 6
1154 3987 1303 4051 Θεός.
1338 3989 1394 4041 'O
1419 3987 1548 4057 γοῦν
1576 3987 1765 4059 Πατὴρ

182 4076 287 4129 οὐκ
315 4079 382 4129 ὲκ
417 4077 631 4149 Πατρός
657 4082 793 4132 ἐστι·
822 4079 901 4131 διὸ
935 4080 1056 4132 οὐδὲ
1084 4082 1247 4151 γεννᾷ
1273 4081 1364 4133 τὸν
1404 4080 1765 4152 γενησόμενον

182 4164 376 4236 ἑτέρου
404 4166 642 4238 Πατέρα⁸
674 4168 795 4221 οὐδὲ
826 4170 854 4221 6
884 4167 1013 4231 Υἱὸς
1049 4167 1214 4238 μέρος
1235 4169 1352 4220 ἐστὶ
1377 4165 1472 4220 τοῦ
1525 4167 1761 4239 Πατρὸς,

181 4256 268 4310 διδ
294 4257 418 4309 οῦδὲ
449 4257 695 4330 γέννημα
718 4260 866 4313 ἐστιν
886 4262 963 4323 εἰς
988 4259 1049 4313 τὸ
1077 4261 1268 4330 γεννᾷν
1297 4259 1443 4313 Υἱόν.
1481 4259 1639 4313 Ὅθεν
1671 4260 1765 4313 ἐπὶ

180 4349 284 4420 τῆς
313 4348 566 4421 θεότητος
589 4351 755 4422 μόνης
782 4351 811 4402 6
853 4350 1041 4424 Πατὴρ
1087 4346 1290 4423 κυρίως
1337 4351 1446 4424 (68)
1479 4352 1574 4404 καὶ
1606 4352 1765 4423 μόνος

1872 3164 1996 3217 lius.
2029 3159 2163 3216 Nam
2193 3161 2308 3231 ipse
2345 3161 2563 3231 quidem
2584 3159 2682 3215 ﬁlii
2709 3170 2862 3230 pater
2895 3160 3146 3229 eﬂicitur,
3176 3162 3271 3217 sed
3312 3162 3449 3217 alte-

1868 3252 1983 3307 rius
2016 3252 2130 3321 ipse
2153 3252 2297 3306 illius
2320 3250 2547 3307 exstitit.
2592 3249 2657 3304 Et
2687 3249 2830 3305 [ilius
2853 3266 2976 3306 cum
3003 3251 3075 3307 sit
3103 3252 3273 3322 patris
3299 3251 3449 3310 Illius

1868 3343 2090 3398 alterius
2137 3352 2288 3412 pater
2330 3342 2579 3397 elﬁcitur.
2617 3341 2891 3396 Abraham
2934 3343 3101 3413 igitur
3147 3343 3289 3399 ﬁlius
3318 3360 3446 3399 cum

1867 3445 2010 3492 esset
2052 3433 2332 3498 Nachoris,
2382 3442 2535 3504 pater
2581 3431 2760 3489 factus
2809 3441 2894 3488 est
2945 3428 3151 3503 isaac;
3199 3445 3252 3494 et
3293 3436 3446 3494 Isaac

1868 3543 1992 3585 cum
2027 3536 2172 3583 esset
2208 3527 2353 3581 illius
2393 3526 2645 3588 Abrahm,
2683 3534 2838 3595 pater
2875 3525 2980 3580 fuit
3018 3525 3204 3583 Jacob.
3260 3527 3447 3586 Unus-

1869 3617 2098 3688 quisque
2126 3618 2271 3672 enim
2310 3631 2434 3671 cum
2479 3615 2552 3670 sit
2583 3630 2710 3686 pars
2743 3618 3003 3685 parentis,
3045 3620 3289 3675 nascitur
3321 3622 3447 3692 qui-

1866 3711 1987 3766 dem
2023 3711 2186 3776 filius,
2213 3708 2448 3764 efﬁcitur
2471 3717 2651 3764 autem
2679 3719 2733 3764 et
2762 3710 2878 3779 ipse
2908 3709 3134 3765 alterius
3161 3721 3332 3780 pater.
3382 3710 3445 3768 In

1865 3803 2148 3860 divinitate
2189 3817 2317 3857 vero
2357 3818 2465 3858 nou
2511 3804 2612 3867 sic,
2655 3803 2913 3872 quoniam
2960 3818 3071 3858 non
3109 3804 3250 3860 sicut
3279 3805 3447 3862 homo

1867 3895 2030 3951 Deus.
2064 3892 2228 3948 Pater
2253 3895 2435 3963 itaque
2466 3909 2575 3948 non
2603 3910 2671 3950 ex
2719 3895 2881 3949 Patre
2924 3903 3007 3949 est
3032 3913 3044 3948 :
3074 3895 3302 3967 ideoque
3333 3911 3446 3953 non

1866 3988 2037 4060 gignit
2067 4002 2192 4043 eum
2241 3987 2334 4057 qui
2380 3986 2597 4042 futurus
2630 3988 2702 4042 sit
2743 3988 2969 4044 alterius
3002 3988 3163 4044 Pater
3199 4007 3215 4057 ;
3266 4006 3445 4062 neque

1865 4079 2038 4135 Filius
2065 4093 2191 4149 pars
2227 4086 2311 4133 est
2342 4076 2545 4141 Patris,
2580 4088 2911 4149 quapropter
2942 4095 3048 4135 non
3088 4090 3166 4136 est
3195 4079 3341 4138 fetus
3374 4082 3446 4137 ad

1865 4155 2233 4244 generandum
2267 4173 2459 4228 ﬁlium.
2487 4171 2641 4229 Unde
2666 4174 2721 4228 in
2752 4175 2950 4230 deitate
2972 4177 3109 4242 sola,
3137 4176 3298 4232 Pater
3317 4193 3446 4248 pro-

1865 4263 2001 4335 prie,
2037 4265 2294 4334 solusque
2331 4263 2492 4319 Pater
2520 4280 2644 4319 cum
2675 4266 2780 4333 sit,
2808 4274 2892 4321 est
2928 4276 2982 4320 et
3013 4267 3114 4322 fuit
3147 4277 3200 4323 et
3227 4283 3442 4340 semper

1865 4358 1987 4413 erit.
2039 4356 2107 4411 Et
2153 4355 2325 4411 Filius
2376 4356 2596 4426 proprie
2641 4366 2696 4412 et
2730 4358 2881 4414 solus“
2910 4357 3083 4414 Filius
3114 4368 3216 4415 est.
3247 4359 3304 4415 lu
3346 4361 3438 4416 his

182 4442 376 4514 Πατὴρ
402 4441 498 4506 ὢν,
533 4444 647 4498 ἔστι
681 4445 774 4498 καὶ
814 4440 882 4517 ἦν
906 4446 1000 4499 καὶ
1031 4444 1116 4499 ἀεί
1160 4430 1439 4499 tormini.
1461 4446 1490 4498 6
1512 4444 1638 4509 Υἱὸς
1665 4461 1760 4498 κυ-

1871 4448 2009 4504 enim
2032 4457 2249 4504 constat
2276 4447 2430 4512 illud,
2450 4446 2666 4504 Patrem
2696 4464 2910 4519 semper
2932 4448 3145 4505 Patrem
3165 4459 3220 4506 et
3240 4448 3439 4505 Filium

184 4533 341 4604 ρίως.
375 4534 471 4587 καὶ
505 4534 663 4605 μόνος
690 4534 818 4599 Υἱός
843 4537 980 4593 ἐστι.
1021 4537 1130 4590 Καὶ
1167 4536 1259 4588 ὲπὶ
1305 4536 1512 4591 τούτων
1561 4535 1760 4606 ἔστηκε

178 4624 265 4689 τὸ,
287 4626 318 4678 6
341 4625 531 4696 Πατὴρ
560 4626 646 4678 ἀεὶ
674 4626 883 4697 Πατὴρ,
915 4628 1110 4694 καὶτὸ,
1145 4628 1272 4692 Υἱὸς
1310 4629 1397 4682 ἀεὶ
1446 4628 1595 4693 Υἱὸς,
1623 4622 1762 4681 εἷναί

179 4729 243 4765 τε
276 4713 372 4766 καὶ
403 4713 676 4783 λέγεσθαιο
734 4717 829 4769 καὶ
872 4717 935 4770 τὸ
983 4716 1207 4788 Πνεῦμα
1264 4718 1320 4773 δὲ
1373 4719 1436 4772 τὸ
1489 4720 1642 4789 ἅγιον
1673 4719 1763 4773 ἀεὶ

180 4800 410 4871 Πνεῦμα
434 4802 587 4871 ἅγιόν
615 4803 750 4856 ἐστι·
803 4805 898 4859 καὶ
947 4804 1105 4860 τοῦτο
1142 4806 1236 4861 τοῦ
1295 4808 1430 4863 Θεοῦ
1458 4805 1617 4875 εἶναι,
1669 4810 1763 4864 καὶ

179 4893 338 4965 παρὰ
360 4892 452 4946 τοῦ
478 4892 690 4965 Πατρὸς
735 4894 803 4948 δι’
833 4894 961 4949 Υἱοῦ
1007 4897 1239 4952 δίδοσθαι
1295 4900 1759 4973 πεπιστεύκαμεν.

257 5055 305 5087 ³⁸
330 5054 493 5112 Num.
528 5073 687 5123 mu,
712 5059 799 5114 l9.

175 5213 369 5339 6'(60)
398 5212 601 5282 Iidem,
627 5217 757 5287 περὶ
797 5216 1096 5288 Εὐνομίου,
1137 5219 1415 5283 Εόδοςιου,
1451 5219 1547 5272 καὶ
1586 5218 1758 5273 Εὐσε-

216 5301 320 5338 ιου.
1210 5305 1226 5315 .

216 5301 320 5338 ιου.
1210 5305 1226 5315 ⁸

252 5354 369 5425 (61)
398 5353 788 5431 seguerianus,
818 5355 905 5409 διὰ
945 5354 1120 5431 τοῦτο.
1161 5356 1285 5412 Mox
1320 5358 1464 5413 idem
1507 5368 1561 5425 et
1595 5358 1754 5431 Reg.,

170 5423 246 5480 τὰ
262 5421 497 5548 ἔονητάῖ
526 5421 690 5489 Editi,
714 5426 783 5479 τὰ
810 5425 1065 5496 γεννητόι⁹

249 5496 268 5548 ί
309 5494 366 5548 2)
396 5491 613 5548 Gobler.
639 5507 694 5548 et
720 5494 864 5548 Felc.
902 5496 954 5548 1.
989 5513 1060 5548 κο

309 5494 366 5559 2)
395 5491 613 5549 Gobler.
639 5507 694 5549 et
720 5491 864 5550 Fele.
902 5491 971 5559 1,’
989 5495 1248 5559 κριθοῖεν.

273 5496 346 5548 62
396 5496 613 5549 Gobler.
639 5507 694 5549 et
720 5496 864 5550 Felc.
902 5496 954 5559 1,
989 5514 1024 5549 κ
1066 5496 1248 5550 ιθοῖεν.

248 5496 366 5635 (65)
402 5562 973 5638 Κρειιιεηὸοευοιίοῐι.
1023 5513 1331 5620 Eoblerian.
1374 5576 1430 5622 et
1468 5566 1652 5625 Felck.
1699 5570 1752 5638 1,

172 5631 418 5704 ἔγγονα,
439 5631 600 5700 Editi,
634 5631 852 5704 ἔκγονα.

248 5702 368 5776 (64)
408 5703 465 5755 '0
493 5704 646 5761 abest
669 5720 701 5760 ιι
724 5703 1036 5762 Goblerian.
1060 5711 1113 5760 et
1136 5703 1280 5760 Felc.
1315 5707 1359 5762 l.

1864 4551 2077 4607 semper
2103 4536 2302 4591 Filium
2331 4550 2452 4592 esse
2471 4551 2536 4591 ac
2564 4537 2703 4604 dici;
2730 4536 2996 4607 Spiritum
3018 4548 3270 4595 sanctum
3294 4556 3442 4597 sem-

1861 4645 1959 4700 per
1980 4627 2241 4699 Spiritum
2275 4636 2524 4683 sanctum
2568 4644 2723 4695 esse;
2761 4640 2816 4684 et
2856 4630 3006 4693 hunc
3042 4630 3133 4686 Dei
3157 4646 3297 4698 esse,
3329 4640 3385 4688 et
3407 4648 3442 4688 a

1868 4722 2029 4778 Patre
2072 4737 2167 4792 per
2210 4720 2409 4777 Filium
2462 4720 2581 4777 dari
2609 4722 2904 4778 credimus.
2956 4721 3048 4780 Sic
3077 4725 3221 4779 enim
3254 4734 3442 4781 sancta

1869 4813 2106 4869 Trinitas
2148 4812 2482 4868 invariabilis
2514 4823 2816 4882 permanet,
2852 4815 2909 4869 in
2953 4830 3059 4870 una
3101 4816 3301 4871 deitate
3343 4832 3440 4872 co-

1871 4905 2040 4977 gnita.
2074 4904 2261 4975 Itaque
2288 4904 2382 4974 qui
2409 4904 2973 4976 interrogatzErgone
3007 4905 3180 4964 Filius
3202 4916 3288 4963 est
3315 4906 3441 4980 Spi-

1897 5220 2047 5355 ἁὲξδ)
2075 5222 2165 5278 Sic
2192 5220 2414 5295 Regius,
2451 5224 2672 5296 Seguer.
2703 5231 2757 5280 et
2799 5222 3082 5280 Basilicus.
3111 5223 3274 5292 Editi,
3302 5242 3440 5296 φαν-

1994 5310 2137 5346 νται.
2935 5312 2938 5315 ⁷

1861 5307 2137 5346 ταςονται.
2935 5312 2938 5315 ⁷

1934 5360 2170 5435 (66)ξίο
2198 5363 2397 5435 Regius
2432 5373 2486 5419 et
2516 5362 2835 5435 Seguerian.
2862 5363 3177 5435 Editivero.
3207 5366 3323 5421 ἀλλ’
3346 5367 3438 5435 οὐ,

1863 5433 2024 5504 male.
2057 5433 2178 5488 Mox
2207 5433 2409 5501 Regius
2436 5443 2490 5488 et
2520 5433 2906 5504 Seguerianus,
2935 5434 3086 5503 γοῦν.
3126 5437 3285 5503 Editi,
3319 5433 3435 5493 οῦν,

1862 5499 2033 5578 Paullo
2058 5512 2180 5572 post
2189 5504 2257 5578 δέ
2284 5499 2406 5572 post
2438 5499 2625 5558 Ἰσαάκ
2658 5505 2808 5559 deest
2828 5504 2884 5557 in
2909 5499 3091 5573 editis,
3120 5509 3213 5562 sed
3242 5499 3439 5578 legitur

1864 5572 1919 5625 in
1946 5568 2077 5641 Reg.
2103 5583 2157 5626 et
2186 5568 2410 5641 Seg'uer.

1935 5641 2048 5714 (6:!)
2074 5642 2352 5714 Memoriae
2378 5643 2528 5711 lapsu
2553 5644 2774 5714 ponitur
2806 5659 2905 5714 pro
2931 5642 3111 5699 Thare
3144 5643 3386 5702 Nacltor.

1932 5709 2046 5781 (68)
2073 5711 2293 5782 κυρίως
2321 5709 2473 5769 deest
2506 5709 2569 5767 ιη’
2593 5709 2821 5770 ϐοὴιοιδξ
2841 5724 2894 5770 et
2926 5713 3165 5772 Felcltm.
3198 5719 3248 5772 l.
