3822 6226
375 311 479 366 617

991 307 1050 362 S.
1099 305 1472 361 ATHANASII
1507 303 1658 358 OPP.
1711 301 1895 356 PARS
1922 301 1959 354 i.

2068 332 2070 337 ν
2116 297 2485 353 ΗΙΞΤΟΒἻΕΑ
2515 296 2602 351 ΕΤ
2658 295 3084 354 DOGMATICA.

3537 299 3651 353 EH

379 427 648 483 ritus?ita
695 425 783 478 ille
825 422 1261 477 comminiscitur
1301 419 1462 491 quasi
1509 434 1709 474 nomen
1751 416 1950 471 mutari

2068 413 2211 469 οὕτω
2246 413 2411 484 γὰρὴ
2443 411 2574 478 ἁγία
2617 410 2789 481 Τριάς
2835 409 3192 474 ἀναλλοίωτος
3253 412 3522 484 διαμένει,
3591 421 3651 470 ὲν

376 519 572 589 possit,
605 527 766 585 atque
789 530 884 569 sua
913 521 1106 583 sponte
1149 513 1372 567 insanit.
1407 509 1472 564 Et
1499 510 1593 579 qui
1623 509 1953 569 interrogat:

377 610 591 682 Ergone
618 623 751 663 avus
770 616 852 661 est
879 604 1074 660 Pater?
1113 619 1310 659 nomen
1343 603 1486 658 Patri
1509 601 1845 669 excogitans,
1870 614 1958 652 er-

376 712 463 757 rat
493 701 679 757 corde.
700 700 968 755 Caeterum
994 699 1225 768 posthac
1264 697 1332 752 ad
1365 697 1746 751 haereticorum
1781 694 1959 764 impu-

376 795 616 850 dentiam
647 792 977 863 respondere
997 807 1104 845 non
1138 798 1223 845 est
1249 797 1460 844 tutum:
1492 787 1544 841 id
1575 785 1720 841 enim
1748 798 1831 840 est
1856 801 1961 854 pu-

377 901 545 956 gnare
587 885 849 938 adversus
895 881 1250 951 apostolicam
1295 877 1722 934 admonilionem
1750 876 1792 906 "
1821 893 1836 942 ;
1868 875 1960 930 sed

376 977 582 1047 potius,
611 987 672 1030 ut
709 973 955 1043 prazcipit
976 974 1113 1043 ipse,
1135 971 1420 1026 consulere
1450 985 1550 1039 par
1577 979 1681 1022 est.

2065 507 2165 577 μιᾷ
2201 505 2413 573 θεότητι
2457 501 2854 573 γινωσκομένη.
2909 499 3116 554 Οὐκοῦν
3167 502 3196 553 6
3235 503 3478 574 ἐρωτῶν,
3517 505 3652 568 Υἱὸς

2062 593 2154 650 οὖν
2183 599 2296 649 ἐστι
2317 595 2377 647 τὸ
2393 593 2627 662 Ἡνεῦμα
2651 609 2666 657 ;
2695 593 2769 655 ὼς
2793 592 3093 662 δυναμένου
3133 592 3228 646 τοῦ
3259 594 3521 666 ὀνόματος
3553 597 3652 650 ἀλ-

2064 685 2376 748 λάσσεσθαι,
2405 682 2753 752 φαντάζεται.
2782 682 2877 734 καὶ⁸
2911 681 3106 750 μανίαν
3142 681 3322 752 ἑαυτῷ
3344 687 3652 754 περιποιεί-

2065 799 2173 836 ται.
2211 779 2321 833 Καὶ
2351 781 2380 832 6
2408 776 2625 848 ἐρωτῶν
2653 776 2730 838 δὲ,
2770 775 2994 836 πάππος
3016 769 3109 828 οὖν
3161 775 3312 828 ἐστιν
3349 777 3380 828 6
3425 775 3646 846 Πατὴρ,

2066 872 2294 933 ἐπινοῶν
2319 869 2491 939 ὄνομα
2514 867 2592 937 τῷ
2614 869 2808 938 Πατρὶ,
2840 867 3107 919 πλανᾶται
3132 869 3196 936 τῇ
3226 867 3445 937 καρδίᾳ.
3485 869 3651 921 Ἀπο-

2068 963 2354 1034 κρίνασθαι
2392 961 2490 1032 μὲν
2509 957 2603 1014 οὖν
2635 960 2714 1012 ἔτι
2747 959 2882 1030 πρὸς
2906 959 3004 1029 τὴν
3051 960 3324 1014 ἀναίδειαν
3355 960 3467 1014 τῶν
3491 964 3649 1034 αἱρε-

375 1065 542 1120 τικῶν
574 1065 676 1118 οὐκ
704 1063 965 1134 ἁσφαλὲςο
1003 1062 1268 1134 μάχεσθαι
1313 1060 1421 1132 γάρ
1452 1061 1568 1112 ἐστι
1597 1059 1704 1131 (69)
1727 1061 1794 1130 τῇ
1823 1055 2148 1126 άποστολικῇ
2175 1052 2508 1125 παραινέσει·
2553 1051 2938 1123 συμϐουλεύειν
2977 1051 3035 1104 δὲ
3062 1051 3283 1122 μᾶλλον,
3317 1051 3393 1115 ὡς
3428 1054 3650 1123 παρήγ-

375 1160 556 1228 γειλεν
583 1158 766 1221 αὐτὸς,
792 1157 976 1210 καλόν.

449 1251 500 1303 '7.
540 1249 665 1304 llaec
691 1251 802 1304 sint
824 1249 890 1302 ad
915 1257 1148 1302 vestram
1169 1243 1556 1300 confutandam
1586 1245 1964 1314 stultiloquen-

378 1342 508 1394 tiam
549 1340 701 1393 satis.
734 1337 812 1392 Ne
847 1338 1084 1408 amplius
1133 1336 1376 1390 illudatis
1421 1336 1630 1391 deitati.
1682 1334 1960 1390 llludenti-

377 1434 480 1488 bus
503 1432 645 1486 enim
674 1446 794 1486 mos
817 1440 899 1485 est
925 1446 990 1485 ea
1020 1429 1283 1484 sciscitari
1305 1444 1425 1497 quae
1445 1431 1645 1498 scripta
1669 1443 1777 1482 non
1806 1436 1953 1489 sunt,

377 1539 443 1578 ac
476 1525 656 1578 dicere
690 1538 703 1574 :
749 1521 961 1591 Ergone
999 1522 1145 1576 ﬁlius
1185 1529 1267 1576 est
1304 1521 1562 1590 Spiritus,
1608 1530 1663 1574 et
1703 1536 1838 1574 avus
1874 1527 1959 1574 est

375 1612 576 1668 Pater?
609 1613 686 1666 Ita
729 1613 958 1666 irrident
991 1612 1230 1681 episcopi
1287 1611 1549 1665 Caesareae
1617 1619 1674 1664 et
1733 1608 1962 1680 Scytho-

376 1706 537 1776 polis.
594 1703 805 1759 Suﬂicit
833 1719 933 1758 vos
968 1703 1191 1759 credere
1235 1702 1498 1772 Spiritum
1527 1717 1632 1756 non
1663 1717 1783 1757 esse
1809 1717 1962 1756 crea-

377 1807 580 1862 turam,
611 1797 705 1852 sed
739 1796 1002 1865 Spiritum
1028 1811 1150 1850 esse
1183 1795 1371 1859 Dei,et
1401 1796 1456 1848 in
1491 1796 1609 1864 ipso
1638 1793 1958 1849 Trinitatem

378 1886 593 1942 Patrem
627 1897 682 1942 et
712 1887 910 1941 Filium
953 1898 1006 1942 et
1041 1887 1305 1958 Spiritum
1347 1895 1618 1943 sanctum.
1647 1885 1833 1956 Neque
1855 1885 1962 1940 Pa—

376 1981 479 2034 tris
507 1979 728 2033 nomine
759 1979 932 2034 Filius
959 1979 1242 2033 vocandus
1273 1985 1357 2032 est
1381 1997 1393 2033 :
1422 1993 1600 2048 neque
1625 1977 1755 2032 licet
1782 1977 1962 2032 dicere

379 2069 645 2139 Spiritum
673 2079 920 2124 sanctum
944 2085 1066 2125 esse
1086 2070 1262 2139 ipsum
1288 2067 1484 2122 Filium
1516 2086 1530 2135 ;
1561 2084 1735 2138 neque
1761 2067 1958 2121 Filium

377 2177 502 2217 esse
534 2162 710 2230 ipsum
755 2161 1018 2232 Spiritum
1064 2171 1337 2216 sanctum.
1373 2157 1478 2216 Sed
1502 2162 1575 2214 ita
1602 2176 1659 2215 se
1682 2177 1770 2215 res
1801 2161 1961 2216 habet

379 2253 843 2322 quemadmodum
875 2254 1079 2308 dictum
1110 2262 1214 2316 est,
1235 2262 1290 2307 et
1316 2269 1423 2307 una
1451 2262 1536 2310 est
1559 2254 1614 2307 in
1644 2253 1748 2308 hac
1779 2251 1961 2306 Trini-

379 2355 488 2398 tate
516 2345 778 2400 divinitas
813 2354 867 2400 et
909 2361 1017 2400 una
1056 2345 1212 2411 ﬁdes,
1247 2354 1303 2400 ct
1339 2361 1511 2400 unum
1561 2345 1837 2415 baptisma
1877 2353 1962 2400 est

377 2436 524 2504 quod
555 2438 608 2490 in
646 2437 738 2491 illa
770 2438 952 2502 datur,
986 2448 1039 2494 et
1083 2438 1316 2493 initiatio
1350 2455 1460 2492 una
1490 2439 1546 2492 in
1577 2437 1797 2493 Christo
1832 2437 1960 2492 Jesu

377 2527 613 2583 Domino
640 2540 828 2585 nostro
856 2545 953 2600 per
981 2545 1139 2599 quem
1169 2540 1222 2584 et
1255 2545 1380 2585 cum
1411 2545 1520 2600 quo
1537 2527 1687 2583 Patri
1714 2529 1882 2599 gloria
1909 2536 1963 2582 et

379 2621 666 2691 imperium
694 2637 818 2676 cum
858 2634 1048 2677 sancto
1090 2621 1295 2692 Spiritu
1325 2622 1378 2675 in
1416 2621 1598 2676 omnia
1631 2621 1827 2675 saecula
1856 2635 1960 2675 sae.

379 2713 649 2766 culorum.
675 2713 870 2765 Amen.

2138 1241 2191 1292 7.
2233 1239 2415 1309 Ἀρκεῖ
2475 1235 2646 1288 ταῦτα
2693 1234 2830 1308 πρὸς
2877 1234 3094 1304 ἔλεγχον
3138 1234 3238 1304 τῆς
3301 1237 3648 1306 μωρολογίας

2070 1331 2243 1402 ὑμῶν.
2269 1328 2480 1399 Μηκέτι
2507 1327 2729 1389 παίζετε
2782 1329 2861 1390 εἰς
2902 1324 3000 1396 τὴν
3053 1325 3304 1398 θεότητα.
3331 1328 3649 1392 Παιζόντων

2060 1425 2170 1494 γὰρ
2200 1423 2327 1475 ἴδιον
2380 1423 2587 1492 ἐρωτᾷν
2620 1419 2686 1472 τά
2738 1419 2810 1490 μὴ
2877 1419 3236 1490 γεγραμμένα
3293 1421 3390 1474 καὶ
3440 1421 3643 1490 λέγειν·

2063 1512 2272 1567 Οὐκοῦν
2307 1513 2426 1576 Υἱός
2455 1514 2570 1565 ἐστι
2610 1511 2672 1564 τὸ
2720 1510 2942 1582 Πνεῦμα
2975 1513 3068 1564 καὶ
3101 1512 3325 1577 πάππος
3350 1515 3379 1567 6
3412 1515 3642 1586 Πατήρς

1990 1569 2032 1623 Β
2062 1605 2220 1658 Οῦτω
2257 1569 2484 1674 γελῶσιν
2533 1607 2562 1658 6
2593 1605 2649 1656 ὲν
2680 1569 2986 1674 Καισαρείᾳ
3015 1604 3111 1656 καὶ
3134 1605 3162 1657 6
3189 1605 3246 1657 ὲν
3368 1569 3650 1659 Σκυθοίέόζ

2060 1699 2140 1752 λει
2176 1697 2309 1769 (70).
2347 1699 2532 1770 Ἀρκεῖ
2563 1695 2838 1749 πιστεύειν
2865 1696 3028 1765 ὑμᾶς,
3051 1697 3132 1750 ὅτι
3165 1698 3265 1750 οὐκ
3295 1697 3410 1752 ἔστι
3435 1697 3649 1769 κτίσμα

2061 1790 2121 1842 τὸ
2158 1787 2402 1860 Πνεῦμα,
2425 1787 2560 1842 ἀλλὰ
2581 1786 2805 1858 Πνεῦμα
2835 1786 2927 1840 τοῦ
2959 1787 3092 1841 Θεοῦ
3124 1790 3259 1853 ἐστι,
3290 1789 3384 1842 καὶ
3415 1792 3473 1842 ὲν
3496 1789 3651 1861 αὐτῷ

2062 1882 2251 1953 Τριὰς,
2313 1880 2521 1952 Πατὴρ,
2561 1880 2656 1933 καὶ
2687 1879 2813 1942 Υίδς
2843 1877 2978 1950 (71),
3041 1881 3136 1933 καὶ
3181 1879 3404 1950 Πνεῦμα
3464 1880 3646 1949 ἅγιον.

2063 1979 2173 2030 Καὶ
2215 1975 2335 2028 οὕτε
2365 1976 2427 2028 τὸ
2462 1975 2650 2046 Πατὴρ
2687 1974 2859 2044 ὄνομα
2897 1975 2990 2027 ἐπὶ
3027 1973 3158 2028 Υίοῦ
3193 1975 3480 2047 ὀνομάζειν
3513 1977 3648 2046 χρὴ,

2061 2068 2183 2122 οὔτε
2205 2069 2265 2121 τὸ
2296 2066 2519 2138 Πνεῦμα
2557 2067 2736 2136 λέγειν
2783 2067 2990 2132 ἔξεστιν
3023 2067 3154 2120 αὐτὸ
3205 2063 3341 2121 εἶναι
3370 2067 3463 2120 τὸν
3494 2068 3647 2130 Υἰὸν,

2061 2159 2184 2212 οὕτε
2209 2161 2298 2214 τὸν
2324 2161 2450 2213 Υἱὸν
2493 2158 2624 2212 αὐτὸ
2669 2155 2809 2211 εἶναι
2857 2157 2918 2210 τὸ
2957 2157 3180 2228 Πνεῦμα
3226 2159 3286 2212 τὸ
3320 2159 3494 2228 ἅγιον·
3530 2159 3648 2212 ἀλλ’

2062 2251 2235 2314 οὕτως
2266 2254 2433 2314 ἐστὶν,
2469 2252 2545 2315 ὡς
2602 2254 2835 2323 εἴρηται,
2897 2251 2991 2304 καὶ
3043 2251 3141 2322 μία
3187 2253 3221 2322 ἡ
3261 2253 3316 2303 ἐν
3370 2250 3550 2323 ταύτῃ
3578 2255 3647 2322 τῇ

2063 2341 2253 2412 Τριάδι
2289 2341 2476 2411 Θεότης
2508 2341 2643 2402 ἐστὶ,
2676 2341 2769 2393 καὶ
2806 2341 2904 2410 μία
2934 2340 3245 2403 πίστις,καὶ
3273 2341 3330 2393 ἓν
3359 2340 3651 2412 βάπτισμά

2062 2433 2228 2498 ἐστιν,
2265 2435 2322 2485 ὲν
2352 2433 2487 2504 αὐτῇ
2523 2434 2815 2505 διδόμενον,
2853 2433 2948 2486 καὶ
2987 2435 3022 2504 ἡ
3083 2433 3361 2497 τελείωσις
3421 2433 3542 2504 μία,
3590 2438 3668 2500 ὲν,

2060 2525 2281 2597 Χριστῷ
2320 2527 2492 2596 Ἰησοῦ
2521 2526 2600 2597 τῷ
2626 2526 2813 2598 Κυρίῳ
2843 2526 3021 2597 ἡμῶν,
3077 2526 3145 2579 δι’
3171 2521 3233 2581 οῦ
3255 2528 3348 2580 καὶ
3388 2527 3501 2596 (72)
3529 2529 3649 2598 μεθ’

2061 2612 2121 2672 οῦ
2149 2617 2227 2688 τῷ
2259 2619 2435 2688 Πατρὶ
2468 2620 2500 2688 ἠ
2557 2618 2683 2682 δόξα
2716 2621 2809 2672 καὶ
2835 2619 2896 2671 τὸ
2924 2618 3125 2690 κράτος
3157 2620 3253 2672 σὺν
3294 2619 3434 2690 άγίῳ
3471 2621 3647 2673 Πνεῦ-

1984 2744 1989 2748 -
2062 2726 2192 2780 ματι
2255 2713 2333 2773 είς
2390 2710 2516 2773 τοὺς
2575 2711 2896 2781 σύμπαντας
2967 2710 3170 2772 αἰῶνας
3236 2709 3346 2763 τῶν
3407 2711 3644 2766 αἰώνων.

2072 2802 2262 2874 Ἀμήν.

451 2886 505 2942 8.
540 2887 613 2941 De
640 2901 750 2956 quo
777 2897 958 2941 autem
986 2885 1254 2954 scripsisti
1282 2885 1414 2939 mihi
1445 2886 1756 2956 evangelico
1784 2886 1952 2952 dicto,

2129 2897 2182 2950 8.
2219 2896 2354 2966 Περὶ
2373 2895 2430 2948 δὲ
2467 2892 2578 2965 (75)
2609 2887 2670 2947 οὗ
2701 2895 2927 2966 γράφων
2955 2895 3230 2967 ἐδήλωσας
3281 2897 3646 2966 εὐαγγελικώ

380 2978 595 3032 veniam
622 2977 778 3041 habe,
813 2977 1027 3041 dilecte,
1066 2976 1236 3046 probo
1261 2975 1486 3032 affectus
1526 2979 1731 3032 animo.
1756 2977 1959 3033 Vereor

380 3070 525 3125 enim
560 3069 613 3124 id
646 3069 730 3122 vel
754 3069 1023 3124 ullatenus
1044 3067 1298 3138 aggredi;
1328 3082 1416 3132 ne,
1451 3069 1497 3122 si
1525 3069 1579 3122 in
1597 3069 1800 3124 dictum
1825 3069 1957 3126 illud

381 3169 618 3216 mentem
646 3159 802 3230 quasi
841 3160 1174 3224 demersero,
1211 3159 1555 3230 scrutarique
1589 3176 1955 3231 cmpero,non

378 3257 590 3310 valeam
620 3253 950 3324 profundum
986 3254 1104 3323 ejus
1139 3254 1473 3310 intellectum
1501 3255 1812 3311 exhaurire.
1849 3254 1956 3310 Ta-

382 3363 506 3402 cere
528 3345 685 3418 561
711 3346 876 3417 igitur
897 3345 963 3400 de
994 3345 1088 3400 illo
1118 3347 1342 3402 omnino
1369 3356 1686 3413 statueram,
1711 3349 1797 3404 his
1819 3349 1961 3418 prio-

378 3441 533 3496 ribus
561 3448 849 3496 contentus
890 3439 1131 3510 scriptis.
1181 3439 1253 3494 At
1293 3440 1499 3496 veritus
1530 3455 1598 3495 ne
1625 3440 1820 3496 iterum
1851 3441 1954 3498 hac

380 3533 450 3588 de
481 3548 540 3587 re
574 3533 815 3588 scribere
849 3532 1168 3595 contendas,
1205 3533 1316 3586 vim
1353 3533 1488 3587 mihi
1518 3532 1634 3603 ipse
1662 3533 1860 3602 intuli,
1897 3543 1960 3589 ut

380 3626 467 3679 vel
501 3625 830 3679 mediocrem
875 3641 1040 3694 quam
1067 3626 1134 3680 de
1159 3625 1251 3680 illo
1277 3625 1439 3680 didici
1482 3625 1805 3681 sententiam
1835 3642 1960 3697 per-

382 3718 724 3784 scriberem;
767 3719 909 3787 quod
943 3733 1176 3787 sperem,
1232 3718 1280 3773 si
1329 3733 1554 3788 scopum
1604 3718 1956 3790 attingamus,

380 3810 626 3864 docentis
668 3811 863 3880 gratia,
895 3826 1010 3865 rem
1047 3810 1143 3866 tibi
1179 3810 1461 3880 probatam
1492 3809 1646 3877 fore;
1679 3811 1763 3866 sin
1799 3811 1958 3866 aber-

386 3916 591 3967 remus,
618 3917 726 3956 non
756 3903 1216 3973 reprehensurum
1244 3911 1317 3971 te,
1348 3902 1436 3957 cui
1464 3918 1588 3957 cum
1610 3902 1837 3959 aﬂ'ectus
1859 3916 1956 3958 no-

455 4075 498 4108 ⁸⁷
531 4075 640 4130 Tit.
673 4090 756 4141 tu,
782 4077 870 4132 10.

459 4233 572 4305 (69)
601 4234 762 4305 ,Ἐστι
789 4233 940 4305 deest
980 4233 1033 4305 in
1068 4235 1286 4291 Gobler.
1311 4245 1368 4291 et
1400 4234 1544 4292 Felc.
1572 4236 1622 4289 l.
1648 4232 1790 4290 Infra
1830 4244 1953 4304 post

377 4303 567 4378 ᾲρκεῖ,
598 4304 841 4378 in_edi_tis
877 4303 986 4378 γάρ
1021 4304 1236 4378 legitur,
1276 4307 1368 4361 sed
1398 4321 1522 4360 cum
1563 4306 1701 4378 desit
1728 4306 1779 4358 in
1817 4303 1950 4378 Reg.

387 4373 835 4444 Seguer.,Basilq
867 4373 1086 4444 optimis
1121 4376 1326 4431 scilicet
1356 4391 1514 4436 mss.,
1557 4376 1820 4430 omissum
1849 4373 1951 4431 es't.

457 4418 580 4514 (ibi
600 4418 749 4518 113g."
757 4418 835 4518 ’ξί
861 4418 1086 4518 ἐὲέὶὲξῖ
1103 4418 1962 4518 ,Ἱὲἔξΐιέόξὲἑέρῦ’ζέειῖῖίᾶἕρὂὶ
1989 4418 2035 4477 θ

387 4515 565 4576 φίλου,
601 4515 740 4584 male
763 4515 830 4568 de
858 4515 1093 4568 Eusebio
1125 4517 1218 4583 qui
1243 4515 1451 4584 jamdiu
1479 4516 1707 4570 obicrat.

458 4585 691 4657 (Ἠλεία
713 4583 913 4653 Regius
942 4593 996 4657 et
1023 4583 1536 4657 Seguerian._recte.
1574 4585 1730 4657 Editi,
1757 4586 1954 4657 67Yi6c.

386 4655 532 4778 lrzfrda
579 4656 738 4777 iidem
778 4671 902 4709 cum
942 4653 1132 4721 Basil.,
1161 4655 1294 4709 αὐτὸ
1322 4653 1459 4709 εἶναι
1491 4656 1580 4710 τὸν
1611 4656 1760 4710 Υίόν.
1792 4656 1955 4722 Editi,

386 4742 424 4778 α
458 4744 486 4778 τ
520 4741 570 4778 ν.
593 4741 622 4777 e
647 4741 697 4778 c.

383 4726 570 4789 αὐτόν,
593 4734 697 4780 etc.

459 4787 571 4864 (72)
600 4795 745 4864 Haec,
787 4794 855 4848 δι’
889 4787 971 4855 οῦ,
1007 4803 1112 4850 etc.
1134 4834 1150 4860 ,
1184 4796 1249 4849 ad
1291 4794 1452 4851 linem
1480 4811 1655 4864 usque
1695 4795 1892 4851 absunt
1925 4812 1956 4851 a

385 4863 606 4924 Gobler.
631 4873 684 4919 et
707 4863 854 4937 Felc.
881 4865 931 4918 i.
954 4865 1126 4920 Paulo
1157 4873 1280 4936 post
1309 4863 1530 4937 Regius,
1557 4863 1637 4930 εἰς
1670 4867 1794 4930 τοὺς
1828 4866 1959 4921 αἰῶ-

384 4955 504 5000 νας,
539 4937 747 4989 omisso
775 4935 1113 5004 σύμπαντας.

449 5006 568 5076 ,(75)
597 5004 742 5067 Haec,
772 5006 908 5075 Περὶ
932 5006 1168 5076 δέηθιιιη
1200 5016 1593 5076 consequenter
1623 5006 1835 5060 annecti
1865 5005 1960 5060 de-

385 5072 629 5147 bent,’ut
670 5083 724 5147 et
768 5072 984 5147 codices
1018 5075 1220 5147 Regius
1254 5088 1307 5130 et
1341 5072 1704 5147 Ség'uerianus
1737 5079 1956 5142 habent,

383 5158 439 5202 et
475 5146 739 5214 particula
767 5145 1190 5201 adversativa'Sé
1212 5147 1491 5200 suadetur.
1516 5145 1573 5201 in
1599 5147 1757 5201 editis
1784 5147 1958 5214 primo

387 5227 535 5271 tomo
560 5215 715 5284 quasi
743 5215 1031 5281 peculiaris
1061 5225 1323 5271 tractatus
1347 5217 1519 5284 posita
1542 5225 1696 5270 erant
1724 5217 1826 5270 sub
1855 5216 1960 5270 hoc

386 5286 544 5343 titulo
575 5304 587 5339 :
624 5284 733 5358 Τοῦ
766 5288 822 5358 εν
844 5285 1031 5358 ’ἁγίοις
1059 5287 1273 5358 Πατρὸς
1307 5285 1475 5358 ἡμῶν
1507 5286 1958 5358 Ἀθανασίουάρ-

387 5355 740 5435 χιεπισκόπρυ
783 5354 1196 5435 ζΛλεςανδρείας
1230 5354 1409 5435 sic;st
1441 5356 1614 5435 ῥητὸν
1643 5355 1738 5435 τοῦ
1769 5354 1958 5435 ,Εῦαγ-

387 5375 740 5426 χιεπισκοπου
799 5375 1188 5477 ΑΛεςανορειας
1230 5375 1309 5419 εις
1347 5375 1409 5408 το
1441 5375 1614 5435 ρητον
1643 5375 1738 5407 του
1782 5375 1958 5432 αναγ-

386 5426 565 5494 γελίου
587 5442 600 5456 ·
629 5445 645 5474 ι
676 5427 771 5496 Ὃς
786 5424 852 5477 ἂν
878 5426 1003 5496 εἴπῃ
1049 5425 1184 5494 ,όγον
1211 5425 1352 5479 κατὰ
1376 5442 1468 5496 του
1487 5426 1616 5478 Υἱοῦ
1642 5425 1736 5478 τοῦ
1758 5425 1960 5496 ἀνθρὼ-

387 5512 524 5567 που,
574 5494 905 5567 ἀφεθήσεται
941 5494 1104 5567 αὐτῷ
1135 5511 1149 5525 °
1183 5496 1242 5558 ὃς
1375 5495 1439 5548 ἂν
1487 5496 1614 5567 εἴπῃ
1671 5496 1811 5567 κατὰ
1861 5494 1957 5549 τοῦ

386 5565 702 5636 Πννεύματος
729 5564 823 5636 ⁸τοῦ
857 5566 1036 5636 ἁγίου,
1075 5564 1175 5636 οὐκ
1201 5566 1531 5636 ἀφεθήσεται
1573 5564 1722 5636 αὑτῷ
1751 5566 1874 5619 οὔτε
1900 5568 1958 5622 ὲν

384 5633 466 5706 τῷ
479 5633 832 5707 αἰῶνιᾼτούτῳ
857 5634 979 5688 οὗτε
997 5639 1052 5689 ὲν
1083 5635 1161 5707 τῷ
1193 5633 1456 5706 μέλλοντι,
1495 5656 1515 5686 ›
1535 5638 1625 5707 qui
1661 5633 1958 5707 titulusiis-

387 5703 509 5760 dem
540 5703 720 5761 verbis
750 5703 978 5759 habetur
1010 5707 1064 5761 in
1095 5703 1375 5762 Basiliensi
1403 5716 1456 5762 et
1491 5703 1810 5778 Aiiglicano.
1845 5706 1956 5762 Go-

2065 2984 2250 3056 ῥητοῦ,
2288 2986 2644 3054 συγγίνωσκε,
2681 2988 2954 3058 ἀγαπητὲ,
2994 2989 3294 3056 συνείδησιν
3338 2989 3483 3058 ἔχων
3509 2991 3647 3059 ἀγα-

2063 3077 2184 3147 θήν.
2212 3078 2366 3131 Δέδια
2395 3077 2502 3146 γάρ
2536 3078 2638 3132 κᾶν
2665 3078 2799 3142 ὅλως
2829 3080 3146 3152 προσελθεῖν
3199 3082 3346 3153 αὐτῷ
3393 3083 3534 3154 (m-
3577 3084 3647 3155 μὴ

2061 3171 2178 3234 καὶ,
2215 3169 2377 3234 δύνας
2431 3172 2510 3234 είς
2559 3171 2690 3224 αὐτὸ
2733 3171 2811 3242 τῷ
2857 3171 3124 3244 λογισμῷ,
3179 3173 3274 3226 καὶ
3334 3173 3647 3246 ἀρξάμενος

2059 3261 2306 3333 ἐρευνᾷν,
2332 3263 2577 3333 ἀτονήσω
2605 3263 2702 3334 τὴν
2741 3265 2800 3317 ὲν
2842 3265 2990 3336 αὐτῷ
3039 3265 3254 3336 βαθεῖαν
3295 3267 3540 3322 διάνοιαν
3567 3270 3650 3323 ἐλ-

2063 3353 2247 3407 κῦσαι.
2273 3354 2554 3426 Σιωπῆσαι
2577 3356 2705 3424 γοῦν
2735 3356 2863 3428 περὶ
2893 3356 3083 3411 τούτου
3113 3359 3295 3412 τέλεον
3317 3360 3645 3433 ἐϐουλόμην.

2065 3446 2159 3499 καὶ
2195 3445 2353 3516 μόνον
2378 3447 2710 3518 ἁρκεσθῆναι
2765 3447 2972 3511 τούτοις
3005 3451 3116 3512 τοῖς
3168 3450 3281 3520 (75)
3330 3451 3649 3523 ἔμπροσθεν

2065 3538 2375 3610 γράμμασι.
2422 3539 2821 3611 Στοχαζόμενος
2871 3541 2927 3596 δὲ
2964 3542 3038 3614 μὴ
3087 3543 3195 3614 ἄρα
3243 3544 3338 3596 καὶ
3389 3545 3646 3618 δεύτερον

2071 3631 2196 3702 περὶ
2226 3630 2416 3684 τούτου
2438 3631 2646 3703 γράψαι
2683 3633 3082 3706 φιλονεικήσῃς,
3115 3634 3427 3706 ἐϐιασάμην
3478 3638 3647 3708 ἐμαυ-

2061 3720 2174 3786 τὸν,
2199 3721 2266 3792 ἢν
2300 3722 2406 3792 εχω
2435 3722 2619 3792 μαθὼν
2647 3723 2779 3793 (76),
2799 3725 2927 3796 περὶ
2952 3723 3119 3778 αὐτοῦ
3155 3727 3381 3797 μετρίαν
3401 3728 3648 3782 διάνοιαν

2060 3814 2288 3885 γράψαι·
2322 3814 2562 3887 θαρρῶν,
2594 3815 2691 3881 ὡς,
2712 3817 2972 3886 τυχόντας
2998 3818 3096 3888 μὲν
3116 3819 3261 3888 ἡμᾶς
3287 3817 3380 3871 τοῦ
3412 3819 3645 3885 σκοποῦ,

2061 3903 2298 3978 ἀποδέξῃ
2348 3902 2436 3957 διὰ
2494 3903 2586 3957 τδν
2634 3905 2938 3971 διδάξαντω
2999 3905 3073 3977 μὴ
3132 3907 3394 3977 τυχόντας
3443 3908 3526 3973 δὲ,
3580 3910 3644 3963 οὐ

2058 4237 2334 4291 blerianus
2359 4245 2413 4290 et
2450 4235 2596 4291 Felc.
2637 4237 2847 4306 primus
2889 4238 2969 4292 sic
3005 4240 3072 4294 ad
3103 4240 3324 4295 modum
3359 4244 3504 4299 tituli
3537 4246 3643 4301 ha-

2060 4307 2189 4383 bent
2210 4306 2352 4377 Πρὸς
2372 4307 2469 4383 τὸν
2514 4307 2674 4383 αὑτὸν
2715 4309 3055 4383 Σεραπίωνα.
3093 4309 3150 4364 1η
3182 4310 3327 4366 Felc.
3369 4318 3645 4383 secundo,

2063 4376 2194 4458 nihil
2228 4376 2325 4458 pro
2348 4377 2504 4458 titulo
2534 4376 3246 4458 habetuILX-Regiusautem
3285 4383 3352 4436 ad
3389 4376 3644 4458 margine

2065 4447 2220 4519 habet
2266 4447 2398 4519 Περὶ
2423 4448 2774 4519 εὖαγγελικοῦ
2801 4449 2985 4519 ῥητοῦ.
3009 4449 3380 4519 Seguerianus
3405 4456 3472 4508 ad
3500 4447 3647 4511 mar-

2058 4514 2419 4597 ginemjtei'n,
2443 4514 2745 4597 {06;a6706
2772 4514 2899 4597 περὶ
2923 4518 3015 4572 τοῦ
3053 4514 3412 4597 εῦαγγελωιοῦ
3446 4528 3642 4597 ῥητοῦ.

2057 4587 2174 4664 ᾖτοι
2199 4587 2297 4664 τῆς
2329 4589 2408 4664 εἰς
2442 4589 2503 4664 τί)
2537 4587 2759 4664 Πνεῦμα
2789 4589 2850 4641 τὸ
2874 4588 3026 4664 ἅγιον
3059 4587 3644 4664 βλαρςὲρημίαςίῐῶιίή

2060 4656 2436 4737 liaecsubtexit
2464 4656 2935 4737 Alliariasius,nut
2985 4656 3514 4737 Serapioni'morem
3551 4685 3648 4737 ge-

2059 4734 2222 4796 reret,
2253 4727 2344 4805 qui
2391 4727 2691 4805 postularat
2721 4737 2781 4805 ut
2822 4729 3024 4805 dictum
3070 4727 3203 4805 illud
3235 4727 3641 4805 evangelicu'm.

2059 4811 2177 4876 quo
2225 4798 2502 4876 clauserat
2545 4798 2828 4866 epistolam
2866 4800 3079 4854 tertiam
3129 4804 3195 4857 ad
3242 4818 3302 4858 se
3348 4798 3642 4876 scriptam,

2057 4867 2368 4935 explanaret
2401 4866 2526 4922 sibi.

2129 4937 2242 5012 (7d)
2273 4936 2364 4992 Sic
2391 4937 2818 5012 edi_t._Comme|.
2851 4937 3074 5012 Regius,
3094 4939 3321 5012 Seguer.
3340 4943 3641 5004 Basiliens.

2059 5006 2268 5075 Anglic.
2313 5016 2366 5060 et
2395 5006 2631 5062 Felckm.
2662 5006 2960 5065 secundus.
2982 5009 3122 5066 Ειίίῐ.
3158 5006 3282 5066 v'ero
3319 5013 3498 5071 Paris.
3533 5016 3644 5071 Go—

2059 5075 2193 5150 b|_er.
2228 5085 2281 5150 et
2299 5075 2448 5150 Felc.
2481 5080 2530 5143 i,
2553 5079 2784 5150 δέδοικα.
2808 5080 2985 5150 Paulo
3010 5091 3152 5150 post,
3180 5083 3312 5136 edit.
3338 5083 3640 5150 Commel..

2061 5145 2135 5227 μὴ
2152 5148 2254 5227 rei
2275 5187 2288 5210 ,
2333 5147 2575 5227 ἐινδιῦναςἶ
2615 5145 3115 5227 ΕιΙίιμΡθΓὶεὲξμὴ
3141 5145 3402 5227 γὲνδύνῇας,
3433 5145 3642 5227 Regius

2057 5216 2114 5299 et;
2151 5216 2593 5299 Segueri-anqnph
2615 5220 2711 5272 καὶ
2733 5219 2912 5299 δύνας.
2947 5216 3176 5299 Goblér._
3202 5235 3257 5277 et
3285 5216 3640 5299 _Fc-lc._._l_:pi;

2057 5285 2242 5360 ξύν-ας.
2268 5285 2628 5360 Ιὺίιίθληίῐζοεζ.
2655 5299 2709 5344 et
2735 5291 2957 5360 Seguer.
2985 5293 3106 5352 soli,
3132 5294 3211 5356 είς
3239 5295 3399 5348 αὐτά.
3431 5285 3638 5350 Ῐὺὶιίὲηί

2058 5354 2276 5434 Gobler.
2313 5367 2367 5410 et
2387 5354 2630 5434 _Fel_ck.'_i
2661 5401 2695 5434 ,_
2715 5354 3043 5434 τῴίλογικῷ.
3090 5354 3220 5434 -Μοᾶι
3268 5365 3402 5434 Reg.
3441 5374 3498 5418 et
3537 5367 3639 5420 δε.

2058 5429 2328 5547 ﬁnierim)”
2348 5428 2450 5496 τὴν
2473 5430 2531 5481 ἐν
2558 5428 2704 5500 αὐτῷ
2730 5428 2964 5485 διάνοιαν
2993 5428 3304 5488 ἆνελκῦσαι.
3329 5428 3555 5491 (ἷοὺίετ.
3585 5445 3642 5491 ει

2103 5498 2204 5547 elc.
2235 5497 2285 5547 1.
2318 5497 2416 5547 τὴν
2441 5499 2617 5547 ἐαυτῶ
2643 5501 2878 5547 διάνοιαν
2908 5503 3223 5547 ἀνελκῦσαι-

2087 5493 2204 5567 ’eic.
2235 5497 2300 5567 it
2318 5493 2416 5567 τὴν
2441 5493 2617 5566 ἐαυτῷ
2643 5493 2878 5554 διάνοιαν
2908 5503 3224 5557 ἁνελκῦσαι.

2130 5565 2242 5649 (75)
2279 5565 2560 5649 Regius-et
2592 5565 2841 5649 Seguer.,
2885 5573 3092 5649 τοότοις
3124 5576 3257 5638 τοῖς.
3291 5573 3635 5640 Goblerian.,

2058 5639 2280 5700 τούτους
2312 5640 2442 5702 τοῖς.
2482 5639 2538 5694 1η
2565 5639 2724 5695 editis
2753 5646 2862 5706 τοῖς
2892 5644 3092 5697 solum.

2131 5707 2242 5777 (76;
2279 5707 2336 5763 ln
2366 5707 2496 5779 Reg.
2531 5719 2584 5766 et
2614 5710 2834 5781 Seguer.
2865 5712 3054 5777 μαθών
3079 5713 3244 5771 deest.
