3822 6226
209 330 320 389 619

1303 300 1635 377 EPISTULA
1684 298 1748 374 tv
1783 320 1874 373 AD
1916 306 2377 376 SERAPIONEM.

3356 316 3460 378 πο

207 445 422 514 μέμψῃ,
451 441 734 511 γινώσκων
776 441 874 511 τὴν
929 424 1201 511 ἡμετέραν
1242 437 1548 509 προθυμίαν
1582 436 1692 508 (77)
1724 452 1775 487 τε

1895 444 2016 501 stcr,
2053 446 2169 491 tum
2206 446 2392 491 nostra
2439 434 2727 491 intirmitas
2764 449 2873 490 non
2903 427 3084 505 ignota
3111 441 3212 490 est.
3243 432 3458 489 Dictum

202 539 300 588 καὶ
320 533 626 587 ἀσθένειαν.
653 535 726 586 Τὸ
755 534 852 603 μὲν
880 528 972 584 οὖν
993 532 1154 602 ῥητόν
1177 533 1346 590 ἐστιν.
1373 530 1482 591 ὅτε,
1501 527 1783 580 Τοσούτων

203 625 452 696 σημείων
485 623 788 694 γινομένων
819 625 878 675 ἐν
931 622 1012 692 τῷ
1054 620 1392 691 Εὐαγγελίῳ,
1439 620 1489 672 οἰ
1527 619 1630 689 μὲν
1684 620 1788 670 Φα-

204 717 407 786 ρισαῖοι
435 713 620 781 ἔλεγον
646 729 657 741 ·
700 732 717 764 ι
747 706 915 776 Οὗτος
940 714 1039 765 οὐκ
1073 710 1321 766 ἐκϐάλλει
1355 710 1421 764 τὰ
1447 710 1698 780 δαιμόνια
1738 711 1787 762 εἰ

201 805 278 875 μὴ
320 808 378 857 ὲν
429 802 755 866 Βεελζεϐοὺλ
815 802 890 873 τῷ
919 803 1138 872 ἄρχοντι
1180 802 1290 854 τῶν
1333 801 1641 870 δαιμονίων·
1677 801 1705 851 ὁ
1731 799 1787 851 δὲ

196 895 429 965 Κύριος,
465 894 621 956 εἰδὼς
641 893 741 955 τὰς
771 893 1099 963 ἐνθυμήσεις
1145 891 1346 952 αὐτῶν,
1383 885 1534 942 εἶπεν
1583 889 1784 951 αὐτοῖς·

198 990 359 1040 Πᾶσα
385 985 634 1057 βασιλεία
672 986 992 1057 μερισθεῖσα
1023 983 1145 1036 καθ’
1184 983 1382 1052 ἑαυτὴν
1405 980 1725 1054 ἐρημοῦται.
1762 1003 1780 1034 ι

196 1081 310 1132 Καὶ
333 1078 591 1150 εἰρηκώς·
626 1097 646 1130 r
683 1080 744 1131 Εἰ
769 1078 826 1130 δὲ
855 1078 912 1130 ἐν
941 1075 1219 1152 Πνεύματι
1247 1073 1380 1127 Θεοῦ
1402 1073 1513 1142 ἐγὼ
1539 1073 1786 1128 ἐκϐάλλω

194 1172 266 1222 τὰ
301 1171 577 1240 δαιμόνια,
608 1171 714 1241 ἄρα
751 1169 986 1237 ἔφθασεν
1041 1167 1126 1236 ἐφ’
1153 1168 1297 1236 ὑμᾶς
1342 1168 1375 1236 ἡ
1414 1165 1660 1236 βασιλεία
1691 1165 1783 1218 τοῦ

194 1262 392 1316 Θεοῦ»
431 1263 614 1316 λοιπὸν
645 1261 914 1332 ἐπιφέρει·
951 1279 969 1310 ‹
1006 1259 1104 1312 Διὰ
1132 1257 1288 1312 τοῦτο
1313 1257 1455 1325 λέγω
1487 1258 1614 1328 ὑμῖν
1649 1257 1782 1326 (⁸78),

198 1358 360 1409 Πᾶσα
401 1355 644 1426 ἁμαρτία
694 1355 788 1408 καὶ
825 1354 1143 1424 βλασφημία
1171 1350 1498 1421 ἀφεθήσεται
1525 1351 1652 1420 ὑμῖν
1671 1352 1784 1412 τοῖς

197 1448 533 1519 ἀνθρώποις·
594 1449 627 1518 ἡ
674 1448 731 1501 δὲ
788 1449 866 1510 εἰς
926 1447 988 1499 τὸ
1023 1445 1244 1516 Πνεῦμα
1318 1445 1426 1515 (79)
1472 1441 1784 1513 βλασφημία

194 1541 303 1593 οὐκ
346 1540 716 1609 ἀφεθήσεται·
767 1538 864 1591 καὶ
905 1537 964 1600 ὃς
1005 1536 1069 1588 ἂν
1118 1535 1248 1608 εἴπῃ
1302 1522 1457 1604 λόγον
1501 1533 1640 1587 κατὰ
1688 1531 1782 1585 τοῦ

196 1629 337 1683 Υἱοῦ
361 1629 454 1682 τοῦ
488 1628 797 1700 ἀνθρώπου,
833 1627 1164 1698 ἀφεθήσεται
1194 1627 1363 1698 αὐτῷ·
1393 1627 1451 1689 ὃς
1481 1627 1526 1679 δ’
1558 1626 1624 1679 ἂν
1655 1627 1784 1697 εἴπῃ

197 1720 346 1774 κατὰ
389 1718 483 1772 τοῦ
525 1719 843 1790 Πνεύματος
909 1717 1001 1770 τοῦ
1065 1719 1241 1787 ἁγίου,
1299 1719 1398 1771 οὐκ
1451 1716 1784 1788 ἀφεθήσεται

197 1813 353 1884 αὖτῷ
382 1813 505 1866 οὔτε
534 1815 590 1865 ἐν
615 1813 694 1883 τῷ
720 1813 874 1866 αἰῶνι
903 1811 1076 1884 τούτῳ
1113 1811 1235 1865 οὕτε
1271 1812 1328 1864 ἐν
1354 1811 1433 1882 τῷ
1481 1809 1780 1881 μέλλοντι.»

202 1907 279 1959 Σὺ
320 1905 376 1956 δέ
399 1905 632 1973 ἐζήτεις,
666 1904 718 1956 τί
741 1904 942 1973 δήποτε
971 1905 1003 1973 ἡ
1034 1903 1131 1973 μὲν
1175 1905 1253 1965 είς
1275 1903 1365 1955 τὸν
1400 1901 1525 1953 Υἱὸν
1551 1900 1790 1971 βλασφη-

201 1999 307 2067 μία
341 1997 579 2066 ἀφίεται,
617 1999 649 2066 ἡ
679 1995 734 2047 δὲ
762 1998 840 2058 εἰς
872 1996 932 2048 τὸ
970 1993 1196 2064 Πνεῦμα
1242 1994 1304 2046 τὸ
1345 1994 1498 2061 ἅγιον
1534 1993 1636 2045 οὐκ
1675 1991 1786 2062 ἔχει

196 2087 398 2154 ἄφεσιν
441 2085 566 2139 οὔτε
621 2088 679 2137 ἐν
705 2084 784 2155 τῷ
815 2084 909 2137 νῦν
961 2083 1141 2148 αἰῶνι,
1185 2082 1308 2136 οὗτε
1362 2085 1420 2136 ἐν
1455 2081 1532 2153 τῷ
1569 2081 1788 2152 μέλλον-

195 2195 252 2230 τι
284 2177 394 2247 (80)
418 2194 433 2242 ;

272 2267 327 2320 9.
351 2267 578 2320 Παλαιοί
611 2269 709 2338 μὲν
728 2264 822 2322 οὖν
849 2267 1058 2340 ἄνδρες,
1103 2265 1382 2337 Ὠριγένης
1413 2268 1442 2320 ὁ
1470 2266 1788 2338 πολυμαθὴς

199 2361 300 2413 καὶ
341 2359 661 2428 φιλόπονος,
719 2361 814 2414 καὶ
869 2360 1213 2428 Θεόγνωστος
1264 2361 1293 2411 ὁ
1344 2359 1645 2430 θαυμάσιος
1692 2359 1787 2410 καὶ

199 2453 495 2517 σπουδαῖος
530 2454 752 2525 (τούτων
779 2454 888 2524 γὰρ
931 2458 1044 2519 τοῖς
1083 2454 1208 2524 περί
1235 2453 1439 2506 τούτων
1474 2470 1787 2524 συνταγμα-

196 2547 339 2610 τίοις
372 2548 622 2617 ἐνέτυχον
684 2547 816 2616 (81),
871 2548 960 2599 ὅτε
1011 2547 1110 2617 τὴν
1167 2545 1453 2616 ἐπιστολὴν
1497 2545 1784 2616 ἔγραψας),

195 2637 505 2708 ἀμφότεροι
524 2635 634 2706 γὰρ
674 2636 801 2705 περὶ
835 2634 1026 2687 τούτου
1077 2634 1368 2705 γράφουσι,
1415 2633 1619 2704 ταύτην
1651 2630 1789 2686 εἶναι

195 2722 300 2793 τὴν
327 2724 407 2783 είς
440 2721 502 2772 τὸ
527 2721 682 2787 ἆγιον
707 2718 818 2789 (82)
849 2717 1075 2790 Πνεῦμα
1127 2717 1473 2789 βλασφημίαν
1515 2716 1785 2784 λέγοντες,

194 2814 332 2865 ὅταν
370 2813 419 2865 οἱ
467 2811 895 2877 καταξιωθέντες
929 2812 987 2865 ἐν
1047 2809 1126 2880 τῷ
1183 2809 1520 2880 βαπτίσματι
1553 2809 1651 2879 τῆς
1684 2793 1786 2860 δω-

200 2905 336 2976 ρεᾶς
371 2903 481 2974 (85)
512 2897 605 2955 τοῦ
640 2903 796 2970 ἁγίου
836 2901 1151 2971 Πνεύματος
1175 2901 1680 2972 παλινδρομὴσωσιν
1710 2901 1788 2963 εἰς

195 2996 263 3047 τὸ
301 2994 658 3065 ἁμαρτάνειν.
692 2994 790 3046 Διὰ
843 2993 1000 3046 τοῦτο
1030 2994 1137 3064 γὰρ
1175 2993 1310 3064 μηδὲ
1361 2993 1553 3060 ἄφεσιν
1589 2992 1786 3055 αὐτοὺς

195 3084 470 3154 λήψεσθαί
520 3101 672 3154 φασι·
725 3084 868 3138 καθὰ
921 3085 1016 3138 καί
1078 3087 1105 3138 ὁ
1149 3084 1358 3148 Παῦλος
1413 3086 1471 3138 ἐν
1532 3087 1597 3155 τῇ
1652 3084 1788 3156 πρὸς

228 3178 502 3247 Εδραίους
549 3177 716 3245 λέγει·
774 3196 792 3227 r
840 3177 1122 3231 Ἀδύνατον
1170 3177 1278 3248 γὰρ
1327 3176 1456 3240 τοὺς
1501 3175 1646 3242 ἅπαξ
1680 3193 1790 3244 φω-

193 3269 508 3335 τισθέντας,
540 3268 908 3339 γευσαμένους
959 3286 1017 3321 τε
1054 3271 1152 3339 τῆς
1197 3267 1403 3338 δωρεᾶς
1429 3268 1528 3338 τῆς
1561 3269 1792 3339 ἐπουρα-

194 3365 342 3428 νίου,
367 3365 462 3417 καὶ
489 3362 603 3433 (81)
637 3363 894 3432 μετόχους
925 3362 1251 3433 γενηθέντας
1273 3361 1413 3414 Πνεύ
1423 3379 1589 3432 ματος
1613 3362 1790 3429 ἁγίου,

197 3459 300 3510 καὶ
336 3455 497 3508 καλὸν
529 3454 899 3524 γευσαμένους
914 3454 1048 3507 Θεοῦ
1082 3455 1252 3526 ῥῆμα,
1307 3455 1560 3524 δυνάμεις
1582 3471 1642 3506 τε
1669 3455 1794 3524 μέλ-

197 3549 389 3608 λοντος
422 3544 636 3607 αἰῶνος,
681 3545 776 3596 καί
820 3544 1258 3614 παραπεσόντας,
1311 3545 1473 3597 πάλιν
1520 3545 1796 3598 ἀνακαινί-

199 3640 321 3702 ζειν
343 3638 422 3700 εἰς
447 3635 757 3706 μετάνοιαν.
774 3653 792 3685 ›
815 3634 1000 3688 Ταῦτα
1021 3635 1077 3687 δὲ
1107 3638 1259 3706 κοινῇ
1287 3631 1384 3706 μὲν
1413 3635 1632 3704 λέγουσι
1657 3637 1788 3708 (85).

198 3731 300 3782 καὶ
329 3728 464 3780 ἰδίαν
496 3727 552 3779 δὲ
579 3726 808 3790 ἕκαστος
837 3727 1162 3798 προστίθησι
1194 3728 1452 3781 διάνοιαν.

277 3819 368 3873 10.
405 3819 462 3870 Ὁ
518 3818 616 3888 μὲν
671 3815 780 3888 γὰρ
821 3818 1100 3887 Ὠριγένης
1161 3820 1256 3872 καὶ
1317 3818 1416 3890 τὴν
1467 3819 1642 3872 αἰτίαν
1700 3819 1794 3888 τῆς,

199 3911 350 3964 κατὰ
380 3908 490 3962 τῶν
517 3909 771 3962 τοιούτων
791 3908 1023 3979 κρίσεως
1043 3908 1181 3962 οὕτω
1207 3909 1377 3978 λέγει·
1418 3929 1436 3960 ι
1460 3909 1518 3961 ὐ
1546 3902 1642 3980 μὲν
1667 3905 1798 3971 Θεὸς

200 4003 302 4055 καὶ
338 4001 530 4071 Πατὴρ
557 4001 638 4062 εἰς
659 4001 834 4053 πάντα
861 3998 1037 4069 διήκει
1069 3999 1182 4068 (86)
1216 4001 1312 4052 καὶ
1355 3999 1532 4052 πάντα
1562 3997 1793 4066 συνέχει,

202 4093 398 4163 ἄψυχὰ
424 4109 483 4144 τε
513 4097 608 4144 καὶ
632 4091 872 4162 ἔμψυχα,
902 4091 1098 4158 λογικά
1148 4108 1207 4143 τε
1239 4093 1336 4144 καὶ
1394 4091 1585 4158 ἄλογα·
1615 4089 1709 4142 τοῦ
1738 4087 1795 4142 δὲ

208 4183 346 4238 Υξοῦ
374 4186 408 4255 ἡ
428 4183 657 4254 δύναμις
677 4185 756 4246 είς
784 4183 853 4235 τὰ
895 4182 1088 4251 λογικὰ
1142 4183 1280 4253 μόνα
1323 4181 1600 4246 διατείνει,
1636 4182 1692 4234 ἐν
1717 4177 1797 4243 οἷς

205 4280 318 4331 εἰσι
349 4275 748 4346 κατηχούμενοι
783 4275 878 4328 καὶ
909 4275 1188 4345 Ἕλληνες,
1223 4276 1272 4327 οἰ
1325 4274 1550 4345 μηδέπω
1574 4265 1796 4327 πιστεύ-

203 4383 426 4430 σαντες·
459 4365 519 4418 τὸ
550 4365 608 4419 δὲ
639 4363 865 4436 Πνεῦμα
891 4367 951 4418 τὸ
982 4365 1135 4435 ἅγιον
1157 4367 1235 4429 εἰς
1281 4366 1476 4437 μόνους
1515 4367 1632 4418 ἐστὶ
1671 4365 1797 4430 τοὺς

282 4569 328 4601 ³⁸
353 4567 547 4624 Matth.
582 4585 683 4635 xtl,
710 4567 897 4624 24—32.
971 4567 1014 4600 ³⁹
1045 4565 1209 4622 Hebr.
1237 4581 1310 4629 vt,
1337 4566 1453 4621 4-6.

1887 527 2054 595 igitur
2080 528 2349 596 ejusmodi
2383 535 2505 582 est:
2545 526 2681 581 Cum
2713 535 2840 596 post
2880 535 2960 580 tot
3005 526 3158 596 signa
3191 527 3245 580 in
3278 525 3456 580 Evan-

1886 620 2026 689 gelio
2050 627 2290 682 narrata,
2311 621 2428 674 haec
2452 619 2712 674 Pharisazi
2747 620 3102 689 loquerentur
3128 639 3140 674 :
3175 638 3194 670 ι
3223 617 3324 674 Hic
3349 634 3459 674 non

1885 711 2032 780 ejicit
2055 712 2319 765 daemonia
2350 711 2455 766 nisi
2484 711 2538 764 in
2574 710 2873 764 Beelzebub
2902 712 3146 780 principe
3169 711 3466 766 daemonio-

1887 819 2008 857 rum
2035 821 2048 856 :
2083 802 2348 858 Dominus
2372 803 2552 858 sciens
2575 803 2933 873 cogitationes
2955 818 3168 868 eorum,
3190 802 3328 857 dixit
3347 803 3461 857 eis:

1886 894 2059 950 Omne
2088 911 2315 965 regnum
2353 895 2588 950 divisum
2619 905 2806 950 contra
2849 911 2908 951 se
2957 896 3306 951 desolabitur.
3339 914 3358 948 ι
3397 884 3466 948 Ει

1887 1003 2012 1042 cum
2051 987 2314 1044 dixisset:
2351 1007 2370 1038 ι
2405 987 2463 1041 Si
2497 996 2678 1042 autem
2723 1003 2823 1059 ego
2856 989 2911 1042 in
2945 987 3148 1058 Spiritu
3180 988 3273 1042 Dei
3303 989 3465 1059 ejicio

1886 1079 2174 1144 daemonia,
2200 1081 2366 1150 igitur
2395 1081 2640 1150 pervenit
2663 1080 2716 1134 in
2747 1096 2846 1135 vos
2878 1096 3102 1150 regnum
3146 1079 3238 1134 Dei
3265 1097 3278 1146 ;
3307 1098 3325 1130 ι
3369 1081 3465 1134 de-

1887 1171 2012 1224 inde
2039 1170 2237 1224 infert:
2281 1189 2301 1221 r
2330 1171 2454 1224 Ideo
2480 1171 2603 1225 dico
2633 1171 2788 1224 vobis
2825 1187 2838 1223 :
2883 1168 3055 1222 Omne
3098 1177 3376 1236 peccatum
3412 1177 3468 1223 et

1887 1263 2223 1332 blasphemia
2251 1265 2557 1318 remittetur
2577 1261 2913 1323 hominibus,
2930 1260 3266 1328 blaSphemia
3283 1270 3462 1315 autem

1887 1353 1942 1406 in
1993 1337 2254 1422 Spiritum
2300 1365 2407 1409 nun
2451 1356 2778 1410 remittetur.
2819 1353 2884 1408 Et
2922 1353 3234 1423 quicunque
3267 1355 3469 1408 dixerit

1885 1447 2109 1499 verbum
2140 1455 2330 1501 contra
2374 1445 2570 1501 Filium
2613 1447 2850 1502 hominis
2893 1447 3200 1501 remittetur
3246 1445 3332 1511 ei;
3372 1430 3468 1516 qui

1887 1549 2069 1592 autem
2107 1539 2304 1594 dixerit
2339 1548 2525 1594 contra
2563 1539 2826 1610 Spiritum
2865 1547 3114 1594 sanctum
3144 1555 3250 1593 non
3281 1541 3470 1594 remit-

1887 1638 2030 1684 tetur
2067 1631 2139 1693 ci,
2166 1646 2342 1700 neque
2370 1632 2426 1685 in
2463 1633 2568 1686 hoc
2598 1631 2818 1693 saculo,
2855 1647 3029 1700 neque
3055 1632 3107 1685 in
3136 1630 3320 1685 futuro
3342 1631 3406 1685 ³⁸.
3441 1650 3462 1682 ιι

1890 1721 1970 1775 Tu
1999 1731 2179 1776 autem
2211 1724 2644 1792 percontabaris,
2688 1739 2785 1778 cur
2812 1723 3148 1792 blasphemia
3180 1724 3235 1776 in
3267 1722 3466 1778 Filium

1893 1814 2202 1881 dimittitur,
2227 1815 2565 1885 blasphemia
2619 1824 2799 1871 autem
2839 1817 2894 1870 in
2925 1815 3184 1885 Spiritum
3215 1826 3463 1871 sanctum

1893 1909 2110 1963 veniam
2131 1923 2240 1962 non
2273 1908 2485 1964 obtinet
2527 1923 2704 1980 neque
2737 1909 2792 1962 in
2819 1909 3071 1979 praesenti
3105 1909 3335 1973 saeculo,
3364 1924 3466 1963 ne-

1893 2016 2002 2071 que
2027 2002 2083 2056 in
2112 2003 2336 2056 futuro?

1890 2309 1895 2325 .
1964 2269 2018 2324 9.
2049 2269 2221 2325 Prisci
2251 2276 2396 2324 certe
2420 2269 2544 2335 viri,
2573 2266 2854 2338 Origenes,
2885 2265 3287 2322 eruditissimus
3307 2271 3361 2318 et
3385 2263 3465 2317 la-

1892 2362 2146 2418 boriosus
2193 2363 2446 2432 scriptor,
2473 2371 2526 2416 et
2555 2361 2949 2429 Theognostus,
2983 2356 3335 2411 admirandus
3377 2355 3468 2408 ille

1892 2464 1946 2509 et
1979 2456 2255 2510 studiosus
2277 2456 2444 2510 homo
2472 2455 2697 2524 (horum
2727 2455 2870 2508 enim
2896 2467 3059 2522 opera
3085 2451 3324 2521 legebam
3340 2465 3464 2504 cum

1892 2549 2179 2618 epistolam
2212 2549 2395 2618 accepi
2420 2548 2614 2615 tuam),
2648 2547 2810 2601 ambo
2837 2547 3037 2615 quippe
3053 2559 3172 2599 eam
3198 2559 3311 2598 rem
3344 2558 3467 2612 pero

1892 2649 2148 2706 tractant,
2169 2640 2322 2694 aiunt
2360 2641 2507 2693 illam
2544 2639 2735 2694 essein
2765 2638 3026 2707 Spiritum
3049 2647 3300 2693 sanctum
3323 2638 3469 2691 blas-

1841 2764 1844 2765 ν
1893 2733 2187 2799 pltemiam,
2229 2748 2351 2788 cum
2385 2733 2420 2786 ii
2443 2732 2642 2802 quibus
2674 2733 2728 2786 in
2763 2731 3088 2800 baptismate
3115 2731 3319 2784 donum
3343 2728 3467 2799 Spi-

1894 2823 2034 2877 ritus
2066 2823 2240 2877 sancti
2273 2823 2551 2887 tribuitur,
2584 2823 2650 2877 ad
2688 2834 2909 2892 peccata
2939 2811 3208 2878 recidunt.
3236 2820 3472 2890 Ideoque

1895 2915 2016 2971 illos
2061 2918 2435 2973 remissionem
2471 2935 2581 2974 non
2612 2929 3027 2985 consecuturos,
3055 2920 3244 2976 aiunt:
3279 2935 3473 2988 quem-

1895 3009 2189 3065 admodum
2239 3020 2294 3066 et
2341 3011 2546 3066 Paulus
2583 3013 2636 3066 in
2674 3013 2915 3082 Epistola
2947 3014 3013 3067 ad
3060 3011 3317 3068 Hebraeos
3365 3013 3469 3066 ait:

1902 3122 1920 3154 1
1949 3101 2293 3173 Impossibile
2331 3113 2415 3159 est
2455 3105 2598 3159 enim
2641 3120 2738 3159 eos
2768 3105 2859 3174 qui
2903 3105 3071 3160 semel
3113 3115 3240 3159 sunt
3271 3105 3476 3182 illumi-

1893 3197 2026 3262 nati,
2046 3205 2397 3266 gustaverunt
2421 3198 2582 3250 etiam
2609 3196 2814 3252 donum
2837 3198 3076 3262 caeleste,
3109 3205 3163 3252 et
3183 3197 3476 3265 participes

1893 3287 2020 3342 facti
2052 3300 2180 3342 sunt
2209 3287 2443 3358 Spiritus
2471 3289 2666 3356 sancti,
2688 3299 2740 3344 et
2761 3297 3117 3361 gustaverunt
3144 3290 3347 3344 bonum
3376 3288 3472 3343 Dei

1900 3377 2154 3444 Verbum,
2182 3381 2518 3449 virtutesque
2545 3382 2728 3436 sazculi
2757 3383 2992 3446 venturi,
3011 3391 3065 3437 et
3087 3381 3324 3451 prolapsi
3347 3389 3476 3435 sunt

1893 3487 2083 3526 rursus
2103 3472 2350 3525 renovari
2377 3472 2441 3525 ad
2466 3473 2839 3542 paenitentiam
2858 3475 2923 3525 ".
2953 3493 2971 3525 ι
3003 3472 3070 3527 Ει
3091 3474 3324 3542 idipsum
3350 3472 3474 3541 qui-

1894 3563 2017 3616 dem
2063 3563 2225 3616 ambo
2283 3563 2510 3626 dicunt,
2557 3564 2651 3618 sed
2685 3577 2843 3618 suam
2897 3565 3096 3635 singuli
3145 3565 3471 3620 sententiam

1895 3655 2179 3724 adjiciunt.

1967 3813 2054 3869 10.
2086 3813 2221 3868 Nam
2253 3813 2514 3884 Origenes
2543 3816 2762 3884 quidem
2805 3832 3028 3873 causam
3053 3818 3244 3889 judicii
3278 3827 3469 3876 contra

1896 3906 2165 3976 ejusmodi
2205 3906 2454 3962 homines
2484 3907 2577 3962 lati
2611 3907 2691 3962 sic
2722 3909 2990 3978 explicat:
3016 3928 3034 3960 ι
3060 3909 3207 3964 Deus
3231 3920 3286 3966 et
3308 3909 3470 3965 Pater

1897 4001 1952 4052 in
1981 3998 2162 4052 omnia
2203 4006 2481 4068 penetrat,
2511 4008 2565 4052 et
2609 3999 2792 4053 omnia
2839 4000 3101 4064 continet,
3137 4001 3376 4059 animata
3416 4013 3472 4056 ct

1897 4085 2232 4149 inanimata,
2273 4084 2558 4139 rationalia
2604 4094 2658 4139 et
2705 4086 3080 4140 irrationalia:
3116 4086 3238 4140 Filii
3287 4096 3468 4141 autem

1896 4177 2140 4244 poteStas
2169 4159 2237 4230 ad
2270 4175 2386 4230 sola
2416 4176 2701 4231 rationalia
2737 4192 2857 4232 sese
2882 4177 3154 4245 extendit;
3191 4178 3245 4232 in
3270 4179 3470 4248 quibus

1897 4268 2245 4322 continentur
2285 4269 2660 4324 catechumeni
2716 4277 2772 4324 et
2812 4269 3047 4335 ethnici,
3089 4272 3181 4340 qui
3227 4273 3466 4327 nondum

1846 4361 2266 4422 .-.crediderunt.
2311 4360 2550 4432 Spiritus
2596 4377 2727 4417 vero
2772 4372 2994 4419 sanctus
3046 4364 3102 4418 in
3131 4365 3198 4421 iis
3235 4365 3366 4421 solis
3386 4374 3471 4421 est

273 4691 391 4760 (77)
425 4690 518 4745 Sic
546 4690 747 4760 Regius
775 4698 830 4745 et
859 4688 1243 4760 Seguerianus.
1275 4689 1417 4745 Editi
1453 4705 1581 4746 vero
1608 4689 1789 4745 minus
1820 4697 1865 4752 1)
1894 4756 1933 4760 _
1955 4685 2078 4760 (89.)
2111 4687 2201 4740 Sic
2229 4686 2451 4760 Regius,
2487 4686 2710 4760 Seguer.
2744 4687 2908 4744 Basil.
2949 4687 3105 4760 Gobl.
3151 4696 3206 4743 et
3237 4688 3383 4760 Felc.
3411 4687 3463 4760 1.

198 4771 372 4823 recte,

275 4817 644 4901 (78')f(iobl‘er.
673 4840 731 4901 et
767 4828 914 4884 Felc.
955 4832 1006 4901 1,
1033 4829 1396 4901 ὁῄδὲψΚύριος
1425 4827 1596 4884 εἴπεν·
1629 4832 1784 4901 Πᾶσα

200 4900 458 4965 βασιλεία
497 4899 834 4971 μερισθεῖσα,
885 4900 979 4952 καὶ
1024 4899 1092 4952 τά
1125 4899 1410 4970 ἐξῆςζΔιὰ
1457 4901 1613 4954 τοῦτο
1641 4900 1782 4968 λέγω

200 4972 362 5038 ὑμῖν,
395 4973 617 5025 omissis
649 4971 1006 5024 intermediis.

278 5041 394 5107 (79)
423 5039 498 5093 Ita
548 5039 786 5108 Regius,
837 5039 1154 5108 Segnerian.
1192 5038 1409 5094 Gobler.
1444 5049 1497 5095 et
1538 5039 1683 5093 Felc.
1727 5039 1777 5091 1.

199 5108 350 5181 Editi
380 5125 529 5174 vero,
553 5112 586 5181 ἡ
609 5109 680 5181 ,δὴ
711 5110 805 5181 τοῦ
829 5108 1408 5181 Πνεύματοςηϐοὺιθῐκ
1427 5120 1492 5181 et
1518 5109 1697 5181 Felck.
1726 5110 1778 5181 1,

201 5179 432 5244 ibidem,
461 5177 924 5250 οὐχ’άφεθήσεται
954 5177 1100 5249 αὐτῷ
1136 5177 1260 5232 οὔτε
1296 5183 1354 5232 ἐν
1378 5180 1455 5250 τῷ
1478 5179 1632 5234 αἰῶνι
1656 5178 1780 5230 τού-

200 5267 304 5319 τῳ,
330 5258 459 5312 etc.,
491 5250 712 5303 omissis
742 5251 1098 5304 intermetliis.

277 5319 391 5390 (80)
438 5320 552 5372 Οὐκ
595 5319 707 5388 ἔχει
740 5321 953 5388 ἄφεσιν.
984 5320 1210 5373 Παλαιοί
1256 5317 1373 5390 μέν.
1421 5319 1510 5373 Sic
1554 5317 1772 5390 Gobler.

198 5398 256 5442 et
289 5388 433 5443 Felc.
463 5391 515 5452 1,
550 5391 736 5443 multis
767 5391 1002 5444 omissis.
1031 5391 1182 5459 ilbid.
1217 5388 1359 5445 Felc.
1404 5390 1457 5455 '5,
1496 5388 1774 5459 Ὠριγένης

199 5460 541 5530 ςιᾼυιιιᾼόθιιεο
572 5461 786 5528 spiritu.
838 5460 957 5513 Mox
991 5458 1233 5530 .Regius,
1283 5461 1504 5530 Seguer.
1554 5458 1768 5513 Gobler.

198 5527 387 5582 Felck.
432 5530 484 5591 1,
515 5527 874 5596 Θεόγνωστος.
902 5527 1040 5583 Editi
1078 5527 1132 5583 et
1161 5531 1275 5593 alii,
1301 5527 1679 5597 Θέώγνωστος.

273 5599 390 5669 (81)
440 5599 532 5654 Sic
575 5599 705 5668 Reg.
753 5600 977 5668 Seguer.
1024 5599 1186 5653 Basil.
1235 5601 1340 5654 Alii
1387 5616 1517 5654 vero
1559 5599 1774 5669 codices

197 5666 517 5741 ῐηδέηπερί
538 5666 741 5722 τούτων
770 5666 1212 5740 συγγράμμασιν.
1240 5669 1402 5736 Editi,
1421 5671 1548 5740 περί
1567 5666 1774 5732 τούτοις

197 5739 650 5811 συγγράμμασιν.

522 5855 796 5920 Parnm.
843 5854 959 5917 Gn.
1006 5853 1241 5916 XXVI.
1313 5923 1322 5933 ,

413 4761 704 4830 ρᾳθυμίαν.

1893 4756 2036 4842 ξζίίἰιί
2062 4756 2240 4814 'vero.
2289 4756 2540 4829 τοιαύτην
2566 4756 2721 4810 εἶναι
2759 4760 2859 4831 τὴν
2911 4760 2992 4821 είς
3036 4759 3098 4811 τὸ
3143 4759 3369 4830 Πνεῦμα
3406 4759 3469 4811 τὸ

1893 4844 2075 4967 avg?)
2111 4895 2240 4964 Reg.
2278 4895 2499 4964 Seguer.
2535 4898 2750 4952 Gobler.
2785 4907 2840 4952 et
2879 4897 3060 4953 Felck.
3104 4899 3156 4964 1,
3185 4901 3286 4967 τῆς
3317 4897 3468 4960 θείας

1889 4969 2115 5038 δωρεᾶς.
2157 4968 2211 5019 ln
2239 4968 2360 5020 aliis
2399 4967 2546 5030 θείας
2578 4971 2746 5024 deest.
2793 4968 2916 5022 Mox
2961 4969 3091 5036 Reg.
3121 4978 3176 5022 et
3213 4967 3464 5038 Seguer.,

1892 5037 2402 5109 παλινδρομήσωσιν
2442 5053 2548 5091 una
2583 5053 2735 5100 voce.
2767 5040 2968 5094 rectius
2996 5053 3160 5109 quam
3195 5037 3324 5092 editi
3357 5039 3467 5092 πά-

1888 5107 2358 5186 λινιδρομῄσωσιν.

1917 5175 2205 5301 ἁφθεὶς
2247 5176 2448 5246 Regius
2487 5185 2542 5232 et
2589 5175 2992 5246 Seguerianus;
3041 5179 3137 5231 καί
3181 5176 3368 5231 deerat
3408 5177 3464 5231 in

1959 5265 1968 5298 I
2003 5264 2066 5300 IS.

1885 5248 2066 5302 editis.

1956 5318 2069 5386 (85)
2098 5316 2172 5371 Ita
2208 5317 2338 5385 Reg.
2373 5317 2598 5386 Seguer.
2634 5325 2687 5370 et
2713 5315 3370 5387 Anglic.iAtgGoblerian.
3411 5325 3467 5371 et

1884 5385 2028 5440 Felc.
2065 5388 2116 5450 1,
2141 5387 2314 5439 ταῦτα
2351 5385 2627 5457 μένίκοινῇ
2658 5385 2893 5454 λέγουσι.
2939 5386 2994 5440 ιη
3026 5386 3312 5442 Basiliens.
3348 5389 3466 5442 haec

1883 5458 2080 5527 desunt
2125 5473 2299 5526 usque
2336 5458 2402 5511 ad
2441 5473 2627 5511 vocent
2674 5457 2930 5510 διάνοιαν.
2977 5457 3122 5527 Intra
3170 5457 3370 5527 Regius
3407 5467 3464 5512 ct

1882 5525 2024 5597 Felc.
2047 5526 2104 5586 2.
2141 5525 2424 5597 Ὠριγένης
2455 5543 2579 5581 cum
2611 5527 2780 5583 denso
2807 5528 3024 5597 spiritu.
3052 5526 3223 5583 Paulo
3251 5525 3375 5597 post
3404 5529 3462 5583 in

1882 5595 2071 5658 Basil.,
2113 5595 2569 5652 τοιούτωνᾶοθδι.

1957 5663 2323 5747 (S6)”Regius,
2357 5666 2583 5738 Seguer.
2624 5667 2843 5725 Gobler.
2881 5676 2936 5724 et
2971 5667 3154 5724 Felck.
3182 5665 3236 5734 1,
3259 5667 3464 5740 διήκει.

1881 5734 2215 5804 cannam:

3060 5852 3135 5912 21
