3822 6226
299 247 405 305 851

908 241 966 296 S.
1003 236 1375 295 ATHANASII
1417 236 1566 294 OPP.
1635 235 1816 291 PARS
1844 237 1883 291 1.

2025 231 2410 289 ’ΠΙΒΤΟΙΠΟΑ
2446 230 2536 284 ΕΤ
2574 217 3025 286 ΟΟΟΜΑΤΙΟΆ.’

3449 228 3562 284 659.

300 362 398 432 qui
430 359 515 417 sui
559 357 849 431 participes
884 353 1058 410 eﬂ'ecti
1093 359 1219 408 sunt
1257 351 1310 406 in
1337 350 1682 422 baptismatis
1710 350 1874 404 colla-

2000 346 2376 409 ιεταλαϐὀντας
2406 345 2517 415 (87)
2547 343 2710 396 αὐτοῦ
2762 343 2821 395 ὲν
2841 344 2906 412 τῇ
2933 341 3026 395 τοῦ
3063 342 3446 412 βαπτίσματος
3479 341 3568 392 δό-

307 455 472 508 tione.
502 450 636 507 Cum
661 449 826 519 igitur
844 444 1218 500 catechumeni
1240 454 1295 498 et
1316 443 1521 498 ethnici
1547 449 1796 511 peccant,
1823 441 1877 493 in

306 543 502 597 Filium
539 547 786 612 peccant,
811 539 1070 608 quoniam
1119 537 1165 591 is
1203 544 1288 591 est
1319 535 1374 589 in
1407 534 1535 601 illis,
1567 543 1628 589 ut
1671 533 1876 588 dictqu

303 643 424 689 est:
457 641 686 704 possunt
710 639 890 685 tamen
909 629 1122 683 veniam
1155 625 1546 696 consequi,ubi
1569 624 1880 694 acceperint

303 728 509 781 donum
553 722 1000 794 regenerationis.
1050 719 1190 775 Cum
1234 728 1417 774 autem
1465 717 1723 788 baptizati
1757 731 1881 786 pec-

303 826 453 886 cant,
485 817 629 872 hanc
663 813 1005 884 iniquitatem
1033 813 1086 866 in
1117 809 1381 882 Spiritum
1414 818 1663 865 sanetum
1695 823 1883 863 recur-

263 960 270 965 .
303 925 426 966 rere
464 908 562 975 ait,
600 907 730 977 quia
764 913 877 960 tum
909 903 1153 973 peccavit
1187 904 1350 956 homo
1383 916 1508 957 cum
1539 901 1594 954 in
1620 900 1712 953 illo
1737 908 1883 955 esset

305 1000 561 1071 Spiritus.
587 996 823 1068 Ideoque
851 994 1058 1051 remitti
1083 1008 1192 1048 non
1225 1007 1386 1063 posse
1416 991 1748 1063 supplicium
1777 990 1881 1060 ipsi

303 1093 568 1149 debitum.
603 1110 622 1142 ι

373 1265 462 1320 11.
493 1262 871 1332 Theognostus
895 1269 1075 1315 autem
1119 1260 1234 1314 haec
1267 1258 1454 1328 adjicit
1483 1275 1496 1312 :
1535 1275 1553 1309 ι
1583 1257 1686 1324 Qui
1723 1257 1882 1327 562

302 1358 543 1426 primum
593 1361 648 1408 et
696 1349 995 1405 secundum
1037 1350 1332 1404 terminum
1373 1357 1747 1419 transgressus
1779 1357 1882 1413 est,

303 1446 506 1502 minori
557 1443 825 1514 supplicio
877 1443 1073 1513 dignus
1127 1442 1296 1497 videri
1337 1441 1510 1511 possit
1569 1442 1662 1510 qui
1703 1450 1883 1495 autem

305 1539 527 1593 tertium
570 1535 960 1606 contempserit
1008 1549 1116 1588 non
1164 1534 1398 1589 ulterius
1425 1533 1638 1587 veniam
1691 1548 1885 1588 conse-

304 1638 520 1700 quetur.
551 1626 795 1682 Primum
828 1634 1006 1680 autem
1042 1625 1331 1679 terminum
1358 1634 1411 1679 et
1457 1624 1754 1679 secundum
1779 1634 1888 1678 ter-

305 1721 518 1774 minum
554 1718 652 1784 ait,
682 1718 987 1773 doctrinam
1019 1717 1085 1770 de
1116 1716 1275 1771 Patre
1315 1725 1369 1771 et
1401 1715 1540 1770 Filio
1568 1724 1884 1785 acceptam:

304 1813 528 1867 tertium
559 1825 712 1877 vero,
733 1807 969 1864 Verbum
1003 1809 1057 1863 in
1087 1808 1392 1863 initiatione
1424 1817 1479 1863 et
1509 1808 1564 1862 in
1601 1807 1889 1878 participa-

304 1905 453 1960 tione
501 1901 737 1973 Spiritus
772 1901 1070 1956 traditum:
1108 1901 1254 1971 quod
1299 1901 1623 1956 conﬁrmare
1674 1901 1883 1969 volens,

304 1997 525 2052 adducit
547 1995 680 2051 illud
701 1994 984 2065 discipulis
1012 2008 1044 2048 a
1075 1992 1357 2049 Salvatore
1385 1995 1624 2049 dictum:
1656 2012 1675 2045 ι
1694 1994 1886 2048 Adhuc

309 2109 330 2140 ι
373 2087 542 2142 multa
565 2086 738 2140 habeo
765 2085 921 2140 vobis
950 2085 1152 2150 dicere,
1183 2085 1274 2140 sed
1304 2101 1410 2139 non
1426 2085 1653 2155 potestis
1670 2093 1887 2155 portare

310 2200 330 2232 α
371 2179 553 2234 modo.
578 2178 714 2233 Cum
732 2189 912 2233 autem
932 2177 1140 2232 venerit
1167 2175 1403 2248 Spiritus
1433 2185 1658 2232 sanctus
1673 2176 1888 2232 docebit

308 2289 330 2322 ι
370 2284 468 2325 vos
490 2268 560 2323 ⁸ο.
591 2286 610 2320 ι
657 2268 859 2323 Deinde
887 2268 989 2322 ait:
1022 2286 1041 2320 ι
1073 2266 1338 2323 Sicuteos
1365 2265 1457 2338 qui
1478 2266 1714 2338 perfecta
1744 2282 1886 2322 non-

301 2363 434 2416 dum
467 2374 661 2430 capere
689 2367 921 2431 possunt
946 2358 1244 2430 alloquitur
1275 2357 1546 2424 Salvator,
1568 2359 1635 2414 ad
1667 2359 1882 2413 illorum

306 2469 429 2510 sese
473 2451 798 2523 parvitatem
842 2451 1137 2507 demittens
1178 2469 1193 2507 :
1230 2465 1356 2507 cum
1401 2450 1655 2520 perfectis
1703 2459 1884 2506 autem

302 2546 545 2617 Spiritus
588 2553 812 2600 sanctus
853 2551 1142 2609 versatur;
1177 2557 1355 2612 neque
1387 2551 1569 2597 tamen
1611 2542 1735 2611 quis
1762 2541 1883 2597 ideo

295 2636 527 2699 dixerit,
575 2633 812 2705 Spiritus
855 2632 1030 2688 sancti
1059 2631 1385 2697 doctrinam,
1420 2631 1542 2686 Filii
1580 2631 1882 2686 doctrinam

297 2741 602 2798 superare;
634 2726 726 2781 sed
756 2726 900 2796 quod
933 2723 1108 2778 Filius
1135 2724 1355 2794 quidem
1387 2739 1508 2780 sese
1534 2723 1782 2779 demittat
1815 2725 1883 2779 ad

307 2817 676 2889 imperfectos,
701 2815 940 2888 Spiritus
965 2830 1096 2871 vero
1138 2824 1362 2871 sanctus
1391 2815 1629 2887 sigillum
1662 2817 1734 2871 sit
1767 2832 1884 2886 per-

301 2910 614 2976 'fectorum;
649 2909 730 2964 sic
779 2922 889 2962 non
946 2915 1169 2979 propter
1217 2907 1592 2962 excellentiam
1646 2905 1882 2977 Spiritus

1983 457 2084 492 σει.
2119 441 2288 494 Ὅταν
2317 438 2493 491 τοίνυν
2527 434 2924 507 κατηχούμενοι
2977 435 3072 488 καὶ
3102 433 3360 504 ’Έλληνες
3386 434 3568 503 ἀμαρ-

1979 532 2234 595 τάνωσιν,
2263 530 2343 594 εἰς
2374 529 2470 600 μὲν
2496 529 2586 582 τὸν
2621 528 2748 582 Υίδν
2770 526 3196 599 ἁμαρτάνουσιν,
3231 526 3355 577 ἐπεὶ
3382 526 3441 578 ὲν
3467 525 3567 577 αὐ-

1979 628 2089 690 τοῖς
2120 625 2287 690 ἐστιν,
2321 623 2510 695 ὥσπερ
2551 623 2784 694 εῖρηται⁶
2820 621 3069 674 δύνανται
3099 619 3156 671 δὲ
3186 619 3334 689 ὅμως
3355 617 3567 686 λαμϐα-

1981 735 2091 771 νειν
2117 717 2330 786 ἄφεσιν,
2361 717 2488 769 ὅταν
2549 713 2925 779 καταξιωθῶσι
2962 713 3171 785 δωρεᾶς
3228 711 3329 782 τῆς
3367 709 3566 777 παλιγ-

1981 809 2231 878 γενεσίας
2267 807 2401 878 (88).
2434 808 2602 862 Ὅταν
2642 807 2700 860 δὲ
2765 808 2814 860 οί
2875 803 3260 876 βαπτισθέντες
3311 804 3568 873 ἀμαρτά-

1981 915 2132 962 νωσι,
2166 897 2264 969 τὴν
2312 896 2568 967 τοιαύτην
2612 895 2952 968 παρανομίαν
2994 895 3072 956 είς
3123 892 3184 946 τὸ
3241 891 3468 960 Πνεῦμα
3506 890 3568 943 τὸ

1983 989 2407 1068 ἆγιονιφθάνειν
2465 987 2653 1060 φησίν·
2712 987 2898 1058 ἐπειδὴ
2959 988 3015 1038 ὲν
3071 983 3221 1054 αὐτῷ
3273 984 3568 1054 γενόμενος

1981 1082 2216 1152 ἥμαρτε·
2252 1081 2346 1134 καὶ
2378 1080 2467 1134 διὰ
2521 1080 2679 1134 τοῦτο
2729 1078 3112 1147 ἀσύγγνωστον
3151 1071 3414 1146 εἶναιτὴν
3445 1077 3567 1128 κατ’

1983 1172 2146 1226 αὐτοῦ
2171 1172 2459 1244 τιμωρίαν.
2493 1191 2512 1224 ι

2054 1264 2140 1319 11.
2176 1265 2232 1317 '0
2262 1265 2319 1317 δὲ
2348 1263 2689 1332 Θεόγνωστος
2741 1264 2835 1316 καὶ
2877 1263 3037 1326 αὐτὸς
3082 1259 3391 1334 προστιθείς
3430 1277 3566 1330 φησι

1983 1353 2176 1407 ταῦτα·
2213 1371 2231 1404 ι
2254 1354 2311 1406 Ὁ
2332 1352 2547 1422 πρῶτον
2601 1353 3004 1426 παραϐεϐηκὼς
3023 1355 3147 1425 ὄρον
3195 1353 3289 1405 καὶ
3316 1351 3570 1423 δεύτερον

1986 1446 2266 1507 ἐλάττονος
2299 1443 2362 1497 ἂν
2419 1443 2621 1509 ἀξιοῖτο
2661 1444 2950 1521 τιμωρίας·
2994 1447 3022 1498 ὁ
3055 1445 3111 1497 δὲ
3153 1443 3364 1497 καὶτὸν
3387 1443 3571 1515 τρίτον

1987 1533 2256 1606 ὑπεριδὼν
2283 1535 2464 1587 οὐκέτι
2497 1533 2566 1586 ἂν
2599 1533 2927 1604 συγγνώμης
2954 1533 3210 1604 τυγχάνοι
3241 1533 3375 1606 (89).
3406 1534 3570 1604 Πρῶ-

1987 1644 2078 1679 τον
2115 1626 2174 1680 δὲ
2207 1627 2328 1697 ὅρον
2356 1627 2449 1679 καὶ
2475 1627 2725 1698 δεύτερόν
2761 1644 2892 1698 φησι
2929 1626 3026 1698 τὴν
3051 1629 3179 1698 περὶ
3210 1627 3424 1696 Πατρὸς
3456 1627 3573 1698 (90)

1987 1719 2082 1771 καὶ
2133 1717 2264 1770 Υίοῦ
2299 1718 2618 1790 κατήχησιν·
2667 1718 2756 1770 τὸν
2806 1718 2863 1771 δὲ
2904 1717 3086 1790 τρίτον
3116 1718 3208 1772 τὸν
3245 1717 3356 1788 (91)
3389 1720 3484 1771 ἐπὶ
3504 1723 3573 1790 τῇ

1986 1809 2260 1864 τελειώσει
2284 1811 2376 1864 καὶ
2405 1813 2471 1882 τῇ
2507 1810 2600 1864 τοῦ
2627 1810 2943 1881 Πνεύματος
2979 1814 3179 1882 μετοχῇ
3207 1811 3571 1882 παραδιδόμε-

1987 1921 2075 1957 νον
2107 1902 2298 1971 Λόγον·
2353 1903 2447 1955 κάὶ
2491 1901 2652 1956 τοῦτο
2704 1902 2995 1973 βεϐαιῶσαι
3050 1903 3242 1968 θέλων,
3284 1903 3482 1972 ἐπάγει
3513 1904 3574 1957 τὸ

1987 1994 2136 2066 παρὰ
2155 1995 2248 2048 τοῦ
2269 1996 2518 2067 Σωτῆρος
2541 1995 2826 2067 εἰρημένον
2847 1998 2960 2058 τοῖς
2979 1995 3266 2066 μαθηταῖςο
3286 2016 3303 2047 ι
3319 1997 3442 2049 Ἔτι
3458 1997 3573 2066 (9Ξ)

1993 2105 2012 2138 ι
2052 2086 2222 2140 πολλά
2253 2086 2360 2156 ἔχω
2383 2087 2510 2157 ὑμῖν
2553 2086 2752 2154 λέγειν,
2777 2086 2890 2140 ἀλλ’
2925 2086 3076 2141 οῦπω
3092 2087 3318 2140 δύνασθε
3345 2091 3572 2158 χωρεῖν.

1992 2199 2010 2232 ι
2047 2181 2215 2233 Ὅταν
2252 2180 2308 2232 δὲ
2335 2179 2464 2252 ἔλθῃ
2517 2179 2579 2232 τὸ
2627 2180 2780 2248 ἆγιον
2815 2179 3056 2250 Πνεῦμα,
3091 2176 3290 2243 διδάξει
3346 2181 3515 2250 ὑμᾶς.
3546 2201 3566 2232 ι

1985 2267 2120 2323 Εἴτά
2142 2286 2324 2342 φησιν’
2362 2287 2380 2320 ι
2413 2270 2621 2341 Ὥσπερ
2644 2272 2755 2332 τοῖς
2784 2271 3010 2342 μηδέπω
3037 2272 3232 2340 χωρεῖν
3251 2269 3573 2340 δυναμένοις

1985 2365 2053 2417 τὰ
2078 2363 2260 2417 τέλεια
2291 2362 2592 2432 διαλέγεται
2619 2364 2647 2415 ὁ
2671 2362 2880 2433 Σωτὴρ,
2918 2361 3365 2430 συγκαταϐαίνων
3387 2362 3574 2413 αὐτῶν

1985 2457 2050 2524 τῇ
2082 2454 2425 2525 σμικρότητι’
2461 2456 2572 2518 τοῖς
2604 2454 2661 2507 δὲ
2682 2452 3072 2524 τελειουμένοις
3117 2452 3431 2520 συγγίνεται
3461 2453 3573 2522 (95)

1984 2547 2045 2600 τὸ
2068 2546 2294 2618 Πνεῦμα
2320 2546 2379 2600 τὸ
2413 2547 2585 2616 ἅγιον,
2621 2547 2717 2600 καὶ
2752 2545 2812 2599 οὐ
2859 2546 3029 2616 δήπου
3064 2563 3146 2608 τις
3179 2547 3243 2598 ὲκ
3267 2545 3474 2598 τούτων
3504 2546 3573 2599 ἂν

1985 2636 2120 2709 φαίη
2166 2636 2263 2708 τὴν
2293 2635 2385 2688 τοῦ
2440 2635 2756 2707 Πνεύματος
2803 2633 3150 2688 διδασκαλίαν
3204 2633 3574 2700 ὑπερϐάλλειν

1983 2727 2083 2798 τῆς
2113 2725 2207 2780 τοῦ
2237 2726 2364 2779 Υίοῦ
2399 2727 2640 2798 διδαχῆς-
2670 2726 2783 2779 ἀλλ’
2810 2727 2891 2779 ὅτι
2941 2727 2969 2779 ὁ
3009 2725 3107 2796 μὲν
3138 2725 3266 2789 Υἱὸς
3292 2743 3577 2794 συγκαταλ

1985 2818 2156 2872 ϐαίνει
2188 2819 2300 2883 τοῖς
2329 2818 2562 2881 ἀτελέσι,
2596 2817 2657 2871 τὸ
2682 2817 2738 2871 δὲ
2763 2817 2989 2888 Πνεῦμα
3035 2817 3269 2887 σφραγίς
3316 2818 3435 2871 ἐστι
3459 2818 3574 2873 τῶν

1984 2910 2410 2981 τελειουμένωνο
2463 2908 2636 2972 οὕτως
2688 2908 2749 2962 οὐ
2803 2907 2892 2961 διά
2945 2909 3045 2980 τὴν
3103 2907 3411 2980 ὑπερϐολὴν
3472 2911 3573 2964 τοῦ

301 3003 485 3060 sancti
531 3017 644 3073 prte
685 3000 850 3066 Filio,
895 3000 1238 3071 inexpiabilis
1267 3008 1321 3056 et
1359 3000 1496 3055 citra
1536 3000 1751 3054 veniam
1799 3010 1882 3055 est

2000 3002 2298 3070 ΓΙνεύματος
2332 3000 2466 3072 πρὸς
2524 3001 2615 3054 τὸν
2641 3000 2770 3054 Υίδν
2820 3000 3058 3070 ἀφυκτός
3099 3001 3215 3052 ὲστι
3249 3000 3344 3053 καὶ
3397 3000 3576 3070 ἀσύγ-

301 3095 647 3166 blasphemia
679 3093 735 3147 in
768 3091 1032 3163 Spiritum
1058 3109 1071 3146 :
1096 3091 1190 3147 sed
1213 3090 1342 3161 quia
1367 3090 1697 3161 imperfectis
1719 3091 1880 3145 datur

306 3185 502 3251 venia;
531 3184 600 3240 iis
629 3198 756 3238 vero
786 3183 880 3254 qui
922 3183 1129 3238 donum
1177 3182 1398 3238 caeleste
1420 3190 1798 3253 gustaverunt,
1827 3191 1882 3238 et

304 3276 508 3331 initiati
557 3285 704 3340 sunt,
746 3275 892 3329 nulla
933 3273 1104 3329 veniae
1127 3273 1454 3344 relinquitur
1487 3274 1771 3330 excusatio
1796 3273 1882 3329 vel

300 3367 637 3438 deprecatio.
661 3385 680 3418 ι
711 3364 839 3422 Haec
872 3367 1052 3436 itaque
1077 3365 1178 3422 illi.

381 3547 470 3602 12.
492 3547 604 3619 Ego
633 3557 813 3602 autem
847 3561 912 3602 ex
938 3547 1006 3601 iis
1032 3561 1153 3617 quae
1176 3545 1363 3610 didici,
1398 3546 1632 3602 arbitror
1672 3548 1880 3603 utrius-

309 3651 418 3706 que
465 3636 817 3701 sententiam,
853 3634 1115 3690 mediocri
1163 3635 1399 3705 quadam
1447 3636 1798 3706 inquisitione
1829 3645 1885 3692 et

310 3724 687 3780 observatione
718 3724 959 3794 indigere
983 3740 998 3780 :
1025 3739 1094 3780 ne
1123 3723 1260 3779 forte
1279 3723 1602 3795 profundior
1635 3726 1884 3796 quaedam

313 3817 366 3871 in
401 3816 534 3886 ipsis
557 3816 775 3871 illorum
801 3816 962 3872 dictis
983 3831 1138 3872 mens
1157 3815 1342 3872 lateat.
1366 3816 1715 3874 Manifestum
1736 3818 1882 3873 enim

312 3918 394 3965 est
428 3907 622 3964 Filium
661 3923 786 3962 cum
823 3908 895 3962 sit
923 3907 979 3962 in
1016 3906 1195 3972 Patre,
1228 3909 1282 3963 in
1321 3909 1428 3964 illis
1459 3911 1623 3966 etiam
1662 3926 1800 3978 esse,
1827 3912 1883 3966 in

312 3999 512 4070 quibus
532 4007 616 4055 est
636 3997 815 4063 Pater,
840 4012 940 4052 nec
962 3998 1155 4053 abesse
1168 3997 1453 4068 Spiritum.
1468 3999 1704 4056 Indivisa
1729 4017 1886 4056 nam-

312 4105 419 4160 que
450 4097 534 4146 est
565 4097 774 4154 sancta,
807 4086 1047 4157 perfecta
1071 4097 1125 4144 et
1163 4089 1322 4145 beata
1345 4089 1606 4147 Trinitas.
1637 4091 1882 4163 Insuper,

312 4183 357 4236 si
393 4181 576 4236 omnia
616 4195 709 4250 per
750 4177 949 4233 Filium
998 4179 1142 4234 facta
1187 4189 1335 4250 sunt,
1363 4192 1416 4238 et
1461 4184 1514 4237 in
1549 4185 1669 4254 ipso
1700 4186 1884 4238 omnia

313 4275 640 4338 consistunt,
667 4269 942 4342 quomodo
982 4279 1134 4326 extra
1166 4272 1257 4326 illa
1307 4274 1423 4342 ipse
1455 4273 1616 4330 fuerit
1639 4291 1760 4346 qua:
1792 4293 1888 4348 per

1982 3110 2224 3163 γνωστος
2269 3093 2304 3164 ή
2362 3093 2442 3155 είς
2469 3091 2529 3145 τὺ
2565 3090 2789 3162 Πνεῦμα
2844 3090 3182 3162 βλασφημίαο
3225 3091 3338 3146 ἀλλ’
3366 3091 3448 3144 ὅτι
3476 3092 3574 3144 ἐπὶ

1987 3186 2086 3257 μὲν
2116 3188 2227 3248 τοῖς
2249 3183 2491 3238 ἀτελέσιν
2515 3185 2630 3237 ἐστὶ
2665 3182 2981 3254 συγγνώμηο
3014 3183 3106 3235 ἐπὶ
3136 3183 3192 3236 δὲ
3223 3185 3336 3246 τοῖς
3366 3199 3575 3251 γευσα-

1986 3278 2172 3349 μένοις
2202 3277 2304 3347 τῆς
2327 3275 2574 3349 οὐρανίου
2604 3275 2715 3346 (94)
2742 3275 2950 3346 δωρεᾶς
2969 3275 3062 3328 καὶ
3092 3273 3454 3327 τελειωθεῖσιν
3478 3273 3575 3327 οὒ-

1983 3368 2145 3439 δεμία
2193 3367 2570 3439 περιλείπεται
2604 3365 2933 3437 συγγνώμης
2977 3365 3240 3434 ἀπολογία
3293 3364 3389 3419 καὶ
3420 3359 3572 3436 παρ-

1983 3460 2249 3530 αίτησις.»
2295 3459 2523 3512 Ἐκεῖνοι
2556 3457 2654 3528 μὲν
2687 3452 2780 3511 οῦν
2807 3455 3002 3510 ταῦτα.

2054 3551 2142 3606 12.
2177 3549 2317 3620 Ἐγὼ
2348 3549 2404 3603 δὲ
2431 3549 2523 3620 ἀφ’
2551 3542 2627 3602 ὧν
2669 3548 2890 3619 ἔμαθον,
2915 3547 3120 3619 νομίζω
3158 3549 3258 3617 τὴν
3301 3546 3571 3618 ἐκατέρου

1983 3644 2218 3698 διάνοιαν
2247 3643 2474 3716 μετρίας
2500 3642 2646 3705 τινὸς
2687 3641 3010 3712 δοκιμασίας
3030 3639 3327 3694 ἐπιδεῖσθαι
3347 3640 3443 3694 καὶ
3474 3657 3571 3693 κα·

1983 3736 2308 3806 τανοήσεως⁹
2342 3733 2416 3805 μὴ
2450 3733 2559 3805 ἄρα
2586 3732 2966 3803 κεκρυμμένος
2997 3731 3109 3804 (95)
3132 3732 3246 3785 ἐστί
3272 3749 3355 3795 τις
3378 3733 3438 3784 ὲν
3469 3731 3571 3784 αὐ-

1982 3829 2095 3891 τοῖς
2123 3828 2236 3890 τοῖς
2257 3826 2348 3878 ὑπ’
2369 3825 2546 3880 αὐτῶν
2567 3825 2879 3896 εἰρημένοις
2909 3823 3202 3895 βαθύτερος
3226 3822 3369 3886 νοῦς.
3392 3823 3571 3893 Δῆλον

1985 3917 2114 3988 γὰρ,
2135 3917 2230 3981 ὡς,
2262 3919 2291 3970 ὁ
2316 3915 2442 3980 Υἱὸς
2463 3918 2520 3970 ὲν
2550 3915 2627 3986 τῷ
2651 3915 2828 3986 Πατρ“ι
2853 3913 2948 3978 ὢν,
2976 3916 3034 3968 ὲν
3063 3913 3272 3977 τούτοις
3303 3914 3469 3977 ἐστὶν,
3504 3914 3570 3966 ὲν

1984 4003 2066 4071 οἷς
2096 4009 2191 4062 καὶ
2221 4009 2249 4060 ὁ
2280 4009 2470 4080 Πατήρ
2524 4009 2660 4072 ἐστι,
2692 4009 2784 4061 καὶ
2809 4007 2870 4060 τὸ
2924 4005 3147 4076 Πνεῦμα
3179 4005 3280 4058 οὐκ
3313 4003 3566 4059 ἄπεστιν.

1999 4099 2321 4172 Ἀδιαίρετος
2349 4101 2456 4171 γάρ
2487 4102 2635 4152 ἐστιν
2673 4101 2707 4169 ἡ
2753 4099 2884 4166 ἀγία
2919 4098 3014 4150 καὶ
3052 4096 3317 4168 μακαρία,
3348 4095 3444 4148 καὶ
3473 4112 3569 4146 τε-

1985 4191 2104 4246 λεία
2135 4192 2325 4264 Τριάς.
2356 4193 2477 4245 Ἔτι
2505 4192 2549 4245 δ’
2570 4188 2662 4244 οὖν
2698 4190 2809 4261 (96)
2840 4192 2889 4243 εί
2950 4190 3127 4244 πάντα
3182 4187 3271 4241 διά
3306 4184 3436 4240 Υίοῦ
3466 4185 3566 4254 γέ-

1985 4299 2130 4351 γονε,
2159 4281 2256 4336 καὶ
2287 4283 2345 4335 ὲν
2394 4281 2542 4352 αὑτῷ
2587 4282 2657 4334 τὰ
2720 4281 2901 4334 πάντα
2955 4281 3268 4348 συνέστηκε,
3321 4278 3439 4341 πῶς
3495 4278 3567 4332 ἂν

315 4365 495 4435 ipsum
533 4363 675 4419 facta
705 4363 863 4419 sunt?
893 4361 987 4417 Sin
1015 4372 1195 4418 autem
1225 4364 1316 4419 illa
1347 4366 1415 4420 ab
1445 4366 1564 4436 ipso
1593 4383 1702 4422 non
1727 4369 1883 4441 longe

2000 4375 2144 4438 ἐκτὸς
2172 4375 2257 4444 εἴη
2313 4374 2421 4427 τῶν
2477 4374 2542 4427 δι’
2569 4372 2733 4427 αὑτοῦ
2796 4372 3138 4444 γενομένων;
3184 4370 3275 4442 Μὴ
3303 4372 3474 4424 ὄντων
3504 4370 3565 4424 δὲ

314 4455 538 4521 fuerint,
571 4457 628 4510 in
652 4454 904 4510 omnibus
935 4455 1098 4525 igitur
1127 4464 1180 4511 et
1209 4457 1326 4526 ipse
1347 4456 1529 4524 fuerit,
1555 4469 1614 4514 ut
1640 4477 1883 4517 necessa-

2000 4465 2205 4518 εκείνων
2227 4463 2389 4518 αὐτοῦ
2432 4464 2668 4537 μακρὰν,
2721 4466 2778 4518 ὲν
2817 4466 2981 4518 πᾶσιν
3008 4464 3072 4517 ἂν
3101 4464 3195 4528 καὶ
3235 4462 3394 4527 αὐτὸς
3417 4462 3566 4515 είκό-
3625 4491 3632 4501 -

315 4550 400 4601 rio
429 4547 524 4617 qui
562 4547 617 4600 in
659 4543 858 4599 Filium
903 4554 1091 4614 peccat
1116 4554 1172 4600 et
1193 4547 1552 4616 blasphemat,
1590 4549 1644 4603 in
1671 4548 1883 4606 Patrem

2000 4573 2088 4619 τως
2117 4557 2221 4626 εἴη·
2250 4557 2325 4620 ὡς
2345 4555 2404 4620 ἐξ
2432 4557 2675 4626 ἀνάγκης
2700 4556 2788 4609 τὸν
2809 4557 2887 4620 εἰς
2915 4555 3007 4609 τὸν
3030 4554 3155 4608 Υίὸν
3182 4555 3566 4626 ἁμαρτάνοντα

313 4652 536 4709 quoque
583 4649 638 4694 et
686 4637 742 4692 in
788 4635 1052 4707 Spiritum
1105 4647 1353 4694 sanctum
1401 4650 1605 4710 peccet.
1641 4641 1798 4709 Quod
1837 4645 1883 4700 si

2000 4648 2075 4700 ιαὶ
2108 4647 2528 4720 βλασφημοῦντα
2575 4648 2908 4720 ἁμαρτάνειν
2941 4649 3033 4701 καὶ
3087 4649 3167 4712 εἰς
3207 4648 3299 4702 τὸν
3337 4646 3566 4718 Πατέρα

384 4794 430 4826 ⁸⁸⁵
463 4791 622 4848 Joan.
659 4807 770 4859 xvr,
805 4786 1006 4860 12,1;⁷›.

393 4943 505 5017 (87)
539 4945 672 5017 Reg.
711 4953 765 4999 et
789 4943 938 5014 Seg..
968 4945 1496 5017 μεταλαμϐάνοντας.
1523 4947 1629 5002 Alii
1657 4956 1710 5003 et
1738 4949 1892 5014 editi,

319 5015 740 5086 μεταλαϐόντας.
973 5015 978 5016 “
1180 5015 1189 5017 ⁷

394 5083 651 5102 ιοωηκ--
709 5085 830 5102 ..ην
876 5083 1040 5102 ...ηρ
1111 5084 1176 5102 ..-
1273 5086 1298 5102 μ
1417 5087 1442 5102 ..
1540 5087 1567 5098 ρ.
1707 5087 1724 5102 .

2000 5015 2189 5102 iisdem
2219 5023 2277 5077 δέ
2298 5015 2457 5102 ζεεει
2496 5015 2627 5102 post
2645 5027 2798 5102 ὅταν.
2827 5015 3027 5102 Ibidem
3041 5015 3562 5102 _Regius,_Seguer_.

389 5084 502 5171 (88)
533 5083 679 5171 Ηξέο,
705 5085 834 5171 ὅταν
870 5083 1476 5171 καταξιωθῶσιῃδτωρεᾷς
1504 5087 1604 5158 τῆς
1629 5087 1883 5171 παλιγγε-

2000 5091 2211 5171 gobler.
2237 5102 2295 5171 et_
2318 5093 2462 5171 Eelc.
2494 5083 2722 5171 primus,
2750 5098 2812 5149 τὸ
2851 5099 3002 5171 ὄιγιον
3040 5083 3476 5169 Πνεῦ’μα.Ἐίίὶἶῑ,
3499 5083 3564 5171 to

316 5153 755 5238 xs§£a¢,'desun't
789 5154 845 5208 in
873 5153 1182 5209 Goblerian.
1220 5165 1274 5210 et
1294 5155 1332 5208 F
1338 5153 1604 5214 elckman.
1646 5159 1697 5210 1.
1740 5153 1882 5214 Infra

2000 5161 2217 5238 Πνεῦμα
2249 5164 2310 5216 τὸ
2337 5153 2513 5232 ἅγιονῖ
2533 5163 2629 5220 Hic
2653 5153 3148 5238 autemSEripturaa
3174 5153 3348 5230 locus,
3381 5153 3560 5238 quoad

316 5223 502 5286 iidem,
537 5223 960 5346 ἀμαιρτάνουσιν.
1360 5295 1370 5306 ⁸
1479 5295 1490 5306 ⁹

389 5293 498 5346 (89)
526 5293 617 5346 Sic
695 5299 927 5346 emuslet
959 5291 1182 5346 Seauer.
1210 5293 1523 5346 Basiluensrs
1575 5310 1726 5346 vero.
1751 5314 1882 5346 τυγ-

2000 5223 2313 5346 ςῆηιῗὶιιίοω
2360 5223 2592 5302 tantum,
2625 5252 2734 5291 non
2780 5236 2848 5292 ad
2889 5223 3225 5294 verbum’ab
3256 5223 3564 5294 Athanasio

2000 5319 2012 5346 1
2058 5317 2225 5346 ﬂrjll'-

367 5291 927 5376 '(89).Reg'iuszet
959 5291 1182 5364 Seguer.
1210 5293 1523 5350 Basiliensis
1575 5310 1726 5361 vero,
1751 5314 1882 5366 τυγ-
1985 5302 2226 5376 ειπεςιιιτ.

315 5361 669 5449 χάνῃλζῐξξὶὶιί,
701 5361 870 5449 τῦχοιῖ
1036 5361 1054 5364 ⁷
1155 5433 1168 5449 ἰ
1264 5433 1290 5443 _
1333 5436 1380 5449 Π
1500 5435 1510 5449 ι
1830 5361 1842 5366 ⁷

2061 5373 2175 5449 (θζν)
2206 5373 2406 5449 Eegius
2433 5383 2486 5428 et
2517 5373 2863 5449 Seguerian.,
2890 5375 3270 5449 συγγίγνεται.

416 5431 502 5560 ὅθ)
536 5432 663 5516 (leg.
693 5443 749 5487 et
770 5431 1019 5515 Seguer.,
1049 5433 1292 5516 περὶτοῦ
1333 5435 1565 5505 Πατρός.
1777 5506 1787 5518 .

451 5502 471 5552 1
526 5502 630 5554 Ἰον
664 5503 816 5557 deest
855 5519 909 5557 In
944 5502 1112 5560 Remo
1143 5513 1197 5557 et
1234 5502 1457 5560 Sesucr.
1502 5504 1626 5558 Mox
1660 5504 1879 5560 Regius.

2057 5431 2173 5560 (94)
2206 5431 2406 5513 Regius
2431 5453 2485 5499 et
2513 5431 2861 5514 Se§uerian.,'
2885 5431 3246 5517 ém'tfpa'tvioo.’

2086 5514 2175 5560 95)
2208 5513 2408 5560 Regius
2438 5523 2491 5560 et
2517 5516 2853 5560 Singularium-
2880 5518 2974 5560 καὶ
3000 5533 3246 5560 κεκηυιιιι

2073 4952 2185 5028 (9‘2)
2217 4951 2416 5028 Regius
2439 4960 2494 5008 et
2526 4955 2869 5028 Seguerian,
2902 4958 3075 5012 Ἐπεί.
3119 4956 3292 5013 Paulo
3335 4966 3460 5028 post
3506 4960 3562 5014 in

390 5499 501 5568 (91)
526 5499 637 5554 Τόν
664 5503 816 5557 deest
850 5499 909 5557 in
944 5502 1112 5574 Regio
1126 5499 1197 5557 ἐι
1234 5499 1464 5570 Segucr.‘
1502 5504 1626 5558 Mox
1660 5504 1879 5576 Regius,

321 5569 544 5615 Sngtter-
585 5571 790 5615 Λιιοιίη-
835 5570 1049 5615 ﬂnhlpr.
1082 5581 1134 5615 nt
1177 5572 1388 5615 ΡρΙειΙίηι
1451 5575 1473 5615 1
1545 5575 1634 5615 ταὶ
1675 5579 1738 5615 τῇ
1786 5578 1879 5615 ιι·ηῆ

2208 5499 2408 5584 Regius
2438 5523 2492 5569 et
2517 5499 2854 5615 Seéuerian;
2880 5518 2974 5569 καὶ
3000 5499 3403 5609 κεκρυμμένος.
3557 5565 3567 5579 ,

2061 5582 2174 5615 Ιύηὶ
2213 5582 2302 5615 αὴ.
2342 5584 2451 5615 Dm.
2514 5595 2562 5615 no
2615 5586 2802 5615 ’.ιη-ιη.-
2853 5585 2986 5615 [P.Ih:
3023 5602 3154 5615 ..Λ-..Λ
3236 5589 3326 5615 17-.
3352 5587 3396 5615 κ’
3430 5587 3494 5615 Ε..

390 5531 501 5568 \Ul’
537 5531 629 5554 ιυν
664 5531 816 5557 uacat
856 5531 909 5557 III
949 5531 1112 5574 ιιῠδιυ
1143 5531 1197 5557 ῦι
1235 5531 1457 5570 Οῧκυυΐο
1502 5531 1626 5558 nunt
1660 5531 1879 5576 nuglus,

321 5569 544 5638 Seguer.
582 5571 791 5695 Αιιὲἰο.
835 5570 1052 5626 Gobler.
1082 5581 1134 5626 et
1176 5572 1412 5628 Felekm.
1451 5575 1504 5639 1,
1545 5575 1635 5626 καὶ
1675 5579 1738 5646 τῇ
1786 5578 1879 5630 τοῦ

318 5639 648 5699 Πνεύματος.
728 5641 843 5699 diti,
881 5641 960 5697 ιιὶ
981 5641 1070 5697 τὸν
1102 5642 1194 5694 ἐπὶ
1225 5646 1290 5699 τῆ
1316 5643 1409 5696 τοῦ
1438 5644 1772 5699 Πνεύιιατος.

2063 5531 2175 5581 (νο)
2208 5531 2408 5593 ueglus
2438 5531 2492 5569 ει
2517 5531 2854 5643 negemur“
2880 5531 3403 5609 xat'xexpuppevog.

2061 5582 2174 5655 (96)
2213 5582 2302 5639 διο
2339 5584 2470 5655 Reg.
2512 5595 2566 5642 et
2670 5601 2822 5656 guer.
2851 5585 2986 5642 Edlll
3023 5602 3178 5668 vero,
3233 5589 3330 5642 Ετι
3351 5587 3396 5640 δ’
3424 5587 3516 5644 ἄν.

465 5657 648 5710 ματος.
681 5657 843 5705 mm,
881 5657 960 5697 ιιι
981 5657 1070 5697 τον
1102 5657 1194 5694 επι
1225 5657 1290 5713 τῃ
1316 5661 1409 5696 του
1439 5657 1772 5716 ιινευματος.
