3822 6226
179 398 287 456 655

1251 393 1590 451 EPISTULA
1623 394 1688 451 IV
1733 395 1823 448 AD
1861 391 2317 448 SERAPlONEM.

3336 392 3442 450 €54

178 518 276 570 καὶ
301 516 382 579 εἰς
403 513 466 568 rb
498 513 650 582 ἆγιον
671 511 914 582 Πνεῦμα.
946 513 1057 568 Καὶ
1096 512 1158 566 rb
1185 514 1338 581 ἅγιον
1364 514 1421 568 δὲ
1462 513 1682 586 λουτρὸν
1706 516 1751 566 εί

1867 521 2106 567 sanctum
2137 511 2412 567 lavacrum
2442 511 2494 566 in
2520 511 2741 566 nomine
2765 507 3001 581 Spiritus
3025 507 3199 566 sancti
3227 516 3436 564 tantum

180 607 282 678 μὲν
307 609 388 670 είς
411 603 475 658 rb
502 606 656 674 ἆγιον
684 606 795 670 (97)
824 604 1048 675 Πνεῦμα
1082 607 1241 676 μόνον
1273 605 1493 668 ἐδίδοτο,
1534 606 1756 669 εἰκότως

177 694 244 748 ἂν
273 693 489 762 ἐλέγετο
517 695 643 758 τοὺς
675 693 1102 764 βαπτιζομένους
1128 696 1208 757 είς
1261 695 1322 748 rb
1346 694 1570 766 Πνεῦμα
1602 695 1759 766 μόνον

177 783 536 855 ἁμαρτάνειν·
563 783 838 854 ἐπειδὴδὲ
871 786 951 848 είς
1010 785 1231 856 Πατέρα
1285 785 1419 858 (98),
1460 789 1554 840 καὶ
1608 788 1757 855 Υίὸν,

177 873 274 924 καὶ
294 874 448 940 ἅγιον
471 871 693 943 Πνεῦμα
736 873 962 936 δίδοται,
987 875 1082 926 καὶ
1120 875 1264 928 οῦτω
1313 876 1613 931 τελειοῦται
1651 877 1761 932 τῶν

177 962 595 1034 βαπτιζομένων
654 962 919 1030 ἕκαστος,
963 965 1179 1036 ἀνάγκη
1251 967 1413 1022 πάλιν
1458 968 1570 1039 (99)
1635 971 1764 1034 τοὺς

177 1053 322 1124 μετὰ
345 1054 408 1108 τὸ
458 1055 742 1126 βάπτισμα
768 1055 1207 1128 παραϐαίνοντας
1241 1062 1320 1124 εἰς
1353 1060 1451 1133 τὴν
1485 1063 1644 1132 ἁγίαν
1669 1066 1763 1118 καὶ

73 1217 86 1230 _
175 1147 483 1220 ἀδιαίρετον
506 1149 712 1220 Τριὰδα
763 1149 864 1221 τὴν
913 1149 1264 1222 βλασφημίαν
1315 1155 1604 1229 ποιεῖσθαι.
1654 1158 1765 1211 Καὶ

175 1238 341 1292 τοῦτο
360 1239 418 1292 δὲ
442 1239 648 1294 δίκαιον
680 1240 746 1294 ἂν
772 1242 858 1312 εῐη
883 1241 1191 1310 λογίζεσθαι
1233 1245 1328 1298 καὶ
1378 1249 1537 1301 νοεῖν.
1569 1248 1633 1302 Εί
1667 1250 1765 1320 μὲν

175 1330 317 1400 πρὸς
345 1329 608 1394 Ααϐόντας
657 1331 718 1384 rb
767 1332 992 1405 λουτρὸν
1025 1334 1126 1405 τῆς
1155 1334 1594 1406 παλιγγενεσίας,
1641 1343 1767 1405 τοὺς

173 1423 503 1493 Φαρισαίους
522 1422 810 1494 λέγω,(1),
858 1427 955 1480 καὶ
1001 1427 1369 1498 μετασχόντας
1413 1430 1608 1494 αὐτοὺς
1663 1431 1764 1503 ἤδη

174 1515 275 1585 τῆς
296 1515 502 1585 δωρεᾶς
557 1513 652 1566 τοῦ
683 1515 840 1584 ἁγίου
887 1515 1228 1587 Πνεύματος,
1285 1517 1554 1588 διελέγετο
1601 1520 1630 1572 6
1661 1519 1768 1573 Κύ-

175 1623 316 1676 ριος,
349 1605 547 1676 πιθανή
569 1623 652 1668 τις
674 1601 741 1676 ἦν
766 1607 800 1676 ἡ
833 1606 1056 1678 τοιαύτη
1105 1607 1334 1675 διάνοια,
1371 1609 1448 1674 ib;
1483 1610 1769 1683 παλινδρο-

175 1698 486 1766 μήσαντας,
507 1697 600 1750 καὶ
628 1696 1128 1768 πλημμελήσαντας
1152 1699 1232 1763 εἰς
1261 1700 1323 1753 τὸ
1349 1700 1502 1770 ἆγιον
1518 1702 1764 1773 Πνεῦμαο

171 1789 223 1841 εί
251 1788 312 1840 δὲ
341 1789 481 1859 μήτε
520 1788 581 1840 rb
618 1788 840 1860 λουτρὸν
896 1789 1202 1862 είλήφασιν,
1255 1791 1393 1844 ἀλλὰ
1439 1793 1626 1846 καὶτὸ
1672 1792 1766 1847 τοῦ

1858 603 2100 669 daretur,
2122 603 2248 674 jure
2278 603 2552 658 diceretur
2585 604 2910 672 baptizatos,
2939 603 2993 656 in
3023 601 3285 672 Spiritum
3314 617 3444 656 san-

1860 703 2005 749 ctum
2032 696 2298 749 duntaxat
2330 710 2576 764 peccare.
2614 693 2752 750 Cum
2787 705 2972 750 autem
3005 695 3061 750 in
3090 697 3310 751 nomine
3338 695 3444 750 Pa—

1862 788 1966 842 tris
1989 795 2044 842 et
2074 785 2196 840 Filii
2223 797 2276 841 et
2312 785 2552 857 Spiritus
2581 788 2757 842 sancti
2783 787 2943 844 detur
2969 807 2982 842 :
3015 789 3204 859 sicque
3238 787 3440 858 singuli

1861 878 1955 948 qui
1993 878 2360 948 baptizantur,
2394 878 2698 946 initientur,
2742 887 3173 934 consentaneum
3214 893 3442 948 prorsus

1861 978 1945 1024 est
1973 978 2033 1024 ut
2057 969 2150 1040 qui
2183 978 2306 1040 post
2339 968 2606 1038 baptisma
2629 970 3076 1038 praevaricantur,
3106 969 3162 1023 in
3195 977 3438 1024 sanctam

1863 1070 1916 1116 et
1937 1061 2223 1115 indivisam
2248 1059 2566 1114 Trinitatem
2587 1060 2982 1130 blasphement.
3014 1058 3082 1114 Et
3105 1059 3208 1114 hoc
3223 1073 3440 1128 aequum

1863 1156 1949 1202 est
1980 1148 2052 1201 ita
2086 1148 2326 1218 cogitare
2363 1157 2420 1201 et
2453 1146 2776 1218 intelligere.
2822 1143 2983 1200 Certe
3015 1145 3063 1200 si
3094 1145 3130 1199 ii
3173 1160 3311 1215 quos
3351 1144 3444 1199 ille

1866 1239 2266 1310 alloquebatur,
2299 1237 2560 1294 Pharisaei
2600 1253 2816 1308 nempe,
2848 1238 3126 1292 lavacrum
3151 1251 3442 1307 regenera-

1865 1333 2033 1388 tionis
2055 1333 2414 1402 accepissent,
2443 1338 2498 1386 et
2527 1331 2657 1386 doni
2693 1331 2866 1387 sancti
2897 1328 3135 1400 Spiritus
3173 1329 3289 1399 jam
3317 1344 3444 1399 par-

1865 1425 2057 1495 ticipes
2086 1424 2337 1492 fuissent,
2368 1424 2684 1481 verisimilis
2707 1432 2855 1479 esset
2874 1421 3146 1492 ejusmodi
3176 1422 3444 1490 interpre-

1868 1518 2019 1583 tatio,
2048 1518 2126 1572 illi
2155 1519 2356 1588 quippe
2380 1533 2411 1572 a
2429 1517 2644 1588 juStitia
2675 1515 3056 1582 descivissent,
3089 1522 3144 1570 et
3181 1514 3236 1568 in
3272 1512 3448 1582 Spiri-

1865 1620 1982 1665 tum
2020 1620 2272 1666 sanctum
2318 1610 2702 1679 deliquissent,
2732 1608 2827 1664 sed
2864 1623 2990 1662 cum
3025 1607 3303 1662 lavacrum
3336 1619 3445 1660 non

1866 1702 2197 1772 acceperint,
2228 1703 2322 1757 sed
2355 1702 2520 1757 etiam
2558 1701 2828 1772 baptisma
2873 1698 3102 1754 Joannis
3141 1695 3444 1768 vilipende-

1869 1794 1998 1857 rint,
2040 1809 2138 1848 cur
2165 1795 2290 1850 illos
2323 1795 2614 1849 accusabat
2653 1801 2713 1847 ut
2747 1793 2842 1862 qui
2870 1791 3345 1860 blasphemassent
3388 1789 3445 1844 in

184 1880 441 1933 Ἰωάννου
495 1879 570 1951 (2)
618 1879 902 1951 βάπτισμα
949 1881 1399 1953 ὲξουθενήσαντες
1440 1879 1601 1955 ἦσαν,
1645 1887 1751 1951 πῶς

1867 1884 2125 1954 Spiritum
2160 1895 2435 1951 sanctum,
2467 1886 2625 1956 cujus
2659 1886 2898 1940 nondum
2936 1883 3228 1954 participes
3267 1881 3444 1950 ell‘ecti

169 1972 370 2043 ⁴ζιτιςῖιτο
389 1969 610 2034 τούτους
636 1970 712 2036 ib;
761 1970 1261 2044 βλασφημήσαντας
1289 1975 1369 2037 είς
1419 1973 1480 2026 τὸ
1531 1974 1759 2048 Πνεῦμα

172 2065 237 2118 rb
257 2058 512 2133 ἆγιον,οῦ
541 2065 764 2136 μηδέπω
792 2065 1008 2137 μέτοχοι
1037 2067 1354 2136 γεγόνεισαν
1381 2067 1490 2138 (5);
1518 2069 1628 2122 Καὶ
1652 2069 1761 2139 γὰρ

171 2155 237 2207 ού
271 2154 537 2208 διδάσκων
565 2155 750 2219 ἁπλῶς
779 2157 808 2208 6
829 2155 1035 2227 Κύριος
1067 2155 1248 2209 ἐλάλει
1281 2156 1476 2223 ταῦτα,
1514 2158 1636 2211 οὐδὲ
1670 2160 1762 2212 ἐπὶ

174 2246 435 2316 μέλλουσι
462 2247 562 2317 τὴν
592 2247 862 2318 τιμωρίαν
888 2247 1123 2318 ἠπείλει·
1163 2248 1280 2302 ἀλλ’
1312 2247 1474 2314 εὐθὺς
1503 2249 1762 2321 αἰτιώμε-

171 2355 268 2401 νος
313 2337 528 2409 ἀληθῶς
576 2339 703 2401 τοὺς
744 2339 1089 2409 Φαρισαίους,
1143 2338 1218 2403 ὼς
1267 2339 1371 2411 ἤδη
1431 2340 1763 2412 γενομένους

169 2428 511 2492 ὑπευθύνους
532 2429 630 2500 τῆς
655 2429 984 2503 τηλικαύτης
1009 2430 1378 2503 βλασφημίας,
1397 2431 1585 2504 εἴρηκε
1606 2433 1766 2486 τοῦτο

168 2521 236 2574 rb
270 2521 435 2592 ῥητὸν
464 2523 494 2574 6
524 2520 750 2591 Κύριος.
797 2522 918 2576 Τῶν
939 2523 996 2576 δὲ
1023 2522 1332 2594 Φαρισαίων
1363 2522 1505 2577 οὕτω
1524 2541 1764 2596 κατηγο-

169 2612 478 2684 ρουμένων,
526 2613 621 2665 καὶ
654 2613 783 2684 πρὶν
803 2613 987 2666 λαϐεῖν
1012 2615 1209 2677 αὐτοὺς
1233 2612 1294 2666 rb
1331 2613 1635 2685 βάπτισμα,
1667 2615 1766 2669 οὐκ

167 2704 240 2758 ἂν
264 2705 351 2773 εἴη
380 2701 540 2756 τοῦτο
589 2704 752 2775 ῥητὸν
805 2705 898 2758 ἐπὶ
933 2705 1060 2769 τοὺς
1104 2705 1242 2776 μετὰ
1271 2705 1334 2758 τὸ
1387 2705 1613 2776 λουτρὸν
1657 2725 1764 2762 πα-

169 2797 559 2869 ραϐαίνοντας·
595 2798 690 2850 καὶ
724 2797 958 2868 μάλιστα
1007 2799 1090 2852 ὅτι
1113 2798 1212 2870 οὐχ
1234 2797 1420 2862 ἁπλῶς
1461 2799 1555 2852 ἐπὶ
1588 2799 1768 2871 ἁμαρ-

165 2888 345 2953 τίαις,
382 2887 497 2942 ἀλλ’
535 2889 628 2942 ἐπὶ
663 2889 984 2961 βλασφημίᾳ
1018 2891 1222 2956 αὐτοὺς,
1270 2890 1480 2961 ᾐτιᾶτο.
1509 2890 1767 2962 Διαφέρει

165 2980 254 3045 δὲ,
306 2981 389 3034 ὅτι
437 2981 466 3032 6
513 2981 612 3052 μὲν
668 2982 1002 3052 ἁμαρτάνων
1051 2981 1382 3053 παραϐαίνει
1433 2982 1768 3052 νόμον-οδε

169 3071 516 3143 βλασφημῶν
543 3074 622 3136 εἰς
651 3072 820 3144 αὐτὴν
845 3071 1033 3125 ἀσεϐεῖ
1059 3073 1158 3144 τὴν
1191 3072 1442 3144 θεότητα.
1486 3074 1609 3128 Ἐπὶ
1642 3075 1768 3129 πολ-

166 3166 298 3228 λαῖς
333 3165 377 3217 δ’
402 3159 495 3217 οῦν
546 3164 811 3236 πρότερον
853 3163 1252 3235 πλημμελείαις
1301 3163 1622 3236 αἰτιώμενος
1659 3167 1758 3220 αύ-

165 3223 303 3322 τοὺς
331 3260 360 3310 6
391 3223 602 3329 Σωτὴρ,
627 3223 812 3327 δτίμ)
843 3223 1193 3328 τὴνηὲντολὴν
1221 3223 1316 3311 τοῦ
1349 3223 1484 3312 Θεοῦ
1503 3223 1618 3330 τὴν⁷
1629 3259 1757 3327 περὶ
1783 3223 1825 3282 C

165 3349 283 3404 τῶν
314 3350 516 3419 γονέων
565 3349 653 3402 διὰ
711 3349 971 3422 ἀργύριον
1020 3349 1370 3420 παρέϐαινον,
1416 3352 1511 3406 καὶ
1556 3352 1624 3407 τὰ
1642 3352 1754 3407 τῶν

166 3440 474 3512 προφητῶν
529 3442 966 3513 παρεκρούοντο,
1013 3442 1116 3496 καὶ»
1168 3442 1258 3496 τὸν
1300 3439 1446 3498 οἷκον
1490 3443 1586 3497 τοῦ
1625 3444 1760 3500 Θεοῦ

168 3535 394 3588 ἐποίουν
431 3530 577 3587 οἷκον
613 3534 899 3606 ἐμπορίου,
926 3536 1074 3606 ὅμως
1101 3535 1333 3607 παρῄνει
1361 3535 1455 3589 καὶ
1485 3539 1762 3606 μετανοεῖν

172 3627 366 3688 αὐτοῖς
398 3625 500 3697 (5).
545 3627 666 3679 Ἐπὶ
687 3626 745 3679 δὲ
768 3626 845 3697 τῷ
876 3626 1055 3695 λέγειν
1081 3627 1297 3691 αὐτοὺς,
1328 3629 1417 3683 Ἐν
1439 3628 1763 3694 Βεελζεϐοὺλ

167 3717 429 3771 ἐκϐάλλει
482 3717 552 3770 τὰ
598 3717 883 3789 δαιμόνια,
939 3718 1040 3772 οὐκ
1094 3717 1176 3771 ἔτι
1222 3718 1427 3789 ταύτην
1487 3720 1762 3793 ἁμαρτίαν

166 3806 386 3871 ἁπλῶς,
423 3808 557 3862 ἀλλὰ
587 3807 934 3880 βλασφημίαν
966 3808 1186 3880 εἴρηκεν
1230 3806 1370 3864 εῖναι
1405 3813 1758 3884 τηλικαύτην,

167 3899 316 3951 ὥστε
351 3889 592 3968 ἄφυκτον
619 3900 714 3953 καὶ
741 3899 1127 3970 ἁσύγγνωστον
1165 3895 1307 3956 εἶναι
1359 3901 1459 3972 τὴν
1487 3903 1760 3974 τιμωρίαν

167 3993 286 4052 τοῖς
314 3988 541 4042 τοιαῦτα
562 3989 856 4061 τολμῶσιν.

256 4081 346 4134 15.
389 4080 596 4144 Ἀλλως
615 4099 698 4148 τε,
722 4084 770 4135 εἰ
802 4081 910 4136 τῶν
939 4080 1076 4152 μετὰ
1099 4081 1160 4134 rb
1185 4080 1405 4152 λουτρὸν
1428 4082 1762 4155 ἁμαρτανόν-

166 4190 281 4226 των
313 4172 479 4244 χάριν
503 4172 716 4244 εἴρηται
738 4172 896 4226 τοῦτο
919 4173 978 4226 τὸ
1007 4173 1189 4246 ῥητὸν,
1224 4175 1318 4226 καὶ
1344 4173 1554 4238 τούτοις
1593 4175 1760 4245 ἀσύγ-

168 4260 419 4330 γνωστός
443 4261 585 4313 ἐστιν
617 4263 651 4332 ἡ
686 4261 762 4332 (6)
785 4261 892 4314 τῶν
928 4261 1416 4332 πλημμελημάτων
1459 4263 1604 4336 δίκη·
1640 4267 1760 4331 πῶς

166 4370 250 4422 rp
280 4352 385 4422 μὲν
429 4353 487 4406 ὲν
530 4352 780 4423 Κορίνθῳ
842 4352 1189 4423 μετανοοῦντι
1233 4357 1390 4424 κυροῖ
1446 4354 1545 4425 τὴν
1589 4357 1758 4432 αὐτὴν

168 4445 399 4514 ἀγάπην
421 4445 451 4496 6
489 4443 829 4506 Ἀπόστολος,
865 4444 989 4506 τοὺς
1024 4443 1081 4496 δὲ
1115 4443 1358 4508 Γαλάτας
1389 4445 1755 4522 παλινδρομή-

1860 1974 2238 2032 fuerant?Non
2257 1978 2402 2032 enim
2423 1977 2744 2048 simpliciter
2769 1976 3017 2032 docendo
3035 1974 3301 2029 Dominus
3327 1975 3446 2028 haec

1859 2066 2217 2138 loquebatur,
2264 2083 2442 2140 neque
2484 2069 2552 2124 iis
2592 2069 2687 2139 qui
2721 2066 2894 2122 futuri
2922 2075 3078 2122 erant
3109 2065 3440 2137 supplicium

1862 2158 2358 2226 interminabatur;
2392 2158 2487 2214 sed
2532 2159 2589 2212 in
2635 2155 2931 2228 praesentia
2966 2169 3091 2210 vere
3134 2153 3444 2208 Pharisaaos

1863 2249 2124 2306 incusans
2169 2258 2356 2321 utpote
2390 2259 2556 2306 tanta;
2597 2249 2952 2320 blasphemiae
2982 2247 3095 2318 jam
3128 2261 3276 2314 reos,
3306 2245 3443 2306 illud

1863 2341 2078 2397 dicebat
2097 2342 2380 2400 Dominus.
2393 2341 2686 2398 Phariszeis
2701 2343 2864 2412 igitur
2880 2342 2956 2396 ita
2968 2340 3241 2397 accusatis
3263 2339 3418 2410 prius
3435 2376 3446 2384 ‹

1866 2445 2030 2500 quam
2058 2431 2327 2502 baptisma
2367 2433 2758 2504 percepissent,
2797 2432 2902 2486 hoc
2934 2439 3082 2486 certe
3111 2429 3318 2485 dictum
3348 2442 3444 2483 eos

1866 2525 2090 2580 minime
2125 2535 2333 2596 spectat
2377 2527 2473 2596 qui
2505 2535 2628 2597 post
2661 2527 2939 2582 lavacrum
2977 2523 3440 2594 praevaricantur;

1866 2628 1921 2672 et
1951 2619 2250 2689 praesertim
2295 2618 2425 2689 quia
2466 2632 2562 2673 eos
2591 2632 2701 2672 non
2723 2617 2792 2672 de
2823 2613 3160 2685 quibuslibet
3181 2617 3442 2684 peccatis,

1868 2713 1964 2768 sed
1988 2713 2055 2768 de
2085 2712 2425 2782 blasphemia
2471 2711 2785 2766 accusabat.
2819 2707 2946 2764 llaec
2983 2715 3169 2762 autem
3209 2707 3352 2762 inter
3381 2721 3442 2762 se

1867 2801 2146 2867 diﬂ‘crunt,
2184 2803 2328 2870 quod
2362 2799 2458 2870 qui
2505 2807 2729 2870 peccat,
2766 2799 2938 2869 legem
2989 2797 3444 2868 transgrediatur,

1868 2891 1961 2961 qui
1985 2907 2112 2947 vero
2140 2891 2501 2961 blasphemat,
2535 2889 2588 2944 in
2624 2889 2796 2958 ipsam
2824 2887 3082 2942 deitatem
3110 2886 3276 2957 impie
3297 2895 3442 2958 agat.

1867 2981 2005 3038 Cum
2032 2992 2211 3038 autem
2258 2983 2382 3040 illos
2421 2982 2490 3038 de
2528 2981 2712 3037 multis
2755 2979 2914 3051 563
2939 2979 3264 3036 criminibus
3292 2980 3446 3050 prius

1872 3084 2156 3131 accusaret
2185 3074 2455 3141 Salvator,
2482 3073 2629 3144 quod
2656 3072 2865 3128 scilicet
2899 3071 3072 3142 legem
3106 3070 3174 3128 de
3196 3073 3445 3143 parenti-

1868 3168 1972 3225 bus
2014 3169 2180 3223 latam
2224 3178 2444 3239 propter
2477 3165 2777 3237 pecuniam
2823 3163 3358 3234 transgrederentur,
3391 3179 3448 3234 et

1863 3261 2251 3332 prophetarum
2297 3261 2442 3316 dicta
2481 3265 2822 3330 respuerent,
2863 3271 2929 3312 ac
2959 3257 3184 3311 domum
3219 3255 3316 3311 Dei
3347 3256 3446 3311 do-

1863 3369 2013 3408 mum
2040 3353 2282 3409 l’acerent
2304 3351 2720 3422 negotiationis;
2745 3358 2982 3405 attamen
3005 3348 3328 3403 hortabatur
3349 3363 3446 3404 eos

1863 3458 1924 3502 ut
1958 3446 2338 3517 paenitentiam
2375 3452 2616 3514 agerent.
2643 3441 2849 3498 Verum
2875 3441 2969 3496 ubi
2991 3441 3169 3510 ipsum
3199 3439 3446 3495 dicerent

1864 3541 1920 3595 in
1968 3539 2342 3596 Beelzebulem
2384 3538 2586 3608 ejicere
2635 3534 2949 3601 daemonia;
2997 3547 3108 3588 non
3143 3533 3250 3588 hoc
3275 3532 3440 3592 ultra.

1864 3641 2144 3703 peccatum
2185 3631 2528 3702 simpliciter,
2576 3628 2670 3685 sed
2705 3625 3100 3698 blasphemiam
3156 3625 3294 3682 dixit
3317 3639 3443 3680 esse

1863 3733 2092 3790 tantam,
2124 3732 2186 3778 ut
2226 3723 2322 3794 qui
2348 3721 2479 3776 talia
2520 3719 2768 3792 proferre
2797 3716 2920 3772 ausi
2948 3724 3157 3780 essent,
3186 3730 3288 3774 nec
3322 3731 3442 3786 pa:-

1863 3833 1988 3872 nam
2014 3815 2270 3886 effugere,
2300 3828 2401 3869 nec
2425 3813 2638 3888 veniam
2667 3809 2915 3866 obtinere
2944 3815 3189 3880 possent.

1935 4078 2021 4131 l5.
2041 4075 2258 4146 Alioqui
2276 4075 2323 4131 si
2349 4087 2536 4130 eorum
2563 4087 2730 4128 causa
2750 4071 2844 4140 qui
2867 4077 2991 4141 post
3012 4070 3288 4135 lavacrum
3313 4082 3439 4138 pec-

1861 4179 1990 4228 cant
2029 4169 2082 4224 id
2113 4170 2316 4225 dictum
2365 4166 2588 4232 fuisset,
2625 4174 2678 4221 et
2713 4164 2792 4219 illi
2829 4166 3047 4220 veniam
3086 4168 3437 4232 peccatorum

1861 4267 2107 4322 obtinere
2133 4279 2244 4320 non
2264 4271 2513 4333 possent,
2539 4275 2636 4314 cur
2659 4257 2938 4312 hominem
2957 4255 3101 4325 apud
3123 4252 3440 4309 Corinthios

1860 4357 2235 4428 paenitentiam,
2253 4353 2306 4407 in
2336 4351 2602 4408 charitate
2624 4349 2911 4404 conﬁrmat
2928 4347 3132 4402 Paulus
3168 4345 3214 4377 “
3236 4386 3252 4412 ,
3281 4345 3440 4400 Gala-

1862 4462 1946 4506 tas
1970 4463 2101 4504 vero
2131 4455 2431 4518 retrorsum
2469 4444 2733 4498 abeuntes
2759 4441 2996 4512 parturit
3031 4440 3208 4495 donec
3240 4437 3442 4492 forme-

169 4553 374 4598 σαντας
403 4534 605 4598 ὠδίνει,
635 4533 793 4607 ἄχρις
814 4527 876 4587 οῦ
907 4533 1068 4589 πάλιν
1097 4534 1356 4606 μορφωθῇ
1411 4537 1644 4607 Χριστὸς
1699 4543 1751 4595 ἐν

1867 4551 1948 4596 tur
1979 4541 2175 4595 iterum
2208 4537 2263 4591 in
2293 4537 2374 4592 eis
2397 4535 2650 4590 Christus
2678 4533 2760 4587 "?
2782 4533 2920 4588 Cum
2949 4541 3132 4588 autem
3163 4530 3316 4595 dicit,
3343 4531 3441 4584 itc-

167 4629 393 4692 αὐτοῖς
436 4627 524 4680 Ἐν
555 4626 613 4679 δὲ
663 4626 740 4698 τῷ
766 4624 969 4694 λέγειν,
1033 4626 1214 4690 πάλιν,
1261 4625 1530 4682 δείκνυσιν
1571 4631 1751 4686 αὐτῶν

168 4720 263 4773 καὶ
286 4720 388 4790 τὴν
426 4718 697 4790 προτέραν
726 4719 783 4772 ὲν
803 4717 880 4789 τῷ
918 4718 1193 4788 Πνεύματι
1226 4718 1554 4789 τελειότητα.
1603 4723 1666 4776 Τί
1692 4725 1748 4777 δὲ

165 4813 264 4865 καὶ
284 4811 516 4880 Νουάτῳ
531 4809 610 4881 (7)
635 4809 964 4881 μεμφόμεθα
979 4809 1292 4881 ἀναιροῦντι
1308 4809 1618 4879 μετάνοιαν,
1653 4817 1748 4870 καὶ

239 4925 282 4954 ⁵³
313 4921 360 4974 ll
384 4921 510 4976 Cor.
546 4935 608 4986 tt,
632 4921 686 4977 8.
763 4921 807 4953 “
837 4919 1012 4976 Galat.
1046 4937 1120 4989 tv,
1150 4922 1238 4976 l9.

241 5037 358 5104 (97)
393 5035 618 5106 Regius,
643 5038 870 5108 Seguer.
906 5038 1222 5095 Goblerian.
1263 5046 1317 5094 et
1344 5037 1580 5094 Felckm.
1611 5039 1661 5106 l,
1684 5037 1746 5092 rb

167 5107 482 5177 Πνεῦματὸ
512 5108 688 5176 ἅγιον.

241 5176 372 5250 (98)
396 5176 488 5250 Sic
520 5177 753 5250 Regius,
781 5178 1005 5250 Seguer.
1036 5178 1319 5250 Anglican.
1353 5179 1664 5235 Goblerian.
1694 5185 1750 5234 et

166 5248 325 5321 Felc.
338 5245 795 5321 λζίιιᾼθόίῐὶεηδὲ
824 5245 916 5302 καὶ
945 5245 1286 5321 είςΑΠαῖιέρα.

240 5315 592 5390 (99)_Regius
620 5329 675 5390 et
707 5317 956 5388 Seguer.,
987 5318 1046 5383 ἐξ
1073 5315 1316 5390 ἀνάγκης
1346 5321 1526 5375 πάλιν.

237 5385 1004 5459 (1)ῥέψει-,Φαρισσαίουφ
1035 5397 1088 5445 et
1114 5390 1253 5444 infra
1274 5385 1358 5444 'sic
1381 5393 1544 5445 idem.
1577 5389 1748 5444 Paulo

165 5455 293 5532 post
330 5455 466 5532 Reg.
507 5455 935 5532 ct_Seguerian.,
962 5461 1037 5532 ib;
1063 5459 1750 5532 προσπαλινδρομήσαντας

165 5526 262 5600 ira}.
296 5526 814 5600 πλημμελήσαντας.
842 5529 1077 5599 Anglic.,
1107 5526 1181 5594 ib;
1212 5526 1749 5600 παλινδρομήσαντας

166 5599 263 5679 καὶ
293 5596 471 5666 πλημ.
530 5596 698 5665 Editi,
739 5599 816 5664 ib;
847 5596 1617 5673 παλινδρομήσανταςάύτοὺς
1653 5601 1748 5653 καὶ

165 5685 273 5720 πλη
284 5685 344 5720 υ..

241 5685 344 5806 δέ)
360 5734 585 5805 Regius,
619 5737 680 5790 rb
718 5739 986 5795 Ἰωάννου.

241 5808 321 5879 (5)
359 5806 432 5862 Ita
461 5806 661 5880 Regius
683 5817 737 5866 et
765 5808 991 5884 Seguer.
1025 5810 1232 5869 rectius
1271 5827 1438 5870 ouam
1471 5811 1622 5879 editi,
1655 5828 1746 5881 γε·

1858 4649 2000 4700 rum,
2027 4633 2313 4702 pristinam
2342 4644 2534 4685 eorum
2575 4628 2630 4682 in
2676 4625 2882 4696 Spiritu
2919 4623 3307 4695 perfectionem
3345 4622 3436 4676 ile—

1856 4726 2043 4780 clarat.
2085 4722 2197 4777 Cur
2248 4735 2380 4776 vero
2418 4719 2686 4774 Novatum
2740 4717 3025 4787 culpamus
3065 4713 3438 4785 paenitentiam

1856 4815 2154 4882 tollentem,
2183 4828 2246 4867 ac
2270 4813 2538 4867 dicentem
2571 4810 2774 4866 nullam
2799 4821 3086 4880 superesse
3124 4807 3193 4863 iis
3219 4805 3438 4861 veniam

1851 5039 2058 5110 γόνασι.
2088 5038 2233 5092 Infra
2265 5035 2515 5110 segnem,
2539 5039 2810 5110 τιμωρίαν
2828 5039 3044 5110 ipsum.

1921 5110 1998 5180 (Al)
2030 5109 2158 5180 Reg.
2204 5117 2260 5164 et
2297 5108 2537 5180 Seguer.
2566 5119 2620 5162 et
2651 5108 2779 5180 edit.
2814 5109 3108 5173 Commel..
3146 5112 3256 5165 ὅτε.
3287 5109 3434 5166 Editi

1849 5178 1992 5252 vero:
2015 5178 2189 5252 Paris.
2219 5187 2273 5233 et
2299 5178 2490 5252 B:_i_sil.,
2525 5179 2626 5232 ὄτι.
2660 5178 2804 5252 Infra
2829 5180 3108 5252 iidem,_6t‘
3142 5181 3428 5252 ἀργυρίου.

1925 5250 2003 5319 (ὅ)
2037 5250 2320 5320 Βεείιιεει
2348 5249 2600 5320 Seguer.,
2621 5249 2842 5320 αὐτούς.
2874 5249 2994 5304 Mox
3023 5249 3156 5320 Reg.
3185 5249 3428 5320 'Segner.

1852 5318 2070 5376 Gobler.
2119 5318 2300 5375 Fclck.
2333 5320 2385 5384 l,
2418 5318 2690 5373 ἐκϐάλλει.
2727 5319 2890 5387 Editi,
2927 5318 3226 5374 ἐκϐάλλειν.
3259 5318 3432 5376 Paulo

1854 5399 1977 5462 post
2002 5390 2134 5462 editi
2168 5392 2372 5462 habent
2409 5389 2502 5462 καί
2545 5397 2672 5446 ante
2713 5389 3083 5462 βλασφημῳιν,
3113 5407 3234 5461 qua!
3261 5393 3432 5461 parti-

1852 5457 1973 5516 cula
1999 5461 2151 5515 deest
2188 5460 2243 5514 in
2282 5457 2679 5529 Reg,Seguer.
2715 5457 2875 5514 Gobl.
2900 5457 2954 5514 ei.
2982 5457 3214 5516 Felcfl.

1851 5531 2003 5654 B32?)
2045 5531 2111 5584 ἸΙ
2148 5529 2301 5586 deest
2341 5531 2397 5584 in
2425 5528 2588 5585 Basil.
2638 5531 2808 5586 Paulo
2848 5539 2974 5602 post
3005 5531 3173 5602 αὑτήν
3200 5531 3358 5588 abest
3393 5546 3428 5588 a

1895 5617 2017 5655 asu.

1923 5673 1998 5740 ('7)
2027 5669 2248 5741 Regius,
2281 5670 2505 5740 Seguer.
2532 5670 2743 5740 Anglic.
2771 5670 3082 5726 Goblerian.
3122 5680 3176 5727 et
3195 5670 3342 5726 Felc.
3371 5670 3428 5737 l,

1850 5739 2282 5814 ΝαυάτῳξΕᾴιιί
2309 5739 2387 5814 et;
2401 5741 2514 5814 alii,
2544 5739 2792 5814 Νοῦὰτῳ.
2824 5742 2988 5814 Basil.
3016 5743 3083 5797 ad
3125 5745 3424 5814 marginem

1852 5812 2015 5868 habet
2044 5811 2320 5882 Νοουὰτῳ.
2354 5810 2555 5884 Regius
2580 5821 2634 5870 et
2681 5810 2907 5886 Séguer.
2951 5813 3068 5871 haec
3109 5813 3176 5868 ad
3225 5810 3424 5881 margi-
