3822 6226
334 295 442 351 655

940 286 996 341 S.
1039 280 1415 342 ATHANASK
1440 284 1600 343 “OPP.
1658 279 1838 336 PARS
1877 278 1920 334 1.
1961 309 2034 321 -
2076 277 2445 336 lllSTORICA
2494 277 2583 333 ET
2620 274 3044 334 DOGMATICA.

3494 279 3605 345 656

329 405 424 478 qui
455 410 580 476 post
611 405 890 457 lavacrum
917 402 1279 471 peccaverint,
1308 401 1354 453 si
1382 400 1498 454 haec
1520 396 1684 452 verba
1701 396 1768 451 de
1801 396 1890 451 illi:

2047 396 2274 449 »ἀσκοντι
2307 395 2575 467 μηδεμίαν
2614 393 2946 466 συγγνώμην
3007 392 3152 464 ἔχειν
3190 393 3317 458 τοὺς
3349 396 3489 466 μετὰ
3544 399 3607 452 τὸ

328 497 425 567 qui
453 503 579 566 post
609 494 886 549 lavacrum
916 491 1262 561 peccaverint
1287 490 1434 544 dicta
1465 486 1655 543 fuere?
1690 485 1905 541 Etenim

327 587 473 656 quod
495 586 553 640 in
583 584 823 655 Epistula
853 583 920 637 ad
950 580 1208 638 Hebraeos
1229 582 1435 637 dictum
1467 588 1571 645 est,
1591 596 1698 635 non
1724 580 1909 634 exclu-

326 679 409 734 dit
445 694 478 734 a
519 675 840 748 paenitentia
879 682 1229 745 peccatores;
1262 674 1355 729 sed
1394 672 1633 729 03tendit
1681 672 1906 727 unicum

325 780 380 825 et
414 784 524 824 non
572 768 773 838 duplex
826 782 949 823 esse
994 765 1254 822 Ecclesiae
1292 766 1575 821 catholicae
1613 763 1902 834 baptisma.

325 860 569 917 Hebraeis
606 860 752 915 enim
799 859 916 915 haec
958 858 1225 928 scripsit:
1272 866 1327 912 et
1352 872 1421 912 ne
1464 857 1543 911 illi
1573 854 1907 926 paenitentiae

323 954 549 1007 obtentu
595 952 1012 1016 existimarent,
1048 950 1207 1021 juxta
1256 949 1392 1020 legis
1430 947 1903 1012 consuetudinem,

321 1046 494 1101 multa
525 1060 651 1102 esse
679 1054 733 1099 et
753 1034 998 1116 quotidie
1025 1043 1352 1113 baptismum
1373 1058 1388 1107 ;
1413 1041 1536 1097 ideo
1563 1055 1659 1096 eos
1689 1040 1757 1095 ad
1788 1055 1906 1111 pm-

320 1138 606 1194 nitentiam
659 1137 954 1192 hortatur:
1000 1150 1276 1204 unamque
1322 1148 1447 1189 esse
1490 1148 1587 1203 per
1632 1132 1905 1201 baptisma

318 1230 759 1293 renovationem,
812 1242 916 1283 nec
967 1227 1263 1283 secundam
1312 1239 1601 1296 superesse
1650 1222 1901 1290 allirmat,

318 1333 380 1379 ut
422 1324 478 1377 in
523 1323 628 1376 alia
673 1321 865 1377 scribit
894 1320 1174 1391 Epistola:
1213 1339 1231 1372 ι
1262 1317 1382 1373 Una
1413 1319 1566 1382 ﬁdes,
1595 1333 1764 1372 unum
1801 1317 1901 1372 ba-

315 1416 516 1485 ptisma
542 1415 608 1469 ⁸³.
644 1434 663 1467 ι
696 1413 885 1484 Neque
912 1413 1080 1481 enim,
1116 1413 1211 1476 ait,
1243 1410 1579 1482 impossibile
1609 1420 1693 1465 est
1723 1410 1903 1481 paeni-

318 1517 468 1574 tere;
518 1509 613 1563 sed
670 1505 1011 1576 impossibile
1050 1513 1136 1560 est
1166 1504 1392 1559 obtentu
1429 1502 1762 1573 paenitentiae
1798 1516 1903 1556 nos

316 1611 603 1653 renovare.
632 1594 728 1651 Est
762 1603 947 1651 autem
980 1595 1174 1665 ingens
1202 1594 1344 1648 inter
1378 1593 1494 1647 haec
1529 1590 1675 1647 dicta
1704 1590 1902 1646 discri-

316 1705 463 1745 men.
496 1688 546 1745 ls
584 1688 730 1744 enim
768 1703 931 1759 quem
972 1687 1221 1758 poenitet,
1247 1699 1478 1756 peccare
1505 1683 1727 1755 quidem
1756 1681 1899 1738 desi-

317 1782 419 1848 nit,
456 1782 653 1837 retinet
686 1789 872 1835 tamen
911 1780 1195 1835 vulnerum
1225 1779 1531 1835 cicatrices.
1568 1778 1675 1843 Qui
1715 1783 1898 1831 autem

314 1873 642 1944 baptizatur,
668 1881 908 1929 veterem
949 1871 1101 1926 exuit
1141 1871 1445 1939 hominem,
1478 1877 1532 1925 et
1576 1876 1893 1932 renovatur,

316 1981 553 2037 superne
581 1966 802 2036 genitus
829 1964 1068 2035 Spiritus
1103 1965 1299 2035 gratia.

384 2146 474 2202 M.
498 2144 627 2201 Haec
657 2144 824 2216 igitur
845 2142 1108 2215 cogitanti
1140 2143 1298 2208 mihi,
1334 2141 1514 2212 major
1535 2142 1592 2197 in
1623 2142 1729 2198 hoc
1751 2142 1899 2198 dicto

313 2241 556 2297 occurrit
590 2240 870 2295 sententiae
905 2238 1275 2308 profunditas.
1321 2235 1665 2308 Quapropter
1708 2238 1899 2292 multis

303 2340 471 2387 antea
500 2330 792 2386 Dominum
838 2339 1113 2398 precatus,
1153 2329 1247 2398 qui
1280 2342 1450 2398 supra
1480 2337 1705 2399 puteum
1735 2330 1894 2396 sedit,

311 2431 562 2493 et‘super
590 2436 742 2477 mare
767 2420 1156 2487 deambulavit,
1187 2422 1256 2477 ad
1280 2422 1745 2492 dispensationem
1773 2423 1898 2478 red-

309 2529 377 2569 eo
418 2513 475 2568 in
517 2513 610 2567 illo
656 2528 761 2584 pro
807 2512 967 2569 nobis
1012 2512 1348 2578 exhibitam,
1400 2513 1652 2571 fortassis
1689 2531 1758 2571 ex
1802 2516 1895 2572 illa

2010 487 2233 560 λουτρὸν
2257 489 2689 561 ἁμαρτάνοντας,
2716 491 2765 541 εί
2802 486 2889 540 διὰ
2916 488 3043 551 τοὺς
3085 486 3222 557 μετὰ
3265 487 3327 541 τὸ
3376 488 3604 560 λουτρὸν

2011 578 2424 650 ἁμαρτάνοντας
2475 579 2690 650 εἴρηται
2733 578 2794 632 τὸ
2823 579 3016 650 ρητόν;
3052 578 3163 633 Καὶ
3191 579 3299 650 γὰρ
3353 579 3429 651 (8)
3455 579 3520 633 τὸ
3543 583 3604 634 ἐν

2006 674 2073 742 τῇ
2109 672 2245 742 πρὸς
2281 670 2567 744 Ἐϐραίους
2595 670 2885 743 εἰρημένον
2927 671 3030 724 οὐκ
3052 670 3296 725 ὲκκλεῖόν
3321 672 3439 725 ἐστι
3489 672 3603 727 τῶν

2009 762 2428 833 ἁμαρτανόντων
2464 764 2563 835 τὴν
2598 764 2906 835 μετάνοιαν,
2938 761 3072 816 ἀλλὰ
3094 763 3338 817 δεικνύον
3371 764 3431 817 ἒν
3458 759 3603 818 εἶναι

2005 855 2068 908 τὸ
2097 855 2196 927 τῆς
2227 854 2521 927 καθολικῆς
2564 855 2886 928 Ἐκκλησίας
2920 854 3203 926 βάπτισμα
3234 855 3330 910 καὶ
3371 857 3448 928 μὴ
3479 857 3602 910 δεύει

2004 963 2183 1018 τερον.
2231 946 2504 1019 Ἑϐραίοις
2537 947 2647 1020 γὰρ
2669 946 2894 1019 ἔγραφε·
2931 949 3026 1002 καὶ
3080 949 3167 1002 ἵνα
3206 949 3281 1021 μὴ
3308 951 3598 1021 νομίσωσι,

2006 1039 2150 1093 κατὰ
2168 1039 2267 1111 τὴν
2291 1042 2347 1093 ὲν
2376 1041 2454 1111 τῷ
2481 1040 2630 1111 νόμῳ
2668 1043 2978 1113 συνήθειαν,
3003 1042 3273 1114 προςράσει
3306 1045 3602 1113 μετανοίας

2006 1127 2146 1185 εἶναι
2177 1130 2347 1185 πολλὰ
2393 1132 2490 1186 καὶ
2528 1132 2651 1187 καθ’
2692 1133 2907 1206 ἡμέραν
2954 1133 3031 1204 (9)
3088 1132 3460 1205 βαπτίσματα,
3507 1135 3602 1189 διὰ

2004 1222 2162 1275 τοῦτο
2198 1226 2475 1293 μετανοεῖν
2541 1223 2641 1294 μὲν
2674 1227 2949 1296 παραινεῖ,
2997 1225 3129 1297 μίαν
3180 1225 3238 1278 δὲ
3289 1221 3438 1279 εἶναι
3496 1227 3601 1297 τὴν

2004 1312 2344 1367 άνακαίνισιν
2372 1313 2460 1367 διὰ
2495 1312 2590 1367 τοῦ
2636 1314 3031 1385 βαπτίσματος,
3080 1314 3173 1368 καὶ
3230 1314 3304 1387 μὴ
3334 1315 3602 1387 δευτέραν

2005 1403 2391 1474 ἀποφαίνεται,
2413 1405 2488 1469 ὡς
2512 1406 2606 1458 καὶ
2638 1406 2695 1457 ὲν
2720 1404 2881 1477 ἑτέρα
2918 1404 3204 1476 Ἐπιστολῇ
3234 1422 3389 1477 φησι*
3419 1425 3439 1456 ι
3478 1406 3601 1460 Μία

2006 1497 2210 1561 πίστις,
2243 1497 2301 1551 ἓν
2324 1497 2658 1568 βάπτισμα.»
2697 1497 2832 1550 Οὐδὲ
2853 1496 2984 1569 γὰρ,
3011 1492 3185 1563 εἶπεν,
3211 1497 3472 1551 ἀδύνατον
3500 1516 3599 1569 με-

2002 1594 2230 1645 τανοεῖν·
2263 1591 2376 1644 ἀλλ’
2401 1590 2659 1646 ἀδύνατον
2683 1590 2794 1661 (10)
2841 1592 3111 1662 προφάσει
3148 1592 3443 1662 μετανοίας
3461 1593 3601 1646 ὰναά

2003 1682 2263 1748 καινίζειν
2293 1685 2461 1755 ἡμᾶς.
2498 1684 2653 1754 Ἔχει
2680 1683 2736 1737 δὲ
2763 1684 2965 1756 πολλὴν
2993 1682 3092 1754 τὴν
3120 1683 3407 1756 διαφοράνο
3439 1686 3469 1737 ὁ
3494 1685 3598 1757 μὲν

1929 1740 1974 1797 Β
2003 1773 2113 1845 γὰρ
2146 1740 2436 1845 μετανοῶν⁷
2465 1740 2699 1828 παύεται
2732 1773 2832 1844 μὲν
2857 1740 2951 1827 toi)
2989 1740 3351 1846 ἁμαρτάνειν,
3388 1740 3509 1845 εχεί
3534 1775 3595 1828 δὲ

2000 1865 2109 1919 τῶν
2134 1867 2462 1938 τραυμάτων
2509 1867 2609 1929 τὰς
2658 1866 2842 1931 οὐλάς·
2891 1868 2920 1920 ό
2950 1866 3008 1920 δὲ
3057 1866 3468 1938 βαπτιζόμενος
3501 1866 3598 1921 τὸν

2004 1959 2103 2029 μὲν
2136 1959 2361 2013 παλαιὸν
2394 1959 2505 2031 (11)
2553 1958 3038 2023 ὰπεκδιδύσκεται,
3071 1959 3482 2023 ἀνακαινίζεται
3512 1959 3592 2025 δὲ,

1999 2052 2205 2106 ἄνωθεν
2236 2052 2516 2124 γεννηθεὶς
2542 2054 2609 2124 τῇ
2636 2050 2731 2104 τοῦ
2748 2050 3066 2122 Πνεύματος
3098 2050 3303 2122 χάριτι.

2070 2144 2157 2197 11.
2175 2142 2409 2197 Τοιαῦτα
2438 2143 2501 2216 δὴ
2529 2140 2621 2199 οὖν
2660 2160 2749 2215 μοι
2781 2142 3132 2214 λογιζομένῳ,
3167 2145 3349 2215 μεῖζον
3371 2144 3597 2216 ἀπαντᾷ

2002 2236 2064 2290 τὸ
2088 2235 2250 2306 βάθος
2274 2236 2372 2307 τῆς
2390 2238 2448 2289 ὲν
2476 2236 2555 2307 τῷ
2590 2235 2740 2309 ρητῷ
2769 2236 2881 2306 (12)
2906 2235 3161 2299 διανοίας·
3198 2236 3291 2290 καὶ
3318 2236 3406 2289 διὰ
3430 2234 3593 2289 τοῦτο

1998 2327 2168 2381 πολλὰ
2190 2329 2452 2400 πρότερον
2486 2328 2873 2399 παρακαλέσας
2899 2327 2989 2380 τὸν
3019 2328 3111 2381 ἐπὶ
3133 2328 3195 2381 τὸ
3222 2328 3400 2400 φρέαρ
3455 2328 3594 2382 καθ-

1997 2419 2244 2485 εσθέντα,
2310 2421 2406 2473 καὶ
2460 2421 2554 2474 ἐπὶ
2631 2418 2728 2491 τὴν
2801 2409 3075 2474 θάλασσαν
3130 2420 3592 2493 περιπατήσαντα

1996 2511 2223 2584 Κύριον,
2254 2513 2349 2566 ἐπὶ
2370 2512 2469 2584 τὴν
2507 2511 2818 2583 οἰκονομίαν
2848 2513 3033 2566 λοιπὸν
3061 2512 3159 2585 τὴν
3180 2514 3238 2566 ὲν
3261 2512 3409 2583 αὑτῷ
3433 2530 3595 2582 γενο-

302 2605 563 2663 lectionis
597 2620 861 2676 assequar
886 2605 1242 2661 intellectum.
1279 2606 1468 2662 Omnis
1498 2608 1683 2677 itaque
1709 2608 1890 2664 divina

2047 2603 2166 2675 ένην
2197 2603 2337 2674 ὑπὲρ
2388 2603 2548 2674 ἡμῶν
2604 2604 2925 2675 ἀνέρχομαι,
2966 2603 3106 2675 τάχα
3151 2622 3268 2668 πως
3306 2602 3366 2668 ἐξ
3416 2604 3593 2675 αὐτῆς

312 2697 595 2766 Scriptura
639 2696 783 2753 hanc
812 2696 1113 2752 annuntiat
1145 2705 1200 2751 et
1243 2697 1523 2767 praedicat,
1548 2699 1890 2770 maximeque

2047 2713 2084 2748 »ν
2111 2697 2171 2749 ὲν
2205 2696 2283 2767 τῷ
2310 2696 2699 2768 άναγνώσματι
2760 2696 2884 2752 νοῦν
2938 2696 3123 2751 λαϐεῖν
3162 2696 3394 2769 δυνηθῶ.
3427 2698 3594 2750 Πᾶσα

232 2836 235 2841 .
307 2788 550 2844 Joannes
575 2789 671 2860 qui
699 2789 775 2844 ait
808 2809 822 2844 :
865 2807 885 2840 ι
915 2789 1156 2845 Verbum
1201 2804 1333 2846 caro
1365 2787 1571 2845 factum
1611 2799 1697 2846 est
1719 2800 1774 2847 et
1797 2792 1890 2847 ha-

2047 2787 2172 2841 ιίνυν
2204 2790 2237 2860 ἡ
2269 2788 2389 2843 θεία
2418 2788 2458 2841 Γ
2463 2789 2611 2860 ραφὴ
2656 2788 2860 2860 ταύτην
2898 2788 3311 2858 εὐαγγελίζεται
3340 2791 3437 2842 καὶ
3481 2808 3593 2862 κη-

307 2880 504 2935 bitavit
527 2881 581 2934 in
604 2879 857 2945 nobis“;
883 2899 902 2933 ι
928 2893 981 2936 et
1006 2880 1209 2936 Paulus
1227 2881 1315 2937 his
1336 2882 1519 2937 verbis
1545 2901 1559 2937 :
1594 2901 1614 2936 ι
1634 2882 1740 2950 Qui
1767 2900 1890 2940 cum

2047 2879 2199 2946 ὅττει,
2230 2880 2465 2952 μάλιστα
2494 2881 2552 2935 δὲ
2585 2884 2614 2935 ό
2672 2882 2770 2953 μὲν
2816 2882 3066 2953 Ἰωάννης
3088 2882 3281 2951 λέγων·
3330 2900 3350 2933 ι
3397 2883 3458 2936 '0
3481 2884 3592 2937 Λό-

306 2971 575 3026 informa
598 2970 696 3026 Dei
725 2980 889 3038 esset,
911 2988 1017 3027 non
1048 2974 1299 3043 rapinam
1327 2973 1626 3031 arbitratus
1662 2985 1747 3032 est
1769 2991 1890 3033 esse

2047 2993 2090 3038 ις
2119 2974 2257 3047 σὰρξ
2294 2975 2529 3043 ἐγένετο,
2558 2974 2653 3027 καὶ
2680 2974 2990 3045 ἐσκήνωσεν
3018 2976 3075 3027 ὲν
3107 2976 3287 3045 ἡμῖν-ι
3307 2976 3336 3027 ό
3363 2974 3421 3027 δὲ
3434 2975 3588 3029 Παῦε

307 3080 368 3120 se
394 3064 659 3135 aequalem
691 3062 842 3120 Deo:
880 3066 975 3120 sed
1017 3065 1375 3135 semetipsum
1409 3066 1735 3133 exinanivit,
1778 3068 1890 3125 for-

2047 3085 2083 3131 ις
2118 3067 2365 3139 γράφων·
2400 3084 2420 3119 ι
2462 3069 2561 3131 Ὃς
2611 3069 2669 3121 ὲν
2735 3070 2918 3139 μορφῇ
2966 3066 3102 3122 Θεοῦ
3144 3068 3430 3139 ὑπάρχων,
3483 3070 3589 3141 οὐχ

300 3170 453 3210 mam
497 3155 641 3211 servi
666 3154 973 3225 accipiens,
1002 3164 1057 3211 et
1094 3156 1283 3210 habitu
1322 3156 1574 3213 inventus
1612 3168 1673 3214 ut
1702 3160 1887 3216 homo.

185 3231 196 3242 ’
305 3245 628 3302 Humiliavit
670 3247 1022 3318 semetipsum
1075 3247 1254 3303 factus
1303 3248 1564 3306 obediens
1603 3266 1780 3322 usque
1820 3252 1890 3308 ad

304 3349 559 3408 mortem,
589 3349 823 3395 mortem
851 3349 1033 3395 autem
1064 3341 1369 3396 crucis‘h
1395 3339 1522 3398 Ideo
1550 3344 1699 3398 enim
1747 3343 1889 3401 Deus

294 3448 430 3488 eum
464 3443 631 3500 esset,
667 3442 832 3503 atque
861 3433 1027 3488 homo
1057 3431 1234 3488 factus
1283 3443 1452 3499 esset,
1483 3444 1543 3489 ut
1573 3434 1714 3492 Deus
1741 3437 1890 3492 exci-

303 3524 454 3580 i'ubat
494 3533 781 3589 mortuos,
816 3523 989 3595 verbo
1034 3525 1265 3580 sanabat
1300 3524 1610 3592 universos,
1650 3529 1886 3584 mutavit

302 3618 470 3672 etiam
489 3632 688 3687 aquam
708 3616 763 3670 in
785 3617 994 3670 vinum.
1022 3614 1143 3671 Non
1168 3617 1316 3671 enim
1338 3618 1578 3675 hominis
1594 3620 1709 3676 haec
1729 3632 1886 3678 erant

304 3708 468 3781 564
487 3724 690 3779 opera;
718 3717 882 3779 prout
900 3718 1091 3764 autem
1119 3708 1365 3779 gestabat
1391 3724 1613 3780 corpus,
1643 3713 1883 3779 sitiebat,

299 3799 585 3856 laborabat
613 3806 668 3856 et
691 3799 998 3870 patiebatur
1028 3818 1040 3854 :
1072 3813 1181 3854 non
1205 3799 1352 3854 enim
1381 3800 1499 3855 haec
1520 3812 1678 3857 erant
1696 3802 1885 3859 deitati

298 3891 544 3964 propria.
579 3893 648 3948 Et
674 3901 735 3946 ut
760 3890 904 3946 Deus
929 3891 1150 3961 quidem
1181 3891 1360 3947 aiebat
1393 3906 1407 3943 :
1447 3910 1467 3944 ι
1494 3891 1607 3965 Ego
1635 3894 1693 3948 in
1723 3894 1886 3951 Patre

299 3993 356 4038 et
383 3980 545 4037 Pater
568 3982 623 4036 in
657 3996 744 4036 me
765 3980 848 4033 “t
889 4000 908 4033 ι
945 3992 1005 4036 ιιι
1038 3989 1219 4036 autem
1248 3996 1451 4051 corpus
1482 3985 1751 4053 gestabat,
1782 3984 1882 4041 Ju-

300 4073 449 4130 daeos
470 4072 733 4145 arguebat
758 4091 771 4127 :
804 4091 822 4124 ι
856 4071 997 4138 Quid
1024 4087 1113 4128 me
1144 4074 1389 4143 quaeritis
1420 4074 1749 4144 interﬁcere,
1784 4078 1883 4134 bo-

373 4214 421 4247 "
457 4213 655 4286 Ephes.
687 4230 760 4278 tv,
792 4214 843 4267 5.
920 4213 965 4245 “
992 4212 1149 4268 Joan.
1178 4229 1217 4279 ι,
1248 4214 1335 4269 14.
1415 4215 1459 4247 ⁸⁸
1491 4213 1726 4287 Philipp.
1754 4234 1816 4287 ιι,
1842 4220 1957 4275 6-8.

302 4356 685 4450 999.931???»
713 4357 1565 4450 περὶὲειξιέτοξ.ξῑξξξῖδιέῖὲρειξε,
1580 4362 1880 4450 Eamus»
1905 4392 1958 4450 υ

302 4425 399 4482 τοῦ
450 4426 668 4498 Ῥώμης
698 4425 1034 4498 (ἐπισκόπου.
1077 4425 1284 4483 Similis
1334 4425 1568 4486 habetur
1614 4425 1770 4489 locus
1822 4435 1880 4489 in

306 4497 644 4553 Testimoniis
674 4497 966 4568 Scriptura:
990 4516 1156 4554 sacra:
1183 4508 1238 4554 et
1264 4500 1317 4553 in
1347 4499 1549 4565 Quaest.
1585 4503 1656 4555 ad
1690 4505 1879 4557 Antio-

300 4570 456 4641 chum
485 4568 627 4641 infra
648 4568 894 4641 edendis.
927 4568 1051 4641 Mox,
1084 4570 1213 4625 editi
1249 4578 1376 4641 an_te
1402 4572 1709 4641 μετάνοιαν,
1742 4576 1879 4629 arti-

301 4640 484 4713 eulum
517 4639 721 4713 habent
743 4640 865 4710 τήν,
892 4640 1009 4713 qui_
1024 4640 1177 4713 deest
1206 4641 1261 4694 in
1299 4638 1490 4713 Regio,
1556 4641 1876 4713 Seguerian.

300 4709 523 4785 Gobler.
565 4708 862 4785 Anglicah.
884 4708 939 4764 et
968 4709 1113 4785 Fele.
1145 4710 1167 4763 1
1201 4710 1345 4785 et
1386 4708 1557 4785 Paulo
1590 4708 1712 4785 post
1742 4713 1876 4785 Reg.

301 4788 357 4857 et
384 4777 635 4857 Seguer.,
660 4777 991 4857 συγγνώμην
1034 4777 1175 4857 εἶν-αι
1214 4783 1334 4857 τοῖς.
1374 4782 1511 4857 μετὰ
1555 4777 1615 4836 τὸ
1642 4777 1878 4857 λουτρὸν

299 4850 670 4925 αμαρτάνουσι
690 4850 1342 4925 Δ(ξῖεες.,λάμαρτάνονταῇ
1368 4850 1580 4925 εἴρηται
1606 4854 1667 4907 τὸ
1694 4850 1875 4925 ῥητόν.

301 4917 501 4995 ςῖοὺίει·
527 4929 581 4995 et
614 4917 853 4995 Felclgni.
887 4923 911 4975 1
935 4917 962 4989 ,⁷
985 4917 1487 4995 ςάγζγνῴμηνίεῐναὶ
1516 4926 1627 4988 τοῖς
1654 4917 1793 4995 μετὰ
1819 4925 1880 4978 τὸ

299 4989 525 5063 λουτρὸν
552 4990 949 5063 ἁμαρτάνουσι.
995 4989 1109 5044 και
1141 4989 1371 5063 γάρτό,
1414 4995 1634 5050 omissis
1654 4989 1875 5051 'mediis.

298 5059 445 5114 Editi
471 5070 526 5114 et
551 5059 643 5115 alii
668 5059 814 5117 recte
839 5062 1063 5128 habent,
1092 5072 1153 5116 ut
1182 5059 1237 5116 in
1266 5072 1546 5118 contextu.

372 5130 450 5201 (8)
488 5130 690 5206 Regius
729 5141 783 5206 et
823 5130 1048 5206 Seguer.
1081 5132 1196 5206 so|i_
1233 5143 1357 5206 post
1386 5135 1493 5206 γάρ
1526 5134 1725 5190 habent
1764 5136 1873 5190 καί.

295 5199 605 5275 Mo‘x'edtti‘,
635 5202 796 5275 ῥητὸν
826 5199 1132 5275 είρημένον.
1164 5199 1266 5275 Sed
1304 5199 1615 5275 ρητόνόυιη
1649 5207 1789 5260 desit
1822 5208 1878 5259 in

299 5270 709 5344 lteg.ASeguer.
740 5270 967 5327 Gobler.
997 5282 1051 5327 et
1088 5270 1328 5344 Felekm'.
1360 5270 1421 5337 ’1,
1463 5283 1517 5329 et
1549 5275 1752 5344 alioqui
1784 5293 1878 5331 su-

297 5341 598 5417 peremuat,
627 5352 966 5417 expunctum
988 5352 1088 5417 est.
1125 5341 1297 5417 Paulo
1337 5353 1457 5417 post
1490 5345 1589 5415 τήν
1619 5341 1745 5400 ante
1782 5364 1878 5417 με-

298 5412 515 5465 τάνοιαν
545 5413 745 5467 desunt
781 5413 835 5468 in
870 5412 1089 5468 Goblcr.
1119 5422 1173 5468 et
1201 5412 1396 5468 Felc.l
1431 5427 1486 5470 et
1512 5412 1566 5468 2'.

372 5482 449 5557 (_9)
480 5480 611 5553 Reg.
650 5492 705 5557 et
733 5481 1107 5557 _S_eguerian.,_
1125 5482 1434 5557 πολλὰῌκαὶ
1476 5484 1596 5557 καθ’
1639 5486 1872 5557 ἡμέραν.

298 5551 619 5628 (lower.
655 5551 898 5628 Feleltfn.
930 5553 981 5618 1,
1022 5552 1194 5607 πολλὰ
1228 5554 1346 5625 μεθ’
1377 5556 1612 5628 ἡμέραν.
1660 5551 1800 5611 Editi
1825 5569 1877 5612 et

292 5623 413 5685 alii,
436 5621 766 5694 (πολλὰ-καθ’
790 5624 1025 5694 ἡμέραν.

361 5692 482 5765 (40)
512 5693 589 5749 lta
612 5691 743 5764 Reg.
771 5691 1168 5765 et’Segucrian.
1200 5695 1360 5765 Editi,
1389 5697 1448 5752 οὐ
1477 5696 1717 5754 δυνατόν.
1748 5695 1873 5755 Mox

1991 3160 2285 3232 ἁρπαγμὸν
2332 3160 2576 3231 ἡγήσατο
2610 3160 2673 3212 τὸ
2715 3156 2853 3213 εῖναι
2909 3159 2997 3212 ἴσα
3037 3158 3173 3231 Θεῷ·
3228 3159 3343 3214 ἀλλ’
3391 3162 3593 3214 ἑαυτὸν

1992 3250 2248 3315 ὲκένωσε,
2287 3251 2501 3323 μορφὴν
2558 3250 2745 3306 δούλου
2795 3249 2975 3304 λαϐὼν
3028 3251 3163 3321 (15),
3193 3252 3286 3306 καὶ
3337 3254 3587 3323 σχήματι

1991 3339 2237 3411 εὑρεθεὶς
2277 3340 2354 3404 ὡς
2401 3340 2708 3412 ἄνθρωπος.
2749 3340 3146 3394 Ἐταπείνωσεν
3205 3341 3419 3404 ἑαυτὸν,
3484 3344 3591 3395 ὑπο

1989 3434 2151 3503 ήκοος
2171 3431 2461 3503 γενόμενος
2490 3431 2651 3502 μέχρι
2672 3431 2924 3497 Θανάτου,
2944 3430 3176 3485 θανάτου
3199 3432 3255 3485 δὲ
3277 3431 3534 3504 σταυροῦ.
3560 3452 3584 3485 ο

1993 3524 2093 3579 Διὰ
2114 3522 2275 3577 τοῦτο
2299 3523 2411 3594 (14)
2430 3523 2538 3594 γὰρ
2562 3523 2692 3587 Θεὸς
2722 3522 2797 3577 ὣν
2827 3525 2920 3578 καί
2949 3524 3236 3595 ἄνθρωπος
3265 3524 3585 3595 γενόμενος,

1993 3616 2070 3680 ὡς
2102 3616 2202 3687 μὲν
2218 3616 2351 3679 Θεὸς
2379 3616 2570 3687 ἤγειρε
2626 3616 2874 3685 νεκροὺς,
2926 3617 3019 3669 καὶ
3061 3616 3203 3687 λόγῳ
3256 3617 3465 3680 πάντας
3492 3616 3591 3674 θετ

1998 3708 2269 3781 ραπεύων,
2303 3706 2564 3779 μετέϐαλε
2596 3708 2690 3761 καὶ
2736 3706 2799 3760 τὸ
2829 3706 2972 3779 ὕδωρ
2994 3709 3075 3771 είς
3100 3702 3260 3762 οἶνοψ
3297 3709 3359 3761 οὐ
3379 3710 3490 3779 γὰρ
3512 3704 3589 3779 ἦν

1992 3799 2282 3871 ἀνθρώπου
2346 3798 2519 3853 ταῦτα
2573 3799 2711 3870 ἔργα
2776 3798 2909 3869 (15)⁶
2949 3799 3025 3862 ὡς
3059 3801 3116 3853 δὲ
3168 3800 3326 3871 σῶμα
3372 3801 3586 3871 φορῶν,

1988 3892 2145 3962 eatea
2168 3893 2260 3946 καὶ
2279 3890 2495 3955 ἐκοπία,
2528 3892 2625 3945 καὶ
2664 3890 2920 3961 ἔπασχεν·
2960 3891 3023 3944 οὐ
3043 3889 3153 3961 γὰρ
3176 3885 3244 3962 ἦν
3271 3891 3379 3943 ῐδια
3406 3890 3588 3944 ταῦτα

1985 3984 2085 4055 τῆς
2110 3984 2378 4054 θεότητος.
2419 3983 2530 4037 Καὶ
2557 3982 2633 4048 ὡς
2668 3982 2767 4053 μὲν
2796 3982 2927 4046 Θεὸς
2951 3982 3157 4051 έλεγεν·
3194 4002 3214 4033 ι
3253 3981 3396 4051 Ἐγὼ
3417 3985 3477 4036 ὲν
3499 3983 3589 4055 τῷ

1986 4078 2187 4151 Πατρὶ,
2210 4077 2304 4131 καὶ
2333 4075 2571 4147 ὁΠατὴρ
2619 4077 2679 4130 ὲν
2739 4074 2915 4146 ἐμοί’»
2947 4076 3024 4139 ὡς
3077 4076 3134 4130 δὲ
3170 4076 3329 4148 σῶμα
3369 4076 3584 4150 φορῶν.

2033 4220 2081 4252 ⁸⁸
2113 4217 2269 4274 Joan.
2304 4234 2417 4284 xxv,
2454 4216 2541 4273 11.

1985 4373 2108 4435 post
2138 4364 2306 4435 ἡμᾶς,
2341 4362 2394 4416 in
2438 4361 2597 4417 editis
2642 4361 2921 4486 leéebatur
2953 4380 3125 4427 τινας.
3155 4378 3276 4433 quae
3303 4378 3409 4418 vox
3447 4381 3578 4421 eum

1985 4435 2125 4486 desit
2152 4437 2207 4486 in
2239 4432 2372 4486 Rea.
2405 4431 2629 4486 Seuuer.
2728 4432 2898 4486 obler.
2931 4444 2986 4486 et
3008 4433 3248 4486 Felekm.
3280 4434 3331 4486 1.
3359 4444 3578 4486 exnun-

1984 4431 2125 4490 desit
2152 4431 2207 4487 in
2239 4432 2372 4503 Reg.
2405 4431 2629 4504 Seguer.
2680 4431 2898 4487 Gobler.
2931 4444 2986 4488 et
3008 4431 3248 4489 Felckm.
3280 4434 3331 4498 1,
3359 4444 3580 4505 expun-

1984 4512 2329 4646 cuil‘isll'ileg.
2359 4580 2413 4627 et
2442 4571 2925 4646 Seguer_ian._soli,
2953 4573 3015 4646 τὸ
3050 4573 3425 4646 μὲν-παλαιόν,
3461 4591 3578 4633 non

1983 4643 2145 4716 male.
2194 4643 2376 4716 Papia
2407 4652 2528 4716 post
2571 4643 2722 4716 editi,
2751 4643 2832 4716 id);
2860 4643 3093 4716 amores.
3143 4643 3249 4699 Sed
3279 4646 3335 4700 in
3376 4644 3576 4716 Regio,

1985 4714 2209 4778 Seguer.
2245 4712 2559 4767 Goblerian.
2589 4723 2643 4767 et
2671 4713 2814 4768 Felc.
2851 4714 2901 4778 1,
2937 4713 3011 4776 ὡς
3040 4716 3210 4769 deest.

2080 4786 2165 4856 l2)
2194 4784 2284 4838 Sic
2312 4784 2476 4856 Rasil.
2501 4784 2714 4856 Anglic.
2738 4793 2793 4838 et
2819 4785 2968 4856 editi.
3002 4783 3134 4856 Reg.
3154 4799 3303 4850 vero,
3336 4785 3572 4856 Seguer.

1982 4853 2201 4911 Go'ble'r.
2237 4862 2291 4907 et
2317 4853 2463 4908 Felc.
2508 4853 2558 4918 1,
2588 4854 2812 4976 μείζονα
2846 4855 3021 4907 πάντα
3056 4855 3155 4924 τῆς
3198 4856 3257 4907 ὲν
3285 4854 3363 4925 τῷ
3396 4853 3571 4927 ῥητῷ.

1982 4926 2104 4976 Mox
2145 4924 2457 4976 Goblerian.
2490 4933 2545 4976 et.
2632 4923 2770 4976 elck.
2804 4924 2827 4975 1
2856 4967 2870 4976 .
2902 4924 3288 4976 παρακαλέσας
3319 4925 3410 4976 τὸν
3456 4928 3571 4976 Κύ-

1981 4926 2104 4980 Mox
2145 4924 2457 4996 Goblerian.
2490 4933 2545 4977 et
2588 4923 2770 4996 Felck.
2804 4924 2870 4996 1,
2902 4923 3288 4996 παρακαλέσας
3319 4923 3410 4977 τὸν
3453 4923 3578 4979 K5-

1986 5015 2119 5082 ριον,
2155 4995 2246 5047 ἐπὶ
2284 4993 2380 5065 τὴν
2425 4994 2753 5065 οἰκονομίαν.
2807 4993 3011 5050 Ibidem
3072 4995 3384 5065 Anglicum,
3434 4997 3576 5050 x10-

1984 5067 2413 5208 ιςῖῗζςαάοιιιετ.
2456 5133 2785 5208 θιῈεΙοιιιιι.
2827 5131 2880 5198 1,
2925 5132 3108 5188 λαϐὼν
3140 5136 3383 5207 ὑπήκοος
3413 5152 3566 5203 γεν.,

1981 5203 2201 5260 omissis
2233 5206 2592 5260 intermediis.

2053 5275 2163 5347 (14)
2198 5274 2503 5347 Διὰ-τοῦτο,
2536 5285 2666 5347 ete.,
2694 5274 2810 5329 bzec
2850 5274 3105 5347 leguntur
3131 5273 3375 5347 ilicone.
3407 5273 3573 5330 Late-

1980 5342 2101 5430 τοτὲ.
2133 5342 2264 5430 tum.
2300 5344 2786 5430 Vlﬁogciliorum,
2819 5342 2943 5430 pag.
2978 5344 3104 5429 594.
3130 5342 3335 5430 Ibidem
3362 5346 3568 5430 legitur

1980 5417 2033 5469 in
2058 5412 2314 5486 Lateran.
2336 5435 2348 5469 :
2383 5415 2701 5486 Ἀνθρωπος
2716 5412 2974 5486 γεγονῷς,
3004 5414 3080 5486 ὡς
3115 5414 3212 5483 μὲν
3238 5414 3373 5486 Θεὸς
3400 5412 3479 5486 ὧν
3504 5416 3572 5469 τὸ

1979 5571 2073 5610 και
2111 5571 2327 5617 εκοπια,
2361 5571 2455 5609 και
2489 5571 2741 5627 επασχεν·
2783 5574 2844 5607 ου
2872 5571 2981 5626 γαρ
3006 5572 3099 5607 ουν
3134 5571 3239 5608 ιοια
3262 5571 3440 5608 ταυτα
3463 5572 3568 5625 της

1980 5627 2249 5697 θεότητος.
2277 5627 2395 5679 Mox
2424 5625 2626 5697 Regius
2656 5634 2710 5680 et
2734 5623 2982 5697 Segne“
3010 5625 3189 5697 πάντα
3219 5624 3564 5697 θεραπεύων.

2050 5692 2162 5771 (ιβ)
2194 5697 2404 5768 Anglic.
2432 5692 2650 5753 beler.
2689 5705 2741 5751 et
2783 5694 2964 5752 Felck.
2998 5696 3025 5751 1
3046 5737 3061 5764 ,
3090 5695 3262 5750 ταῦτα
3282 5692 3360 5750 ’τὰ
3399 5695 3562 5767 ἔργα..
