3822 6226
192 345 306 403 65Ἱ

1215 342 1554 401 EPISTOLA
1595 344 1664 401 IV
1704 296 1796 400 iu)
1836 341 2296 401 SERAPIONEM.

3362 339 3469 397 658

193 458 400 531 ἧλεγχε
430 458 557 520 τούς
587 454 889 520 Ἰουδαίους
930 472 950 507 ι
980 456 1046 510 Τί
1091 474 1159 529 με
1196 456 1407 529 ζητεῖτε
1444 460 1778 521 ἀποκτεῖναι,

1895 456 2084 512 minem
2108 458 2203 528 qui
2237 457 2521 512 veritatem
2552 453 2709 511 vobis
2748 454 2965 510 locutus
2996 467 3142 520 sum,
3172 468 3340 524 quam
3369 470 3470 508 au-

196 550 509 621 ἇνθρωπον,
528 548 588 612 ὃς
614 547 713 620 τὴν
747 547 1004 620 ἀλήθειαν
1026 550 1155 620 ὑμῖν
1174 549 1470 622 λελάληκα,
1490 552 1555 622 ἢν
1579 551 1787 621 ἥκουσα

197 642 353 714 παρὰ
374 639 467 695 τοῦ
496 641 712 712 Πατρός
734 657 749 706 ;
781 660 801 692 ι
846 640 1085 710 Ἐγίνετο
1110 642 1167 695 δὲ
1187 640 1357 696 ταῦτα
1390 643 1500 715 (16)
1523 643 1584 697 ού
1605 644 1788 715 διῃρη-

198 735 381 804 μένως
420 734 561 787 κατὰ
590 733 689 805 τὴν
737 732 845 786 τῶν
897 734 1194 805 γινομένων
1229 736 1509 808 ποιότητα,
1543 734 1685 790 ὥστε
1717 736 1787 790 τὰ

197 825 302 896 μὲν
331 824 425 878 τοῦ
461 824 710 895 σώματος
733 824 903 897 χωρὶς
938 825 1039 896 τῆς
1071 825 1341 897 θεότητος,
1368 827 1437 880 τὰ
1455 826 1511 879 δὲ
1541 826 1640 897 τῆς
1670 826 1787 880 θεό-

194 934 362 987 τητος
393 918 562 988 χωρὶς
588 913 684 968 τοῦ
728 915 980 987 σώματος
1038 916 1365 971 δείκνυσθαιο
1422 918 1786 989 συνημμένως

194 1009 256 1062 δὲ
283 1009 464 1062 πάντα
498 1008 727 1076 ἐγίνετο,
757 1007 852 1061 καὶ
896 1002 975 1072 εἷς
997 1003 1065 1080 ἦν
1109 1012 1138 1063 6
1183 1009 1357 1064 ταῦτα
1384 1011 1552 1066 ποιῶν
1582 1010 1785 1083 Κύριος

198 1099 524 1171 παραδόξως
552 1102 619 1171 τῇ
652 1098 843 1152 ἑαυτοῦ
892 1100 1095 1172 χάριτι.
1161 1102 1366 1156 Ἐπτυε
1418 1102 1527 1175 γὰρ
1579 1103 1786 1176 ἀνθρω-

196 1191 391 1255 πίνως,
416 1190 508 1244 καὶ
534 1190 596 1244 τὸ
619 1191 840 1262 πτύσμα
860 1188 927 1263 ἦν
955 1191 1153 1246 ἔνθεοψ
1192 1195 1250 1249 ὲν
1287 1193 1435 1265 αὐτῷ
1468 1195 1575 1267 γὰρ
1612 1195 1784 1250 ἐποίει

194 1282 328 1346 τοὺς
361 1279 676 1353 ὀφθαλμοὺς
700 1280 793 1335 τοῦ
822 1284 887 1335 ἐκ
920 1283 1144 1354 γενετῆς
1178 1283 1292 1356 (17)
1320 1284 1519 1354 τυφλοῦ
1559 1284 1785 1339 ἀναϐλέ-

196 1391 345 1428 πειν.
379 1375 489 1434 Καὶ
515 1373 786 1427 δεικνύναι
814 1374 871 1426 δὲ
897 1374 1064 1429 θέλων
1090 1376 1278 1429 ἑαυτὸν
1294 1376 1445 1442 Θεὸν,
1470 1376 1784 1451 ἀνθρωπίνῃ

194 1465 414 1537 γλώττῃ
440 1464 595 1520 τοῦτο
653 1466 933 1536 σημαίνων
984 1466 1185 1536 ἔλεγεν·
1226 1487 1246 1520 ι
1302 1466 1441 1537 Ἐγὼ
1489 1469 1640 1523 καὶὸ
1671 1470 1783 1522 Πα-

197 1558 306 1629 τὴρ
334 1557 391 1609 έν
421 1557 604 1626 ἐσμενο
624 1577 639 1607 ι
676 1557 771 1611 καὶ
808 1558 991 1633 μόνον
1017 1559 1073 1613 δὲ
1107 1559 1274 1613 θέλων
1314 1560 1616 1633 ἐθεράπευε
1647 1560 1780 1632 (18).

198 1648 315 1720 Τὴν
339 1647 398 1701 δὲ
431 1646 778 1720 ἀνθρωπίνην
807 1632 1060 1704 ἐκτείνων
1095 1653 1273 1722 χεῖρα,
1307 1653 1497 1725 ἦγειρε
1533 1652 1631 1724 τὴν
1656 1670 1783 1705 πεν-

196 1739 367 1812 θερὰν
416 1734 624 1811 Πέτρου
656 1740 1056 1812 πυρέσσουσαν,
1100 1743 1196 1797 καὶ
1256 1742 1354 1813 τὴν
1392 1743 1486 1797 τοῦ
1527 1745 1783 1816 ἀρχισυν-

196 1833 421 1903 αγώγου
451 1832 726 1904 θυγατέρα
773 1834 874 1907 ἤδη
897 1835 1295 1910 τελευτήσασαν
1343 1839 1406 1891 ὲκ
1437 1836 1543 1890 τῶν
1576 1837 1784 1908 νεκρῶν

195 1926 514 1997 ἀνήγειρεν.

270 2016 360 2070 15.
399 2020 678 2090 Αἱρετικοὶ
711 2021 811 2092 μὲν
838 2014 931 2074 οὖν
953 2019 1096 2073 κατὰ
1125 2021 1224 2093 τὴν
1263 2022 1399 2077 ἰδίαν
1430 2024 1783 2080 ἀπαιδευσίαν

194 2107 501 2177 ἐμάνησαν·
545 2110 640 2163 καὶ
668 2112 715 2162 οί
746 2111 844 2181 μὲν
892 2110 962 2165 τὰ
1022 2111 1311 2182 σωματικά
1349 2114 1638 2185 βλέποντες
1687 2117 1782 2171 τοῦ

195 2200 453 2273 Σωτῆρος
477 2204 781 2275 ἠρνήσαντο
804 2204 883 2269 τὸ,
918 2224 937 2256 ι
985 2205 1072 2258 Ἐν
1114 2205 1258 2278 ἀρχῇ
1322 2201 1390 2278 ἦν
1423 2210 1451 2261 6
1480 2208 1706 2278 Λόγος-ι
1734 2212 1784 2263 οἱ

90 2328 113 2341 ο
193 2291 257 2345 δὲ
280 2291 352 2345 τὰ
404 2294 503 2364 τῆς
541 2294 791 2363 θεότητος
825 2293 1157 2366 θεωροῦντες
1212 2296 1486 2369 ἠγνόησαν
1513 2300 1594 2364 τὸ,
1657 2320 1675 2353 ε
1726 2303 1784 2357 Ὁ

194 2383 374 2453 Λόγος
408 2384 545 2456 σὰρξ
582 2386 849 2453 ἐγένετο.»
889 2387 947 2440 Ὀ
994 2386 1051 2440 δὲ
1080 2388 1271 2452 πιστὸς
1316 2391 1409 2443 καὶ
1431 2392 1785 2459 ἀποστολικὺς

195 2476 362 2548 ἀνὴρ,
402 2476 558 2542 εἰδὼς
591 2477 688 2549 τὴν
720 2477 812 2531 τοῦ
843 2479 1047 2551 Κυρίου
1104 2480 1533 2553 φιλανθρωπίαν,
1573 2485 1784 2556 βλέπων

197 2567 303 2637 μὲν
326 2566 395 2620 τὰ
451 2568 551 2639 τῆς
606 2567 860 2641 θεότητος
908 2573 1127 2642 σημεῖα,
1166 2572 1432 2643 θαυμάζει
1470 2577 1561 2629 τὸν
1620 2580 1677 2631 ὲν
1705 2579 1784 2650 τῷ

196 2654 414 2727 σώματι
470 2656 692 2729 Κύριον-
745 2658 963 2732 θεωρῶν
1000 2659 1057 2713 δὲ
1093 2661 1254 2717 πάλιν
1287 2664 1380 2717 καὶ
1441 2665 1509 2720 τὰ
1539 2666 1653 2738 (19)
1688 2667 1782 2722 τοῦ

195 2748 455 2819 σώματος
488 2749 612 2815 ἴδια,
641 2751 1184 2824 ύπερεκπλήσσεται,
1241 2758 1519 2812 κατανοῶν
1576 2759 1675 2831 τὴν
1727 2761 1784 2813 ὲν

194 2837 386 2902 αὐτοῖς
413 2839 515 2911 τῆς
562 2840 813 2912 θεότητος
850 2842 1147 2914 ἐνέργειαν.
1202 2845 1471 2919 Τοιαύτης
1526 2848 1583 2901 δὲ
1617 2847 1785 2920 ούσης

193 2930 299 3002 τῆς
328 2930 786 3005 ἐκκλησιαστικῆς
818 2934 1072 3001 πίστεως,
1108 2937 1237 2991 ὃταν
1283 2940 1427 3003 τινὲς
1472 2941 1553 3004 είς
1596 2940 1664 2996 τὰ
1694 2943 1786 2995 ἀν-

196 3016 450 3090 θρώπινα
481 3019 787 3089 βλέποντες,
821 3022 969 3076 ἴδωσι
1000 3025 1089 3078 τὸν
1121 3026 1323 3098 Κύριον
1376 3027 1615 3098 διψῶντα
1648 3029 1784 3101 (20),

1887 548 1998 603 divi
2026 564 2057 604 a
2086 547 2246 604 Patre
2262 548 2305 580 ⁸⁷
2325 548 2376 602 ί»
2399 547 2526 603 Haec
2557 554 2738 602 autem
2773 558 3120 616 nequaquam
3148 545 3364 600 divisim
3397 544 3472 597 fa-

1888 648 1973 694 cta
1992 648 2118 695 sunt
2137 639 2293 710 juxta
2316 649 2591 712 gestarum
2621 653 2802 693 rerum
2827 637 3127 704 rationem;
3158 637 3233 691 ita
3264 645 3324 691 ut
3347 652 3470 705 qum

1887 747 1919 786 a
1950 746 2176 802 corpore
2206 732 2417 798 ﬁerent,
2441 730 2561 785 sine
2595 729 2882 784 divinitate
2913 746 2928 794 ;
2960 743 3089 798 quae
3113 735 3299 783 autem
3333 743 3362 781 a
3387 728 3471 780 di-

1885 822 2129 889 vinitate,
2160 821 2280 877 sine
2310 834 2537 891 corpore
2569 818 2987 884 exhiberentur;
3013 818 3108 873 sed
3130 817 3468 887 conjunctim

1886 918 2068 973 omnia
2103 917 2421 989 agebantur,
2447 924 2502 971 et
2527 929 2670 969 unus
2695 921 2815 969 erat
2848 913 3116 969 Dominus
3147 912 3240 982 qui
3268 925 3333 966 ea
3358 909 3467 963 mi—
3546 900 3557 911 ’

1884 1000 2128 1066 rabiliter
2161 1025 2257 1081 per
2286 1024 2444 1066 suam
2474 1008 2741 1065 efﬁciebat
2770 1007 3019 1079 gratiam.
3052 1004 3292 1076 Spuebat
3318 1002 3466 1058 enim

1886 1112 1946 1158 ut
1992 1102 2179 1170 homo,
2225 1109 2446 1172 sputum
2489 1111 2674 1157 tamen
2725 1100 2969 1157 divinum
2999 1106 3138 1162 erat,
3166 1111 3260 1167 per
3285 1096 3466 1166 ipsum

1885 1195 2086 1266 quippe
2134 1209 2280 1250 cazco
2316 1209 2347 1249 a
2386 1194 2668 1249 nativitate
2713 1192 2893 1248 visum
2946 1189 3206 1245 restituit.
3243 1187 3465 1244 Etcum

1885 1288 2045 1342 vellet
2094 1300 2216 1342 sese
2236 1283 2407 1340 Deum
2440 1285 2720 1349 exhibere,
2749 1284 2989 1337 humana
3014 1281 3202 1352 lingua
3225 1279 3466 1349 idipsum

1886 1380 2202 1450 significans
2236 1378 2415 1434 aiebat
2439 1397 2453 1432 :
2501 1396 2519 1428 ι
2544 1376 2658 1449 Ego
2672 1386 2726 1433 et
2750 1374 2912 1430 Pater
2939 1390 3108 1429 unum
3134 1371 3385 1430 sumus“
3405 1385 3421 1425 :
3442 1390 3462 1423 ι

1884 1472 2111 1541 solaque
2138 1470 2423 1525 voluntate
2456 1483 2555 1524 sua
2576 1467 2827 1523 sanabat.
2857 1464 3166 1521 Humanam
3199 1464 3330 1519 item
3357 1478 3469 1517 ma~

1884 1577 2014 1616 num
2049 1559 2379 1621 extendens,
2405 1573 2625 1614 socrum
2655 1557 2800 1612 Petri
2831 1555 3232 1611 febricitantem
3273 1552 3466 1615 erexit,

1885 1661 1938 1707 et
1983 1650 2403 1723 archisynagogi
2448 1649 2616 1705 filiam
2664 1649 2777 1719 jam
2807 1648 3124 1705 defunctam
3159 1660 3191 1702 a
3236 1644 3471 1701 mortuis

1884 1745 2191 1802 suscitavit.

1954 2010 2041 2067 15.
2072 2008 2323 2066 Haeretici
2350 2005 2840 2082 igiturignorantia
2861 2020 2960 2063 sua
2993 2002 3307 2060 insaniunt:
3336 2015 3469 2071 quo-

1883 2119 2005 2159 rum
2041 2104 2133 2157 alii
2161 2117 2422 2173 corporea
2453 2100 2756 2158 Salvatoris
2788 2097 3165 2168 respicientes,
3198 2102 3468 2164 negarunt

1886 2194 2040 2257 illud.
2077 2213 2095 2245 ‹
2123 2193 2181 2249 ln
2212 2194 2480 2264 principio
2508 2200 2627 2248 erat
2654 2190 2893 2247 Verbum
2928 2190 2972 2222 ⁸³
3004 2208 3017 2244 :
3060 2208 3079 2241 ι
3112 2187 3205 2242 alii
3238 2201 3361 2257 quae
3383 2184 3466 2241 di-

1883 2288 2129 2344 vinitatis
2158 2295 2287 2343 sunt
2313 2294 2645 2360 spectantes,
2675 2286 3069 2355 ignoraverunt
3100 2281 3256 2347 illud,
3294 2299 3315 2332 ί
3339 2278 3471 2333 Ver-

1883 2379 2014 2435 bum
2050 2395 2180 2435 caro
2219 2379 2421 2435 factum
2453 2387 2539 2434 est
2560 2378 2627 2432 ⁵⁰.
2659 2397 2678 2430 ι
2709 2377 2806 2433 Vir
2833 2385 3016 2432 autem
3045 2375 3218 2431 fidelis
3246 2382 3301 2430 et
3331 2387 3468 2443 apo-

1886 2472 2131 2539 stolicus,
2161 2487 2363 2543 gnarus
2395 2469 2697 2526 Dominicte
2720 2469 3090 2540 benignitatis,
3121 2466 3215 2522 ubi
3243 2466 3466 2535 conspi-

1886 2563 1960 2616 cit
1979 2563 2278 2618 divinitatis
2305 2563 2481 2633 signa,
2506 2561 2738 2616 miratur
2761 2572 2881 2616 eum
2907 2561 3003 2631 qui
3029 2561 3084 2614 in
3107 2571 3336 2629 corpore
3360 2568 3469 2620 est.

1886 2654 2200 2711 Dominum.
2244 2653 2459 2711 Rursus
2500 2670 2626 2710 cum
2669 2670 2734 2711 ea
2772 2668 2894 2725 quae
2932 2652 3148 2723 corpori
3182 2658 3312 2706 sunt
3342 2664 3473 2719 pro-

1885 2747 2003 2818 pria
2038 2747 2302 2810 intuetur,
2334 2747 2691 2818 obstupescit,
2728 2746 3106 2801 animadversa
3139 2744 3195 2798 in
3238 2743 3347 2798 illis
3388 2741 3472 2797 di—

1886 2840 2130 2897 vinitatis
2168 2839 2426 2895 eﬂicacia.
2478 2839 2761 2908 Ejusmodi
2816 2854 2943 2894 cum
2985 2837 3058 2892 sit
3098 2834 3473 2892 ecclesiastica

1887 2935 2054 3000 ﬁdes,
2100 2932 2195 2987 ubi
2228 2931 2448 3002 quidam
2493 2932 2735 2987 humana
2791 2939 3135 3003 spectantes,
3179 2928 3472 2984 Dominum

1888 3028 2075 3083 vident
2116 3027 2411 3093 sitientem,
2447 3026 2529 3082 vel
2567 3027 2928 3093 laborantem,
2954 3025 3039 3081 vel
3066 3025 3383 3095 patientem,
3418 3029 3475 3076 et

195 3110 233 3180 ἢ
272 3108 572 3177 κοπιῶντα,
604 3111 637 3183 ἢ
677 3113 974 3184 πάσχοντα,
997 3117 1093 3170 καὶ
1120 3118 1279 3188 μόνον
1305 3118 1686 3193 φλυαρήσωσιν
1710 3122 1785 3187 ὡς

1895 3117 2160 3174 Salvatori
2191 3118 2337 3173 velut
2363 3116 2568 3172 homini
2606 3118 2954 3172 obtrectant:
2988 3128 3315 3186 magnopere
3349 3111 3474 3183 qui;

195 3203 345 3257 κατὰ
371 3204 659 3276 ἀνθρώπου
699 3207 793 3260 τοῦ
833 3209 1104 3281 Σωτῆρος,
1151 3212 1518 3284 ἁμαρτάνουσι
1559 3217 1657 3287 μὲν
1689 3235 1785 3289 με·

195 3297 406 3365 γάλως,
438 3297 685 3353 δύνανται
734 3300 792 3352 δὲ
817 3301 985 3372 ὅμως,
1020 3303 1229 3374 ταχέως
1269 3306 1782 3375 μεταγινώσκοντες,

195 3388 501 3457 λαμϐάνειν
549 3389 899 3461 συγγνώμην,
961 3391 1174 3463 ἔχοντες
1208 3394 1480 3465 πρόφασιν
1539 3396 1637 3469 τὴν
1690 3396 1783 3451 τοῦ

200 3478 457 3549 σώματος
483 3480 763 3535 ἀσθένειαν
803 3482 1027 3552 (ἔχουσι
1071 3482 1180 3553 (21)
1211 3483 1320 3558 γάρ
1371 3486 1464 3541 καὶ
1497 3487 1587 3541 τὸν
1624 3489 1785 3543 Ἀπό-

200 3570 391 3626 στολον
422 3572 746 3646 συγγνώμην
786 3575 968 3639 αὐτοῖς
1010 3576 1262 3647 νέμοντα,
1314 3580 1410 3633 καὶ
1441 3582 1601 3635 οίονεὶ
1631 3584 1787 3655 χεῖρα

197 3664 391 3727 αὐτοῖς
434 3666 490 3716 ὲν
540 3665 617 3736 τῷ
662 3666 841 3735 λέγειν
880 3668 1207 3735 ἐκτείνοντα,
1259 3671 1339 3724 ὅτι
1379 3690 1398 3723 ι
1440 3674 1549 3727 Καὶ
1601 3674 1788 3746 ὁμολο-

200 3755 489 3826 γουμένως
529 3756 671 3827 μέγα
721 3759 839 3812 ἐστὶ
894 3760 956 3813 τὸ
1006 3762 1101 3826 τῆς
1154 3763 1433 3828 εὐσεϐείας
1468 3767 1785 3838 μυστήριον,

199 3845 340 3909 Θεὸς
364 3844 681 3918 ἐφανερώθη
716 3848 773 3900 ὲν
806 3849 969 3920 σαρκί
1003 3850 1072 3917 ι).
1099 3851 1266 3905 Ὅταν
1297 3851 1354 3903 δὲ
1397 3852 1557 3906 πάλιν
1588 3853 1657 3907 τὰ
1688 3854 1789 3925 τῆς

202 3937 460 4009 θεότητος
484 3937 622 4009 ἔργα
651 3938 979 4011 θεωροῦντες
1003 3959 1167 4007 τινες,
1203 3942 1494 4009 διστάζωσι
1525 3945 1634 4017 (‘22)
1658 3947 1788 4019 περὶ

200 4031 305 4102 τῆς
328 4030 424 4084 τοῦ
449 4031 699 4103 σώματος
732 4034 967 4103 φύσεως,
987 4036 1080 4088 καὶ
1108 4036 1263 4089 αὐτοὶ
1292 4036 1389 4108 μὲν
1415 4038 1788 4107 ἁμαρτάνουσι

200 4123 273 4177 τὰ
314 4123 568 4194 μέγιστα,
624 4124 727 4187 ὅτι,
780 4124 958 4178 καίτοι
1024 4124 1314 4195 βλέποντες
1370 4126 1617 4181 ἐσθίοντα
1694 4130 1790 4183 καὶ

203 4214 507 4283 πάσχοντα,
535 4215 897 4285 φαντάζονται
947 4216 1267 4286 φαντασίανο
1297 4217 1690 4287 συγγινώσκειν
1731 4221 1789 4275 δὲ

199 4306 356 4375 ὅμως
380 4305 474 4358 καὶ
506 4305 715 4370 τούτοις
735 4306 950 4376 ταχέως
980 4307 1480 4377 μεταγινώσκουσιν
1508 4310 1537 4362 6
1555 4310 1790 4382 Χριστὸς

198 4395 451 4458 δύναται,
484 4394 572 4449 διὰ
618 4396 682 4450 τὸ
722 4398 817 4451 κα)¹
845 4398 1043 4462 αὐτοὺς
1091 4398 1234 4471 ἔχειν
1265 4400 1534 4472 πρόφασιν
1571 4402 1671 4474 τὴν
1723 4405 1788 4457 ὲκ

1886 3210 2011 3266 dem
2035 3216 2279 3280 peccant,
2312 3217 2544 3279 possunt
2588 3217 2768 3263 tamen
2815 3208 3064 3263 celeriter
3096 3206 3471 3276 paenitentiam

1887 3303 2117 3374 agendo,
2145 3303 2355 3356 veniam
2386 3301 2669 3371 consequi,
2694 3317 2818 3356 cum
2847 3301 3081 3355 habeant
3114 3314 3213 3369 pro
3242 3313 3473 3353 excusa-

1886 3394 2034 3449 tione
2071 3392 2500 3449 imbecillitatem
2553 3393 2802 3463 corporis
2844 3392 3006 3462 (cum
3056 3391 3295 3445 maxime
3323 3392 3473 3461 Apo-

1887 3486 2060 3541 stolns
2111 3484 2328 3539 veniam
2366 3485 2446 3541 eis
2495 3485 2760 3539 concedat
2799 3492 2854 3538 et
2896 3483 3056 3553 quasi
3094 3474 3319 3537 manum
3362 3480 3473 3535 illis

1878 3576 2149 3647 porrigat,
2194 3576 2311 3631 haec
2343 3574 2614 3630 dicendo:
2656 3592 2676 3625 ‹
2705 3574 2914 3629 Revera
2955 3588 3216 3644 magnum
3243 3579 3327 3627 est
3354 3571 3473 3642 pie-

1886 3670 2011 3725 tatis
2028 3670 2345 3740 mysterium
2364 3708 2379 3733 ,
2404 3666 2547 3722 Deus
2574 3665 2953 3720 manifestatus
2972 3674 3055 3719 est
3071 3664 3123 3717 in
3155 3678 3321 3718 carne
3340 3664 3470 3733 "9).

1886 3761 2025 3818 Cum
2066 3772 2248 3815 autem
2276 3774 2471 3814 rursus
2499 3757 2723 3827 quidam
2766 3755 3070 3813 divinitatis
3093 3770 3257 3825 opera
3287 3754 3474 3809 consi-

1889 3852 2164 3917 derantes,
2184 3850 2560 3906 dubitaverint
2587 3849 2653 3903 de
2675 3848 2925 3918 corporis
2952 3856 3170 3914 natura,
3200 3846 3303 3916 ipsi
3328 3861 3468 3915 quo-

1888 3962 1995 4018 que
2024 3945 2262 4001 maxime
2284 3950 2532 4014 peccant,
2570 3941 2734 4011 quod,
2767 3942 2893 3996 licet
2917 3955 3041 3995 eum
3074 3938 3296 3995 videant
3320 3952 3473 3992 com-

1887 4038 2135 4093 edentem
2203 4043 2258 4090 et
2334 4036 2664 4105 patientem,
2729 4034 3056 4103 phantasma
3116 4030 3475 4085 nihilominus

1890 4129 2070 4199 ipsum
2096 4127 2464 4182 arbitrentur:
2488 4141 2677 4182 verum
2716 4125 2825 4181 illis
2849 4125 2977 4179 item
3008 4123 3119 4179 cito
3148 4121 3473 4192 resipiscen-

1890 4224 2037 4278 tibus
2066 4221 2284 4277 veniam
2316 4220 2569 4277 Christus
2602 4221 2807 4277 donare
2838 4227 3017 4290 potest
3048 4236 3063 4273 :
3092 4219 3238 4290 quod
3282 4225 3337 4273 et
3367 4217 3473 4288 ipsi

1891 4331 1991 4385 pro
2012 4314 2368 4370 excusatione
2389 4313 2649 4379 habeant,
2671 4311 3100 4384 magnitudinem
3128 4325 3354 4381 Operum
3373 4310 3472 4364 ho-

1893 4406 2061 4461 minis
2090 4413 2419 4474 potestatem
2446 4404 2847 4459 excedentium.
2885 4401 3087 4457 Verum
3117 4410 3469 4472 posteaquam

200 4486 315 4540 τῶν
348 4485 525 4558 ἔργων
572 4489 714 4561 ὑπὲρ
750 4489 1035 4560 ἄνθρωπον
1072 4491 1488 4565 μεγαλειότητα.
1534 4493 1784 4551 Ἐπειδὰν

1895 4505 2251 4565 utrorumque
2272 4495 2549 4550 inscitiam
2580 4503 2635 4550 et
2658 4482 2955 4550 caecitatem
2991 4493 3349 4565 supergressi,
3374 4493 3469 4562 qui

277 4608 324 4641 "’
354 4607 513 4663 Joan.
541 4626 660 4675 vm,
696 4611 787 4667 40.
865 4612 910 4645 ⁸⁸
956 4610 1114 4668 Joan.
1141 4632 1196 4682 x,
1226 4614 1314 4670 '50.
1389 4615 1435 4648 ”
1468 4614 1626 4671 Joan.
1659 4634 1696 4684 ι,
1734 4618 1784 4674 1.

1895 4621 1909 4652 ³
1942 4619 2070 4674 ibid.
2099 4618 2185 4671 M.
2264 4617 2310 4650 ⁸¹
2340 4615 2527 4671 lTim.
2557 4634 2640 4681 ιιι,
2678 4617 2764 4671 16.

279 4701 392 4773 (l6)
416 4701 551 4787 ἓξὲξ.
583 4713 636 4757 et
677 4704 924 4787 §eguc~r.,
950 4708 1100 4779 παρὰ
1130 4708 1224 4761 τοῦ
1253 4709 1465 4787 Πατρός
1497 4728 1617 4787 μου.
1650 4712 1785 4787 Ibid.

202 4773 323 4827 haec
357 4791 379 4853 ι.
416 4773 657 4854 Ἰξγὶνετο
680 4773 958 4854 δεῖταῦτα,
983 4773 1115 4854 etc,
1148 4794 1333 4854 usque
1356 4773 1421 4834 ad
1464 4773 1634 4834 ποιῶν
1676 4782 1791 4854 Κύ-

243 4860 323 4906 ιος
368 4844 655 4911 inclusive,
683 4846 953 4903 habentur
981 4849 1037 4902 in
1083 4844 1277 4904 conci].
1310 4848 1564 4906 Lateran.
1597 4853 1789 4907 eodem

224 4929 352 4967 υοο.

420 4981 557 5065 Reg,
592 4983 815 5065 Seguer.
848 4987 1064 5061 Anglic.
1092 5000 1146 5045 et
1188 4988 1372 5045 Felck.
1401 4989 1467 5055 2,
1499 4992 1783 5064 γεννητῆς.

199 5050 582 5128 Editietalii.
610 5050 859 5128 γεῖιετῆς.

276 5122 392 5204 (1-8)
411 5123 556 5204 _l{eg.
580 5122 634 5179 et
650 5122 905 5204 §egu'er.,
933 5128 1289 5204 ἐθεράπευσε.
1320 5129 1443 5185 Mox
1466 5131 1529 5204 δέ
1556 5132 1709 5187 deest
1738 5133 1795 5187 in

198 5192 530 5273 prlerianI
562 5206 617 5273 et
648 5192 899 5273 Felick_m._
924 5192 1173 5273 l._lidem
1217 5216 1366 5273 mox,
1392 5201 1793 5273 πυρέσσουσαν,

199 5264 476 5345 αίρετικο).
523 5265 657 5345 μέν,
710 5269 934 5324 omissis
977 5264 1358 5345 intermediis.'
1392 5264 1521 5345 Haec
1557 5282 1738 5345 autem
1778 5290 1791 5326 :

200 5334 475 5417 αἱρετικοὶ
510 5334 633 5417 μέν,
664 5352 787 5417 οριη
818 5341 1174 5417 sequentibus
1205 5341 1342 5396 bene
1374 5343 1557 5417 multis
1592 5343 1797 5417 baben-

200 5412 293 5480 ειη·
327 5406 383 5455 in
426 5406 662 5480 concilio
697 5406 1080 5480 Lateranensi,
1115 5410 1234 5465 loco
1266 5427 1432 5480 supra
1458 5414 1643 5468 citato.
1670 5413 1795 5467 Mox

197 5470 486 5557 Ealeranq
523 5476 666 5557 κατὰ
692 5470 1462 5557 τὴνμοὶκε-ίανάπαιδευσίαν.
1484 5482 1706 5557 _Regius
1737 5492 1793 5538 et

201 5545 458 5623 segnem,
488 5547 630 5599 κατὰ
653 5545 763 5623 τῆν’
779 5548 914 5623 ἰδίαν
947 5550 1321 5623 ἀπαιδευσίαν.
1355 5552 1498 5607 Ε(Ιίιί
1533 5545 1790 5610 θινοωιθτί

201 5618 391 5696 ininus
419 5618 768 5696 r_et-te,“x_a:=dt
806 5619 1087 5696 τῂν-ἰδίαν
1135 5622 1439 5696 παίδευσιν.
1476 5623 1612 5681 Ibid.
1657 5625 1785 5682 edit.

200 5684 811 5761 (_lo.m1ne_l_.‘et_Felcl_tm.
836 5684 891 5753 Ξ,
915 5690 1199 5761 ὲμάνισαν,
1230 5694 1506 5751 mendose.

274 5752 392 5825 (19)
421 5753 505 5809 Τά
528 5756 685 5839 deest
707 5759 762 5813 in
788 5752 1014 5839 Seguér.

1968 4712 2100 4782 (20),
2130 4711 2347 4767 Gobler.
2389 4718 2443 4764 et
2482 4710 2720 4765 Felckm.
2758 4709 2807 4775 l,
2851 4709 3000 4782 ἴδωσι
3041 4707 3133 4782 τὸν
3174 4707 3380 4782 Κύριον
3406 4706 3476 4759 τὰ

1894 4783 1987 4872 τοῦ
2040 4779 2291 4853 σώματος
2337 4782 2637 4855 πάσχοντα,
2702 4781 2796 4834 καὶ
2861 4780 3019 4851 μόνον
3070 4779 3477 4850 φλυαρήσουσιν

1896 4866 2243 4992 ω’(’ἓῗ)011ιεο
2282 4935 2405 4992 qua:
2433 4920 2652 4992 uncinis
2700 4919 3076 4982 includuntur,
3114 4933 3291 4988 usque
3320 4917 3387 4971 ad
3416 4919 3477 4972 ὲν

1898 4991 2087 5065 σαρκί.
2132 4994 2187 5046 in
2232 4991 2397 5047 nullis
2442 4991 2725 5046 codicibus
2777 4991 3066 5062 leguntur,
3110 4998 3477 5058 praeterquam

1899 5066 1953 5116 in
1992 5061 2231 5116 Felckm.
2269 5063 2324 5116 2.
2353 5061 2447 5116 ubi
2477 5061 2543 5115 ad
2567 5062 2868 5116 marginem
2893 5069 3021 5115 sunt
3042 5061 3243 5116 serinta
3283 5078 3296 5113 :
3332 5059 3477 5113 unde

1898 5069 1953 5118 in
1993 5069 2231 5117 Felckm.
2269 5069 2324 5124 2,
2353 5069 2447 5116 ubi
2477 5069 2543 5115 ad
2567 5069 2868 5131 marginem
2893 5069 3021 5115 sunt
3042 5069 3243 5126 scripta
3283 5078 3296 5113 :
3332 5069 3480 5113 unde

1891 5136 2144 5189 videntur
2200 5134 2384 5202 potius
2435 5131 2708 5202 glossema
2772 5131 3058 5201 cujusdam
3116 5130 3257 5185 alius
3300 5142 3475 5202 esse,

1892 5219 2056 5274 qnam
2093 5199 2382 5257 Athanasii
2414 5199 2600 5274 verba.
2626 5199 2861 5274 Placuit:
2878 5210 3062 5274 tamen
3110 5214 3175 5254 ea
3216 5199 3474 5274 retinere,

1892 5268 2017 5329 cum
2042 5274 2385 5342 exploratum
2416 5272 2643 5327 omnino
2676 5288 2783 5325 non
2821 5271 2911 5338 sit,
2953 5271 3132 5325 sintne
3174 5268 3474 5342 adjectitia,
3580 5286 3581 5291 η
3626 5292 3627 5295 η

1894 5360 1985 5407 an,
2017 5339 2139 5400 cum
2176 5344 2229 5397 in
2267 5343 2390 5397 aliis
2440 5342 2720 5397 codicibus
2754 5342 2887 5395 vitio
2921 5341 3228 5396 scribarum
3268 5339 3474 5393 omissa

1894 5414 2149 5480 fuissent,
2181 5413 2247 5468 ad
2284 5413 2450 5482 hujus
2475 5412 2681 5465 codicis
2715 5410 3299 5482 marginemrrestituta
3323 5410 3473 5482 sint:

1900 5485 2046 5554 quod
2095 5500 2204 5539 non
2254 5479 2423 5539 semel
2468 5482 2725 5537 vidimus.
2771 5479 3129 5536 ln'omnibus
3160 5479 3321 5535 editis
3360 5479 3477 5533 haec

1853 5608 1864 5619 ,
1898 5556 2087 5609 eadem
2124 5555 2413 5609 habentur.

1968 5625 2083 5697 (2‘2)
2116 5623 2250 5697 lteg.
2284 5623 2508 5697 Seguet'.
2531 5621 2752 5697 Gobler.
2784 5620 3104 5697 ctj‘elckm;
3138 5621 3195 5697 1,
3214 5618 3478 5697 διστάσῳ-

1902 5690 2224 5765 σιξΑὴείίοῖ
2252 5703 2306 5765 et
2341 5693 2577 5765 Felclgtn.
2618 5693 2676 5758 ‘2,
2707 5692 3018 5765 διστάξωσι.
3057 5691 3218 5765 Basil.
3258 5698 3313 5744 et
3342 5690 3483 5755 edit,

1897 5761 2437 5833 Ρανίε.,’διστάζωσι.
2467 5763 2608 5822 Edit.
2638 5764 2927 5832 Commel.,
2952 5761 3281 5830 διστάξουσι,
