3822 6226
372 240 487 297 659

992 236 1053 293 S.
1098 232 1480 295 ATHANASII
1515 232 1671 289 OPP.
1709 230 1892 287 PARS
1931 231 1972 288 l.
2012 263 2085 275 —
2113 227 2489 286 lllSTORlCA
2525 227 2613 283 ET
2654 225 3076 283 DOGMATICA.

3544 222 3654 280 660

371 363 625 419 videntur
654 359 859 417 habere
894 360 1028 430 legis
1066 358 1352 415 scientiam
1388 356 1602 428 (quales
1647 362 1766 409 tum
1792 361 1952 409 erant

2160 351 2258 423 τὴν
2310 350 2632 423 ἀμφοτέραν
2704 348 2911 404 τούτων
2965 349 3189 417 ἄγνοιαν
3249 344 3344 399 καὶ
3407 344 3659 416 πήρωσιν

370 450 787 524 Pharisaei),in
830 450 1097 506 insaniam
1141 449 1287 504 versi
1331 446 1571 513 fuerint,
1600 454 1658 502 et
1702 446 1849 516 quod
1900 445 1958 500 in

368 558 599 612 corpore
629 554 715 599 est
736 541 996 610 Verbum,
1018 541 1246 597 omnino
1276 540 1615 611 negaverint,
1644 546 1739 592 aut
1759 536 1959 593 divini-

365 635 496 690 tatis
526 649 689 704 opera
711 633 929 690 diabolo
947 632 1177 704 ejusque
1205 632 1551 688 daemonibus
1579 629 1955 693 attribuerint,

368 725 566 780 merito
596 739 695 795 pro
727 724 824 780 tali
857 724 1138 796 impietate
1164 723 1553 795 indeprecabili
1584 731 1715 779 sunt
1745 719 1956 790 suppli-

369 816 457 870 cio
489 816 734 872 obnoxii.
769 815 907 871 Nam
941 825 996 873 et
1017 816 1295 872 diabolum
1330 831 1432 886 pro
1458 815 1571 872 Deo
1598 814 1952 869 habuerunt:

371 921 607 976 eumque
646 908 743 979 qui
791 923 921 964 vere
942 916 998 964 et
1039 910 1225 980 reipsa
1257 907 1401 964 Deus
1434 915 1539 975 est,
1568 905 1959 962 existimarunt

371 996 548 1053 nihilo
573 1000 697 1069 plus
724 999 779 1055 in
804 1001 1062 1068 operibus
1082 1015 1244 1071 posse
1266 1014 1431 1071 quam
1460 1000 1762 1054 daemones.

2071 442 2406 515 ὑπερϐάντες
2428 444 2479 495 οἱ
2501 441 2783 505 δοκοῦντες
2809 440 2953 511 ἔχειν
2985 437 3080 493 τοῦ
3126 439 3294 524 νόμου
3320 436 3421 509 τὴν
3457 435 3662 506 γνῶσιν

2071 531 2196 606 (οἷοι
2219 531 2358 607 ἦσαν
2397 533 2510 607 (25)
2556 535 2607 588 οἱ
2668 533 2790 586 τότε
2840 529 3145 605 Φαρισαῖοι)
3193 532 3275 593 είς
3315 528 3517 601 μανίαν
3540 544 3666 599 τρα-

2070 627 2244 691 πῶσι,
2282 628 2377 681 καὶ
2397 626 2560 681 αὐτὸν
2592 626 2682 680 τὸν
2714 627 2773 679 ὲν
2801 625 2880 696 τῷ
2907 622 3121 696 σώματι
3165 622 3295 675 ὄντα
3331 620 3443 691 (24)
3495 618 3667 689 Λόγον

2069 720 2251 775 τέλεον
2275 720 2639 793 ἀρνήσωνται,
2667 719 2703 792 ἢ
2742 719 2839 774 καὶ
2866 719 2936 773 τὰ
2988 719 3089 790 τῆς
3140 716 3392 787 θεότητος
3424 714 3566 785 ἔργα
3593 711 3669 783 τῷ

2068 796 2301 883 διαϐόλῳ
2326 812 2560 876 καὶτοῖς
2602 812 2795 865 τούτου
2844 810 3094 881 δαίμοσιν
3139 808 3509 879 ἀναφέρωσιψ
3538 805 3675 858 εἰκό-

2066 920 2178 967 τως
2206 902 2595 974 άσύγγνωστον
2640 903 2824 975 ἔχουσι
2854 903 2955 975 τὴν
2984 905 3050 957 ὲκ
3094 900 3197 971 τῆς
3245 899 3508 968 τοιαύτης
3539 897 3667 950 ἀσε-

2066 994 2219 1059 ϐείας
2251 994 2555 1068 ἐπιτιμίαν.
2592 995 2697 1049 Τόν
2718 1013 2779 1049 τε
2825 995 2936 1067 γὰρ
2987 992 3234 1048 διάϐολον
3275 993 3357 1053 είς
3382 990 3515 1044 Θεὸν
3552 987 3673 1040 ὲλο-

373 1094 614 1165 γίσαντο,
675 1097 899 1151 καὶτὸν
959 1096 1214 1169 ἀληθινὸν
1264 1096 1360 1151 καὶ
1407 1095 1577 1160 ὄντως
1621 1093 1750 1150 ὄντα
1799 1091 1953 1157 Θεὸν,
1990 1091 2145 1145 οὐδὲν
2206 1093 2371 1146 πλέον
2436 1095 2495 1148 έν
2562 1095 2679 1156 τοῖς
2744 1093 2928 1164 ἔργοις
3003 1090 3152 1162 ἔχειν
3230 1088 3343 1143 τῶν
3402 1086 3677 1158 δαιμόνων

490 1209 672 1247 σαντο.

490 1209 672 1247 σαντο.

375 1193 608 1361 ήγὲεε
650 1289 734 1344 16.
764 1287 823 1344 In
850 1288 1118 1361 ejusmodi
1151 1289 1316 1360 igitur
1347 1288 1681 1360 impietatem
1716 1287 1960 1360 prolapsi

376 1390 536 1437 erant
564 1381 711 1438 illius
754 1383 1013 1451 temporis
1043 1380 1214 1437 Judaei
1246 1390 1301 1437 et
1328 1381 1469 1437 inter
1500 1380 1718 1437 Iudaeos
1765 1379 1963 1436 Phari-

379 1476 495 1533 saei.
537 1454 820 1531 Salvatore
859 1475 1007 1531 enim
1052 1476 1342 1531 exhibente
1392 1489 1556 1545 opera
1598 1473 1778 1530 Patris
1817 1474 1967 1545 (nam
2001 1450 2045 1510 Β

378 1574 631 1621 mortuos
678 1565 970 1632 excitabat,
1015 1565 1174 1622 cacis
1212 1568 1392 1621 visum
1437 1565 1700 1632 donabat,
1746 1564 1968 1622 claudos

384 1656 668 1714 ambulare
698 1656 950 1724 faciebat,
984 1658 1166 1713 surdis
1192 1658 1438 1713 auditum
1471 1659 1769 1731 aperiebat,
1801 1658 1970 1714 mutis

381 1749 654 1818 loquelam
701 1749 1026 1819 praestabat,
1075 1748 1495 1820 declarabatque
1538 1750 1651 1811 sibi
1697 1751 1971 1806 subditam

387 1849 695 1895 creaturam
730 1855 874 1905 esse,
908 1840 1184 1911 imperans
1210 1841 1408 1908 ventis,
1444 1842 1499 1897 in
1530 1842 1649 1912 ipso
1689 1844 1830 1898 mari
1878 1844 1973 1900 de-

384 1930 719 1999 ambulans),
741 1930 915 1985 turbae
943 1931 1162 2002 quidem
1191 1931 1651 2002 obstupescebant
1678 1941 1734 1987 et
1769 1932 1975 2004 gloriﬁ-

383 2022 581 2078 cabant
629 2021 844 2077 Deum:
884 2032 938 2078 at
985 2030 1175 2079 contra
1221 2023 1527 2080 admirandi
1559 2025 1636 2079 illi
1672 2023 1932 2081 Phariszei
1957 2067 1972 2092 ,

386 2116 607 2174 aiebant
648 2113 985 2173 Beelzebulis
1013 2131 1135 2174 esse
1160 2116 1431 2187 ejusmodi
1465 2133 1630 2188 opera
1662 2137 1675 2172 :
1712 2134 1814 2174 nec
1848 2135 1976 2174 eru-

382 2211 682 2268 bescebant
712 2210 1032 2281 insipientes
1072 2211 1150 2265 illi
1195 2210 1292 2266 Dei
1332 2219 1654 2281 potestatem
1702 2212 1759 2266 in
1784 2211 1978 2267 diabo-

384 2301 499 2358 lum
528 2301 844 2359 transferre.
873 2300 1164 2373 Undejure
1180 2304 1377 2360 merito
1408 2302 1656 2360 Salvator
1686 2306 1982 2363 declaravit

388 2393 786 2466 blasphemiam
838 2392 1087 2465 proferre
1132 2394 1406 2461 homines,
1449 2412 1572 2467 qua:
1614 2412 1719 2453 nec
1769 2400 1981 2454 veniam

388 2504 492 2545 nec
545 2487 927 2544 remissionem
976 2487 1219 2542 haberet.
1257 2485 1393 2542 Nam
1440 2489 1571 2544 dum
1610 2489 1853 2545 humana
1896 2505 1984 2546 re-

388 2580 708 2650 Spieientes,
737 2580 1109 2635 claudicarent
1147 2580 1355 2647 animo,
1407 2581 1652 2638 dicentes
1684 2600 1698 2638 :
1737 2602 1757 2634 ι
1791 2581 1985 2639 Nonne

390 2673 483 2729 hic
511 2681 597 2729 est
628 2672 717 2729 ille
757 2671 899 2728 fabri
926 2671 1069 2728 [ilius
1089 2671 1175 2725 ενι
1210 2693 1230 2725 ι
1264 2682 1322 2729 et
1353 2690 1368 2728 :
1408 2692 1426 2725 ι
1451 2674 1739 2741 Quomodo
1773 2676 1864 2731 hic
1895 2676 1985 2730 lit-

2107 1278 2233 1353 Ἰϐ.
2275 1299 2372 1365 El;
2399 1299 2657 1362 τοιαύτην
2675 1299 2857 1354 τοίνυν
2885 1296 3141 1352 ἀσέϐειαν
3165 1293 3520 1357 πεπτωκότες
3536 1287 3677 1363 ἦσαν

2072 1398 2123 1450 οἱ
2157 1396 2280 1450 τότε
2324 1395 2587 1457 Ἰουδαῖοι,
2623 1391 2720 1445 καὶ¹
2767 1388 2876 1442 τῶν
2949 1386 3229 1441 Ἰουδαίων
3274 1386 3323 1439 οἱ
3365 1383 3672 1455 Φαρισαῖοι.

2075 1486 2183 1539 Τοῦ
2203 1484 2313 1556 γάρ
2325 1484 2478 1555 Σωτῆ
2491 1500 2579 1555 ρος
2594 1478 2932 1541 δεικνύοντος
2947 1476 3063 1547 (25)
3086 1475 3155 1529 τὰ
3170 1474 3265 1527 τοῦ
3278 1472 3494 1544 Πατρδς
3512 1471 3671 1544 ἔργα,

2077 1577 2339 1649 (νεκροὺς
2371 1575 2480 1647 γὰρ
2508 1574 2720 1646 ἧγειρε,
2748 1570 2971 1640 τυφλοῖς
2999 1565 3285 1638 ἐχαρίζετο
3326 1564 3389 1617 τὺ
3427 1562 3671 1635 βλέπειν,

2076 1667 2284 1739 χωλοὺς
2312 1666 2485 1719 ἐποίει
2514 1663 2858 1735 περιπατεῖν,
2891 1658 3093 1730 κωφῶν
3121 1659 3308 1729 ἤνοιγε
3344 1656 3445 1727 τὴν
3473 1652 3672 1724 ἀκοὴν,

2077 1757 2310 1822 ἀλάλους
2343 1756 2519 1811 ἐποίει
2541 1755 2744 1820 λαλεῖν,
2770 1753 2865 1806 καὶ
2891 1751 2990 1823 τὴν
3018 1750 3195 1804 κτίσιν
3220 1743 3674 1816 ὑποτεταγμένην

2077 1846 2368 1912 ἐδείκνυεν,
2399 1845 2707 1900 ἐπιτάσσων
2737 1846 2851 1908 τοῖς
2903 1843 3125 1914 ἀνέμοις
3148 1881 3164 1907 ,
3205 1840 3301 1894 καὶ
3347 1836 3678 1911 περιπατῶν

2078 1962 2165 2016 ἐπ’
2180 1960 2353 2031 αὐτῆς
2363 1960 2463 2031 τῆς
2479 1958 2746 2030 θαλάττης
2764 1955 2925 2031 [26]),
2939 1957 2989 2010 οἱ
3008 1956 3104 2028 μὲν
3120 1954 3267 2025 ὄχλοι
3283 1948 3482 2023 ὲξέπλή
3490 1967 3683 2004 σσοντο

2080 2053 2177 2107 καὶ
2206 2050 2457 2118 ἐδόξαζον
2487 2050 2583 2103 τὸν
2635 2047 2798 2102 Θεόν·
2845 2047 2897 2102 οἱ
2941 2046 2999 2100 δὲ
3042 2044 3346 2115 θαυμαστοὶ
3385 2042 3678 2113 Φαρισαῖοι

2080 2144 2265 2214 ἔλεγον
2317 2142 2413 2197 τοῦ
2458 2140 2789 2205 Βεελζεϐοὺλ
2828 2135 2967 2193 εἶναι
3009 2138 3079 2191 τὰ
3122 2134 3350 2191 τοιαῦτα
3372 2133 3549 2206 ἔργα·
3581 2134 3679 2188 καὶ

2082 2238 2183 2290 οὐκ
2209 2235 2505 2307 ᾐσχύνοντο
2557 2235 2609 2287 oi
2634 2233 2867 2304 ἄφρονες
2895 2232 2995 2303 τὴν
3023 2228 3117 2283 τοῦ
3156 2228 3290 2283 Θεοῦ
3320 2227 3553 2297 δύναμιν
3584 2226 3681 2278 ἐπὶ

2082 2328 2173 2381 τὸν
2200 2325 2443 2381 διάϐολον
2463 2323 2882 2397 μεταφέροντες.
2905 2321 3069 2376 Ὅθεν
3100 2319 3409 2382 ἀκολούθως
3429 2320 3457 2371 ό
3486 2316 3683 2393 Σωτὴρ

2085 2417 2447 2489 ἀσύγγνωστα
2478 2418 2575 2471 καὶ
2599 2416 2818 2486 ἄφυκτα
2851 2414 3197 2486 βλασφημεῖν
3228 2411 3428 2475 αὐτοὺς
3452 2410 3680 2479 ἀπεφή-

2084 2528 2230 2564 νατο.
2256 2510 2404 2572 Ἕως
2431 2509 2528 2580 μὲν
2548 2507 2658 2579 γὰρ
2683 2506 2764 2570 εἰς
2780 2506 2848 2559 τὰ
2877 2504 3194 2578 ἀνθρώπινα
3222 2502 3519 2575 βλέποντες
3542 2498 3683 2572 exib-

2085 2600 2238 2654 λευον
2285 2602 2354 2672 τῇ
2399 2598 2644 2670 διανοίᾳ,
2678 2598 2963 2667 λέγοντες·
3013 2614 3034 2676 ι
3085 2595 3200 2665 Ούχ
3244 2586 3399 2655 οὗτός
3449 2591 3616 2676 ἐστινᾷ
3652 2593 3681 2643 ὁ

2086 2691 2182 2746 τοῦ
2223 2691 2338 2765 (27)
2371 2691 2624 2755 τέκτονος
2671 2691 2816 2755 υἰόςς
2856 2708 2875 2741 ι
2924 2674 3061 2752 καὶ,
3104 2707 3121 2739 ι
3182 2684 3308 2750 Πῶς
3363 2677 3521 2747 οὗτος
3570 2674 3681 2735 οἶδε

389 2774 537 2821 teras
562 2766 688 2835 scit,
717 2754 843 2822 cum
871 2780 983 2820 non
1012 2765 1267 2822 didicerit
1285 2765 1378 2821 "‘l
1413 2785 1433 2819 ι
1464 2775 1519 2823 et
1544 2785 1559 2822 :
1589 2786 1609 2819 ι
1638 2766 1795 2835 Quod
1828 2777 1885 2824 tu
1909 2767 1981 2824 fa-

2134 2754 2418 2856 ράμῖμσὶταν
2475 2782 2550 2855 μὴ
2599 2779 2976 2854 μεμαθηκώςς
3015 2799 3034 2832 ι
3069 2778 3187 2844 καὶ,
3237 2796 3257 2830 ι
3290 2775 3357 2831 Τί
3405 2776 3472 2830 σὺ
3504 2776 3683 2838 ποιεῖς

391 2858 472 2914 cis
504 2857 718 2928 signum
753 2858 820 2913 de
848 2858 1025 2928 teipso
1049 2859 1122 2913 '"?
1154 2878 1173 2912 ι
1201 2868 1256 2916 et
1284 2877 1297 2913 :
1339 2880 1358 2912 ι
1397 2861 1705 2918 Descendat
1741 2878 1889 2918 nunc
1917 2863 1981 2919 de

2134 2879 2220 2950 ερὶ
2253 2875 2482 2930 σεαυτοῦ
2515 2878 2783 2948 σημεῖον;
2824 2894 2843 2926 ι
2879 2875 2992 2937 καὶ,
3037 2893 3056 2925 ι
3097 2870 3403 2942 Καταϐήτω
3446 2868 3545 2923 νῦν
3571 2867 3681 2921 ἀπὸ

393 2963 577 3016 cruce,
608 2958 663 3004 et
697 2949 985 3006 credemus
1014 2951 1064 3006 ei
1090 2951 1171 3018 ⁸⁸;
1207 2972 1227 3004 ι
1255 2953 1525 3023 patienter
1559 2954 1682 3010 tulit
1706 2955 1981 3022 homines,

392 3050 583 3112 utpote
621 3041 716 3113 qui
749 3042 805 3097 in
836 3041 1035 3098 Filium
1068 3044 1311 3102 hominis
1341 3056 1652 3116 peccarent,
1683 3047 1986 3120 dolensque

393 3150 560 3206 super
587 3134 808 3190 illorum
842 3136 1081 3191 excitate
1122 3136 1378 3192 dicebat:
1415 3155 1434 3189 ι
1477 3136 1537 3193 Si
1585 3139 1985 3210 cognovissetis

395 3235 451 3281 et
482 3241 581 3282 vos
603 3242 726 3297 qua:
754 3226 824 3281 ad
854 3242 1044 3297 pacem
1060 3228 1129 3281 ⁸⁸.
1166 3247 1186 3281 ι
1223 3227 1434 3284 Etenim
1467 3238 1523 3286 et
1565 3247 1766 3304 magno
1795 3231 1981 3299 Petro,

395 3316 541 3387 quod
588 3325 649 3373 ut
689 3316 756 3372 de
806 3316 1026 3373 homine
1075 3317 1323 3391 loquenti
1374 3321 1630 3385 ostiariaz,
1660 3316 1859 3377 eodem
1892 3322 1983 3376 ille

395 3410 563 3466 modo
597 3410 990 3481 respondisset,
1031 3411 1268 3482 ploranti
1317 3412 1527 3484 ignovit
1568 3412 1854 3470 Dominus.
1884 3413 1987 3471 Ve-

398 3518 523 3558 rum
555 3503 649 3559 ubi
684 3504 761 3559 illi
785 3505 900 3575 jam
935 3514 1093 3561 antea
1123 3506 1302 3576 lapsi,
1329 3505 1527 3562 iterum
1555 3506 1795 3580 prolapsi
1833 3517 1983 3576 sunt,

396 3603 454 3648 et
495 3593 566 3650 ad
603 3595 872 3665 majorem
921 3595 1194 3651 insaniam
1252 3597 1608 3666 devenerunt,
1653 3598 1730 3654 ita
1780 3608 1840 3654 ut
1889 3598 1987 3656 Dei

399 3701 567 3755 opera
618 3684 958 3743 Beelzebulis
992 3704 1117 3744 esse
1149 3688 1435 3755 dicerent,
1465 3705 1576 3745 non
1606 3691 1839 3747 ulterius
1863 3692 1987 3747 illos

400 3779 566 3833 tulit:
600 3778 657 3834 in
692 3796 853 3836 suum
898 3781 1046 3836 enim
1096 3780 1360 3852 Spiritum
1405 3782 1859 3854 blasphemabant
1903 3784 1987 3839 di-

400 3878 585 3926 centes
632 3885 758 3927 eum
804 3873 899 3943 qui
954 3872 1071 3928 haec
1118 3871 1319 3929 faceret
1368 3889 1479 3929 non
1524 3890 1647 3931 esse
1680 3875 1853 3931 Deum
1891 3876 1986 3932 sed

402 3960 796 4019 Beelzebulem.
832 3964 1174 4035 Quapropter
1203 3982 1299 4022 eos
1320 4008 1337 4032 ,
1370 3976 1558 4037 utpote
1603 3985 1715 4024 non
1760 3968 1986 4025 ferenda

2088 2968 2183 3023 τοῦ
2214 2966 2471 3039 σταυροῦ,
2518 2969 2614 3022 καὶ
2656 2965 3020 3038 πιστεύσομεν
3066 2962 3248 3035 αὐτῷ’
3295 2982 3315 3015 ι
3343 2961 3542 3033 ἔφερεν
3577 2961 3677 3014 αὖ·

2088 3059 2235 3125 τοὺς,
2270 3061 2386 3124 καὶ,
2417 3059 2493 3124 ὡς
2526 3060 2608 3123 είς
2636 3057 2765 3111 Υίδν
2787 3055 3077 3130 ἀνθρώπου
3104 3053 3532 3127 ἁμαρτανόντων
3577 3053 3680 3105 αὖ·

2086 3148 2217 3213 τῶν,
2247 3148 2585 3221 λυπούμενος
2615 3150 2708 3203 ἐπὶ
2738 3151 2805 3220 τῇ
2831 3147 3089 3220 πωρώσει
3119 3144 3298 3202 αὐτῶν
3320 3143 3543 3214 ἔλεγενο
3573 3164 3591 3196 ι
3621 3144 3682 3197 Ei

2088 3239 2291 3310 ἔγνωτε
2326 3241 2421 3295 καὶ
2449 3240 2608 3313 ὑμεῖς
2632 3240 2702 3294 τὰ
2733 3242 2814 3305 εἰς
2858 3241 3103 3312 εἰρήνην.
3134 3258 3154 3291 ι
3186 3237 3297 3292 Καὶ
3324 3237 3436 3309 γὰρ
3469 3236 3567 3290 καὶ
3606 3235 3683 3307 τῷ

2092 3330 2311 3403 μεγάλῳ
2335 3329 2447 3405 (28)
2468 3331 2663 3404 Πέτρῳ
2685 3332 2762 3396 ὡς
2785 3332 2913 3405 περὶ
2935 3329 3225 3404 ἀνθρώπου
3247 3328 3568 3400 λαλησάσης
3583 3327 3684 3398 τῆς

2089 3421 2361 3496 θυρωροῦ,
2403 3424 2499 3477 καὶ
2539 3423 2713 3488 οὕτως
2741 3423 3193 3496 ἀποκρινομένῳ,
3239 3420 3484 3489 συνέγνω
3528 3419 3687 3474 κλαύ-

2089 3531 2241 3568 σαντι
2266 3515 2295 3568 ὁ
2324 3514 2552 3588 Κύριος.
2592 3515 2720 3569 Ὅτε
2740 3514 2799 3567 δὲ
2825 3514 3085 3576 πεσόντες
3118 3510 3566 3573 έπιπεπτώκασι,
3590 3511 3687 3563 καὶ

2089 3603 2252 3657 πλέον
2279 3604 2584 3677 ἐμάνησαν,
2616 3602 2758 3657 ὥστε
2793 3604 2862 3658 τὰ
2888 3603 2982 3657 τοῦ
3016 3602 3151 3656 Θεοῦ
3177 3602 3316 3674 ἔργα
3338 3601 3524 3670 λέγειν
3548 3597 3684 3654 εἶναι

2088 3696 2182 3750 τοῦ
2206 3696 2318 3767 (29)
2346 3696 2696 3762 Βεελζεϐοὺλ,
2726 3695 2920 3751 οὐκέτι
2952 3696 3138 3750 λοιπὸν
3181 3696 3385 3759 αὐτοὺς
3425 3694 3684 3765 ἡνεγκεν*

2091 3789 2172 3851 εἰς
2203 3788 2313 3861 γὰρ
2342 3789 2402 3842 τὸ
2425 3789 2650 3860 Πνεῦμα
2680 3787 2845 3841 αὑτοῦ
2872 3787 3279 3859 ἐϐλασφήμουν,
3316 3784 3573 3853 λέγοντες
3597 3786 3688 3838 τὸν

2090 3879 2267 3935 ταῦτα
2292 3879 2548 3935 ποιοῦντα
2584 3880 2658 3952 μὴ
2684 3874 2822 3934 εἶναι
2858 3878 3012 3944 Θεὸν,
3035 3877 3174 3933 ἀλλὰ
3200 3875 3554 3942 Βεελζεϐούλ.
3578 3876 3689 3930 Καὶ

2090 3970 2180 4024 διὰ
2206 3970 2395 4032 τοῦτο,
2438 3971 2515 4036 ὡς
2549 3972 2799 4042 ἀφόρητα
2829 3970 3166 4044 τολμῶντας,
3214 3969 3453 4033 αἱωνίως
3480 3971 3688 4039 ἐτιμω-

403 4068 588 4119 ausos,
622 4054 843 4111 aeternis
871 4054 1081 4111 addixit
1107 4057 1409 4128 suppliciis.
1441 4057 1674 4115 Perinde
1696 4060 1841 4116 enim
1864 4070 1981 4116 erat

2134 4062 2313 4133 ήσατο.
2348 4064 2495 4117 Ἴσον
2519 4063 2629 4134 γὰρ
2650 4059 2718 4134 ἦν
2745 4062 2942 4126 αὐτοὺς
2972 4061 3179 4133 τολμᾷν
3205 4062 3309 4131 ,καὶ
3343 4059 3459 4133 (50)
3485 4062 3686 4130 εἰπεῖν,

475 4236 521 4268 ⁵³
559 4232 753 4290 Matth.
790 4252 915 4306 xm,
946 4240 1035 4296 55.
1111 4240 1159 4272 ⁸³
1196 4237 1353 4294 Joan.
1390 4256 1489 4308 vn,
1535 4241 1624 4297 15.
1701 4244 1749 4276 ⁸⁵
1785 4243 1945 4300 Joan.
1977 4261 1981 4268 ·

2134 4247 2176 4301 ).
2252 4243 2527 4331 ".Matth.
2558 4261 2732 4311 xxv",
2770 4244 2861 4301 l2.
2937 4244 2985 4277 ⁸⁸
3057 4244 3192 4301 Luc.
3223 4259 3342 4310 xix,
3369 4241 3463 4298 42.

612 4394 1255 4488 ἓθςιξθιίθηῗσοῗοιιῆσαν
1285 4411 1447 4488 recte.
1483 4402 1723 4488 Regius:
1746 4406 1801 4488 οἳ
1829 4400 1988 4488 ἦσαν.

405 4464 580 4544 ξιὶῖιί,
603 4464 714 4523 oio;
735 4466 896 4544 ἦσαν.
928 4469 1053 4544 Mox
1080 4464 1368 4543 Φαρισαῖοι
1393 4472 1548 4529 deest
1564 4464 1635 4529 in
1669 4464 1814 4531 Felc.
1838 4464 1905 4544 ές
1935 4482 1991 4533 in

409 4540 636 4610 Seguer.
681 4540 938 4596 scribitur
967 4540 1305 4612 Φαρισσαῖοι,
1351 4552 1409 4598 et
1452 4547 1616 4612 vulgo
1667 4546 1822 4601 alias.
1865 4540 1995 4604 Post

404 4626 528 4664 eam
561 4625 752 4665 vocem
809 4611 925 4667 hinc
969 4611 1340 4682 sequebantur
1373 4614 1428 4668 in
1461 4611 1646 4679 editis,
1688 4618 1783 4671 καὶ
1815 4619 1866 4671 οἱ
1895 4618 1993 4672 νῦν

417 4682 708 4757 ζΑρειανοί,
738 4697 874 4757 quae
905 4697 1041 4757 cuni
1074 4682 1266 4757 desint
1294 4685 1351 4757 in
1381 4684 1513 4753 Reg.
1565 4686 1789 4757 Seguer.
1824 4688 1989 4744 Basil.

407 4751 622 4833 Anglic.
653 4751 871 4833 Gobler.
907 4760 963 4807 et
1000 4752 1240 4833 Felckm.
1289 4755 1341 4820 1,
1371 4764 1426 4811 et
1463 4751 1669 4828 alioqui
1716 4761 1995 4829 superflua

406 4822 721 4887 videantur,
748 4822 955 4878 omissa
989 4832 1136 4878 sunt.

416 4908 449 4967 ‘_
480 4891 595 4967 (2:5)
625 4893 794 4967 Ὄντα
824 4892 1291 4967 deest_inARegio,
1331 4894 1653 4967 Seguerian.
1689 4898 1911 4955 Goliler.
1940 4910 1996 4956 et

407 4961 725 5018 Felckman.
756 4964 810 5029 1,
845 4962 942 5019 sed
986 4961 1268 5029 legitur'in
1315 4961 1527 5023 caat'eris
1558 4979 1613 5024 et
1639 4971 1819 5025 editis.
1868 4971 1995 5026 Mox

408 5033 540 5115 Reg.
577 5032 812 5115 Seguer.‘
840 5044 895 5090 et
915 5032 1116 5115 .Basil:1
1135 5037 1478 5115 ἀρνήσωγται
1510 5051 1676 5115 recte,
1706 5040 1859 5115 editi,
1891 5043 1994 5115 ἀρ-

404 5105 680 5184 νήσονται.
721 5105 871 5159 Infra
914 5105 1044 5159 item
1078 5105 1212 5177 Reg.
1243 5105 1299 5162 et
1331 5107 1582 5179 Seguer.,
1622 5112 1799 5181 ὰναφέ
1837 5105 1992 5179 ωσίν,

406 5183 630 5236 rectius,
662 5190 829 5236 quam
857 5176 1012 5236 editi,
1045 5178 1427 5236 ἀναφέρουσιν.
1456 5179 1581 5236 Mox
1621 5182 1751 5236 edit.
1775 5129 1991 5236 (fomm.

406 5176 630 5238 rectius,
662 5190 829 5246 quam
857 5176 1012 5241 editi,
1045 5176 1427 5250 ἀναφέρουσινζ
1456 5179 1581 5236 Mox
1621 5176 1754 5236 edit.
1775 5176 1991 5238 Comm.

404 5258 531 5323 eum
566 5245 926 5323 quibusdam_
952 5248 1256 5323 Codigibus,
1300 5251 1402 5321 τὴν
1418 5251 1682 5323 ἐπὶ-τῆς
1715 5252 1992 5323 τοιαύτης.

402 5311 555 5401 ﬁdit.
582 5311 760 5401 Paris.
792 5325 847 5372 et
887 5315 1022 5390 Reg.
1058 5311 1277 5374 Gobler.
1327 5311 1381 5375 et
1418 5311 1677 5377 Felckm';
1705 5322 1727 5375 l
1755 5361 1770 5387 ,
1801 5326 1902 5394 τὴν
1930 5311 1996 5378 ἔκ

401 5399 521 5457 της,
538 5399 817 5457 Ἐριοξυτης-

475 5454 590 5527 (25)
632 5453 784 5527 Seg.,
814 5457 1142 5524 δεικνύντος.
1172 5459 1313 5515 Ibid.
1342 5460 1501 5516 Gohl.
1539 5460 1781 5519 Felckm.
1820 5464 1877 5527 l,
1900 5462 1995 5518 τοῦ

403 5524 1171 5608 Πατρὸςβργα-τᾲραύματα,
1204 5534 1250 5584 οἱ
1288 5533 1386 5608 μὲν
1414 5532 1559 5608 ὄχλοι
1591 5534 1799 5608 ἐξεπλ.,
1824 5524 1997 5608 ᾗιιιίεο

404 5590 729 5716 ἒξςαῖιὲιὲιὲἐεζ
788 5598 921 5656 una.
980 5590 1181 5673 Regius
1210 5612 1263 5659 et
1288 5590 1797 5678 ’δας-.,“ὲχαρῐσατοὶ
1829 5590 1996 5671 Eum,

435 5681 708 5737 χαριςετο.

2172 4409 2298 4492 (ξων
2329 4409 2476 4492 Sea;
2506 4406 2801 4492 θαλάσσης.-
2836 4402 2984 4492 ηιξ.
3008 4400 3687 4492 aequassem??-

2097 4471 2277 4536 Pa'ulo'
2297 4471 2420 4551 post
2441 4471 2747 4552 Θαυμαστοῖ
2762 4477 2914 4531 deest
2939 4475 2996 4528 in
3017 4473 3331 4530 Goblerian.
3362 4484 3418 4528 et
3440 4471 3688 4529 Felcltm.

2140 4566 2300 4606 rimo.

2101 4567 2300 4691 iulg).
2325 4619 2433 4674 Τοῦ
2464 4619 2617 4691 deest
2648 4618 2702 4672 in
2724 4615 2927 4691 editis.
2977 4614 3083 4691 sed
3116 4614 3315 4691 legitur
3342 4612 3411 4691 in
3431 4610 3609 4691 Regio
3638 4624 3692 4691 et

2102 4683 2359 4762 Seguer.,
2389 4702 2444 4746 et
2471 4690 2700 4762 habetur
2712 4687 2778 4762 in
2804 4685 3117 4762 Erangelio.
3147 4683 3373 4762 Μοιισύ
3396 4683 3603 4762 legitur
3636 4687 3690 4740 in

2101 4753 2407 4817 FelvckaQ
2452 4768 2508 4815 et
2555 4761 2607 4813 in
2639 4758 2819 4823 editis,
2858 4753 3198 4827 habeturque
3243 4756 3298 4809 in
3320 4753 3639 4827 Evangelia
3679 4776 3692 4811 :

2101 4834 2194 4888 sed
2224 4833 2378 4887 deest
2410 4832 2467 4886 in
2500 4830 2713 4887 caeteris
2752 4828 3011 4882 omnibus
3054 4823 3467 4893 manuscriptis.
3500 4823 3695 4881 ’Paulo

2100 4911 2228 4970 post
2251 4902 2453 4973 Regius
2478 4910 2535 4957 et
2556 4901 2707 4973 ξομ
2738 4898 2848 4953 ἀπὸ
2869 4896 2962 4951 τοῦ
2997 4897 3259 4967 σταυροῦ,
3307 4904 3479 4950 recte.
3519 4893 3693 4961 Editi,

2102 4974 2196 5028 ἐπὶ
2229 4972 2324 5045 τοῦ
2340 4972 2649 5045 ίσταυ-ροῦς
2832 5038 2863 5045 _
2906 5039 2921 5045 _
2943 5039 2957 5045 _
3075 5037 3112 5045 _
3148 5036 3162 5045 _
3198 5035 3213 5045 ,
3411 5034 3423 5045 .

2174 5044 2287 5115 (28)
2326 5034 2565 5115 Μεγάλῳ
2586 5041 2741 5115 abest
2764 5038 2982 5115 a_G_ol_)l.
2997 5046 3052 5094 et
3074 5035 3328 5115 Felekm.‘
3342 5034 3547 5115 primo.
3572 5034 3693 5115 Mox

2102 5104 2328 5185 Regius.
2513 5104 2669 5168 Gobl.
2691 5121 2759 5185 et
2787 5109 3028 5185 If‘elckm.
3062 5104 3691 5185 ρι’ἰιιιυειλαλησά-σῃήτῇ

2103 5172 2358 5258 (iugem.
2391 5172 2533 5258 Editi
2569 5191 2620 5236 et
2657 5172 3119 5258 alii,_).alnco'_tcﬁg
3146 5179 3247 5249 τῆς
3280 5172 3692 5258 campos-"co;

2103 5246 2329 5311 bléria'n'.
2365 5255 2576 5326 Anglic.
2593 5262 2647 5308 et
2665 5246 2907 5308 Felckm.
2928 5246 3141 5320 primus
3169 5246 3297 5303 mox
3325 5246 3535 5301 habent
3557 5248 3691 5300 ἀπο-

2103 5325 2441 5379 κοιναιιένω.

2103 5343 2441 5381 κοιναιιενιι).

2144 5342 2441 5400 ριναμενῳ.
3383 5385 3417 5396 η
3547 5386 3560 5396 .

2173 5397 2287 5467 (29)
2329 5396 2532 5466 Regius
2560 5395 2673 5469 τόν,
2706 5392 2867 5469 male.
2916 5388 3043 5469 Mox
3078 5385 3425 5469 Seg.‘et"alii
3463 5386 3686 5469 quidam

2103 5454 2319 5524 codices
2362 5454 2486 5521 etim
2532 5454 2694 5521 editis
2746 5463 2949 5517 habent
2997 5461 3058 5513 τὸ
3099 5454 3240 5513 κατὰ
3284 5454 3538 5525 Πνεῦμα.
3586 5454 3686 5510 Sed

2106 5540 2249 5594 κατά
2277 5539 2430 5592 deest
2451 5538 2503 5590 in
2529 5536 2853 5605 Anglicano.
2877 5541 2935 5605 _et
2957 5533 3009 5585 in
3028 5530 3208 5605 llegio
3236 5528 3479 5585 deletum
3512 5537 3619 5583 est.

2180 5608 2293 5681 (50)
2338 5610 2445 5664 Καί
2475 5602 2637 5665 deest
2663 5607 2717 5660 in
2749 5603 2988 5661 Fclckm.
3020 5602 3074 5655 ‘2.
