3822 6226
242 326 348 385 661

1380 334 1722 395 EPISTOLA
1762 336 1829 393 ιν
1883 337 1979 392 AD
2018 302 2477 393 SERAPIONEM.

3396 342 3506 399 662

237 442 486 517 ὁρῶντας
527 441 629 513 τὴν
678 442 774 497 τοῦ
815 443 1021 516 κόσμου
1051 445 1225 513 τάξιν,
1263 448 1356 503 καὶ
1400 450 1502 522 τὴν
1531 451 1610 515 είς
1661 452 1824 506 αὐτὸν
1855 457 1898 515 Α

1929 451 2063 506 illud
2093 466 2157 506 ac
2184 450 2267 516 si,
2302 450 2432 504 dum
2461 457 2744 506 cernerent
2773 451 2960 506 roundi
2990 453 3259 523 ordinem,
3290 466 3344 513 et
3377 475 3505 530 pro-

239 535 519 608 πρόνοιαν,
548 535 630 588 ὅτι
677 536 771 590 καὶ
805 538 844 609 ἡ
871 537 1049 603 κτίσις
1095 539 1199 594 ὑπὸ
1229 539 1324 593 τοῦ
1363 541 1690 609 Βεελζεϐοὺλ
1733 544 1826 613 γέ-

238 643 369 696 γονε
390 642 404 657 ·
435 626 532 680 καὶ
557 628 587 681 6
624 626 776 697 ἣλιος
820 627 1112 685 ὑπακούων
1147 630 1227 701 τῷ
1257 630 1487 705 διαὸόλῳ
1525 634 1823 701 ἀνατέλλει,

239 717 337 770 καὶ
368 717 437 771 δι’
458 716 620 772 αὐτὸν
648 718 935 789 περιπολεῖ
958 719 1029 773 τὰ
1044 719 1222 793 ἄστρα
1254 725 1313 777 ὲν
1346 721 1424 794 τῷ
1453 723 1687 797 οὐρανῷ.
1715 726 1827 780 Καὶ

237 808 350 881 γὰρ
376 808 567 882 ὥσπερ
586 809 758 865 ταῦτα
784 810 879 865 τοῦ
903 811 1060 879 Θεοῦ,
1080 811 1224 867 οὕτω
1248 815 1474 869 κάκεῖνα
1498 814 1590 869 τοῦ
1613 816 1827 887 Πατρὸς

238 897 312 973 ἦν
338 900 476 973 ἔργα
494 919 508 933 ·
536 902 633 957 καὶ
657 903 707 956 εί
740 903 926 957 ἐκεῖνα
952 904 1046 958 τοῦ
1074 905 1186 977 (51)
1204 906 1550 976 Βεελζεὸοὺλ,
1580 907 1640 972 ἐξ
1654 908 1824 977 ανάγ-

241 1009 349 1064 κης
371 994 466 1048 καὶ
487 993 660 1049 ταῦτα
683 994 779 1049 τοῦ
795 995 1143 1062 Βεελζεσούλ.
1174 1000 1287 1052 Καὶ
1314 998 1416 1053 ποῦ
1438 998 1622 1053 λοιπὸν
1644 1001 1826 1063 αὐτοῖς

240 1084 303 1137 τό
323 1101 337 1113 ο
376 1104 397 1137 ι
448 1085 536 1139 Ἐν
564 1087 705 1159 ἀρχῇ
737 1087 995 1159 ἐποίησεν
1018 1089 1048 1141 6
1072 1089 1204 1153 Θεὸς
1232 1090 1322 1145 τὸν
1349 1091 1575 1162 οὐρανὸν
1596 1092 1691 1145 καὶ
1725 1091 1826 1164 τὴν

243 1179 350 1247 γῆν
368 1193 385 1242 ;
405 1196 424 1229 ι
466 1178 606 1232 Ἀλλ’
632 1178 782 1233 οὐδὲν
799 1178 949 1247 ξένον
986 1181 1085 1252 τῆς
1112 1180 1368 1254 τοιαύτης
1390 1183 1571 1238 αὐτῶν
1602 1182 1822 1255 μανίας·

240 1268 367 1321 ἐπεὶ
399 1270 491 1322 καὶ
518 1271 566 1323 οἱ
594 1270 693 1342 τῆς
724 1271 978 1341 τοιαύτης
1007 1272 1169 1327 αὑτὸν
1203 1272 1428 1346 γνώμης
1472 1274 1738 1347 πατέρες,
1767 1276 1825 1328 ὲν

237 1362 308 1430 τῇ
339 1360 530 1432 ἐρήμῳ
558 1361 666 1433 πρὸ
693 1361 874 1430 ὀλίγου
910 1360 1218 1427 ἐξελθόντες
1245 1365 1353 1418 ἀπὸ
1397 1366 1498 1437 τῆς
1523 1366 1822 1436 Αἰγύπτου,

242 1450 445 1523 μόσχον
479 1452 804 1518 πλάσαντες,
841 1451 991 1524 αὐτῷ
1027 1453 1128 1518 τὰς
1171 1456 1252 1520 είς
1288 1456 1485 1521 αὐτοὺς
1508 1457 1825 1529 εὐεργεσίας

238 1541 397 1614 παρὰ
449 1541 585 1597 Θεοῦ
630 1544 742 1617 (52)
806 1547 1106 1618 γενομένας
1163 1548 1507 1613 ἀνατιθέντες
1528 1590 1542 1615 ,
1604 1549 1821 1620 ἔλεγον·

246 1653 267 1685 ε
300 1625 461 1687 Οὗτοι
487 1635 538 1687 οἱ
581 1634 697 1690 θεοί
731 1653 826 1690 σου
852 1678 868 1704 ,
908 1638 1126 1711 Ἰσραὴλ
1146 1680 1160 1705 ,
1186 1642 1234 1693 οἱ
1268 1641 1635 1710 ἀναγαγόντες
1669 1658 1728 1696 σε
1760 1644 1824 1697 ὲκ

236 1726 350 1798 γῆς
394 1727 696 1798 Αίγύπτου.
735 1749 755 1783 ι
784 1730 883 1785 Διὰ
912 1731 1043 1801 γοῦν
1086 1732 1289 1806 ταύτην
1325 1733 1425 1805 τὴν
1474 1732 1823 1806 βλασφημίαν

1928 544 2222 600 videntiam
2253 543 2369 598 haec
2391 543 2806 614 gubernantem,
2835 545 2953 601 ausi
2980 556 3164 603 essent
3193 550 3396 620 dicere,
3421 570 3506 609 re-

1928 651 2052 691 rum
2077 642 2326 690 naturam
2356 649 2387 689 a
2416 632 2731 690 Beelzebnle
2758 633 2929 693 fuisse
2952 638 3229 695 conditam
3255 658 3271 695 :
3303 651 3397 698 aut
3417 660 3508 701 so-

1928 726 2057 792 lem,
2092 734 2152 780 ut
2193 723 2412 781 diabolo
2442 723 2859 795 obsequeretur,
2890 724 3021 783 oriri
3052 745 3066 782 :
3098 736 3153 784 et
3181 728 3301 800 ejus
3338 746 3506 788 causa

1928 824 2076 873 astra
2142 815 2200 870 in
2276 814 2416 869 caelo
2469 815 2790 884 circumagi.
2849 812 2984 871 Nam
3041 821 3505 889 quemadmodum

1927 905 2046 961 haec
2076 904 2173 961 Dei
2207 913 2358 971 sunt,
2390 905 2465 961 ita
2504 913 2559 966 et
2586 904 2678 960 illa
2708 903 2889 963 Patris
2929 916 3086 965 erant
3126 924 3293 981 opera
3323 928 3338 967 :
3372 925 3428 970 et
3458 916 3507 970 si

1926 997 2018 1069 illa
2048 996 2404 1063 Beelzebulis,
2430 996 2743 1052 necessario
2784 1006 2839 1053 et
2868 997 2975 1054 ista
3015 998 3350 1061 Beelzebulis
3381 1004 3506 1060 fue-

1926 1090 2038 1146 rint
2067 1108 2081 1146 :
2115 1097 2172 1146 et
2201 1104 2466 1160 quorsum
2499 1096 2688 1160 postea
2720 1088 2837 1145 haec
2868 1089 3126 1155 referent,
3165 1112 3185 1147 ι
3219 1093 3275 1149 In
3302 1096 3508 1168 princi-

1927 1182 2017 1253 pio
2049 1179 2178 1238 fecit
2218 1179 2364 1237 Deus
2406 1180 2605 1238 coelum
2654 1189 2710 1236 et
2763 1176 2966 1237 terram
2987 1182 3074 1237 "2
3101 1201 3120 1236 1
3154 1182 3354 1242 Verum
3395 1202 3505 1242 non

1926 1273 2166 1330 insolens
2193 1280 2278 1328 est
2307 1270 2495 1328 isthmc
2524 1285 2716 1327 eorum
2739 1270 2970 1328 insania.
3003 1271 3284 1345 Siquidem
3311 1277 3507 1333 horum

1925 1363 2136 1428 Patres,
2167 1363 2356 1421 eadem
2388 1371 2572 1419 mente
2605 1362 2840 1434 praediti,
2873 1363 2931 1419 in
2963 1380 3149 1421 eremo
3172 1383 3298 1422 cum
3336 1384 3510 1439 nuper

1924 1473 1990 1515 ex
2021 1455 2256 1529 IEgypto
2304 1454 2510 1527 egressi
2550 1462 2760 1523 essent,
2792 1455 2965 1512 vitulo
2999 1472 3031 1512 a
3061 1471 3120 1514 se
3148 1457 3380 1515 conﬂato
3411 1459 3509 1517 Dei

1923 1555 2051 1620 erga
2081 1564 2140 1605 se
2160 1547 2420 1604 beneﬁcia
2450 1545 2765 1616 referentes,
2792 1547 3043 1604 dicebant
3072 1567 3085 1603 :
3120 1567 3139 1600 ι
3173 1547 3237 1604 Hi
3273 1560 3403 1606 sunt
3430 1552 3508 1607 dii

1924 1643 2004 1698 tui
2030 1640 2218 1709 lsrael,
2249 1641 2345 1712 qui
2375 1650 2426 1696 te
2447 1640 2755 1697 eduxerunt
2780 1641 2849 1697 de
2874 1651 3020 1697 terra
3046 1641 3263 1715 [Egypti
3287 1645 3355 1700 ⁵⁸.
3376 1663 3395 1699 ι
3426 1644 3510 1702 01)

1924 1735 2068 1791 hanc
2105 1734 2288 1804 itaque
2319 1731 2738 1802 blasphemiam,
2774 1735 3026 1804 protinus
3057 1751 3124 1792 ex
3161 1736 3225 1792 iis
3257 1737 3350 1808 qui
3380 1738 3508 1794 talia

237 1820 340 1873 καὶ
378 1819 502 1874 τότε
544 1820 654 1876 τῶν
692 1820 921 1878 τοιαῦτα
957 1824 1346 1896 τολμησάντων
1376 1825 1476 1897 τὴν
1510 1825 1610 1896 μὲν
1647 1826 1821 1899 ἀρχὴν
1853 1819 1893 1875 Β

1929 1826 2044 1882 ausi
2071 1823 2308 1891 fuerant,
2349 1823 2511 1879 initio
2558 1839 2668 1881 non
2717 1825 2878 1895 pauci
2924 1827 3020 1883 sed
3066 1828 3289 1898 plurimi
3337 1824 3506 1889 occisi

234 1911 341 1965 οὐκ
371 1912 564 1982 ὀλίγοι,
597 1913 782 1967 πολλοὶ
826 1914 885 1969 δὲ
923 1916 1299 1988 ἀνῃρέθησαν·
1357 1916 1721 1985 ἐπηγγείλατο
1768 1916 1825 1970 δὲ

233 2005 265 2057 6
286 2002 421 2067 Θεὸς
457 2004 659 2072 λέγων·
693 2025 713 2059 ι
754 1999 830 2078 ’ᾟ
855 2007 901 2061 δ’
927 2006 994 2063 ἂν
1034 2009 1219 2082 ἡμέρα
1248 2009 1634 2082 ὲπισκέψωμαι
1690 2009 1822 2083 (55),

233 2095 430 2163 ἐπάξω
460 2097 546 2150 ἐπ’
573 2098 768 2164 αὐτοὺς
793 2100 894 2172 τὴν
933 2101 1207 2174 ἁμαρτίαν
1250 2102 1449 2157 αὐτῶν.
1502 2121 1522 2155 ι
1554 2104 1666 2157 Kal.
1717 2102 1827 2174 γὰρ

234 2188 348 2253 ἕως
380 2190 478 2261 μὲν
503 2192 747 2248 κάκεῖνοι
772 2193 840 2247 δι’
869 2192 1068 2266 ἄρτους
1096 2196 1190 2248 καὶ
1220 2193 1364 2266 ὕδωρ
1394 2192 1713 2264 ἐγόγγυζον,
1734 2195 1827 2247 ἐπὶ

233 2282 492 2353 τοσοῦτον
519 2285 718 2350 αὐτοὺς
739 2284 912 2350 οὕτως
936 2284 1047 2358 (54)
1081 2285 1298 2358 ἔφερεν.
1327 2287 1400 2350 ὡς
1445 2288 1599 2351 εἴτις
1630 2287 1827 2360 τροφὸς

232 2378 665 2449 τροφοφορήσειε
694 2378 785 2434 τὸν
817 2379 1019 2449 ἑαυτῆς
1052 2379 1198 2434 υἱόν·
1229 2379 1400 2454 ὃτείδὲ
1435 2378 1597 2434 πλέον
1623 2379 1828 2451 ἐμάνη-

233 2484 361 2530 σαν,
390 2468 485 2522 καὶ
505 2468 583 2531 ὡς
606 2468 798 2540 ψάλλει
828 2470 949 2525 κατ’
971 2471 1150 2524 αὐτῶν
1182 2470 1243 2524 τὸ
1273 2468 1500 2541 Πνεῦμα
1519 2486 1533 2500 ·
1572 2488 1591 2521 ι
1636 2468 1828 2524 ama-

233 2561 400 2628 ξαντο
419 2560 519 2632 τὴν
538 2560 694 2626 δόξαν
716 2562 893 2617 αὐτῶν
915 2563 975 2616 ὲν
997 2561 1301 2634 ὁμοιώματι
1329 2562 1533 2634 μόσχου
1558 2560 1828 2626 ἐσθίοντος

234 2654 465 2726 χόρτον*
499 2672 520 2708 ι
540 2654 602 2708 τὸ
628 2654 738 2726 ('55)
768 2655 1074 2727 τηνικαῦτα
1098 2653 1300 2724 ξλοιπὸν
1317 2646 1680 2724 ἀσῦγγνωστα
1709 2651 1830 2707 τολ-

237 2753 538 2822 μήσαντες,
565 2750 973 2822 ἐπατάχθησαν.
993 2749 1069 2813 ὥς
1095 2751 1310 2821 φησινὴ
1341 2747 1553 2819 Γραφὴ,
1577 2746 1705 2818 περ),
1729 2745 1829 2818 τῆς

231 2847 511 2915 ποιήσεως
532 2844 625 2899 τοῦ
658 2845 885 2915 μόσχου,
912 2837 973 2898 οὗ
1009 2841 1267 2914 ἐποίησεν
1297 2838 1530 2912 Ἀαρών.

306 2938 393 2991 17.
432 2937 667 2991 Τοιαῦτα
698 2935 793 2991 καὶ
821 2935 914 2991 νῦν
941 2934 1249 3005 τολμῶντες
1273 2934 1323 2986 οί
1352 2932 1639 3006 Φαρισαῖοι
1665 2969 1681 2995 ,
1714 2947 1828 2983 τοι-

231 3030 407 3103 αύτην
436 3031 702 3102 ἐσχήκασι
732 3028 882 3101 παρὰ
913 3027 1008 3082 τοῦ
1037 3026 1290 3099 Σωτῆρος
1319 3025 1418 3096 τὴν
1463 3023 1576 3094 (56)
1606 3021 1824 3092 ἀπόφα-

234 3138 345 3181 σιν.
372 3120 490 3175 οἵαν
517 3121 611 3174 καὶ
653 3120 681 3172 6
710 3121 839 3191 παρ’
877 3117 1056 3172 αὐτῶν
1119 3114 1443 3188 ὑπονοηθεὶς
1500 3110 1829 3177 Βεελζεὸοὺλ

232 3210 393 3281 ἔσχεν
416 3209 516 3282 ἤδη
549 3210 644 3263 καὶ
672 3209 785 3280 ἔχει
808 3226 821 3239 ·
862 3208 1003 3263 ὥστε
1032 3207 1232 3270 αὐτοὺς
1263 3207 1344 3270 είς
1389 3205 1448 3259 τὸ
1484 3203 1823 3275 ἡτοιμασμέ-

230 3318 324 3354 νον
350 3299 463 3373 πῦρ
494 3301 690 3373 ὲκείνῳ
718 3301 951 3365 αἰωνίως
980 3297 1468 3369 συγκατεσθίεσθαι
1495 3297 1612 3369 μετ’
1635 3295 1819 3351 αὑτοῦ.

231 3393 311 3446 Οὐ
340 3393 452 3464 γὰρ
477 3392 541 3464 δὴ
578 3393 865 3466 σύγκρισίν
895 3409 1021 3448 τινα
1071 3390 1394 3470 ποιούμενος
1430 3389 1531 3460 τῆς
1567 3391 1648 3455 εἰς
1698 3391 1825 3444 ἐαυ-

230 3486 325 3541 τὸν
361 3486 473 3560 (57)
515 3487 736 3557 καὶτῆς
758 3488 840 3551 είς
863 3487 924 3540 τὸ
958 3483 1184 3556 Πνεῦμα
1222 3485 1284 3538 τὸ
1331 3483 1487 3553 ἅγιον
1525 3481 1826 3554 λεγομένης

234 3578 590 3650 βλασφημίας
621 3578 754 3650 (38),
782 3581 876 3634 καὶ
905 3579 982 3644 ὡς
1012 3576 1429 3650 μείζονοςιῦντος
1453 3574 1546 3630 τοῦ
1569 3575 1825 3647 Πνεύμα-

231 3689 351 3736 τος,
382 3674 478 3727 καὶ
502 3672 590 3727 διὰ
612 3672 771 3727 τοῦτο
795 3672 1019 3744 μείζονα
1037 3671 1135 3743 τὴν
1158 3670 1338 3726 αἰτίαν
1363 3670 1595 3741 ἐχούσης
1621 3657 1720 3733 τῆς
1746 3670 1825 3733 είς

230 3763 295 3816 τὸ
323 3762 549 3835 Πνεῦμα
594 3766 908 3837 γινομένης,
961 3763 1110 3818 ταῦτ’
1183 3765 1407 3837 εἴρηκε·
1463 3762 1538 3835 μὴ
1585 3762 1822 3832 γένοιτοί

230 3856 454 3920 φθάσας
504 3858 613 3931 γὰρ
649 3858 921 3924 ἐδίδαξεν,
969 3859 1053 3912 ὅτι
1081 3858 1260 3911 πάντα
1302 3857 1403 3911 ὅσα
1427 3855 1541 3927 ἔχει
1580 3855 1608 3907 6
1635 3853 1826 3926 Πατὴρ

231 3948 329 4003 τοῦ
361 3948 491 4004 Υἱοῦ
522 3954 658 4018 ἐστι,
691 3951 787 4007 καὶ
813 3953 879 4006 ὲκ
929 3950 1021 4005 τοῦ
1053 3948 1182 4005 Υίοῦ
1208 3950 1269 4004 τὸ
1300 3948 1526 4020 Πνεῦμα
1571 3947 1824 4018 λήψεται,

233 4044 333 4097 καὶ
364 4044 498 4096 αὐτὸ
529 4043 743 4109 δοξάσει
781 4045 871 4099 τὸν
891 4044 1043 4099 Υἰόν,
1090 4043 1203 4096 Καὶ
1230 4042 1353 4113 οὐχ).
1388 4041 1449 4095 τὸ
1481 4038 1706 4111 Πνεῦμα
1733 4039 1825 4093 τὸν

233 4136 365 4190 Υἱδν
384 4136 620 4202 δίδωσιν,
642 4137 758 4192 ἀλλ’
784 4138 812 4189 6
840 4137 970 4201 Υἱὸς
994 4135 1225 4208 παρέχει
1248 4136 1309 4189 τὸ
1334 4131 1562 4205 Πνεῦμα
1578 4133 1691 4195 τοῖς
1717 4147 1824 4202 μα-

231 4228 451 4298 θηταῖς,
503 4229 598 4283 καὶ
650 4229 719 4283 δι’
746 4227 927 4283 αὐτῶν
969 4230 1084 4292 τοῖς
1130 4228 1210 4292 είς
1242 4226 1405 4287 αὐτὸν
1452 4222 1821 4279 πιστεύουσιν.

230 4322 351 4391 Οὐχ
374 4319 547 4386 οὕτως
594 4316 688 4376 οὖν
733 4322 957 4394 εἴρηκεν
980 4323 1009 4379 ὁ
1040 4321 1233 4392 Σωτήρ
1254 4336 1267 4350 ·
1300 4318 1416 4374 ἀλλ’
1441 4317 1624 4382 ὡςνείς
1660 4314 1823 4371 αὑτὸν

1926 1924 2053 1973 sunt
2083 1934 2097 1969 :
2131 1916 2473 1972 denuntiavit
2503 1931 2721 1987 quoque
2753 1915 2899 1974 Deus
2944 1917 3173 1975 dicens:
3216 1939 3236 1973 ι
3270 1920 3388 1989 Qua
3421 1925 3509 1980 die

1924 2008 2178 2076 visitabo,
2208 2006 2461 2063 inducam
2503 2022 2668 2078 super
2700 2021 2796 2063 eos
2840 2017 3125 2078 peccatum
3153 2025 3345 2067 eorum
3379 2012 3447 2069 δ’,
3483 2032 3503 2065 ι

1924 2099 2062 2157 Nam
2095 2098 2338 2172 quandiu
2380 2099 2457 2153 illi
2489 2098 2560 2155 ob
2600 2099 2762 2170 panis
2803 2108 2859 2159 et
2887 2116 3044 2173 aquae
3075 2103 3360 2174 penuriam
3404 2107 3508 2163 ob-

1926 2189 2365 2257 murmurabant,
2395 2188 2649 2246 homines
2671 2188 2958 2259 tolerabat,
2982 2191 3126 2249 haud
3157 2209 3313 2253 secus
3340 2213 3506 2268 quam

1926 2281 2112 2338 nutrix
2153 2281 2435 2337 alumnum
2483 2297 2646 2339 suum
2686 2300 2701 2338 :
2743 2282 2835 2339 ubi
2886 2293 3067 2341 autem
3119 2286 3187 2344 ad
3240 2289 3506 2361 majorem

1928 2374 2197 2431 insaniam
2226 2373 2524 2444 progressi,
2553 2382 2615 2430 ut
2645 2374 2830 2445 psallit
2871 2384 3063 2433 contra
3093 2392 3190 2434 eos
3232 2377 3504 2451 Spiritusi

1934 2485 1954 2519 ι
1987 2465 2333 2522 Mutavcrunt
2366 2465 2594 2536 gloriam
2624 2482 2778 2523 suam
2809 2466 2866 2522 in
2909 2468 3321 2528 similitudinem
3350 2475 3507 2531 vituli

1928 2558 2265 2615 comedentis
2300 2557 2486 2614 fenum
2516 2557 2604 2626 ”;
2645 2577 2664 2611 ι
2701 2559 2816 2631 jam
2859 2575 2984 2616 cum
3025 2575 3143 2616 rem
3188 2561 3507 2636 indepreca-

1928 2650 2091 2707 bilem
2117 2651 2236 2707 ausi
2267 2659 2472 2718 essent,
2505 2651 2751 2720 percussi
2781 2663 2928 2718 sunt,
2956 2660 3018 2708 ut
3038 2653 3114 2709 ait
3136 2652 3419 2726 Scriptura
3438 2657 3507 2729 “,

1929 2743 1999 2799 ob
2023 2740 2352 2799 fabricatum
2384 2742 2637 2811 vitulum,
2665 2758 2828 2815 quem
2857 2744 3059 2802 fecerat
3087 2745 3294 2805 Aaron.

2002 2919 2090 2976 l7.
2130 2919 2331 2976 Eadem
2364 2927 2419 2977 et
2447 2934 2593 2977 nunc
2624 2920 2744 2977 ausi
2775 2919 3057 2992 Pharisaei,
3094 2925 3255 2982 talem
3286 2925 3451 3002 566
3477 2946 3510 2987 a

1930 3012 2164 3070 Domino
2191 3012 2494 3069 retulerunt
2518 3013 2947 3083 damnationem,
2977 3016 3192 3088 qualem
3225 3015 3512 3078 Beelzebul

1930 3122 2093 3179 quem
2121 3106 2199 3161 illi
2234 3119 2426 3161 eorum
2458 3112 2737 3160 auctorem
2777 3106 3040 3176 suspicati
3069 3119 3217 3178 sunt,
3245 3109 3359 3181 jam
3392 3121 3509 3168 tum

1930 3200 2121 3257 habuit
2147 3207 2203 3255 et
2231 3198 2427 3265 habet;
2459 3198 2535 3253 ita
2570 3205 2629 3254 ut
2654 3199 2756 3269 ipsi
2780 3214 2998 3271 quoque
3028 3201 3083 3256 in
3111 3203 3237 3275 igne
3263 3206 3332 3260 ab
3352 3216 3512 3262 aster-

1929 3294 2097 3349 nitate
2131 3290 2208 3346 illi
2240 3298 2545 3362 praeparato
2572 3304 2700 3346 cum
2727 3289 2848 3361 ipso
2872 3291 3194 3349 absumendi
3223 3294 3351 3353 sint.
3389 3295 3510 3354 Non

1929 3386 2077 3443 enim
2109 3385 2227 3440 haec
2259 3383 2381 3440 ideo
2422 3383 2639 3438 locutus
2686 3390 2791 3448 est,
2829 3392 2890 3438 ut
2926 3383 3320 3455 blasphemiam
3350 3387 3408 3444 in
3449 3404 3514 3446 se

1930 3479 2199 3551 prolatam
2255 3491 2381 3533 cum
2432 3474 2772 3545 blasphemia
2830 3474 2887 3530 in
2937 3472 3202 3547 Spiritum
3256 3487 3510 3536 sanctum

1930 3569 2237 3633 conferret;
2273 3568 2431 3639 quasi
2465 3566 2704 3637 Spiritus
2737 3574 2961 3623 sanctus
2997 3582 3059 3626 se
3096 3569 3275 3641 major
3321 3581 3509 3642 esset,

1930 3662 2161 3734 ideoque
2182 3660 2360 3732 majus
2386 3659 2595 3716 crimen
2624 3666 2771 3715 esset
2801 3658 3140 3732 blasphemia
3162 3660 3220 3717 in
3243 3661 3510 3733 Spiritum

1931 3766 2180 3812 sanctum
2209 3768 2222 3805 :
2252 3751 2428 3808 absit!
2478 3748 2618 3806 Nam
2668 3758 2796 3807 ante
2835 3751 3099 3809 docuerat
3152 3754 3337 3811 omnia
3387 3765 3512 3828 quae

1931 3846 2093 3907 Pater
2124 3844 2309 3910 habet,
2357 3842 2482 3897 Filii
2521 3857 2666 3911 esse,
2701 3851 2757 3899 et
2801 3857 2870 3899 ex
2918 3842 3057 3900 Filio
3092 3843 3355 3917 Spiritum
3387 3863 3512 3906 esse

1933 3947 2301 4009 accepturum,
2327 3935 2618 4007 ipsumque
2644 3933 2908 4005 Spiritum
2936 3937 3362 4010 gloriﬁcaturum
3387 3955 3513 3998 esse

1931 4032 2155 4088 Filium.
2183 4028 2370 4100 Neque
2393 4026 2629 4098 Spiritus
2662 4026 2868 4107 Filium.
2891 4029 3022 4098 dat;
3055 4031 3148 4087 sed
3182 4029 3356 4088 Filius
3384 4029 3511 4102 Spi-

1932 4126 2098 4182 ritum
2141 4123 2348 4194 praabet
2383 4119 2692 4190 discipulis,
2743 4135 2808 4176 ac
2840 4135 2936 4191 per
2966 4120 3092 4179 illos
3120 4121 3191 4179 iis
3222 4123 3317 4194 qui
3353 4123 3409 4177 in
3449 4138 3511 4179 se

1930 4220 2179 4276 credunt.
2203 4212 2323 4270 Non
2350 4228 2418 4270 eo
2448 4213 2634 4284 itaque
2661 4212 2847 4268 animo
2877 4213 3093 4271 locutus
3118 4223 3203 4271 est
3229 4213 3505 4272 Salvator:

1929 4313 2023 4370 sed
2056 4309 2216 4382 quasi
2249 4306 2591 4378 blasphemia
2620 4304 2677 4360 in
2711 4315 3010 4377 utrumque
3055 4306 3269 4378 prolata
3316 4307 3370 4362 in
3418 4322 3510 4364 se-

227 4389 686 4487 ἐπί-ἀμφοτέροις
710 4389 1006 4486 γινομένης
1028 4414 1129 4486 τῆς
1160 4389 1544 4485 βλασφημίας,
1583 4411 1680 4466 καὶ
1722 4408 1824 4480 τῆς
1857 4389 1901 4445 D

1929 4407 2108 4477 ipsum
2127 4406 2450 4464 recurreret,
2467 4405 2522 4454 et
2546 4397 2636 4453 illa
2666 4397 2867 4466 minor,
2884 4398 2989 4454 alia
3005 4398 3180 4471 major
3205 4407 3371 4467 esset,
3393 4398 3512 4456 haec

301 4549 352 4580 ⁵⁷
389 4547 589 4606 Cenes.
617 4566 657 4617 ι,
690 4553 743 4607 1.
830 4551 878 4584 ⁸⁸
918 4550 1093 4607 Exod.
1129 4526 1307 4618 χχιιι,
1331 4552 1386 4606 4.

300 4709 438 4782 (51)
458 4708 566 4782 Τοῦ
598 4716 725 4764 ante
748 4706 1078 4782 βεελζεδούλ
1101 4707 1255 4782 deest
1277 4706 1340 4782 _in_
1371 4705 1551 4782 editis,
1596 4702 1824 4782 sed_l_ia-

222 4773 411 4854 betur'
426 4779 480 4854 in
513 4777 707 4854 Regio,
742 4778 868 4854 Sag.
898 4778 1057 4854 δοριξ
1100 4776 1671 4854 et_Fc|cltm._priino.
1700 4773 1825 4854 Mog

225 4854 284 4907 in
341 4850 534 4905 iisdem
590 4844 706 4904 haec
748 4844 970 4913 desunt,
998 4847 1059 4913 ἐξ
1090 4844 1494 4918 ἀνάγκης-καῖέ
1517 4844 1690 4918 ταῦτα
1728 4844 1825 4897 τοῦ

224 4918 563 4984 Βεελζεΰούλ
608 4928 832 4990 propter
878 4915 1305 4991 ὁμοιοτέλευτον.
1354 4915 1416 4972 lu
1464 4916 1656 4973 iisdem
1698 4930 1825 4969 mox

222 4993 289 5045 τό
319 4997 493 5045 deest.

298 5060 418 5131 (52)
462 5060 665 5131 Begius
691 5068 744 5114 et
778 5056 930 5128 Seg.,
952 5058 1113 5131 παρά
1133 5056 1227 5112 τοῦ
1257 5055 1417 5131 Θεοῦ.

300 5125 418 5203 (55)
459 5125 822 5187 Goblerianus
858 5125 919 5184 ct
951 5125 1193 5186 Felckm.
1242 5128 1476 5200 primus,
1527 5125 1816 5197 ὲπισκέψου

273 5219 355 5255 αι.

229 5220 421 5343 μαῖἑι)
462 5272 555 5343 Si_c
586 5270 793 5343 Regius
824 5281 879 5325 et
910 5268 1037 5341 Seg.
1071 5280 1236 5324 recte.
1258 5278 1263 5283 '
1285 5266 1451 5343 Editi,
1487 5260 1818 5343 οῦτοςηΜοι

224 5336 482 5397 (ἔθ’ὺιζθι
508 5336 749 5396 Ἐειειίῖη.
787 5336 1017 5412 ρι’ἰηιυεξ
1051 5339 1506 5412 τροῳφορήσεις,
1534 5336 1812 5412 mendose.

227 5413 405 5467 Paulo
456 5421 582 5482 post
624 5413 757 5468 edit.
787 5407 1069 5482 'Commel.
1088 5407 1157 5482 et:
1169 5407 1408 5482 Felckm:
1430 5408 1660 5482 2_male,
1684 5407 1819 5478 ἐμά-

224 5499 410 5537 νισαν.
444 5477 587 5538 [υἷι-ε
628 5483 854 5552 Regius,
886 5481 1012 5551 Seg.
1038 5491 1091 5552 ct
1119 5479 1348 5552 Graecus
1372 5477 1816 5552 S_cﬁpturae_te_x-

226 5564 346 5617 tus,
376 5552 533 5620 δόξαν
554 5545 755 5607 αὐτῶν.
788 5545 1129 5619 Εέίὶιίξδόξαν
1154 5548 1341 5604 αὐτοῦ.
1378 5545 1536 5604 Gobl.
1575 5559 1631 5604 et
1667 5545 1812 5604 Fele.

224 5625 468 5694 primus,
497 5623 655 5694 δόξαν
681 5622 777 5676 τοῦ
807 5621 966 5694 Θεοῦ.
1009 5691 1019 5694 _
1257 5688 1299 5694 __
1337 5632 1364 5694 _'

303 5693 422 5763 (55)
460 5692 534 5746 T6
562 5686 712 5749 deest
734 5695 786 5746 in
804 5691 1134 5748 Gobleriano
1170 5698 1226 5745 et
1257 5688 1443 5763 Felck.
1469 5686 1810 5763 primo.__M_ox

229 5756 336 5836 pro
361 5756 773 5835 ἐπατάχθησαν,
801 5763 1153 5835 Anglicanus,
1190 5756 1612 5833 ἐμαστίχθησαν.
1660 5756 1807 5815 Fclc.

1486 4550 1532 4583 ‘9
1570 4549 1702 4604 ibid.
1728 4549 1817 4603 54.
1909 4544 1955 4577 ⁸ο
1994 4538 2141 4597 Psal.
2180 4553 2268 4607 cv,
2294 4536 2393 4618 .22.
2484 4534 2527 4566 ⁶¹
2568 4533 2741 4590 Exod.
2774 4551 2950 4603 um,
2979 4534 3068 4591 55.

1932 4715 2057 4771 vero
2072 4700 2367 4765 secundus,
2386 4697 2820 4771 ὲπεστάχθησαν.
2850 4698 3032 4755 Editio
3059 4698 3355 4767 Commel.,
3374 4700 3507 4756 ἐπε-

1930 4770 2253 4915 Ῐάἴὲἓῖσὲο
2277 4837 2481 4915 Regius
2520 4846 2576 4894 et
2616 4837 2741 4911 Seg.
2766 4837 2842 4915 1n
2851 4839 3032 4915 editis
3056 4840 3164 4915 τήν
3180 4838 3350 4896 deest.
3382 4839 3506 4915 Mox
3576 4835 3580 4839 ’

1930 4908 2024 4964 ne
2050 4908 2199 4966 iu'set
2221 4910 2292 4965 Se
2333 4908 2373 4973 .,
2399 4908 2541 4975 οἵαν,
2567 4908 2735 4966 recte.
2765 4908 3220 4976 Editi,o’ia.lnl'ra
3248 4919 3373 4981 post
3393 4912 3508 4985 πῦρ

1931 4982 1986 5032 in
2011 4925 2260 5032 $elckm.
2294 4925 2332 5032 ξ
2360 4989 2415 5032 et
2446 4980 2501 5032 in
2530 4980 2710 5032 editis.
2739 4981 2957 5032 ἐκείνως
2984 4979 3042 5032 1η
3077 4980 3203 5032 aliis
3223 4982 3502 5032 omnibus-

1930 4982 1986 5061 in
2019 4979 2260 5061 ξθιοιέμῐι.
2296 4979 2332 5032 2
2360 4989 2426 5061 et_
2446 4980 2711 5061 inaeditis,
2732 4981 2957 5061 exsivqi.‘
2980 4979 3043 5061 ln
3066 4979 3504 5061 aliisomnibus',

1929 5052 2125 5106 ἐκεῖνο.
2149 5049 2395 5121 Utraque
2412 5049 2573 5121 lectio
2603 5051 2875 5121 quadrare
2899 5049 3101 5121 potest,
3126 5051 3219 5106 sed
3246 5063 3509 5121 praestare

1929 5122 2146 5213 videtur
2176 5118 2346 5201 prior.
2378 5118 2505 5175 Mox
2532 5118 2657 5190 post
2683 5123 2801 5192 μετ’
2826 5118 3015 5176 αὐτοῦ.
3044 5118 3330 5193 Regius—et
3350 5121 3505 5195 ch.,

1927 5208 2251 5334 υπβῗῗτὲῗὲ
2277 5259 2411 5332 Reg.
2445 5259 2570 5333 Seg.
2597 5260 2754 5317 Gobl.
2782 5269 2836 5317 et
2862 5258 3104 5318 Felckm.
3139 5261 3188 5316 1.
3225 5260 3394 5331 Editi,
3424 5265 3505 5328 εἰς
3560 5268 3567 5272 ’
3592 5233 3597 5239 δ

1926 5333 2243 5473 έαῖἔὲἴείο
2266 5400 2489 5473 Regius,
2517 5399 2643 5473 Seg.
2682 5401 2894 5472 Anglic.
2925 5400 3085 5458 Gobl.
3119 5399 3360 5473 Felckm.
3389 5401 3504 5470 pri-

1922 5469 2048 5528 mus
2077 5469 2131 5528 et
2157 5473 2287 5543 edit.
2318 5469 2728 5543 Paris..in'qua
2761 5469 2941 5543 tamen
2970 5473 3122 5543 deest
3153 5469 3504 5543 βλασφημίας

1918 5553 2043 5611 post
2072 5542 2399 5664 γινομένης,
2434 5543 2563 5597 edit.
2599 5542 2888 5625 Qomtnel.,
2923 5541 3221 5626 λεγομένης
3258 5541 3503 5614 βλασφη-

1923 5614 2053 5664 μίας
2085 5612 2237 5664 ταυτ’
2268 5628 2291 5664 ε
2325 5629 2511 5664 οηκεν.
2533 5627 2758 5664 omissus
2787 5618 3125 5664 mtermedns
3161 5624 3385 5664 menter
3411 5628 3500 5664 re-

1921 5614 2053 5685 μίας
2085 5614 2237 5685 ταῦτ’
2268 5614 2511 5685 εἴρηκεν,
2533 5614 2758 5668 omissis
2787 5614 3125 5685 intermediis
3158 5624 3500 5685 propter_re—

1916 5681 2142 5768 petitam
2167 5681 2515 5755 βλασφημίας
2554 5700 2762 5740 vocem.
2794 5683 2999 5740 Ibidem
3044 5682 3236 5751 Basil.,
3270 5681 3502 5739 τοιαῦτα

1914 5769 2155 5825 ειρηγεν.
2672 5822 2675 5823 ν
