3822 6226
214 277 327 341 665

1325 271 1676 327 EPISTOLA
1704 270 1771 325 tv
1813 269 1906 323 AD
1949 246 2405 335 summouent.

3383 219 3593 331 666.

218 408 369 465 ⁴ματα
388 390 491 443 οὐκ
521 386 637 442 ἐστι
665 371 1146 459 δαιμονιζομένου·
1184 386 1257 458 μὴ
1282 387 1559 456 δαιμόνιον
1586 386 1795 440 δύναται

1913 390 2156 443 monium
2201 397 2379 459 potest
2409 402 2678 442 caecorum
2711 387 2902 445 oculos
2937 387 3150 460 aperire
3176 388 3259 440 ‘9?
3285 406 3304 439 ι
3344 385 3488 442 Pha-

214 479 439 549 τυφλῶν
495 480 806 551 ὀφθαλμοὺς
863 479 1131 548 ἀνοίγειν;
1173 497 1193 531 ι
1257 480 1307 531 οἱ
1350 478 1408 531 δὲ
1458 478 1800 549 νομιζόμενοι

218 574 375 643 ιῐιδρο)⁵
402 570 498 624 τοῦ
519 572 707 642 νόμου,
733 572 784 624 οἱ
809 573 1114 643 Φαρισαῖοι,
1140 571 1190 624 οἱ
1226 569 1298 624 τά
1346 571 1628 642 κράσπεδα
1668 571 1802 623 πλα-

217 662 496 725 τύνοντες.
523 663 618 715 καὶ
649 659 1024 731 κομπάζοντες
1074 660 1150 724 ὡς
1197 660 1357 714 πλέον
1383 677 1436 713 τι
1481 661 1588 715 τῶν
1626 661 1801 715 ἄλλων

217 752 605 821 γινώσκοντες,
642 752 751 805 οὐδ’
783 752 956 816 οὕτως
980 753 1300 823 ᾐσχύνοντο·
1340 752 1483 807 κατὰ
1502 753 1559 806 δὲ
1597 752 1658 806 τὸ
1705 771 1799 822 γε-

218 844 566 916 γραμμένον,
601 844 753 898 ἔθυον
788 847 837 898 οἱ
870 844 1098 909 τάλανες
1117 845 1379 916 δαιμονίῳ
1411 846 1506 900 καὶ⁵
1556 847 1616 899 ού
1657 845 1796 916 Θεῷ,

214 936 473 1007 λέγοντες
512 936 783 1006 δαιμόνιον
816 937 959 1008 ἔχειν
981 937 1072 990 τὸν
1104 937 1336 1009 Κύριον,
1386 938 1480 991 καὶ
1532 937 1799 1007 δαιμόνων

215 1024 360 1082 εἶναι
389 1028 461 1082 τὰ
483 1027 579 1081 τοῦ
609 1028 744 1113 Θεοῦ
772 1028 929 1100 ἔργα.
965 1031 1242 1100 Ἐπασχον
1272 1030 1329 1082 δὲ
1353 1028 1526 1083 ’τοῦτο
1556 1030 1621 1082 δι’
1648 1030 1800 1084 οὐδὲν

216 1120 431 1192 ἕτερον,
464 1121 499 1191 ἢ
531 1120 619 1173 ἵνα
658 1120 815 1191 μόνον
841 1122 1182 1192 ὰρνήσωνται
1204 1122 1295 1175 τὸν
1328 1119 1505 1174 ταῦτα
1543 1122 1799 1181 ποιοῦντα

215 1211 355 1264 Θεὸν
387 1207 551 1274 εἶναι,
589 1210 792 1264 καὶτοῦ
819 1209 955 1263 Θεοῦ
990 1211 1137 1271 Υἰόν.
1166 1211 1229 1264 El
1263 1210 1371 1281 γάρ
1394 1211 1453 1264 τὸ
1479 1210 1680 1264 ὲσθίειν
1706 1211 1799 1263 καὶ

212 1300 314 1354 τοῦ
346 1300 602 1372 σώματος
630 1304 663 1372 ἠ
696 1300 818 1370 ὄψις
847 1302 1120 1356 ἐδείκνυεν
1148 1301 1311 1354 αὐτὸν
1353 1302 1448 1355 καὶ
1493 1302 1796 1373 ἄνθρωπον,

212 1389 306 1443 διὰ
326 1391 380 1443 τί
412 1391 486 1462 μὴ
510 1391 575 1443 ὲκ
595 1390 703 1445 τῶν
746 1390 924 1463 ἔργων
971 1390 1235 1462 ἐθεώρουν
1264 1392 1425 1444 αὐτὸν
1463 1387 1602 1446 εἶναι
1635 1394 1693 1445 ὲν
1721 1393 1799 1464 τῷ

214 1484 418 1556 Πατρὶ,
443 1483 646 1537 καὶτὸν
677 1484 897 1555 Πατέρα
924 1486 982 1537 ὲν
1011 1483 1193 1554 αύτῷ;
1251 1484 1389 1537 Ἀλλ’
1434 1485 1534 1538 ούκ
1575 1485 1762 1556 ἤθελον
1782 1503 1794 1516 ·

216 1575 424 1646 μᾶλλον
453 1576 511 1629 δὲ
537 1576 690 1630 αὐτοὶ
712 1578 804 1630 τὸν
833 1576 1163 1640 Βεελζεϐοὺλ
1186 1572 1330 1647 εἶχον
1363 1579 1421 1630 ἐν
1443 1579 1654 1642 ἑαυτοῖς
1685 1579 1796 1650 (51)

212 1668 613 1739 φθεγγόμενον,
638 1670 712 1733 ὡς
733 1671 797 1723 ὲκ
827 1670 926 1741 μὲν
966 1670 1075 1723 τῶν
1115 1670 1471 1741 ἀνθρωπίνων
1510 1671 1797 1742 ἄνθρωπον

211 1760 383 1814 αὑτὸν
417 1761 577 1831 μόνον
597 1761 884 1832 ὀνομάζειν
904 1776 917 1790 '
954 1765 1020 1815 ὲκ
1044 1762 1101 1815 δὲ
1137 1761 1244 1816 τῶν
1267 1762 1466 1834 ἔργων,
1500 1763 1537 1818 ἃ
1575 1760 1643 1836 ἦν
1692 1764 1798 1818 ἴδια

209 1848 375 1914 Θεοῦ,
407 1851 603 1921 μηκέτι
632 1851 765 1905 Θεὸν
788 1852 948 1905 αὐτὸν
981 1852 1280 1923 ὁμολογεῖν,
1325 1853 1459 1908 ἀλλὰ
1497 1855 1587 1908 τὸν
1621 1859 1678 1908 ἐν
1705 1857 1801 1909 αύ-

209 1945 331 2005 τοῖς
362 1941 689 2007 Βεελζεδοὺλ
712 1944 826 1997 ἀντ’
860 1945 1068 1999 ἐκείνου
1099 1944 1384 2010 θεοποιεῖν,
1420 1946 1507 2001 ἵνα
1528 1948 1624 2001 σὺν
1652 1947 1800 2019 αὐτῷ

209 2033 404 2087 λοιπὸν
436 2035 669 2098 αίωνίως
697 2035 810 2107 (52)
847 2038 904 2090 ἐν
936 2036 1013 2107 τῷ
1034 2038 1168 2108 πυρὶ
1196 2037 1550 2102 κολάζωνται.

287 2123 377 2178 19.
414 2125 524 2178 Καὶ
542 2125 680 2196 αὐτὴ
703 2125 761 2178 δὲ
787 2125 935 2196 ἡτοῦ
963 2125 1391 2198 ἀναγνώσματος
1420 2129 1799 2202 παρατήρησις

207 2216 475 2288 τοιαύτην
506 2215 744 2287 ἕμφασίν
773 2234 898 2271 τινα
928 2216 1040 2289 (55)
1074 2219 1333 2289 παρέχειν
1377 2236 1468 2289 μοι
1505 2219 1669 2284 δοκεῖ,
1705 2221 1799 2274 καὶ

203 2308 479 2363 δεικνύειν
507 2311 586 2373 εἰς
619 2309 783 2363 αὐτὸν
810 2309 1030 2379 φθάνειν
1063 2310 1376 2381 ἀμφοτέρας
1409 2310 1510 2375 τὰς
1557 2311 1799 2383 βλασφη-

212 2401 371 2471 μίας,
402 2401 649 2471 καὶπερὶ
679 2401 874 2456 ἑαυτοῦ
907 2403 1183 2474 εἰρηκέναι
1224 2402 1305 2466 τὸ,
1348 2421 1367 2453 ‹
1411 2402 1537 2467 Υἱὸς
1585 2402 1796 2475 ἀνθρώ-

208 2508 342 2555 που,
384 2510 404 2543 ι
434 2492 526 2545 καὶ⁴
551 2492 634 2557 τὸ,
676 2511 694 2543 ι
730 2493 955 2564 Πνεῦμα
975 2511 988 2524 ’
1028 2513 1046 2545 ι
1081 2494 1146 2558 ἵν’
1175 2495 1240 2547 ἐκ
1265 2495 1451 2547 τούτου
1477 2495 1575 2565 μὲν
1606 2495 1667 2549 τὸ
1694 2511 1797 2548 σω-

212 2581 447 2653 ματικὸν
472 2582 666 2636 ἑαυτοῦ
686 2582 856 2657 δείξῃ,
892 2586 955 2637 ὲκ
977 2584 1034 2638 δὲ
1059 2586 1152 2639 τοῦ
1182 2587 1491 2659 πνεύματος
1513 2589 1612 2660 τὴν
1634 2607 1797 2643 πνευ-

214 2673 450 2745 ματικὴν
493 2675 691 2751 ἑαυτοῦ
747 2677 840 2729 καὶ
891 2677 1085 2748 νοητὴν
1127 2679 1222 2731 καὶ
1274 2679 1646 2753 ἀληθεστάτην
1683 2682 1793 2754 (54)

206 2764 446 2837 θεότητα
490 2767 729 2840 δηλώσῃ.
760 2768 869 2821 Καὶ
894 2768 1085 2840 γὰρτὸ
1130 2770 1228 2841 μὲν
1273 2771 1458 2826 λαϐεῖν
1499 2773 1795 2846 δυνάμενον

210 2854 548 2926 συγγνώμην
578 2858 671 2911 ἐπὶ
701 2858 795 2911 τοῦ
837 2858 968 2911 Υῑοῦ
1010 2858 1105 2912 τοῦ
1150 2859 1439 2932 ἀνθρώπου
1486 2863 1792 2929 συνέταξεν,

207 2948 301 3000 ἵνα
316 2947 378 3000 τὸ
396 2949 705 3018 σωματικὸν
724 2949 912 3004 ἑαυτοῦ
937 2953 1156 3026 σημάνῃ
1171 2971 1184 2984 ·
1217 2953 1316 3026 τὴν
1335 2955 1392 3008 δὲ
1413 2955 1793 3024 άσύγγνωστον

1903 481 2049 535 ΓίδὲΕί
2095 489 2278 536 autem
2323 480 2418 549 qui
2469 479 2604 551 legis
2648 481 2965 550 peritissimi
3008 481 3361 550 putabantur,
3390 480 3487 548 qui

1904 573 2148 629 ﬁmbrias
2179 572 2512 637 dilatabant,
2545 580 2601 627 et
2624 572 3024 643 gloriabantur,
3057 573 3214 642 quasi
3239 571 3362 640 plus
3389 571 3488 624 ali-

1902 666 2032 735 quid
2060 666 2267 721 caeteris
2313 666 2547 729 scirent,
2586 680 2654 718 nc
2693 664 2766 718 ita
2800 664 3018 734 quidem
3056 665 3347 729 erubuere,
3389 663 3486 718 sed

1902 772 1963 813 ut
2009 760 2269 828 scriptum
2316 768 2441 823 est,
2503 758 2861 812 immolabant
2902 756 3085 811 miseri
3128 757 3394 810 daemonio
3433 765 3488 810 et

1902 864 2011 902 non
2048 849 2154 902 Deo
2179 849 2246 914 το,
2278 848 2520 903 dicentes
2562 848 2852 902 Dominum
2889 848 3088 902 habere
3132 848 3482 913 dmmonium,

1901 950 1954 994 et
1980 940 2073 995 Dei
2103 954 2263 1009 opera
2313 940 2621 994 daemonum
2667 956 2809 995 esse.
2842 939 2908 994 Et
2941 940 3046 995 hoc
3086 941 3233 994 nulla
3274 941 3381 995 alia
3416 941 3485 995 de

1902 1048 2087 1097 causa,
2124 1048 2287 1102 quam
2321 1041 2382 1096 ut
2413 1041 2675 1102 negarent
2701 1032 2869 1086 Deum
2901 1020 3042 1096 esse,
3074 1041 3127 1087 et
3157 1032 3250 1088 Dei
3282 1033 3481 1088 Filium

1901 1125 1995 1194 qui
2037 1125 2153 1180 haec
2190 1133 2391 1193 ageret.
2429 1122 2487 1177 Si
2514 1124 2659 1178 enim
2688 1124 2956 1179 comestio
2988 1126 3303 1193 speciesque
3352 1140 3497 1185 cors

1899 1217 2069 1285 poris,
2101 1231 2224 1269 eum
2253 1220 2417 1270 etiam
2455 1215 2732 1269 hominem
2780 1231 2900 1271 esse
2957 1216 3284 1282 declarabat,
3315 1232 3485 1286 quare

1899 1323 2008 1362 non
2034 1324 2097 1363 ex
2126 1308 2382 1377 operibus
2411 1306 2835 1376 perspiciebant,
2862 1309 3038 1377 ipsum
3068 1309 3121 1361 in
3147 1307 3310 1363 Patre
3336 1323 3480 1375 esse,

1899 1404 1953 1449 et
1982 1394 2198 1449 Patrem
2228 1394 2285 1448 in
2328 1394 2487 1463 ipso?
2516 1394 2679 1463 Atqui
2728 1395 2780 1450 id
2820 1396 3078 1450 nolebant
3111 1397 3208 1460 illi,
3243 1397 3353 1452 imo
3383 1412 3484 1468 po-

1902 1487 2012 1541 tius
2045 1488 2225 1557 ipsum
2257 1487 2633 1542 Beelzebulem
2666 1487 2939 1541 habebant
2966 1488 3116 1547 in,se
3146 1488 3481 1557 loquentem,

1900 1588 1960 1633 ut
1982 1593 2046 1632 ex
2071 1579 2325 1634 humanis
2355 1594 2475 1633 eum
2501 1579 2776 1634 hominem
2800 1580 3065 1634 duntaxat
3089 1590 3380 1646 vocarent;
3415 1596 3482 1635 ex

1900 1670 2157 1739 operibus
2182 1680 2387 1736 autem,
2414 1687 2536 1741 quae
2565 1670 2660 1724 Dei
2693 1671 2912 1741 propria
2938 1681 3114 1738 erant,
3148 1688 3255 1725 non
3290 1672 3483 1727 itidem

1900 1763 2052 1816 illum
2099 1779 2220 1819 esse
2251 1763 2422 1819 Deum
2467 1764 2875 1829 conﬁterentur,
2909 1764 3003 1818 sed
3042 1779 3139 1834 pro
3170 1780 3235 1819 eo
3262 1764 3484 1820 Beelze-

1898 1854 2078 1908 bulem
2105 1856 2160 1909 in
2191 1856 2386 1924 seipsis
2417 1856 2752 1909 habitantem
2778 1854 2944 1909 Deum
2973 1855 3237 1925 facerent,
3272 1868 3331 1913 ut
3354 1874 3481 1917 cum

1899 1945 1993 2000 illo
2022 1946 2240 2001 tandem
2267 1955 2533 2003 aeternum
2570 1949 2696 2019 igne
2727 1950 3124 2004 eruciarentur.

1971 2122 2057 2179 l9.
2118 2123 2262 2190 Quin
2302 2133 2358 2181 et
2410 2126 2527 2197 ipsa
2587 2128 2839 2184 lectionis
2894 2129 3204 2186 observatio
3265 2131 3481 2186 videtur

1897 2216 2031 2271 mihi
2069 2218 2229 2272 talem
2257 2220 2549 2287 quamdam
2578 2222 2907 2276 sententiam
2937 2222 3213 2287 exhibere,
3244 2232 3298 2277 et
3331 2223 3475 2279 indi-

1897 2326 2024 2366 care
2062 2320 2353 2379 utramque
2387 2310 2781 2381 blasphemiam
2810 2312 2878 2367 ad
2917 2311 3096 2382 ipsum
3128 2313 3435 2383 pertingere
3457 2358 3474 2381 ,

1894 2412 1949 2458 et
1982 2402 2048 2457 de
2092 2403 2274 2472 seipse
2322 2402 2476 2456 illum
2519 2402 2743 2468 dixisse,
2777 2421 2796 2454 ι
2835 2402 3007 2457 Filius
3041 2402 3298 2465 hominis,
3334 2422 3352 2455 ι
3390 2412 3477 2473 et,

1902 2513 1920 2545 ι
1964 2493 2239 2563 Spiritus:
2275 2512 2294 2545 ι
2331 2501 2390 2547 ut
2418 2509 2486 2547 ex
2519 2492 2647 2558 illo,
2682 2508 2803 2563 quae
2833 2508 3033 2562 corpus
3068 2508 3226 2547 suum
3259 2503 3476 2563 specta-

1893 2594 2046 2651 rent;
2100 2601 2166 2640 ex
2207 2586 2401 2654 spiritu
2438 2599 2572 2639 vero
2604 2584 2942 2653 spiritualem
2985 2597 3140 2639 suam
3194 2592 3248 2639 et
3275 2585 3475 2639 intelli-

1895 2678 2115 2747 gibilem
2149 2677 2607 2744 verissimamque
2646 2675 2985 2731 divinitatem
3027 2676 3350 2731 declararet.
3385 2677 3477 2731 Si-

1893 2768 2111 2838 quidem
2146 2769 2221 2829 id,
2253 2769 2320 2823 de
2346 2782 2455 2837 quo
2493 2766 2651 2821 venia
2684 2765 2916 2822 obtineri
2944 2774 3144 2836 potest,
3178 2767 3246 2822 ad
3273 2766 3477 2822 Filium

1893 2859 2133 2916 hominis
2155 2859 2362 2921 retulit,
2397 2867 2456 2913 ut
2482 2873 2743 2928 corporea
2777 2872 2876 2911 sua
2904 2856 3278 2928 signiﬁcaret:
3320 2858 3475 2913 blas-

1891 2952 2165 3021 phemiam
2211 2961 2395 3006 autem
2439 2967 2552 3006 non
2600 2951 3016 3014 remittendam,
3096 2951 3165 3005 ad
3211 2949 3476 3021 Spiritum

210 3038 560 3110 βλασφημίαν
592 3043 672 3105 εἰς
695 3042 758 3095 τὸ
788 3042 1014 3114 Πνεῦμα
1044 3044 1269 3113 φθάνειν
1295 3045 1594 3117 δεδήλωκεν
1615 3062 1629 3078 ·
1680 3047 1788 3114 ἵνα,

1902 3041 2557 3111 pertingeredeclaravit:
2593 3049 2675 3107 ut,
2716 3041 2846 3094 dum
2879 3040 2948 3095 ad
2986 3039 3347 3095 differentiam
3389 3043 3477 3098 sui

206 3132 349 3201 πρὸς
373 3132 781 3203 ἀντιδιαστολὴν
805 3133 900 3186 τοῦ
933 3134 1245 3205 σωματικοῦ
1267 3134 1424 3195 τοῦτο
1452 3135 1565 3206 (55)
1597 3135 1791 3205 λέγων,

203 3221 310 3293 τὴν
337 3222 531 3275 ἑαυτοῦ
568 3222 797 3293 θεότητα
826 3224 996 3296 δείξῃ.
1023 3224 1222 3279 Τοῦτον
1250 3225 1307 3279 δὲ
1340 3226 1431 3280 τὸν
1473 3228 1794 3298 χαρακτῆρα

206 3314 308 3367 καὶ
332 3315 390 3367 ἐν
414 3314 496 3385 τῷ
521 3315 664 3368 κατὰ
723 3315 973 3387 Ἰωάννην
1005 3316 1321 3386 Εύαγγελίῳ
1369 3316 1615 3389 ἑώρακα·
1660 3320 1795 3388 ὁπη-

202 3404 359 3469 νίκα,
390 3407 521 3477 περὶ
546 3408 645 3476 τῆς
664 3406 759 3459 τοῦ
800 3406 1051 3478 σώματος
1093 3408 1345 3479 βρώσεως
1395 3409 1790 3480 διαλεγόμενος,

204 3496 307 3551 καὶ
330 3496 416 3550 διὰ
437 3496 593 3587 τοῦξο
619 3498 845 3562 πολλοὺς
866 3497 1125 3570 ἑωρακὼς
1146 3500 1272 3563 τοὺς
1290 3500 1790 3563 σκανδαλισθέντας,

204 3589 378 3660 φησὶν
431 3592 461 3642 ὁ
502 3590 741 3660 Κύριος’
789 3609 808 3643 ε
848 3590 1016 3644 Τοῦτο
1048 3593 1191 3663 ὑμᾶς
1225 3592 1604 3659 σκανδαλίζεις
1668 3592 1792 3646 Ἐὰν

201 3676 302 3737 οὖν
355 3680 597 3752 θεωρῆτε
639 3682 751 3754 (56)
784 3682 874 3736 τὸν
906 3682 1034 3737 Υἰὸν
1075 3683 1168 3737 τοῦ
1222 3683 1507 3754 ἀνθρώπου
1568 3683 1793 3738 ἀναϐαί-

202 3787 391 3834 νοντα,
433 3773 565 3824 ὅπου
616 3768 685 3843 ἦν
732 3772 793 3825 τὸ
841 3774 1138 3847 πρότερον;
1201 3776 1273 3828 Τὸ
1304 3774 1527 3846 Πνεῦμά
1573 3777 1689 3829 ἐστι
1733 3777 1794 3829 τὸ

205 3862 539 3929 ζωοποιοῦν
574 3866 609 3936 ἡ
643 3865 779 3937 σὰρξ
810 3866 910 3920 οὐκ
941 3867 1140 3936 ὠφελεῖ
1171 3868 1344 3922 οὐδέν.
1378 3868 1458 3921 Τὰ
1492 3870 1712 3940 ῥήματα
1756 3868 1793 3922 ἃ

198 3950 323 4026 ἐγὼ
349 3951 619 4023 λελάληκα
646 3954 795 4024 ύμῖν,
824 3954 1043 4025 πνεῦμά
1068 3958 1183 4008 ἐστι
1208 3958 1303 4010 καὶ
1331 3954 1467 4027 ζωή.
1505 3976 1523 4008 ι
1555 3956 1666 4009 Καὶ
1700 3958 1789 4010 ὲν-

202 4039 386 4094 ταῦθα
419 4040 527 4112 γὰρ
556 4042 841 4114 ἀμφότερα
866 4043 994 4114 περὶ
1015 4040 1209 4096 ἑαυτοῦ
1238 4042 1449 4114 εἴρηκε,
1482 4042 1659 4113 σάρκα
1698 4041 1793 4095 καὶ

206 4129 433 4201 πνεῦμα
456 4131 565 4204 (57)
591 4148 607 4164 ⁸
632 4133 727 4185 καὶ
762 4134 824 4186 τὸ
863 4133 1079 4205 πνεῦμα
1102 4134 1238 4206 πρὸς
1268 4135 1327 4188 τὸ
1348 4134 1488 4188 κατά
1518 4135 1696 4205 σάρκα
1718 4134 1794 4187 δι-

202 4221 469 4287 ἇστειλεν,
501 4224 587 4278 ἵνα
643 4224 717 4296 μὴ
748 4225 908 4296 μόνον
941 4225 1003 4278 τὸ
1046 4226 1389 4296 φαινόμενον,
1419 4225 1580 4282 ,ἀλλὰ
1607 4227 1702 4280 καὶ
1732 4227 1793 4280 τὸ

201 4317 443 4391 ᾁόρατον
479 4317 644 4371 αὐτοῦ
690 4320 1078 4384 πιστεύσαντες
1120 4320 1394 4391 μάθωσιν,
1433 4322 1514 4375 ὅτι
1552 4321 1647 4373 καὶ

1897 3134 2140 3204 corporis
2173 3135 2290 3189 haec
2339 3134 2563 3200 diceret,
2611 3149 2767 3188 suam
2811 3133 3149 3188 divinitatem
3193 3150 3477 3192 common-

1896 3234 2113 3282 straret.
2163 3223 2313 3280 Hanc
2366 3233 2550 3280 autem
2605 3226 2862 3295 loquendi
2919 3226 3149 3280 formam
3203 3230 3368 3282 etiam
3417 3229 3476 3282 in

1899 3315 2186 3385 Evangelio
2220 3316 2520 3369 secundum
2554 3314 2820 3371 Joannem
2855 3317 3216 3371 animadverti
3244 3334 3257 3368 :
3287 3317 3377 3372 ubi
3406 3318 3475 3373 de

1896 3409 2140 3479 corporis
2171 3423 2268 3461 esu
2303 3407 2599 3473 disserens,
2630 3423 2692 3462 ac
2708 3417 2991 3478 propterea
3016 3409 3215 3464 multos
3242 3409 3475 3465 scanda-

1893 3500 2085 3553 lizatos
2120 3498 2309 3552 videns
2334 3539 2349 3563 ,
2401 3498 2477 3551 ait
2521 3496 2823 3553 Dominus:
2860 3517 2884 3568 ς
2921 3496 3038 3553 Hoc
3069 3514 3165 3554 vos
3200 3500 3473 3554 scandali-

1894 3590 2017 3644 zat?
2052 3587 2109 3642 Si
2138 3604 2267 3658 ergo
2298 3587 2540 3643 videritis
2583 3588 2781 3642 Filium
2815 3590 3053 3644 hominis
3087 3591 3471 3646 ascendentem

1894 3681 1984 3735 ubi
2021 3687 2137 3736 erat
2164 3680 2354 3750 prius?
2390 3680 2627 3750 Spiritus
2652 3688 2735 3736 est
2763 3682 2856 3750 qui
2884 3682 3121 3737 viviﬁcat
3151 3698 3164 3734 :
3204 3697 3332 3737 caro
3359 3697 3472 3739 non

1892 3774 2112 3843 prodest
2143 3774 2461 3842 quidquam.
2498 3771 2674 3827 Verba
2711 3788 2833 3842 qua:
2861 3789 2962 3844 ego
2988 3774 3204 3830 locutus
3231 3791 3354 3831 sum
3381 3791 3471 3832 vo-

1891 3868 1998 3930 bis,
2023 3867 2246 3936 spiritus
2270 3875 2325 3921 et
2347 3867 2456 3921 vita
2480 3876 2609 3922 sunt
2629 3867 2697 3921 7‘.
2737 3886 2755 3918 ι
2789 3865 2923 3920 Nam
2954 3868 3042 3923 hic
3071 3867 3234 3922 etiam
3260 3876 3474 3923 utrum-.

1892 3974 1999 4028 que
2031 3958 2098 4013 de
2130 3972 2189 4012 se
2216 3957 2372 4021 dixit,
2398 3972 2620 4013 carnem
2653 3966 2708 4012 et
2737 3958 2988 4026 spiritum
3021 3977 3034 4012 :
3068 3967 3123 4014 et
3157 3959 3406 4030 spiritum
3436 3976 3471 4015 a

1891 4060 2055 4101 carne
2098 4045 2366 4113 distinxit,
2414 4053 2476 4101 ut
2518 4061 2629 4101 non
2672 4047 2851 4104 solum
2898 4049 3044 4119 quod
3078 4057 3321 4120 apparet,
3371 4050 3469 4106 sed

1893 4140 2059 4198 etiam
2090 4138 2234 4209 quod
2266 4138 2545 4194 invisibile
2564 4138 2685 4209 ejus
2714 4148 2799 4194 est
2829 4140 3133 4207 credentes,
3160 4140 3468 4204 discerent,

1891 4246 1956 4286 ea
1989 4246 2112 4300 qua:
2139 4230 2255 4300 ipse
2294 4231 2608 4300 loqueretur
2645 4246 2755 4285 non
2791 4246 2910 4286 esse
2938 4231 3201 4299 carnalia,
3231 4232 3326 4287 sed
3358 4232 3470 4301 spi-

1892 4325 2134 4379 ritualia.
2170 4323 2335 4395 568
2359 4322 2503 4389 Quot
2542 4323 2687 4381 enim
2731 4322 3048 4378 hominibus
3092 4339 3291 4394 corpus
3334 4323 3469 4378 satis

200 4408 241 4462 ἃ
280 4407 432 4477 λέγει
475 4410 576 4464 οὐκ
598 4410 714 4465 ἔστι
749 4412 1004 4486 σαρκικὰ,
1039 4413 1174 4467 ἀλλὰ
1200 4413 1561 4485 πνευματικά.
1597 4414 1791 4477 Πόσοις

1902 4425 2039 4472 esset
2064 4415 2129 4471 ad
2155 4429 2309 4469 esum
2332 4456 2348 4482 ,
2381 4423 2443 4469 ut
2476 4415 2607 4469 illud
2643 4415 2808 4470 totius
2836 4415 3025 4470 mundi
3056 4414 3209 4471 ﬁeret
3236 4416 3468 4470 alimen-

201 4500 320 4572 γὰρ
353 4501 512 4573 ἤρκει
534 4503 597 4555 τὸ
629 4504 787 4575 σῶμα
814 4505 952 4577 πρὸς
983 4505 1206 4577 βρῶσιν,
1227 4506 1313 4559 ἵνα
1335 4506 1430 4560 καὶ
1457 4504 1551 4559 τοῦ
1582 4506 1787 4575 κόσμου

1902 4505 2054 4559 tum?
2085 4502 2193 4559 Sed
2216 4504 2338 4559 ideo
2359 4505 2606 4558 meminit
2627 4505 2966 4560 ascensionis
2995 4505 3114 4560 Filii
3151 4506 3391 4561 hominis
3412 4506 3467 4561 in

202 4592 412 4656 παντὸς
426 4592 581 4648 τοῦτο
607 4596 780 4668 τροφὴ
807 4596 1068 4669 γένηται;
1112 4597 1274 4651 Ἀλλὰ
1295 4598 1383 4652 διὰ
1411 4597 1568 4651 τοῦτο
1593 4598 1692 4669 τῆς
1711 4598 1792 4660 είς

1902 4597 2096 4657 coelum
2117 4636 2133 4663 ,
2163 4603 2221 4650 ut
2251 4610 2282 4650 a
2314 4596 2584 4666 corporali
2617 4597 2945 4669 cogitatione
2973 4597 3121 4669 ipsos
3147 4597 3466 4664 retraheret,

279 4733 326 4765 ⁸⁸
366 4732 528 4789 Joan.
558 4749 616 4799 x,
644 4733 736 4789 2i.
813 4735 861 4767 ⁷ο
899 4734 1057 4790 Deut.
1099 4748 1278 4802 χχιιι,
1311 4734 1398 4788 17.
1476 4735 1519 4765 ⁷¹
1559 4731 1717 4789 Joan.
1750 4747 1795 4786 νι

1902 4730 2039 4787 ι-διι.

200 4891 349 4963 Ibid.
374 4890 579 4963 Regius
594 4900 660 4963 et
679 4890 864 4957 Gobl.,
894 4891 1044 4963 παρὰ
1080 4892 1173 4946 τοῦ
1204 4890 1434 4963 Κυρίου.

282 4962 398 5043 (.51)
443 4960 535 5043 βία
560 4961 792 5043 lissi"?
843 4960 1006 5043 enea
1041 4960 1361 5043 sequimur.
1384 4961 1536 5043 βεεν,
1560 4962 1792 5043 ἑαυτεῖςο

201 5030 418 5095 omisso
448 5035 525 5086 ὲν.
558 5030 701 5085 Editi
726 5030 928 5101 etalii,
961 5034 1018 5085 ὲν
1046 5030 1249 5094 αὐτοῖς.
1285 5031 1421 5101 Ibid.
1450 5030 1671 5101 Regius,
1695 5030 1792 5085 Se-

203 5118 365 5179 gner.
401 5102 593 5179 Basi_l.,
620 5101 717 5165 ὥς.
761 5100 1005 5179 Editi‘et
1023 5101 1364 5179 ρωερςῇηώς.
1404 5100 1791 5179 Ιῃξτοξᾎίίοςίιιξ

201 5170 261 5296 gt
311 5170 702 5251 Seguerianus,
760 5171 866 5226 ἴδια
915 5171 1073 5226 Θεοῦ.
1108 5171 1251 5226 Editi
1300 5181 1354 5226 et
1386 5172 1499 5235 alii,
1543 5171 1648 5225 ἴδια
1677 5170 1792 5223 “τοῦ

254 5260 372 5295 εου..

254 5260 372 5295 εου..

211 5299 220 5311 “
282 5311 399 5433 (ἥὲ)
440 5310 635 5376 Basil.,
666 5312 899 5367 αἰωνίων
930 5310 1084 5385 πυρί.
1120 5310 1431 5382 Anglicau.,
1466 5309 1697 5374 αἰωνίως
1716 5309 1793 5382 τῷ

211 5399 324 5433 nuo
353 5421 371 5433 .

202 5400 371 5435 πνοι.

228 5399 396 5521 ψ(ἕὲέ)
432 5449 490 5503 In
526 5451 685 5506 Gobl.
719 5434 772 5506 et
799 5450 1038 5506 Felckm.
1071 5450 1253 5521 primo
1281 5467 1400 5504 τινα
1425 5450 1594 5505 ἀθθει-
1623 5451 1791 5511 ﬁdem

200 5520 340 5593 {nox
382 5521 699 5593 ἀμφοτέρας
744 5522 936 5593 ἑαυτὸν
969 5520 1210 5593 φθάνειν,
1262 5523 1468 5593 omisso
1515 5523 1614 5584 εἰς.
1639 5520 1789 5593 _Mox

205 5585 497 5662 Regiuset
530 5585 678 5661 Seg.,
713 5593 839 5662 περὶ
880 5585 1067 5645 αὐτοῦ.
1100 5592 1234 5662 Ibid.
1280 5590 1441 5646 iidem
1474 5606 1596 5646 cum
1625 5590 1781 5662 Gobl.

201 5673 258 5742 et
291 5660 536 5742 elckm.
581 5660 878 5732 primo,‘1:b
899 5663 1013 5727 υἱὸς
1042 5661 1352 5735 ἀνθρώπου,
1380 5669 1543 5720 recte.
1577 5662 1638 5735 In
1671 5660 1782 5718 Go-

1892 4890 2135 4944 bleriano
2170 4902 2221 4944 et
2250 4888 2490 4943 Felckm.
2528 4887 2726 4958 primo,
2753 4889 2847 4941 τοῦ
2873 4888 3071 4959 legitur
3102 4896 3227 4942 ante
3257 4887 3467 4960 ἀνθρώ-

1892 4978 2021 5013 που.

1908 5016 1913 5023 ”
1966 5028 2078 5100 (54)
2118 5029 2341 5100 Regius,
2380 5028 2503 5100 Seg.
2541 5037 2594 5100 et
2620 5026 2862 5100 Felgkm.
2897 5026 3129 5100 primus,
3158 5027 3357 5098 ἀληθῆ.

1989 5046 2051 5083 ῡιι
2122 5046 2341 5100 uegtus,
2380 5046 2503 5100 Seg.
2541 5046 2594 5082 et
2622 5046 2862 5095 retcxm.
2897 5046 3108 5096 primus

1966 5046 2078 5172 i555;
2123 5099 2214 5172 Sic
2243 5100 2446 5172 ﬂegius
2475 5109 2529 5153 et
2559 5097 2683 5172 Seg.
2715 5096 3112 5172 Edit_i,_'r015'rou.

1966 5166 2076 5239 (56)
2117 5170 2208 5225 Sic
2241 5166 2443 5239 Regius
2466 5178 2529 5239 et
2563 5166 2711 5236 Seg.;
2748 5168 2904 5239 Gobl.
2943 5177 3119 5222 autem
3142 5177 3197 5221 et
3223 5166 3463 5239 Felckm.

1928 5236 2121 5305 rimus,
2152 5236 2586 5310 θεωρεῖτεηΜοχ
2624 5238 2978 5310 άναὸαίνοντα
3004 5239 3157 5293 deest
3188 5239 3242 5291 in
3274 5236 3465 5308 Regio,

1928 5256 2121 5305 rimus,
2152 5255 2426 5310 υεωρειτε.
2462 5255 2586 5291 mox
2624 5255 2782 5289 avaoc

1890 5255 2018 5381 lSeg.
2054 5311 2211 5381 Gobl.
2239 5319 2292 5364 et
2316 5308 2556 5381 Felcltm.
2574 5308 2782 5381 primo.

1963 5376 2076 5446 (57)
2118 5380 2305 5444 Iidem,
2341 5378 2477 5450 σὰρξ
2500 5376 2605 5432 καῖ
2626 5376 2861 5450 πνεῦμα.

1990 5450 2079 5521 58)
2122 5450 2323 5521 Regius
2353 5445 2593 5521 et'.Seg.,
2631 5445 2910 5521 μάθωμεν.
2941 5446 3075 5521 Ibid.
3104 5447 3196 5501 καί
3223 5447 3373 5521 deest
3408 5445 3464 5501 in

1896 5516 2136 5575 Goblfet
2160 5516 2398 5574 Félckm.
2433 5516 2641 5587 primo.
2671 5516 2937 5573 Iloc’loco
2971 5518 3269 5572 abutuntur
3310 5517 3462 5571 hete~

1893 5592 2108 5656 rodoxi,
2163 5591 2256 5660 qui
2300 5588 2686 5667 ex_Athan‘asi_i
2733 5589 2913 5667 verbis
2962 5589 3157 5667 conﬁci
3197 5594 3460 5667 pugnant,

1893 5677 2091 5733 corpus
2117 5658 2524 5741 etsanguinem
2553 5658 2776 5742 Christi,
2805 5675 2912 5716 non
2942 5659 3141 5737 reipsa,
3176 5658 3272 5717 sed
3302 5658 3464 5739 spiris
