3822 6226
387 311 493 366 667

965 310 1025 366 S.
1068 305 1443 363 ATHANASII
1484 306 1633 363 OPP.
1676 306 1858 363 PARS
1894 308 1934 364 Ι.
1973 335 2044 348 —-
2081 304 2453 364 HlSTOlllCA
2491 305 2580 360 ET
2619 304 3045 363 DOGMATICA.
3134 370 3141 376 ι

3546 309 3652 366 668

384 444 548 502 atque
567 431 693 486 hinc
709 429 1035 493 ediscerent,
1054 444 1275 484 carnem
1294 429 1361 485 de
1382 446 1491 500 qua
1509 429 1725 486 locutus
1750 429 1925 486 fuerat
1946 471 1962 495 ,

2102 431 2333 503 ὐρανοὺς
2363 428 2475 502 (59)
2507 427 2825 493 ἀναϐάσεως
2850 426 3224 500 ἐμνημόνευσε
3260 429 3356 484 τοῦ
3398 430 3536 487 Υἱοῦ
3564 433 3657 487 τοῦ

383 526 568 581 cibum
588 539 619 579 e
639 522 897 593 supernis
913 522 1190 578 caelestem
1212 531 1267 576 et
1294 522 1632 592 spiritualem
1658 525 1970 580 alimoniam

384 619 453 669 ab
475 619 593 687 ipso
627 615 765 670 dari.
802 612 938 670 Nam
967 633 987 666 ι
1011 630 1133 683 qua:
1158 614 1383 670 locutus‘
1412 630 1532 670 sum
1555 617 1732 682 vobis,
1774 617 1970 688 inquit,

385 709 610 779 spiritus
646 716 701 763 et
737 707 844 761 vita
864 717 993 762 sunt
1017 709 1083 760 ⁷³.
1117 727 1137 760 ι
1165 708 1319 775 Quod
1342 709 1565 780 perinde
1590 718 1751 765 estac
1768 710 1812 765 si
1829 711 1975 766 dice-

384 808 495 856 ret:
522 799 669 871 quod
698 799 1002 855 ostenditur
1023 809 1076 853 et
1094 802 1256 856 datur
1276 816 1374 871 pro
1394 801 1581 855 mundi
1612 803 1806 866 salute,
1846 818 1975 858 caro

383 900 469 948 est
485 907 649 964 quam
672 907 774 964 ego
805 900 958 963 gesto
979 911 992 946 :
1016 892 1107 947 sed
1132 893 1245 948 haec
1261 891 1414 948 vobis
1432 908 1557 947 cum
1575 892 1694 962 ejus
1711 894 1976 965 sanguine

383 1001 416 1040 a
441 1000 528 1040 me
542 984 896 1054 spiritualiter
911 1000 1036 1039 esca
1058 985 1295 1051 dabitur;
1321 986 1396 1040 ita
1418 997 1477 1041 ut
1491 987 1605 1041 haec
1619 985 1975 1056 spiritualiter

386 1075 683 1145 unicuique
715 1074 1009 1139 tribuatur,
1049 1084 1105 1130 et
1144 1077 1238 1129 tiat
1266 1076 1496 1146 singulis
1522 1083 1764 1130 tutamen
1794 1076 1847 1129 in
1878 1091 1969 1131 re-

385 1168 781 1223 surrectionem
811 1168 939 1222 vita:
971 1177 1207 1223 aeternae.
1237 1167 1329 1223 Sic
1356 1175 1411 1222 et
1442 1165 1843 1222 Samaritanam
1872 1167 1977 1223 Do-

384 1259 572 1313 minus
603 1257 935 1313 abstrahens
974 1274 1004 1312 a
1050 1259 1436 1323 sensibilibus,
1468 1258 1637 1313 Deum
1669 1258 1809 1313 dixit
1852 1275 1976 1315 esse

385 1348 673 1420 Spiritum,
698 1358 758 1404 ut
784 1351 1041 1421 deinceps
1072 1351 1163 1406 illa
1191 1365 1300 1405 non
1328 1351 1705 1421 corporaliter,
1739 1353 1832 1407 sed
1859 1352 1975 1422 spi-

387 1443 655 1498 ritualiter
678 1443 745 1499 de
776 1443 885 1499 Deo
912 1444 1195 1514 cogitaret.
1227 1442 1316 1497 Sic
1342 1443 1525 1497 itidem
1559 1444 1820 1514 propheta
1848 1460 1973 1498 cum

388 1532 562 1589 Deum
599 1549 820 1589 carnem
852 1534 1057 1589 factum
1091 1535 1573 1605 contemplaretur,
1604 1537 1679 1590 ait
1708 1554 1721 1588 :
1755 1554 1774 1587 ι
1803 1522 2008 1605 ὃρίιί-’

388 1635 479 1682 tus
504 1624 661 1682 faciei
689 1641 893 1681 nosme
919 1626 1173 1683 Christus
1207 1626 1469 1682 Dominus
1493 1629 1540 1661 ⁷³
1569 1647 1581 1681 :
1618 1647 1637 1679 ι
1667 1644 1735 1683 ne
1759 1628 1883 1699 quis
1908 1643 1976 1683 ex

387 1734 454 1774 eo
486 1719 630 1789 quod
672 1719 990 1788 apparebat,
1039 1719 1330 1775 Dominum
1378 1735 1501 1776 esse
1553 1736 1763 1774 merum
1798 1720 1975 1775 homi-

2074 521 2382 594 ἀνθρώπου,
2408 521 2497 575 ἵνα
2517 521 2619 591 τῆς
2642 521 2961 592 σωματικῆς
2991 521 3199 587 ἐννοίας
3244 523 3442 589 αὐτοὺς
3485 525 3658 595 ἀφελ-

2074 611 2236 685 κύσῃ,
2263 612 2359 667 καὶ
2386 612 2571 667 λοιπὸν
2599 611 2695 683 τὴν
2734 611 3032 683 εἰρημένην
3061 612 3242 685 σάρκα
3275 614 3481 686 βρῶσιν
3517 617 3659 670 ἄνω-

2075 705 2167 759 θεν
2197 705 2475 776 οὐράνιον,
2510 704 2605 758 καὶ
2655 703 3030 776 πνευματικὴν
3069 705 3278 777 τροφὴν
3315 708 3448 778 παρ’
3491 706 3661 761 αὑτοῦ

2073 798 2355 869 διδομένην
2379 796 2759 869 μάθωσιν.‹⁶“Α
2781 796 2892 868 γὰρ
2931 796 3227 868 λελάληκα,
3268 799 3455 867 φησιν,
3505 799 3659 868 ὑμῖν,

2075 889 2292 961 πνεῦμά
2324 893 2441 944 ἐστι
2478 890 2572 944 καὶ
2605 887 2719 961 ζωή
2742 907 2754 918 ·
2789 910 2808 942 ι
2845 888 2958 943 ἴσον
2983 887 3062 958 τῷ
3091 889 3284 942 εἰπεῖν·
3318 889 3392 942 Τὸ
3430 889 3532 960 μὲν
3554 890 3664 943 δει-

2075 981 2341 1053 κνύμενον
2372 982 2467 1035 καὶ
2501 981 2775 1052 διδόμενον
2816 980 2957 1052 ὑπὲρ
2987 978 3084 1049 τῆς
3107 977 3201 1031 τοῦ
3242 978 3450 1050 κόσμου
3486 996 3664 1051 σωτη-

2079 1074 2195 1145 ρίας
2226 1074 2372 1128 ἐστὶν
2400 1075 2432 1145 ἡ
2472 1072 2608 1144 σὰρξ
2637 1072 2702 1144 ἢν
2730 1070 2840 1141 ἐγὼ
2868 1071 3019 1145 φορῶ
3040 1087 3053 1101 ο
3077 1072 3191 1125 ἀλλ’
3227 1072 3368 1144 αὕτη
3404 1073 3537 1144 ύμῖν
3566 1072 3667 1128 καὶ

2073 1168 2135 1222 τὸ
2160 1166 2364 1238 ταύτης
2386 1160 2525 1237 αἷμα
2566 1166 2694 1237 παρ’
2727 1164 2861 1236 ἐμοῦ
2907 1165 3295 1237 πνευματικῶς
3342 1165 3456 1234 (60)
3502 1165 3668 1238 δοθή-

2076 1277 2228 1314 σεται
2284 1260 2457 1330 τροφή
2501 1257 2649 1328 (61)·
2686 1257 2828 1311 ὥστε
2889 1256 3278 1327 πνευματικῶς
3329 1258 3388 1311 ὲν
3443 1258 3666 1330 ἑκάστῳ

2073 1351 2277 1422 ταύτην
2304 1350 2665 1414 ἀναδίδοσθαι,
2702 1350 2797 1403 καὶ
2828 1348 3075 1418 γίνεσθαι
3118 1351 3253 1403 πᾶσι
3291 1350 3668 1423 φυλακτήρων

2076 1448 2155 1509 εἰς
2187 1444 2482 1498 ἀνάστασιν
2522 1442 2668 1512 ζωῆς
2704 1442 2949 1496 αἰωνίου.
3002 1440 3159 1495 Οὕτω
3213 1443 3305 1495 καὶ
3342 1443 3443 1512 τὴν
3476 1444 3667 1514 Σαμα-

2078 1541 2245 1610 ρεῖτιν
2299 1536 2553 1605 ἀφέλκων
2585 1534 2696 1605 (62)
2745 1533 3002 1606 όΚύριος
3051 1534 3161 1588 άπὸ
3200 1533 3310 1588 τῶν
3359 1534 3664 1605 αἰσθητῶν,

2076 1632 2299 1705 Πνεῦμα
2325 1634 2513 1704 εἴρηκε
2535 1634 2625 1686 τὸν
2645 1632 2799 1700 Θεὸν,
2820 1633 2962 1703 ὑπὲρ
2986 1631 3081 1686 τοῦ
3105 1632 3301 1704 μηκέτι
3330 1630 3665 1703 σωματικῶς

2076 1724 2265 1797 αὐτὴν,
2299 1724 2437 1779 ἀλλὰ
2460 1724 2849 1795 πνευματικῶς
2870 1725 3343 1796 διανοεῖσθαιπερὶ
3368 1724 3463 1777 τοῦ
3498 1721 3662 1777 Θεοῦ’

390 1825 513 1864 nem
549 1811 890 1866 existimaret
920 1831 932 1864 :
966 1811 1062 1867 sed
1085 1811 1215 1867 dum
1247 1810 1510 1881 Spiritum
1542 1812 1775 1880 audiret,
1801 1811 1974 1867 Deum

2099 1790 2221 1869 ιῦτω
2270 1816 2367 1870 καὶ
2406 1819 2435 1869 ὁ
2479 1790 2766 1889 προφήτης
2799 1817 3023 1890 θεωρῶν
3066 1820 3159 1874 τὸν
3205 1790 3378 1888 Λύκον
3410 1819 3502 1872 τὸν
3549 1815 3666 1887 (65)

388 1910 708 1969 agnosceret
740 1916 861 1957 esse
892 1918 1016 1957 eum
1051 1904 1142 1972 qui
1178 1903 1232 1956 in
1267 1919 1494 1974 corpore
1522 1913 1687 1959 esset.

2080 1906 2369 1978 γενόμενον
2393 1907 2571 1980 σάρκα
2596 1910 2819 1981 εἴρηκε’
2855 1929 2874 1961 ι
2908 1910 3132 1982 Πνεῦμα
3161 1909 3455 1983 προσώπου
3500 1908 3671 1980 ἡμῶν

387 1995 622 2067 Χριστὸς
647 1995 884 2066 Κύριος*
944 2015 963 2048 ι
993 1997 1079 2049 ἵνα
1134 1998 1209 2069 μὴ
1264 2001 1328 2051 ὲκ
1375 1998 1469 2051 τοῦ
1520 1998 1844 2068 φαινομένου
1873 1998 2068 2073 νομίσῃ
2105 2018 2190 2065 τις
2235 2000 2520 2072 ἄνθρωπον
2578 2001 2730 2072 ψιλὸν
2787 1997 2929 2056 εἶναι
2965 2003 3054 2058 τὸν
3107 2002 3333 2076 Κύριον,
3380 2003 3518 2058 ἀλλὰ
3572 2002 3671 2057 καὶ

388 2082 612 2158 Πνεῦμα
654 2090 889 2154 ἁκούων,
936 2090 1180 2166 γινώσκῃ
1211 2091 1343 2145 Θεὸν
1374 2089 1514 2145 εἶναι
1548 2091 1638 2144 τὸν
1666 2092 1723 2144 ὲν
1759 2089 1972 2162 σώματι
2010 2091 2159 2147 ὄντα.

456 2179 547 2233 20.
590 2178 818 2234 Planum
873 2181 1058 2253 itaque
1103 2192 1400 2253 utrumque
1455 2182 1641 2247 fuerit,
1699 2197 1824 2236 eum
1878 2182 1977 2251 qui

388 2270 680 2326 Dominum
712 2272 860 2328 videt
897 2274 964 2329 de
1002 2290 1063 2329 se
1107 2274 1488 2338 disserentem,
1530 2277 1577 2330 si
1610 2283 1822 2329 tantum
1852 2289 1980 2329 cor-

389 2365 598 2435 poralia
644 2365 764 2436 ejus
811 2375 1047 2437 spectet,
1082 2376 1136 2421 et
1166 2382 1275 2421 non
1308 2368 1539 2423 credens
1566 2367 1732 2434 dicat,
1765 2385 1785 2419 ‹
1825 2365 1981 2423 Unde

391 2456 521 2511 huic
552 2458 654 2511 ista
687 2458 954 2528 sapientia
976 2458 1089 2513 τισι»
1114 2475 1341 2529 peccare
1367 2460 1587 2530 quidem
1609 2501 1624 2526 ,
1645 2468 1699 2515 et
1718 2468 1974 2529 tanquam

392 2548 446 2601 in
477 2546 677 2603 Filium
708 2549 946 2603 hominis
974 2549 1359 2619 blasphemare
1402 2570 1413 2606 :
1463 2551 1509 2605 si
1536 2550 1662 2622 quis
1695 2565 1825 2605 vero
1859 2549 1980 2618 ejus

2148 2182 2239 2237 20.
2289 2184 2577 2256 Ἑκάτερον
2604 2182 2698 2239 οὖν
2726 2184 2887 2256 δῆλον
2917 2185 2985 2241 ἂν
3017 2185 3104 2258 εἴη
3130 2185 3315 2240 λοιπὸν
3355 2184 3492 2256 (64),
3519 2186 3611 2240 ὅτι
3639 2187 3669 2240 ό

2079 2277 2170 2331 τὸν
2191 2275 2395 2349 Κύριον
2419 2275 2560 2348 ὁρῶν
2582 2277 2652 2331 τὰ
2673 2279 2802 2348 περὶ
2818 2276 3013 2331 ἑαυτοῦ
3030 2277 3429 2348 διαλεγόμενον,
3449 2275 3549 2329 ἐὰν
3567 2277 3669 2347 μὲν

2078 2367 2149 2421 τὰ
2182 2367 2470 2439 σωματικὰ
2498 2366 2662 2421 αὑτοῦ
2695 2369 2854 2440 μόνον
2877 2367 3115 2439 βλέπων,
3146 2366 3242 2422 καὶ
3282 2365 3359 2438 μὴ
3389 2366 3667 2419 πιστεύων

2079 2453 2266 2523 λέγοιο
2319 2474 2337 2506 ι
2373 2454 2545 2512 Πόθεν
2578 2455 2751 2528 τούτῳ
2792 2459 2825 2527 ἡ
2877 2457 3039 2526 σοφία
3080 2457 3257 2528 αύτης
3298 2475 3317 2507 ι
3360 2457 3668 2527 ἁμαρτάνει

2087 2548 2208 2619 μὲν,
2243 2550 2337 2603 καὶ
2375 2548 2451 2613 ὡς
2501 2549 2584 2615 εἰς
2612 2548 2740 2604 Υῐδν
2772 2549 3063 2622 ἀνθρώπου
3099 2550 3442 2622 βλασφημεῖ·
3493 2549 3611 2603 ἀλλ’
3640 2552 3671 2602 ό

462 2642 509 2672 ⁷³
547 2639 708 2695 Joan.
741 2654 820 2706 vr,
854 2639 945 2694 64.
1026 2642 1072 2673 ⁷³
1111 2639 1317 2697 Thren.
1349 2657 1422 2706 ιν,
1443 2639 1535 2694 20.
1611 2637 1661 2672 ⁷⁵
1696 2638 1891 2693 Matth.
1930 2653 2053 2704 χιιι,
2081 2638 2171 2693 Si.

394 2733 611 2789 tualiter
640 2740 849 2786 tantum
878 2733 931 2787 in
960 2742 1307 2788 sacramento
1333 2734 1540 2788 haberi.
1570 2731 1675 2787 Sed
1702 2732 1749 2787 si
1771 2746 1976 2800 expen-

392 2807 592 2859 dantur
612 2802 896 2858 Athanasii
914 2804 1101 2874 verba,
1134 2804 1223 2858 hic
1248 2804 1368 2874 ejus
1402 2819 1524 2859 esse
1548 2819 1748 2871 scopus
1777 2804 1973 2874 depre-

395 2875 681 2935 hendetur,
717 2879 780 2925 ut
825 2888 892 2927 ex
938 2872 1167 2928 Joannis
1202 2871 1321 2929 loco
1366 2889 1531 2943 supra
1561 2874 1746 2935 citato,
1785 2871 1975 2941 probet

393 2943 674 2999 Christum
704 2943 1099 2997 humanitatem
1138 2945 1293 3013 juxta
1338 2959 1404 2999 ac
1448 2944 1785 2998 divinitatem
1814 2956 1969 2996 suam

2081 2746 2160 2785 eae
2187 2728 2447 2786 Ecclesiae
2474 2730 2765 2786 immutata
2799 2732 2933 2787 tides
2963 2740 3066 2787 est.
3094 2729 3295 2786 Verum
3324 2746 3452 2786 cum
3487 2730 3541 2785 id
3574 2747 3667 2787 no-

2082 2813 2260 2855 tarum
2288 2802 2550 2856 harumce
2578 2802 2818 2871 brevitas
2849 2818 2955 2856 non
2983 2801 3141 2869 lerat,
3164 2812 3217 2856 et
3244 2801 3451 2871 alioqui
3479 2806 3668 2871 saepis-

2081 2872 2219 2925 sime
2256 2885 2342 2926 res
2369 2874 2569 2940 agitata
2593 2870 2790 2938 fuerit,
2817 2887 2986 2927 unum
3016 2873 3316 2927 alterumve
3343 2870 3579 2926 sutIiciat
3598 2888 3663 2927 ex

2080 2941 2288 2996 Isidoro
2316 2956 2609 3012 apponere.
2641 2942 2885 2997 Primum
2913 2957 2979 2997 ex
3013 2943 3110 2996 lib.
3144 2959 3184 3006 ι,
3216 2942 3375 3012 epist.
3403 2942 3531 3006 109,
3570 2943 3664 2996 καὶ

391 3012 1333 3101 ,1ιιιιιιιίει,ἰηιὶξοιιεεθζτθιιιιιοςωιιιιιι
1356 3015 1499 3069 inter
1523 3023 1835 3101 Intramque
1874 3027 1974 3080 po-

2099 3013 2170 3101 in).
2203 3012 2300 3093 τῇς
2329 3012 2609 3101 τραπέςης
2636 3012 2753 3094 ,τῆς
2789 3013 3073 3101 ’μυστικῆς
3111 3013 3203 3098 τὸν
3231 3013 3395 3101 ἄρτον
3423 3013 3519 3067 τὸν
3531 3031 3663 3100 ’κοι-

394 3085 575 3141 suisse
594 3082 908 3138 discrimen.
927 3081 1086 3137 Unde
1113 3081 1240 3152 post
1265 3083 1491 3138 allatum
1516 3081 1972 3147 Joannis‘locum,

394 3153 670 3210 subsumit
696 3162 921 3208 sanctus
946 3154 1137 3208 doctor
1171 3173 1184 3208 :
1229 3154 1371 3207 Nam
1392 3155 1474 3207 hic
1504 3155 1667 3208 etiam
1691 3164 1975 3220 utrumque

394 3229 461 3279 de
483 3240 538 3279 se
561 3224 720 3288 dixit,
750 3239 963 3277 carnem
999 3233 1048 3277 et
1070 3226 1319 3293 spiritum
1341 3226 1356 3292 (
1382 3225 1431 3279 id
1463 3236 1567 3289 est,
1603 3232 1663 3278 ut
1690 3237 1854 3292 supra
1880 3236 1977 3275 ex-

394 3296 563 3366 plicat
596 3295 727 3363 ipse,
760 3295 1147 3366 divinitatem),
1177 3306 1225 3349 et
1251 3296 1498 3363 spiritum
1534 3312 1566 3347 a
1591 3310 1748 3347 carne
1778 3293 1974 3366 distin-

394 3362 477 3419 I'cit
500 3382 518 3419 :
554 3362 738 3418 utnon
757 3364 927 3418 solum
949 3366 1087 3435 quod
1108 3362 1348 3434 apparet,
1371 3367 1461 3420 sed
1481 3367 1640 3419 etiam
1664 3364 1809 3435 quod,
1843 3362 1979 3414 invi-

394 3435 547 3491 sibile
567 3435 680 3503 ejus
702 3444 781 3489 est
808 3435 1095 3499 credentes,
1119 3437 1378 3490 discerent
1411 3453 1474 3490 ea
1502 3437 1754 3506 quceipse
1780 3434 1978 3506 ﬁloque-

398 3516 547 3560 retur
566 3519 668 3558 non
689 3521 800 3558 esse
823 3506 1088 3570 carnalia,
1115 3508 1204 3561 sed
1233 3504 1559 3576 spiritantia.
1598 3504 1697 3560 Ubi
1726 3505 1979 3559 advertas

397 3578 584 3639 velim,
620 3576 709 3630 hic
736 3576 1096 3631 Athanasium
1152 3577 1221 3632 de
1267 3576 1598 3632 eucharistia
1638 3577 1975 3645 loquentem,

399 3661 697 3718 agnoscere
725 3661 929 3716 corpus
960 3648 1162 3703 Christi
1194 3664 1318 3702 cum
1360 3644 1742 3718 divinitatejin
1772 3644 1978 3700 eucha-

399 3716 553 3772 ri'stia
577 3731 698 3788 esse
729 3734 743 3767 :
767 3728 931 3785 atque
963 3718 1013 3771 id
1040 3719 1185 3788 quod
1213 3717 1484 3773 invisibile
1509 3726 1591 3773 est
1618 3716 1979 3788 (divinitatem

402 3787 618 3858 nempe)
639 3802 792 3858 aeque
819 3785 1152 3843 credendum
1186 3803 1328 3853 esse,
1363 3795 1525 3857 atque
1560 3788 1692 3841 illud
1717 3785 1857 3856 quod
1885 3800 1980 3853 ap.-

400 3866 575 3927 paret,
599 3856 805 3928 idest,
833 3859 979 3925 quod
1022 3875 1087 3912 ex
1132 3874 1231 3912 sua
1265 3856 1459 3912 natura
1491 3866 1735 3928 apparet,
1787 3869 1982 3928 nempe

402 3925 603 4053 cogens
625 3946 650 4011 ,ι
676 3926 801 3983 licet
825 3943 891 3982 ex
921 3928 1104 3984 divina
1134 3930 1334 3984 virtute
1369 3929 1424 3983 in
1454 3925 1797 3984 sacramento
1836 3925 1979 3979 invi-

403 4016 451 4053 sn
495 4014 564 4053 te
594 4007 686 4052 snt.

403 4000 564 4054 sibile
594 3999 686 4052 sit.

474 4069 631 4136 Quod
667 4077 848 4139 autem
881 4067 1182 4139 subjungit,
1209 4069 1376 4123 verba
1406 4068 1613 4123 Christi
1641 4064 1984 4139 de_eucha_ri-

404 4141 508 4194 slia
543 4138 815 4209 loquentis
837 4155 941 4191 non
968 4155 1077 4192 esse
1091 4136 1339 4193 carnalia
1362 4140 1451 4193 sed
1475 4136 1874 4209 spiritualia,et
1900 4136 1983 4188 in-

404 4211 597 4273 ferius,
616 4208 827 4262 carnem
846 4209 1047 4264 Christi
1067 4226 1179 4264 esse
1200 4211 1372 4263 cibum
1393 4226 1420 4263 e
1450 4210 1690 4277 supernis
1727 4208 1982 4260 ccclestem

405 4290 455 4335 et
505 4279 858 4348 spiritualem,
911 4289 1075 4349 atque
1120 4280 1475 4350 spiritualiter
1523 4281 1666 4350 dari,
1697 4277 1981 4350 verissima

2078 3082 2166 3154 v_ov
2186 3082 2375 3154 σῶμα
2396 3082 2560 3136 ἰδικδν
2603 3083 2702 3153 τῆς
2742 3082 2906 3137 αὑτοῦ
2964 3082 3290 3154 σαρκώσεως
3336 3085 3661 3153 ἀποφαῖνον.

2079 3151 2147 3205 Et
2176 3153 2228 3205 in
2251 3151 2476 3222 mystica
2504 3151 2683 3207 mensa
2711 3151 3048 3224 communem
3066 3170 3253 3222 panem
3274 3151 3554 3224 proprium
3577 3156 3662 3207 iu—

2078 3224 2405 3277 carnationis
2428 3240 2617 3293 corpus
2642 3223 2829 3277 reddat
2850 3223 3111 3293 (Spiritus
3128 3223 3395 3293 sanctus).
3422 3224 3603 3278 Etlib.
3624 3238 3662 3290 ι,

2078 3295 2238 3366 epist.
2274 3294 2396 3358 125,
2415 3294 2625 3366 Ἡμεῖς,
2661 3294 2755 3366 ὲπ).
2790 3293 3020 3353 σινδόνος
3064 3293 3157 3366 τὸν
3180 3294 3368 3366 ⁸ἄρτον
3396 3295 3500 3366 τῆς
3532 3311 3665 3366 προ-

2080 3363 2283 3428 θέσεως
2313 3363 2651 3438 enatam“,
2672 3363 2837 3438 orbita
2866 3363 3107 3438 Χριστοῦ
3137 3363 3481 3438 άδιστάκτως
3516 3363 3665 3438 εὑρι-

2083 3451 2307 3505 σκομεν.
2342 3434 2454 3489 Nos
2473 3434 2844 3504 propositionis
2864 3434 3051 3503 panem
3089 3435 3146 3488 in
3169 3434 3393 3489 sindone
3415 3434 3663 3504 sanctiﬁ-

2080 3504 2277 3570 cantes,
2296 3504 2495 3560 Christi
2518 3520 2708 3573 corpus
2733 3505 2847 3559 sine
2867 3505 3192 3559 dubitatione
3215 3506 3527 3573 reperimus.
3543 3505 3671 3572 Qui-

2080 3575 2192 3658 bus
2218 3576 2348 3645 quid
2375 3575 2653 3658 apertius?

2154 3644 2325 3701 Porro
2352 3644 2533 3701 minus
2561 3653 2706 3700 recte
2739 3644 2887 3700 card.
2923 3645 3219 3701 Perronius
3258 3647 3409 3701 hunc
3436 3644 3668 3702 Tracta-

2082 3725 2196 3770 tum
2227 3716 2529 3772 Athanasio
2550 3716 2882 3785 abjudicavit
2909 3735 2921 3770 :
2947 3732 3012 3772 ex
3042 3717 3128 3771 his
3150 3717 3295 3770 enim
3321 3732 3446 3785 quae
3470 3717 3527 3771 in
3550 3718 3668 3771 Mo-

2083 3787 2199 3840 nito
2230 3787 2496 3850 diximus,
2532 3795 2750 3841 constat
2778 3786 2899 3855 ejus
2946 3803 3069 3842 esse
3105 3802 3427 3856 germanum
3469 3787 3664 3843 fetum.

2083 3856 2200 3923 Qua
2231 3858 2299 3911 de
2321 3872 2382 3911 re
2405 3857 2652 3912 eruditus
2682 3871 2844 3910 nemo
2868 3855 2984 3924 jam
3010 3855 3255 3926 ambigit.

2155 3927 2210 3980 In
2245 3929 2350 3981 hoc
2392 3936 2573 3982 autem
2606 3941 2770 3996 opere
2804 3927 3042 3996 Spiritus
3069 3927 3295 3996 nomine
3315 3925 3665 3982 divinitatem

2083 3996 2290 4051 Christi
2322 4013 2466 4067 saepe
2494 3995 2745 4067 intelligit
2771 3995 2998 4067 sanctus
3027 3998 3239 4067 doctor.
3265 3995 3420 4061 Quod
3461 4000 3533 4052 ab
3574 3997 3670 4052 Hi-

2083 4067 2224 4120 lario
2271 4066 2509 4138 itemque
2543 4082 2573 4120 a
2615 4066 2802 4123 maltis
2830 4066 3085 4138 Patribus
3120 4066 3540 4138 antiquioribus
3565 4070 3667 4122 ad-

2084 4138 2317 4192 missum
2364 4136 2609 4192 referunt
2658 4138 2856 4199 nostri,
2889 4138 2944 4191 in
2990 4136 3316 4191 Praefatione
3359 4137 3428 4191 ad
3474 4137 3669 4193 llilarii

2086 4223 2284 4262 novam
2316 4208 2800 4273 editionem,num.
2831 4208 2897 4261 57
2925 4216 2980 4262 et
3002 4207 3377 4277 sequentibus.

2159 4278 2274 4348 (59)
2313 4276 2514 4348 Regius
2546 4288 2601 4331 et
2629 4277 2781 4344 Seg.,
2809 4280 2889 4341 εἰς
2914 4276 3162 4347 οὐρανόν.

406 4332 543 4430 sane.
566 4358 716 4430 sunt,
742 4364 815 4430 e_o.
837 4332 1163 4430 iteniﬁéqué
1184 4351 1528 4430 Athanasius
1564 4332 1974 4430 indicatgnodo;

2120 4419 2131 4430 -
2154 4332 2287 4430 (‘60)'_
2307 4332 2466 4430 Gnolil.
2498 4332 2554 4403 et
2577 4332 2813 4403 Felclim.
2836 4332 3079 4430 primus,
3111 4347 3523 4430 πνευματικῶς.

406 4421 516 4475 duo
563 4420 731 4484 enim,
764 4420 917 4491 hisce
942 4417 1145 4491 verbis,
1181 4419 1470 4491 intelligit:
1508 4422 1562 4473 1ο
1594 4435 1701 4491 non
1735 4417 1976 4491 alimenti

406 4491 644 4545 carnalis
672 4504 824 4543 more
854 4490 1021 4545 dividi
1055 4505 1275 4546 carnem
1318 4488 1541 4557 Christi,
1579 4499 1640 4543 ut
1664 4488 1979 4542 hominibus

406 4563 567 4617 detur
595 4580 608 4615 :
636 4560 775 4625 Quot
818 4562 978 4625 enim,
1004 4561 1099 4626 ait,
1138 4560 1433 4615 hominibus
1463 4577 1651 4627 corpus
1692 4560 1825 4611 satis
1848 4567 1979 4611 esset

410 4634 480 4685 ad
503 4648 674 4693 esum,
702 4640 757 4684 ut
785 4632 945 4684 totius
977 4630 1161 4685 mundi
1203 4633 1351 4701 ﬁeret
1391 4630 1741 4685 alimentum?
1768 4627 1979 4693 Quibus

408 4702 590 4757 verbis
615 4702 838 4771 planum
881 4710 966 4756 est
1008 4716 1117 4755 non
1159 4701 1371 4756 excludi
1406 4702 1772 4772 praesentiam,
1800 4708 1861 4772 ut
1890 4714 1982 4772 vo-

408 4782 556 4834 cant,
576 4768 799 4837 réalem,
817 4773 912 4827 sed
938 4772 1261 4827 divisionem
1292 4768 1549 4841 partium.
1578 4769 1635 4824 2°
1662 4769 1789 4825 Vult
1808 4768 1865 4823 S.
1883 4769 1982 4824 do-

408 4853 529 4897 ctor
554 4857 771 4899 carnem
797 4841 1002 4898 Christi
1032 4843 1085 4896 in
1120 4843 1450 4898 eucharistia
1475 4859 1585 4897 non
1622 4856 1743 4897 esse
1782 4855 1980 4909 corpo-

409 4915 578 4968 ralem
628 4914 967 4979 alimoniam,
1011 4914 1106 4969 sed
1153 4913 1512 4982 spiritualem,
1543 4929 1665 4982 qua?
1713 4910 1892 4976 datur,
1924 4919 1981 4962 ut

409 4984 528 5055 ﬁat,
552 4984 762 5055 inquit,
797 4993 1031 5039 tutamen
1054 4985 1112 5037 in
1134 4985 1568 5055 resurrectionem
1590 4986 1710 5037 vita:
1750 4989 1978 5055 (etei-nte.

411 5051 566 5124 Quod
598 5051 785 5124 utique
810 5069 973 5109 nemo
994 5062 1084 5109 eat
1105 5055 1338 5109 inlicias.
1370 5052 1557 5124 Neque
1586 5056 1730 5110 enim
1754 5054 1808 5105 in
1836 5051 1984 5105 hisce

412 5125 669 5180 omnibus
710 5126 892 5181 verbis
928 5125 1215 5179 Athanasii
1263 5139 1495 5193 usquam
1535 5124 1756 5189 dicitur,
1782 5136 1985 5193 corpus

413 5195 615 5249 Christi
641 5212 750 5251 non
774 5211 918 5259 esse,
945 5196 1031 5249 vel
1054 5192 1405 5264 spiritualiter
1428 5203 1637 5248 tantum
1662 5192 1861 5264 essein
1887 5207 1984 5244 eu-

414 5265 670 5336 charistia
700 5284 714 5320 :
746 5282 868 5336 quae
919 5263 1101 5336 tamen
1149 5274 1234 5320 est
1260 5279 1386 5319 vera
1413 5263 1984 5336 Catholicos‘interﬁt

412 5330 1359 5406 Calvinianos'qutestio._Possemps
1400 5335 1632 5406 plurima
1662 5330 1985 5406 aﬂ‘erre‘Cy-

308 5431 321 5441 ~
414 5405 523 5459 rilli
552 5402 925 5471 Alexandrini,
958 5415 1012 5460 et
1049 5404 1250 5460 lsidori
1285 5402 1575 5459 Pelusiotae
1609 5405 1749 5468 loca,
1785 5402 1985 5472 quibus

415 5476 651 5531 dilucide
693 5484 1154 5532 commonstratur
1208 5492 1336 5531 vera
1375 5476 1693 5530 exsistentia
1738 5472 1985 5542 corporis

415 5545 621 5600 Christi
670 5546 724 5599 in
770 5547 1120 5603 eucharistia.
1159 5545 1452 5600 Enimvero
1483 5561 1609 5600 cum
1657 5544 1724 5598 70
1770 5544 1987 5597 circiter

418 5624 544 5685 post
563 5615 878 5670 defunctum
903 5617 1260 5670 Athanasium
1279 5631 1451 5670 annos
1470 5616 1982 5686 scripserint,__suam

418 5684 623 5756 pariter
655 5695 707 5739 et
732 5686 1017 5740 Athanasii
1059 5689 1383 5756 sententiam
1412 5684 1775 5756 explicarunt.
1802 5684 1987 5753 Neque

418 5755 566 5811 enim
597 5773 627 5811 a
657 5766 899 5825 tempore
925 5756 1210 5813 Athanasii
1226 5755 1295 5812 ad
1324 5755 1493 5814 suum
1516 5772 1689 5814 atrum
1708 5755 1987 5828 Egyptia-

2122 4417 2206 4474 ius
2241 4417 2295 4491 e_t
2337 4418 2489 4491 Seg.,
2509 4417 2923 4491 πνευματικῶν,
2955 4419 3139 4491 minus
3172 4428 3337 4491 recte,
3374 4421 3429 4472 ni
3482 4420 3668 4491 fallor.

2081 4435 2206 4543 frus
2241 4435 2295 4473 et
2338 4435 2489 4491 Seg.,
2519 4435 2923 4489 πνευματικῶν,
2955 4435 3139 4472 minus
3172 4435 3337 4483 reete,
3374 4435 3429 4472 nt
3482 4435 3668 4478 tauor.

2253 4488 2627 4577 B‘egiusuSeg.
2677 4488 2835 4543 Gobl.
2864 4501 2920 4544 et
2956 4488 3196 4544 Felckm.
3235 4490 3467 4558 primus,
3501 4490 3670 4547 ὥστε.

2083 4559 2227 4613 Editi
2257 4568 2313 4613 et
2332 4559 2536 4623 caeteri,
2567 4559 2664 4623 ὡς.

2154 4629 2264 4701 (61)
2307 4630 2399 4685 Sic
2421 4629 2645 4698 Regius,
2666 4628 3046 4701 Seguerianusi
3084 4628 3241 4684 Gobl.
3298 4637 3352 4683 et
3384 4629 3574 4686 Felrk.
3614 4633 3664 4699 i,

2081 4699 2226 4781 Editi
2262 4715 2413 4823 tiero,
2441 4701 2579 4770 ὑπὲρ
2602 4699 2697 4754 τοῦ
2727 4699 2933 4770 κόσμου
2966 4700 3253 4772 δοθήσεται
3281 4706 3484 4773 τροφή,
3502 4704 3669 4759 omis-

2082 4786 2159 4823 διε
2182 4787 2272 4823 mu
2322 4787 2389 4823 ιε.

2082 4773 2159 4826 sis
2182 4773 2389 4826 multis.

2178 4842 2266 4913 62)
2306 4841 2463 4913 Gobl.
2491 4849 2551 4913 et
2576 4840 2819 4913 Felckm.
2845 4841 3077 4913 primus,
3103 4840 3366 4913 ἐφέλκων.

2177 4909 2268 4980 65)
2307 4912 2399 4966 Sic
2428 4912 2630 4982 Regius
2651 4921 2707 4966 et
2730 4909 2976 4982 Segiﬁov
3000 4910 3151 4982 deest
3172 4911 3226 4964 in
3252 4911 3414 4982 editis
3438 4919 3494 4965 et
3511 4912 3665 4982 aliis.

2083 4979 2255 5053 Paulo
2282 4990 2407 5053 post
2434 4979 2636 5053 Regius
2665 4990 2720 5036 et
2751 4979 2899 5053 δέρη
2931 4979 3298 5053 Πνεῦμαπρὸ
3325 4981 3663 5053 προσώπου.

2084 5050 2323 5124 Felcktn.
2350 5052 2405 5119 2,
2428 5050 2655 5124 Πνεῦμα
2682 5052 3008 5124 προσώπων.
3036 5050 3181 5124 ΕιΙίιί
3210 5050 3267 5105 et
3290 5050 3405 5117 alii,
3436 5052 3669 5123 Πνεῦμα

2088 5121 2385 5193 προσώπου
2417 5133 2473 5178 et
2495 5121 2826 5178 sic'Grte'cus
2851 5123 3141 5193 Hieremias
3171 5132 3373 5176 textus.

2160 5192 2297 5264 (64)_
2314 5194 2406 5264 Sic
2430 5193 2645 5264 editiqet
2671 5193 2892 5264 quidam
2936 5192 3259 5264 codicem,
3294 5193 3665 5264 Regiusivero

2088 5261 2212 5334 Seg.
2254 5261 2417 5318 Gobl.
2462 5273 2531 5334 et
2553 5261 2793 5318 Felckm.
2823 5262 3165 5334 priniusj’Ex
3186 5261 3250 5333 δὴ
3278 5261 3473 5334 τούτου
3507 5263 3668 5333 δῆλον

2086 5331 2264 5402 ἂνέῖη
2295 5334 2479 5387 λοιπὸν
2505 5333 2710 5391 (λοιπόν
2742 5331 2895 5389 deest
2926 5333 2979 5387 in
3009 5331 3166 5387 Gobl.
3193 5331 3250 5387 et
3279 5332 3521 5387 Felckm.
3556 5331 3667 5401 pri-

2086 5406 2213 5473 mo)
2248 5406 2359 5475 τοῖς
2382 5405 2516 5475 πᾶσι
2535 5404 2605 5475 τὸΔ
2626 5403 2975 5475 εὐαγγελικὸν
3005 5402 3166 5475 ῥητόν
3187 5419 3200 5432 ·
3224 5404 3312 5475 ὅτι
3336 5403 3667 5475 τδνᾲΚύριον

2086 5475 2230 5545 ὁρῶν
2255 5474 2290 5544 ἢ
2317 5474 2561 5545 καὶπερὶ
2587 5473 2768 5545 (Gobl.
2790 5483 2854 5545 et
2871 5473 3120 5545 Felgkm.
3151 5473 3388 5545 primus,
3421 5473 3457 5544 ἢ
3481 5474 3555 5527 τὰ
3576 5488 3666 5545 πε·

2090 5542 2166 5615 pi)
2201 5542 2396 5597 ἑαυτοῦ
2417 5542 2815 5615 διαλεγόμενος.
2838 5542 2964 5597 Mox
2987 5542 3189 5615 Regius
3217 5542 3457 5615 ιιι-δεδι.
3487 5545 3574 5606 εἰς
3600 5542 3667 5615 τὰ

2089 5613 2395 5685 σωματικά.
2423 5614 2556 5669 ibid.
2596 5613 2816 5685 Regius,
2854 5615 2981 5684 Seg.
3004 5614 3174 5685 Gobl.
3200 5623 3256 5685 et
3279 5613 3527 5685 Felckm;
3557 5613 3667 5685 pri-

2088 5681 2238 5755 mus,
2270 5685 2429 5755 μόνον
2466 5681 2811 5748 ἀποϐλέπων,
2835 5681 3031 5755 καλξμὴ
3062 5681 3082 5750 (
3108 5684 3180 5753 μή
3204 5683 3379 5755 ίάορει
3409 5685 3464 5740 in
3494 5681 3666 5755 Regio

2088 5767 2142 5813 et
2176 5754 2328 5828 ch.)
2360 5756 2825 5830 προπετευὸμενος
2848 5754 3085 5827 λαλήσῃ·
3116 5754 3305 5809 Πόθεν.
3472 5782 3480 5791 -
