3822 6226
216 272 336 330 073

1326 266 1665 324 EPISTOLA
1697 266 1768 324 iV
1804 268 1898 322 AD
1938 268 2401 329 SERAPIONEM.

3379 295 3486 356 674

290 387 386 442 22.
431 384 577 438 Ἔδει
601 383 657 438 δὲ
690 400 816 447 τους
849 382 1120 454 πονηροὺς
1147 381 1181 453 ἢ
1224 381 1357 454 μηδὲ
1385 384 1449 436 ἐκ
1475 382 1584 436 τῶν
1619 401 1770 455 σωμα

1980 383 2069 439 22.
2097 384 2299 441 Verum
2326 402 2426 457 par
2451 396 2588 456 erat,
2615 390 2892 461 improbos
2921 395 3042 454 illos
3071 409 3165 457 aut
3194 401 3485 465 Dominum

213 479 391 533 τικῶν
424 477 723 544 ὲξουθενεῖν
753 475 864 547 (84)
902 476 1099 539 αὑτοὺς
1138 475 1214 539 ὡς
1242 474 1527 547 ἄνθρωπον
1554 476 1644 529 τὸν
1691 474 1805 528 Κύ-

220 587 362 641 ριον,
390 567 425 639 ἦ
448 567 693 639 δηλονότι
735 566 831 619 καὶ
872 568 937 618 ὲκ
967 565 1077 619 τῶν
1116 563 1292 636 ἔργων
1324 563 1455 617 Θεὸν
1488 563 1649 617 αὑτὸν
1677 566 1804 634 ὁμο-

213 659 401 727 λογεῖν
434 655 706 727 ἀληθινόν.
745 654 903 708 Ἀλλά
926 655 1101 708 πάντα
1133 653 1579 725 διεστραμμένως
1608 652 1807 724 ἔπρατ-

214 768 311 805 τον
332 767 346 781 ·
399 750 686 821 ἄνθρωπον
719 748 817 819 μὲν
848 746 1167 818 βλέποντες,
1199 746 1275 811 ὡς
1309 745 1583 824 ἀνθρώπῳ
1612 745 1803 799 ἐλοιδο-

218 842 451 914 ροῦντο’
504 842 642 913 ἔργα
685 841 741 894 δὲ
789 840 945 894 θεῖκά
980 836 1310 910 θεωροῦντες
1337 881 1352 905 ,
1398 834 1661 911 ἠρνοῦντο
1703 838 1802 910 τὴν

214 935 471 1006 θεότητα,
496 933 591 987 καὶ
618 932 984 1007 προσέτρεχον
1010 932 1087 1003 τῷ
1110 930 1362 1006 διαϐόλῳ,
1402 933 1657 1004 οἰόμενοι,
1693 935 1796 1000 ὅτι,

211 1028 391 1083 ταῦτα
426 1026 755 1098 τολμῶντες,
793 1026 1077 1097 διαδράναι
1127 1025 1469 1096 δυνήσονται,
1522 1026 1663 1081 ῶστε
1721 1028 1797 1100 μὴ

210 1118 473 1191 κριθῆναι
515 1118 644 1189 παρ’
678 1115 840 1171 αὑτοῦ
882 1115 975 1169 τοῦ
1028 1116 1383 1188 ὑϐριζομένου
1442 1118 1570 1188 παρ’
1618 1118 1796 1173 αὑτῶν

208 1212 416 1279 Λόγου.
461 1212 524 1263 υἱ
561 1210 658 1281 μὲν
684 1205 777 1263 οὖν
812 1208 1071 1277 ὲπαοιδοὶ,
1102 1210 1195 1262 καὶ
1230 1210 1415 1280 μάγοι,
1447 1209 1541 1263 καὶ
1578 1228 1797 1282 φαρμα-

208 1305 302 1361 κοὶ
324 1303 421 1357 τοῦ
446 1303 664 1375 Φαραὼ,
689 1303 865 1357 καίτοι
890 1304 1115 1357 πλεῖστα
1141 1304 1604 1375 ἐπιχειρήσαντες,
1647 1302 1796 1375 ὅμως

209 1398 505 1468 βλέποντες
539 1394 610 1449 τὰ
645 1394 733 1449 διὰ
767 1396 1010 1460 Μωσέως
1048 1395 1158 1468 (85)
1188 1399 1411 1467 σημεῖα,
1447 1396 1790 1466 καθυφῆκαν,

205 1490 308 1545 καὶ
353 1489 502 1543 νῶτα
548 1487 828 1554 δεδώκασι,
880 1488 1130 1557 λέγοντες
1175 1488 1436 1543 δάκτυλον
1483 1485 1624 1543 εἶναι
1655 1484 1788 1542 Θεοῦ

205 1580 302 1635 τὸν
329 1580 506 1635 ταῦτα
549 1579 838 1634 ποιοῦντσκ
879 1581 928 1633 οἱ
970 1580 1026 1633 δὲ
1056 1582 1337 1653 Φαρισαῖοι
1381 1582 1475 1635 καὶ
1517 1583 1566 1634 οἱ
1611 1598 1792 1653 γραμ-

207 1673 425 1743 ματεῖς,
459 1669 586 1741 ὅλην
609 1670 709 1740 τὴν
744 1672 901 1742 χεῖρα
928 1668 1023 1723 τοῦ
1057 1668 1192 1723 Θεοῦ
1230 1669 1520 1741 βλέποντες
1558 1670 1787 1742 ἐργαζο-

1906 490 1974 530 ex
2011 478 2383 545 corporalibus
2432 494 2543 534 non
2593 482 2947 553 viiipendere,
2982 493 3140 561 quasi
3185 494 3484 567 hominem,

1906 572 2001 618 aut
2031 580 2098 619 ex
2137 567 2395 636 operibus
2440 583 2630 625 verum
2674 572 2844 629 Deum
2892 578 3043 634 illum
3078 585 3350 644 conﬁteri.
3380 590 3489 647 Sed

1904 656 2091 710 omnia
2120 667 2447 726 praepostere
2493 659 2787 721 faciebant.
2832 666 2969 723 Cum
3016 672 3162 729 enim
3208 678 3485 737 hominem

1903 760 2214 817 cernerent,
2242 750 2345 820 ipsi
2367 760 2429 806 ut
2463 753 2673 810 homini
2701 759 3143 819 cenvitiahantur
3176 784 3191 821 :
3227 783 3292 823 ac
3322 772 3487 829 vicis—

1901 839 2003 894 sim
2033 856 2196 909 opera
2226 843 2408 897 divina
2436 843 2598 916 570
2620 856 2947 917 spectantes,
2986 856 3258 925 negabant
3285 862 3486 918 divini—

1899 940 2087 999 tatem,
2123 943 2177 989 et
2201 935 2266 989 ad
2298 935 2577 993 diabolum
2605 940 3015 1011 confugiebant,
3051 948 3155 1001 rati
3183 964 3261 1016 se,
3298 952 3343 1006 si
3367 954 3484 1010 haec

1900 1023 2186 1090 auderent,
2218 1025 2454 1096 effugere
2497 1044 2676 1098 posse,
2720 1047 2790 1086 ne
2834 1034 2903 1088 ab
2949 1035 3069 1105 ipso
3109 1038 3289 1097 Verbo
3335 1048 3481 1115 quod

1898 1116 2229 1171 contumelia
2270 1117 2582 1187 aﬂ‘eeerant,
2620 1122 3017 1191 judicarentur.
3062 1130 3127 1186 At
3174 1133 3481 1193 incantato-

1896 1220 2006 1273 res,
2036 1207 2179 1275 magi
2221 1216 2275 1262 et
2320 1210 2545 1266 veneiici
2581 1210 2905 1282 Pharaonis,
2942 1218 3067 1275 licet
3096 1222 3329 1292 plurima
3358 1238 3481 1283 ten-

1897 1301 2136 1359 tassent,
2173 1304 2355 1351 tamen
2382 1313 2413 1352 a
2446 1298 2629 1371 Moyse
2656 1303 2800 1358 edita
2828 1305 2982 1376 signa
3013 1323 3137 1363 cum
3173 1327 3474 1382 cernerent,

1893 1400 2112 1478 cessere
2143 1390 2359 1444 tandem
2379 1430 2394 1456 ,
2439 1400 2698 1463 tergaque
2724 1395 2921 1453 dedere
2948 1399 3212 1468 dicentes,
3245 1405 3475 1478 digitum

1891 1474 1987 1530 Dei
2014 1492 2135 1533 esse
2162 1480 2254 1550 qui
2294 1480 2409 1536 haec
2433 1483 2618 1538 ederet
2643 1488 2711 1541 δ’.
2738 1484 2998 1545 Pharisaei
3032 1502 3214 1550 autem
3248 1474 3477 1555 et'Scri-

1889 1567 1991 1636 hac,
2025 1585 2148 1625 cum
2176 1572 2442 1643 integram
2473 1574 2569 1630 Dei
2605 1593 2828 1633 manum
2859 1582 3105 1639 viderent
3129 1600 3471 1660 operantem,

1890 1670 2282 1733 cernerentque
2301 1679 2364 1719 ea
2399 1681 2521 1736 quae
2550 1682 2644 1737 per
2672 1668 2951 1726 Christum
2986 1672 3325 1734 Salvatorcm
3354 1694 3477 1753 age-

207 1732 777 1835 péqu,xal'n).eiov;
810 1732 905 1817 καὶ
944 1763 1168 1835 μείζονα
1201 1732 1533 1841 θεωροῦντες
1563 1732 1770 1819 ἐκείνωι

1892 1754 2113 1822 bantur,
2148 1732 2277 1812 sane
2307 1732 2433 1813 illis-
2458 1732 2733 1829 prioribus
2776 1763 2930 1832 plura
2974 1732 3332 1841 majoraqueﬂ;

200 1854 273 1907 τὰ
308 1853 376 1906 δι’
401 1851 564 1906 αὑτοῦ
590 1851 683 1905 τοῦ
715 1853 968 1926 Σωτῆρος
1002 1851 1115 1923 (86)
1145 1853 1424 1923 γινόμενα,
1450 1839 1541 1907 τὸν
1566 1851 1787 1916 Βεελζε-

202 1943 338 1998 ϐοὺλ
382 1943 568 2013 ἔλεγον
605 1942 776 1997 ταῦτα
809 1944 1001 2007 ποιεῖν,
1051 1942 1110 1995 ὃν
1151 1942 1244 1997 καὶ
1290 1943 1338 1996 οἱ
1392 1944 1577 2014 μάγοι,
1612 1943 1785 1997 καίτοι

202 2037 340 2091 ἴδιον
366 2037 547 2091 αὑτῶν
572 2036 719 2102 ὄντα,
754 2037 902 2106 ὅμως
925 2035 1235 2107 ὡμολόγουν
1262 2035 1335 2107 μὴ
1363 2035 1621 2091 δύνασθαι
1649 2036 1785 2108 μηδὲ

200 2124 272 2178 τὰ
300 2125 508 2179 τούτων
539 2125 798 2180 ἐλάττονα
842 2127 1017 2178 ποιεῖν
1050 2124 1184 2196 (87).
1221 2124 1333 2189 ’Τίς
1374 2121 1466 2179 οὖν
1511 2126 1782 2198 ὑπερϐολὴ

199 2215 305 2287 τῆς
332 2216 538 2271 τούτων
580 2217 775 2289 μανίας
805 2220 1010 2285 εἰπεῖν;
1040 2218 1074 2290 ἦ
1106 2217 1207 2283 τίς,
1239 2218 1315 2281 ὡς
1342 2219 1561 2290 εἴρηκεν
1586 2221 1614 2272 ό
1647 2236 1782 2289 προ-

202 2310 408 2382 φήτης,
443 2310 706 2381 όμοιῶσαί
739 2329 790 2365 τι
833 2314 955 2375 ταῖς
1005 2311 1210 2365 τούτων
1248 2310 1523 2375 ἀσεϐείαις
1554 2311 1789 2383 δυνήσε-’

198 2417 331 2466 ται;
370 2400 727 2456 Ἐδικαίωσαν
772 2401 883 2473 γὰρ
924 2401 985 2467 ἐξ
1026 2403 1234 2455 ἑαυτῶν
1269 2400 1382 2474 (88)
1414 2402 1509 2455 καὶ
1558 2403 1781 2472 Σοδομί-

197 2508 336 2556 τας·
386 2494 482 2546 ml.
513 2495 831 2566 νενικήκασι
888 2494 985 2565 μὲν
1018 2494 1119 2566 τὴν
1157 2493 1425 2565 Ἑλλήνων
1469 2494 1777 2563 ἀγνωσίαν,

199 2583 602 2654 ὑπερϐάλλουσι
626 2585 687 2638 δὲ·
712 2585 931 2639 καὶτῶν
963 2585 1153 2657 μάγων
1183 2584 1276 2638 τοῦ
1299 2584 1497 2658 Φαραὼ
1528 2585 1624 2658 τὴν
1654 2586 1779 2641 ἀλο-

197 2676 326 2743 γίαν
358 2716 374 2743 ,
433 2677 529 2729 καὶ
574 2677 710 2749 πρὸς
768 2677 965 2748 μόνους
1019 2676 1129 2749 (89)
1187 2676 1314 2740 τοὺς
1372 2677 1781 2748 Ἀρειομανίτας

197 2767 387 2839 ἔχουσι
426 2769 526 2840 τὴν
556 2769 864 2840 σύγκρισιν,
897 2768 1145 2839 ἀλλήλοις
1187 2769 1267 2832 εἰς
1298 2767 1400 2839 τὴν
1440 2767 1606 2839 αὑτὴν
1652 2769 1780 2822 ἀσέ-

196 2860 354 2914 ϐειαν
417 2861 841 2931 συμπίπτοντες.
888 2860 1129 2914 Ἰουδαῖοι
1187 2859 1287 2931 μὲν
1330 2859 1437 2931 γὰρ
1491 2859 1779 2930 βλέποντες

193 2948 285 3002 διὰ
313 2950 409 3003 τοῦ
440 2948 570 3004 Υίοῦ
614 2950 684 3004 τὰ
735 2948 829 3003 τοῦ
872 2950 1086 3022 Πατρὸς
1130 2949 1298 3024 ἔργα,
1330 2950 1408 3021 τῷ
1451 2950 1777 3016 Βεελζεϐοὑλ

192 3043 545 3098 ἀνατιθέασιν
580 3042 692 3115 (90)
724 3043 864 3099 αὑτά
888 3059 904 3075 ·
940 3044 1207 3115 Ἀρειανοὶ
1251 3043 1308 3096 δὲ
1334 3083 1349 3109 ,
1386 3042 1479 3097 καὶ
1518 3044 1671 3098 αὑτοὶ¹
1709 3043 1778 3099 τά

192 3135 338 3191 αὑτά
368 3135 660 3207 βλέποντες
699 3134 871 3207 ἔργα,
916 3139 1029 3200 τοῖς
1072 3136 1336 3208 κτίσμασι
1380 3137 1772 3210 συναριθμοῦσι

189 3230 285 3284 τὸν
316 3229 489 3283 ταῦτα
532 3227 789 3283 ποιοῦντα
833 3228 1037 3300 Κύριον
1061 3268 1076 3294 ,
1112 3229 1413 3299 φάσκοντες
1450 3228 1509 3295 ἐξ
1540 3232 1641 3284 οὐκ
1682 3230 1773 3284 ὅν-

188 3338 304 3374 των
342 3320 504 3374 αὑτὺν
534 3316 705 3374 εἶναι’
736 3322 853 3386 καὶ,
887 3322 987 3375 οὑκ
1018 3317 1108 3392 ἦν,
1137 3323 1266 3392 πρὶν
1301 3322 1546 3394 γένηταιο
1582 3322 1692 3375 Καὶ
1721 3324 1770 3376 οἱ

194 3415 296 3484 μὲν
322 3415 607 3487 Φαρισαῖοι
635 3412 970 3485 θεωροῦντες
996 3414 1085 3467 τὸν
1113 3413 1316 3484 Κύριον
1347 3414 1404 3467 ὲν
1426 3416 1640 3484 σώματι
1664 3412 1772 3465 διε-

189 3503 461 3576 γόγγυξον
479 3505 729 3573 λέγοντες
748 3520 762 3536 ·
787 3521 807 3556 ι
830 3503 930 3558 Διὰ
956 3504 1007 3559 τί
1042 3506 1127 3569 ab,
1159 3505 1443 3575 ἄνθρωπος
1471 3504 1568 3570 ὢν,
1598 3508 1771 3568 ποιεῖς

189 3598 419 3652 σεαυτὸν
473 3597 584 3669 (91)
621 3596 790 3661 Θεόν;
820 3614 840 3648 ι
899 3599 948 3650 οἱ
999 3597 1056 3650 δὲ
1085 3598 1495 3669 Χριστομάχοι,
1551 3597 1771 3668 βλέπον-

185 3708 282 3753 τες
325 3689 489 3743 αὑτὸν
528 3689 804 3760 πάσχοντα
832 3688 927 3742 καὶ
964 3687 1338 3759 κοιμώμενον,
1386 3688 1766 3760 βλασφημοῦσι

186 3782 438 3850 λέγοντες
475 3796 490 3810 ·
556 3780 615 3833 '0
662 3778 836 3832 ταῦτα
885 3779 1173 3850 ὑπομένων
1234 3781 1295 3833 οὑ
1363 3780 1585 3834 δύναται
1637 3778 1768 3843 Θεὸς

188 3868 446 3944 ἀληθινὸς
474 3869 583 3942 (92)
632 3871 726 3925 καὶ
757 3869 1038 3939 όμοούσιος
1067 3866 1204 3925 εἷναι
1244 3869 1336 3925 τοῦ
1377 3870 1609 3942 Πατρός.
1659 3870 1766 3922 Καὶ

1890 1859 2013 1899 rum
2073 1856 2355 1902 auctorem
2417 1850 2637 1906 aiebant
2686 1851 3095 1923 Beelzebulem,
3147 1876 3309 1931 quem
3364 1864 3471 1935 ipsi

1888 1937 2054 2007 magi,
2087 1938 2212 1994 licet
2240 1956 2423 2008 suum,
2455 1958 2525 1998 ne
2550 1944 2770 2013 quidem
2803 1946 2890 2002 his
2916 1950 3122 2005 minora
3152 1967 3312 2021 posse
3338 1972 3472 2010 con-

1889 2028 2202 2085 ﬁtebantur.
2249 2030 2520 2097 Quidnam
2570 2036 2637 2090 de
2679 2045 2787 2090 tam
2835 2037 3038 2109 ingenti
3091 2045 3320 2101 stultitia
3359 2048 3468 2104 dici

1885 2119 2104 2186 possit?
2128 2130 2242 2186 aut,
2278 2132 2337 2175 ut
2358 2122 2434 2175 ait
2461 2124 2744 2194 propheta,
2771 2127 2894 2195 quis
2921 2130 3050 2198 quid
3078 2146 3200 2186 cum
3226 2134 3333 2191 illis
3364 2137 3469 2191 im-

1882 2216 2176 2285 pietatibus
2205 2233 2523 2290 comparare
2546 2221 2776 2291 poterit?
2805 2222 3071 2281 Justiores
3106 2230 3249 2283 enim
3282 2246 3342 2286 se
3365 2229 3469 2286 So-

1881 2306 2116 2363 domitas
2132 2310 2495 2366 exhibuerunt
2512 2330 2525 2366 :
2543 2314 2789 2370 vicerunt
2813 2318 3051 2387 gentium
3079 2319 3462 2389 ignorantiam,

1882 2413 2276 2471 magorumque
2307 2400 2611 2461 Pharaonis
2650 2409 2934 2463 stultitiam
2965 2408 3269 2480 superant,
3299 2424 3465 2486 atque

1880 2503 2005 2544 cum
2060 2492 2192 2547 solis
2234 2494 2588 2552 Ariomanitis
2625 2497 2861 2554 conferri
2911 2511 3162 2571 possunt,
3212 2507 3359 2576 quod
3404 2508 3462 2563 in

1879 2582 2127 2638 eamdem
2160 2584 2488 2653 impietatem
2511 2588 2621 2642 sint
2644 2590 2888 2660 collapsi.
2916 2591 3084 2649 Judaei
3110 2597 3254 2651 enim
3280 2596 3462 2655 Patris

1879 2687 2045 2743 opera
2068 2690 2165 2744 per
2188 2675 2386 2731 Filium
2414 2679 2675 2748 videntes,
2697 2680 2999 2738 Beelzebuli
3025 2702 3089 2741 ea
3115 2689 3458 2760 ascripsere:

1878 2765 2065 2820 Ariani
2096 2782 2225 2822 vero
2248 2768 2365 2824 haec
2394 2770 2508 2839 ipsa
2542 2786 2667 2826 cum
2698 2786 2932 2829 cernunt
2954 2789 3143 2847 opera,
3166 2779 3461 2838 Dominum

1878 2870 1942 2911 ea
1967 2856 2215 2912 edentem
2248 2862 2447 2916 creatis
2478 2862 2640 2917 rebus
2670 2878 3054 2934 annumerant,
3078 2871 3364 2942 aiuntque,
3392 2891 3461 2929 ex

1877 2962 1987 3001 non
2015 2950 2355 3006 exstantibus
2380 2952 2557 3021 ipsum
2591 2970 2732 3022 esse,
2754 2966 2807 3010 et
2834 2972 2939 3011 non
2967 2957 3138 3015 fuisse
3165 2971 3457 3033 antequam

1878 3036 2051 3093 ﬂeret.
2085 3042 2165 3095 Ac
2198 3039 2455 3097 Pharisaei
2486 3045 2705 3113 quidem
2736 3062 2859 3102 cum
2896 3047 3137 3106 viderent
3165 3051 3461 3110 Dominum

1879 3132 1935 3186 in
1979 3148 2239 3205 corpore,
2284 3136 2762 3194 obmurmurantes
2808 3141 3067 3199 aiebant:
3110 3162 3131 3195 ι
3168 3143 3349 3211 Quare
3402 3159 3459 3200 tu

1878 3223 2046 3279 homo
2072 3240 2197 3279 cum
2234 3226 2311 3282 sis
2330 3266 2346 3293 ,
2377 3225 2513 3283 facis
2540 3229 2776 3298 teipsum
2804 3229 2974 3287 Deum
2997 3234 3042 3265 ⁸³
3066 3234 3089 3286 ?
3116 3252 3135 3285 ι
3177 3235 3243 3288 lii
3271 3244 3455 3292 autem

1875 3314 2079 3372 Christi
2111 3317 2317 3383 hostes,
2350 3334 2473 3373 cum
2504 3320 2689 3374 vident
2717 3321 2869 3377 illum
2913 3325 3203 3393 patientem
3235 3341 3299 3383 ac
3325 3329 3457 3384 dor-

1875 3407 2155 3472 mientem,
2185 3409 2566 3478 blasphemant
2593 3412 2681 3467 his
2706 3413 2884 3468 verbis
2913 3429 2925 3464 :
2955 3415 3058 3480 Qui
3087 3416 3201 3469 haec
3222 3417 3451 3485 patitur,

1874 3512 1983 3552 non
2017 3507 2194 3569 potest
2237 3499 2382 3555 Deus
2430 3516 2591 3556 verus
2631 3517 2753 3558 esse
2776 3543 2791 3568 ,
2828 3518 2928 3559 nec
2960 3506 3453 3562 consubstantialis

1874 3604 1996 3645 esse
2024 3589 2193 3646 Patri.
2225 3590 2454 3646 Demum
2494 3594 2541 3648 si
2572 3595 2697 3663 quis
2727 3596 2875 3662 velit,
2912 3606 3272 3667 utrorumque
3297 3614 3453 3653 erro-

1874 3698 1963 3739 res
1990 3683 2131 3738 inter
2153 3698 2212 3738 se
2236 3684 2464 3740 collatos
2487 3688 2809 3755 expendere,
2837 3689 3153 3757 comperiet,
3178 3690 3254 3743 uti
3283 3705 3452 3759 supra

1872 3775 2007 3839 dixi,
2042 3775 2190 3844 ipsos
2232 3776 2288 3829 in
2332 3776 2525 3831 vallem
2559 3791 2760 3832 amara:
2808 3778 3050 3834 stultitiae
3071 3779 3118 3811 ⁸⁵
3157 3778 3448 3836 confertim

1872 3867 2145 3936 collapsos
2178 3882 2321 3922 esse.

186 3965 328 4028 ὅλως
370 3964 435 4019 ἄν
480 3982 564 4027 τις
607 3962 880 4029 ἐξετάζειν
914 3965 978 4018 ἐκ
1014 3963 1356 4034 παραλλήλου
1394 3963 1635 4034 βούλοιτο
1664 3963 1765 4027 τὰς
1802 3960 2130 4033 ἀμφοτέρων
2175 3960 2487 4025 κακονοίας,
2544 3962 2789 4034 εὑρήσει,
2836 3962 2979 4017 διαθὰ
3029 3967 3313 4035 προεῖπον,
3367 3965 3449 4033 εἰς

182 4058 284 4132 τὴν
308 4058 530 4113 κοιλάδα
561 4057 661 4128 τῆς
691 4058 898 4130 ἁλυκῆς
941 4057 1226 4129 παροινίας
1259 4057 1371 4129 (95)
1418 4058 1829 4130 συμπίπτοντας
1860 4057 2059 4121 αὑτοὺς
2094 4054 2368 4127 ἀλλήλοις.
3474 4066 3477 4071 ’

254 4285 304 4318 ⁸³
340 4284 513 4341 Exod.
541 4298 662 4352 vm,
694 4286 781 4341 i9.
859 4282 907 4315 ⁸³
943 4282 1103 4340 Joan.
1137 4299 1193 4350 x,
1227 4282 1316 4337 35.
1394 4282 1441 4317 ⁸⁸
1477 4283 1614 4339 Gen.
1639 4299 1755 4348 xw,
1793 4284 1846 4340 8.

182 4503 496 4580 μωρολογία
534 4502 886 4580 ’μαινομένων
920 4504 1023 4580 κα).
1066 4502 1545 4580 παρεξεστηκότων
1588 4504 1756 4580 ἐστὶν,

1886 4505 2015 4580 leest
2031 4504 2281 4580 inhGoAbl.
2318 4513 2373 4561 et
2397 4506 2639 4580 Felckm.
2670 4508 2873 4580 primo.

176 4571 290 4634 ϐτί
312 4571 575 4649 μῃδὲξτᾶ,
606 4571 792 4649 multis
824 4571 1237 4649 omissis._Post
1274 4571 1756 4645 παρεξεστηκότων

178 4616 1145 4715 ἔᾷἷιΓέέὲῗίέἷίιέιὶέϊῖτῖίὶἰιζῖᾶἑίξ.

251 4718 365 4788 (84)
407 4715 666 4788 Sicedit.
700 4713 876 4788 Paris.
918 4713 1053 4788 Reg.
1085 4713 1209 4783 Seg.
1239 4714 1396 4788 σθω.
1428 4722 1484 4788 et
1514 4713 1754 4788 Felckm.

178 4783 414 4856 primus.
450 4785 593 4856 Edit.
622 4801 753 4839 vero
782 4783 1389 4856 Qommelwmendose,
1425 4783 1752 4856 éEagOevei'v.

176 4853 352 4935 Paulo
383 4866 524 4935 po§t_
547 4853 923 4935 RegiusLSeg.
954 4853 1358 4935 AnglicL‘Gobi:
1410 4862 1465 4908 et
1483 4853 1752 4935 felckm.

178 4922 412 4996 primus,
441 4922 703 4995 δηλονότι.
753 4922 893 4978 Editi
936 4922 1084 4996 vero,
1125 4922 1283 4994 δῆλον
1330 4925 1433 4978 ὅτι.
1483 4923 1607 4980 Mox
1655 4925 1752 4976 αὑ-

173 4998 268 5051 τόν
303 4999 458 5051 abest
486 4998 554 5051 ab
580 4996 880 5065 Anglicano
912 4995 1050 5049 solo.

246 5067 364 5138 (85)
404 5066 585 5138 Editio
615 5063 903 5138 Céntmsl»
928 5063 1229 5138 Μῳῡσὲωε-

244 5131 362 5205 (86)
403 5136 569 5199 Editi,
597 5133 1020 5206 at’J‘toﬁrXptG‘ZOD
1044 5134 1136 5187 τοῦ
1164 5133 1437 5206 Σωτῆρος.
1478 5131 1747 5206 δρᾶ-Χρι-

175 5203 307 5262 στοῦ
335 5209 489 5261 deest
538 5206 594 5259 in
635 5203 892 5259 omnibus
912 5204 1298 5273 manuscript.,
1323 5203 1549 5273 excepto
1576 5203 1744 5259 Bas‘il.

170 5279 301 5333 Mox
330 5276 421 5330 τόν
455 5277 611 5331 deest
632 5276 686 5329 in
715 5274 907 5338 Regio.

245 5348 365 5431 (87),
404 5345 496 5401 Sic
534 5344 761 5431 Regius,
792 5342 915 5431 Sgg.
947 5352 1022 5431 etn
1049 5343 1217 5398 Basii.
1247 5342 1391 5431 @ditj
1430 5358 1586 5431 fere;
1612 5343 1747 5431 μῃδε

169 5413 479 5471 τὰτούτων
532 5413 787 5470 ἐλάττονα
828 5413 1083 5468 δύνασθαι
1136 5416 1328 5467 ποιεῖν.
1364 5413 1506 5468 Infra
1550 5413 1747 5483 Regius

169 5498 227 5543 et
258 5486 509 5558 Segucr.,
537 5486 679 5557 ἦτις.
708 5484 832 5540 Mox
861 5487 919 5540 in
940 5486 1130 5541 iisdem
1163 5500 1217 5536 τι
1239 5483 1389 5538 deest
1409 5491 1532 5553 post
1552 5482 1750 5554 ὁμοιῶ-

172 5575 636 5699 ωίέελῐὶεείρδ.
685 5625 822 5699 ξιξεοῄ
861 5624 1283 5699 Gobl_eriart_._et
1334 5621 1579 5699 Eeichm.
1627 5621 1746 5699 pri-

170 5691 319 5766 mu's,
351 5691 414 5762 te
438 5691 641 5752 αὑτῶν.
685 5691 827 5752 Editi
871 5696 927 5753 et
959 5696 1071 5764 alii,
1105 5692 1166 5759 ἐξ
1203 5692 1433 5750 ἑαυτῶν.
1478 5692 1604 5749 Mox
1630 5691 1744 5746 καί

1852 4856 1916 4917 ti,
1949 4855 2314 4910 ἀνατιθέασιν.
2347 4858 2471 4909 Mox

1852 4926 2089 4995 primus,
2126 4928 2281 4978 αὑτοὶ
2318 4926 2547 4979 τοιαῦτα

1935 4576 2052 4649 (89)
2089 4578 2387 4649 Regiuset
2433 4576 2596 4649 δεδι..
2642 4574 2930 4649 μοναχούς,
2964 4574 3435 4649 ροτροτοωηΜοκ

1860 4644 1991 4719 Reg.
2020 4645 2144 4717 Seg.
2174 4644 2424 4719 'GobLet
2457 4644 2694 4702 Felckm.
2731 4644 2981 4719 primus;
3008 4644 3088 4711 εἰς
3118 4647 3215 4718 τὴν
3242 4646 3435 4719 αὑτήν,

1860 4718 2059 4788 rectius
2084 4733 2250 4788 quam
2279 4718 2448 4788 editit
2466 4720 2545 4780 εἰς
2572 4719 2672 4788 τὴν
2699 4718 2977 4788 τοιαύτην.

1930 4786 2042 4857 (90)
2084 4785 2287 4857 Regius
2328 4796 2384 4840 et
2418 4785 2567 4857 Seg.,
2600 4785 2942 4842 ἀνετίθεσαν.
2985 4786 3200 4857 Reliqui
3232 4786 3437 4857 et_edi-

2547 4873 2628 4921 eg.
2664 4859 2786 4926 Seg.
2814 4857 2979 4911 Basil.
3014 4856 3169 4910 Gobl.
3203 4867 3249 4926 et
3278 4854 3432 4926 Felc.

2583 4925 2889 4996 βλέποντες.
2923 4926 3064 4979 Etliti
3111 4925 3308 4996 etalii,
3338 4928 3437 4996 αὑ-

1855 4996 1939 5048 τοὶ
1968 4996 2036 5049 τὰ
2061 4997 2200 5050 αὑτὰ
2233 4996 2535 5066 βλέποντες.
2560 4995 2733 5051 Paulo
2762 5006 2885 5066 post
2914 4997 3047 5066 Reg.
3073 5004 3127 5051 et
3156 4995 3279 5064 Seg.
3306 4995 3431 5061 soli,

1854 5067 1946 5119 τὸν
1977 5067 2201 5120 τοιαῦτα
2228 5066 2505 5119 ποιοῦντα.

1926 5137 2039 5201 (91)
2084 5138 2176 5192 Sic
2226 5135 2449 5205 Regius,
2504 5135 2627 5206 Seg.
2664 5135 2819 5190 Gobl.
2854 5134 3092 5191 Felckm.
3121 5134 3334 5204 primus
3378 5143 3434 5188 et

1853 5206 1983 5261 edit.
2012 5206 2187 5263 Paris.
2218 5206 2396 5261 Editio
2420 5206 2683 5261 Commel.
2714 5215 2767 5259 et
2793 5207 2906 5272 alii,
2937 5206 3147 5259 ἑαυτόν.

1924 5277 2036 5347 (9‘2)
2081 5277 2174 5332 Sic
2202 5276 2325 5347 Seg.
2352 5278 2705 5347 solus,quem
2724 5284 2907 5347 tamen
2942 5276 3097 5347 sequi
3126 5275 3296 5347 visum
3321 5281 3427 5347 est.

1924 5292 2036 5347 (υτ)
2081 5292 2174 5332 me
2202 5292 2325 5347 beg.
2352 5292 2522 5339 soms,
2541 5292 2700 5344 quem
2730 5292 2907 5329 tamen
2942 5292 3097 5398 sequi
3126 5292 3296 5327 Visum
3321 5292 3427 5326 esu

1852 5345 1959 5400 Alii
2004 5363 2195 5402 omnes
2243 5358 2298 5401 et
2343 5346 2494 5412 editi,
2528 5346 2654 5407 Υἱὸς
2687 5345 2957 5415 ἀληθινός.
2991 5345 3019 5398 Il
3045 5360 3111 5415 οξ
3146 5343 3431 5415 editi,_xal

1855 5417 1981 5488 Υἱὸς
2005 5417 2320 5488 όμοούσιος.
2347 5415 2453 5488 Sed
2498 5432 2604 5488 τοι
2632 5412 2947 5488 Antig—deest
2976 5416 3031 5469 in
3071 5414 3259 5488 Regio,
3283 5412 3426 5488 __Seg.

1853 5483 2063 5557 Anglic.
2093 5486 2248 5542 Gobl.
2282 5485 2464 5541 Fetck.
2490 5486 2516 5539 1
2547 5495 2603 5541 et
2626 5485 2682 5539 2.
2707 5485 2830 5539 Mox
2856 5483 2986 5556 Reg.
3022 5492 3076 5540 et
3113 5483 3429 5556 Seg.,6p.w;

1854 5572 1956 5627 pro
1988 5557 2125 5627 diu);
2160 5558 2346 5611 minus
2377 5563 2544 5627 recte.

1927 5628 2039 5698 (93)
2080 5625 2281 5698 Regius
2309 5634 2361 5684 et
2390 5626 2517 5697 Seg.
2545 5625 2670 5694 soli,
2699 5626 3018 5697 παρανοίας.
