3822 6226
375 302 486 357 675

975 297 1034 356 S.
1078 296 1452 353 ATHANASII
1493 296 1642 352 OPP.
1688 296 1868 352 PARS
1905 296 1947 355 1.
1980 329 2051 338 -
2082 296 2456 353 HISTORICA
2491 297 2579 352 ET
2626 295 3052 353 DOGMATICA.

3528 303 3635 359 076

443 417 536 472 23.
577 414 914 484 Quapropter
945 424 1052 469 tam
1084 415 1190 471 illis
1223 431 1386 486 quam
1419 415 1561 480 istis,
1593 413 1801 469 nullam
1830 413 1948 469 fore

2120 415 2210 469 23.
2252 415 2350 467 Διά
2399 413 2559 467 τοῦτο
2607 413 2717 484 γὰρ
2772 414 3048 477 κάκείνοις
3101 418 3198 468 καὶ
3241 415 3456 480 τούτοις
3519 417 3633 486 (94)

374 509 630 580 supplicii
662 508 785 561 huic
817 506 1022 576 ﬂagitio
1051 507 1218 562 debiti
1252 507 1655 574 remissionem,
1685 508 1951 563 Dominus

373 598 691 661 declaravit,
728 597 815 652 his
845 596 1027 652 verbis
1058 611 1074 650 :
1121 616 1139 650 ι
1175 597 1279 665 Qui
1312 613 1441 653 vero
1467 599 1663 655 dixerit
1689 601 1952 656 adversus

375 697 641 766 Spiritum
672 703 944 758 sanctum,
981 708 1088 749 non
1123 694 1432 750 remittetur
1456 695 1506 750 ei
1543 711 1721 767 neque
1759 695 1814 750 iu
1849 695 1955 752 hoc

373 790 597 854 saeculo,
627 778 806 857 neque
833 786 886 839 in
917 786 1103 840 futuro
1124 787 1189 840 ³⁵.
1209 807 1228 840 ι
1260 787 1324 842 Et
1351 787 1548 842 merito
1573 788 1829 857 quidem;
1859 787 1950 858 qui

371 878 515 932 enim
554 886 716 948 negat
751 877 951 932 Filium
976 919 990 943 ,
1021 894 1183 949 quem
1215 895 1415 950 rogans
1463 879 1710 934 obtinere
1753 880 1954 950 poterit

369 969 848 1039 propitiationem?
880 981 974 1025 aut
1003 987 1126 1042 quae
1148 972 1280 1039 vita,
1313 973 1398 1028 vel
1429 975 1651 1044 requies
1677 974 1728 1029 ei
1758 991 1954 1046 exspe-

371 1062 592 1128 ctanda,
629 1063 724 1132 qui
757 1063 961 1132 repulit
993 1079 1118 1117 eum
1161 1066 1255 1134 qui
1306 1064 1440 1120 dicit
1470 1080 1485 1118 :
1532 1084 1550 1117 ι
1583 1065 1696 1136 Ego
1722 1082 1844 1121 sum
1873 1067 1956 1120 vi-

372 1162 427 1207 ta
452 1153 552 1218 “p
586 1161 640 1209 et
669 1170 682 1204 :
721 1172 741 1205 ι
787 1152 979 1208 Venite
1005 1153 1072 1208 ad
1104 1171 1210 1218 me,
1256 1169 1446 1211 omnes
1473 1155 1566 1225 qui
1597 1156 1858 1212 laboratis
1902 1167 1958 1213 et

371 1244 582 1296 onerati
633 1243 788 1308 estis,
830 1254 886 1298 et
929 1259 1029 1314 ego
1075 1246 1315 1300 reﬁciam
1343 1246 1542 1301 vos"?
1575 1265 1593 1298 ι
1621 1246 1759 1301 Cum
1790 1247 1956 1318 igitur

372 1333 462 1388 isti
501 1334 604 1388 hoc
636 1334 798 1388 modo
828 1350 1018 1403 poenas
1045 1337 1234 1404 luant;
1271 1337 1622 1407 perspicuum
1665 1337 1830 1394 fuerit
1861 1355 1955 1396 eos

371 1423 464 1493 qui
492 1423 565 1492 pii
601 1433 730 1478 sunt
759 1440 888 1494 erga
921 1425 1238 1494 Christum,
1273 1436 1328 1483 et
1365 1429 1459 1498 qui
1503 1437 1614 1483 tam
1652 1431 1953 1486 secundum

371 1529 614 1578 carnem,
661 1530 826 1583 quam
877 1518 1175 1572 secundum
1229 1519 1482 1588 spiritum
1529 1535 1653 1574 eum
1701 1521 1952 1588 adorant,

371 1619 474 1658 nec
499 1619 622 1658 eum
651 1605 846 1659 Filium
882 1605 979 1661 Dei
1006 1608 1259 1677 ignorant
1291 1624 1433 1675 esse,
1463 1624 1565 1664 nec
1609 1609 1806 1664 Filium
1850 1612 1952 1666 h0-

369 1697 535 1750 minis
567 1697 767 1751 factum
813 1713 936 1753 esse
983 1709 1216 1770 negant;
1247 1716 1436 1756 verum
1475 1704 1639 1757 etiam
1685 1703 1950 1768 credunt,

372 1787 525 1852 illud,
569 1808 586 1840 ι
616 1789 674 1842 1η
710 1790 981 1860 principio
1027 1801 1145 1846 erat
1187 1791 1426 1848 Verbum
1450 1835 1465 1859 ,
1501 1813 1518 1846 ι
1560 1803 1616 1850 et
1659 1813 1678 1852 ι
1709 1793 1948 1851 Verbum
1980 1783 2022 1838 Β

371 1891 499 1931 caro
530 1875 732 1933 factum
764 1889 847 1934 est
868 1880 936 1944 ⁸⁸,
967 1899 986 1932 ι
1016 1891 1342 1952 regnaturos
1384 1893 1646 1939 aeternum
1697 1887 1750 1940 in
1797 1887 1950 1943 cmlis

369 1981 510 2032 esse,
546 1969 846 2023 secundum
873 1979 1093 2025 sanctas
1121 1972 1292 2042 ipsius
1321 1973 1538 2028 Domini
1568 1985 1622 2030 et
1652 1976 1950 2034 Salvatoris

370 2057 543 2110 nostri
573 2056 699 2112 Jesu
737 2058 936 2117 Christi
975 2062 1435 2129 pollicitationes,
1463 2067 1557 2136 qui
1589 2068 1703 2123 ait:
1743 2087 1761 2120 ι
1795 2069 1952 2125 Ibunt
1992 2077 1995 2080 ’

369 2147 590 2218 quidem
618 2148 693 2202 illi
726 2150 778 2202 in
809 2151 1134 2219 supplicium
1165 2163 1427 2210 aeternum
1457 2174 1471 2223 ;
1503 2157 1640 2227 justi
1675 2169 1855 2215 autem
1895 2163 1950 2216 in

369 2239 538 2294 vitam
568 2251 823 2295 aeternam
851 2241 918 2295 ⁸³³.
953 2259 971 2293 ι
1006 2241 1132 2297 Ηαξε
1155 2246 1343 2313 paucis
1372 2248 1488 2313 tibi,
1526 2265 1593 2304 ex
1623 2251 1692 2306 iis
1716 2267 1838 2323 quae
1868 2255 1953 2310 di-

371 2330 637 2398 diceram,
669 2332 881 2402 scripsi.
914 2331 997 2386 Tu
1020 2350 1150 2390 vero
1176 2352 1287 2392 non
1325 2348 1386 2394 ut
1409 2339 1952 2409 perfectam-doctri-

372 2439 521 2488 nam,
555 2423 648 2478 sed
684 2434 895 2480 tantum
930 2439 991 2482 ut
1029 2429 1374 2484 occasionem
1420 2446 1452 2486 a
1500 2447 1588 2487 me
1632 2434 1726 2488 tibi
1767 2436 1949 2490 datam

370 2513 578 2584 accipe.
601 2512 790 2570 Restat
813 2516 906 2571 tibi
935 2517 1092 2588 571
1117 2527 1176 2573 ut
1204 2522 1597 2579 accuratiorem
1623 2527 1950 2582 sententiam

369 2618 438 2658 ex
483 2605 798 2674 evangelica
825 2606 972 2662 dicto
1012 2618 1066 2663 et
1105 2623 1172 2663 ex
1206 2611 1434 2680 psalmis
1464 2613 1782 2684 decerpens,
1807 2619 1952 2672 veri-

371 2695 497 2750 tatis
531 2698 839 2768 manipulos
875 2701 1064 2770 alliges
1094 2719 1108 2756 :
1141 2711 1200 2756 ut
1231 2704 1328 2758 tibi
1361 2720 1582 2776 quoque
1617 2709 1708 2763 illa
1753 2709 1949 2766 ferenti

369 2786 583 2840 dicatur
609 2803 622 2837 :
656 2805 675 2838 ι
708 2787 998 2845 Venientes
1025 2802 1206 2848 autem
1233 2795 1449 2850 venient
1475 2812 1599 2852 cum
1629 2792 1971 2856 exsultatio?

371 2893 462 2942 ne,
513 2889 790 2948 portantes
824 2887 1133 2956 manipulos
1171 2903 1303 2946 suos
1326 2891 1394 2954 ’°,
1418 2911 1437 2944 ι
1479 2892 1533 2946 in
1557 2892 1778 2950 Christo
1811 2895 1946 2951 Jesu

371 2967 602 3023 Doniino
631 2982 840 3041 nostro,
875 2992 971 3046 per
995 2995 1156 3047 quem
1180 2989 1233 3034 et
1258 2996 1382 3036 cum
1409 2998 1518 3052 quo
1543 2982 1688 3039 Patri
1713 3025 1728 3051 ,
1755 2995 1809 3040 et
1836 3003 1946 3043 una

371 3056 601 3127 Spiritui
635 3072 842 3129 saneto,
873 3067 1046 3138 gloria
1071 3077 1125 3124 et
1151 3069 1439 3140 imperium
1467 3073 1522 3128 in
1549 3076 1748 3131 smeula
1771 3092 1947 3133 saecu-

371 3149 566 3206 lorum.
607 3153 802 3210 Amen.

2052 507 2438 577 ἀσύγγνωστον
2488 506 2706 559 ἔσεσθαι
2743 506 2841 578 τὴν
2875 507 2968 558 ἐπὶ
3008 509 3121 569 τοῖς
3158 506 3422 572 τοιούτοις
3454 525 3634 579 τιμω-

2054 598 2176 669 ρίαν
2220 599 2250 651 ό
2297 596 2500 669 Κύριος
2541 597 2858 668 ἀπεφήνατο
2889 595 3064 665 λέγων
3085 613 3100 627 ο
3147 615 3166 648 ι
3203 599 3301 662 Ὃς
3328 597 3374 650 δ’
3408 598 3477 652 ἂν
3505 601 3637 672 εἴπῃ

2052 690 2194 744 κατά
2241 688 2334 743 τοῦ
2387 688 2707 760 Πνεύματος
2767 687 2859 742 τοῦ
2911 689 3090 758 ἁγίου,
3146 690 3247 744 οὐκ
3297 691 3635 764 ἀφεθήσεται

2052 781 2200 853 αύτῷ
2243 782 2367 836 οῦτε
2397 783 2551 853 ὲντῷ
2585 783 2742 838 αἰῶνι
2777 783 2888 855 (95)
2920 784 3116 855 τούτῳ,
3147 782 3272 838 οῦτε
3307 786 3366 838 ὲν
3397 784 3479 856 τῷ
3517 785 3637 855 μὲλ-

2051 875 2215 930 λοντι.
2239 895 2257 928 ι
2289 877 2399 930 Καὶ
2431 877 2656 939 εἰκότως
2686 893 2752 945 γε
2770 894 2785 909 ο
2814 878 2842 929 6
2876 876 2985 946 γὰρ
3007 876 3342 948 ἀρνούμενος
3367 877 3459 930 τὸν
3485 879 3632 944 Υἱὸν,

2049 967 2173 1022 τίνα
2212 965 2569 1038 παρακαλῶν,
2613 966 2840 1038 ἱλασμὸν
2867 967 3156 1037 δυνήσεται
3202 967 3374 1039 ἔχειν;
3408 969 3442 1040 ἢ
3473 970 3635 1024 ποίαν

2054 1057 2222 1129 ζωὴν,
2256 1059 2289 1128 ἢ
2317 1058 2622 1113 ἀνάπαυσιν
2645 1059 3006 1130 προσδοκήσει
3029 1098 3045 1124 ,
3077 1061 3106 1113 6
3132 1060 3496 1130 ἀπωσάμενος
3541 1062 3634 1115 τὸν

2051 1151 2313 1220 λέγονταο
2354 1171 2371 1202 ι
2409 1150 2548 1221 Ἐγώ
2593 1154 2709 1223 είμι
2747 1155 2781 1224 ἡ
2831 1152 2976 1224 {uti};
3003 1172 3022 1206 ι
3057 1154 3150 1207 καὶ
3174 1196 3188 1220 ,
3242 1173 3262 1206 ι
3291 1154 3458 1208 Δεῦτε
3498 1156 3634 1226 πρὸς

2055 1245 2146 1316 μὲ,
2181 1243 2382 1309 πάντες
2423 1247 2472 1298 οἱ
2514 1246 2814 1309 κοπιῶντες
2850 1247 2946 1300 καὶ
2989 1245 3436 1318 πεφορτισμένοι,
3478 1245 3633 1314 κάγὼ

2052 1334 2356 1390 ἀναπαύσω
2399 1335 2584 1406 ύμᾶς;
2620 1355 2639 1387 ι
2689 1335 2908 1388 Τούτων
2952 1335 3010 1389 δὲ
3061 1335 3203 1388 οῦτω
3262 1334 3516 1389 διδόντων
3556 1335 3633 1388 δί-

2052 1441 2175 1489 κας,
2210 1409 2366 1496 δῆλον
2393 1425 2461 1478 ἂν
2507 1424 2615 1496 εἴη,
2663 1425 2739 1490 ὡς
2786 1427 2835 1478 οί
2869 1424 3223 1489 εὐσεϐοῦντες
3253 1425 3365 1496 (96)
3411 1428 3494 1490 είς
3540 1427 3631 1480 τὸν

2050 1517 2307 1589 Χριστὸν,
2355 1517 2452 1570 καὶ
2492 1517 2552 1570 τὸ
2583 1518 2725 1570 κατὰ
2771 1517 2949 1588 σάρκα
2993 1518 3087 1572 καὶ
3114 1517 3176 1570 τὸ
3217 1517 3360 1571 κατά
3407 1517 3633 1588 Πνεῦμα

2051 1609 2487 1681 προσκυνοῦντες
2529 1609 2730 1675 αὐτοῦ,
2776 1611 2870 1664 καὶ
2917 1611 3055 1682 μήτε
3106 1611 3234 1665 Υίὺν
3288 1610 3424 1664 Θεοῦ
3468 1612 3633 1665 αὑτὸν

2053 1700 2395 1770 ἀγνοοῦντες,
2432 1702 2570 1773 μήτε
2599 1701 2681 1754 ὅτι
2709 1703 2804 1755 καὶ
2828 1702 2954 1766 Υἱὸς
2981 1703 3095 1774 (97)
3129 1703 3419 1775 ἀνθρώπου
3466 1705 3630 1774 γέγο-

2051 1810 2139 1846 νεν
2180 1794 2533 1864 ἀρνούμενοι·
2586 1793 2723 1848 ἀλλά
2768 1795 2862 1848 καὶ
2889 1796 3290 1859 πιστεύοντες,
3347 1796 3429 1849 ὅτι
3483 1815 3502 1849 ι
3541 1797 3632 1850 Ἐν

2052 1884 2194 1955 ἀρχῇ
2224 1879 2292 1955 ἦν
2326 1885 2354 1936 6
2380 1885 2570 1954 Λόγος,
2600 1903 2618 1936 ι
2657 1885 2771 1952 καὶ,
2825 1904 2844 1937 ι
2874 1887 2903 1940 6
2933 1887 3104 1956 Λόγος
3142 1886 3281 1957 σὰρξ
3309 1888 3526 1956 ἐγένετο
3547 1929 3562 1954 ,
3606 1909 3627 1941 ι

2053 1975 2461 2046 βασιλεύσουσιν
2499 1975 2732 2041 αίωνίως
2776 1979 2833 2031 ἐν
2873 1979 2986 2042 τοῖς
3034 1979 3284 2050 οὐρανοῖς
3328 1979 3471 2034 κατά
3528 1981 3630 2044 τὰς

2050 2065 2214 2134 ἁγίας
2262 2065 2595 2134 ἐπαγγελίας
2633 2065 2797 2119 αὐτοῦ
2834 2064 2931 2119 τοῦ
2981 2068 3186 2138 Κυρίου
3231 2068 3324 2122 καὶ
3377 2069 3633 2141 Σωτῆρος

2049 2159 2209 2230 ἡμῶν
2253 2157 2427 2230 Ἰησοῦ
2466 2157 2704 2231 Χριστοῦ
2741 2158 2851 2230 (98)
2886 2159 3136 2226 λέγοντος
3165 2176 3180 2190 ·
3223 2177 3241 2211 ι
3277 2160 3631 2212 Ἀπελεύσον-

2049 2269 2139 2305 ται
2175 2251 2272 2323 μὲν
2297 2251 2492 2304 ἐκεῖνοι
2516 2251 2596 2314 εἰς
2625 2251 2846 2304 κόλασιν
2877 2250 3114 2317 αἰώνιον,
3147 2251 3197 2303 oi
3229 2251 3286 2304 δὲ
3317 2251 3512 2306 δίκαιοι
3545 2255 3631 2316 είς

2051 2343 2196 2412 ζωὴν
2221 2341 2457 2397 αἰώνιον.
2481 2362 2500 2394 ›
2543 2341 2730 2396 Ταῦτά
2773 2360 2854 2395 σοι
2880 2343 3181 2414 συντόμως,
3217 2341 3276 2407 ἐξ
3305 2336 3379 2396 ὧν
3403 2342 3628 2414 ἔμαθον,

2051 2435 2286 2506 ἔγραψα.
2317 2435 2388 2488 Σὺ
2422 2434 2478 2487 δὲ
2511 2433 2586 2505 μὴ
2625 2433 2700 2498 ὡς
2728 2434 2940 2488 τελείαν
2965 2435 3332 2499 διδασκαλίαν,
3361 2435 3498 2489 ἀλλά
3529 2437 3633 2506 μό-

2050 2544 2146 2598 νην
2179 2526 2434 2598 ἀφορμὴν
2458 2525 2632 2580 ταῦτα
2660 2527 2790 2598 παρ’
2825 2526 2956 2598 ἐμοῦ
2988 2527 3232 2599 λάμϐανε
3255 2544 3270 2558 °
3307 2529 3401 2581 καὶ
3439 2528 3631 2582 λοιπὸν

2051 2619 2233 2690 σαυτῷ
2273 2618 2371 2690 τὴν
2417 2617 2818 2690 ἀκριϐεστέραν
2861 2619 2970 2690 (99)
3027 2620 3265 2674 διάνοιαν
3308 2621 3372 2674 ἔκ
3411 2638 3474 2673 τε
3529 2621 3629 2674 τοῦ

2049 2706 2404 2778 εύαγγελικοῦ
2439 2706 2603 2780 ῥητοῦ
2649 2709 2745 2763 καὶ
2778 2710 2883 2762 τῶν
2911 2710 3155 2782 Ψαλμῶν
3186 2712 3586 2783 ἀναλαμϐάνων
3611 2754 3627 2777 ,

2049 2801 2286 2872 δέσμευε
2308 2800 2378 2854 τὰ
2409 2801 2507 2872 τῆς
2559 2801 2818 2872 ἀληθείας
2859 2801 3146 2874 δράγματα
3174 2819 3188 2833 ·
3230 2804 3317 2856 ἵνα
3367 2805 3484 2869 καὶ,
3529 2805 3628 2858 σοῦ

2047 2893 2218 2948 ταῦτα
2247 2893 2528 2966 φέροντος,
2570 2893 2796 2946 εἴπωσιν
2827 2895 2877 2946 oi
2920 2893 3169 2962 λέγοντες
3190 2914 3203 2926 ο
3253 2913 3272 2946 ι
3305 2897 3628 2967 Ἐρχόμενοι

2046 2986 2104 3039 δὲ
2130 2985 2347 3055 ἥξουσιν
2383 2987 2440 3039 ἐν
2477 2985 2816 3055 ἀγαλλιάσει,
2846 2986 3093 3058 αἴροντες
3113 2988 3181 3041 τὰ
3204 2987 3494 3059 δράγματα
3526 2990 3627 3043 αὐ-

2047 3075 2176 3140 τῶν,
2207 3095 2226 3128 ι
2281 3077 2338 3129 ἐν
2390 3074 2609 3146 Χριστῷ
2663 3074 2836 3146 Ἰησοῦ
2874 3077 2952 3147 τῷ
3000 3077 3190 3150 Κυρίῳ
3236 3078 3391 3149 ἡμῶν
3419 3120 3432 3142 ,
3466 3079 3532 3131 δι’
3565 3073 3629 3134 οὗ

1973 3163 2016 3221 C
2050 3167 2144 3220 καὶ
2177 3165 2316 3240 (99')
2344 3166 2466 3238 μεθ’
2499 3159 2561 3219 οῦ
2609 3165 2687 3238 τῷ
2716 3168 2891 3240 Πατρὶ
2925 3169 3042 3240 ἄμα
3077 3170 3154 3241 τῷ
3171 3171 3310 3240 ἀγίῳ
3340 3170 3630 3242 Πνεύματι

368 3246 402 3316 ὴ
434 3245 560 3313 δόξα
585 3251 680 3303 καὶ
709 3250 770 3303 τὸ
794 3253 1012 3324 κράτος,
1051 3256 1132 3320 είς
1166 3258 1292 3322 τοὺς
1342 3261 1541 3326 αἰῶνας
1571 3263 1681 3319 τῶν
1707 3263 1938 3319 αἰώνων.
2010 3263 2200 3335 Ἀμήν.

440 3513 486 3543 ⁸⁸
528 3512 714 3568 Matth.
748 3531 849 3579 xu,
877 3517 968 3574 '52.

1099 3523 1145 3553 ⁸⁸
1179 3521 1340 3582 Joan.
1371 3542 1482 3595 xw,
1519 3525 1572 3582 6.

369 3581 415 3613 '°
444 3581 590 3638 Psal.
629 3599 790 3653 cvxv,
824 3587 879 3642 6.

445 3737 559 3807 (94)
599 3737 757 3818 Cobl.
795 3752 850 3797 et
892 3740 1130 3796 Felckm.
1175 3744 1408 3814 primus,
1443 3751 1723 3818 mendose,
1757 3753 1940 3807 κάκεί-

367 3825 525 3879 νους,
542 3809 635 3879 κα).
665 3811 904 3876 τούτους.
1143 3876 1146 3879 _

440 3878 552 3952 (95)
597 3877 752 3952 Gobl.
782 3891 835 3937 et
858 3882 1097 3937 Felckm.
1126 3877 1358 3952 primus,
1405 3890 1463 3942 ὲν
1505 3890 1582 3952 τῷ
1625 3891 1720 3946 νῦν
1761 3894 1938 3948 αἰῶνι.

369 3945 493 4035 Mox
521 3949 650 4020 Reg.
680 3949 1007 4035 'Seg.“C.ohl.'
1037 3963 1098 4035 et_
1127 3945 1364 4010 Felckm'.
1395 3945 1626 4030 primus,
1657 3945 1819 4035 ὁγάρ
1846 3945 1944 4035 ἀρἓ

369 4018 647 4094 νούμενος.
680 4019 743 4094 Ιῃ
760 4018 923 4078 ἒάὶιίε
940 4024 1052 4094 γάρ
1069 4024 1239 4094 deest.

440 4091 551 4160 (96)
590 4091 973 4168 Angljcljgbl.
1007 4091 1061 4149 et
1085 4093 1324 4168 felckm.
1351 4099 1584 4168 primus,
1611 4103 1661 4155 oi
1683 4103 1942 4157 ἀσεϐοῦν-

366 4161 673 4282 iii-Emam.
694 4161 819 4218 Mox
846 4163 980 4234 Reg.
1003 4175 1056 4219 et
1081 4163 1230 4235 Seg.,
1263 4161 1371 4220 καῖ
1389 4161 1634 4242 Πνεῦμα,
1652 4173 1856 4229 omisso
1881 4175 1942 4228 τὸ

369 4242 532 4281 κατα.

399 4365 418 4380 ⁸
441 4299 556 4421 (97)
596 4299 691 4379 Sic
735 4301 866 4372 Reg.
902 4302 1026 4370 Seg.
1057 4303 1223 4358 Basil.
1257 4313 1311 4360 et
1346 4307 1506 4377 Angl.
1554 4309 1696 4365 Editi
1725 4329 1875 4380 vero,
1909 4314 1940 4367 6

471 4386 526 4455 ς,
552 4381 927 4455 minusnrecte.
947 4371 1190 4455 Μοιῌκαί
1218 4378 1490 4455 posuit).ch
1514 4380 1666 4436 deest
1698 4382 1935 4455 i_niAngl.

370 4432 537 4494 Paulo
573 4449 695 4510 post
725 4439 926 4514 Regius
967 4453 1023 4499 et
1069 4432 1235 4517 ch.,'
1256 4432 1663 4516 βασιλεύῶυσῖξ
1698 4432 1940 4510 E‘d’iii'°éi

1705 3528 1748 3558 ⁸⁷
1789 3527 1979 3584 Matth.
2009 3547 2085 3598 ιι,
2115 3531 2206 3586 28.

2358 3531 2404 3564 ⁸⁸
2441 3530 2603 3590 Joan.
2636 3548 2677 3601 t,
2734 3533 2787 3602 1,
2827 3534 2917 3590 14.
3050 3535 3098 3568 ⁸⁹
3137 3536 3326 3592 Haltb.
3363 3553 3494 3603 xxv,
3530 3537 3623 3594 46.

2035 3754 2150 3836 alii,
2180 3756 2737 3836 βασιλεύουσινείρξᾶ.
2787 3760 3089 3836 Regiuset
3141 3766 3462 3836 Seguerian.
3505 3774 3624 3836 καί,

2036 3835 2163 3946 ante
2191 3829 2352 3892 κατά,
2380 3832 2539 3885 male.
2569 3829 2768 3886 Ibidem
2789 3832 3156 3904 Seguerianus
3184 3829 3356 3905 solus,
3376 3829 3628 3911 ἀπαγγεξ

2074 3913 2176 3946 ιαε.

2074 3913 2176 3959 ιας.

2109 3967 2221 4042 (98)
2260 3966 2407 4042 Rme,
2427 3969 2601 4041 Ἰησοῦ
2629 3972 2888 4042 Χριστοῦ,
2909 3988 3019 4027 non
3051 3985 3178 4030 sunt
3214 3976 3269 4030 in
3297 3979 3458 4035 editis
3487 3991 3543 4035 et
3565 3984 3622 4038 in

2039 4037 2368 4120 quibusdam
2399 4037 2691 4120 ωεξηερᾶ
2716 4044 2987 4120 habentur
3013 4046 3066 4120 in
3109 4045 3283 4120 Regio
3298 4061 3351 4103 et
3389 4037 3620 4120 Seguer.

2044 4107 2182 4186 Ibid.
2213 4109 2372 4186 Gobl2
2403 4117 2456 4186 et
2487 4110 2725 4186 Felckm.
2760 4115 2993 4184 primus,
3025 4107 3355 4186 ἐπαγγελίας
3385 4107 3623 4177 ’ποῦ’Σω-

2044 4178 2229 4248 τῆρος,
2261 4180 2483 4235 omissis
2518 4181 2663 4239 aliis.

2269 4249 2808 4337 Βθεεςιξςεηϐρῃιθς.
2834 4252 3152 4337 θιΔΡθιρξίῐη.
3184 4259 3418 4329 primus,
3454 4264 3619 4337 ἀκρι-

2044 4317 2588 4396 ϐεστέρανλ-Εῷιὶὶι
2616 4323 2730 4396 alii,
2757 4325 3177 4396 ἀκριϐεστάτην.

2117 4389 2253 4461 (99')
2289 4389 2386 4461 Sic
2413 4389 2546 4461 Reg.
2572 4402 2626 4447 et
2653 4389 2778 4461 Seg.
2816 4389 2872 4449 In
2903 4397 3064 4452 editis
3115 4389 3174 4452 et
3209 4400 3331 4456 aliis
3361 4403 3516 4459 deest
3548 4407 3619 4461 δι’

2042 4451 2104 4512 οῦ
2125 4451 2252 4515 ’καίζ
2285 4460 2408 4517 Mox
2439 4451 2539 4533 pro
2571 4464 2687 4535 ἅμα
2720 4451 2920 4536 Regius
2939 4474 2994 4522 et
3032 4451 3167 4540 Seg.
3191 4451 3542 4531 άύῇιεῖιῐὲἷιὶ.
