3822 6226
149 282 262 342 617
1321 284 1413 340 DE
1461 282 1769 343 SYNODIS.
1811 319 1881 327 —
1918 284 2259 344 MONITUM.
3328 299 3432 356 678

602 612 729 701 IN
805 608 1491 703 EPISTOLAM
1584 612 1736 702 DE
1810 614 2333 707 SYNODIS
2402 609 3037 709 MONITUM.

216 988 259 1042 Ι.
288 982 592 1055 Epistolam
614 982 678 1037 de
711 981 926 1053 synodis
948 979 1274 1035 Ariminensi
1300 986 1351 1034 et
1379 978 1694 1034 Seleuciana
1716 978 1813 1034 sub
1840 978 1997 1048 ﬁnem
2028 980 2157 1034 anni
2181 980 2304 1044 559.
2332 996 2435 1052 quo
2462 981 2742 1036 celebratae
2771 982 2881 1036 illte
2906 992 3052 1049 sunt,
3073 988 3429 1056 conscriptam

146 1087 334 1157 fuisse,
359 1097 427 1136 ex
455 1081 700 1153 plurimis
728 1080 963 1149 ejusdem
1001 1078 1132 1133 locis
1182 1077 1459 1146 conﬁcitur
1482 1094 1501 1132 :
1534 1079 1590 1132 in
1620 1078 1736 1147 ipso
1767 1078 1956 1148 quippe
1981 1078 2158 1139 initio,
2188 1088 2533 1133 narraturum
2567 1096 2621 1133 se
2651 1080 3010 1135 Athanasium
3039 1083 3142 1149 ait,
3172 1101 3255 1138 res
3283 1086 3338 1139 in
3366 1102 3429 1140 ea

144 1190 321 1250 gestas
352 1177 579 1247 synodo,
605 1190 721 1245 qua
742 1182 865 1227 tunc
894 1174 951 1227 in
975 1173 1210 1227 omnium
1233 1189 1323 1227 ore
1349 1173 1661 1226 versabatur
1681 1188 1700 1225 :
1730 1171 1986 1243 liquidius
2017 1183 2192 1228 autem
2223 1182 2471 1238 testatur,
2504 1191 2652 1229 num.
2678 1176 2732 1238 4,
2764 1177 3149 1247 professionem
3193 1177 3429 1234 Sinnia-

145 1291 273 1328 nam
296 1271 635 1329 consulatum
664 1270 800 1339 ejus,
827 1285 931 1339 quo
964 1269 1076 1338 ipse
1100 1268 1381 1335 scribebat,
1405 1270 1534 1322 anni
1564 1286 1654 1339 pra

1918 1270 1985 1323 πὸ
2019 1270 2121 1337 τῆς
2159 1270 2256 1326 νῦν
2283 1271 2567 1337 ὑπατείας.
2594 1272 2850 1329 Consules
2890 1292 3071 1343 nempe
3109 1276 3270 1331 iidem
3302 1288 3427 1334 tunc

141 1375 320 1433 erant,
343 1366 436 1436 qui
480 1363 761 1419 Sirmiensi
800 1362 927 1433 ﬁdei
968 1361 1217 1432 formultr
1262 1363 1482 1432 ascripti
1513 1362 1748 1433 fuerant,
1781 1362 2043 1417 Eusebius
2074 1373 2125 1418 et
2152 1363 2444 1435 Hypatius,
2468 1366 2560 1437 qui
2584 1368 2655 1420 ad
2676 1383 2876 1420 annum
2907 1369 3174 1434 pertinent
3201 1370 3328 1425 559.
3356 1370 3428 1423 Et

143 1474 264 1513 vero
300 1459 465 1529 liquet
495 1473 561 1512 ex
580 1456 867 1527 appendice
897 1471 1058 1527 quam
1091 1454 1162 1509 ad
1205 1455 1400 1509 calcem
1432 1455 1652 1525 hujusce
1684 1456 1856 1525 operis
1880 1457 2107 1511 ettexuit
2128 1468 2346 1512 sanctus
2379 1458 2593 1522 Doctor,
2623 1458 2857 1513 nondum
2893 1459 3095 1514 allatas
3125 1461 3228 1515 sibi
3256 1461 3429 1531 fuisse

143 1567 226 1605 res
253 1567 433 1605 omnes
455 1550 686 1604 Arimini
719 1555 917 1618 gestas,
944 1546 1157 1617 quando
1184 1546 1282 1600 hoc
1316 1546 1629 1616 opusculum
1654 1562 1931 1617 aggressus
1962 1556 2061 1601 est.
2104 1547 2459 1612 Quamobrem
2502 1548 2634 1604 nihil
2660 1550 2725 1603 de
2748 1549 2979 1603 Patrum
3009 1551 3425 1606 Ariminensium

141 1642 298 1710 lapsu
323 1678 340 1707 ,
396 1639 529 1694 nihil
578 1639 644 1694 de
696 1637 885 1709 legatis
912 1636 1236 1692 Arianorum
1279 1637 1482 1691 astutia
1531 1634 1666 1692 Nice
1709 1638 2100 1706 circumventis,
2151 1638 2237 1693 hic
2280 1639 2525 1708 habetur,
2557 1656 2676 1711 qua:
2705 1650 2882 1696 tamen
2922 1657 2982 1695 eo
3010 1643 3126 1696 ioso
3160 1644 3426 1714 contigere

142 1754 309 1794 anno.
407 1788 412 1793 .

211 1828 278 1884 ll.
309 1831 510 1898 Quare,
538 1836 598 1885 ut
619 1829 738 1899 jam
763 1829 893 1885 olim
919 1828 1184 1884 advertere
1214 1828 1315 1884 viri
1342 1844 1459 1883 cum
1485 1829 1673 1899 primis
1705 1846 1720 1884 ε

1911 1868 1927 1894 ,
1959 1845 2079 1899 qua:
2120 1845 2269 1883 num.
2299 1828 2370 1884 30
2397 1830 2664 1900 leguntur,
2697 1828 2885 1883 Ταῦτα
2920 1829 3233 1902 γράψαντες
3262 1831 3322 1884 ὲν
3351 1834 3420 1902 τῇ

152 1926 421 1999 Ἰσαυρίᾳ,
468 1925 787 1990 ἀνελθόντες
830 1926 910 1990 εἰς
954 1925 1054 1997 τὴν
1086 1924 1499 1980 Κωνσταντίνου
1540 1924 1661 1978 πόλι

1911 1940 1974 1977 aa
2019 1924 2130 1977 ha'c
2159 1940 2320 1995 usque
2362 1925 2538 1990 verba,
2570 1941 2717 1978 num.
2751 1925 2841 1990 '52,
2873 1924 3024 1988 Τέως
3048 1926 3148 1995 μὲν
3171 1921 3264 1979 οὖν
3292 1924 3420 1995 ἄχρι

137 2017 332 2073 τούτου
376 2018 718 2090 φθάσαντες,
760 2019 851 2073 ubi
879 2019 1201 2073 Athanasius
1238 2018 1364 2087 ﬁdei
1397 2017 1687 2087 formulam
1722 2016 2371 2085 Constantinopolitanam
2403 2018 2582 2085 affert,
2621 2018 3003 2071 Antiochenam
3044 2027 3325 2083 memorat,
3355 2016 3420 2068 de

138 2108 447 2163 Constantii
476 2110 623 2163 obitu
654 2110 790 2178 agit,
830 2124 947 2179 qua:
969 2110 1148 2163 omnia
1176 2117 1295 2178 post
1318 2125 1516 2163 annum
1544 2107 1687 2161 haud
1708 2107 1863 2161 dubie
1885 2107 1990 2162 559
2029 2109 2322 2179 contigere;
2357 2111 2489 2175 haec,
2519 2111 2757 2181 inquam,
2792 2113 3030 2181 epistolae
3064 2112 3184 2181 jam
3213 2111 3418 2181 pridem

136 2214 171 2250 α
196 2213 253 2251 se
296 2200 512 2268 scripta:
559 2199 915 2254 Athanasium
944 2199 1248 2265 inseruisse,
1298 2200 1475 2253 nullus
1516 2207 1755 2269 superest
1786 2197 2082 2269 ambigendi
2108 2199 2276 2253 locus.
2308 2198 2401 2255 Ita
2442 2210 2500 2255 ut
2537 2204 2795 2271 prwdicta
2830 2205 2984 2257 verba
3016 2202 3167 2267 Τέως
3192 2203 3292 2274 μὲν
3322 2198 3418 2256 οὖν

141 2288 306 2360 μέχρι
349 2289 544 2344 τούτου
593 2291 918 2360 φθάσαντες,
949 2300 1080 2358 elc.,
1106 2291 1290 2346 statim
1333 2300 1452 2361 post
1491 2292 1650 2361 ﬁdei;

1908 2306 2021 2344 nem
2043 2288 2345 2346 Isauricam
2365 2331 2383 2357 ,
2429 2309 2573 2347 num.
2604 2294 2697 2360 29,
2725 2294 2970 2358 allatam,
3000 2296 3085 2349 cui
3142 2295 3417 2363 aptissime

138 2381 424 2449 coba’rent,
447 2383 618 2451 primo
640 2390 1014 2454 sequerentur;
1036 2383 1224 2439 dehinc
1248 2384 1579 2455 interpositis
1612 2384 1675 2438 ab
1704 2384 1998 2439 Athanasio
2030 2385 2099 2438 iis
2122 2400 2240 2455 qua:
2273 2402 2441 2456 supra
2472 2387 2734 2452 diximus,
2758 2388 2943 2442 isthazc
2973 2390 3121 2457 fuere
3155 2406 3188 2443 a
3215 2404 3420 2459 prcece-

136 2471 388 2527 dentibus
421 2473 656 2528 divulsa.
700 2499 710 2509 ε

208 2562 299 2618 III.
328 2563 456 2619 Non
481 2566 612 2619 satis
653 2574 830 2619 autem
858 2562 1013 2633 ﬁrmo
1050 2571 1358 2634 argumento
1386 2563 1631 2617 nituntur
1658 2561 1750 2632 qui
1780 2562 2115 2616 arbitrantur
2143 2562 2213 2616 ad
2245 2563 2514 2618 solitarios
2536 2566 2756 2619 missam
2780 2568 2947 2637 fuisse
2971 2568 3106 2622 hanc
3131 2569 3415 2639 epistolam

133 2673 259 2712 cum
285 2674 381 2713 nec
399 2659 452 2712 in
480 2659 855 2727 manuscriptis
886 2657 1156 2712 codicibus
1179 2658 1388 2726 uspiam
1425 2658 1800 2712 monachorum
1825 2674 1917 2711 seu
1946 2657 2315 2713 solitariorum
2343 2674 2531 2713 nomen
2567 2661 2911 2730 prteferatur,
2940 2679 3101 2732 neque
3124 2665 3267 2733 apud
3305 2663 3413 2721 So-

133 2761 345 2805 cratem
370 2751 448 2804 vel
473 2751 822 2829 Sozomenum
853 2749 921 2803 ad
946 2749 1229 2803 monachos
1263 2757 1620 2820 nuncupetur;

1906 2751 1909 2797 ἴ
1944 2751 2173 2819 priorem
2203 2752 2348 2823 Πρὸς
2378 2753 2505 2815 τοὺς
2533 2752 2865 2823 γνωρίμους,
2890 2755 3033 2823 apud
3067 2758 3415 2825 posteriorem

134 2864 257 2902 vero
286 2846 435 2919 Πρὸς
462 2846 588 2910 τοὺς
614 2844 954 2917 ἐπιτηδείους
975 2844 1235 2913 inscripta
1262 2844 1354 2899 sit.
1376 2843 1554 2910 Quare
1573 2844 1641 2897 ad

1905 2859 2012 2898 isne
2041 2844 2177 2898 hanc
2204 2845 2406 2898 miserit
2431 2847 2711 2915 epistolam
2738 2864 2832 2901 nec
2855 2858 3134 2920 repugnat,
3170 2868 3264 2905 nec
3287 2869 3414 2906 cou-

127 2942 328 3011 jectari
359 2950 549 3012 potest.
584 2941 704 3007 Qua
728 2956 845 2995 vero
882 2939 1043 3010 fuerit
1077 2939 1146 2992 ad
1172 2954 1290 2993 eam
1321 2939 1746 3009 perscribendam
1772 2956 1937 2994 causa
1961 2948 2252 3009 permotus,
2288 2939 2431 2992 haud
2473 2938 2692 2995 obscure
2719 2942 2922 2995 indicat
2947 2943 3277 2999 Athanasius
3301 2946 3415 3013 ipso

131 3041 309 3110 operis
336 3039 578 3103 exordio,
607 3038 697 3092 ubi
723 3054 779 3093 se
801 3039 877 3093 ait
904 3056 966 3094 ea
985 3039 1181 3109 scripto
1201 3052 1449 3093 exarasse
1479 3053 1599 3091 cum
1620 3045 1679 3091 ut
1705 3039 1998 3092 amicorum
2019 3038 2344 3093 desiderium
2363 3037 2702 3108 discendique
2731 3037 2973 3091 studium
3004 3037 3258 3108 expleret,
3300 3050 3415 3092 tum

130 3144 193 3189 ut
215 3152 278 3189 ne
307 3134 392 3188 illi
420 3133 602 3187 multis
631 3134 774 3188 varie
810 3134 1000 3204 synodi
1026 3141 1173 3205 gesta
1205 3132 1552 3188 narrantibus
1586 3133 1754 3187 animi
1794 3133 2096 3202 penderent,
2132 3135 2271 3188 unde
2319 3133 2564 3189 nonnulli
2600 3150 2716 3189 eam
2751 3133 2822 3188 ad
2856 3135 3142 3190 monachos
3189 3136 3413 3190 missam

129 3228 418 3299 colligunt,
466 3226 729 3281 levissimo
758 3243 905 3290 sane,
941 3236 997 3281 ut
1029 3244 1177 3281 nemo
1204 3243 1306 3280 non
1338 3226 1498 3292 videt,
1530 3226 1680 3281 ducti
1706 3238 2047 3296 argumento.

203 3321 297 3377 IV.
331 3321 503 3377 Porro
525 3322 647 3376 licet
680 3322 765 3375 hic
788 3337 927 3375 unus
949 3321 1192 3376 videatur
1224 3319 1505 3374 Athanasii
1527 3319 1693 3390 fuisse
1725 3335 1913 3383 scapus
1946 3336 2026 3373 res
2058 3319 2289 3374 Arimini
2312 3327 2361 3373 et
2392 3317 2646 3373 Seleucia:
2673 3320 2822 3371 actas
2859 3334 3136 3382 enarrare,
3169 3327 3286 3386 post
3317 3320 3412 3375 ab—

127 3417 369 3471 solutam
418 3426 592 3471 tamen
616 3432 732 3470 eam
764 3432 873 3470 rem
915 3416 986 3470 ad
1026 3415 1138 3469 alia
1159 3414 1521 3486 progreditur,
1548 3424 1709 3485 utque
1745 3416 2099 3485 ﬂuctuantem
2138 3418 2462 3469 Arianorum
2491 3415 2545 3467 in
2583 3414 2689 3484 fide
2728 3430 2828 3467 sua
2858 3414 3096 3466 animum
3134 3416 3411 3484 perspicue

129 3518 527 3575 commonstret,
551 3512 724 3563 varias
748 3510 909 3564 variis
937 3508 1069 3564 locis
1098 3508 1517 3579 temporibusque
1539 3506 1604 3561 ab
1628 3506 1737 3562 illis
1758 3507 1928 3561 editas
1959 3507 2084 3576 ﬁdei
2106 3507 2368 3577 formulas
2400 3515 2649 3565 recenset.
2679 3516 2834 3575 atque
2861 3504 2930 3558 ad
2962 3505 3174 3558 verbum
3201 3506 3363 3575 refert
3386 3524 3408 3562 :

128 3618 251 3672 qua
277 3612 391 3656 tam
424 3602 619 3672 ingenti
655 3616 873 3655 numero
899 3600 1066 3671 fuere,
1102 3610 1162 3654 ut
1193 3618 1282 3655 eas
1307 3601 1450 3655 haud
1480 3599 1680 3667 injuria
1700 3586 2067 3669 labyrinthum
2095 3607 2238 3654 vocet
2266 3596 2532 3661 Socrates,
2550 3596 2643 3649 lib.
2675 3612 2735 3659 ll,
2756 3612 2873 3663 cap.
2905 3596 2993 3649 52.
3019 3594 3099 3651 Iis
3125 3597 3404 3668 absolutis,

126 3693 226 3749 τοῦ
252 3693 541 3766 ὁμοουσίου
574 3710 745 3747 vocem
767 3709 886 3747 cum
912 3694 1235 3764 argumentis
1264 3693 1630 3756 validissimis,
1660 3702 1771 3746 tum
1796 3692 2031 3761 exemplo
2052 3701 2283 3745 veterum
2311 3689 2537 3743 Patrum
2566 3689 2631 3742 ab
2652 3689 2978 3742 Arianorum
3008 3689 3293 3745 calumniis
3312 3693 3406 3747 ob.

124 3788 548 3857 jectionibusque
573 3785 828 3840 vindicat.
857 3784 984 3839 Tres
1011 3786 1188 3856 itaque
1217 3793 1341 3842 sunt
1363 3784 1521 3854 hujus
1546 3784 1786 3853 epistola:
1820 3795 2022 3852 partes.
2061 3781 2129 3836 In
2166 3783 2342 3851 prima
2376 3781 2487 3851 agit
2516 3779 2579 3833 de
2610 3779 2829 3848 synodis
2860 3780 3188 3834 Ariminensi
3216 3790 3268 3834 et
3307 3780 3406 3836 Se-

126 3879 398 3934 leuciana.
421 3876 491 3931 In
520 3878 750 3931 secunda
780 3876 845 3930 de
867 3877 1192 3931 Arianorum
1222 3875 1581 3947 blaspltemiis,
1614 3891 1896 3946 eorumque
1931 3874 2096 3928 variis
2123 3873 2251 3945 ﬁdei
2287 3870 2729 3943 professionibus.
2762 3868 2830 3923 In
2856 3871 3040 3934 tertia,
3078 3875 3142 3925 de
3175 3874 3407 3927 consubv

125 3971 491 4029 stantialitate
521 3969 855 4025 admittenda
882 3966 983 4041 (1).
1017 3967 1097 4023 De
1124 3968 1353 4038 singulis
1391 3964 1638 4037 qutedam
1665 3965 2076 4036 pertractanda.

203 4066 270 4123 ν.
306 4066 377 4122 In
407 4067 584 4138 prima
620 4074 770 4134 parte
803 4076 1082 4135 antequam
1109 4080 1284 4118 rerum
1302 4063 1532 4117 Arimini
1544 4071 1815 4133 gestarum
1849 4061 2210 4114 narrationem
2239 4057 2485 4113 ordiatur
2510 4097 2525 4122 ,
2551 4056 2661 4127 agit
2696 4055 2761 4110 de
2785 4055 3019 4122 formula
3046 4056 3174 4126 ﬁdei
3216 4056 3403 4118 Sirmii

126 4175 271 4213 anno
292 4158 421 4222 359,
444 4155 748 4213 consulibus
779 4153 1008 4211 Eusebio
1037 4161 1087 4208 et
1117 4152 1378 4223 Hypatio,
1406 4152 1572 4206 edita.
1600 4150 2009 4220 Prtecipuosque
2035 4163 2217 4201 eorum
2247 4155 2487 4200 auctores
2529 4143 2834 4208 Ursacium,
2884 4142 3176 4210 Valentem,
3205 4145 3402 4199 Gaium

123 4266 180 4308 et
216 4251 546 4308 Germinium
588 4250 911 4305 vehementer
939 4249 1198 4320 exagitat,
1223 4248 1362 4319 quod
1394 4262 1506 4301 sua:
1563 4245 1689 4317 ﬁdei
1737 4243 2108 4300 Constantium
2142 4244 2513 4315 imperatorem
2565 4240 2973 4311 consulatusque
3026 4257 3225 4295 annum
3263 4257 3404 4310 prae-

124 4348 374 4420 ﬁxerint,
400 4344 553 4416 quasi
592 4353 714 4397 tunc
744 4343 974 4412 primum
1004 4340 1211 4395 credere
1240 4340 1540 4406 coepissent.
1580 4335 1717 4391 Eam
1745 4352 1865 4390 vero
1902 4334 2027 4404 ﬁdei
2056 4335 2343 4405 formulam
2376 4336 2453 4388 ait
2496 4332 2754 4388 Patribus
2781 4333 3015 4388 Arimini
3040 4333 3241 4387 coactis
3272 4349 3398 4402 pro-

122 4444 382 4517 positam,
407 4442 472 4495 ab
500 4441 667 4510 iisque
692 4438 1026 4508 repudiatam
1059 4436 1244 4507 fuisse.
1273 4433 1414 4489 Hinc
1439 4433 1597 4503 refert
1627 4431 1909 4501 epistolam
1937 4430 2359 4485 Ariminensium
2396 4428 2627 4483 Patrum
2659 4428 2728 4483 ad
2759 4426 3133 4483 Constantium
3163 4428 3399 4496 impera-

127 4550 322 4602 torem,
365 4535 456 4589 ubi
483 4550 563 4588 res
598 4533 654 4587 in
688 4529 1002 4587 Seleuciana
1035 4528 1235 4600 synodo
1276 4538 1455 4598 gestat,
1486 4527 1962 4597 praedictorumque
1995 4526 2322 4580 Arianorum
2366 4524 2656 4595 prxsulum
2686 4525 2945 4594 depositio
2980 4534 3262 4578 narratur.
3291 4522 3399 4575 Dc-

123 4632 253 4687 inde
278 4630 466 4703 paucis
490 4638 723 4683 recenset
751 4643 833 4681 res
861 4626 922 4680 in
948 4623 1261 4681 Seleuciana
1284 4623 1484 4694 synodo
1518 4634 1692 4694 gestas
1724 4632 1774 4677 et
1804 4622 1862 4675 in
1885 4621 2142 4676 Acacium
2176 4620 2560 4676 Caesariensem
2586 4621 2785 4673 acriter
2813 4618 3117 4683 invehitur;
3143 4627 3299 4688 atque
3322 4619 3398 4670 ita

124 4725 406 4781 clauditur
429 4725 606 4795 prima
626 4721 784 4791 hujus
822 4718 1061 4790 epistolae
1085 4730 1235 4790 pars.
2886 4722 2893 4733 '

202 4819 294 4877 Vl.
323 4818 392 4874 In
414 4819 646 4874 secunda
673 4827 825 4888 parte
854 4816 1187 4887 progreditur
1219 4813 1289 4868 ad
1317 4814 1497 4869 varias
1540 4812 1868 4866 Arianorum
1887 4809 2240 4880 blasphemias
2268 4808 2497 4878 ﬁdeique
2524 4805 2785 4877 formulas
2821 4802 3185 4868 recensendas,
3218 4816 3400 4856 orsus-

122 4929 228 4968 aue
255 4912 322 4967 ab
349 4912 467 4967 Arii
501 4908 715 4973 Thalia,
742 4908 855 4978 ejus
885 4923 989 4961 non
1016 4905 1282 4960 modicum
1314 4904 1468 4972 affert
1504 4902 1862 4972 fragmentum
1895 4900 2184 4969 impietatis
2220 4898 2497 4967 refertum.
2524 4896 2665 4949 Ilinc
2704 4897 2943 4965 sequitur
2972 4894 3097 4963 ﬁdei
3133 4894 3394 4963 confessio

122 5018 292 5076 quam
320 5001 416 5057 sub
442 4999 659 5054 Arianae
684 4997 937 5053 hazreseos
971 4996 1185 5049 initium
1210 4994 1372 5047 Arius
1396 4992 1508 5062 ipse
1552 5007 1672 5045 cum
1716 4990 2067 5044 sectatoribus
2105 4990 2216 5043 suis
2250 4988 2556 5061 Alexandro
2606 4987 3003 5055 archiepiscopo
3027 4985 3396 5039 Alexandrim

121 5097 323 5153 obtulit
350 5113 488 5150 anno
513 5096 723 5150 circiter
745 5094 871 5148 519.
904 5090 1115 5145 Exinde
1143 5090 1306 5160 refert
1330 5090 1563 5159 ingentes
1589 5086 1941 5156 blasphemias
1974 5103 2007 5140 a
2034 5086 2351 5157 quibusdam
2377 5085 2701 5138 Arianorum
2729 5083 3092 5153 antesignanis
3113 5080 3356 5151 prolatas
3374 5119 3394 5145 ,

122 5191 320 5263 quibus
349 5186 528 5242 subdit
566 5183 847 5256 epistolam
876 5181 1065 5252 synodi
1099 5178 1604 5250 Hierosolymitante
1634 5179 1763 5230 anni
1801 5177 1927 5243 555,
1958 5179 2050 5230 ubi
2078 5177 2240 5230 Arius
2284 5193 2404 5230 cum
2439 5176 2551 5229 suis
2579 5174 2648 5228 ad
2679 5174 3100 5228 communionem
3137 5170 3396 5227 Ecclesite

123 5262 194 5340 ab
223 5283 479 5351 episcopis
515 5279 832 5334 Eusebianis
859 5275 1183 5331 admittitur.
1218 5272 1366 5328 Unde
1393 5289 1511 5327 cum
1543 5273 1599 5325 in
1643 5271 1941 5325 Arianismi
1981 5271 2333 5341 suspicionem
2355 5268 2478 5337 jure
2503 5266 2585 5322 illi
2611 5267 2892 5330 venissent,
2923 5264 3038 5333 ejus
3069 5262 3398 5343 removenda:

124 5396 318 5440 causa,
346 5377 473 5446 ﬁdei
495 5374 781 5446 formulam
811 5371 1020 5427 edidere
1047 5372 1103 5424 in
1129 5369 1328 5441 synodo
1364 5384 1501 5422 anno
1525 5367 1652 5433 5M,
1684 5366 1980 5421 Antiochiae
2011 5366 2215 5432 habita,
2245 5365 2521 5419 occasione
2557 5362 2795 5416 basilicis
2829 5364 3016 5415 Aurea:
3043 5356 3396 5412 dedicandae:

125 5477 198 5531 ad
224 5491 387 5548 quam
421 5471 772 5528 celebritatem
808 5482 1060 5539 magnum
1091 5466 1455 5536 episcoporum
1487 5477 1764 5518 numerum
1808 5462 2070 5517 acciverat
2097 5459 2467 5519 Constantius.
2495 5457 2633 5514 Eam
2676 5458 2939 5528 integram
2965 5454 3125 5526 refert
3154 5453 3397 5510 Athana-

198 5659 278 5733 (I)
320 5658 458 5717 Vide
487 5660 614 5718 item
642 5657 785 5730 apud
824 5656 1090 5716 Hilarium
1122 5658 1217 5716 lib.
1248 5673 1288 5714 ιι
1318 5656 1387 5713 ad
1411 5652 1805 5720 Constantium,
1837 5665 1892 5704 n.
1926 5649 1979 5705 4.
