3822 6226
177 336 272 394 6ῗὶ

1577 353 1666 409 DE
1711 353 2024 412 SYNODIS.

3322 361 3424 413 682

196 508 3398 543 ._—'-——_————I—————————————————__——-'————————

1280 665 1415 719 ΤΟΥ
1451 667 1544 721 ΕΝ
1581 667 1803 722 ΔΓΙΟΙΣ
1837 668 2106 723 ΠΑΤΡΟΣ
2139 667 2335 722 ΗΜΩΝ

1001 827 2594 1004 ΑΘΑΝΑΣΙΟΥ

877 1065 1800 1194 ΑΡΧΙΕΠΙΣΚΟΠΟΥ
1861 1100 2692 1196 ΑΛΕΞΑΝΔΡΕΙΑΣ

1323 1301 2124 1420 ΕΠΙΣΤΟΛΗ
2209 1357 2216 1368 ε

202 1512 348 1582 Περὶ
385 1512 505 1569 τῶν
541 1516 877 1585 γενομένων
911 1514 981 1569 ἐν
1019 1513 1094 1583 τῇ
1143 1515 1406 1584 Ἇριμίνφ
1443 1515 1554 1585 τῆς
1592 1517 1870 1583 Ἰταλίας,
1910 1518 2008 1571 καί
2039 1517 2107 1571 ἑν
2134 1519 2455 1585 Σελευκείᾳ
2494 1518 2608 1588 τῆς
2645 1519 2949 1589 Ἰσαυρίας
2986 1519 3267 1574 συνόδων
3313 1519 3391 1590 (2)

1014 1849 1140 1976 S.
1239 1849 1370 1972 P.
1472 1849 1617 1971 N.
1718 1843 2594 1975 ATHANASII

871 2093 1791 2184 ARCHIEPISCOPI
1897 2096 2715 2187 ALEXANDRIIE

1423 2309 2116 2422 EPISTOLA

626 2529 712 2589 De
751 2528 1005 2606 synodi:
1060 2529 1334 2590 Arimini
1371 2530 1438 2590 in
1477 2530 1691 2602 Italia,
1731 2535 1789 2591 et
1817 2528 2111 2592 Seleucia
2168 2533 2235 2592 in
2263 2533 2536 2604 Isauria,
2585 2533 2945 2598 celebratis.

1514 2695 1724 2757 (Scripta
1747 2705 1876 2743 anno
1897 2693 2031 2755 359.)

231 2909 536 2979 !.'Eq>0aae
567 2909 664 2979 μὲν
687 2910 818 2972 τσως
840 2911 936 2962 καὶ
958 2911 1087 2980 παρ’
1115 2909 1258 2980 ὑμᾶς
1282 2911 1314 2980 ἡ
1333 2910 1469 2982 ἀκοὴ
1485 2913 1613 2983 περὶ
1637 2913 1738 2984 τῆς

1910 2913 1962 2966 1.
1990 2909 2244 2968 Fortasse
2271 2920 2326 2967 et
2354 2912 2422 2966 ad
2450 2927 2547 2967 vos
2580 2911 2724 2966 fama
2764 2915 3009 2982 perveni.
3044 2928 3163 2981 qus
3212 2917 3408 2986 synodi

145 3005 249 3058 καὶ
276 3001 372 3056 νῦν
395 3001 762 3074 θρυλουμένης
797 3001 874 3072 (3)
907 3001 1124 3055 συνόδου
1146 3017 1161 3032 ο
1199 3003 1293 3055 καὶ
1318 3002 1426 3075 γὰρ
1463 3003 1726 3073 βασιλέως

143 3096 249 3151 καὶ
281 3094 389 3148 τῶν
425 3095 679 3166 ἐπάρχων
715 3093 967 3164 ἑφοίτησε
1014 3093 1262 3164 πανταχῆ
1288 3095 1590 3165 γράμματα
1622 3114 1725 3149 κα-

141 3186 349 3241 λοῦντα
385 3188 510 3251 τοὺς
556 3187 636 3248 είς
686 3184 888 3254 ταύτην
934 3185 1356 3256 συνερχομένους
1382 3202 1396 3214 θ
1440 3185 1626 3258 ἐπειδὴ
1666 3186 1725 3240 δὲ

141 3280 252 3335 καὶ
318 3279 636 3350 φιλομαθεῖς
686 3279 837 3341 ὄντες
884 3277 1096 3348 ζητεῖτε
1141 3278 1342 3346 γνῶναι
1398 3279 1467 3332 τὰ
1511 3297 1724 3351 πεπρα-

139 3373 354 3442 γμένα,
385 3370 675 3425 ἀκόλουθον
709 3365 847 3423 εἶναι
889 3370 1166 3439 νενόμικα,
1210 3370 1352 3442 ἆπερ
1381 3369 1603 3442 ἑώρακα
1629 3373 1725 3427 καὶ

141 3466 326 3532 ἔγνων
359 3463 622 3535 ἀκριϐῶς,
671 3461 841 3514 ταῦτα
889 3464 982 3516 καὶ
1025 3463 1154 3533 ὑμῖν
1186 3462 1457 3534 δηλῶσαι·
1496 3464 1580 3517 ἵνα
1625 3466 1721 3536 μὴ,

141 3557 282 3626 παρ’
325 3555 528 3625 ἐτέρων
577 3552 886 3617 ἀκούοντες,
934 3551 1233 3622 ἀμφίϐολον
1282 3551 1440 3623 ἔχητε
1477 3552 1575 3625 τὴν
1608 3555 1723 3610 διά-

141 3666 298 3704 νοιαν
317 3666 330 3679 ·
378 3649 610 3719 μάλιστα
639 3648 721 3700 ὃτι
764 3646 908 3708 τινὲς
941 3644 1194 3698 εἰώθασιν
1222 3645 1422 3715 ἑτέρως
1451 3645 1724 3714 ἀπαγγέλ-

138 3737 260 3790 λειν
289 3737 359 3790 τὰ
384 3735 752 3808 πραττόμενα,
787 3735 820 3805 ἢ
856 3733 932 3797 ὡς
963 3733 1210 3802 γέγονεν.
1254 3733 1340 3786 Ἑν
1381 3733 1479 3804 μὲν
1513 3729 1606 3786 οὖν
1644 3733 1720 3806 (4)

140 3833 214 3901 τῇ
244 3828 473 3899 Νικαίᾳ,
499 3826 686 3898 ὥσπερ
714 3822 782 3897 ἦν
809 3823 1044 3898 ὁρισθὲν,
1073 3823 1256 3876 οὐκέτι
1291 3824 1480 3892 γέγονε
1504 3825 1566 3878 τὸ
1596 3841 1721 3877 συν-

139 3921 340 3991 έδριον.
377 3918 514 3972 ἀλλὰ
551 3917 800 3987 δεύτερον
839 3915 1165 3986 πρόσταγμα
1190 3915 1549 3983 πεφοίτηκεν·
1581 3915 1720 3968 ὥστε

135 4013 270 4074 τοὺς
325 4011 424 4080 μὲν
463 4011 520 4062 ὲν
569 4012 682 4074 τοῖς
733 4009 968 4072 δυτικοῖς
1005 4007 1227 4080 μέρεσιν
1272 4007 1601 4071 ἐπισκόπους
1663 4009 1721 4060 ὲν

148 4101 422 4172 Ἀριμίνῳ
471 4099 572 4170 τῆς
623 4099 852 4161 Ἰταλίας
904 4097 1196 4162 συνελθεῖν,
1251 4097 1376 4159 τοὺς
1407 4097 1464 4149 δὲ
1511 4099 1568 4150 ὲν
1609 4100 1720 4161 τοῖς

135 4191 483 4254 ἀνατολικοῇς
512 4189 730 4261 μέρεσιν
759 4191 816 4242 ὲν
853 4190 918 4259 τῇ
945 4187 1210 4259 λεγομένῃ
1250 4187 1488 4259 Τραχείᾳ
1530 4188 1714 4242 Σελευ-

134 4284 268 4356 κείᾳ
295 4283 399 4352 τῆς
444 4280 712 4352 Ἰσαυρίας
744 4279 1201 4351 συγκροτηθῆναι.
1244 4278 1308 4330 Ἦ
1345 4279 1402 4330 δὲ
1438 4281 1709 4350 πρόφασις

1828 3025 1950 3080 quae
1989 3023 2134 3062 nunc
2170 3009 2223 3062 in
2258 3007 2502 3062 omnium
2535 3021 2630 3062 ore
2663 3015 2956 3061 versatur:
2996 3007 3180 3063 missae
3207 3010 3409 3078 quippe

1827 3100 2066 3169 undique
2087 3108 2214 3154 sunt
2230 3099 2575 3168 imperatoris
2591 3113 2655 3152 ac
2677 3097 3052 3167 praefectorum
3077 3099 3266 3155 litteras
3285 3118 3408 3170 qua:

1824 3191 1972 3246 viros
1989 3191 2116 3244 illuc
2129 3199 2492 3246 conventuros
2514 3198 2871 3244 accerserent.
2897 3187 3000 3244 Sed
3014 3191 3142 3260 quia
3159 3191 3404 3246 discendi

1824 3281 2027 3351 cupidi,
2053 3296 2141 3335 res
2167 3289 2346 3350 gestas
2375 3281 2515 3334 scire
2531 3279 2854 3349 percptatis,
2881 3295 3002 3349 quae
3023 3281 3152 3346 vidi,
3171 3296 3404 3350 quasque

1823 3374 2112 3444 diligenter
2139 3371 2439 3441 exploravi,
2470 3371 2626 3425 vobis
2663 3371 2953 3425 indicanda
2983 3370 3115 3424 duxi
3140 3389 3154 3425 :
3181 3386 3250 3425 ne
3278 3371 3404 3428 aliis

1824 3464 2175 3519 narrantibus
2191 3463 2360 3518 animi
2392 3462 2690 3532 pendeatis,
2727 3477 2851 3516 cum
2885 3462 3120 3516 maxime
3147 3464 3400 3518 nonnulli

1824 3557 2034 3611 soleant
2067 3570 2156 3610 res
2183 3570 2340 3609 secus
2370 3568 2626 3608 enarrare
2648 3569 2812 3622 quam
2842 3563 3006 3623 gestas
3034 3554 3168 3608 sint.
3193 3554 3403 3612 (Σουρία

1820 3647 1953 3702 lium
1981 3648 2179 3714 itaque,
2202 3659 2544 3715 nequaquam
2569 3643 2782 3709 Nicaeae,
2809 3645 2885 3697 uti
2908 3653 3171 3700 statutum
3195 3645 3398 3713 fuerat,

1820 3740 2149 3794 celebratum
2189 3747 2312 3792 est:
2343 3737 2438 3792 sed
2466 3737 2703 3792 secunda
2733 3737 2932 3806 prodiit
2958 3736 3167 3806 jussio,
3201 3749 3258 3793 ut
3288 3740 3399 3796 Oc-

1820 3829 2116 3884 cidentales
2147 3827 2390 3896 episcopi
2420 3827 2724 3880 Ariminum
2756 3828 2811 3880 in
2834 3827 2985 3880 Italia
3020 3829 3395 3894 convenirent,

1819 3919 2121 3974 Orientales
2173 3934 2300 3972 vero
2353 3917 2634 3982 Seleuciae,
2681 3932 2805 3985 quae
2845 3917 3048 3986 Aspera
3084 3917 3304 3985 dicitur,
3339 3921 3397 3976 in

1820 4011 2052 4076 Isauria,
2079 4020 2530 4066 convocarentur.
2570 4007 2834 4064 Obtentus
2867 4019 3046 4064 autem
3078 4008 3396 4078 hujusmodi

1817 4114 2117 4160 conventus
2144 4111 2282 4164 erat,
2311 4111 2372 4156 ut
2399 4103 2466 4156 de
2494 4103 2596 4156 lide
2624 4103 2677 4156 in
2705 4101 2995 4156 Dominum
3026 4110 3273 4157 nostrum
3304 4103 3395 4160 Je-

1819 4210 1940 4248 sum
1981 4192 2259 4248 Christum
2297 4193 2392 4264 (ut
2413 4193 2756 4262 jactitabant)
2796 4203 3065 4264 ageretur.
3120 4193 3394 4252 Curarant

1741 4261 1784 4314 Β
1816 4284 2020 4338 scilicet
2047 4299 2165 4338 cam
2198 4299 2450 4354 spargere
2479 4281 2702 4349 famam,
2732 4299 2800 4338 ex
2829 4282 3105 4342 Pannonia
3143 4291 3391 4359 quidem,

132 4379 238 4446 τῆς
257 4375 516 4445 τοιαύτης
540 4371 903 4434 συνελεύσεως
923 4371 1199 4442 ὲθρυλεῐτο
1221 4369 1298 4441 (5)
1325 4371 1452 4441 περὶ
1477 4371 1712 4435 πίστεως

1826 4373 2096 4440 Ursacius,
2133 4373 2329 4428 Valens
2363 4384 2416 4428 et
2456 4371 2768 4428 Germinius
2806 4375 3025 4443 quidam
3055 4393 3071 4442 ;
3105 4392 3173 4432 ex
3225 4375 3385 4449 Syria

133 4469 238 4538 τῆς
263 4468 346 4530 εἰς
365 4466 455 4520 τὸν
486 4465 689 4537 Κύριον
723 4461 881 4534 ἡμῶν
923 4459 1129 4533 Ἰησοῦν
1161 4461 1250 4513 τὸν
1277 4461 1529 4532 Χριστόν.
1560 4460 1626 4516 Oi
1654 4462 1709 4514 δὲ

1826 4481 1962 4529 vero,
1996 4465 2250 4530 Acacius,
2280 4463 2560 4519 Eudoxius
2593 4474 2649 4518 et
2681 4463 3050 4535 Patrophilus,
3079 4469 3236 4523 urbis
3267 4484 3391 4538 quas

131 4555 344 4626 ταύτην
383 4556 755 4626 παρασχόντες
795 4554 932 4606 εἰσὶν
977 4553 1086 4606 ἀπὸ
1124 4552 1222 4622 μὲν
1271 4553 1370 4621 τῆς
1413 4553 1708 4616 Παννονίας

1826 4571 1879 4608 ex
1927 4555 2142 4626 Scythis
2180 4569 2377 4608 nomen
2424 4555 2609 4609 sortita
2661 4563 2746 4608 est
2781 4557 3090 4626 episcopus.
3137 4557 3200 4612 Ili
3241 4561 3388 4613 enim

133 4645 465 4716 Ούρσάκιος,
507 4647 599 4698 καὶ
648 4645 880 4712 Οὐάλης,
917 4643 1011 4696 καὶ
1051 4642 1332 4714 Γερμίνιός
1368 4659 1487 4707 τιςο
1517 4644 1626 4697 ἀπὸ
1655 4644 1713 4697 δὲ

1826 4645 2138 4698 Arianarum
2167 4660 2382 4714 semper
2415 4645 2653 4714 partium
2678 4659 2803 4698 cum
2833 4645 3055 4713 fuerint,
3091 4664 3193 4704 nec
3229 4650 3387 4704 intel-

129 4736 233 4805 τῆς
267 4735 465 4807 Συρίας
499 4736 771 4799 Ἀκάκιος,
813 4731 1062 4798 Εὑδόξιος
1086 4775 1101 4798 ,
1141 4733 1235 4786 καὶ
1269 4734 1604 4806 Πατρόφιλος
1635 4735 1710 4805 (6)

1826 4738 1980 4806 igant
2012 4738 2141 4806 quid
2177 4739 2419 4802 credant,
2450 4737 2648 4806 quidve
2675 4736 2962 4803 aﬂirment,
2983 4739 3227 4809 singulos
3256 4757 3384 4796 sen-

68 4901 70 4904 ν
128 4828 162 4880 ὁ
187 4827 302 4881 ἀπὸ
320 4827 420 4896 τῆς
446 4827 734 4897 ἐπωνύμου
763 4824 873 4879 τῶν
904 4825 1126 4878 Σκυθῶν
1154 4825 1359 4888 πόλεως
1393 4826 1698 4895 τυγχάνων.

203 5077 281 5147 (2)
323 5073 523 5147 omnes
551 5076 934 5145 manuscripti,
964 5075 1058 5129 τοῦ
1083 5074 1254 5147 αὑτοῦ
1282 5075 1566 5147 ἐπιστολὴ,
1597 5093 1698 5128 πε-

131 5145 650 5220 pi,'etc._Socrates_,
683 5147 782 5220 lib.
811 5161 886 5220 ιι,
906 5162 1026 5214 cap.
1053 5146 1234 5220 _57,_p.
1273 5145 1394 5220 134,
1428 5145 1590 5220 hujus
1619 5147 1698 5199 lo-

126 5208 253 5274 cum
303 5215 555 5286 all‘ercns,
587 5208 681 5280 ait,
699 5208 1010 5286 Ἀθανᾶσιᾰς
1048 5215 1112 5268 δι’
1137 5208 1218 5268 ’ὧν
1253 5215 1390 5286 πρὸς
1418 5208 1541 5278 τοῦς
1571 5217 1697 5268 ἐαυ-

1809 4827 1912 4881 sim
1943 4827 2298 4895 decipientes,
2333 4827 2743 4896 inserentesque
2770 4827 3039 4884 hzcreseos
3063 4840 3382 4899 sementem,

1807 5084 1930 5145 post
1963 5075 2120 5164 Reg,
2152 5074 2537 5146 πανταχὴ,εἰο.

1881 5145 1951 5164 ll\
1996 5150 2033 5164 ιι
2158 5145 2298 5164 1---.
2355 5145 2366 5164 2
2392 5163 2398 5164 ,
2462 5144 2690 5164 n..-L_-
2742 5143 2777 5164 ο
2862 5144 2917 5164 ΔΑ
2947 5142 3158 5164 π-1-1-μ
3215 5145 3247 5164 σι
3289 5146 3302 5163 Ω

1877 5142 2101 5214 (4)ῌΟὗν
2150 5145 2303 5200 deest
2328 5142 2408 5199 "in
2461 5144 2716 5199 Ottobon.
2739 5143 2825 5214 2._
2852 5144 2920 5197 At
2947 5142 3185 5199 Felckm.
3215 5145 3270 5209 5,
3289 5146 3379 5199 Ἐν

1847 5210 1904 5267 ὲν
1929 5210 2021 5268 οὖν
2047 5214 2282 5286 όρισθὲν,
2311 5230 2616 5286 perperam.
2637 5213 2775 5286 Ibid.
2798 5212 3017 5286 Regius,
3034 5216 3097 5286 ού
3119 5215 3378 5285 φοίτηκεν

124 5287 219 5341 τοῦ
247 5284 558 5355 γνωρίμους
589 5285 947 5355 ἐπιστέλλωνο
991 5283 1315 5338 Athanasius
1354 5287 1408 5336 in
1454 5285 1536 5355 his
1577 5301 1694 5354 qua:

1826 5285 1962 5348 ὅστε,
2023 5283 2356 5339 intermediis
2406 5283 2647 5339 Omissis.
2687 5283 2855 5338 Paulo
2895 5294 3019 5353 post
3067 5283 3275 5355 Regius
3323 5295 3374 5342 et

124 5359 195 5410 ad
221 5353 520 5425 familiares
557 5356 783 5419 scribit;
817 5354 1155 5410 Sozomenus
1189 5371 1318 5409 vero
1351 5353 1698 5418 εἈθανάσιος

125 5426 263 5497 πρὶς
297 5425 423 5488 τοὺς
448 5425 784 5497 Δἐπιτηδείους
817 5426 1074 5496 γράφων·
1106 5426 1427 5497 Athanasius
1453 5425 1520 5497 ad
1541 5425 1702 5497 fami-

124 5493 283 5549 liares
305 5493 610 5565 _scribens__'
630 5494 704 5546 De
743 5493 866 5565 quo’
897 5493 1017 5550 vide
1044 5511 1165 5564 qua:
1194 5511 1356 5564 supra
1385 5495 1440 5548 in
1469 5493 1694 5550 MOnito.

124 5566 257 5620 Ibid.
296 5563 435 5637 ﬂag.
467 5575 521 5619 et
552 5563 730 5637 Felck.
761 5563 1127 5637 ⁵6,Ἀριμήνὶρ.

194 5637 270 5721 (ὅ)
314 5634 518 5721 Regius
540 5644 602 5721 et
615 5635 782 5721 editio
812 5634 1262 5721 Cominelinia‘na,
1292 5634 1693 5721 θρυλουμένης,

1804 5355 2042 5426 Felckm.
2071 5357 2129 5426 _5,
2149 5355 2444 5426 Ἀριμήνῳ.

1875 5425 1948 5493 (5)
2003 5423 2358 5495 Ἐθρυλλεῖτο,
2380 5425 2617 5495 Εςιριιῐῐι.
2648 5423 2701 5477 5.

1873 5491 1948 5563 (6)
1987 5491 2244 5549 Ottobon.
2272 5496 2296 5548 1
2329 5505 2382 5548 et
2409 5493 2646 5549 Felrkm.
2677 5495 2731 5558 5,
2754 5493 3041 5564 Πρόφιλος,
3059 5501 3110 5564 et
3134 5491 3201 5564 ad
3226 5507 3373 5564 mar-

1801 5561 1977 5645 ginem
2000 5566 2175 5645 _primi
2210 5573 2458 5645 notatum
2491 5564 2744 5645 Proﬁius,
2769 5561 2866 5644 pro
2885 5561 3244 5645 Πατρόφιλος.
3266 5561 3372 5617 Ηηο

1795 5635 2040 5704 jusmodi
2062 5650 2278 5690 errores
2307 5635 2450 5688 haud
2481 5636 2649 5690 semel
2679 5635 2930 5706 superius
2959 5635 3367 5693 adnotavimus.
3455 5663 3458 5666 ~

125 5701 367 5762 Felckm.
399 5701 454 5770 3,
479 5703 879 5777 θρυλλουμένης
931 5721 1054 5761 cum
1113 5708 1243 5763 edit.
1292 5701 1469 5762 Paris.
1503 5701 1698 5761 'Patilo

1826 5714 1855 5760 ιι
1889 5715 2180 5760 occurrent
2215 5706 2461 5760 nonnulli
2484 5717 2691 5776 postea.

411 5799 682 5861 Panos.
721 5797 839 5859 Gn.
873 5799 1104 5860 XXVI.

3013 5799 3093 5857 22
