3822 6226
444 325 548 383 683
1008 326 1066 384 S.
1106 327 1482 387 ATHANASII
1519 329 1668 385 OPP.
1711 329 1892 386 PARS
1927 330 1971 387 Ι.
2010 358 2081 370 -
2118 328 2493 388 HISTORICA
2532 331 2619 388 ET
2658 332 3087 393 DOGMATICA.
3611 336 3728 395 684

444 450 737 508 nonnullos
763 452 855 522 qui
880 451 1113 524 alicujus
1151 455 1308 524 pretii
1351 454 1697 522 videbantur,
1725 455 2001 527 ipsumque

2144 446 2275 508 δῦτοι
2317 457 2447 528 γάρ,
2491 457 2578 510 ἀεὶ
2625 457 2724 529 τῆς
2766 458 2977 530 Ἀρείου
3027 459 3246 532 μερίδος
3292 458 3606 523 ὄντεςγκαὶ
3642 457 3727 528 μὴ

444 539 825 610 imperatorem
851 540 1231 598 Constantium
1264 545 1579 601 haereticnm
1605 545 1980 600 subornarunt

2144 546 2372 613 νοοῦντες
2407 550 2545 621 μήτε
2572 548 2689 613 πῶς
2713 550 3050 617 πιστεύουσι,
3088 553 3227 624 μήτε
3252 553 3381 625 περὶ
3413 553 3582 606 τίνων
3602 549 3728 603 δια-

443 629 605 703 573
630 632 706 687 ita
730 640 790 691 ut
810 634 1102 704 synodum,
1133 634 1238 689 sub
1261 634 1521 689 ementita
1550 633 1859 690 asserenda:
1892 632 1998 688 tide

2144 640 2492 706 ἲεὸαιοῦνται,
2515 642 2832 706 ἀπατῶντες
2853 643 2909 696 δέ
2934 645 3164 698 ἕκαστον
3187 645 3396 717 ἠρέμα,
3423 644 3519 697 καὶ
3548 642 3727 712 σπέρ-

443 728 623 797 specie
651 727 993 799 impetrarint
1015 747 1030 785 :
1051 728 1154 785 rati
1183 745 1242 785 se
1260 727 1534 785 Nicanam
1557 744 1721 800 posse
1749 728 2001 801 synodun

2144 748 2272 785 ιατα
2300 733 2399 803 τῆς
2423 733 2690 805 αἱρέσεως
2718 733 2930 787 ἐαυτῶν
2962 734 3037 804 (7)
3065 735 3503 807 ἐπισπείροντες.
3534 732 3726 802 MPR?

440 819 696 886 obruere,
720 831 882 893 atque
921 823 1000 878 ita
1042 838 1235 879 omnes
1265 838 1311 878 a-
1327 823 1593 879 sententia
1629 822 1931 887 dimovere,
1962 837 1994 875 ιι

2144 827 2304 881 τασάν
2345 843 2499 889 τινας
2532 826 2639 879 τῶν
2668 825 2967 880 δοκούντων
3006 820 3147 881 εἷναί
3178 845 3252 892 τι,
3291 828 3387 880 καὶ
3414 824 3583 879 αὑτὸν
3623 821 3724 876 τὸν

439 912 693 984 impietas
730 915 977 973 veritatis
1009 915 1132 971 loco
1163 917 1408 989 obtineat
1434 915 1659 988 ubique.

2144 917 2350 972 Ξασιλέα
2384 917 2759 971 Κωνστάντιον
2787 918 3060 990 αἱρετικὸν
3089 918 3218 973 ὅντα
3243 958 3258 983 ,
3291 916 3723 989 ηηματισάμε-

436 1007 661 1080 νοιπερὶ
694 1007 951 1076 πίστεως,
977 1008 1121 1064 ὥστε
1144 1009 1370 1082 ποιῆσαι
1391 1010 1644 1079 γενέσθαι
1670 1008 1885 1064 σύνοδον
1913 1008 2012 1081 (8)·
2051 1005 2365 1080 νομίζοντες
2398 1006 2656 1062 δύνασθαι
2683 1006 2922 1078 καλύψαι
2980 1008 3080 1080 τὴν
3121 1011 3179 1061 ἐν
3231 1008 3439 1080 Νικαίᾳ
3493 1006 3721 1059 σύνοδον

434 1103 532 1157 καὶ
557 1106 684 1171 τοὺς
704 1106 914 1172 πάντας
939 1107 1308 1179 μεταπείθειν,
1329 1106 1469 1162 ὥστε
1491 1108 1588 1180 τὴν
1608 1107 1864 1162 ἀσέϐειαν
1889 1106 2013 1161 ἀντὶ
2043 1106 2140 1177 τῆς
2165 1103 2423 1176 ἀληθείας
2453 1104 2727 1175 κρατῆσαι
2757 1103 3061 1175 πανταχοῦ.

503 1197 559 1252 2.
587 1195 655 1254 Et
682 1200 922 1269 primum
955 1200 1176 1271 quidem
1207 1200 1261 1255 id
1290 1201 1445 1255 valde
1486 1201 1659 1255 miror
1682 1199 1851 1271 (quod
1874 1215 2001 1270 pru-

2193 1197 2248 1251 2.
2283 1197 2508 1266 Πρῶτον
2544 1196 2644 1267 μὲν
2673 1192 2765 1250 οὖν
2814 1197 2988 1266 ἔγωγε
3033 1195 3300 1268 θαυμάζω
3336 1194 3618 1268 (ἠγοῦμαι
3655 1194 3719 1248 δὲ

433 1289 649 1347 dentem
695 1291 953 1355 arbitror,
987 1292 1286 1362 quemlibet
1330 1291 1883 1361 animadversurum)
1929 1291 2001 1345 ni-

2144 1290 2211 1344 :al.
2239 1290 2417 1344 πάντα
2445 1288 2720 1343 ὁντιναοῦν
2754 1290 3015 1361 φρόνιμον
3045 1289 3205 1343 τοῦτο
3252 1291 3489 1361 συνορᾷν
3524 1287 3569 1358 ),
3602 1288 3713 1349 ὅτι,

433 1383 636 1436 mirum
680 1396 807 1437 cum
843 1382 1170 1439 universalis
1203 1384 1445 1455 synodus
1492 1383 1695 1438 indicta
1743 1390 1910 1449 esset,
1941 1382 2001 1437 il-

2144 1381 2414 1453 ιαθολικῆς
2459 1380 2773 1453 ὁρισθείσης
2817 1380 3041 1435 συνόδου
3068 1423 3082 1446 ,
3119 1381 3212 1434 καὶ
3244 1380 3452 1451 ταύτην
3491 1380 3714 1433 πάντων

431 1472 650 1542 Iamque
669 1489 860 1530 manes
874 1485 1275 1546 exspectarent,
1292 1490 1412 1531 eam
1433 1475 1724 1547 derepente
1740 1474 1911 1531 fuisse
1932 1474 2001 1531 di-

2144 1472 2567 1546 τροσδοκώντων,
2613 1471 2873 1542 ἐξαίφνης
2913 1471 3172 1545 διῃρέθηο
3209 1472 3304 1525 καὶ
3344 1472 3393 1524 oi
3444 1472 3545 1541 μὲν
3592 1472 3714 1524 ἐκεῖ

432 1561 644 1628 visam;
674 1564 810 1620 adeo
851 1574 911 1621 ut
959 1566 1016 1620 bi
1066 1572 1169 1622 hoc
1216 1567 1573 1622 convenirent
1609 1567 1752 1633 loco,
1776 1567 1867 1622 alii
1906 1566 2001 1623 alit

2144 1564 2406 1636 ξυνῆλθον,
2455 1565 2505 1617 οἱ
2552 1564 2607 1617 δὲ
2652 1556 2755 1617 ὧδε
2786 1564 3188 1635 συνεκρότησαν
3228 1561 3477 1625 ἑαυτούς.
3502 1557 3715 1615 *ΒνἘὲ

432 1668 555 1709 sese
584 1666 947 1713 convocarent
972 1676 986 1712 :
1014 1658 1158 1728 quod
1183 1657 1414 1715 fortasse
1438 1658 1638 1715 divina:
1660 1659 2001 1730 providentia

2144 1674 2222 1729 Lpa
2256 1655 2414 1709 τοῦτο
2453 1657 2553 1727 τῆς
2590 1655 2853 1723 Προνοίας
2891 1654 3070 1727 ἔργον,
3114 1655 3200 1707 ἵνα
3232 1656 3289 1707 ἐν
3337 1655 3568 1725 ἐκάστῃ,
3598 1652 3714 1706 τῶν

432 1740 534 1796 fuit
564 1757 703 1813 opus
737 1785 754 1811 ,
783 1748 859 1815 {ut
904 1748 957 1801 in
998 1749 1173 1804 altera
1231 1750 1439 1821 synodo
1477 1750 1762 1805 hominum
1799 1750 2001 1807 sincera

2144 1750 2214 1802 ιέν
2241 1748 2302 1800 τὸ
2326 1747 2512 1801 ἄδολον
2545 1748 2639 1800 καὶ
2676 1746 2912 1819 καθαρὸν
2945 1746 3047 1818 τῆς
3079 1745 3316 1810 πίστεως
3342 1744 3529 1816 δειχθῇ
3574 1745 3716 1816 φρό-

433 1849 681 1906 puraque
702 1836 847 1893 ‘ﬂdes
892 1838 1074 1909 palam
1105 1840 1361 1907 ﬁeret,-in
1395 1841 1564 1897 altera
1597 1857 1727 1897 vero
1754 1852 2001 1915 suspects

2148 1861 2178 1913 η
2187 1860 2285 1914 μα,
2309 1841 2416 1895 τῶν
2439 1842 2496 1896 δὲ
2514 1842 2574 1895 τὸ
2598 1841 2840 1895 ῦποπτον
2863 1842 2957 1895 καὶ⁵
2975 1840 3274 1912 ἀμφίϐολον
3294 1837 3427 1912 ἦθος
3448 1841 3712 1912 ἐλεγχθῇ.

428 1924 673 1981 virorum
701 1926 977 1999 dubiaque
1001 1929 1170 1983 animi
1202 1932 1472 1986 sententia
1492 1931 2001 2003 deprehenderetur.

2144 1935 2346 1988 Επειτα
2376 1935 2599 1988 κάκεῖνο
2647 1933 2967 2005 διενοούμην
3017 1933 3093 2003 (9)
3143 1932 3282 2004 μετά
3319 1933 3430 1987 τῶν
3467 1932 3714 1986 ἐνταῦθα.

428 2012 487 2069 id
511 2030 731 2087 quoque
767 2017 923 2082 mihi,
956 2020 1345 2091 germanisque
1378 2019 1642 2077 fratribus
1668 2024 1761 2079 hic
1792 2039 2010 2080 mecum

428 2106 794 2173 versantibus,
822 2108 879 2162 in
908 2118 1145 2164 mentem
1171 2111 1365 2178 subiit,
1397 2118 1563 2183 atque
1586 2114 1859 2185 ejusmodi
1885 2130 2015 2171 con-

430 2211 629 2254 cursus
676 2200 1069 2257 absurditatem
1120 2212 1407 2260 cernentes
1459 2205 1854 2277 cogitabamus,
1888 2224 2013 2279 qua

427 2302 517 2343 res
549 2295 829 2359 tantopere
846 2293 1087 2363 urgebat,
1114 2292 1338 2347 utorbis
1366 2301 1636 2349 terrarum
1663 2296 2007 2365 turbaretur,

425 2386 482 2433 et
508 2378 604 2449 qui
629 2389 747 2436 tum
788 2383 1048 2453 temporis
1076 2398 1177 2454 pro
1198 2384 1415 2440 clericis
1460 2386 1828 2454 habebantur,
1867 2388 2010 2444 ultro

426 2472 674 2543 citroque
700 2474 1090 2542 discurrerent,
1126 2476 1470 2533 sciscitantes
1504 2480 1780 2549 quomodo
1809 2481 1863 2535 in
1901 2479 2013 2534 Do-

427 2565 639 2620 minum
686 2574 937 2622 nostrum
986 2565 1173 2622 Jcsum
1222 2565 1504 2625 Christum
1558 2572 1892 2629 crederent?
1951 2574 2009 2630 Si

425 2657 575 2711 enim
603 2657 984 2725 credidissent,
1015 2676 1359 2734 nequaquam
1388 2664 1612 2734 perinde
1638 2664 1898 2723 sciscitati
1921 2684 2011 2725 es-

424 2751 570 2811 sent,
592 2746 750 2813 quasi
775 2746 907 2816 quid
936 2746 1221 2803 crederent
1249 2764 1359 2804 non
1386 2749 1672 2806 haberent.
1691 2750 1805 2807 Hoc
1825 2762 2008 2809 autem

425 2836 838 2893 catechumenis
871 2838 1019 2893 haud
1055 2839 1190 2896 levis
1228 2840 1550 2897 oﬂ'ensionis
1586 2858 1799 2910 ansam,
1824 2846 2008 2901 etbni-
2047 2880 2054 2886 ο

428 2928 511 2983 eis
538 2943 666 2985 vero
708 2945 820 2984 non
847 2932 1118 2987 modicam
1150 2934 1246 2989 sed
1271 2935 1501 2991 eﬂ'usam
1535 2936 1681 2992 risus
1720 2940 2006 2994 materiam

2113 2028 2354 2098 γνησίων
2384 2027 2650 2097 ἀδελφῶν,
2673 2028 2767 2081 καὶ
2789 2026 2911 2081 καθ’
2938 2028 3161 2090 ἑαυτοὺς
3181 2026 3545 2099 ὴσχάλλομεν,
3571 2025 3715 2080 θεω-

2090 2118 2339 2192 ,ροῦντες
2372 2119 2434 2173 τὸ
2478 2121 2724 2192 ἀπρεπὲς
2777 2120 2878 2189 τῆς
2920 2120 3191 2191 τοσαύτης
3243 2121 3575 2192 συνδρομῆς.
3636 2121 3714 2173 Τί

2112 2210 2220 2281 γὰρ
2246 2208 2499 2264 τοσοῦτον
2539 2210 2783 2282 ήπειξεν,
2831 2212 2973 2265 ὥστε
3006 2213 3105 2285 τὴν
3143 2212 3469 2283 οἰκουμένην
3515 2214 3713 2267 διατα-

2094 2300 2402 2373 οραχθῆναι,
2437 2302 2532 2355 καὶ
2570 2304 2695 2366 τοὺς
2727 2302 3052 2375 λεγομένους
3084 2306 3141 2357 ἐν
3185 2303 3263 2375 τῷ
3300 2304 3482 2375 καιρῷ
3524 2306 3713 2375 τούτῳ

2113 2392 2409 2465 κληρικοὺς
2435 2392 2741 2466 διατρέχειν
2772 2394 2885 2448 ἄνω
2908 2394 3004 2448 καὶ
3032 2395 3183 2448 κάτω
3205 2394 3338 2465 (10),
3365 2396 3460 2449 καὶ
3489 2397 3707 2466 ζητεῖν,

2114 2484 2232 2548 πῶς
2274 2484 2383 2556 ἀρα
2429 2484 2643 2556 μάθωσι
2690 2485 2977 2540 πιστεύειν
3026 2489 3107 2551 είς
3137 2487 3228 2540 τὸν
3277 2486 3483 2558 Κύριον
3540 2488 3712 2559 ἡμῶν

2127 2575 2331 2647 Ἰησοῦν
2362 2575 2631 2649 Χριστόν;
2675 2577 2739 2630 Ei
2775 2577 2885 2650 γὰρ
2919 2579 3222 2643 ἐπίστευον,
3255 2580 3357 2631 οὐκ
3397 2579 3466 2633 ἂν
3509 2579 3589 2643 ὡς
3626 2581 3708 2652 μὴ

2113 2670 2332 2741 ἔχοντες
2377 2670 2623 2741 ἐζήτουν.
2671 2668 2844 2723 Τοῦτο
2884 2670 2942 2723 δὲ
2986 2674 3097 2735 τοῖς
3132 2671 3233 2743 μὲν
3264 2671 3709 2743 κατηχουμένοις

2111 2766 2211 2819 ούκ
2241 2765 2420 2833 ὀλίγον
2450 2763 2742 2817 σκάνδαλον
2763 2779 2777 2793 ο
2813 2766 2926 2827 τοῖς
2952 2764 3011 2817 δὲ
3045 2762 3301 2832 Ἕλλησιν
3321 2763 3383 2816 ού
3419 2763 3480 2815 τὸ
3513 2762 3703 2835 τυχὸν,

2112 2857 2247 2911 ἀλλά
2276 2857 2370 2910 καὶ
2396 2857 2604 2909 πλατὺν
2630 2854 2741 2926 (Η)
2772 2855 2985 2923 γέλωτα
3015 2856 3310 2926 παρέσχεν,
3342 2855 3391 2907 εί
3431 2855 3706 2925 Χριστια-

2112 2953 2214 3018 νοὶ,
2245 2951 2434 3022 ὥσπερ
2471 2949 2530 3016 ἐξ
2575 2949 2744 3003 ὖπνου
2787 2947 2881 3001 νῦν
2923 2948 3263 3019 ἐγερθέντες,
3295 2947 3541 3019 ζητοῦσι,
3584 2948 3705 3011 πῶς

424 3020 660 3090 praebuit
690 3062 705 3089 ,
739 3023 882 3092 quod
906 3022 1228 3092 Christiani,
1260 3027 1425 3081 veluti
1449 3042 1481 3083 e
1510 3044 1704 3084 somno
1733 3045 1879 3086 nunc
1911 3048 2001 3086 ex-

2144 3008 2363 3114 εῖ’πςρὶ
2401 3008 2644 3114 ᾆριστοῦ
2701 3008 2978 3093 πιστεύειν
3008 3008 3143 3111 (12).
3189 3008 3260 3095 ὀί⁷
3410 3008 3700 3111 λεγδμενοι

422 3110 612 3180 citati,
650 3121 901 3182 quaerant
960 3130 1069 3184 qua
1113 3116 1325 3171 ratione
1366 3117 1422 3170 in
1456 3116 1734 3173 Christum
1789 3121 2010 3177 credere

422 3206 837 3277 oporteat;qui
871 3216 1054 3262 autem
1108 3206 1252 3263 inter
1311 3208 1435 3265 illos
1487 3209 1670 3265 clerici
1720 3222 2006 3281 vocantur,

424 3293 648 3348 tametsi
672 3294 1053 3349 auctoritatem
1083 3295 1227 3365 apud
1261 3297 1517 3367 populos,
1542 3298 1699 3366 quasi
1732 3300 2003 3371 magistri,

420 3383 531 3440 sibi
552 3384 853 3451 vindicant,
880 3385 993 3457 jam
1018 3402 1076 3443 se
1103 3397 1287 3444 tamen
1316 3388 1562 3445 inﬁdeles
1585 3391 2005 3459 declarat-crint,

418 3494 545 3535 cum
579 3478 633 3535 id
655 3489 905 3549 quaerant
944 3481 1156 3538 scilicet
1193 3484 1341 3555 quod
1377 3501 1486 3541 non
1510 3485 1733 3543 habent.
1767 3486 1880 3543 Nec
1909 3488 2006 3543 ad-

419 3580 639 3626 vertunt
664 3569 927 3628 Ursacius
956 3582 1010 3628 et
1034 3574 1188 3641 socii,
1214 3578 1306 3646 qui
1330 3577 1528 3632 horum
1553 3589 1806 3635 auctores
1831 3578 2003 3647 fuere,

418 3676 683 3733 quantum
723 3665 827 3721 sibi
873 3666 967 3722 ira:
1016 3667 1337 3724 thesaurum
1393 3670 1728 3735 rccondant,
1770 3670 2005 3729 Domino

418 3771 515 3826 per
542 3766 763 3814 sanctos
810 3774 941 3815 suos
980 3759 1195 3817 dicente
1225 3778 1240 3817 :
1280 3761 1418 3819 «Vae
1462 3764 1574 3820 illis
1600 3781 1699 3837 per
1730 3782 1870 3838 quos
1904 3783 2006 3822 no-

419 3862 544 3901 men
568 3864 751 3904 meum
773 3849 1183 3921 blasphematur
1206 3855 1260 3909 in
1284 3856 1626 3926 gentibus";
1653 3878 1672 3910 ι
1695 3875 1797 3915 suo
1819 3868 2004 3916 autem

420 3941 540 4011 ipso
568 3956 666 3998 ore
703 3944 758 3998 in
792 3940 1113 4017 Evangeliis
1141 3949 1257 4003 ait:
1307 3968 1326 4001 ι
1356 3947 1462 4017 Qui
1489 3966 1624 4022 ergo
1657 3953 2006 4009 scandalizae

420 4037 563 4092 verit
602 4053 771 4093 unum
812 4039 881 4095 de
925 4039 1139 4110 puSillis
1182 4042 1323 4107 istis,
1348 4044 1567 4114 expedit
1594 4045 1643 4098 ei
1692 4055 1750 4099 ut
1777 4063 2004 4118 suspen-

416 4131 579 4185 datur
616 4130 761 4185 mola
790 4130 1026 4187 asinaria
1055 4131 1111 4186 in
1141 4134 1284 4189 collo
1327 4135 1448 4205 ejus
1475 4145 1530 4191 et
1558 4136 1907 4209 demergatur
1930 4140 1996 4211 {in

417 4222 748 4293 profundum
795 4225 997 4291 maris,
1028 4241 1215 4296 quam,
1250 4245 1271 4277 ι
1325 4237 1384 4281 ιιι
1412 4227 1619 4283 addidit
1636 4227 1847 4298 Lucas,
1887 4250 1908 4283 ι
1941 4241 2002 4287 ιιι

416 4317 751 4373 scandalizet
776 4333 947 4372 unum
974 4317 1040 4372 de
1064 4318 1277 4388 pusillis
1302 4318 1426 4376 istis
1446 4320 1515 4374 ".
1542 4339 1563 4372 ι

486 4410 542 4466 ὅ.
573 4410 713 4478 Quid
737 4411 883 4466 enim
913 4411 1175 4467 doctrina
1194 4411 1263 4467 ad
1296 4412 1443 4483 piam
1476 4414 1797 4487 religionem
1821 4415 1998 4473 defuit

414 4501 673 4558 Ecclesiae
701 4502 1002 4568 catholica,
1034 4509 1094 4557 ut
1122 4519 1269 4560 nunc
1300 4504 1369 4561 de
1391 4505 1496 4560 ﬁde
1520 4507 1865 4576 perquirant,
1890 4517 1996 4563 Aut-

2029 4366 2076 4422 Ι)

2106 3136 2357 3207 κληρικοὶ
2385 3134 2610 3200 τούτων,
2641 3133 2909 3187 καίτοιτά
2942 3132 3207 3204 πρεσϐεῖα
3236 3133 3387 3207 παρὰ
3411 3133 3522 3186 τῶν
3555 3134 3699 3186 λαῶν

2106 3226 2447 3290 ἐκδικοῦντες
2471 3268 2486 3292 ,
2524 3226 2600 3291 ὡς
2641 3223 2952 3279 διδάσκαλοι
2987 3266 3001 3290 ,
3047 3223 3142 3277 νῦν
3188 3224 3422 3296 ήλεγξαν
3471 3226 3700 3288 ἑαυτοὺς

2104 3319 2388 3385 ἀπίστους,
2421 3317 2712 3390 ζητοῦντες
2738 3320 2875 3390 ὅπερ
2908 3319 3008 3372 οὐκ
3051 3316 3254 3387 ἔχουσι,
3285 3317 3395 3369 Καὶ
3419 3316 3700 3388 ἠγνόησαν

2104 3414 2156 3466 oi
2200 3413 2329 3484 napi.
2361 3411 2689 3483 Ούρσάκιον,
2723 3410 2931 3465 τούτων
2988 3411 3150 3464 αἴτιοι
3193 3410 3512 3480 γενόμενοι,
3553 3409 3691 3480 ὅσην

2105 3506 2319 3568 ἑαυτοῖς
2350 3503 2719 3575 ἐθησαύρισαν
2750 3502 2942 3575 ὀργὴν,
2966 3501 3217 3570 λέγοντος
3244 3499 3338 3553 τοῦ
3371 3499 3582 3570 Κυρίου
3611 3500 3700 3553 διὰ

2109 3596 2208 3667 μὲν
2236 3594 2345 3648 τῶν
2371 3595 2544 3663 ἁγίων
2565 3612 2578 3624 ·
2625 3614 2642 3645 ι
2668 3595 2824 3658 Οὐαὶ,
2879 3594 2947 3648 δι’
2986 3592 3081 3657 οὓς
3128 3593 3190 3645 τὸ
3220 3592 3397 3662 ὄνομά
3432 3610 3536 3663 μου
3571 3592 3700 3663 βλα-

2107 3689 2406 3759 σφημεῖται
2451 3688 2510 3740 ἐν
2551 3690 2663 3750 τοῖς
2697 3686 2876 3741 ἔθνεσι
2901 3702 2915 3717 ’
2951 3706 2967 3738 ι
3018 3686 3105 3739 διὰ
3153 3685 3211 3739 δὲ
3253 3685 3449 3737 ἐαυτοῦ
3487 3687 3547 3739 ἐν
3583 3688 3699 3749 τοῖς

2104 3780 2460 3850 Εὐαγγελίοις
2481 3796 2495 3811 ’
2531 3798 2550 3831 ι
2582 3781 2677 3844 Ὃς
2711 3776 2804 3833 οὖν
2838 3778 2934 3833 ἐὰν
2972 3778 3303 3850 σκανδαλίσῃ
3332 3778 3428 3832 ἕνα
3459 3777 3571 3831 τῶν
3609 3797 3700 3849 μι-

2104 3872 2255 3945 κρῶν
2281 3872 2510 3933 τούτων,
2541 3872 2812 3942 συμφέρει
2840 3870 2990 3942 αύτῷ
3019 3872 3107 3925 ἴνα
3141 3871 3308 3942 μύλος
3341 3871 3522 3935 ὀνικὸς
3567 3889 3698 3944 κρε-

2108 3963 2288 4036 μασθῇ
2312 3965 2394 4028 είς
2423 3963 2513 4016 τὸν
2552 3963 2821 4035 τράχηλον
2852 3962 3040 4027 αὐτοῦ,
3072 3964 3168 4016 καὶ
3200 3962 3610 4035 καταποντισθῇ
3638 3966 3697 4015 ἐν

2103 4055 2183 4127 τῷ
2236 4056 2464 4125 πελάγει
2516 4058 2615 4126 τῆς
2666 4055 2982 4127 θαλάσσης’
3017 4056 3049 4126 ἢ
3092 4056 3198 4120 ἵνα,
3227 4075 3245 4107 ι
3292 4055 3369 4118 ὡς
3413 4059 3443 4109 ὁ
3480 4057 3696 4119 Λουκᾶς

2105 4144 2435 4216 προσέθηκε,
2473 4163 2491 4195 ι
2519 4143 2844 4216 σκανδαλίσῃ
2879 4144 2987 4198 τῶν
3023 4145 3237 4216 μικρῶν
3265 4144 3474 4200 τούτων
3494 4146 3617 4200 ἕνα.
3649 4167 3669 4198 ι

2174 4414 2227 4469 5.
2269 4413 2335 4468 Τί
2383 4414 2493 4486 γὰρ
2544 4415 2726 4469 ἔλειπε
2780 4414 3124 4479 διδασκαλίας
3166 4417 3246 4478 είς
3283 4414 3573 4467 εύσέόειαν
3624 4417 3693 4485 τῇ

2100 4506 2362 4579 καθολικῇ
2408 4507 2705 4581 Ἐκκλησία
2738 4507 2878 4577 (15),
2934 4508 3021 4561 ἵνα
3053 4506 3149 4561 νῦν
3181 4508 3313 4578 περὶ
3336 4507 3578 4570 πίστεως
3598 4505 3695 4577 ζη-

414 4610 524 4665 ιιιιο
546 4595 664 4651 suis
687 4595 756 4651 de
794 4591 903 4651 nde
942 4595 1382 4664 expositionibus
1400 4599 1695 4668 praesentis
1730 4600 1994 4671 temporis

2144 4595 2259 4662 ὦσι,
2288 4598 2380 4651 καὶ
2411 4597 2510 4670 τὴν
2559 4598 2822 4652 ὑπατείαν
2854 4598 2965 4652 τῶν
2993 4598 3277 4671 παρόντων
3309 4598 3521 4670 χρόνων
3554 4614 3694 4668 προ-

414 4690 758 4748 consulatum
810 4689 1129 4761 praeﬂgant?
1171 4686 1436 4748 Ursacius
1492 4692 1664 4757 enim,
1704 4690 1908 4747 Valens
1945 4702 2001 4748 et

2144 4689 2347 4745 άσσωσι
2368 4691 2480 4746 τῶν
2513 4691 2645 4764 παρ’
2678 4692 2857 4747 αὐτῶν
2890 4690 3256 4762 ἐκτιθεμένων
3305 4691 3572 4762 ῥημάτων
3599 4690 3692 4759 δῆ-

413 4780 729 4837 Cermimus
744 4797 869 4837 cum
890 4784 1059 4838 sociis
1078 4780 1135 4837 id
1149 4779 1347 4849 iecere,
1364 4780 1512 4852 quod
1541 4796 1823 4852 nunquam
1844 4781 1989 4852 apud

2144 4799 2196 4835 εν
2225 4783 2354 4854 περὶ
2387 4782 2666 4848 πίστεως;
2698 4783 3013 4855 υύρσάκιος,
3034 4782 3141 4854 γὰρ
3189 4781 3286 4836 καὶ
3326 4781 3568 4869 Οὐάλης,
3600 4781 3693 4834 καὶ

485 4965 528 4997 ’⁸
569 4963 673 5019 Isa.
702 4979 799 5031 LII,
846 4962 920 5029 5;
952 4961 1111 5018 Rom.
1141 4978 1201 5027 ιι,
1226 4961 1316 5017 2|.
1392 4962 1441 4995 "
1478 4959 1672 5017 Matth.
1707 4976 1868 5029 mu,
1903 4960 1971 5031 σς

2168 4978 2310 5030 ινιι,
2345 4963 2401 5019 2.

2172 5119 2284 5191 (ιο)
2327 5117 2419 5175 Sic
2448 5117 2652 5191 Regius
2682 5129 2738 5175 et
2760 5118 3017 5175 Ottobon.
3049 5120 3101 5184 1,
3125 5119 3179 5175 2.
3212 5118 3268 5174 In
3296 5119 3419 5175 aliis
3450 5127 3507 5175 et
3527 5119 3688 5178 editis

2102 5190 2253 5244 deest
2284 5191 2377 5243 καὶ
2404 5190 2581 5246 κάτω.

2172 5259 2286 5331 (ll)
2326 5261 2583 5316 Ottobon.
2618 5261 2644 5315 1
2681 5271 2736 5315 et
2764 5259 2948 5315 Felck.
2987 5261 3042 5325 3,
3077 5259 3278 5315 πλατύ.
3326 5259 3454 5315 Mox
3500 5258 3683 5317 Felck.

2102 5332 2156 5397 '5,
2186 5332 2235 5384 οἱ
2267 5331 2609 5402 Χριστιανοί,
2644 5333 2805 5402 male.

2173 5402 2286 5471 (12)
2323 5400 2422 5456 'Sic
2450 5401 2653 5471 Regius
2691 5412 2746 5456 et
2785 5400 3044 5457 Ottobon.
3081 5400 3138 5455 ἓ.
3170 5400 3311 5456 Editi
3358 5412 3411 5456 et
3451 5402 3542 5455 alii
3592 5400 3687 5455 νῦν

2100 5481 2225 5525 ante
2256 5472 2552 5526 πιστεύειν.
2583 5472 2751 5527 Paulo
2783 5482 2907 5543 post
2932 5471 3193 5527 Ottobon.
3222 5474 3274 5539 1,
3300 5472 3356 5539 2,
3383 5484 3432 5526 et
3458 5471 3608 5527 Felc.
3631 5472 3684 5534 '5,

2100 5543 2251 5595 παοά
2283 5540 2361 5595 τῶ
2392 5542 2528 5595 λαῶ.

2100 5543 2251 5598 παοά
2283 5540 2361 5598 τῶ
2392 5542 2528 5598 λαῶ.

2174 5559 2746 5684 ὕέῗῗίέὲἴξῲοηιιιι·
2799 5610 2943 5684 apud
2996 5611 3303 5684 Socratem,
3334 5612 3431 5667 lib.
3466 5628 3505 5667 ιι
3538 5610 3683 5667 Hist.

2099 5680 2309 5745 cretes},
2346 5701 2397 5739 c.
2428 5684 2517 5739 57.
2549 5682 2775 5755 Regius,
2820 5680 2994 5740 ἔλιπε.
3030 5683 3167 5755 Ibid.
3205 5680 3452 5739 Socratis
3491 5684 3684 5739 editio-

2102 5769 2200 5810 nes
2233 5758 2467 5823 veteres,
2500 5756 2580 5821 ei;
2610 5753 2959 5817 διδασκαλίας
2987 5753 3292 5807 εὐσέϐειαν.

486 5118 563 5190 (Ἰ)
603 5116 696 5190 Sic
722 5119 943 5190 Regius.
979 5116 1123 5173 Editi
1152 5134 1304 5190 ver_o,
1328 5118 1527 5174 αὐτῶν.

487 5187 564 5255 (8⁷)
603 5187 860 5246 Ottobon.
892 5190 915 5244 i
953 5197 1007 5243 et
1047 5190 1082 5243 2
1127 5198 1181 5246 et
1227 5188 1465 5245 Felckm.
1501 5193 1557 5251 5,
1585 5190 1836 5259 γενέσθαι
1869 5190 1996 5244 σύν-

412 5267 549 5323 οδον,
584 5262 682 5315 καὶ
724 5261 853 5325 τοὺς
890 5262 1099 5324 πάντας
1135 5260 1501 5333 μεταπείθειν,
1531 5262 1673 5316 ὥστε
1717 5261 1815 5385 τίς
1863 5261 1994 5314 ἀσέ-

415 5330 566 5383 ϐειαν
586 5332 706 5385 ἀντὶ
731 5332 832 5385 τῆς
860 5330 1117 5385 ἀληθείας
1150 5333 1421 5385 κρατῆσαι
1456 5330 1765 5385 παντανοῦ(
1816 5332 1917 5385 elc.
1937 5333 1993 5385 5.

415 5330 566 5403 δειαν
586 5332 706 5403 ἀντὶ
731 5332 832 5403 τῆς
860 5330 1117 5403 ἀληθείας
1137 5330 1421 5403 ’κρατῆσαι
1436 5402 1439 5403 ν
1456 5330 1731 5403 πανταχοῦ
1750 5330 1917 5403 (Felc.
1937 5333 1993 5394 5,

416 5348 566 5383 οειαν
586 5348 706 5385 αντι
804 5349 832 5395 ς
860 5348 1117 5403 αΑηυειας
1150 5350 1184 5386 κ
1226 5349 1421 5403 ατησαι
1456 5348 1801 5403 πανταχουιιε
1816 5348 1917 5387 etc.
1937 5348 1993 5394 ο,

416 5400 655 5474 πάντων)
681 5349 991 5473 νοτιέίζοντες
1019 5348 1276 5474 δύνασεαι
1312 5402 1548 5472 καλύψαι
1570 5404 1668 5474 τὴν
1703 5404 1761 5455 ἐν
1789 5402 1995 5474 Νικαίᾳ

417 5469 653 5545 σύνοδον.
689 5469 910 5545 Πρῶτον
943 5474 1041 5545 μὲν
1072 5469 1186 5541 οὖν,
1213 5474 1403 5529 eadem
1451 5469 1658 5529 Scilicet
1700 5469 1990 5539 sententia,

416 5541 778 5615 sedAinversi's
806 5541 1116 5615 phrasibus.

486 5611 571 5687 (Ol
604 5611 842 5687 Felelmi.
872 5612 1290 5687 5,__6tevooiipev.
1310 5614 1434 5687 ,Alii
1478 5630 1691 5687 omnes_
1704 5628 1855 5687 ριιιιιΔ
1872 5614 1990 5687 edi-

416 5681 886 5758 δίε-διενοούμην.
921 5681 1360 5758 Utraque'lectio
1389 5687 1640 5758 quadrat.
1673 5683 1796 5742 Mox
1822 5683 1987 5743 Basil.

412 5766 469 5814 οι
500 5754 738 5814 Felckm.
761 5754 831 5822 ’5,
856 5754 1184 5826 ὴσχάλομεν.
