3822 6226
240 314 356 374 683

1560 333 1573 349 -
1652 307 1736 361 DE
1777 305 2081 361 SYNODIS.

3389 300 3493 356 686

243 429 534 499 Γερμίνιος
579 427 723 499 (id),
780 427 872 481 καὶ
913 428 960 480 οἱ
1012 427 1108 480 σὺν
1158 427 1339 490 αὐτοῖς
1376 426 1760 495 πεποιήκασιν,
1794 423 1822 474 ὖ

1938 424 2268 479 3hristianos
2300 422 2382 478 vel
2432 421 2636 476 factum
2689 419 2774 475 vel
2826 420 3074 475 auditum
3118 416 3312 472 fuerat.
3353 416 3490 471 Cum

248 523 389 592 μήτε
426 521 636 589 γέγονε,
669 511 806 592 μήτε
843 520 1081 590 ἠκούσθη
1117 519 1336 572 πώποτε
1379 519 1530 590 παρὰ
1574 517 1824 587 Χριστια-

243 615 376 674 νοῖς.
410 612 450 663 Γ
456 612 726 683 ράψαντες
775 611 916 682 γὰρ,
965 611 1040 674 ῶς
1081 610 1272 681 ἤθελον
1327 610 1480 663 αὐτοὶ
1528 608 1821 671 πιστεύειν,

243 703 552 772 προέταξαν
584 703 680 773 τὴν
708 704 994 767 ὑπατείαν,
1020 703 1114 756 καὶ
1139 703 1230 755 τὸν
1253 705 1417 774 μῆνα,
1445 701 1539 755 καὶ
1566 701 1664 770 τὴν
1691 700 1826 770 ὴμέ-

245 813 349 866 ραν
375 795 472 848 τοῦ
505 797 769 867 παρόντος
795 795 986 866 χρόνου
1007 812 1019 823 ·
1053 796 1138 848 ἵνα
1164 795 1375 861 δείξωσι
1405 795 1535 846 πᾶσι
1560 795 1672 854 τοῖς
1695 809 1825 861 φρο-

243 889 451 958 νίμοις,
479 890 559 940 ὅτι
597 888 670 959 μὴ
713 891 998 960 πρότερον,
1040 888 1176 942 ἀλλά
1204 887 1298 941 νῦν
1325 889 1416 940 ἐπὶ
1444 886 1823 939 Κωνσταντίου

241 981 421 1052 ἀρχὴν
454 979 566 1050 ἕχει
594 979 798 1033 τούτων
834 982 866 1050 ἡ
900 981 1103 1043 πίστις.
1151 981 1335 1032 Πάντα
1390 978 1496 1051 γὰρ
1549 979 1684 1050 πρὸς
1727 977 1825 1048 τὴν

247 1073 388 1126 ἰδέαν
424 1073 636 1143 αἵρεσιν
667 1071 954 1141 βλέποντες
981 1071 1245 1142 ἔγραψαν.
1271 1070 1414 1142 Πρὸς
1438 1069 1668 1134 τούτοις,
1697 1071 1825 1140 περὶ

239 1163 342 1217 τοῦ
375 1165 577 1234 Κυρίου
608 1164 1060 1235 προσποιούμενοι
1093 1165 1344 1235 γράφειν,
1380 1163 1536 1217 ἄλλον
1559 1164 1825 1233 δεσπότην

241 1255 608 1328 ὀνομάζουσιν
653 1258 864 1319 ἑαυτοῖς
895 1256 1007 1326 (15)
1060 1257 1470 1310 Κωνστάντιον’
1517 1257 1679 1319 αὐτὸς
1716 1255 1826 1327 γὰρ

241 1345 312 1418 ἦν
344 1349 374 1400 ό
399 1347 497 1416 τὴν
528 1347 844 1400 δυναστείαν
871 1347 970 1415 τῆς
1011 1346 1262 1410 ἀσεϐείας
1301 1347 1484 1410 αὐτοῖς
1530 1346 1783 1418 παρέχων
1808 1361 1822 1374 ·

244 1442 343 1496 καὶ
377 1440 591 1495 αἰώνιον
622 1441 677 1492 δὲ
709 1440 870 1492 αὐτὸν
904 1439 1126 1509 βασιλέα
1173 1440 1460 1509 εἰρήκασιν
1500 1439 1550 1490 οί
1580 1438 1671 1490 τὸν
1700 1438 1826 1489 Υίὸν

243 1533 418 1586 ἀΐδιον
448 1533 772 1605 ἀρνούμενοι
794 1549 806 1560 ·
829 1530 1003 1594 οὕτως
1030 1532 1134 1583 είσὶ
1170 1531 1305 1602 πρὸς
1327 1531 1584 1583 ἀσέϐειαν
1604 1533 1827 1600 Χριστο-

250 1625 437 1696 μάχοι.
483 1624 620 1676 Ἀλλ’
661 1624 790 1686 ἴσως
828 1624 1012 1686 αὐτοῖς
1069 1624 1186 1674 ἐστι
1233 1623 1504 1693 πρόφασις
1546 1623 1644 1692 τῆς
1689 1623 1828 1674 ὑπα-

245 1715 406 1776 τείας
446 1715 480 1784 ἡ
515 1712 626 1766 τῶν
675 1713 844 1780 ἁγίων
901 1712 1194 1784 προφητῶν
1232 1712 1622 1783 χρονογραφία.
1669 1711 1826 1765 Ἀλλὰ

1925 517 2068 569 enim
2101 514 2447 583 scripsissent
2476 529 2639 584 quam
2665 514 2768 582 ipsi
2795 512 2994 567 vellent
3022 510 3145 565 ﬁdei
3177 508 3490 573 formulam,

1926 607 2270 662 consulatum
2319 607 2476 660 initio
2505 615 2825 676 posuerunt,
2864 620 3104 658 mensem
3145 604 3295 665 item,
3335 611 3495 671 atque

1925 699 2070 753 illius
2097 699 2226 752 anni
2249 699 2414 763 diem,
2461 709 2520 751 ut
2539 696 2896 767 prudentibus
2925 696 3181 750 omnibus
3206 695 3382 765 palam
3411 693 3496 747 fa-

1925 803 2130 855 cerent,
2152 809 2258 847 non
2281 803 2461 853 antea.
2486 793 2580 847 sed
2618 808 2761 846 nunc
2791 792 3007 846 demum
3041 790 3142 845 sub
3168 790 3495 844 Constantio

1925 901 2113 939 eorum
2147 886 2377 953 coepisse
2422 885 2604 939 ﬁdem.
2631 883 2684 936 In
2714 883 2798 939 his
2839 884 3037 952 quippe
3069 884 3325 937 omnibus
3358 883 3496 936 scri-

1925 978 2033 1047 ptis
2057 978 2172 1033 suis
2201 993 2363 1031 unam
2388 979 2609 1032 haeresis
2641 993 2751 1034 suae
2778 992 2965 1030 curam
2991 976 3246 1032 habuere.
3279 976 3357 1030 Ad
3382 978 3498 1030 haec

1926 1087 2050 1126 cum
2093 1088 2152 1127 se
2197 1072 2264 1126 de
2317 1072 2552 1125 Domino
2588 1073 2825 1126 scribere
2866 1072 3162 1128 simulent.
3193 1071 3359 1124 alium
3389 1070 3495 1125 sibi

1927 1161 2208 1216 dominum
2239 1171 2434 1216 vocant
2455 1161 2858 1216 Constantium.
2884 1160 2934 1216 ls
2960 1161 3103 1215 enim
3128 1171 3245 1216 erat
3273 1162 3366 1230 qui
3389 1161 3496 1214 im-

1927 1253 2111 1322 pietati
2161 1269 2349 1306 eorum
2401 1262 2720 1321 potestatem
2775 1253 3084 1320 tribuebat,
3131 1269 3364 1323 eumque
3419 1254 3497 1306 illi

1925 1358 2186 1400 aeternum
2215 1348 2594 1416 imperatorem
2622 1347 2982 1418 appellarunt,
3009 1349 3100 1418 qui
3129 1347 3324 1402 Filium
3355 1364 3501 1402 sem-

1927 1437 2194 1507 piternum
2238 1454 2359 1493 esse
2393 1449 2628 1508 negant:
2667 1440 2802 1494 adeo
2843 1451 3026 1509 aperte
3075 1456 3172 1510 pro
3223 1441 3501 1508 impietate

1927 1545 2025 1582 sua
2056 1528 2330 1584 Christum
2367 1542 2701 1602 oppugnant.
2753 1531 2856 1586 Sed
2899 1531 3132 1586 fortasse
3180 1541 3498 1586 sanctorum

1927 1621 2313 1690 prophetarum
2356 1623 2785 1693 chronographia
2809 1665 2823 1686 ,
2855 1625 3172 1678 consulatus
3223 1623 3498 1678 indicandi

1928 1728 2092 1766 causa
2125 1713 2230 1768 illis
2271 1713 2391 1768 fuit.
2424 1714 2494 1796 .th
2526 1716 2570 1768 si
2607 1717 2658 1770 id
2688 1715 2900 1771 effutire
2939 1718 3056 1771 ausi
3081 1717 3305 1786 fuerint,
3343 1735 3500 1774 suam

245 1805 353 1858 κᾶν
377 1804 536 1859 τοῦτο
560 1805 903 1876 τολμήσωσιν
933 1807 1128 1869 εἰπεῖν,
1165 1805 1298 1858 πολὺ
1327 1805 1426 1875 τὴν
1450 1805 1689 1875 ἀμαθίαν
1715 1805 1824 1876 (16)

1938 1802 2056 1856 hinc
2088 1803 2358 1857 inscitiam
2388 1788 2647 1874 liquidius
2682 1818 3127 1862 commonstrant.
3172 1811 3498 1864 Sanctorum

247 1896 461 1949 δαυτῶν
489 1895 902 1966 ἐξαγγέλλουσιν
929 1913 942 1926 °
980 1899 1035 1950 αἱ
1070 1897 1167 1967 μὲν
1200 1897 1309 1966 γὰρ
1347 1896 1454 1950 τῶν
1479 1898 1650 1965 ἁγίων
1695 1915 1826 1968 προ-

249 1991 472 2058 φητεῖαι
499 1988 705 2060 χρόνων
729 1988 911 2058 έχουσι
945 1992 1184 2060 μνήμην.
1216 1989 1326 2040 Καὶ⁹
1356 1989 1583 2052 Ἡσαΐας
1611 1990 1707 2059 μὲν
1732 1989 1827 2042 καὶ

258 2081 424 2150 Ὠσηὲ
455 2082 513 2133 ὲν
541 2079 774 2152 ἡμέραις
818 2079 1016 2145 Ὀζίου,
1053 2082 1145 2133 καὶ
1199 2079 1457 2150 Ὶωάθαμ,
1493 2082 1586 2133 καὶ
1639 2079 1824 2150 Ἀχάζ,

247 2173 347 2226 καί
381 2171 626 2235 Ἐζεκίου
661 2172 966 2240 γεγόνασιν.
997 2171 1264 2243 Ἱερεμίας
1289 2171 1344 2223 δὲ
1366 2173 1422 2222 ὲν
1450 2171 1684 2242 ἡμέραις
1718 2172 1828 2224 Ἰω-

249 2264 394 2325 σίου,
439 2262 703 2333 Ίεζεκιὴλ
739 2263 848 2333 (17)
897 2263 954 2316 δὲ
996 2265 1089 2315 καὶ
1122 2263 1318 2333 Δανιὴλ
1368 2264 1460 2316 ἐπὶ
1510 2262 1693 2334 Κύρου
1735 2265 1829 2316 καὶ

247 2356 501 2426 Δαρείου,
529 2356 622 2408 καὶ
662 2355 807 2410 ἄλλοι
845 2359 901 2408 ὲν
933 2355 1110 2419 ἄλλοις
1152 2355 1363 2425 χρόνοις
1395 2357 1827 2426 προεφήτευσαν,

247 2447 315 2499 οὐ
356 2445 459 2516 τῆς
499 2445 810 2508 θεοσεϐείας
868 2447 1042 2517 ἀρχὴν
1085 2445 1579 2515 καταϐαλλόμενοι·
1613 2441 1679 2516 ἦν
1723 2444 1831 2516 γὰρ

250 2538 350 2591 καὶ
375 2538 481 2608 πρὸ
513 2537 714 2601 αὐτῶν,
755 2538 849 2589 καὶ
882 2539 970 2590 ἀεὶ
993 2534 1085 2607 ἦν,
1121 2538 1214 2590 καὶ
1243 2537 1349 2608 πρὸ
1390 2536 1693 2612 καταϐολῆς
1735 2537 1829 2590 κό-

254 2647 398 2700 σμου
431 2629 634 2698 ταύτην
665 2630 795 2699 ἡμῖν
826 2631 854 2681 ό
882 2629 1012 2691 Θεὸς
1043 2630 1100 2680 ὲν
1139 2629 1359 2699 Χριστῴ
1407 2629 1827 2700 προητοίμασενο

249 2721 376 2774 οὐδὲ
409 2721 507 2791 τῆς
536 2721 714 2772 αὐτῶν
743 2720 806 2790 δὴ
842 2720 1078 2782 πίστεως
1102 2721 1228 2782 τοὺς
1261 2722 1484 2791 χρόνους
1510 2721 1827 2792 ἐσήμαινον·

251 2807 397 2882 ἦσαν
431 2810 528 2880 μὲν
561 2810 655 2862 καὶ
687 2809 792 2879 πρὸ
821 2809 1025 2860 τούτων
1055 2808 1161 2861 τῶν
1195 2810 1402 2882 χρόνων
1428 2812 1581 2864 αὐτοὶ
1609 2809 1784 2863 πιστοί
1815 2828 1827 2840 ο

253 2903 396 2957 ἀλλὰ
447 2904 548 2974 τῆς
589 2903 654 2954 δι’
706 2902 886 2956 αὐτῶν
942 2902 1278 2970 ἀπαγγελίας
1331 2899 1471 2975 ἦσαν
1519 2905 1567 2956 οἱ
1630 2905 1830 2974 χρόνοι.

253 2991 367 3046 Ἦν
401 2994 514 3062 (18)
546 2993 602 3046 δὲ
632 2995 664 3064 ἡ
697 2991 1000 3060 ἀπαγγελία
1025 2993 1409 3064 προηγουμένη
1447 2995 1546 3064 μὲν
1583 2995 1709 3066 περὶ
1737 2995 1834 3065 τῆς

255 3081 553 3152 ἐπιδημίας
589 3080 683 3132 τοῦ
720 3081 989 3152 Σωτῆρος,
1021 3081 1440 3152 ἐπακολούθημα
1470 3083 1526 3136 δὲ
1568 3085 1694 3155 περὶ
1726 3085 1832 3137 τῶν

1927 1895 2070 1947 enim
2096 1897 2386 1964 prophetia:
2411 1906 2713 1966 temporum
2741 1899 2940 1953 habent
2965 1901 3304 1955 memoriam.
3333 1903 3500 1958 Isaias

1928 1987 2129 2054 quippe
2167 1995 2219 2040 et
2244 1984 2382 2041 Osee
2407 1988 2459 2041 in
2488 1989 2681 2043 diebus
2715 1987 2857 2044 Osiae
2894 2000 2948 2044 et
2975 1990 3226 2046 Joatham
3244 1993 3501 2047 etAchaz

1927 2086 1982 2131 et
2006 2077 2250 2133 Ezechiae
2275 2080 2559 2145 vixerunt,
2591 2081 2755 2153 5⁸74¹
2787 2081 3051 2138 Jeremias
3086 2085 3139 2137 in
3181 2085 3372 2139 diebus
3403 2085 3500 2139 ,Ιοο
3590 2134 3599 2147 ,

1930 2169 2046 2235 sise,
2103 2169 2352 2226 Ezechiel
2388 2180 2441 2225 et
2470 2170 2658 2226 Daniel
2707 2173 2809 2228 sub
2859 2173 3000 2244 Cyro
3055 2183 3109 2229 et
3162 2175 3344 2240 Dario,
3407 2178 3500 2230 alii

1931 2261 2059 2316 item
2099 2263 2220 2317 aliis
2267 2265 2659 2333 prophetavere
2715 2267 3069 2335 temporibus.
3114 2265 3230 2322 Non
3281 2269 3499 2338 quidem

1931 2355 2077 2423 quod
2114 2365 2227 2408 tum
2253 2356 2531 2426 religionis
2571 2359 2867 2428 primordia
2900 2360 3296 2415 constituerent
3324 2379 3339 2428 ;
3372 2377 3500 2416 nam

1931 2461 1992 2500 ea
2029 2456 2152 2501 ante
2185 2447 2334 2516 ipsos
2368 2448 2576 2502 exstitit
2614 2459 2667 2503 et
2707 2464 2920 2518 semper
2960 2450 3156 2511 fuerat.
3181 2459 3344 2521 atque
3373 2462 3503 2508 ante

1933 2541 2119 2594 mundi
2161 2541 2610 2596 constitutionem
2650 2544 2790 2596 hanc
2838 2544 3012 2613 ipsam
3059 2544 3219 2599 nobis
3262 2544 3406 2600 Deus
3445 2547 3503 2602 in

1933 2637 2153 2692 Christo
2202 2638 2558 2707 praeparavit;
2594 2653 2770 2708 neque
2809 2639 2885 2693 illi
2928 2639 3051 2695 ﬁdei
3102 2657 3216 2697 suae
3255 2651 3503 2712 tempora

1932 2726 2334 2796 significabant,
2367 2743 2490 2782 cum
2515 2737 2638 2782 ante
2661 2728 2750 2782 illa
2784 2729 2970 2785 ﬁdeles
2991 2730 3190 2785 fuerint
3212 2775 3226 2797 ,
3262 2732 3354 2787 sed
3390 2750 3504 2788 suae

1933 2819 2364 2872 annuntiationis
2388 2828 2630 2888 tempora
2661 2819 2992 2888 indicabant.
3013 2821 3143 2886 Quae
3161 2825 3504 2880 annuntiatio

1933 2909 2112 2978 primo
2141 2925 2204 2964 ac
2243 2910 2512 2979 prmcipue
2545 2909 2843 2965 Salvatoris
2873 2901 3156 2984 spectabat
3185 2916 3502 2984 adventum;

1936 3003 2202 3067 secundo,
2231 3002 2574 3072 quaeJudzeis
2600 3005 2960 3076 gentibusque
2996 3007 3296 3062 obventura
3328 3019 3502 3064 erant.

1937 3092 2174 3161 Tempus
2213 3104 2390 3147 autem
2423 3093 2801 3156 indicabatur,
2843 3109 2951 3147 non
2988 3096 3214 3164 inceptae
3255 3096 3397 3161 ﬁdei,
3429 3099 3507 3152 uti

256 3144 532 3238 ἐσομένων
565 3170 642 3242 τῷ
693 3144 912 3243 ἰσραηλ
956 3173 1050 3224 καὶ
1084 3176 1196 3236 τοῖς
1235 3144 1432 3229 ἔθνεσι.
1465 3176 1574 3228 Καὶ
1612 3144 1752 3246 ἦσαν
1786 3177 1830 3228 οἱ

1951 3144 1968 3145 η
2787 3144 2801 3156 ,
2988 3144 3213 3164 ---πτη-

1941 3198 2104 3253 supra
2137 3183 2271 3248 dixi,
2305 3183 2398 3237 sed
2439 3184 2678 3252 ipsorum
2715 3185 3125 3254 prophetarum,
3159 3202 3270 3256 quo
3300 3189 3510 3244 scilicet

253 3262 443 3333 χρόνοι
478 3261 864 3332 σημαινόμενοι
897 3263 996 3315 οὐκ
1028 3263 1203 3333 ἀρχῆς
1235 3264 1491 3329 πίστεως,
1524 3265 1667 3318 καθὰ
1707 3283 1837 3337 προ-

256 3358 434 3418 εῖπον,
469 3355 584 3407 ἀλλ’
609 3355 789 3408 αὐτῶν
816 3354 924 3406 τῶν
951 3355 1264 3426 προφητῶν,
1300 3355 1419 3408 καθ’
1446 3356 1538 3420 οὓς
1564 3350 1707 3411 οὗτοι
1725 3359 1835 3429 (19)

255 3447 562 3516 γενόμενοι,
598 3446 819 3500 τοιαῦτα
847 3449 1240 3519 προεφήτευον.
1278 3440 1436 3502 Οὗτοι
1467 3450 1524 3503 δὲ
1546 3452 1595 3502 οἱ
1631 3450 1726 3503 νῦν
1759 3469 1839 3503 σο-

258 3539 392 3607 φοὶ,
441 3540 538 3609 οὐχ
591 3539 832 3610 ἱστορίας
871 3539 1264 3610 ἐξηγούμενοι,
1313 3542 1432 3594 οὐδὲ
1467 3542 1533 3595 τὰ
1580 3543 1839 3612 μέλλοντα

257 3631 639 3702 προλέγοντες,
675 3633 810 3686 ἀλλά
849 3633 1182 3704 γράψαντες,
1222 3655 1239 3685 ι
1283 3633 1534 3704 Ἐξετέθη
1575 3637 1607 3705 ἡ
1656 3635 1838 3699 πίστις

257 3727 295 3796 ἡ
341 3723 624 3795 καθολικὴ,
666 3745 685 3776 ι
722 3726 884 3789 εὐθὺς
920 3726 1264 3798 προσέθηκαν
1300 3728 1392 3780 καὶ
1427 3725 1521 3798 τὴν
1552 3727 1836 3791 ὑπατείαν,

257 3816 473 3872 καὶτὸν
499 3817 663 3888 μῆνα,
707 3817 801 3870 καὶ
829 3819 930 3889 τὴν
966 3818 1180 3889 ἡμέραν
1207 3835 1221 3849 °
1262 3819 1368 3881 ἵνα,
1400 3818 1587 3891 ῶσπερ
1617 3820 1665 3872 οί
1694 3821 1838 3888 ἅγιοι

257 3909 370 3961 τῶν
395 3908 644 3980 ἱστοριῶν
661 3910 752 3962 καὶ
791 3913 889 3980 τῆς
919 3910 1125 3963 ἑαυτῶν
1153 3909 1432 3972 διακονίας
1466 3911 1591 3973 τοὺς
1614 3911 1839 3982 χρόνους

256 4000 522 4071 ἔγραφον,
563 4000 732 4064 οὕτως
771 3995 916 4055 οὗτοι
954 4002 1052 4072 τῆς
1082 4003 1292 4056 ἑαυτῶν
1323 4004 1560 4067 πίστεως
1595 4005 1685 4056 τὸν
1721 4005 1840 4075 χρό-

256 4109 350 4143 νον
378 4092 680 4160 σημάνωσι.
718 4095 829 4146 Καὶ
885 4093 994 4146 εἴθε
1028 4096 1158 4162 περὶ
1207 4097 1306 4165 τῆς
1345 4095 1554 4148 ἑαυτῶν
1600 4095 1837 4166 ἔγραφον

255 4182 356 4234 νῦν
391 4181 498 4252 γὰρ
525 4181 727 4252 ἤρξατο
785 4183 919 4251 (‘20),
960 4184 1053 4236 καὶ
1090 4182 1162 4254 μὴ
1193 4183 1268 4246 ὡς
1307 4184 1434 4254 περὶ
1472 4183 1572 4253 τῆς
1621 4185 1837 4237 καθολι-

255 4275 364 4345 xi];
389 4276 724 4346 ἐπεχείρουν·
754 4276 814 4328 οὐ
849 4275 958 4347 γάρ
985 4275 1250 4346 Ιἔγραψαν,
1293 4275 1450 4328 Οὕτω
1484 4277 1833 4348 πιστεύομεν,

255 4366 376 4420 ἀλλ’
407 4367 488 4418 ὅτι
524 4384 542 4416 ι
566 4365 818 4438 Ἑξετὲθη
853 4368 887 4436 ἡ
918 4365 1180 4437 καθολικὴ
1215 4368 1414 4431 πίστις.
1441 4387 1457 4417 ι

1940 3275 2043 3344 ipsi
2072 3276 2184 3328 haec
2213 3274 2616 3345 prophetarent.
2649 3273 2713 3327 Hi
2741 3285 2920 3329 autem
2947 3277 3110 3345 hujus
3135 3278 3394 3347 temporis
3419 3293 3509 3336 sa-

1939 3367 2170 3435 pientes,
2203 3381 2308 3419 non
2343 3365 2396 3420 in
2441 3367 2680 3422 historiae
2722 3369 3054 3432 narratione,
3089 3385 3186 3423 nec
3212 3370 3263 3422 in
3291 3369 3507 3425 futuro-

1939 3473 2059 3512 rum
2085 3457 2462 3526 przedictione,
2507 3460 2601 3513 sed
2645 3473 2930 3529 postquam
2974 3461 3088 3515 haec
3125 3461 3505 3532 scripsissent,

1947 3569 1964 3601 ι
1997 3549 2150 3604 Edita
2173 3559 2254 3605 est
2275 3550 2406 3605 fides
2431 3551 2717 3616 catholica,
2742 3571 2760 3602 ι
2790 3568 2915 3605 mox
2941 3553 3196 3607 addidere
3224 3563 3277 3608 et
3305 3570 3506 3610 consu-

1939 3645 2108 3697 latum
2140 3652 2193 3697 et
2217 3659 2456 3698 mensem
2483 3653 2535 3696 et
2559 3644 2725 3709 diem,
2767 3653 2827 3697 ut
2851 3645 3308 3716 quemadmodum
3334 3649 3507 3704 sancti

1939 3735 2016 3788 illi
2076 3734 2427 3788 historiarum
2481 3736 2677 3802 suique
2700 3735 2986 3790 ministerii
3017 3745 3255 3804 tempora
3280 3738 3510 3807 scripse-

1940 3834 2095 3892 rant,
2141 3827 2218 3880 sic
2248 3826 2335 3880 isti
2367 3841 2482 3881 suae
2512 3826 2636 3881 ﬁdei
2666 3835 2879 3895 tempus
2911 3826 3300 3897 signiﬁcarent.
3330 3829 3510 3898 Atque

1939 3921 2144 3974 utinam
2167 3920 2232 3974 de
2268 3935 2366 3974 sua
2401 3929 2609 3974 tantum
2659 3919 2764 3974 ﬁde
2805 3919 3134 3983 scriberent,
3171 3936 3316 3975 nunc
3362 3922 3509 3975 enim

1938 4029 2064 4067 vere
2102 4014 2304 4082 incepit
2335 4013 2444 4074 illa,
2478 4028 2584 4066 nec
2605 4013 2762 4082 quasi
2796 4013 2863 4066 de
2901 4012 3164 4066 catholica
3193 4012 3340 4082 loqui
3387 4015 3510 4069 ausi

1939 4106 2190 4162 fuissent.
2239 4105 2354 4159 Non
2406 4104 2549 4160 enim
2604 4105 2905 4172 scripsere:
2935 4104 3008 4157 Ita
3058 4104 3352 4169 credimus,
3389 4105 3508 4172 sed,

1945 4219 1962 4250 ι
1996 4198 2150 4253 Edita
2190 4207 2272 4252 est
2302 4197 2566 4252 catholica
2603 4196 2758 4256 tiles.
2792 4217 2809 4248 ›

261 4456 280 4472 ’
332 4460 386 4514 4.
425 4460 498 4513 Τὸ
521 4460 618 4530 μὲν
645 4455 736 4512 οὖν
768 4459 1038 4531 τολμηρὸν
1071 4461 1170 4531 τῆς
1218 4460 1586 4534 προαιρέσεως
1623 4461 1830 4530 ἐλέγχει

2008 4467 2060 4520 4.
2114 4463 2382 4533 Propositi
2428 4463 2589 4534 igitur
2637 4463 2861 4517 audacia
2912 4478 3102 4517 eorum
3149 4465 3506 4534 ignorantiam

257 4552 360 4623 τὴν
390 4551 627 4622 ἀμαθίαν
659 4551 836 4604 αὐτῶν
867 4551 979 4622 (21)
1007 4569 1018 4580 ·
1045 4551 1107 4603 τὸ
1137 4551 1193 4603 δὲ
1220 4551 1404 4604 καινὸν
1439 4552 1711 4623 ὲπινόημα
1739 4554 1837 4625 τῆς

255 4645 482 4716 γραφῆς
518 4645 628 4697 ίσον
655 4645 772 4696 ἐστὶ
803 4645 903 4713 τῆς
927 4645 1211 4715 Ἀρειανῆς
1242 4644 1520 4709 αἱρέσεως.
1548 4645 1705 4698 Ούτω
1729 4645 1843 4718 γὰρ

257 4740 570 4812 γράψαντες
603 4737 827 4801 ἔδειξαν,
867 4737 996 4793 πότε
1041 4737 1138 4805 μὲν
1166 4735 1400 4808 ἧρξαντο
1428 4737 1711 4790 πιστεύειν
1742 4739 1843 4797 αύο

340 5050 452 5119 (14)
494 5049 693 5120 Regius
742 5057 806 5120 et_
853 5047 1088 5120 δοες-ειη
1125 5046 1442 5120 [ερμάνιος.
1495 5045 1734 5120 Felckm.
1781 5047 1834 5108 3,

257 5116 597 5193 Γερμήνιοςξ
621 5119 742 5193 hjox
775 5117 958 5193 Qttob.
986 5118 1020 5172 2
1044 5128 1102 5193 et
1127 5116 1372 5193 Ιῖεξὶειςιῐὶἱ
1395 5117 1448 5178 5,
1486 5116 1702 5193 πώποτε
1717 5134 1834 5193 ’πα-

265 5186 725 5262 ρὲΧριστιανῶν.
779 5189 956 5262 Socr.,
988 5187 1302 5262 note_jra£dt_
1329 5187 1687 5262 Χριστιανοῖς.
1716 5186 1837 5262 Mox

257 5256 795 5332 ἱιιίίιίέπροσέταξεν,
828 5259 984 5313 male.
1015 5257 1178 5312 Basil.
1215 5256 1454 5332 Felckm.
1489 5258 1542 5318 5,
1572 5257 1839 5332 προσέτα-

255 5336 383 5400 ξαν.
415 5328 615 5401 Regius
660 5343 714 5401 et
746 5329 957 5383 Socrat.
990 5329 1466 5401 quos_sequimur_,
1498 5328 1835 5401 προέταξανς

256 5344 383 5400 ζαν.
415 5344 615 5401 ﬂeglus
660 5344 714 5384 et
746 5344 957 5383 bocrat.
990 5344 1127 5451 (gnos
1167 5344 1466 5397 seqmmur,
1498 5344 1834 5398 προεταςανξ

256 5404 339 5458 ita
375 5403 573 5470 legitur
617 5399 772 5471 infra
810 5415 961 5471 num.
1045 5439 1058 5460 ,
1090 5397 1198 5470 γὰρ
1228 5397 1834 5471 πρόέταξαν-ύπατείαν.

256 5472 386 5528 Mox
421 5467 664 5524 Socratis
694 5470 961 5523 editiones
999 5467 1228 5539 veteres,
1255 5467 1350 5520 τοῦ
1394 5468 1594 5539 παντὸς
1621 5469 1834 5539 χρόνου.

337 5541 723 5612 (Ιὸλδοοιέιη
751 5539 978 5612 ἑαυτῶν.
1013 5538 1370 5612 Haec__confer
1414 5553 1538 5612 c_u_m
1585 5537 1670 5593 his
1718 5554 1838 5608 quae

253 5609 804 5692 ερςιιόηβοῑοιρθημῐη
846 5611 1097 5692 leguntur
1127 5609 1326 5692 lib-on},
1357 5625 1406 5663 c.
1435 5609 1520 5687 i7.

361 5680 450 5752 i6)
489 5679 564 5752 ita
593 5679 796 5752 Regius
823 5689 875 5734 et
903 5677 1120 5752 Socrat.
1157 5678 1296 5733 Editi
1333 5694 1482 5737 vero.
1509 5677 1798 5752 αμόιθειεριῗ

361 5695 428 5734 ⁴Ιῧ
490 5695 564 5733 lla
593 5695 796 5752 neglus
823 5695 875 5734 ει
906 5695 1120 5735 δοετει.
1157 5695 1296 5733 nam
1333 5695 1482 5737 vero.
1509 5695 1798 5748 αμαυειαν.

329 5695 450 5829 fui
489 5751 580 5808 Sic
608 5752 737 5806 edit.
757 5751 1019 5807 Commel.
1054 5748 1265 5808 Socrat.
1290 5759 1345 5805 et
1373 5764 1564 5804 omnes
1593 5765 1696 5804 ms.
1728 5749 1832 5825 Ed,

1917 4555 2137 4625 -prodit.
2172 4552 2318 4608 Nova
2352 4563 2530 4607 autem
2557 4553 2644 4605 illa
2668 4553 2939 4607 scribendi
2993 4555 3132 4608 ratio
3159 4555 3373 4610 Arianae
3404 4557 3512 4609 ha:-

1941 4649 2046 4701 resi
2083 4655 2444 4701 consentanea
2481 4654 2582 4698 est.
2631 4644 2915 4713 Ejusmodi
2958 4647 3102 4700 enim
3157 4647 3372 4716 scriptis
3397 4649 3510 4704 suis

1941 4739 2252 4796 indicarunt
2283 4738 2631 4808 quandonam
2669 4737 2769 4812 ipsi
2812 4738 3112 4813 inceperint
3138 4739 3360 4793 credere
3386 4757 3398 4792 :
3429 4749 3512 4793 at-

1939 5052 2068 5091 vero
2101 5035 2272 5090 Paris.
2300 5035 2501 5088 nullius
2536 5031 2740 5088 codicis
2770 5031 3395 5103 ειι‹·ιοτὶιαιε,Ἐζεκιήλ.
3423 5031 3512 5085 ln-

1941 5110 2021 5163 fra
2052 5107 2248 5176 Regius
2275 5115 2330 5160 et
2364 5109 2596 5169 Socrat.,
2627 5103 3058 5176 hewn-cepam.

2011 5170 2313 5248 (18)'Seg.,
2349 5176 2678 5248 ἐπαγγελίας
2702 5170 2843 5248 ἦσαν
2875 5173 2924 5224 ot
2950 5172 3150 5241 χρόνοι.
3170 5171 3233 5224 Ἡ
3266 5170 3322 5224 δὲ
3346 5173 3513 5241 ἐπαγ.

1939 5246 2111 5321 γελία
2127 5247 2552 5321 προηγουμένως
2577 5246 2706 5321 μέν.

2013 5322 2056 5390 (1
2070 5321 2125 5386 9)
2169 5317 2405 5390 Socrat.,
2437 5317 2606 5390 αύτοί.

2012 5381 2123 5461 (20)
2168 5390 2259 5444 Sic
2289 5381 2457 5461 editio
2494 5387 2756 5461 comma].
2789 5385 2942 5461 Reg;
2962 5383 3126 5439 Basil.
3158 5381 3415 5461 Ottobon.
3454 5381 3510 5461 ξ.

1941 5452 2082 5517 Edit.
2107 5452 2314 5521 'Paris.,
2344 5459 2462 5511 vovi.
2490 5458 2597 5530 γὰρ
2628 5452 2896 5530 ῆρξαντοῖ
2911 5455 3122 5510 Socrat.
3156 5463 3209 5508 et
3239 5452 3420 5508 Felck.
3452 5453 3510 5516 3.

1940 5534 2034 5589 νῦν
2057 5533 2442 5604 ratem-ism-

2011 5591 2255 5674 (21)·δῶ
2278 5591 2500 5674 Regius.
2512 5599 2692 5674 _Edit_i,
2713 5597 3000 5674 dpéﬁftav.
3022 5594 3265 5674 ξρρτηει
3278 5591 3436 5674 _Fel_c.
3455 5592 3512 5657 δ,

1939 5665 2038 5748 τὴν
2086 5665 2292 5748 άθεῒαν.
2343 5671 2478 5748 Ibid.
2512 5665 2820 5748 Eelckliian.
2854 5669 2908 5733 3,
2947 5665 3212 5748 τόδὲ-καὶ
3243 5665 3338 5748 νύν
3367 5666 3511 5748 ὲπιν.

1941 5733 2076 5804 ιὺῖό.
2113 5745 2349 5811 Socrat.,
2381 5745 2511 5797 ἴσον.
2541 5741 2657 5797 Mox
2688 5741 2924 5805 Socrat.,
2953 5737 3214 5810 ἐδίδαξαν,
3242 5735 3367 5792 πότε
3393 5733 3510 5806 μίν.
