3822 6226
319 294 421 358 687

922 289 978 342 S.
1027 280 1401 338 ATHANASII
1441 279 1588 336 OPP.
1627 277 1808 333 PARS
1848 276 1877 329 ι.
1927 305 1996 315 -
2035 273 2406 330 HISTOBICA
2440 271 2530 329 ΕΤ
2571 267 2994 326 DOGMATICA.

3451 263 3566 320 683

319 423 425 477 que
451 423 482 461 a
516 405 764 476 praesenti
806 414 1044 474 tempore
1070 414 1224 456 suam
1260 397 1418 452 ﬁdem
1446 393 1758 449 annuntiaii
1788 406 1882 445 vo-

1994 390 2062 438 :ot
2080 401 2094 414 ·
2121 383 2228 437 ἀπὸ
2247 384 2303 436 δέ
2321 383 2413 438 τοῦ
2439 382 2532 436 νῦν
2566 382 2842 453 βούλονται
2882 383 2982 452 τὴν
3013 381 3189 434 πίστιν
3218 377 3398 430 αὑτῶν
3429 393 3565 430 κατ-

321 501 456 554 lunt.
491 500 567 553 Ac
595 496 1049 568 quemadmodum
1081 493 1235 561 juxta
1267 488 1466 542 Lucam
1497 484 1882 554 evangelistam

325 611 345 644 ι
380 592 564 647 datum
612 600 693 643 est
724 589 960 642 edictum
981 585 1028 617 ³³
1061 605 1078 636 ι
1123 585 1189 639 de
1218 581 1614 650 descriptione,
1645 576 1887 644 illudque

319 686 558 741 edictum
603 697 712 736 non
751 680 904 749 prius
939 677 1239 742 exstiterat,
1270 675 1367 729 sed
1417 687 1448 726 a
1499 671 1690 725 diebus
1753 669 1884 732 illis,

321 796 348 833 a
398 778 674 846 Scriptore
720 774 927 828 scilicet
974 769 1247 831 indicatis,
1300 765 1515 822 initium
1576 763 1764 827 duxit;
1809 760 1887 815 sic

318 880 372 925 et
412 869 500 924 isti
539 869 624 921 his
656 865 853 926 verbis,
879 880 897 912 ι
925 861 1079 915 Nunc
1109 861 1240 914 fides
1272 857 1415 912 edita
1441 863 1543 920 est,
1570 875 1588 907 ι
1611 855 1787 924 palam
1817 852 1888 906 fe-

320 970 506 1017 CCI'UM
558 960 828 1013 hIEI'CSBOS
859 969 974 1010 sua}
1009 951 1333 1008 sententiam
1361 947 1717 1003 recentiorem
1741 959 1883 1006 esse,

319 1069 419 1109 nec
460 1061 612 1106 antea
662 1048 957 1103 exstitisse.
991 1042 1092 1098 Ubi
1146 1051 1323 1096 autem
1359 1039 1703 1100 addiderunt,
1731 1054 1750 1086 ι
1789 1049 1876 1089 σου

317 1145 592 1210 tholicae,»
613 1157 719 1196 non
737 1141 1086 1194 adverterunt
1108 1150 1166 1188 se
1182 1134 1235 1187 in
1253 1131 1681 1199 (lata-Phrygum
1701 1141 1887 1181 amen-

318 1238 446 1292 tiam
477 1249 596 1289 esse
629 1232 926 1299 collapsos,
961 1226 1096 1281 adeo
1123 1234 1182 1278 ut
1226 1223 1312 1279 isti
1348 1223 1569 1292 perinde
1611 1229 1773 1287 atque
1809 1216 1885 1270 illi

318 1331 534 1385 dicant:
567 1325 732 1379 Nobis
749 1322 924 1392 primo
943 1320 1238 1374 revelatum
1269 1325 1371 1380 est,
1400 1325 1453 1369 et
1481 1329 1510 1366 a
1542 1311 1698 1366 nobis
1724 1310 1884 1364 Chri-

319 1423 620 1478 stianorum
667 1418 800 1471 tides
840 1414 1045 1483 incipit.
1087 1411 1266 1480 Atque
1298 1417 1363 1462 .ut
1405 1407 1480 1460 illi
1535 1404 1884 1458 Maximillam

315 1521 372 1569 et
411 1512 762 1573 Montanum,
805 1507 884 1561 sic
917 1515 970 1558 et
1003 1505 1089 1558 isti
1128 1500 1512 1556 Constantium
1539 1497 1656 1568 vice
1685 1491 1886 1549 Christi

319 1603 598 1658 dominum
625 1599 998 1654 conscribunt.
1020 1593 1175 1660 Quod
1209 1593 1254 1646 si
1285 1607 1349 1644 ex
1378 1590 1594 1642 illorum
1617 1587 1883 1641 sententia

317 1709 345 1748 ο
379 1690 626 1762 praasenti
659 1688 946 1743 consulatu
995 1685 1128 1740 ﬁdes
1159 1684 1318 1737 habet
1353 1681 1590 1742 initium,
1625 1677 1754 1747 quid
1794 1691 1886 1730 ac-

1987 475 2360 546 αγγέλλεσθαι.
2437 477 2546 530 Καὶ
2595 474 2804 545 ὥσπερ,
2851 473 2992 526 κατὰ
3031 471 3122 522 τὸν
3165 467 3561 537 εὐαγγελιστὴν

1987 570 2219 634 Λουκᾶν,
2261 566 2461 638 «ἐτέθη
2494 567 2708 638 δόγμα»
2763 567 2893 636 περὶ
2936 563 3036 632 τῆς
3082 561 3428 628 ἀπογραφῆς,
3462 555 3562 610 καὶ

1985 659 2143 713 τοῦτο
2169 659 2230 712 τὸ
2261 660 2436 730 δόγμα
2477 661 2738 730 πρότερον
2790 659 2890 727 μὲν
2923 659 3024 709 οὐκ
3066 652 3156 727 ἧν,
3192 654 3299 706 ἀπὸ
3341 653 3398 704 δὲ
3451 650 3559 702 τῶν

1985 750 2206 823 ἡμερῶν
2239 751 2457 804 ἐκείνων
2483 751 2704 821 ἠρξατο,
2738 750 2794 801 ἐν
2825 743 2912 812 αἷς
2943 747 3036 800 καὶ
3069 745 3225 814 ἐτέθη
3259 740 3369 813 (22)
3406 739 3561 810 παρὰ

1985 842 2080 895 τοὺ
2103 843 2428 914 γράψαντος·
2453 842 2594 895 οὑτω
2621 842 2716 895 καὶ
2739 833 2884 893 οὑτοι
2911 837 3240 909 γράψαντες,
3266 855 3284 886 ι
3307 831 3559 900 Ἐξετέθη
3599 845 3604 848 '

1985 937 2080 989 νῦν
2113 938 2146 1006 ἡ
2180 938 2382 1001 πίστις,
2409 954 2427 987 ι
2463 933 2791 999 ἐδειξαν,ὃτι
2823 931 3084 1002 νεώτερόν
3115 930 3230 981 ἐστι
3262 925 3322 979 τὸ
3347 928 3446 995 τῆς
3472 925 3560 976 αἱ-

1988 1029 2191 1099 ρέσεως
2214 1029 2392 1081 αὑτῶν
2419 1028 2692 1098 φρόνημα,
2721 1027 2813 1078 καὶ
2851 1025 2952 1077 οὑκ
2986 1019 3053 1094 ἦν
3089 1021 3372 1093 πρότερον.
3411 1019 3472 1070 Et
3500 1016 3559 1069 δέ

1989 1119 2358 1191 προστιθέασι,
2383 1139 2401 1171 ι
2425 1123 2524 1190 τῆς
2539 1118 2848 1188 καθολικῆς,
2872 1136 2891 1169 ι
2913 1116 3097 1168 ἐλαθον
3113 1113 3338 1174 ἐαυτοὺς
3367 1109 3562 1162 πεσόν-

1985 1231 2076 1276 τες
2109 1215 2186 1276 είς
2219 1213 2318 1285 τὴν
2347 1212 2646 1284 παράνοιαν
2677 1211 2785 1280 (25)
2807 1211 2914 1263 τῶν
2945 1209 3053 1262 ἀπὸ
3099 1207 3339 1278 Φρυγίας
3361 1221 3374 1234 ο
3411 1203 3558 1256 ὥστε

1987 1307 2080 1359 καὶ
2143 1307 2338 1368 αὑτοὺς
2395 1308 2513 1359 κατ’
2570 1304 2810 1367 ἐκείνους
2861 1304 3069 1356 εἰπεῖν·
3115 1301 3274 1369 Ἡμῖν
3338 1296 3560 1367 πρῶτον

1987 1397 2368 1469 ἀπεκαλύφθη,
2408 1400 2502 1451 καὶ
2543 1399 2634 1467 ἀφ’
2668 1397 2824 1468 ἡμῶν
2862 1397 2896 1466 ἡ
2944 1394 3124 1455 πίστις
3170 1392 3398 1460 ἄρχεται
3446 1386 3557 1438 τῶν

1983 1489 2345 1560 Χριστιανῶν.
2381 1490 2490 1543 Καὶ
2517 1488 2704 1560 ὥσπερ
2729 1489 2923 1540 ἐκεῖνοι
2954 1482 3295 1552 Μαξιμίλλαν
3326 1477 3439 1549 (24)
3462 1478 3560 1530 καὶ

1985 1582 2281 1646 Μοντανὸν,
2314 1581 2487 1644 οὕτως
2513 1578 2655 1636 οὗτοι
2691 1582 2811 1634 ἀντὶ
2856 1577 2951 1630 τοῦ
2987 1574 3222 1648 Χριστοῦ
3260 1571 3560 1626 Κωνστάν-

1986 1690 2095 1726 τιον
2122 1673 2388 1743 δεσπότην
2418 1673 2829 1743 ἐπιγράφονται.
2863 1671 2926 1722 El
2969 1669 3025 1720 δέ
3063 1667 3182 1722 κατ’
3216 1664 3416 1726 αὑτοὺς
3445 1660 3561 1715 ἀπὸ

315 1753 424 1838 turi
450 1782 639 1836 Patres
671 1791 798 1835 sunt
828 1789 882 1834 et
919 1779 1060 1834 beati
1113 1772 1421 1846 martyres?
1479 1772 1587 1824 imo
1625 1769 1753 1838 quid
1809 1767 1882 1821 illi

1994 1765 2080 1835 ι’ἦς
2117 1759 2210 1818 νῦν
2250 1764 2509 1826 ὑπατείας
2564 1763 2735 1834 ἀρχὴν
2775 1763 2808 1834 ὴ
2851 1761 3033 1822 πίστις
3084 1759 3230 1829 ἔχει,
3285 1755 3338 1808 τί
3397 1753 3562 1824 ποιή-

320 1877 419 1946 ipsi
450 1875 645 1929 facient
668 1888 794 1943 erga
822 1887 916 1928 eos
941 1873 1056 1942 qui,
1079 1886 1109 1924 a
1131 1886 1188 1924 se
1211 1870 1264 1922 in
1295 1865 1602 1922 Christiana
1625 1863 1885 1932 religione

316 1966 584 2029 instituti,
641 1974 768 2019 ante
825 1964 972 2019 hunc
1037 1961 1381 2017 consulatum
1437 1953 1886 2012 obdormierunt‘?

319 2060 604 2127 Quomodo
626 2059 748 2112 illos
777 2057 1114 2119 excitabunt,
1148 2061 1210 2108 ut
1233 2051 1378 2122 quod
1410 2051 1530 2104 illos
1561 2049 1793 2103 docuere
1829 2045 1884 2099 in

314 2153 422 2207 illis
460 2150 692 2214 deleant,
718 2160 771 2204 et
813 2149 1028 2202 inventa
1057 2163 1152 2202 sua
1187 2161 1309 2215 quae
1333 2145 1444 2212 jam
1482 2142 1746 2211 scripsere
1779 2139 1885 2194 illis

315 2241 596 2297 inserant?
625 2241 700 2294 Ita
737 2255 928 2308 nempe
976 2237 1210 2307 imperiti
1240 2245 1387 2303 sunt,
1414 2250 1632 2304 unaque
1659 2241 1743 2288 est
1765 2233 1885 2285 illo-

315 2350 436 2388 rum
464 2334 730 2397 scientia,
775 2346 971 2387 causas
1001 2331 1332 2399 conﬁngere,
1364 2342 1567 2397 easque
1595 2324 1880 2389 absurdas,

315 2424 681 2491 incredibiles,
702 2434 755 2478 et
780 2439 900 2493 qure
934 2423 1081 2477 nullo
1105 2422 1323 2494 negotio
1347 2419 1671 2474 refutentur.

385 2673 437 2728 ὕ.
466 2671 744 2743 Siquidem
775 2669 992 2724 Nicaena
1037 2666 1279 2738 synodus
1308 2680 1415 2719 non
1441 2673 1665 2728 temere,
1693 2661 1787 2717 sed
1817 2675 1885 2715 ex

317 2775 545 2837 urgente
569 2763 891 2819 necessitate
913 2770 967 2815 et
987 2776 1051 2814 ex
1079 2761 1318 2830 legitima
1344 2773 1529 2821 causa,
1555 2763 1742 2810 coacta
1765 2763 1881 2818 est;

315 2875 442 2914 nam
489 2856 678 2927 Syriae,
712 2854 916 2910 Cilicia:
959 2864 1012 2907 et
1051 2849 1453 2921 Mesopotamia
1488 2845 1694 2916 populi,
1740 2843 1884 2899 circa

314 2956 438 3012 {esti
457 2955 872 3011 celebrationem
891 2951 1284 3014 claudicantes,
1304 2964 1426 3003 cum
1450 2945 1652 3000 Judaeis
1678 2943 1886 2998 Pascha

315 3047 680 3103 celebrabant.
701 3044 903 3098 Ariana
936 3058 1150 3112 quoque
1173 3040 1395 3095 haeresis
1418 3039 1680 3092 adversus
1705 3034 1889 3090 catho-

1989 1875 2170 1910 σούσιν
2199 1858 2247 1909 οἱ
2295 1857 2536 1928 Πατὲρες
2570 1856 2678 1926 (25)
2707 1858 2798 1909 καὶ
2839 1855 2888 1907 οἱ
2933 1853 3190 1924 μακάριοι
3242 1850 3518 1920 μάρτυρες
3539 1862 3558 1910 ὅ

1985 1949 2116 2001 τίδὲ
2149 1949 2242 2001 καὶ
2268 1949 2422 2000 αὑτοὶ
2467 1949 2750 2018 ποιήσουσι
2777 1947 2904 2009 τοὺς
2928 1946 3056 2016 παρ’
3093 1941 3270 1996 αὑτῶν
3305 1957 3559 2009 κατηχη-

1987 2038 2196 2102 θέντας,
2230 2038 2322 2091 καὶ
2364 2037 2469 2108 πρὸ
2495 2039 2594 2106 τῆς
2626 2037 2888 2100 ὑπατείας
2913 2035 3114 2104 ταύτης
3149 2031 3515 2102 κοιμηθέντας
3541 2046 3558 2093 3

1987 2129 2107 2192 Πῶς
2133 2130 2327 2193 αὑτοὺς
2355 2130 2658 2201 ἐγείρουσιν
2691 2128 2821 2198 (26),
2865 2129 2950 2181 ἵνα
2992 2127 3028 2180 ἃ
3065 2127 3161 2197 μὲν
3199 2125 3383 2190 ἔδοξαν
3415 2121 3562 2174 δεδι-

1985 2220 2202 2290 δαχέναι
2241 2219 2483 2284 τούτους,
2532 2219 2922 2289 ἀπαλείψωσιν,
2965 2218 3000 2272 ἃ
3033 2217 3090 2270 δέ
3129 2216 3224 2269 νὺν
3272 2215 3346 2277 ὡς
3389 2217 3560 2280 ἐφευ-

1989 2313 2169 2384 ρόντες
2198 2311 2464 2383 ἔγραψαν,
2508 2313 2898 2383 ἐπισπείρωσιν
2932 2311 3152 2373 αὑτοῖς;
3189 2307 3374 2369 Οὕτως
3419 2305 3560 2358 είσὶν

1981 2401 2216 2473 ἀμαθεῖς
2242 2442 2257 2467 ,
2321 2403 2480 2473 μόνον
2537 2403 2738 2466 εἰδότες
2789 2403 3040 2457 πλάττειν
3087 2399 3408 2473 προφάσεις,
3465 2397 3562 2452 καὶ

1982 2494 2186 2558 ταύτας
2211 2495 2477 2566 ἀπρεπεῖς
2510 2494 2604 2548 καὶ
2632 2494 2945 2560 ἀπιθάνους,
2982 2494 3208 2565 ἐχούσας
3253 2494 3420 2560 ἐγγὺς
3465 2491 3563 2545 τὸν

1983 2584 2221 2654 ἔλεγχον.

2054 2675 2107 2730 5.
2160 2676 2226 2728 Ἦ
2249 2676 2346 2746 μὲν
2375 2675 2482 2746 γὰρ
2504 2677 2562 2728 ἐν
2592 2676 2795 2747 Νικαίᾳ
2829 2674 3062 2738 σύνοδος,
3108 2675 3208 2743 οὑχ
3242 2672 3427 2736 ἁπλῶς
3461 2672 3560 2740 γέ-

1985 2783 2160 2836 γονεν,
2193 2767 2308 2821 ἀλλ’
2334 2762 2448 2838 εἶχε
2479 2767 2578 2839 τὴν
2607 2767 2793 2840 χρείαν
2824 2766 3260 2834 κατεπείγουσαν
3298 2764 3432 2834 (27),
3462 2764 3562 2817 καὶ

1984 2861 2082 2931 τὴν
2105 2860 2286 2914 αἰτίαν
2313 2859 2553 2928 εὔλογον.
2589 2863 2652 2913 Οἱ
2682 2861 2780 2931 μὲν
2809 2860 2915 2930 γὰρ
2945 2859 3052 2912 ἀπὸ
3078 2860 3176 2930 τῆς
3202 2859 3423 2930 Συρίας,
3462 2859 3563 2911 καὶ

1987 2948 2264 3015 Κιλικίας,
2295 2949 2389 3002 καὶ
2416 2949 2837 3019 Μεσοποταμίας
2861 2948 3122 3019 ἐχώλευον
3150 2949 3277 3020 περὶ
3307 2949 3406 3018 τὴν
3432 2949 3561 3018 ἐορ-

1985 3037 2104 3116 τὴν,
2141 3039 2234 3092 καὶ
2269 3038 2407 3108 μετὰ
2427 3038 2534 3092 τῶν
2575 3039 2841 3092 Ἰουδαίων
2864 3040 3079 3093 ἐποίουν
3106 3041 3166 3093 τὸ
3188 3041 3381 3110 Πάσχα
3406 3039 3520 3110 (9.8)
3543 3055 3559 3069 °

315 3141 477 3194 licam
503 3137 798 3192 Ecclesiam
832 3109 1221 3195 insui-reserat,
1256 3140 1617 3201 patronosque
1651 3125 1885 3181 habebat

1994 3112 2019 3198 ἧ
2068 3145 2128 3182 τε
2191 3129 2441 3200 Ἀρειανὴ
2488 3131 2700 3202 αἵρεσις
2747 3132 3094 3184 ἐπαναστᾶσα
3149 3127 3217 3200 ἦν
3268 3109 3422 3184 κατὰ
3456 3133 3562 3201 τῆς

315 3232 411 3301 qui
442 3231 524 3284 sui
545 3227 961 3284 sollicitudinem
984 3235 1252 3296 gererent,
1275 3233 1327 3277 et
1359 3223 1462 3292 piis
1495 3220 1888 3274 insidiarentur

316 3319 654 3383 hominibus,
687 3315 1046 3370 Eusebianos.
1075 3314 1206 3379 Quae
1225 3328 1391 3368 causa
1412 3311 1515 3365 fuit
1539 3309 1888 3366 meumenicae

318 3409 708 3479 congreganda:
732 3407 958 3478 synodi,
988 3415 1047 3460 ut
1075 3406 1276 3474 ubique
1301 3419 1410 3458 una
1440 3402 1561 3456 festi
1596 3400 1887 3471 575<lies

317 3500 704 3563 celebraretur,
731 3508 784 3552 et
809 3497 1048 3557 haeresis,
1073 3511 1194 3565 qua:
1211 3495 1520 3565 pullularat,
1545 3493 1888 3547 anathemate

281 3616 287 3624 -
319 3593 668 3646 damnaretur
697 3609 710 3644 :
748 3590 892 3659 quod
921 3599 975 3643 et
1002 3587 1202 3642 factum
1222 3597 1323 3642 est.
1349 3586 1470 3657 Syri
1497 3586 1642 3640 enim
1674 3584 1884 3640 obtem-

319 3690 579 3753 perarunt
608 3701 621 3736 :
658 3682 856 3735 Ariana
889 3695 1016 3736 vero
1051 3679 1270 3734 haeresis
1303 3679 1624 3733 Antichristi
1660 3676 1888 3746 prodro—

321 3791 445 3830 mus
477 3775 748 3830 declarata
774 3781 877 3835 est,
913 3787 1085 3842 eaque
1112 3771 1368 3837 refutata,
1396 3779 1600 3825 rectam
1626 3769 1749 3822 ﬁdei
1786 3783 1886 3820 cx-

323 3867 644 3936 positionem
699 3863 1004 3919 ediderunt.
1035 3862 1288 3917 Attamen
1331 3876 1455 3916 cum
1517 3867 1595 3914 tot
1642 3857 1888 3926 tantique

323 3965 504 4012 essent
522 3956 614 4026 qui
642 3956 959 4019 scriberent,
979 3955 1247 4024 ejusmodi
1277 3954 1411 4008 nihil
1435 3952 1553 4006 ausi
1577 3959 1725 4015 sunt,
1752 3965 1890 4020 qua-

324 4049 374 4102 le
407 4056 513 4102 tres
554 4055 648 4100 aut
679 4055 913 4115 quatuor
953 4045 1040 4100 isti
1076 4046 1345 4099 homines.
1368 4042 1488 4097 Non
1519 4043 1663 4097 enim
1693 4057 1890 4096 consu-

325 4142 491 4194 latum
538 4139 622 4193 vel
677 4154 916 4192 mensem
961 4138 1041 4191 vel
1087 4139 1228 4191 diem
1273 4151 1611 4207 praeposuere
1640 4176 1655 4200 ,
1691 4134 1782 4190 sed
1823 4139 1890 4188 de

324 4229 589 4284 Paschate
617 4229 837 4298 quidem
870 4229 942 4281 ita
970 4228 1238 4296 scripsere
1265 4247 1276 4281 :
1306 4246 1324 4279 ι
1356 4227 1578 4282 Decreta
1609 4235 1738 4280 sunt
1767 4241 1890 4295 quae

326 4333 648 4391 sequuntur,
683 4340 702 4372 ι
737 4330 868 4374 tunc
889 4321 1033 4374 enim
1056 4318 1333 4373 decretum
1365 4327 1448 4373 est
1470 4327 1528 4371 ut
1559 4332 1749 4371 omnes
1777 4331 1892 4369 mo-

1987 3218 2280 3290 καθολικῆς
2325 3221 2668 3293 Ἐκκλησίας,
2715 3224 2808 3277 καὶ
2848 3223 3159 3295 προστάτας
3195 3220 3339 3294 εἶχεν
3374 3224 3456 3287 εἷς
3495 3243 3562 3278 τε

1987 3312 2085 3382 τὴν
2118 3313 2258 3384 ὑπὲρ
2289 3315 2486 3386 ἐαυτῆς
2516 3315 2625 3382 (29)
2661 3316 2896 3386 σπουδὴν
2924 3316 3018 3368 καὶ
3044 3318 3123 3378 είς
3154 3315 3250 3385 τὴν
3283 3317 3427 3378 κατὰ
3449 3315 3563 3369 τῶν

1988 3405 2358 3459 εὐσεϐούντων
2409 3407 2700 3478 ἐπιϐουλὴν
2753 3408 2878 3470 τοὺς
2945 3408 3073 3476 περὶ
3117 3407 3412 3460 Εὑσέὁιον’
3466 3409 3566 3460 καὶ

1987 3494 2124 3568 αὕτη
2143 3496 2288 3549 αίτία
2307 3496 2526 3564 γέγονεν
2552 3497 2699 3550 οίκου
2709 3497 2930 3568 μενικὴν
2963 3497 3294 3567 συναχθῆναι
3318 3497 3561 3559 σύνοδον,

1988 3588 2077 3641 ἵνα
2107 3588 2380 3658 πανταχοῦ
2413 3589 2509 3658 μία
2541 3592 2639 3659 τῆς
2669 3591 2859 3660 ἑορτῆς
2888 3591 3070 3660 ἡμέρα
3095 3590 3407 3660 ἐπιτελῆται
3425 3590 3560 3659 (50),

1988 3679 2083 3732 καὶ
2131 3679 2163 3748 ἡ
2208 3682 2558 3749 παραφυείσα
2607 3681 2815 3752 αἵρεσις
2877 3681 3279 3752 ἀναθεματισθῇ
3310 3698 3324 3712 ·
3367 3682 3563 3750 γέγονε

1989 3770 2152 3838 γοῦν*
2182 3771 2278 3822 καὶ
2307 3771 2356 3823 οἱ
2393 3771 2490 3841 μὲν
2532 3772 2639 3824 ἀπὸ
2670 3772 2766 3840 τῆς
2799 3774 2997 3844 Συρίας
3041 3773 3373 3843 ἐπείσθησαν
3395 3791 3408 3804 ⁸
3460 3773 3563 3844 τὴν

1988 3862 2045 3914 δέ
2091 3863 2372 3934 ’Δρειανὴν
2393 3863 2604 3934 αἵρεσιν
2625 3865 2972 3936 ἀπεφήναντο
2998 3865 3302 3936 πρόδρομον
3326 3865 3423 3918 τοῦ
3448 3867 3562 3936 (51)

2003 3956 2395 4026 Ἀντιχρίστου,
2423 3958 2517 4009 καὶ
2543 3961 2665 4010 κατ’
2702 3959 2870 4028 αὑτῆς
2892 3959 3201 4030 γράψαντες
3228 3957 3564 4014 ἐκδεδὼκασι

1991 4045 2188 4110 καλῶς.
2236 4048 2346 4101 Καὶ
2395 4047 2543 4118 ὅμως
2590 4049 2901 4132 γράψαντες
2940 4053 3032 4104 καὶ
3075 4051 3321 4104 τοσοῦτοι
3368 4052 3522 4116 ὄντες
3543 4092 3560 4112 ,

1988 4134 2140 4188 οὑδέν
2169 4137 2406 4189 τοιοῦτον
2444 4137 2856 4208 τετολμήκασιν,
2883 4135 2994 4193 οἷον
3031 4142 3079 4193 οἱ
3107 4143 3253 4211 τρεῖς
3287 4141 3322 4211 ἢ
3369 4141 3564 4194 τέσσα-

1993 4244 2085 4298 ρες
2107 4220 2272 4280 οὗτοι.
2305 4229 2380 4281 Οὑ
2432 4228 2542 4300 γὰρ
2573 4229 2878 4301 προέταξαν
2925 4232 3186 4285 ὑπατείαν
3210 4271 3225 4295 ,
3261 4234 3357 4286 καὶ
3391 4232 3564 4301 μῆνα,

1991 4319 2082 4371 καὶ
2114 4318 2326 4390 ἡμέραν
2347 4336 2359 4349 ·
2395 4320 2530 4375 ἀλλὰ
2596 4323 2725 4392 περὶ
2782 4323 2880 4392 μὲν
2912 4323 3004 4375 τοῦ
3033 4323 3220 4392 Πάσχα
3247 4341 3259 4353 ·
3325 4342 3344 4372 ι
3377 4325 3565 4388 Ἔδοξε

327 4429 438 4468 rem
466 4420 714 4484 gererent
733 4429 748 4478 ;
767 4412 833 4466 de
860 4411 962 4464 tide
990 4424 1119 4464 vero
1164 4424 1506 4480 nequaquam
1541 4410 1758 4473 dixere,
1788 4407 1886 4463 De-

1994 4406 2061 4501 τὰ
2103 4409 2548 4501 ὑποτεταγμένα’
2576 4429 2596 4461 τ»
2651 4412 2770 4462 τότε
2820 4411 2928 4481 γάρ
2972 4409 3115 4475 ἔδοξε
3169 4412 3378 4475 πάντας
3440 4412 3563 4464 πεί-

324 4513 534 4559 cretum
567 4513 670 4571 est,
715 4505 810 4558 sed
839 4522 853 4557 :
897 4522 916 4554 ι
954 4501 1044 4556 Sic
1065 4503 1236 4557 credit
1265 4503 1530 4556 catholica
1562 4501 1827 4564 Ecclesia,
1855 4520 1874 4552 ι

325 4598 617 4667 statimque
645 4595 883 4652 confessi
927 4604 1055 4651 sunt
1083 4595 1344 4665 quidnam
1378 4594 1682 4655 crederent,
1716 4603 1773 4646 ut
1800 4593 1894 4647 de-

324 4689 595 4744 clararent
617 4701 722 4739 non
742 4686 1095 4740 recentiorem
1116 4687 1206 4739 sed
1223 4683 1574 4752 apostolicam
1593 4698 1712 4737 esse
1734 4697 1890 4736 suam

327 4779 670 4836 sententiam.
701 4777 940 4846 Quaeque
992 4775 1066 4829 illi
1114 4775 1316 4843 scripto
1348 4775 1617 4828 tradidere
1665 4788 1774 4827 non
1824 4773 1894 4827 ab

328 4870 434 4923 illis
471 4868 709 4931 inventa,
746 4867 838 4921 sed
873 4881 934 4920 ea
965 4866 1079 4936 ipsa
1121 4874 1390 4936 suntquae
1415 4863 1720 4918 docuerunt
1756 4881 1890 4934 apo-

329 4959 480 5015 stoli:

398 5053 445 5086 θ’
475 5051 610 5107 Luc.
635 5067 698 5116 ιι,
730 5052 778 5104 l.

399 5143 510 5214 (Ἦ)
553 5141 790 5209 Socrat.,
822 5143 1022 5215 ἤρξατο
1045 5138 1204 5207 εἶναι,
1242 5144 1335 5196 καὶ
1364 5143 1540 5212 ἐτέθη.

401 5216 515 5284 (9.3)
555 5215 792 5277 Socrat.,
819 5215 1179 5284 παρανομίαν.

401 5219 492 5282 (25
555 5219 792 5277 Socrat.,
819 5229 1028 5284 παρανο
1077 5219 1179 5266 ίαν.

400 5219 515 5354 (24;
554 5284 788 5354 Socrat.,
819 5232 1198 5354 Μαξίμιςλανε

401 5351 514 5436 (25)
555 5353 645 5406 Sic
688 5368 880 5436 omnes
924 5351 1055 5436 mss.
1086 5352 1397 5436 et.Socrat.
1431 5351 1572 5406 Editi
1603 5367 1730 5407 vero
1762 5370 1895 5436 πρε-

331 5421 600 5494 σϐύτεροι,
634 5438 759 5477 cum
797 5423 1039 5495 viderent
1091 5423 1233 5495 enim
1284 5422 1709 5495 εᾴἱιυιρε,πρες
1759 5421 1895 5478 scri-

331 5501 480 5564 ptum
500 5490 554 5545 in
581 5507 737 5564 mss.,
763 5490 1123 5564 πρεσὸὑτεροι
1165 5494 1449 5563 legendum
1483 5490 1890 5560 existimarunt,

331 5562 486 5632 quod
508 5563 709 5632 erroris
737 5577 919 5632 genus
938 5562 1078 5632 saepe
1103 5562 1608 5632 animadvertimus.

403 5630 514 5703 (‘j7-6)
554 5628 776 5703 Regius,
809 5628 1111 5703 ἐγείρωσιν.
1139 5633 1316 5703 _Paulo
1343 5643 1463 5701 post
1491 5631 1622 5703 Reg.
1651 5634 1831 5692 Ottob.
1859 5635 1894 5691 2

328 5707 385 5755 et
411 5700 652 5767 δοῦναι,
673 5701 748 5765 ὡς
773 5700 1111 5772 ἐφευρόντες.
1139 5700 1195 5756 In
1221 5700 1380 5758 editis
1409 5703 1482 5766 ὼς
1509 5700 1680 5762 deest.

1999 4497 2185 4551 θεσθαι
2211 4515 2224 4528 σ
2283 4501 2409 4570 πρ).
2453 4501 2510 4553 δὲ
2556 4502 2656 4572 τῆς
2698 4503 2931 4565 πίστεως
2982 4502 3223 4573 ἔγραψαν
3269 4505 3370 4556 οὑκ
3412 4505 3567 4557 Ἔδο-

1999 4590 2122 4654 ξεν,
2165 4590 2312 4656 ἀλλ’,
2361 4611 2382 4642 r
2439 4592 2626 4657 Οὕτως
2678 4595 2918 4646 πιστεύει
2959 4597 2992 4664 ἡ
3031 4594 3290 4666 καθολικὴ
3339 4599 3569 4667 Ἐκκλη-

1999 4682 2088 4733 σία
2113 4697 2128 4711 ’
2164 4701 2181 4732 ι
2215 4682 2306 4735 καὶ
2344 4683 2503 4748 εὐθὺς
2524 4685 2901 4756 ὡμολόγησαν,
2928 4687 3041 4750 πῶς
3068 4688 3413 4742 πιστεύουσιν
3433 4729 3447 4750 ,
3476 4692 3567 4744 ἶνα

1995 4771 2258 4834 δείξωσιν,
2303 4773 2384 4824 ὅτι
2415 4775 2486 4844 μὴ
2509 4773 2805 4845 νεώτερον,
2847 4775 2962 4828 ἀλλ’
3023 4777 3377 4830 ἀποστολικόν
3417 4783 3568 4831 ἐστιν

1997 4861 2175 4913 αὐτῶν
2207 4861 2267 4913 τὸ
2299 4863 2550 4934 φρόνημα
2574 4904 2590 4930 ,
2631 4865 2724 4916 καὶ
2771 4864 2808 4918 ἃ
2843 4864 3105 4935 ἔγραψαν,
3152 4868 3252 4918 οὑκ
3298 4868 3356 4933 ἐξ
3387 4869 3569 4921 αὑτῶν

1957 4990 1970 4998 .
1997 4951 2214 5022 εὑρέθη,
2238 4951 2370 5005 ἀλλὰ
2385 4953 2534 5007 ταῦτ’
2555 4956 2722 5021 ἐστὶν,
2752 4955 2894 5026 ἅπερ
2921 4955 3164 5020 ἐδίδαξαν
3194 4959 3562 5012 οἱάπόστολοι.
3653 5004 3657 5008 .

2224 5153 2459 5234 Eclclim.
2483 5157 2976 5234 Saneeura'zyoucgv

2223 5223 2314 5302 _Sic
2352 5225 2485 5302 ﬂeg.
2517 5222 2867 5302 0_tt‘ohon.'_‘_2,
2895 5229 3059 5302 _Bas_il.
3092 5239 3145 5302 et
3175 5229 3489 5302 Felckman.
3513 5231 3569 5285 5.

1998 5289 2173 5372 Editi,
2219 5289 2750 5372 triorgﬁvto‘lldqxa.
2798 5289 2933 5372 ibid.
2980 5297 3234 5354 Ottobon.
3269 5302 3294 5354 1
3337 5311 3392 5369 et
3419 5301 3476 5366 2,
3518 5314 3572 5355 et

1997 5359 2374 5439 Felglintziitﬁ
2407 5382 2469 5439 τε
2515 5359 2723 5439 Ἀρείου
2758 5368 2991 5439 αἵρεσις.
3067 5438 3074 5439 7
3163 5438 3166 5439 ν
3337 5360 3351 5369 ’

2221 5433 2301 5514 με
2333 5432 2551 5514 llegius.
2579 5432 2724 5514 'Editi
2757 5432 2960 5514 et'al_i_i,
2984 5438 3127 5514 ὑπὲρ
3152 5438 3366 5514 ἐαυτοῦ.

2070 5500 2178 5574 (ΞΟ)
2212 5500 2441 5574 Regius,
2479 5506 2825 5560 ἐπιτελεῖται.
2877 5507 3001 5561 Mox
3055 5500 3314 5564 Ottobon.
3355 5513 3378 5564 1
3425 5519 3482 5564 et
3511 5510 3569 5574 ἓ,

1997 5577 2051 5622 ct
2077 5568 2325 5643 Eelclgm:
2353 5575 2408 5638 ὅ,
2436 5575 2753 5643 παραφὺσα.

2032 5591 2051 5621 ι
2087 5591 2320 5626 remum.
2353 5591 2408 5638 ο,
2436 5593 2509 5627 πα
2551 5593 2753 5643 αφυσα.

2027 5638 2178 5724 γ(ΖΜ)
2217 5639 2468 5724 O_ttob_on.
2504 5591 2617 5724 {et
2641 5647 2696 5724 f2,
2731 5644 3226 5724 et_Felt~kman._3,
3267 5649 3577 5724 προδρομον

1999 5711 2134 5762 εἶναι
2182 5711 2296 5765 τοῦ.
2345 5714 2462 5766 Mox
2516 5711 2750 5770 Felckm.
2787 5716 2841 5771 5.
2871 5719 3013 5768 ’κατ’
3050 5716 3221 5786 αὑτῆς
3263 5711 3578 5790 γράψαντες
