3822 6226
255 353 359 412 689

1662 355 1752 410 DE
1795 353 2105 410 SYNODIS.

3388 362 3493 418 690

323 475 378 528 6.
414 473 480 526 Αἱ
508 472 565 525 δὲ
588 471 680 525 νῦν
704 472 1014 543 κινούμεναι
1047 475 1173 544 παρ’
1201 472 1379 528 αὑτῶν
1410 472 1613 528 σύνοδοι
1665 475 1808 526 ποίαι

1997 473 2053 528 6.
2083 473 2258 540 Quam
2297 489 2425 528 vero
2455 475 2751 546 legitimam
2793 492 3013 531 causam
3056 475 3258 530 habent
3297 480 3491 549 synodi

255 565 465 635 ἔχουσιν
521 563 737 632 εὔλογον
771 565 982 630 αίτίαν;
1040 567 1102 618 Et
1139 565 1236 636 μὲν
1268 565 1378 634 γὰρ
1409 564 1694 636 καινοτέρα
1736 581 1820 629 τις

252 656 383 727 ἄλλη
417 655 635 724 γέγονεν
657 655 864 726 αἵρεσις
889 655 1024 726 μετὰ
1051 657 1147 726 τὴν
1183 655 1480 728 Ἀρειανὴν,
1513 658 1820 710 εἰπάτωσαν

249 749 317 802 τὰ
351 749 452 818 τῆς
481 745 723 809 ἐπινοίας
756 747 924 816 αὐτῆς
957 749 1174 818 ῥήματα
1192 788 1206 812 ,
1252 749 1343 800 καὶ
1370 749 1514 812 τίνες
1541 750 1590 800 oi
1618 747 1820 817 ταύτην

249 839 570 910 ἐφευρόντες
617 839 762 892 είσί·
816 838 1116 908 γράφοντές
1169 855 1229 891 τε
1275 839 1819 911 ἀναθεματιζέτωσαν

244 931 347 992 τὰς
377 931 484 1001 πρὸ
502 932 600 1000 τῆς
627 929 843 982 συνόδου
873 931 1074 1000 ταύτης
1105 930 1364 999 αἱρέσεις,
1391 931 1448 981 ἐν
1480 925 1567 993 αἷς
1588 932 1703 983 ἐστι
1727 929 1820 982 καὶ

245 1027 280 1094 ἡ
329 1024 578 1096 Ἀρειανὴ
606 1061 621 1087 ,
659 1022 846 1092 ὥσπερ
877 1025 925 1075 οἱ
958 1025 1014 1074 ὲν
1048 1023 1249 1094 Νικαίᾳ
1283 1024 1643 1095 πεποιήκασιν
1665 1062 1680 1086 ,
1733 1024 1819 1076 ἵνα

243 1116 441 1180 δόξωσι
473 1117 566 1170 καὶ
598 1115 751 1169 αὐτοὶ
784 1116 894 1186 (52)
947 1115 1176 1186 πιθανήν
1206 1133 1328 1168 τινα
1360 1116 1629 1186 πρόφασιν
1676 1115 1819 1185 ἔχειν

241 1207 338 1262 τοῦ
386 1209 672 1279 καινότερα
715 1209 918 1276 λέγειν·
953 1210 999 1261 εί
1037 1208 1093 1260 δὲ
1140 1208 1300 1278 μηδὲν
1341 1209 1578 1262 τοιοῦτον
1607 1208 1817 1278 γέγονε,

244 1300 386 1370 μηδὲ
417 1300 670 1354 δύνανται
696 1301 900 1367 δεῖξαι,
937 1300 1088 1353 αὐτοὶ
1119 1299 1174 1352 δὲ
1207 1300 1403 1370 μᾶλλον
1424 1341 1439 1364 ,
1479 1302 1692 1372 ἔχοντες
1719 1303 1819 1372 τὴν

239 1391 499 1446 ἀσέϐειαν
545 1393 773 1464 Ἀρείου,
804 1392 974 1446 ταῦτα
1004 1393 1348 1462 φθέγγονται,
1381 1395 1475 1446 καὶ
1499 1393 1818 1465 καθημέραν

239 1484 588 1553 ἐλεγχόμενοι
615 1484 1034 1554 μεταὸάλλονται
1055 1503 1067 1516 ο
1092 1486 1176 1548 τίς
1197 1488 1228 1555 ὴ
1257 1485 1412 1556 χρεία
1431 1486 1538 1538 τῶν
1565 1487 1816 1552 συνόδων,

235 1577 519 1648 ἀρκούσης
562 1578 660 1647 τῆς
709 1580 765 1630 ὲν
827 1577 1028 1649 Νικαίᾳ
1075 1579 1370 1648 γενομένης
1410 1579 1545 1650 πρός
1602 1596 1662 1631 τε
1720 1578 1818 1641 τὴν

248 1665 538 1736 Ἀρειανὴν
567 1667 660 1718 καὶ
686 1666 782 1729 τὰς
809 1665 973 1729 ἄλλας
1006 1667 1244 1740 αἱρέσεις
1263 1709 1276 1732 ,
1308 1667 1373 1731 ἃς
1403 1669 1685 1738 κατέκρινε
1715 1669 1819 1722 πά-

237 1771 341 1820 σας
371 1757 485 1825 (55)
510 1757 596 1809 διὰ
627 1757 724 1826 τῆς
755 1760 1104 1828 ὑγιαινούσης
1134 1759 1402 1825 πίστεως;
1445 1761 1556 1813 Καὶ
1579 1759 1687 1831 γὰρ
1722 1760 1816 1814 καὶ

1921 562 1990 617 ab
2021 563 2126 618 illis
2174 563 2412 618 coactae?
2459 563 2517 617 Si
2561 580 2669 633 qua
2711 566 2856 618 enim
2902 565 3007 619 alia
3056 565 3322 620 recentior
3369 577 3494 636 post

1921 656 2177 710 Arianam
2223 665 2412 710 exorta
2450 665 2532 712 est
2570 657 2812 720 haeresis,
2842 656 2959 726 ejus
3001 657 3158 712 nobis
3183 669 3490 714 commenta

1919 748 2221 818 proferant,
2269 747 2561 818 dicantque
2613 748 2836 818 quinam
2887 748 3005 817 ejus
3047 749 3157 802 sint
3200 758 3486 804 auctores:

1921 838 2247 907 scriptisque
2287 839 2402 893 suis
2435 850 2560 892 ante
2590 839 2730 892 hanc
2769 839 3036 909 synodum
3066 848 3283 893 exortas
3319 840 3492 895 haere-

1920 945 2026 994 ses,
2061 930 2201 983 inter
2241 945 2381 999 quas
2431 938 2514 985 est
2558 929 2782 995 Ariana,
2823 931 3167 984 anathemate
3204 931 3487 995 damnent,

1919 1021 2378 1091 quemadmodum
2421 1038 2452 1077 a
2495 1021 2729 1077 Nicaenis
2758 1020 3011 1076 Patribus
3052 1021 3252 1076 factum
3291 1029 3398 1087 est,
3429 1029 3491 1076 ut

1918 1123 1971 1168 et
1996 1113 2098 1182 ipsi
2130 1113 2412 1168 videantur
2454 1114 2820 1169 verosimilem
2864 1129 3084 1169 causam
3117 1113 3318 1168 habere
3347 1129 3486 1167 nova

1917 1205 2154 1260 dicendi.
2182 1203 2336 1270 Quod
2361 1206 2407 1259 si
2431 1205 2566 1258 nihil
2590 1206 2788 1261 accidit
2809 1205 3104 1273 ejusmodi,
3134 1220 3316 1274 neque
3336 1205 3388 1259 id
3411 1204 3487 1258 illi

1918 1297 2152 1366 probare
2177 1299 2380 1362 valent,
2411 1297 2522 1352 imo
2564 1299 2746 1367 potius
2787 1299 2903 1352 haec
2925 1297 3178 1355 effutiunt
3203 1297 3344 1366 quod
3372 1296 3489 1350 Arii

1918 1389 2212 1457 impietatis
2265 1399 2561 1445 sectatores
2601 1390 2754 1456 sint,
2803 1390 2947 1444 unde
2994 1388 3215 1444 obvenit
3266 1388 3372 1442 illis
3429 1394 3492 1441 ut

1917 1478 2160 1546 quotidie
2193 1480 2456 1534 confutati
2488 1479 3085 1535 sententiamimutent?
3105 1477 3263 1545 Quis,
3281 1492 3490 1548 quaeso,

1919 1569 2250 1638 synodorum
2288 1586 2442 1635 usus,
2472 1586 2595 1625 cum
2625 1569 2840 1624 Niemna
2869 1569 3115 1635 sufﬁciat,
3149 1585 3271 1639 quae
3296 1577 3487 1623 contra

1917 1658 2172 1713 Arianam
2225 1668 2279 1714 et
2322 1661 2459 1716 alias
2506 1661 2739 1715 haereses
2795 1669 3005 1722 coacta,
3040 1675 3132 1714 eas
3164 1674 3364 1714 omnes
3395 1672 3489 1726 per

1919 1765 2109 1804 sanam
2140 1767 2294 1806 suam
2324 1751 2484 1805 [idem
2525 1751 2947 1806 condemnavit?
2969 1750 3180 1804 Etenim
3214 1750 3302 1804 ille
3327 1748 3486 1818 vulgo

231 1849 264 1900 ό
293 1819 657 1919 θρυλούμενος
682 1819 914 1914 ”Ᾰέτιος,
937 1854 964 1903 ὀ
987 1819 1297 1920 ἐπικληθεὶς
1323 1819 1533 1914 Ἄθως,
1556 1819 1666 1905 ούκ
1680 1851 1808 1906 ἰδίαν

1915 1841 2150 1911 jactatus
2183 1843 2394 1908 Aetius,
2430 1843 2756 1911 cognomine
2799 1842 3013 1906 atheus,
3054 1857 3160 1894 non
3191 1855 3258 1894 eo
3296 1838 3489 1894 ferocnt

233 1939 489 2010 ὲφευρὼν
531 1940 725 2010 μανίαν
759 1941 1103 2011 θρασύνεται,
1145 1941 1262 1994 ἀλλ’
1288 1943 1366 2005 εἰς
1401 1941 1498 2013 τὴν
1533 1943 1814 2014 Ἀρειανὴν

232 2031 576 2102 ἐτεροδοξίαν
603 2031 994 2102 χειμαζόμενος
1024 2035 1323 2104 ὲναυάγησε
1353 2033 1446 2087 καὶ¹
1481 2033 1641 2096 αὐτὸς
1677 2034 1812 2104 μετὰ

230 2123 346 2176 τῶν
386 2124 770 2193 ἀπατηθέντων
799 2127 926 2194 παρ’
956 2124 1142 2180 αὑτοῦ.
1176 2127 1368 2197 Μάτην
1396 2125 1525 2194 γοῦν
1559 2127 1812 2199 περιτρέο

233 2233 426 2284 χοντες
456 2215 876 2285 προφασίζονται
901 2215 990 2269 διὰ
1021 2216 1200 2270 πίστιν
1232 2217 1524 2286 ἠξιωκέναι
1561 2219 1812 2287 γενέσθαι

229 2306 334 2369 τὰς
359 2306 626 2369 συνόδους.
647 2308 798 2359 Ἔστι
826 2307 922 2376 μὲν
943 2307 1050 2378 γὰρ
1071 2308 1374 2380 ἱκανωτέρα
1400 2309 1612 2363 πάντων
1639 2311 1671 2381 ἡ
1693 2310 1811 2364 θεία

232 2396 427 2466 Γραφή
445 2413 457 2425 ·
485 2399 534 2449 εί
563 2397 618 2450 δὲ
657 2399 748 2450 καὶ
783 2397 996 2450 συνόδου
1023 2400 1180 2470 χρεία
1211 2417 1277 2452 πε
1289 2401 1341 2470 pi.
1365 2400 1575 2467 τούτου,
1605 2401 1718 2455 ἔστι
1742 2402 1810 2457 τὰ

229 2488 341 2540 τῶν
374 2487 652 2559 Πατέρων·
679 2491 772 2542 καὶ
792 2489 979 2541 τούτου
1002 2489 1110 2561 γὰρ
1133 2491 1232 2544 ούκ
1260 2491 1542 2563 ἠμέλησαν
1563 2496 1610 2547 οἱ
1635 2496 1691 2548 ὲν
1716 2495 1810 2547 Νι-

229 2581 368 2656 καίοι
403 2580 746 2648 συνεὶθόντες
767 2600 779 2612 ·
833 2582 968 2635 ἀλλὰ
1022 2584 1116 2637 καὶ
1146 2584 1390 2656 ἔγραψαν
1422 2585 1563 2639 οὕτω
1608 2587 1804 2654 καλῶς,

226 2678 375 2734 ὥστε
399 2681 523 2740 τοὺς
547 2677 780 2746 γνησίως
807 2676 1229 2746 ἐντυγχάνοντας
1252 2679 1364 2741 τοῖς
1383 2679 1604 2732 ἐκείνων
1629 2681 1808 2752 γράμ-

228 2788 374 2841 μασι
405 2771 663 2823 δύνασθαι
692 2771 820 2840 παρ’
857 2769 1036 2823 αὐτῶν
1072 2770 1582 2842 ὑπομιμνήσκεσθαι
1613 2773 1710 2844 τὴν
1749 2775 1806 2827 ὲν

223 2866 351 2926 ταῖς
404 2862 578 2924 θείαις
606 2863 848 2933 Γραφαίς
898 2862 1404 2934 καταγγελλομένην
1449 2865 1528 2928 είς
1572 2866 1805 2936 Χριστὸν

226 2955 538 3009 εὐσέϐειαν.

299 3049 353 3102 7.
392 3046 638 3112 Οὐκοῦν,
683 3047 868 3120 ἐπειδὴ
916 3047 1026 3118 (54)
1080 3047 1240 3119 μηδὲν
1271 3047 1486 3118 εὔλογόν
1521 3050 1634 3102 ἐστι
1674 3048 1803 3120 παρ’

1913 1935 2059 2004 quod
2083 1949 2274 1990 novam
2306 1934 2567 2004 repererit
2595 1935 2886 1999 insaniam,
2907 1935 2998 1988 sed
3024 1933 3076 1989 in
3104 1932 3360 1986 Arianam
3380 1931 3488 1984 hm-

1914 2025 2059 2079 resin
2090 2025 2248 2094 quasi
2279 2026 2532 2094 procellis
2563 2027 2798 2094 agitatus
2819 2067 2834 2091 ,
2867 2026 2982 2094 ipse
3012 2041 3136 2079 cum
3169 2018 3484 2077 subornatis

1912 2128 1942 2167 a
2000 2129 2059 2169 se.
2105 2114 2422 2170 hominibus
2458 2114 2802 2182 naufragium
2855 2113 3001 2166 fecit.
3051 2110 3277 2165 Frustra
3321 2109 3486 2177 igitur

1910 2204 2405 2259 circumcursantes
2449 2203 2752 2256 obtendunt
2783 2217 2841 2254 se
2871 2200 2994 2254 ﬁdei
3040 2213 3206 2252 causa
3243 2197 3484 2268 synodos

1908 2295 2236 2365 postulasse.
2269 2293 2366 2348 Est
2393 2293 2593 2362 quippe
2628 2290 2913 2361 Scriptura
2943 2306 3098 2344 sacra
3139 2303 3249 2358 prae
3272 2287 3482 2343 ereteris

1909 2388 2165 2440 omnibus
2193 2387 2348 2440 satis.
2379 2385 2533 2452 Quod
2569 2384 2616 2438 si
2653 2385 2754 2438 hac
2783 2385 2848 2438 de
2885 2398 3057 2437 causa
3103 2380 3312 2452 synodo
3343 2393 3482 2448 opus

1908 2478 1998 2540 sit,
2029 2485 2248 2531 exstant
2284 2475 2504 2529 Patrum
2533 2473 2706 2528 Acta:
2742 2488 2917 2542 neque
2967 2473 3111 2526 enim
3158 2470 3250 2540 qui
3291 2466 3484 2522 Nicaeae

1907 2583 2228 2630 convenere,
2268 2568 2410 2622 hanc
2445 2581 2561 2621 rem
2595 2565 2952 2636 neglexerunt
2976 2603 2990 2626 ,
3024 2562 3117 2618 sed
3160 2559 3269 2615 tam
3313 2560 3483 2629 probe

1907 2659 2262 2728 scripserunt,
2305 2669 2366 2712 ut
2396 2657 2491 2728 qui
2543 2657 2758 2712 sincero
2791 2657 2978 2710 animo
3029 2668 3218 2708 eorum
3277 2651 3482 2721 scripta

1905 2751 2175 2812 erclvant,
2203 2765 2269 2804 ex
2299 2749 2366 2803 iis
2394 2747 2670 2802 reminisci
2696 2747 2913 2802 valeant
2938 2744 3152 2814 pietatis
3177 2758 3304 2814 erga
3324 2741 3485 2797 Chri'

1907 2849 2048 2893 stum
2070 2853 2191 2908 qua:
2223 2838 2276 2891 in
2299 2837 2501 2892 divinis
2530 2837 2856 2907 praedicatur
2884 2834 3201 2906 Seripturis.

1978 3038 2028 3094 7.
2065 3037 2209 3106 Quia.
2233 3038 2397 3110 igitur
2430 3039 2567 3092 nihil
2599 3039 2742 3108 apud
2773 3039 2896 3093 illos
2937 3037 3138 3093 rationi
3174 3050 3480 3093 consonum

224 3141 414 3204 αὐτοῖς
437 3181 452 3205 ,
482 3140 746 3211 ἀποροῦσι
775 3141 830 3193 δὲ
862 3140 1195 3212 πανταχόθεν
1219 3183 1232 3204 ,
1258 3142 1432 3194 καίτοι
1463 3142 1556 3194 καὶ
1593 3130 1805 3210 προφάέ

1915 3133 2287 3202 reperitur,et
2338 3147 2654 3202 quanquam
2703 3133 3026 3187 commentis
3073 3141 3328 3194 utuntur,
3369 3130 3481 3183 hae—

227 3251 344 3295 σεις
365 3232 714 3294 πλάττοντες,
734 3230 891 3284 τοῦτο
910 3231 1090 3284 λοιπὸν
1104 3231 1284 3294 αὐτοῖς
1303 3230 1674 3301 περιλείπεται
1691 3229 1802 3300 (55)

223 3325 436 3395 λέγειν·
478 3325 666 3394 Ἡμεῖς
705 3323 1076 3392 ἀντιλέγοντες
1101 3326 1212 3387 τοῖς
1245 3323 1350 3394 πρὸ
1371 3323 1548 3394 ἡμῶν,
1579 3323 1673 3376 καὶ
1701 3339 1806 3376 πα-

225 3417 581 3489 ραϐαίνοντες
600 3416 698 3479 τὰς
720 3414 826 3468 τῶν
850 3415 1106 3486 Πατέρων
1128 3414 1471 3486 παραδόσεις,
1494 3413 1804 3484 ἠξιώσαμεν

225 3508 445 3561 σύνοδον
476 3507 726 3576 γενέσθαι
746 3524 760 3539 ο
793 3507 930 3561 ἀλλὰ
956 3506 1117 3561 πάλιν
1145 3505 1501 3577 φοόηθέντες,
1541 3505 1614 3577 μὴ
1644 3505 1804 3558 πάλιν

221 3601 300 3661 είς
317 3598 382 3652 ἒν
400 3599 760 3652 συνελθόντων
780 3599 1004 3669 μάταιος
1019 3600 1051 3670 ἡ
1062 3600 1194 3669 μῖνή
1213 3598 1414 3668 σπουδὴ
1431 3598 1652 3670 γένηται
1667 3597 1804 3668 (56),

221 3690 545 3760 ἠξιώσαμεν
575 3691 654 3753 είς
682 3690 774 3743 δύο
811 3689 1142 3762 διαιρεθῆναι
1171 3689 1268 3760 τὴν
1303 3688 1518 3743 σύνοδον
1537 3707 1550 3721 ο
1588 3690 1674 3745 ἵνα
1694 3730 1708 3753 ,
1744 3692 1806 3742 ὲν

224 3783 386 3853 μέρει
430 3781 740 3851 γενόμενοι,
789 3780 1060 3847 δείξαντες
1110 3779 1253 3850 ἅπερ
1301 3780 1618 3851 ἐγράψαμεν
1667 3781 1799 3851 (57),

223 3873 550 3944 ὑφαρπάσαι
565 3871 880 3941 δυνηθῶμεν
895 3870 956 3924 τὸ
988 3871 1167 3934 πλέον,
1189 3871 1538 3936 ἀπειλοῦντες
1567 3873 1656 3926 τὸν
1678 3891 1804 3946 προ-

218 3965 516 4034 ϊστάμενον
547 3965 644 4033 τῆς
682 3962 936 4026 ἀσεϐείας
983 3963 1389 4026 Κωνστάντιον,
1437 3964 1533 4018 καὶ
1563 3965 1708 4018 οὕτω
1734 3967 1804 4019 τὰ

222 4059 325 4128 μὲν
364 4060 422 4110 ὲν
449 4057 653 4126 Νικαίᾳ
683 4055 993 4128 πραχθέντα
1021 4057 1273 4128 σχολάσαι
1301 4059 1636 4129 ποιήσωμεν,
1672 4077 1802 4130 σχη-

223 4148 586 4219 ματισάμενοι
617 4146 712 4216 τὴν
745 4147 1023 4217 ἁπλότητα
1050 4147 1158 4203 τῶν
1185 4149 1502 4220 γραφέντων
1527 4148 1636 4222 (58)
1666 4154 1802 4224 παρ’

219 4237 404 4307 ἡμῶν.
442 4238 485 4289 Τ
489 4236 625 4289 αὔτα
651 4237 707 4289 δὲ
735 4238 782 4289 εί
812 4237 904 4289 καὶ
934 4238 1008 4308 μὴ
1036 4241 1146 4300 τοῖς
1177 4240 1415 4308 ῥήμασιν
1440 4239 1622 4302 αὐτοῖς
1652 4243 1804 4312 εἰρή-

216 4344 385 4380 κασιν
409 4368 425 4392 ,
455 4327 590 4380 ἀλλὰ
617 4329 681 4398 τῇ
716 4326 923 4398 διανοίᾳ
968 4327 1137 4400 ταύτῃ
1171 4329 1347 4382 πάντα
1376 4331 1706 4401 πεποιήκασί
1740 4349 1801 4384 τε

217 4421 316 4472 καὶ¹
347 4418 690 4489 διετάραξαν.
735 4419 950 4490 Ἀμέλει
993 4419 1162 4473 πολλὰ
1209 4421 1467 4486 πολλάκις
1519 4424 1800 4495 εἰρηκότες

1909 3233 2031 3279 rent
2053 3233 2234 3279 tamen
2277 3223 2520 3292 ubique;
2567 3223 2671 3276 hoc
2707 3224 2925 3277 demum
2963 3230 3131 3277 restat
3158 3223 3264 3276 illis
3292 3221 3482 3275 dicen-

1908 3316 2038 3371 dum
2067 3333 2079 3368 :
2117 3313 2227 3368 Nos
2253 3314 2570 3382 majoribus.
2591 3314 2795 3368 nostris
2821 3312 3276 3373 contradicentes,
3302 3319 3481 3366 trans-

1908 3406 2323 3478 gredientesque
2367 3403 2589 3458 Patrum
2642 3401 2980 3465 traditiones,
3025 3400 3292 3472 synodum
3357 3398 3480 3469 «ῖοεί

1908 3494 2304 3563 postulavimus
2333 3512 2344 3545 :
2379 3500 2682 3546 metuentes
2710 3501 2890 3544 autem
2919 3505 2988 3544 ne
3015 3489 3286 3560 episcopis
3309 3504 3480 3544 unum

1908 3585 1962 3637 in
1987 3584 2163 3638 locum
2185 3578 2705 3652 congregatis,‘vana
2731 3581 2894 3636 fuerit
2923 3589 3110 3635 nostra
3137 3579 3444 3635 sollicitudo
3462 3618 3478 3643 ,

1907 3674 2220 3743 rogavimus
2251 3672 2515 3743 synodum
2562 3672 2618 3724 in
2649 3671 2788 3724 duas
2830 3670 2996 3724 dividi
3029 3678 3212 3739 partes
3235 3709 3250 3733 ,
3283 3677 3344 3723 ut
3388 3684 3477 3724 se-

1906 3765 2112 3834 paratis
2144 3763 2272 3826 illis,
2304 3779 2426 3831 quae
2483 3761 2807 3830 scripsimus
2847 3759 3182 3824 exhibentes,
3215 3759 3478 3827 majorem

1906 3871 2096 3910 eorum
2130 3870 2440 3920 numerum,
2476 3855 2643 3910 minis
2689 3852 2996 3908 Constantii
3041 3852 3334 3920 impietatis
3380 3867 3478 3922 pa-

1909 3950 2048 4004 troni
2076 3949 2296 4003 nomine
2323 3948 2622 4012 intentatis,
2644 3946 2947 4001 subornare
2971 3945 3267 4015 possimus,
3292 3944 3477 4013 sicque

1908 4051 2027 4097 acta
2053 4040 2267 4096 Nicena
2305 4040 2458 4094 irrita
2510 4038 2708 4104 facere,
2740 4038 2869 4091 dum
2899 4039 3226 4106 scriptorum
3264 4044 3480 4089 nostro—

1906 4151 2028 4188 rum
2065 4134 2374 4190 simulatam
2410 4131 2812 4202 simplicitatem
2845 4129 3226 4183 obtendemus.
3260 4125 3385 4182 Haec
3412 4127 3479 4180 li-

1906 4235 1988 4281 cet
2008 4225 2198 4281 iisdem
2225 4226 2446 4279 minime
2474 4224 2653 4278 verbis
2679 4223 2790 4277 sint
2819 4221 2988 4288 eﬂ‘ati,
3005 4221 3108 4274 hoc
3128 4229 3274 4274 certe
3295 4219 3479 4274 animo

1908 4318 2090 4371 omnia
2129 4315 2326 4377 facere,
2367 4315 2553 4368 omnia
2597 4313 3012 4368 conturbavere.
3064 4309 3132 4364 Et
3173 4325 3306 4365 sane
3349 4324 3474 4365 cum

1909 4409 2078 4462 multa
2101 4407 2391 4461 .mulloties
2418 4406 2470 4459 in
2511 4405 2744 4459 diversis
2798 4403 3020 4474 synodis
3071 4402 3310 4456 dixerint
3340 4401 3478 4456 scri-

219 4514 316 4564 καὶ
367 4511 678 4582 γράψαντες
711 4515 767 4564 ὲν
799 4512 1073 4583 διαφόροις
1121 4511 1358 4576 συνόδοις
1385 4553 1400 4577 ,
1460 4493 1800 4569 οὐδεπώποτε

1915 4499 2243 4569 pserintque,
2280 4513 2560 4567 nunquam
2609 4505 2788 4550 tamen
2835 4497 2902 4551 de
2929 4496 3129 4549 Ariana
3165 4493 3380 4557 haeresi,
3417 4500 3480 4548 ut

219 4604 352 4674 περὶ
386 4603 488 4672 τῆς
527 4606 811 4675 Ἀρειανῆς
840 4605 1103 4675 αἱρέσεως
1149 4603 1224 4668 ὡς
1250 4605 1360 4677 (59)
1395 4607 1602 4679 φαύλης
1635 4611 1801 4680 ἐμνη-

223 4697 493 4766 μόνευσαν
513 4715 524 4726 ·
553 4697 668 4750 ἀλλ’
697 4700 744 4750 εἰ
777 4699 869 4750 καί
908 4715 1036 4750 ποτε
1067 4697 1325 4768 παρόντες
1349 4699 1493 4761 τινὲς
1520 4700 1615 4762 τὰς
1649 4701 1799 4771 αἱρέ-

222 4805 337 4851 σεις
366 4787 660 4847 διέϐαλλον.
693 4789 845 4842 αὐτοὶ
871 4789 970 4859 τὴν
1011 4789 1291 4859 Ἀρειανὴν
1323 4789 1592 4854 ὲξεδίκουν
1615 4831 1630 4855 ,
1670 4791 1736 4862 ἣν
1765 4793 1797 4862 ὴ

220 4880 280 4934 ἐν
298 4880 506 4951 Νικαίᾳ
530 4881 743 4942 σύνοδος
761 4880 1120 4951 ἁνεθεμάτισε
1135 4896 1148 4910 ·
1171 4882 1263 4934 καὶ
1290 4881 1486 4952 μᾶλλον
1509 4877 1652 4935 οὗτοι
1673 4882 1800 4944 τοὺς

223 5116 320 5168 καὶ
351 5114 594 5168 τοσοῦτοι
622 5115 797 5179 ὄντες,
824 5114 1047 5172 omissis
1079 5115 1295 5172 mediis.
1329 5116 1461 5174 Ibid.
1496 5119 1674 5184 καλῶς
1704 5121 1801 5176 de-

222 5195 309 5240 est
343 5186 396 5238 in
421 5184 679 5239 Ottobon.
718 5187 769 5240 1.

295 5256 410 5322 (52)
452 5256 542 5309 Sic
569 5255 766 5322 Regius
787 5266 840 5310 et
859 5255 1115 5312 Ottobon.
1143 5255 1199 5310 2.
1224 5254 1280 5310 In
1310 5258 1554 5321 reliquis,
1587 5261 1680 5313 καὶ
1703 5263 1800 5314 αύ-
1831 5301 1834 5304 .

221 5325 305 5377 τοί
335 5326 502 5400 deest.
533 5325 703 5400 Battle
733 5338 854 5400 post
889 5326 1111 5400 Regius,
1140 5329 1187 5400 εί
1228 5327 1285 5380 δὲ
1318 5329 1483 5400 μηδέν
1525 5347 1578 5382 τι
1619 5331 1796 5384 τοιοῦ-

220 5396 506 5468 tovLJnfE-a
538 5395 777 5468 Eelrlun.
813 5399 866 5459 5,
901 5395 1022 5451 καθ’
1056 5396 1284 5468 ἡμέραν.

295 5465 405 5539 (55)
445 5464 500 5518 In
529 5465 773 5539 felekm.
805 5468 857 5528 5,
887 5464 1274 5539 tricas-deest.
1310 5467 1432 5523 Mox
1463 5469 1594 5539 Reg.
1637 5469 1794 5524 Otto--

388 5529 410 5589 i
445 5545 498 5613 et
529 5534 836 5613 Eelcktnan.
875 5539 928 5598 5.
961 5539 1056 5591 καὶ
1095 5536 1203 5609 γὰρ
1231 5540 1326 5593 καὶ
1350 5542 1380 5594 ό
1409 5529 1793 5613 θρυλούμενος.

222 5599 396 5678 Editi,
415 5607 510 5678 καὶ
537 5607 578 5678 ὁᾼ
591 5605 972 5678 θρυλούμενος.

449 5675 672 5746 Regius,
702 5675 839 5730 ἐπεί.

295 5735 406 5813 (55)
449 5735 705 5817 sac‘nog.
736 5745 900 5803 Basil.
936 5756 990 5803 et
1022 5735 1204 5803 Felck.
1235 5747 1287 5802 5.
1323 5747 1464 5804 Editi
1498 5764 1645 5815 vero,
1677 5751 1795 5804 ἐπι-

1902 4607 2088 4662 prava,
2114 4591 2446 4645 mentionem
2496 4590 2743 4642 fecerunt
2789 4605 2802 4641 :
2839 4587 2950 4641 itno
2986 4586 3030 4641 si
3080 4586 3172 4654 qui
3219 4585 3360 4640 forte
3406 4599 3475 4640 ex

1903 4681 2257 4750 praesentibus
2298 4680 2533 4733 haereses
2567 4676 2863 4740 deferrent,
2891 4676 2968 4730 illi
2998 4676 3283 4737 Arianam,
3309 4690 3472 4745 quam

1900 4770 2114 4826 Nictena
2161 4770 2398 4841 synodus
2437 4768 2782 4823 anathemate
2815 4769 3123 4828 damnarat,
3161 4781 3474 4835 propUgna-

1889 4863 2051 4916 ‘bant.
2084 4859 2226 4926 Quin
2260 4861 2441 4930 potius
2474 4875 2570 4914 eos
2597 4860 2691 4930 qui
2717 4858 2969 4913 Arianica
2999 4855 3324 4927 proferrent,
3352 4873 3473 4927 per-

1899 5124 2162 5177 λείπεται.
2191 5121 2312 5176 Mox
2345 5122 2600 5192 Ottobon.
2631 5121 2688 5184 2,
2721 5119 3060 5192 ﬂpbgAﬁtLGV,
3099 5120 3256 5192 male.

1971 5195 2083 5262 (56)
2124 5195 2200 5248 Ita
2252 5192 2470 5262 Regius.
2522 5191 2696 5257 Editi,
2749 5187 3056 5262 γενήσεται.
3109 5187 3366 5243 Ottobon.
3413 5187 3468 5250 ‘2,

1896 5261 2171 5333 γενέσθαι.

1993 5333 2082 5400 57)
2123 5332 2198 5403 ita
2227 5332 2513 5403 RegiusAet
2539 5329 2796 5403 Ottobon.
2828 5330 2894 5403 2ἐ
2918 5329 3084 5403 Editi,
3115 5327 3376 5403 ξγραψαν.

1993 5335 2082 5400 57)
2123 5335 2198 5386 lta
2227 5335 2428 5403 Regius
2461 5340 2513 5383 et
2539 5335 2796 5385 Ottobon.
2828 5335 2883 5384 2.
2919 5335 3084 5395 Editi,
3115 5335 3376 5399 ἔγραψαν.

1970 5335 2082 5474 (58)
2123 5402 2214 5457 Sic
2257 5402 2388 5474 Reg.
2418 5399 2674 5474 Ottobon.
2705 5400 2740 5454 ‘2
2771 5399 3094 5474 etAFelcktn‘.
3114 5398 3179 5474 .3.
3224 5400 3293 5452 At
3309 5397 3473 5474 ριξρ.

1897 5466 2026 5528 bon.
2056 5466 2108 5532 ἱ,
2141 5475 2235 5542 qui
2262 5473 2315 5526 in
2340 5466 2457 5527 haec
2487 5473 2651 5526 verba
2677 5471 2896 5537 desinit,
2914 5467 3286 5542 γραφθέντων.
3308 5466 3472 5536 Editi,

1898 5543 2272 5614 πραχθέντων.

1971 5606 2083 5682 (59)
2138 5613 2225 5674 Ὠς
2259 5611 2419 5668 deest
2445 5615 2499 5665 in
2534 5609 2774 5665 Eelrkm.
2802 5610 2835 5664 5
2864 5619 2918 5663 et
2949 5606 3369 5682 inAOt_to_hnn._':.'.
3393 5606 3469 5682 lli.

1896 5675 2135 5737 Felckin.
2167 5683 2221 5746 5,
2251 5684 2345 5736 καὶ
2393 5682 2542 5734 ποτέ.
2597 5683 2739 5735 [dem
2795 5697 2940 5742 mox,
2995 5678 3262 5732 διέϐαλον.
3301 5675 3473 5733 Paulo

1900 5762 2023 5824 post
2052 5753 2278 5816 Regius,
2310 5753 2375 5825 ἦν
2405 5753 2462 5805 ἐν
2499 5753 2721 5824 Nimia},
2754 5751 2956 5806 omisso
2989 5751 3244 5805 articulo.
