3822 6226
183 303 290 361 693

1612 274 1715 365 ἰε
1752 309 2060 367 SYNODIS.

3335 308 3437 365 ωδ

185 444 305 480 νετο
340 426 453 499 (46)
480 445 493 458 ·
528 429 923 500 γεγεννημένον
960 428 1018 482 δὲ
1053 431 1315 501 μονογενῆ
1332 471 1347 496 ,
1377 432 1535 502 μόνον
1568 433 1632 485 ὲκ
1667 432 1765 503 μό-

1899 441 1998 488 unt
2014 449 2030 485 :
2049 442 2236 488 natum
2266 432 2630 503 unigenitum,
2652 432 2829 488 solum
2846 432 3055 487 exsolo
3070 428 3249 498 Patre,
3265 429 3438 486 Deum

184 537 276 573 νου
303 519 399 571 τοῦ
426 519 661 591 Πατρὸς,
692 519 824 573 Θεὸν
848 522 913 573 ὲκ
949 520 1108 584 Θεοῦ,
1137 521 1320 591 ὅμοιον
1348 522 1426 593 τῷ
1447 522 1768 594 γεννήσαντι

185 610 347 665 αὑτὸν
380 611 576 682 Πατρὶ,
615 609 758 664 κατά
782 610 881 674 τὰς
908 612 1132 683 Γραφάς
1151 629 1164 643 ·
1197 606 1260 667 οὗ
1284 612 1381 685 τὴν
1412 614 1624 683 γένεσιν
1651 614 1771 669 osa.

187 704 267 765 εὶς
297 703 588 756 ἐπίσταται
609 743 624 767 ,
655 704 704 756 εί
745 703 818 774 μὴ
855 704 1013 774 μόνος
1033 706 1062 757 ό
1090 706 1356 774 γεννήσας
1375 705 1535 759 αὐτὸν
1558 707 1766 776 Πατήρ.

188 792 391 846 Τοῦτον
450 793 608 863 ἴσμεν
658 791 752 846 τοῦ
803 793 939 846 Θεοῦ
998 796 1258 867 μονογενῆ
1310 795 1437 848 Υἱὺν
1465 786 1491 860 ,’
1541 795 1770 866 νεύματι

190 886 447 957 πατρικῷ
486 886 924 957 παραγενόμενον
956 889 1020 940 ὲκ
1057 887 1166 940 τῶν
1185 888 1431 960 οὐρανῶν
1462 891 1542 952 είς
1578 887 1771 959 ἀθέτη-

192 993 274 1030 σιν
300 976 597 1048 ἁμαρτίας,
653 977 747 1030 καὶ
792 977 1117 1047 γεννηθέντα
1151 979 1211 1031 ὲκ
1243 978 1462 1049 Μαρίας
1492 977 1591 1047 τῆς
1625 979 1773 1047 Παρ-

192 1067 345 1121 θένου
370 1107 387 1132 ,
421 1068 519 1120 κα)⁵
551 1068 968 1139 ἀναστραφέντα
1003 1067 1141 1138 μετά
1191 1068 1303 1122 τῶν
1350 1068 1604 1139 μαθητῶν
1631 1109 1644 1132 ,
1679 1068 1774 1121 καὶ

192 1160 374 1212 πᾶσαν
410 1161 506 1230 τὴν
537 1160 847 1230 οἰκονομίαν
882 1160 1248 1231 πληρώσαντα
1281 1160 1423 1214 κατά
1446 1159 1543 1231 τὴν
1577 1177 1774 1231 πατρι-

193 1248 295 1319 κὴν
326 1248 600 1319 βούλησιν,
639 1251 1019 1322 σταυρωθέντα
1052 1252 1145 1304 καὶ
1178 1250 1539 1315 ἀποθανόντα,
1568 1253 1661 1304 καὶ
1694 1252 1778 1315 είς

192 1339 262 1393 τὰ
290 1342 619 1412 καταχθόνια
647 1341 970 1397 κατελθόντα
993 1340 1128 1414 (47),
1159 1345 1251 1397 καὶ
1275 1343 1345 1397 τά
1369 1344 1546 1396 ἐκεῖσε
1571 1346 1776 1396 οἰκονο-

199 1431 489 1502 μήσαντα,
509 1432 569 1485 ὅν
592 1432 984 1505 πυλωροὶ’ᾷδου
1014 1434 1211 1497 ἰδόντες
1240 1431 1488 1504 έφριξαν,
1523 1435 1616 1487 καὶ
1647 1434 1780 1487 ἀνα-

198 1523 403 1576 στάντα
435 1525 510 1577 ὲκ
531 1526 740 1597 νεκρῶν
770 1527 1021 1600 τῇ’τρίτῃ
1046 1527 1251 1598 ἡμέρᾳ,
1287 1528 1381 1580 καὶ
1407 1525 1782 1596 ἀναστραφέν-

196 1631 268 1667 τα
315 1617 452 1686 μετά
492 1617 604 1669 τῶν
641 1617 897 1689 μαθητῶν
920 1658 935 1682 ,
989 1620 1083 1671 καὶ
1116 1620 1297 1671 πᾶσαν
1337 1618 1435 1689 τὴν
1472 1616 1781 1688 οἰκονομίαν

196 1705 308 1777 πλη
318 1707 589 1778 ρώσαντα,
616 1710 710 1763 καὶ
737 1711 1140 1782 τεσσαράκοντα
1162 1710 1273 1781 (48)
1298 1712 1331 1780 ή
1343 1728 1407 1781 με
1417 1709 1521 1781 ρῶν
1545 1709 1650 1780 πλη
1659 1727 1781 1782 ρου-

1869 527 1939 581 de
1959 525 2088 592 Deo,
2122 526 2353 582 similem
2377 524 2521 580 Patri
2558 540 2660 580 suo
2678 524 2780 594 .qui
2800 524 2981 594 ipsum
3014 524 3219 596 genuit,
3234 538 3441 583 ,secun-

1869 620 2000 671 dum
2037 616 2351 687 Scripturas
2381 636 2395 671 :
2430 617 2591 686 cujus
2623 616 3032 687 generationem
3075 630 3238 670 nemo
3265 615 3439 676 novit.

1871 708 1975 762 nisi
2007 708 2157 763 solus
2205 708 2297 777 qui
2332 708 2509 776 ipsum
2560 707 2766 777 genuit,
2802 706 2982 762 Pater.
3037 704 3194 762 Hunc
3235 707 3447 762 scimus

1872 797 1965 852 Dei
1990 800 2326 870 unigenitum
2353 797 2573 865 Filium,
2596 809 2730 854 nutu
2759 810 2984 870 paterno
3009 799 3075 855 de
3095 799 3250 855 caelis
3279 799 3443 854 adve-

1872 893 2040 958 nisse,
2065 894 2130 947 ad
2165 892 2555 947 destruendum
2585 900 2868 963 peccatum
2895 911 2908 947 :
2943 900 2999 946 et
3021 901 3207 946 natum
3231 905 3301 945 ex
3328 888 3443 943 Ma-

1873 988 1954 1042 ria
1976 985 2217 1058 Virgine,
2258 996 2533 1042 versatum
2578 1002 2704 1042 cum
2752 986 3055 1057 discipulis,
3095 986 3190 1056 qui
3222 999 3442 1040 omnem

1873 1080 2340 1150 dispensationem
2400 1079 2644 1148 implevit
2694 1080 2995 1134 secundum
3032 1086 3313 1147 paternam
3348 1091 3445 1130 vo-

1876 1174 2165 1238 luntatem,
2201 1170 2525 1227 cruciﬁxum
2563 1179 2619 1225 et
2654 1180 2972 1225 mortuum:
3002 1169 3095 1240 qui
3134 1169 3203 1224 ad
3243 1166 3446 1223 inferos

1876 1261 2176 1327 descendit,
2197 1270 2389 1332 etquae
2413 1262 2524 1316 illic
2547 1261 2755 1333 agenda
2784 1261 3093 1316 ordinavit:
3123 1275 3285 1330 quem
3316 1274 3448 1315 con-

1880 1354 2074 1421 spicati
2105 1353 2407 1410 inferorum
2451 1354 2661 1409 ostiarii
2702 1353 3101 1408 exhorruerunt
3128 1369 3142 1405 :
3166 1352 3259 1421 qui
3293 1350 3477 1405 tertia-

1878 1446 1967 1501 die
1994 1446 2289 1501 resurrexit
2304 1461 2334 1499 a
2353 1446 2602 1512 mortuis;
2623 1444 2715 1515 qui
2739 1460 2861 1500 cum
2882 1443 3165 1514 discipulis
3181 1450 3450 1507 versatus,

1879 1536 1971 1592 ubi
1998 1550 2211 1590 omnem
2227 1534 2387 1605 577
2402 1535 2864 1605 dispensationem
2893 1534 3191 1604 implesset,
3217 1533 3457 1604 peractis

1880 1623 2237 1694 quadraginta
2249 1624 2458 1690 diebus,
2477 1634 2792 1693 assumptus
2812 1623 2961 1678 estin
2981 1623 3171 1689 cwlos,
3197 1623 3457 1692 sedetque

1884 1713 1951 1767 ad
2000 1712 2278 1767 dexteram
2334 1712 2511 1768 Patris
2543 1732 2556 1767 :
2584 1715 2676 1784 qui
2718 1723 2984 1769 venturus
3026 1722 3110 1769 est
3148 1713 3339 1768 ultima
3368 1714 3457 1769 die

202 1799 383 1870 μένων
414 1800 788 1871 ἀναληφθέντα
818 1802 899 1864 είς
924 1803 1050 1865 τοὺς
1081 1801 1344 1872 οὐρανοὺς
1363 1840 1378 1863 ,
1420 1801 1513 1854 καὶ
1550 1799 1781 1863 καθεζό·

1898 1805 2303 1859 resurrectionis
2325 1820 2449 1859 cum
2486 1806 2658 1876 gloria
2706 1815 2953 1875 paterna,
2988 1804 3300 1861 redditurus
3336 1805 3452 1860 sin-

204 1906 366 1960 μενον
393 1893 456 1944 ὲκ
486 1890 674 1954 δεξιῶν
702 1891 795 1945 τοῦ
830 1890 1042 1963 Πατρδς
1062 1933 1075 1956 ,
1109 1892 1203 1946 καὶ
1232 1892 1584 1962 ἐλευσόμενον
1629 1894 1685 1945 ὲν
1715 1893 1782 1962 τῇ

200 1983 412 2055 ἐσχάτῃ
440 1982 625 2054 ἡμέρα
651 1983 749 2052 τῆς
776 1983 1127 2047 ἀναστάσεως
1170 1987 1235 2054 τῇ
1265 1983 1391 2054 δόξη
1418 1987 1483 2055 τῇ
1520 1987 1783 2055 πατρικῇ,

202 2074 525 2128 ἀποδιδόντα
556 2076 769 2145 ἑκάστῳ
801 2075 940 2129 κατὰ
978 2075 1046 2129 τά
1080 2076 1218 2148 ἔργα
1251 2076 1413 2129 αὑτοῦ
1435 2094 1448 2107 ·
1498 2077 1591 2130 καὶ
1620 2078 1698 2140 εἰς
1727 2076 1787 2129 τὸ

204 2167 362 2235 ἅγιον
394 2167 648 2239 Πνεῦμα,
679 2169 708 2221 ὃ
734 2168 892 2233 αὐτὸς
924 2173 952 2222 ὁ
978 2168 1270 2241 μονογενὴς
1295 2169 1387 2222 τοῦ
1414 2167 1549 2222 Θεοῦ
1584 2168 1788 2241 Ἰησοῦς

202 2258 441 2330 Χριστὸς
487 2259 851 2329 ἐπηγγείλατο
883 2259 993 2330 (49)
1022 2261 1234 2333 πέμψαι
1266 2261 1347 2331 τῷ
1377 2260 1522 2330 γένει
1556 2261 1665 2314 τῶν
1697 2261 1789 2314 ἀν·

203 2348 443 2422 θρὼπων
463 2391 478 2415 ,
532 2352 623 2404 τὸν
677 2352 1036 2424 Παράκλητον
1054 2393 1069 2417 ,
1109 2353 1248 2408 κατά
1277 2354 1339 2407 τὸ
1370 2354 1752 2425 γεγραμμένον
1772 2368 1786 2383 ⁸

210 2456 229 2488 r
262 2438 604 2509 ’Δπέρχομαι
631 2440 767 2510 πρὸς
784 2441 875 2495 τὸν
899 2441 1119 2513 Πατέρα
1146 2460 1270 2513 μου,
1299 2444 1393 2495 καὶ
1422 2443 1791 2515 παρακαλέσω

202 2528 301 2581 τὸν
332 2529 569 2600 Πατέρα,
599 2530 692 2583 καὶ
723 2530 880 2584 ἀλλον
914 2532 1268 2602 Παράκλητον
1291 2533 1497 2604 πέμψει
1527 2535 1675 2604 ύμῖν.
1720 2533 1794 2586 Τὸ

205 2618 431 2689 πνεῦμα
459 2620 558 2690 τῆς
601 2620 858 2692 ἀληθείας
892 2624 1097 2687 ἐκεῖνος
1138 2626 1202 2678 ὲκ
1235 2624 1330 2678 τοῦ
1364 2624 1499 2696 ἐμοῦ
1540 2624 1791 2696 λήψεται,

207 2711 309 2763 καὶ
329 2709 549 2775 διδάξει,
572 2713 667 2764 καὶ
688 2713 993 2784 ὑπομνήσει
1015 2716 1044 2767 ὑ
1054 2717 1160 2785 μᾶς
1183 2718 1380 2771 πάντα.
1398 2737 1415 2768 ι
1444 2717 1518 2770 Τὸ
1541 2717 1597 2770 δὲ
1624 2716 1795 2787 ὄνομα

207 2803 314 2872 τῆς
333 2803 518 2867 οὐσίας
546 2802 635 2856 διὰ
663 2805 724 2857 τὸ
745 2804 1110 2877 ἁπλούστερον
1133 2809 1238 2861 ὑπὸ
1256 2809 1366 2878 (50)
1404 2808 1511 2861 τῶν
1539 2808 1796 2880 Πατέρων

207 2893 485 2950 τεθεῖσθαι
505 2938 518 2959 ,
571 2898 929 2970 ἀγνοούμενον
960 2900 1016 2953 δὲ
1049 2902 1153 2954 ὑπο
1184 2898 1292 2952 τῶν
1323 2899 1467 2954 λαῶν
1505 2898 1797 2952 σκάνδαλον

212 2987 439 3059 φέρειν,
473 2989 560 3044 διὰ
599 2992 658 3044 τὸ
704 2992 844 3062 μήτε
872 2991 970 3056 τὰς
1015 2991 1237 3063 Γραφάς
1282 2991 1436 3045 τοῦτο
1481 2991 1794 3061 περιέχειν,

212 3078 381 3151 ἤρεσε
407 3080 564 3134 τοῦτο
593 3082 1030 3156 περιαιρεθῆναι,
1067 3083 1163 3137 καὶ
1202 3082 1480 3146 παντελῶς
1530 3083 1797 3154 μηδεμίαν

1885 1894 2026 1965 gulis
2073 1894 2227 1963 juxta
2277 1910 2442 1965 opera
2490 1911 2611 1950 sua.
2662 1894 2727 1951 Et
2775 1895 2829 1949 in
2869 1893 3133 1966 Spiritum
3182 1904 3453 1961 sanctum,

1885 2000 2046 2055 quem
2080 1985 2194 2054 ipse
2226 1986 2540 2055 unigenitus
2589 1986 2683 2040 Dei
2732 1985 2893 2042 Jesus
2928 1987 3182 2043 Christus
3210 1988 3458 2058 promisit

1886 2092 1947 2131 se
1978 2078 2276 2132 missurum
2330 2079 2513 2149 generi
2563 2079 2871 2142 hominum,
2898 2078 3257 2142 Paracletum,
3284 2079 3337 2134 id
3377 2091 3461 2135 est

1886 2167 2296 2223 Consolatorem
2337 2211 2352 2235 ,
2379 2178 2443 2225 ut
2470 2169 2733 2240 scriptum
2762 2180 2845 2226 est
2871 2190 2885 2225 :
2919 2190 2937 2223 ι
2975 2158 3122 2226 vado
3149 2170 3216 2226 ad
3244 2169 3460 2225 Patrem

1889 2274 2092 2325 meum,
2111 2270 2165 2314 et
2183 2260 2384 2330 rogabo
2405 2259 2642 2323 Patrem,
2660 2268 2715 2315 et
2734 2261 2900 2316 alium
2929 2260 3268 2316 Paracletum
3287 2261 3463 2315 mittet

1888 2350 2064 2404 vobis.
2094 2347 2356 2421 Spiritum
2383 2352 2627 2408 veritatis
2656 2353 2746 2408 ille
2769 2352 2837 2407 de
2866 2367 2989 2408 meo
3014 2352 3261 2422 accipiet,
3278 2361 3333 2407 et
3361 2352 3460 2407 do-

1894 2440 2037 2494 cebit
2064 2455 2161 2495 vos
2203 2456 2267 2496 ac
2302 2452 2555 2512 suggeret
2590 2443 2746 2499 vobis
2775 2443 2959 2497 omnia
2994 2442 3060 2495 “.
3109 2440 3316 2496 Nomen
3362 2457 3465 2496 au-

1892 2539 2000 2585 tem
2032 2532 2351 2591 substantiae
2374 2534 2516 2604 quod
2551 2534 2856 2605 simplicius
2888 2549 2919 2588 a
2943 2533 3200 2589 Patribus
3224 2533 3463 2603 positum

1894 2636 1923 2676 a
1946 2624 2272 2695 populisque
2305 2627 2530 2682 minime
2565 2628 2919 2692 intellectum,
2948 2626 3266 2681 offensionis
3300 2642 3476 2683 causa

1895 2713 2005 2774 sit,
2055 2716 2199 2783 quod
2240 2715 2404 2769 etiam
2440 2716 2493 2769 in
2537 2714 2837 2786 Scripturis
2871 2730 2978 2769 non
3004 2715 3368 2776 contineatur,
3400 2712 3469 2767 de

1895 2804 2073 2859 medio
2092 2805 2227 2872 tolli,
2258 2814 2311 2861 et
2332 2806 2538 2860 nullam
2560 2806 2787 2861 omnino
2803 2804 3121 2861 substantia:
3139 2804 3475 2860 mentionem.

1899 2895 1951 2947 in
2001 2894 2110 2949 Deo
2146 2896 2403 2967 deinceps
2452 2896 2757 2953 faciendam
2789 2911 2913 2951 esse
2945 2895 3177 2965 placuit;
3209 2894 3353 2964 quod
3382 2895 3471 2948 di-

1897 2987 2038 3040 vinae
2063 2986 2357 3057 Scriptura:
2381 3003 2654 3058 nusquam
2679 2988 2747 3043 de
2773 2985 2952 3041 Patris
2981 2994 3037 3040 et
3063 2984 3185 3039 Filii
3216 2984 3473 3040 substauo

1900 3079 1972 3130 tia
2012 3078 2380 3134 meminerint.
2412 3076 2559 3132 Patri
2582 3087 2762 3132 autem
2790 3076 2986 3131 Filium
3024 3077 3473 3133 secundumom-

220 3142 445 3242 μνήμην
467 3142 926 3239 οὐσίας’ὲπὶιθεοῦ
956 3142 1093 3230 εἶναι
1123 3176 1217 3230 τοῦ
1244 3175 1432 3230 λοιποῦ
1450 3142 1475 3207 ⁸-
1495 3142 1681 3229 δίάιτὸ.
1698 3173 1791 3237 τὰς

1899 3168 1988 3223 nia
2022 3168 2251 3223 similem
2276 3168 2532 3245 dicimus,
2572 3165 3031 3237 quemadmodum
3069 3162 3363 3237 Scriptura:
3386 3164 3473 3218 di-

215 3258 370 3325 θείας
406 3262 628 3333 Γραφάς
682 3265 932 3337 μηδαμοῦ
967 3268 1076 3336 (5|)
1129 3270 1254 3339 περὶ
1300 3266 1511 3338 Πατρὸς
1546 3267 1637 3319 καὶ
1665 3263 1795 3318 Υἱοῦ

1881 3272 2032 3318 ~cunt
2060 3272 2224 3332 atque
2247 3264 2464 3317 docent.

214 3359 407 3423 οὐσίας
437 3362 763 3433 μεμνῆσθαι.
828 3365 1049 3435 Ὅμοιον
1085 3364 1141 3417 δὲ
1168 3364 1395 3436 λέγομεν
1425 3363 1514 3417 τὸν
1548 3361 1673 3415 Υἱὸν
1708 3359 1786 3431 τῷ
1818 3360 1992 3432 Πατρὶ
2022 3357 2164 3412 κατά
2194 3357 2401 3413 πάνταο
2431 3357 2507 3422 ὡς
2534 3358 2626 3411 καὶ
2650 3358 2705 3409 αἱ
2731 3356 2883 3425 ἆγιαι
2926 3355 3140 3427 Γραφαὶ
3170 3350 3386 3422 λέγουσί
3411 3366 3473 3403 τε

217 3457 316 3509 καὶ
339 3455 679 3512 διδάσκουσιν
704 3446 941 3531 (ΒΞ-55).

291 3550 346 3606 9.
365 3551 582 3605 Τούτων
603 3555 1077 3623 ἀναγνωσθέντων.
1099 3556 1160 3609 ού
1183 3555 1398 3629 μακρὰν
1416 3553 1662 3624 ἐγνώσθη
1684 3553 1793 3607 τῶν

219 3643 549 3715 γραψάντων
578 3647 611 3716 ή
638 3648 959 3718 πανουργία.
1009 3647 1131 3701 Τῶν
1176 3649 1287 3718 γὰρ
1326 3647 1636 3702 ἐπισκόπων
1662 3647 1797 3718 πρόέ

220 3734 514 3788 τεινάντων
563 3737 1061 3809 ἀναθεματισθῆναι
1108 3739 1208 3811 τὴν
1259 3740 1537 3811 Ἀρειανὴν
1590 3739 1798 3810 αἵρεσιν

225 3824 365 3895 μετά
395 3825 491 3878 καὶ
521 3827 628 3879 τῶν
661 3828 833 3881 ἀλλων
871 3828 1170 3900 αἱρέσεων,
1222 3830 1438 3884 πάντων
1468 3847 1528 3882 τε
1564 3829 1673 3899 (55)
1709 3829 1802 3882 ἐπὶ

219 3916 400 3989 τούτῳ
433 3918 795 3989 συνθεμένων,
826 3922 1127 3994 υύρσάκιος
1149 3923 1242 3975 καὶ
1263 3923 1497 3993 Οὐάλης,
1519 3922 1612 3976 καὶ
1630 3921 1679 3973 οἱ
1705 3921 1800 3973 σὺν

222 4010 410 4074 αὐτοῖς
441 4011 689 4065 ἀνένευον
708 4029 721 4043 ⁸
763 4013 854 4065 καὶ
892 4013 1076 4067 λοιπὸν
1108 4012 1561 4082 κατεγνώσθησαν
1583 4053 1597 4077 ,
1631 4013 1705 4076 ὡς
1738 4013 1796 4065 ού

222 4105 483 4173 γνησίως,
517 4103 629 4157 ἀλλ’
657 4107 745 4158 ἐπ’
775 4105 1049 4176 ἀναιρέσει
1079 4106 1186 4177 τῶν
1212 4107 1268 4158 ἐν
1294 4106 1498 4177 Νικαίά
1530 4104 1799 4177 πραχθέν-

221 4210 334 4247 των
359 4196 668 4266 γράψαντες
688 4196 879 4263 ταῦτα,
903 4198 989 4251 ἵνα
1014 4175 1329 4269 τὴείδυσὼνυ
1338 4214 1434 4268 μον
1446 4199 1652 4268 αἵρεσιν
1677 4197 1801 4250 ἀντ-

222 4286 504 4352 εισάξωσι.
540 4288 931 4360 Θαυμάσαντες
960 4288 1091 4358 γοῦν
1126 4291 1239 4342 ὲπὶπ
1274 4293 1388 4353 τοῖς
1414 4289 1605 4351 δολίοις
1624 4287 1800 4341 αὐτῶν

1968 3546 2023 3599 9.
2054 3541 2147 3597 His
2176 3540 2450 3611 perlectis,
2479 3554 2587 3593 non
2629 3538 2722 3591 diu
2758 3547 2943 3607 postea
2979 3550 3169 3591 eorum
3200 3531 3295 3603 qui
3333 3529 3473 3591 scri-

1904 3644 2127 3710 pserant
2164 3632 2411 3689 vafritics
2463 3630 2800 3701 deprehensa
2846 3638 2949 3684 est.
3000 3626 3286 3697 Episcopis
3327 3625 3474 3680 enim

1901 3727 2329 3800 proponentibus
2368 3732 2427 3782 ut
2458 3724 2657 3777 Ariana
2692 3737 2817 3777 cum
2858 3721 2982 3775 aliis
3008 3719 3310 3775 haresibus
3341 3731 3476 3772 ana-

1905 3822 2144 3879 themate
2184 3818 2555 3882 damnaretur,
2589 3813 3168 3882 acquiescentibusque
3195 3810 3474 3876 omnibus,

1905 3914 2215 3969 abnuerunt
2262 3907 2526 3965 Ursacius
2570 3915 2622 3961 et
2662 3904 2863 3960 Valens
2914 3920 3037 3960 cum
3074 3902 3264 3968 sociis,
3313 3910 3477 3970 atque

1904 4005 2124 4060 demum
2167 4009 2506 4071 compertum
2537 4007 2623 4054 est
2653 3998 2774 4053 illos
2812 4012 2923 4052 non
2972 3997 3186 4052 sincero
3233 4011 3298 4050 ea
3334 3994 3477 4049 seri--

1904 4093 2081 4162 psisse
2122 4092 2340 4157 animo;
2383 4089 2477 4144 sed
2508 4097 2569 4142 ut
2607 4103 2671 4142 ea
2712 4102 2835 4157 quae
2876 4084 3069 4141 Nicaeae
3106 4095 3229 4140 acta
3262 4083 3481 4139 fuerant

1906 4185 2249 4255 abrogarent,
2270 4196 2567 4250 eorumque
2595 4180 2715 4234 loco
2739 4178 3000 4235 nefariam
3026 4179 3343 4234 inducerent
3368 4178 3481 4231 hae-

1906 4276 2093 4332 resim.
2134 4273 2428 4329 Hominum
2479 4273 2662 4342 itaque
2707 4270 2897 4327 dolosa
2943 4271 3106 4326 verba
3157 4279 3212 4326 et
3264 4268 3503 4333 vafrum.

227 4380 441 4451 ῥήμασι
470 4382 562 4435 καὶ
584 4381 876 4454 πανούργῳ
892 4383 1226 4454 προαιρέσει,
1243 4383 1426 4451 ἔλεγον
1446 4399 1459 4412 ο
1488 4400 1505 4433 ι
1529 4382 1717 4452 Ἡμεῖς
1743 4380 1791 4432 of

1909 4368 2200 4423 consilium
2236 4366 2415 4421 mirati
2457 4365 2700 4436 episcopi
2745 4365 3003 4419 aiebant:
3036 4380 3054 4413 ι
3090 4360 3201 4417 Nos
3226 4377 3330 4416 non
3356 4360 3480 4415 ideo

222 4473 472 4542 δεόμενοι
504 4473 740 4537 πίστεως
769 4474 1101 4545 συνήλθομεν
1126 4473 1339 4547 (ἔχομεν
1370 4473 1478 4546 γάρ
1510 4474 1567 4525 ὲν
1596 4471 1804 4532 ἑαυτοῖς

226 4564 578 4632 ὑγιαίνουσαν
610 4564 709 4635 τὴν
740 4565 963 4635 πίστιν),
1000 4565 1121 4618 ἀλλ’
1148 4566 1234 4619 ἵνα
1262 4565 1388 4628 τοὺς
1430 4562 1806 4632 ἀντιλέγοντας

222 4659 292 4727 τῇ
328 4655 554 4728 ἀληθείᾳ
586 4657 681 4710 καὶ
724 4661 1062 4729 καινοτομεῖν
1090 4657 1498 4729 ἐπιχειροῦντας
1538 4657 1808 4728 ἐντρέψω-

701 4746 725 4766 τ

1909 4465 2017 4519 huc
2038 4459 2394 4517 convenimus
2415 4458 2562 4528 quod
2592 4457 2697 4512 fidc
2730 4470 3034 4528 egeremus,
3064 4454 3119 4508 in
3153 4453 3308 4508 nobis
3333 4452 3477 4507 enim

1908 4557 2041 4627 ipsis
2067 4570 2257 4610 sanam
2291 4552 2554 4607 habemus
2584 4550 2778 4616 fidem;
2820 4548 2914 4603 sed
2943 4555 3002 4602 ut
3029 4561 3123 4601 eos
3149 4545 3242 4616 qui
3269 4543 3480 4602 veritati

1905 4654 2230 4717 repugnant,
2261 4653 2314 4699 et
2344 4658 2482 4697 nova
2520 4643 2839 4705 moliuntur,
2868 4640 3077 4710 pudore
3120 4636 3478 4691 aﬂiceremus.

227 4766 353 4821 μεν.
416 4750 479 4802 El
523 4750 622 4820 μὲν
667 4746 760 4803 οῦν
794 4752 950 4827 ὑμεῖς
985 4751 1060 4815 ὡς
1088 4750 1181 4806 νῦν
1214 4751 1503 4824 ἀρχόμενοι
1534 4748 1791 4804 πιστεύειη

1908 4739 2063 4806 Quod
2090 4737 2134 4792 si
2162 4750 2280 4803 vos,
2311 4734 2468 4805 quasi
2502 4735 2595 4804 qui
2629 4747 2778 4787 nunc
2802 4731 3025 4787 credere
3054 4725 3346 4797 incipiatis,
3376 4724 3503 4785 ista;

303 4910 355 4943 "
401 4908 563 4965 Joan.
595 4926 710 4974 xw,
744 4909 831 4975 16,
869 4909 956 4966 17.

301 5091 415 5161 (46)
458 5090 534 5145 Ita
568 5089 791 5161 Regius.
837 5089 1004 5151 Editi,
1034 5090 1300 5161 ἐγένοντο.
1322 5089 1469 5161 νῙῢιά.
1512 5088 1686 5161 editio
1706 5086 1808 5161 Pa-

225 5159 329 5216 ris.
367 5161 504 5222 sola,
530 5159 962 5230 γεγεννημένων,
987 5163 1147 5215 male.
1200 5159 1370 5215 Paulo
1415 5169 1538 5229 post
1566 5159 1713 5219 editi,
1746 5160 1810 5230 εκ

226 5232 399 5356 ΰόνου
429 5230 534 5284 ὑπὸ
559 5228 653 5284 τοῦ
680 5228 796 5313 τιτλε
808 5231 917 5303 ρός.
950 5231 1056 5286 Sed
1081 5246 1269 5286 vocem
1289 5228 1425 5297 ὑπό,
1442 5245 1566 5285 cum
1589 5230 1726 5284 desit
1753 5228 1807 5281 in

278 5317 425 5356 eum.
456 5316 842 5356 expunxnnus.

278 5302 425 5367 egio,
456 5302 842 5371 expunximus.

303 5366 417 5440 (47)
450 5366 840 5441 ln'vetcribus
889 5370 1132 5427 Socratis
1182 5371 1380 5436 editis,
1430 5366 1811 5441 σταυρωθέντα

228 5442 328 5495 καὶ
358 5440 606 5497 παθόντα.
628 5443 726 5494 καὶ
752 5441 1112 5495 ἀποθανόντα.

305 5510 421 5581 (48)
450 5509 554 5581 Sic
578 5511 791 5566 Socrat.
818 5521 872 5565 et
899 5513 1029 5565 edit.
1058 5510 1231 5565 Paris.
1263 5527 1328 5565 cx
1364 5510 1608 5572 Socrate,
1643 5517 1703 5563 ut
1724 5509 1810 5581 vi-

229 5579 605 5637 detur..Nam.
639 5581 694 5635 in
734 5582 866 5636 edit.
896 5581 1165 5636 Commel.
1200 5590 1256 5636 et
1289 5582 1342 5634 in
1374 5582 1632 5635 omnibus
1661 5579 1811 5633 codi-

229 5651 413 5722 cibus,
448 5653 788 5722 πεντήκοντα
822 5652 1036 5722 legitur,
1066 5653 1228 5707 male.
1274 5651 1394 5705 Mox
1426 5650 1646 5720 Regius.
1686 5650 1811 5722 τοὺς

226 5721 518 5794 οὐρανούς,
550 5721 613 5778 in
636 5723 795 5779 editis
836 5721 961 5786 τούς
1003 5723 1174 5779 deest.
1210 5721 1332 5779 Mox
1366 5724 1503 5790 haec,
1536 5722 1635 5791 τῆς
1676 5721 1809 5773 ἀνα-

1911 5090 2151 5153 στάσεως
2183 5088 2379 5143 desunt
2406 5085 2462 5138 in
2499 5083 2744 5144 Socrate,
2774 5083 2933 5153 bene.

1983 5159 2094 5236 (3‘9)
2132 5147 2221 5213 'lta
2254 5156 2453 5236 [legitis
2480 5154 2771 5236 et_Socrat.
2801 5152 2966 5216 Editi,
3002 5147 3295 5222 μονογενής
3318 5147 3488 5217 ιπηγ-

1909 5225 2153 5301 γείλατο,
2191 5225 2413 5301 omissis
2441 5225 2653 5301 mediis.

1982 5300 2097 5367 (50)
2138 5289 2214 5369 [ta
2245 5296 2445 5369 [leuius
2477 5305 2531 5349 et
2557 5294 2776 5369 Sperat.
2812 5291 2977 5369 Egiti,
3011 5289 3182 5361 παρά.
3280 5358 3305 5369 _
3397 5356 3424 5369 _

1983 5358 2095 5437 (51)
2138 5367 2229 5423 Sic
2263 5367 2462 5438 Regius
2498 5375 2551 5438 et
2584 5363 2792 5438 Sperat
2839 5362 2978 5438 Efﬂtl
3006 5358 3157 5438 vero.
3201 5358 3485 5438 μηδαμῶς.

1976 5375 2095 5452 ,(51)
2138 5375 2229 5423 Sic
2263 5375 2462 5435 Regius
2498 5375 2551 5446 et
2584 5375 2792 5444 Socrat
2839 5375 2978 5417 lsmti
3006 5375 3157 5447 vero.
3201 5375 3485 5481 μηοαψοςλ

1912 5435 2546 5559 ὲὲἓιᾶἒοῑρῐξὲῗρδοεηηιε
2571 5436 2723 5494 editi,
2742 5434 2872 5506 περὶ
2895 5434 3035 5486 Πνευ
3045 5447 3212 5503 ματος
3241 5428 3335 5484 καὶ
3406 5428 3491 5480 ίου

1911 5524 2119 5572 ουσιας.
2156 5524 2317 5561 male.

1984 5577 2195 5649 (52-53)
2223 5577 2353 5649 Post
2372 5574 2760 5649 διδάσκουσι-ξπ
2778 5574 2906 5649 edi_t.
2927 5571 3100 5649 Paris.
3122 5578 3316 5649 regitur
3334 5568 3487 5649 ταῦθ’

1915 5642 2199 5775 Erga—me;
2238 5648 2341 5704 Sed
2373 5649 2571 5702 desunt
2598 5646 2651 5701 in
2679 5646 2807 5700 edit.
2841 5644 3107 5699 Commel.
3139 5651 3192 5695 et
3226 5642 3279 5694 in
3310 5642 3509 5694 omni-.

1955 5735 2019 5774 us
2048 5733 2179 5773 mss.

1955 5735 2019 5774 US
2048 5733 2179 5773 11153.
