3822 6226
320 234 427 291 695

886 228 945 285 S.
984 226 1364 284 ATHANASII
1403 227 1556 285 OPP.
1590 223 1773 281 PAIiS
1824 220 1866 277 1.
1890 250 1907 261 -

2029 217 2373 275 ιιδτοιιιοΑ
2418 218 2508 273 ΕΤ
2546 212 2963 295 DOGMATICA.

319 342 639 415 scripsistis,
685 341 928 398 nondum
975 343 1160 399 clerici
1209 345 1365 409 estis,
1400 345 1603 415 quippe
1651 340 1745 412 qui
1783 340 1897 411 jam

2029 333 2274 406 γράψατε
2297 332 2492 399 ταῦτα,
2520 331 2673 385 οὐπω
2705 330 2828 385 ἐστέ
2858 327 3128 415 κληρᾼικοὶ,
3156 325 3332 399 ἀρχὴν
3357 325 3590 398 ἔχοντες

317 439 553 508 primum
572 434 678 491 ﬁde
700 433 1090 490 instituamini:
1112 436 1160 490 si
1182 450 1309 490 vero
1325 452 1432 508 qua
1453 446 1630 491 mente
1644 449 1746 489 nos
1760 448 1893 489 con—

317 528 589 594 venimus,
619 525 807 581 eadem
832 534 887 581 et
908 540 1007 581 vos
1032 527 1367 594 accessistis,
1392 527 1464 584 sit
1492 526 1738 605 omnium
1763 538 1896 580 con-

317 622 529 683 cordia,
542 629 595 675 et
612 619 847 675 haereses
866 617 1211 673 anathemate
1227 619 1548 676 damnemus
1562 618 1896 690 Petrumque

319 721 633 768 nostrorum
666 727 950 767 servemus
980 711 1322 775 traditiones,
1353 727 1423 771 ne
1464 713 1691 783 posthac
1730 727 1896 783 syno-

317 805 511 858 dorum
558 803 928 873 cogendarum
977 819 1157 859 causa:
1182 803 1386 874 passim
1423 813 1735 870 occurrant,
1769 819 1893 858 cum

317 899 486 955 semel
510 898 589 952 illi
612 897 707 967 qui
734 895 928 951 Nicaea:
952 905 1322 951 convenerunt
1336 896 1520 949 omnia
1552 909 1899 963 praeoccupa-

315 992 448 1049 rint.
464 1000 519 1044 et
542 988 677 1043 nihil
699 1003 807 1043 non
829 1003 929 1058 pro
950 986 1219 1042 catholica
1235 984 1477 1041 Ecclesia
1495 986 1721 1057 egerint.
1747 1004 1766 1036 ι
1790 983 1896 1040 Sed

315 1098 443 1136 cum
474 1081 716 1151 episcopi
752 1095 861 1134 una
900 1094 1091 1134 omnes
1126 1078 1519 1144 consentirent,
1551 1079 1790 1133 abnuere
1816 1086 1898 1132 ta-

317 1188 444 1228 men
474 1172 792 1242 supradicti.
847 1170 1195 1241 Quapropter
1231 1186 1356 1225 cum
1393 1170 1733 1239 exploratum
1764 1170 1898 1239 ipsis

317 1273 484 1327 esset.
514 1264 756 1335 ignaros,
779 1262 987 1330 vafros,
1017 1263 1104 1317 vel
1129 1262 1309 1332 potius
1340 1262 1625 1318 haereticus
1651 1277 1773 1317 esse
1800 1261 1900 1316 ho-

319 1357 520 1419 mines,
551 1372 745 1411 omnes
766 1355 1038 1410 Nicaauam
1074 1354 1339 1425 synodum
1364 1354 1479 1409 suis
1508 1353 1782 1424 suﬂ‘ragiis
1805 1369 1900 1423 ap-

321 1449 646 1513 probarunt,
682 1446 1040 1516 suliicereque
1081 1446 1228 1501 illam
1277 1445 1533 1501 omnibus
1564 1447 1741 1501 visum
1776 1455 1896 1510 est;

318 1539 609 1607 praedictos
631 1546 836 1598 autem,
864 1534 1151 1590 Ursacium
1188 1536 1414 1601 scilicet,
1438 1534 1737 1600 Valentem,
1768 1534 1900 1591 Ger-

321 1627 578 1692 minium,
613 1628 971 1694 Auxentium,
998 1626 1192 1682 Gaium
1231 1636 1287 1683 et
1317 1628 1692 1698 Dem0philum
1725 1629 1898 1683 haere-

1998 425 2091 478 τοῦ
2115 424 2464 497 κατηχεϊσθαι
2482 441 2497 454 ·
2524 422 2649 477 είδέ
2670 424 2736 493 τῇ
2762 412 3010 492 γνὼμῃῇ
3033 417 3365 491 συνήλθομεν
3391 418 3588 489 ἡμεῖς,

1996 517 2201 589 ταύτην
2234 517 2326 571 καὶ
2357 516 2515 587 ὑμεῖς
2543 513 2757 585 ἔχοντες
2784 512 3155 582 ἀπηντήσατε,
3189 508 3331 564 ἐστω
3356 510 3585 563 πάντων

1998 606 2373 681 ὁμοφροσύνη,
2405 608 2500 661 καὶ
2526 605 2625 669 τὰς
2660 606 2757 677 μὲν
2788 603 3029 673 αἱρέσεις
3058 601 3362 672 ἀναθέματι
3383 600 3588 655 ἀναθε-

2003 701 2337 775 ματίσωμεν,
2359 699 2427 753 τὰ
2456 699 2513 752 δὲ
2535 698 2642 751 τῶν
2668 695 2928 767 Πατέρων
2954 693 3293 765 φυλάξωμεν,
3316 693 3461 763 ὑπὲρ
3484 690 3581 745 τοῦ

2005 794 2198 866 μηκέτι
2224 792 2525 865 διατρέχειν
2558 789 2862 860 προφάσεις
2893 786 3122 841 συνόδων
3143 826 3159 851 ’
3192 785 3337 853 ἅπαξ
3376 785 3588 857 προλα-

2002 887 2201 940 ϐόντων
2233 884 2340 938 τῶν
2372 887 2429 938 ἐν
2454 881 2662 953 Νικαίᾳ
2686 879 3075 943 συνελθόντων,
3109 879 3206 932 καὶ
3236 877 3413 932 πάντα
3440 895 3587 948 πρα-

2004 977 2208 1043 ξάντων
2243 977 2382 1049 ὑπὲρ
2412 976 2513 1046 τῆς
2544 973 2837 1043 καθολικῆς
2880 969 3221 1041 Ἐκκλησίας.
3250 988 3270 1020 ι
3291 967 3455 1022 Ἀλλά
3485 968 3585 1022 καὶ

2002 1068 2145 1123 οὕτω
2179 1068 2285 1122 τῶν
2313 1067 2623 1123 ἐπισκόπων
2657 1062 2815 1119 πάλιν
2840 1062 2949 1131 (54)
2972 1062 3186 1116 πάντων
3213 1060 3577 1131 συνθεμένων,

2004 1163 2294 1217 ἀνένευσαν
2324 1161 2375 1214 οί
2417 1157 2801 1231 προειρημένοι
2823 1172 2837 1186 ’
2868 1156 2964 1210 καὶ
2990 1154 3174 1208 λοιπὸν
3220 1153 3583 1221 καταγνόντες

2004 1254 2203 1317 αὐτῶν,
2243 1253 2318 1317 ὡς
2345 1251 2571 1324 ἀμαθῶν
2599 1249 2787 1306 δολίων
2811 1266 2871 1302 τε
2902 1248 2997 1301 καὶ
3032 1245 3230 1318 μᾶλλον
3263 1244 3578 1317 αίρετικῶν,

2004 1349 2070 1419 τῇ
2105 1347 2202 1418 μὲν
2234 1346 2293 1398 ἐν
2337 1344 2543 1415 Νικαίᾳ
2573 1342 2839 1413 γενομένῃ
2893 1341 3094 1411 συνόδῳ
3148 1336 3582 1409 συνεψηφίσαντο

2006 1422 2235 1502 ἆτάντες,
2269 1438 2365 1493 καὶ
2405 1435 2576 1507 ταύτῃ
2626 1435 2827 1498 πάντες
2849 1433 3067 1504 ἔκριναν
3099 1428 3386 1504 ἀρκεῖσθαι
3406 1446 3420 1461 ·
3457 1429 3586 1493 τοὺς

2004 1531 2064 1585 δὲ
2091 1530 2522 1603 προειρημένους
2571 1528 2875 1600 Οὐρσάκιον
2907 1527 3001 1580 καὶ
3037 1524 3311 1579 Οὐάλεντα
3331 1563 3347 1589 ,
3379 1521 3585 1593 Γερμί-

2006 1642 2118 1679 νιον
2137 1664 2152 1689 ,
2181 1623 2467 1689 Αὐξέντιον
2485 1662 2501 1685 ,
2534 1622 2725 1683 Γάϊον,
2760 1617 3063 1691 Δημόφιλον
3082 1655 3098 1681 ,
3126 1615 3436 1687 αἱρετικοὺς
3474 1614 3586 1667 ἀπ·-

320 1722 463 1776 ticos
486 1720 854 1783 declararunt,
882 1729 936 1774 et
966 1735 1090 1775 cum
1133 1720 1257 1775 illos
1286 1719 1689 1790 deposuissent,
1715 1730 1901 1791 utpote

2033 1733 2227 1787 φηναν,
2258 1718 2352 1768 καὶ
2383 1712 2701 1775 καθελόντες
2727 1711 2943 1775 αὐτοὺς,
2967 1709 3043 1772 ὡς
3078 1707 3153 1779 μὴ
3179 1706 3338 1771 ὄντας
3367 1702 3588 1773 άληθῶς

323 1813 417 1883 qui
447 1827 557 1867 non
588 1827 714 1868 vere
734 1812 1056 1878 Christiani,
1082 1814 1178 1868 sed
1208 1813 1397 1866 Ariani
1418 1822 1621 1880 essent,
1653 1814 1767 1868 haec
1796 1812 1902 1869 La-

321 1906 436 1959 tine
465 1906 754 1973 scripsere,
778 1919 902 1974 quae
928 1902 994 1958 ad
1025 1919 1248 1959 sensum
1278 1903 1393 1990 (65)
1417 1904 1602 1961 Graece
1623 1905 1704 1960 sic
1724 1914 1903 1963 trans-

321 1997 435 2051 lata
466 2005 596 2051 sunt
620 2014 633 2051 :

322 2112 411 2165 i0.
444 2109 759 2180 Exemplum
793 2110 1029 2179 epistolae
1050 2109 1403 2180 Ariminensis
1440 2111 1653 2164 concilii
1677 2111 1747 2163 ad
1764 2109 1905 2165 Con—

395 2179 654 2234 stantium
699 2181 1102 2248 imperatorem,
1152 2179 1241 2232 ubi
1290 2180 1519 2250 episcopi
1569 2182 1905 2250 pravaricati

396 2261 517 2305 sunt
544 2267 579 2304 a
607 2250 713 2320 ﬁde
741 2266 862 2304 vera
887 2250 1022 2321 (57).

416 2362 458 2418 1.
502 2362 735 2419 lubente
772 2361 884 2418 Deo
914 2378 979 2418 ex
1020 2371 1291 2434 praecepto
1332 2362 1549 2434 pietatis
1592 2374 1701 2419 tum
1729 2365 1907 2420 credi-

324 2471 451 2509 mus
498 2452 671 2509 l'uisse
709 2453 1038 2524 dispositum
1076 2463 1132 2507 ut
1175 2452 1243 2506 ad
1272 2450 1700 2506 Ariminensium
1726 2451 1906 2506 locum

259 2605 265 2613 ,
325 2564 393 2602 ex
419 2547 652 2603 diversis
677 2546 979 2616 provinciis
1020 2544 1440 2600 occidentalium
1471 2544 1712 2614 episcopi
1744 2542 1911 2615 578

324 2640 674 2702 veniremus,
728 2646 786 2691 ut
819 2636 954 2692 ﬁdes
1001 2636 1328 2692 claresceret
1362 2637 1618 2693 omnibus
1649 2635 1909 2692 Ecclesiis

326 2731 636 2794 catholicis,
680 2740 734 2785 et
767 2729 1006 2784 haeretici
1040 2736 1414 2784 noscerentur.
1451 2726 1591 2783 Dum
1621 2729 1766 2783 enim
1791 2743 1911 2783 om-

328 2841 429 2881 nes
451 2825 541 2895 qui
566 2832 712 2878 recte
734 2822 980 2891 sapimus
1023 2829 1511 2882 contractaremus,
1558 2821 1760 2890 placuit
1788 2820 1912 2890 qui-

2001 1807 2358 1881 Χριστιανοὺς
2382 1847 2396 1871 ,
2429 1806 2542 1860 ἀλλ’
2593 1807 2647 1859 Ἀ
2659 1804 2902 1877 ρειανούς
2925 1843 2942 1868 ,
2975 1800 3218 1873 ἔγραψαν
3249 1800 3372 1853 κατ’
3406 1795 3590 1850 αὐτῶν

2012 1899 2312 1969 Ῥωμαϊστὶ
2339 1897 2458 1968 μὲν,
2486 1894 2890 1968 ἐρμηνευθέντα
2917 1893 2974 1947 δὲ
3007 1891 3312 1963 Ἑλληνιστὶ
3333 1886 3478 1943 κατὰ
3496 1885 3592 1940 δύ-

2002 2007 2184 2061 ναμιν,
2218 2006 2392 2044 ταυτα
2409 2005 2423 2019 ·

2004 2103 2093 2158 10.
2137 2103 2249 2173 (56)
2299 2103 2691 2172 Ἀντίῃοαφον
2726 2096 3058 2173 ἐπιστολῆς
3094 2096 3253 2173 παρὰ
3287 2093 3403 2173 τῆς
3415 2107 3593 2173 "gyr-

2065 2163 2209 2228 όδὸυ
2231 2163 2392 2243 ’πρὸς
2424 2163 2533 2228 τόν-
2555 2163 2908 2243 Ᾱῦγουστον
2934 2163 3358 2223 summm
3388 2163 3531 2235 (57).

2079 2378 2187 2430 Ἐκ
2214 2392 2275 2429 τε
2305 2374 2404 2445 τῆς
2447 2372 2544 2426 τοῦ
2588 2369 2726 2425 Θεοῦ
2778 2368 3081 2431 κελεύσεως
3108 2364 3219 2437 (58)
3246 2364 3343 2419 καὶ
3365 2364 3459 2417 τοῦ
3487 2363 3594 2433 τῆς

2009 2467 2107 2539 σῆς
2124 2463 2403 2526 εὐσεϐείας
2419 2461 2837 2533 προστάγματος
2860 2457 2933 2512 τὰ
2954 2456 3122 2511 πάλαι
3152 2451 3595 2524 δογματισθέντα

2007 2556 2335 2628 γεγενῆσθαι
2354 2552 2703 2623 πιστεύομεν.
2726 2551 2821 2615 Ei;
2841 2549 2952 2621 γὰρ
2978 2547 3254 2620 ’Δρίμινον
3268 2543 3380 2615 (59)
3397 2544 3464 2596 ἐκ
3484 2559 3597 2594 πα-

2010 2650 2120 2706 σῶν
2173 2648 2282 2702 τῶν
2315 2647 2453 2718 πρὸς
2491 2644 2642 2699 δύσιν
2675 2643 2882 2697 πόλεων
2927 2643 3006 2705 εἰς
3035 2639 3099 2693 τὸ
3129 2637 3262 2693 αὐτὸ
3305 2636 3508 2697 πάντες
3540 2634 3599 2687 οι

2010 2743 2295 2798 ἐπίσκοποι
2323 2738 2652 2810 συνήλθομεν
2671 2777 2687 2801 ,
2719 2737 2806 2791 ἵνα
2835 2735 2931 2789 καὶ
2959 2736 2993 2804 ἡ
3026 2731 3208 2794 πίστις
3236 2729 3333 2800 τῆς
3366 2725 3597 2782 καθολι-

2010 2833 2115 2902 κῆς
2151 2830 2472 2901 Ἐκκλησίας
2500 2828 2797 2900 γνωρισθῇ,
2832 2827 2928 2880 καὶ
2955 2827 3006 2878 οί
3036 2821 3293 2878 τάναντία
3331 2817 3600 2892 φρονοῦν·-

329 2917 452 2972 deni
504 2925 565 2970 ut
596 2915 757 2970 (idem
798 2916 865 2969 ab
897 2915 1221 2984 antiquitate
1248 2923 1710 2983 perseverantem,
1744 2927 1907 2982 quam

2029 2943 2102 2989 :2;
2132 2924 2341 2995 ἔκδηλοι
2378 2922 2661 2992 γένωνται.
2706 2920 2794 2981 Ὦς
2821 2918 2930 2987 γὰρ
2961 2914 3055 2967 ἐπὶ
3086 2913 3335 2966 πλεῖστον
3367 2911 3596 2969 διασκο-

328 3024 427 3078 per
449 3007 762 3078 prophetas,
812 3004 1093 3076 evangelia
1139 3014 1195 3059 et
1240 3006 1539 3074 apostolos,
1586 3019 1681 3072 per
1731 3004 1907 3073 ipsum

2029 3017 2240 3080 ποῦντες
2268 3016 2581 3088 εὑρήκαμεν
2602 3052 2615 3076 ,
2661 3009 2889 3082 ἀρεστὸν
2923 3006 3032 3079 (60)
3061 3006 3233 3103 ἐφάνη
3267 3004 3368 3103 τὴν
3407 3004 3598 3103 πίστιν

331 3096 502 3153 Deum
531 3106 586 3153 et
610 3096 901 3151 Dominum
934 3105 1181 3151 nostrum
1202 3092 1386 3150 Jesum
1416 3092 1693 3150 Christum
1722 3094 1907 3151 Salva-

2029 3109 2112 3179 εὴν
2142 3110 2206 3162 ὲκ
2238 3104 2467 3159 παλαιοῦ
2490 3102 2869 3179 διαμένουσαν,
2898 3099 2965 3169 ἣν
2996 3097 3092 3150 καὶ
3115 3095 3166 3149 οἱ
3191 3094 3465 3167 προφῆται
3497 3092 3605 3153 καὶ

331 3199 508 3244 torem
555 3187 768 3257 imperii
804 3187 883 3242 tui
921 3197 976 3243 et
1015 3187 1327 3257 largitorem
1359 3186 1552 3243 salutis
1586 3195 1711 3250 tute,
1745 3202 1907 3255 quam

2029 3178 2085 3254 τά
2110 3196 2436 3266 Εὐαγγέλια,
2460 3193 2553 3247 καὶ
2577 3193 2627 3246 οἱ
2656 3178 2943 3246 ἀπόστολοι
2966 3188 3057 3242 διὰ
3081 3185 3176 3240 τοῦ
3202 3184 3407 3257 Κυρίου
3432 3183 3600 3255 ἡμῶν

332 3293 547 3349 semper
575 3278 936 3345 obtinuimus,
962 3288 1265 3333 teneamus.
1292 3277 1454 3334 Nefas
1481 3278 1630 3333 enim
1655 3279 1907 3334 duximus

2030 3289 2204 3362 Ἰησοῦ
2232 3285 2467 3360 Χριστοῦ
2492 3283 2784 3356 ἐκήρυξαν,
2814 3280 2909 3335 τοῦ
2940 3281 3036 3334 καὶ
3055 3279 3155 3350 τῆς
3188 3278 3287 3348 σῆς
3317 3273 3602 3346 βασιλείας

334 3379 651 3426 sanctorum
677 3371 882 3440 aliquid
908 3371 1183 3439 mutilare,
1208 3382 1471 3426 eteorum
1501 3370 1596 3440 qui
1619 3370 1675 3425 in
1696 3369 1907 3426 Nicmnc

2029 3376 2254 3450 ppoupoﬁ
2301 3376 2444 3447 (61),
2487 3376 2706 3446 καὶτῆς
2739 3374 2838 3444 σῆς
2868 3371 3088 3445 ῥώσεως
3132 3368 3473 3441 προστάτουο
3508 3366 3603 3421 ἵνα

335 3470 572 3517 tractatu
622 3462 985 3518 consederant
1031 3478 1141 3518 una
1191 3478 1318 3518 cum
1368 3463 1617 3533 gloriosae
1636 3463 1907 3519 memoria:

2029 3471 2219 3542 ταύτην
2269 3468 2631 3540 κατασχόντες
2678 3465 3000 3537 φυλάξωμεν
3021 3505 3038 3531 ,
3092 3465 3188 3517 καὶ
3239 3462 3605 3533 φυλάττοντες

334 3552 697 3606 Constantino
732 3560 886 3621 patre
913 3550 1132 3623 pietatis
1163 3561 1293 3613 tuae.
1317 3549 1421 3618 Qui
1449 3561 1710 3608 tractatus
1732 3553 1907 3615 mani-

2029 3563 2183 3634 μέχρι
2213 3561 2397 3624 τέλους
2418 3559 2850 3631 διατηρήσωμεν.
2889 3558 3123 3611 Ἀτοπον
3142 3557 3253 3629 γὰρ
3279 3555 3376 3610 καὶ
3405 3554 3607 3626 ἀθέμι-

337 3642 567 3698 I‘estatus
595 3651 700 3707 est,
728 3653 783 3697 et
810 3642 1120 3699 insinuatus
1154 3644 1428 3700 mentibus
1473 3645 1821 3714 populorum.
1859 3656 1907 3700 et

2029 3671 2111 3707 τον
2145 3653 2315 3725 ἐφάνη
2342 3651 2449 3706 τῶν
2487 3650 2662 3723 ὀρθῶς
2690 3651 2784 3704 καὶ
2810 3650 3033 3713 δικαίως
3060 3648 3379 3719 ὡρισμένων
3403 3664 3457 3700 τι
3483 3646 3602 3718 (62)

335 3746 529 3791 contra
559 3736 810 3790 haeresim
842 3735 1100 3791 Arianam
1127 3745 1258 3792 tunc
1282 3736 1494 3805 positus
1527 3737 1822 3805 invenitur,
1856 3748 1907 3799 ut

2029 3744 2413 3815 μεταλλάσσειν
2432 3785 2446 3809 ,
2476 3743 2571 3796 καὶ
2595 3741 2703 3796 τῶν
2726 3743 2783 3795 ὲν
2813 3741 3023 3812 Νικαίᾳ⁸
3038 3743 3187 3811 κοινῇ
3221 3738 3357 3809 μετὰ
3382 3738 3479 3793 τοῦ
3514 3741 3607 3793 Eva

339 3828 575 3881 hereses
596 3826 724 3881 inde
750 3828 860 3883 sint
885 3837 1207 3899 expugnatae
1234 3847 1248 3882 :
1274 3842 1305 3882 a
1330 3843 1443 3898 quo
1472 3828 1518 3882 si
1537 3828 1739 3900 aliquid
1764 3830 1907 3905 dem-

2029 3837 2301 3903 δοξοτάτου
2324 3833 2733 3889 Κωνσταντίνου
2756 3832 2848 3887 τοῦ
2873 3831 2969 3886 σοῦ
2994 3831 3200 3905 πατρὸς
3220 3833 3315 3885 κα).
3334 3830 3607 3901 βασιλέως

337 3930 489 3987 ptum
524 3918 705 3988 fuerit,
731 3920 958 3975 venenis
987 3920 1369 3975 haereticorum
1418 3921 1600 3977 aditus
1639 3903 1907 3992 panditur.

2029 3929 2376 3999 ἐσκεμμένων
2395 3967 2412 3993 ,
2464 3919 2540 3981 ὧν
2578 3927 2613 3998 ἡ
2645 3923 2961 3978 διδασκαλία
2991 3903 3226 3994 (65))ιώ
3251 3921 3314 3976 τὸ
3345 3920 3607 3993 φρόνημα

338 4009 521 4080 διῆλθέ
566 4027 626 4064 τε
668 4011 763 4065 καὶ
782 4010 1060 4082 ἐκηρύχθη
1100 4012 1179 4075 είς
1203 4011 1382 4075 πάσας
1402 4011 1704 4084 ἀνθρώπων
1738 4015 1905 4082 ἀκοάς
1925 4037 1985 4074 τε
2026 4021 2122 4075 καὶ
2147 4019 2420 4083 διανοίας,
2471 4018 2593 4089 ἥτις
2623 4016 2914 4079 ἀντίπαλος
2956 4015 3089 4086 μόνη
3136 4013 3230 4068 καὶ
3269 4012 3463 4082 ὀλετὴρ
3501 4015 3615 4084 τῆς

356 4104 564 4175 Ἀρείου
589 4105 851 4177 αἱρέσεως
880 4105 1087 4176 ὑπῆρξε
1109 4117 1127 4134 ·⁴
1151 4104 1217 4158 δι’
1238 4101 1304 4177 ἧς
1333 4106 1395 4158 οὐ
1419 4107 1577 4176 μόνον
1600 4107 1758 4178 αὐτη,
1791 4111 1928 4167 ἀλλὰ
1948 4116 2042 4169 κα)⁵
2066 4117 2123 4171 αἱ
2145 4114 2329 4169 λοιπαὶ
2356 4115 2595 4186 αἱρέσεις
2619 4112 2997 4186 καθῃρέθησαν
3019 4127 3034 4142 ·
3068 4112 3127 4164 ἐν
3213 4109 3381 4171 ὅντως
3409 4110 3507 4163 καὶ
3543 4109 3606 4162 τὸ

338 4196 655 4269 προσθεῖναί
687 4214 739 4250 τι
764 4197 1031 4268 σφαλερὸν
1059 4197 1168 4268 (64)
1190 4237 1204 4262 ,
1241 4198 1421 4252 καὶτὸ
1453 4200 1749 4267 ἀφελέσθαι
1781 4221 1834 4258 τι
1862 4208 2199 4263 ἐπικίνδυνον
2252 4206 2484 4281 ὐτιάρχει
2522 4208 2628 4273 ’ὡς
2648 4248 2663 4272 ,
2702 4207 2861 4279 εἴπερ
2896 4225 2947 4260 τι
2981 4206 3205 4278 θάτερον
3221 4204 3434 4274 γένοιτο
3464 4204 3611 4275 (65),

339 4293 495 4348 ἔσται
544 4295 657 4356 τοῖς
713 4292 925 4364 ἐχθροῖς
966 4293 1117 4354 ᾅδεια
1153 4292 1247 4355 τοῦ
1288 4297 1460 4346 ποιεῖν
1492 4294 1635 4366 άπερ
1669 4295 1968 4366 βούλονται.

415 4477 529 4545 (54)
571 4474 661 4531 Sic
690 4474 914 4546 Regius.
941 4477 997 4532 ln
1036 4479 1196 4534 editis
1222 4480 1383 4533 πάλιν
1411 4479 1579 4534 deest.

2029 4498 2076 4541 et
2108 4484 2384 4538 Theodor.
2436 4480 2578 4535 Editi
2608 4494 2758 4544 vero,
2789 4476 3094 4540 εὐλαϐείας.
3130 4475 3292 4541 lbid.,
3318 4476 3390 4530 τὰ
3431 4476 3617 4534 πάλαι

414 4547 530 4616 (55)
570 4547 833 4619 διπηιρυί
871 4550 1189 4603 vertendum
1221 4560 1433 4619 putant,
1462 4567 1558 4619 pro
1587 4553 1805 4607 viribus.
2023 4557 2177 4611 deest
2201 4554 2256 4606 in
2291 4552 2513 4607 Sozom.
2546 4549 2693 4605 Idem
2724 4549 2820 4611 ibi,
2851 4546 3126 4619 γενέσθαι.

416 4614 697 4693 (5_6)__l_i_aec
725 4615 964 4693 Epistula
982 4619 1173 4674 Latine
1189 4614 1436 4693 primum
1451 4614 1579 4693 data
1607 4622 1729 4685 fuit,
1752 4632 1809 4677 υι
1833 4636 1907 4680 ρει

2092 4625 2207 4691 (59)
2248 4620 2472 4693 Regius,
2502 4619 2744 4685 Sozom.,
2762 4614 3071 4690 ’Δρίμηνον.
3097 4616 3220 4672 Mox
3244 4618 3483 4683 Socrat.,
3507 4616 3619 4683 em.

343 4684 485 4759 apud
533 4684 796 4763 Hilarium
844 4686 1149 4763 fragmento
1181 4684 1234 4752 8,
1284 4690 1391 4750 col.
1416 4684 1763 4763 i_5H,-qnam
1812 4699 1920 4751 huc
2021 4684 2206 4750 ταύτό.

345 4755 710 4835 transcribere
738 4758 921 4835 visum
929 4755 1075 4835 ξιεεςιζ
1087 4759 1275 4814 Exstat
1317 4775 1382 4814 ea
1425 4755 1780 4835 Graece'apud
1813 4764 1919 4818 So-
2095 4765 2210 4835 (60)
2246 4760 2545 4835 Theodor.,
2568 4760 2811 4832 ἄριστον.
2832 4756 2958 4812 Mox
2981 4755 3195 4813 Socrat.
3224 4767 3277 4813 et
3299 4755 3615 4821 Theodor.,

345 4838 550 4907 cratem
579 4827 673 4907 lib.
703 4842 764 4892 ιι,
890 4828 993 4895 57;
1042 4828 1405 4907 Sozopieuttm
1455 4831 1557 4907 |_ib-.
1586 4827 1765 4907 Ivi-93
1804 4834 1907 4901 13:

2029 4827 2403 4907 τὴνέκπελαι.

346 4898 754 4969 'l‘heodorctum
805 4897 897 4953 lib.
934 4915 993 4961 ιι.
1037 4915 1088 4954 c.
1144 4900 1245 4965 i9;
1297 4898 1663 4969 Nicephorum
1711 4903 1805 4957 lib.
1841 4897 1917 4967 Ix,

345 4984 468 5039 cap.
507 4966 596 5039 40.
616 4964 795 5039 ΔΡιύιιῐ
825 4969 1032 5024 scilicet
1059 4973 1200 5037 apud
1233 4964 1608 5024 (Athanasium
1640 4988 1706 5027 ex
1731 4964 1928 5028 Graeco

346 5037 507 5164 Eersa
546 5037 775 5092 habetur
805 5040 979 5110 magis
1008 5040 1075 5094 ad
1109 5040 1455 5103 sententiam,
1487 5057 1652 5110 quam
1687 5044 1755 5097 ad
1801 5060 1923 5097 ver-

389 5125 500 5163 um.

389 5125 500 5163 um.

419 5176 636 5253 Titulus
680 5178 741 5253 in
777 5177 1366 5253 Socrateszggmzokl}
1420 5179 1521 5249 τῆς
1570 5182 1627 5253 ἐν
1664 5182 1935 5253 Ἀριμίνῳν

350 5248 566 5303 συνόδου
600 5247 743 5319 πρὸς
766 5249 856 5303 τὸν
885 5248 1106 5319 βασιλέα
1135 5247 1508 5303 Κωνστᾶντιον
1538 5270 1549 5280 ·
1591 5252 1644 5304 in
1679 5247 1928 5304 Theodo-

347 5330 496 5391 tcto:
516 5318 801 5391 Ἐπιστολὴ
822 5318 1072 5391 συνοδικὴ
1100 5320 1251 5391 παρὰ
1281 5320 1389 5391 τῷν
1418 5320 1603 5373 αὐτόθι
1632 5321 1925 5390 συνεληλυξ

349 5387 519 5473 θότων
549 5387 862 5442 ἐπισκόπων
897 5391 1033 5463 πρὸς
1061 5387 1165 5443 ’τὸν
1199 5390 1420 5461 βασιλέα
1460 5394 1733 5460 γραφεῖσα
1772 5387 1928 5447 Κωνρ

351 5474 514 5511 σταντ
521 5475 598 5511 ιον
607 5500 617 5511 .

424 5526 537 5600 (57)
577 5527 658 5600 Ex
685 5526 879 5584 Hilarii
922 5528 1228 5600 fragmento
1253 5530 1309 5594 8,
1341 5545 1394 5599 p.
1428 5530 1590 5589 1544.

423 5597 536 5669 (58)
577 5598 819 5662 Sozom.,
849 5600 920 5652 τά
958 5597 1029 5669 ,τε
1069 5600 1133 5651 ὲκ
1173 5601 1272 5669 τῆς
1300 5597 1395 5653 τοῦ
1427 5600 1562 5653 Θεοῦ
1592 5601 1919 5665 κελεύσεως.

349 5666 476 5727 Nox
508 5667 730 5739 Regius,
756 5668 1057 5734 εὐσεϐείας,
1081 5679 1133 5725 ι·ι
1176 5666 1246 5726 ita
1287 5687 1503 5743 quoque
1544 5671 1754 5729 Socrat.
1793 5672 1917 5729 Soz.

2096 4904 2209 4975 (61)
2250 4901 2496 4961 Sozom..
2530 4899 2752 4971 ἐφόρου.
2784 4896 2953 4952 Paulo
2981 4906 3106 4967 post
3134 4895 3434 4964 Theodor.,
3466 4914 3607 4952 κατη-

2025 4976 2316 5115 έχῗέἓῗῖι
2342 5041 2492 5115 deest
2527 5039 2790 5115 in_editis,
2825 5039 2917 5115 sed
2947 5037 3178 5093 habetur
3202 5038 3257 5115 i_n
3285 5035 3475 5115 Regio,
3500 5034 3606 5115 s9-

2030 5106 2167 5169 crat.
2194 5106 2723 5171 'Sozom.'l‘heodor..
2754 5109 2847 5179 qui
2873 5117 3186 5178 postremus
3220 5108 3384 5163 habet
3411 5106 3613 5177 μεταλ..

2032 5184 2214 5321 Ml(56013")
2257 5251 2492 5315 Socrat.,
2508 5267 2585 5321 ξε
2606 5261 2728 5318 post
2749 5248 3086 5304 διδασκαλία,

2102 5256 2192 5321 (65
2257 5256 2492 5315 Socrat.,
2521 5267 2581 5302 τε
2606 5261 2728 5318 post
2749 5256 3086 5304 διδασκαλία,

2102 5256 2216 5394 (64)
2256 5322 2474 5385 "ach
2562 5320 2875 5394 bvtgg,_xat
2899 5318 3214 5394 fpocesivai
3234 5334 3287 5394 τι
3317 5312 3619 5394 σφαλερόνι

2030 5385 2135 5450 non
2160 5385 2537 5459 exprimuntur
2562 5391 2616 5444 in
2660 5388 2877 5445 Latino.
2910 5385 3031 5443 Mox
3065 5388 3219 5459 Reg.,
3246 5385 3607 5455 ἀσφαλέσθαι,

2030 5467 2190 5520 male.
2220 5462 2492 5518 Theodor.
2518 5461 2722 5516 omittit
2748 5478 2820 5514 τι.

2103 5535 2217 5605 (65)
2261 5534 2505 5605 Sozom.,
2536 5530 2789 5605 γένηται.
2816 5530 2869 5585 in
2893 5545 3003 5602 quo
3033 5544 3158 5585 mox
3191 5526 3345 5583 deest
3364 5525 3459 5580 τοῦ
3479 5533 3610 5583 ante

2031 5600 2222 5661 ποῖειν.
2255 5604 2488 5669 Socrat.,
2529 5600 2787 5672 βούλοιτο.
2910 5600 2925 5602 ⁷
3122 5621 3134 5639 ι
