3822 6226
272 216 283 245 ί
306 258 425 324 ea)

894 265 954 323 S.
996 268 1370 325 ATHANASII
1410 270 1563 327 OPP.
1608 273 1790 329 PARS
1818 273 1860 329 ι.
1901 304 1966 317 -ι
2006 277 2376 337 HISTORICA
2436 281 2525 336 ET
2561 280 2979 338 DOGMATICA.

3481 286 3593 342 700

318 387 699 443 πιστώσασθαι
746 390 808 442 ἐκ
850 392 958 444 τῶν
992 393 1161 447 πάλαι
1188 394 1429 465 ἀρχαίων
1457 396 1552 449 καὶ
1579 396 1805 451 δικαίων
1832 398 2184 468 ὁρμωμένους
2207 400 2316 471 (81)
2337 418 2350 432 ’
2382 402 2432 454 οἶ
2474 402 2570 454 καὶ
2594 403 2693 473 τὴν
2716 402 2815 473 σὴν
2838 402 3251 467 ἀναδιδάξουσιν
3292 404 3583 474 ὁσιότητα,

311 485 400 539 ὅτι
427 486 543 555 οὐχ,
569 486 757 558 ὥσπερ
790 486 996 557 ἔφησαν
1029 491 1330 561 Οὐρσακιός
1354 509 1412 544 τε
1439 494 1533 545 καὶ
1555 493 1787 563 Οὐάλης,
1817 493 1967 546 ἔσται
2004 495 2193 566 εἰρήνη
2215 538 2228 560 ,
2264 496 2421 565 εἴπερ
2446 515 2496 550 τι
2524 498 2632 550 τῶν
2666 497 2884 550 δικαίων
2915 498 3274 569 ἀνατραπείη,
3317 497 3444 560 Πῶς
3474 497 3589 566 γὰρ

319 580 543 649 εἰρήνην
589 577 699 634 οἷόν
750 598 807 633 τε
856 582 1010 649 ἄγειν
1044 584 1169 646 τοὺς
1206 583 1303 654 τὴν
1355 585 1576 655 εἰρήνην
1627 584 2027 651 καταλύονταςς
2093 587 2292 657 μᾶλλον
2319 588 2428 659 γὰρ
2473 588 2590 658 ἔρις
2622 589 2715 642 καὶ
2754 590 2965 660 ταραχὴ
2993 592 3057 642 ὲκ
3090 589 3294 643 τούτων
3345 591 3442 643 σὺν
3465 593 3589 654 ταῖς

319 669 534 733 λοιπαῖς
555 671 744 726 πόλεσι
767 677 859 726 καὶ
888 678 953 746 τῇ
985 675 1094 728 τῶν
1129 676 1415 745 Ῥωμαίων
1461 676 1760 749 Ἐκκλησία
1787 677 2098 747 γενήσεται.

396 760 482 815 Ill.
509 755 589 814 Oh
616 778 779 831 quam
818 780 932 818 rem
964 773 1112 818 tuam
1141 782 1399 834 rogamus
1425 768 1794 834 clementiam,
1827 780 1886 825 ut
1916 814 1921 825 .

2058 767 2149 821 Διὸ
2176 768 2238 838 δὴ
2266 768 2712 840 ἰκετεύομεντήν
2777 768 2875 840 σήν
2917 769 3248 835 ἐπιείκειαν,
3296 772 3383 827 ῖνα
3415 793 3583 847 προσ-

320 852 552 922 placidis
594 854 823 909 auribus
845 865 899 909 et
924 872 1122 910 sereno
1163 858 1316 911 vultu
1366 859 1654 915 universos
1698 861 1909 931 legatos

2027 859 2192 929 ινέσιν
2214 861 2401 923 ἀκοαῖς
2427 860 2521 913 καὶ
2552 859 2830 931 γαληναίῳ
2847 860 3116 931 βλέμματι
3138 864 3264 926 τοὺς
3285 866 3585 938 ἡμετέρους

326 953 546 998 nostros
590 953 644 999 et
684 947 950 1015 respicias
979 956 1032 1000 et
1061 949 1256 1003 audias
1291 966 1304 1000 :
1354 965 1491 1005 neve
1534 951 1739 1021 aliquid
1784 969 1909 1022 per-

325 1041 511 1095 mittat
540 1042 833 1096 clementia
874 1055 965 1097 tua
1002 1045 1204 1111 injuria
1232 1056 1477 1100 veterum
1513 1050 1783 1115 convelli;
1815 1051 1910 1106 sed

329 1149 557 1188 manere
587 1149 689 1199 ea,
727 1151 851 1204 quae
893 1151 922 1189 a
968 1137 1275 1205 majoribus
1335 1139 1540 1194 nostris
1574 1142 1907 1210 accepimus,

327 1240 469 1295 quos
509 1224 680 1279 fuisse
709 1236 761 1277 et
786 1227 1178 1294 prudentes,et
1206 1228 1324 1282 sine
1354 1228 1562 1296 Spiritu
1600 1241 1791 1285 sancto
1815 1232 1909 1287 Dei

326 1331 442 1370 non
477 1317 655 1385 egisse
683 1318 1037 1383 confidimus,
1109 1321 1237 1387 quia
1279 1321 1382 1374 ista
1418 1324 1655 1378 novitate
1683 1339 1789 1377 non
1822 1341 1913 1379 so-

330 1408 446 1462 lum
480 1409 668 1463 fideles
697 1411 883 1478 populi
915 1412 1218 1479 perturbati
1252 1421 1401 1474 sunt,
1428 1431 1613 1468 verum
1637 1416 1800 1469 etiam
1830 1417 1914 1469 in-

326 1500 524 1556 ﬁdeles
554 1500 620 1555 ad
665 1502 1044 1557 credulitatem
1075 1513 1331 1558 vetantur
1358 1506 1639 1561 accedere.
1677 1505 1913 1561 Oramus

334 1593 500 1646 etiam
529 1600 589 1645 ut
625 1593 909 1661 praecipias
938 1602 1015 1647 tot
1039 1595 1349 1664 episcopos,
1379 1597 1471 1665 qui
1498 1596 1746 1650 Arimino
1777 1596 1915 1651 deti-

334 1691 556 1745 nentur,
596 1683 734 1735 inter
767 1699 906 1752 quos
942 1684 1164 1752 plurimi
1211 1686 1454 1755 suntqui
1483 1692 1642 1739 :etate
1685 1695 1739 1740 et
1779 1701 1916 1755 pau-

335 1779 547 1842 pertate
574 1769 770 1824 defecti
800 1780 949 1835 sunt,
980 1773 1044 1825 ad
1077 1789 1231 1827 suam
1260 1774 1596 1842 provinciam
1622 1789 1867 1829 remeare
1895 1814 1911 1838 ,

337 1878 409 1917 ne
443 1862 690 1917 destituti
740 1864 857 1917 suis
895 1865 1167 1933 episcopis
1207 1864 1456 1920 laborent
1500 1866 1684 1934 populi
1731 1865 1917 1920 Eccle-

331 1956 575 2011 aiarum.
612 1954 725 2009 Hoc
748 1957 910 2009 etiam
942 1957 1284 2026 frequentius
1304 1958 1669 2027 postulamus,
1702 1959 1915 2013 utnth

338 2046 654 2105 innovetur,
681 2047 817 2099 nihil
848 2048 1126 2101 minuatur
1152 2065 1166 2113 ;
1194 2049 1287 2103 Sed
1313 2057 1570 2103 maneant
1596 2050 1914 2119 incorrupta

2009 951 2605 1023 πρέσϐειςσάθρήσειας,
2637 953 2771 1022 μήτε
2808 951 2922 1024 (βὲι
2961 953 3093 1024 πρὸς
3124 952 3280 1025 ὕϐριν
3312 956 3422 1009 τῶν
3446 974 3587 1010 τετε-

2008 1040 2345 1110 λευτηκότων
2407 1040 2589 1094 καινόν
2642 1058 2693 1093 τι
2757 1041 3140 1110 μεταλλάττειν
3196 1044 3578 1115 ἐπιτρέψειας·

2009 1132 2121 1184 ἀλλ’
2154 1132 2321 1204 ἐάσῃς
2343 1132 2601 1201 ἐμμένειν
2640 1133 2786 1203 ἡμᾶς
2811 1135 2922 1195 τοῖς
2967 1133 3122 1205 παρά
3157 1134 3266 1189 τῶν
3305 1137 3595 1207 προγόνων

2009 1224 2270 1295 ὁρισθεῖσί
2303 1242 2360 1278 τε
2395 1226 2490 1278 καί
2515 1225 3025 1296 νενομοθετημένοις
3045 1243 3059 1257 ·
3090 1225 3181 1291 οὓς
3209 1227 3427 1281 ἅπαντα
3448 1231 3584 1299 μετά

2011 1314 2290 1384 ἀγχινοίας
2317 1331 2377 1365 τε
2426 1314 2519 1365 καὶ
2562 1313 2874 1384 φρονήσεως
2926 1313 3019 1365 καὶ⁵
3054 1313 3370 1384 Πνεύματος
3427 1316 3585 1383 ἁγίου

2015 1405 2369 1474 πεποιηκέναι
2392 1406 2666 1473 φήσαιμεν
2692 1404 2776 1457 ἄν.
2810 1403 2891 1455 Τά
2917 1403 3027 1474 γὰρ
3058 1402 3153 1456 νῦν
3197 1405 3328 1476 παρ’
3358 1406 3586 1460 ἐκείνων

2012 1496 2475 1565 καινοτομούμενα
2520 1499 2630 1559 τοῖς
2683 1495 2780 1565 μὲν
2804 1494 3153 1547 πιστεύσασιν
3191 1495 3447 1549 ἀπιστίαν
3488 1499 3612 1568 ἐμοι

2014 1588 2156 1639 ποιεῖ
2177 1586 2308 1654 (85),
2339 1589 2451 1648 τοῖς
2474 1585 2530 1637 δὲ
2574 1583 2893 1637 ἀπιστοῦσιν
2934 1584 3209 1655 ὠμότητα.
3252 1586 3588 1657 ’ἰκετεύομεν

2012 1678 2068 1730 δὲ
2102 1677 2211 1741 ἔτι,
2252 1677 2338 1729 ἵνα
2383 1676 2647 1747 κελεύσῃς
2682 1676 3013 1738 ἐπισκόπους
3053 1678 3179 1740 τούς
3216 1678 3275 1730 ὲν
3322 1677 3433 1747 (84)
3467 1682 3592 1741 ταῖς

2014 1769 2338 1832 ἀλλοδαπαῖς
2370 1769 2763 1840 διατρίϐοντας,
2785 1766 2878 1831 οὒς
2902 1768 2996 1820 καὶ
3028 1770 3088 1822 τὸ
3116 1770 3215 1840 τῆς
3241 1770 3455 1840 ήλικίας
3475 1773 3593 1825 ὲπί-

2015 1878 2175 1916 πονον
2204 1863 2297 1915 καὶ
2327 1862 2388 1914 τὸ
2418 1862 2517 1931 τῆς
2569 1860 2761 1923 πενίας
2807 1859 2984 1923 ἐνδεὲς
3022 1860 3229 1932 τρύχει,
3261 1863 3359 1933 τὴν
3389 1865 3467 1927 εἰς
3520 1864 3595 1916 τὰ

2014 1957 2189 2008 οίκεῖα
2211 1953 2541 2024 ἀνακομιδὴν
2568 1953 2756 2024 ῥᾳδίαν
2781 1954 3135 2025 ποιήσασθαι·
3167 1954 3253 2007 ἵνα
3274 1954 3347 2024 μὴ
3369 1952 3592 2024 ἔρημοι,

2014 2045 2123 2098 τῶν
2150 2046 2461 2098 ἐπισκόπων
2494 2045 2889 2115 ἀφωρισμένων
2917 2045 3049 2115 (85),
3070 2045 3457 2115 αἱἘκκλησίαι
3484 2046 3598 2101 δια-

337 2150 464 2204 qua:
491 2136 664 2204 patris
696 2146 897 2191 sancta:
924 2138 1139 2204 pietatis
1183 2147 1288 2193 tuae
1338 2140 1676 2209 temporibus
1719 2148 1775 2194 et
1804 2141 1912 2194 tuis

2027 2138 2269 2204 κένωσιν.
2304 2138 2423 2189 Ἔτι
2453 2137 2509 2190 δὲ
2540 2138 2673 2208 πρὸς
2704 2138 2875 2190 ἆπασι
2899 2137 2994 2191 καὶ
3018 2130 3174 2190 τοῦτο
3200 2136 3464 2207 δεόμεθα,
3505 2138 3597 2191 ἵνα

340 2227 615 2297 religiosis
646 2228 863 2283 saeculis
888 2241 1329 2298 permanserunt.
1356 2230 1467 2287 Nec
1494 2231 1605 2301 jam
1640 2247 1741 2288 nos
1785 2232 1912 2286 fati-

337 2318 462 2386 gari
489 2325 586 2374 aut
615 2319 844 2371 convelli
870 2334 897 2372 a
930 2319 1152 2375 sedibus
1177 2322 1383 2376 nostris
1427 2329 1519 2375 tua
1566 2332 1755 2377 sancta
1785 2338 1919 2391 pru-

342 2408 529 2463 (lentia
559 2408 839 2477 permittat
865 2449 881 2474 ,
912 2409 1007 2465 sed
1047 2411 1214 2480 quieti
1256 2422 1447 2466 vacent
1481 2427 1696 2481 semper
1724 2420 1915 2481 postu-

338 2498 662 2563 iationibus,
712 2515 850 2569 quas
888 2499 1091 2554 habent
1116 2516 1332 2570 semper
1381 2510 1437 2553 et
1470 2516 1567 2570 pro
1597 2501 1772 2556 salute
1800 2511 1915 2567 tua,

338 2595 398 2640 et
423 2602 520 2655 pro
547 2603 716 2658 regno
745 2596 862 2654 tuo,
896 2597 950 2642 et
998 2605 1098 2659 pro
1144 2605 1278 2660 pace
1305 2606 1469 2660 quam
1520 2592 1614 2645 tibi
1651 2590 1920 2647 Divinitaa

342 2692 445 2747 pro
475 2679 683 2734 meritis
713 2680 823 2735 tuis
851 2680 1181 2750 profundam
1207 2691 1257 2736 et
1281 2691 1598 2751 perpetuam
1632 2683 1915 2754 largiatur.

294 2828 295 2831 η
344 2768 531 2837 Legati
563 2779 746 2824 autem
801 2772 974 2825 nostri
1025 2780 1079 2825 et
1122 2773 1554 2841 subscriptiones
1592 2785 1645 2827 et
1698 2774 1921 2827 nomina

337 2860 729 2929 episcoporum
778 2862 861 2917 vel
907 2863 1209 2931 legatorum
1234 2862 1542 2932 perferent,
1588 2865 1731 2918 sicut
1776 2865 1922 2918 idem

341 2951 454 3004 alia
477 2952 749 3021 scriptura
774 2952 997 3006 instruit
1031 2963 1179 3006 tuam
1214 2959 1459 3007 sanctam
1503 2954 1922 3023 religiosamque

346 3042 715 3110 prudentiam.

2019 2228 2183 2299 μηδὲν
2216 2230 2353 2298 μήτε
2379 2227 2602 2302 ἐλλείπῃ
2626 2230 2732 2282 τῶν
2760 2229 3247 2301 προῦπαρξάντων,
3277 2247 3411 2300 μητε
3443 2230 3600 2283 πλεο-

2016 2312 2166 2377 νάζοι
2193 2330 2207 2345 ο
2245 2314 2380 2367 ἀλλὰ
2410 2315 2586 2368 πάντα
2616 2316 2865 2387 ἄρρηκτα
2917 2317 3166 2388 διαμείνῃ
3217 2317 3350 2388 (86),
3398 2320 3461 2372 ὲκ
3492 2319 3625 2390 τῆς

2015 2403 2115 2457 τοῦ
2149 2404 2241 2458 σοῦ
2269 2408 2478 2477 πατρδς
2500 2407 2779 2471 εὐσεϐείας
2809 2408 2903 2460 καὶ
2922 2410 3001 2471 εἰς
3021 2409 3110 2461 τὸν
3133 2407 3227 2461 νῦν
3258 2408 3448 2480 χρόνον
3481 2409 3601 2478 (87)

2022 2497 2485 2569 διαφυλαττόμενα
2506 2518 2520 2530 ο
2556 2500 2693 2569 μήτε
2721 2498 2906 2552 λοιπὸν
2932 2501 3079 2571 ἡμᾶς
3105 2500 3341 2571 μοχθεῖν,
3376 2502 3470 2554 καὶ
3488 2500 3605 2555 τῶν

2024 2588 2237 2642 οἰκείων
2281 2590 2661 2661 παροικήσεων
2698 2589 3011 2661 ἀλλοτρίους
3053 2591 3401 2664 ἐπιτρέψειας
3454 2593 3607 2661 γίνεσ-

2029 2681 2149 2734 σθαι
2181 2681 2328 2751 (88)·
2353 2681 2468 2736 ἀλλ’
2500 2682 2585 2734 ἵνα
2615 2684 2672 2735 οἰ
2690 2682 2978 2735 ἐπίσκοποι
3011 2683 3106 2735 σὺν
3124 2685 3239 2745 τοῖς
3269 2683 3419 2747 ἰδίοις
3451 2683 3609 2747 λαοῖς

2027 2774 2145 2841 μετ’
2167 2773 2390 2843 εἰρήνης
2419 2775 2499 2837 εἰς
2527 2773 2689 2843 εὐχάς
2706 2790 2766 2825 τε
2789 2774 2881 2825 καὶ
2906 2773 3159 2844 λατρείας
3176 2775 3369 2845 σχολὴν
3396 2774 3603 2842 ἄγοιεν,

2029 2862 2360 2926 ἱκετεύοντες
2408 2864 2547 2935 ὑπὲρ
2579 2864 2802 2935 τῆςσῆς
2826 2863 3123 2934 βασιλείας,
3175 2866 3270 2918 καὶ
3304 2866 3605 2937 σωτηρίας,

2028 2955 2123 3006 καὶ
2155 2955 2376 3025 εἰρήνης
2403 2993 2418 3017 ,
2454 2956 2519 3024 ἣν
2554 2956 2587 3024 ή
2617 2955 2842 3027 Θειότης
2876 2956 2985 3027 (89)
3016 2974 3097 3010 σοι
3143 2958 3224 3019 εἰς
3261 2956 3322 3010 τὸ
3359 2956 3627 3027 διηνεκὲς

2028 3049 2317 3117 χαριεῖται.
2353 3048 2415 3099 Ol.
2438 3047 2493 3099 δὲ
2533 3048 2788 3119 ήνμέτεροι
2820 3047 3077 3119 πρέσϐεις
3119 3048 3218 3111 τάς
3256 3065 3316 3101 τε
3358 3049 3613 3119 ὑπογραοο

349 3135 456 3205 φὰς
486 3138 576 3190 καὶ
604 3137 703 3200 τὰς
730 3136 836 3190 τῶν
864 3137 1177 3191 ἐπισκόπων
1193 3139 1563 3210 προσηγορίας
1578 3138 1914 3211 κομίζουσιν,
1952 3139 2147 3203 οἵτινες
2180 3143 2282 3193 καί.⁴
2322 3139 2381 3205 ἐξ
2425 3141 2601 3194 αὐτῶν
2632 3142 2739 3194 τῶν
2780 3141 2938 3194 θείων
2970 3141 3008 3193 Γ
3012 3140 3198 3212 pateth
3219 3140 3348 3213 (90),
3379 3142 3480 3212 τὴν
3507 3140 3639 3211 σὴν.

348 3226 754 3293 ἀναδιδάξουσιν
792 3227 1066 3299 ὁσιότητα.

771 3319 1176 3377 DECRETUM
1215 3319 1517 3376 SYNODF.

423 3409 511 3465 Η.
539 3408 813 3476 Quantum
831 3410 1035 3475 decuit,
1060 3411 1260 3467 fratres
1293 3410 1628 3474 charissimi;
1653 3410 1927 3467 catholica

352 3503 597 3575 synodus
622 3503 939 3572 patientiam
970 3503 1194 3566 habuit,
1227 3511 1283 3557 et
1328 3504 1473 3573 piam
1511 3503 1809 3558 Ecclesiam
1840 3511 1926 3558 to-

357 3595 458 3649 ties
486 3593 734 3649 exhibuit
763 3593 919 3662 juxta
942 3592 1230 3649 Ursacium
1263 3603 1318 3649 et
1348 3593 1630 3650 Valentem
1653 3636 1668 3662 ,
1715 3594 1928 3652 Germi-

356 3686 530 3752 nium,
558 3685 753 3740 Gaium
784 3684 875 3757 (et
908 3684 1276 3757 Auxentium)
1303 3704 1318 3752 ;
1349 3687 1440 3757 qui
1475 3688 1634 3742 toties
1664 3688 1928 3743 mutando

357 3779 502 3848 quod
527 3778 899 3845 crediderant,
924 3794 1118 3833 omnes
1149 3778 1425 3835 Ecclesias
1466 3781 1845 3845 turbaverunt,
1876 3789 1931 3835 et

2278 3317 2657 3369 ΑηοφΑΣιΣ·
2699 3319 2836 3371 ΤΗΣ
2875 3318 3220 3371 marmor
3245 3316 3380 3384 (si).

2102 3406 2191 3461 Η.
2228 3405 2376 3470 Ἕως
2403 3407 2675 3477 προσῆκον
2708 3403 2775 3477 ἦν
2818 3407 2913 3461 καὶ
2949 3407 3203 3472 δυνατὸν,
3255 3407 3476 3475 ἀδελφοὶ¹
3524 3426 3641 3463 τιο-

2030 3498 2314 3572 μιώτατοι,
2352 3501 2384 3568 ή
2413 3498 2677 3569 καθολικὴ
2711 3498 2931 3563 σύνοδος
2957 3500 3052 3553 καὶ
3077 3500 3110 3570 ή
3139 3499 3270 3567 ἁγία
3307 3498 3615 3570 Ἐκκλησία

2026 3594 2092 3660 τῇ
2124 3591 2229 3662 ἰδίᾳ
2261 3591 2503 3661 ὑπομονῇ
2533 3590 2628 3644 καὶ
2652 3590 2972 3661 ἀνεξικακίᾳ
3000 3590 3230 3661 ήνεγκεν
3252 3591 3352 3644 οὐκ
3367 3592 3619 3660 ἀγεννῶς

2029 3682 2350 3752 Οὐρσὰκιον,
2371 3682 2465 3734 καὶ
2493 3681 2729 3752 Οὐάλην,
2758 3683 2853 3735 καὶ
2867 3682 3046 3745 Γαῖον,
3066 3684 3159 3736 καὶ
3175 3683 3482 3754 Γερμίνιον,
3518 3687 3615 3738 καὶ

2029 3772 2315 3837 Αὐξέντιον
2337 3772 2467 3843 (92)·
2499 3773 2692 3836 οἵτινες
2712 3773 2896 3827 ἄλλοτε
2921 3774 3056 3827 ἀλλα
3080 3773 3399 3845 φρονοῦντες
3430 3776 3621 3839 πάσας

359 3884 509 3923 nunc
538 3880 808 3923 conantur
838 3869 1157 3947 hrereticum
1206 3871 1451 3925 animum
1488 3887 1649 3927 suum
1693 3872 1921 3927 inserere

2031 3864 2130 3927 τὰς
2162 3863 2489 3935 Ἐκκλησίας
2520 3863 2910 3935 συνετάραξαν,
2947 3866 2996 3917 οἳ
3017 3867 3108 3920 καὶ
3135 3865 3229 3919 νῦν
3262 3867 3617 3937 ἐπιχειρῆσαι

358 3960 560 4015 animis
583 3960 933 4017 Christianis.
965 3960 1295 4015 Subvertere
1323 3962 1469 4015 enim
1513 3963 1705 4017 volunt
1734 3973 1921 4019 tracta-

2033 3954 2399 4025 τετολμήκασι
2430 3954 2519 4007 τὸν
2552 3955 2822 4026 αἱρετικὸν
2852 3957 3110 4027 λογισμὸν
3150 3961 3216 4028 τῇ
3263 3957 3369 4010 τῶν
3394 3957 3620 4030 ὀρθοδόο

358 4059 476 4104 tum
511 4051 753 4105 habitum
798 4051 940 4120 apud
972 4049 1230 4113 Nicaeam,
1261 4050 1430 4120 580
1477 4053 1578 4121 qui
1601 4052 1812 4121 positus
1851 4062 1921 4108 est

2037 4043 2140 4108 ξων
2174 4044 2349 4096 πίστει
2374 4044 2627 4112 συνάψαι,
2650 4045 2743 4097 καὶ
2770 4043 3013 4097 διαλῦσαι
3044 4045 3143 4115 τὴν
3176 4048 3233 4098 ὲν
3255 4046 3459 4117 Νικαίᾳ
3490 4045 3623 4099 σύν-

360 4149 552 4194 contra
576 4141 833 4194 Arianam
870 4142 1122 4196 haeresim
1157 4149 1213 4195 et
1234 4150 1481 4196 crateras.
1508 4141 1823 4198 Attulerunt
1843 4160 1921 4197 no

2036 4134 2155 4186 οδον
2191 4174 2205 4198 ,
2264 4134 2385 4204 ἥτις
2431 4133 2727 4203 ἀντίμαχος
2756 4134 2989 4204 ὑπάρχει
3034 4137 3098 4204 τῇ
3157 4133 3265 4186 τῶν
3319 4134 3621 4201 Ἀρειανῶν

362 4231 450 4286 bis
475 4238 728 4299 praeterea
761 4231 1133 4299 conscriptam
1165 4249 1194 4285 a
1240 4246 1300 4285 se
1345 4232 1504 4285 fidem
1531 4272 1555 4297 ,.
1589 4248 1750 4301 quam
1795 4235 1921 4288 reci-

2038 4225 2281 4296 αἱρέσει·
2335 4223 2531 4287 ἔξωθεν
2578 4224 2711 4277 ἰδίαν
2761 4224 2883 4277 τινὰ
2933 4225 3028 4278 καὶ
3055 4224 3489 4295 ἀλλοτριωτάτην
3513 4226 3622 4296 τῆς

367 4337 493 4393 pere
514 4337 614 4377 nos
648 4336 756 4375 non
791 4322 1012 4377 licebat.
1049 4320 1168 4376 Jam
1204 4323 1422 4392 quidem
1448 4324 1683 4379 haeretici
1710 4325 1921 4379 antehat

2039 4316 2348 4386 ἁγιωτάτης
2391 4316 2712 4388 Ἐκκλησίας
2737 4320 3139 4386 συγγραφεῖσαν
3166 4316 3342 4370 πίστιν
3376 4317 3623 4386 προσφέο

365 4414 524 4471 nobis
548 4413 881 4484 pronuntiati
912 4422 1074 4478 sunt,
1115 4421 1171 4468 et
1200 4414 1386 4470 multis
1421 4414 1618 4469 diebus
1658 4424 1742 4470 est
1784 4431 1921 4471 cetn‘

2044 4425 2227 4479 ροντες
2248 4424 2262 4438 ·
2294 4408 2483 4478 ήντινα
2508 4410 2655 4480 ἡμᾶς
2679 4408 2929 4475 δέξασθαι
2963 4410 3216 4483 ἀθέμιτον
3257 4412 3584 4482 ἡγησάμεθα
3602 4428 3617 4441 ·

440 4597 837 4678 (8¹1)Α8οκοιῐι2
872 4594 1120 4678 ἀρχαία-Ἦ
1170 4594 1393 4678 δικαίως
1420 4596 1921 4678 deterrimam-Mor

2049 4604 2195 4678 ἰδίων
2233 4606 2636 4678 παροικήσεων.
2667 4604 3343 4678 ΑἸξὴεοάοτηηάλλοτρίους
3402 4606 3623 4678 ἐπιτρέ-

440 4613 554 4668 tua)
595 4613 837 4657 bozom.,
872 4613 1115 4668 ἀρχαιων
1170 4613 1393 4659 οικαιως
1446 4613 1787 4719 ωὲισμενων.
1817 4613 1921 4668 tuo:

366 4668 503 4749 ἷξες.
551 4666 765 4749 Sperat.
802 4666 1024 4749 Somni.
1060 4666 1354 4749 Theodon,
1389 4667 1457 4720 οἴ.
1541 4668 1659 4731 diti,
1689 4670 1762 4749 ρὶ.
1803 4667 1915 4749 Ibid

2049 4613 2195 4657 ἰδίων
2233 4613 2636 4677 παροικήσεων.
2681 4613 2980 4668 'l‘heodor.,
3032 4613 3343 4677 ἀλλοτρίους
3402 4613 3623 4678 ἐπιτρέ-

2043 4675 2202 4749 ψειας
2255 4674 2524 4749 γενέσθαι.
2582 4675 2744 4749 Editi,
2806 4676 3173 4749 ὲτπτρέψε-ιςη
3229 4674 3332 4749 S_ed
3414 4675 3623 4749 Regius

369 4737 528 4806 ιιθςξη
560 4737 846 4817 ἀθεᾴτητα,
879 4737 1263 4817 sedusecunda
1313 4752 1475 4817 manu
1522 4741 1773 4817 superius
1805 4739 1921 4793 scri

2050 4737 2658 4817 ἰιιιιιίιιεξὲπιτρέψειας.
2691 4746 2812 4817 Μοχ
2861 4737 3199 4817 Re'g.'Basil.
3236 4744 3451 4817 ξριτιξ.
3487 4737 3618 4802 Sex.

370 4805 520 4877 ptum
550 4820 633 4863 est
656 4805 927 4878 ὁσιότητα.
961 4805 1083 4861 Mox
1112 4824 1172 4860 τε
1205 4815 1327 4876 post
1364 4805 1667 4878 Οὺρσάκιος
1717 4810 1869 4863 abest
1912 4826 1921 4861 :

2049 4805 2283 4873 Theod..
2303 4817 2352 4868 οἱ
2375 4805 2681 4871 ἐπίσκοποι.
2708 4814 2765 4868 1η
2791 4805 3022 4870 οάἰιίενοί
3043 4816 3212 4870 deest.
3236 4814 3359 4868 Mox
3386 4814 3633 4879 Theod.._

373 4881 631 4957 δυβιυμ.-
948 4948 996 4957 __
1057 4946 1091 4957 _
1171 4947 1183 4957 _
1362 4955 1369 4957 Α
1402 4947 1434 4957 ﬂ
1641 4948 1701 4957 __
1812 4950 1824 4957 _
2052 4884 2252 4957 obuia?)
2279 4884 2391 4957 ἰδίῳ
2412 4885 2525 4957 λαῷ
2560 4888 2913 4957 μετέἰρήνης
2942 4888 3127 4957 εὐχαῖς
3148 4902 3207 4957 τε
3229 4885 3321 4957 καὶ
3342 4885 3625 4954 λατρείαις

444 4949 555 5020 (82)
598 4949 792 5004 Sozom
823 4990 838 5016 ,
865 4948 1021 5021 μηδὲ.
1055 4946 1223 5002 Paulo
1254 4955 1378 5017 post
1401 4947 1912 5004 Sozom.Theodor.

2052 4946 2247 5027 σχολὴν
2278 4946 2462 5027 ἀγόιεν
2498 4946 2671 5009 Paulo
2699 4946 2820 5027 post
2853 4946 3321 5026 ἰῦεωξβασιλείας
3358 4973 3418 5009 τε
3447 4946 3571 5011 καί.

371 5021 571 5097 ἰάσεις·
600 5088 631 5097 _
877 5092 889 5097 ,
1041 5088 1052 5097 .

2087 5021 2234 5097 “(8‘3
2276 5021 2570 5097 Theodon,
2601 5028 2634 5097 ή
2666 5021 2876 5096 θεότης.

598 5088 815 5167 ἓοξοιη.
829 5131 842 5154 ,
874 5088 1137 5167 ιένεποίι-ξιΣ

2124 5088 2236 5165 (90)
2279 5095 2522 5162 Sozom.,
2560 5088 2936 5167 γραμμάτων,
2982 5104 3036 5150 et
3084 5111 3227 5151 mox.
3268 5095 3434 5161 idem,
3485 5094 3627 5149 Θειὸὲ

445 5158 561 5223 (84')
602 5162 734 5224 Ταῖς
761 5162 913 5216 deest
939 5161 1079 5228 apud
1108 5158 1325 5213 Sozom.

445 5231 558 5303 (85)
599 5230 894 5303 ΤΙιεοόοΓ.,
930 5233 1113 5303 ἀφῃρη
1124 5228 1319 5303 μένων.

447 5298 558 5366 (86)
602 5301 844 5367 Sozom.,
877 5298 1131 5372 διαμένῃ,
1166 5310 1221 5354 et
1249 5300 1302 5352 in
1348 5299 1538 5353 eodem
1583 5298 1675 5352 καί
1708 5313 1945 5370 sequens

601 5440 897 5509 Theodor.,
935 5444 1015 5506 εἰς
1045 5442 1136 5496 τὸν
1162 5441 1257 5497 νῦν
1301 5441 1395 5495 καὶ
1428 5441 1509 5503 εἰς
1537 5439 1629 5493 τὸν
1662 5440 1787 5512 ἑξῆς
1817 5440 1947 5511 χρό-

378 5527 564 5654 νφὶδὸ)
605 5580 969 5654 δυσνομηκαὶ
1001 5583 1157 5647 ἐκτὸς
1184 5582 1293 5636 τῶν
1326 5581 1472 5654 ἰδίων
1502 5580 1801 5654 παροικιῶν
1826 5580 1948 5654 ἐτει-

379 5651 635 5723 mem;
681 5652 950 5720 γενέσθαι.
1000 5655 1215 5708 Sozom.
1258 5662 1311 5708 et
1361 5649 1652 5719 Theudoi‘.,
1705 5651 1798 5705 καὶ
1839 5649 1944 5704 τῶν

2050 5181 2231 5306 )
2247 5235 2399 5306 Apud
2414 5236 2582 5289 Hilar.
2612 5234 2866 5306 fragm.7,
2881 5235 3151 5298 coH'542,
3175 5235 3318 5306 unde
3333 5242 3626 5306 contextus

2054 5303 2641 5374 Latinus—desumptus
2678 5313 2781 5367 est,
2820 5305 3015 5375 legitur
3045 5304 3385 5375 Grzrcianum
3420 5320 3450 5358 a
3476 5303 3627 5359 Calle

2053 5377 2328 5429 decretum
2358 5376 2485 5429 illud
2523 5376 2811 5445 protulisse
2858 5374 2890 5430 ιθ
2924 5377 3068 5445 quod
3104 5392 3225 5430 cum
3279 5374 3473 5429 Latine
3516 5376 3629 5441 priq

2055 5462 2204 5500 mum
2233 5447 2436 5501 editum
2474 5445 2656 5513 fuerat,
2680 5455 2741 5500 ut
2768 5446 2965 5500 ibidem
3002 5446 3165 5517 jacet,
3192 5446 3379 5501 Graece
3405 5460 3637 5500 versum

2051 5526 2234 5659 05:92)
2274 5584 2604 5642 Auxentium
2639 5584 2838 5641 omittit
2862 5582 3102 5665 Hilarius
3132 5586 3198 5641 de
3228 5599 3399 5640 more.
