3822 6226
104 256 202 314 τοι

1574 265 1665 319 DE
1702 265 2013 324 SYNODIS.

3286 270 3388 326 702

104 376 340 431 ἔκπαλαι
367 378 493 451 γάρ
519 372 668 434 οὗτοι
697 380 964 453 αἱρετικοὶ
986 381 1138 447 ὄντες
1169 384 1265 438 καὶ
1288 385 1543 441 τάναντία
1581 404 1703 457 φρο-

1820 391 2108 459 probatum
2143 406 2157 443 :
2191 407 2332 461 quos
2360 404 2414 449 et
2442 396 2509 451 ad
2542 400 2789 450 nostram
2814 394 3252 449 communionem
3275 409 3386 449 non

106 467 323 532 νοῦντες
347 470 454 524 καὶ
491 471 600 525 νῦν
627 472 1025 546 ἀπεδείχθησαν
1047 491 1061 504 ·
1101 473 1195 539 οὒς
1222 476 1359 547 πρὸς
1383 477 1479 549 τὴν
1517 479 1715 549 ἡμετέ-

107 578 205 633 ραν
233 561 547 615 κοινωνίαν
603 563 873 617 συνελθεῖν
919 565 1020 617 οὐκ
1062 566 1460 639 ἐπιτρέπομεν,
1499 572 1566 642 τῇ
1609 570 1715 643 ἰδία

107 657 252 726 φωνῇ
293 654 603 725 παρόντας
646 656 845 720 αὐτοὺς
897 659 1362 730 κατακρίναντες,
1394 662 1487 714 καὶ
1517 661 1713 716 καθαιι-

108 746 348 817 ροῦντες.
384 745 516 801 Νῦν
569 747 769 812 τοίνυν,
800 749 938 820 ὅπερ
984 750 1148 815 δοκεῖ,
1193 752 1579 823 ἀποφήνασθε·
1627 754 1714 807 ἵνα

107 840 219 903 Evt;
258 840 511 894 ἑκάστου
561 843 594 912 ἡ
643 840 845 910 γνῶσις
882 843 947 895 ὲκ
988 842 1089 912 τῆς
1136 843 1457 914 ὑπογραφῆς
1501 843 1586 916 εἴη
1625 845 1713 915 βέ-

106 929 273 991 ϐαιος.
305 929 702 1000 Ὀμοθυμαδὸν
723 931 771 983 οί
798 932 1088 1003 ὲπίσκρποι
1118 933 1418 1004 φάσκομεν·
1445 935 1508 987 Oi
1530 952 1714 1006 προει-

111 1023 331 1095 ρημένοι
371 1025 577 1096 ἐχθροὶ
601 1024 1014 1094 καθαιρεθῶσιν,
1048 1025 1134 1079 ἵνα
1171 1028 1204 1097 ἡ
1240 1026 1498 1097 καθολικὴ
1532 1027 1713 1092 πίστις

107 1118 165 1169 ὲν
195 1117 391 1187 είρήνῃ
427 1116 719 1188 διαμείνῃ.
754 1118 863 1170 Καὶ
885 1117 951 1171 τά
985 1118 1084 1188 μὲν
1116 1120 1174 1173 ἐν
1211 1121 1278 1190 τῇ
1314 1118 1710 1190 Ἀριμίνῳ(95)

110 1205 425 1276 πραχθέντα
447 1210 684 1277 ταχεῖαν
717 1209 813 1261 καὶ
842 1208 1094 1280 τοιαύτην
1144 1207 1269 1279 ἔσχε
1314 1207 1412 1279 τὴν
1448 1208 1708 1261 διάλυσιν.

110 1293 295 1359 Οὐδεὶς
325 1296 446 1368 γὰρ
476 1298 978 1370 ὲκεῖδιεερώνησεν,
1015 1298 1151 1352 ἀλλά
1172 1299 1372 1363 πάντες
1408 1298 1712 1370 συμφώνως

109 1386 181 1452 ὡς
211 1387 471 1462 ἔγραψαν
507 1389 583 1444 τά
615 1390 860 1458 δόξαντα,
902 1393 998 1445 καὶ
1043 1392 1172 1455 τοὺς
1217 1391 1522 1462 Ἀρειανοὺς
1581 1390 1713 1444 καθ-

108 1480 210 1553 ᾑρη
218 1498 316 1535 σαν
343 1482 463 1553 (94)
475 1522 503 1536 .-

178 1571 263 1625 12.
294 1573 381 1625 Τά
413 1574 475 1626 δὲ
504 1576 568 1627 ἐν
589 1574 878 1645 Σελευκείᾳ
902 1577 966 1645 τῇ
991 1575 1229 1648 Τραχείᾳ
1249 1574 1519 1645 γενόμενα
1536 1572 1715 1628 ταῦτά

1815 482 2162 547 admisimus,
2192 498 2325 538 voce
2350 493 2537 539 nostra
2570 485 2894 541 damnantes
2936 499 3032 540 eos
3064 496 3383 554 praesentes.

1812 571 1973 628 Nunc
2005 574 2202 628 iterum
2233 576 2364 645 quid
2398 576 2555 632 vobis
2580 577 2799 646 placet,
2836 577 3035 629 iterum
3094 575 3282 640 dicite,
3325 579 3387 629 ut

1815 665 2150 734 singulorum
2169 667 2572 735 subscriptione
2590 668 2854 721 firmetur.
2877 664 3125 721 Universi
3142 667 3383 736 episcopi

1814 755 2110 811 dixerunt:
2153 757 2336 811 Placet
2375 767 2437 813 ut
2470 758 2717 812 haeretici
2743 756 2846 813 SS.
2888 757 3000 829 (99)
3028 758 3381 823 damnentur,

1815 862 1926 915 quo
1948 848 2118 916 possit
2155 847 2395 903 Ecclesia
2427 848 2530 902 fide
2563 849 2892 904 inconcussa
2918 889 2934 914 ,
2971 865 3094 918 quae
3137 865 3262 903 vere
3291 864 3383 903 ca-

1814 940 2013 994 tholica
2059 950 2182 1003 est,
2221 941 2275 994 in
2316 955 2447 1010 pace
2487 951 2753 1010 perpetua
2797 956 3133 1010 permanere.
3177 940 3379 995 Rerum

1812 1033 2031 1103 quidem
2056 1033 2295 1086 Arimini
2326 1042 2603 1102 gestarum
2635 1034 2955 1088 celerrimus
2983 1033 3250 1102 ejusmodi
3277 1032 3381 1087 fuit

1811 1119 2023 1173 exitus..
2056 1119 2213 1173 Nulla
2238 1119 2382 1174 enim
2403 1120 2477 1174 ibi
2506 1119 2616 1175 fuit
2637 1123 3030 1175 sententiarum
3063 1124 3381 1191 discrepan-

1810 1209 1931 1263 tia:
1973 1211 2069 1265 sed
2116 1226 2311 1267 omnes
2337 1227 2446 1266 una
2492 1220 2674 1266 mente
2723 1228 2845 1281 quae
2901 1212 3118 1268 decreta
3165 1212 3383 1269 fuerant

1811 1301 2274 1371 conscripserunt,
2305 1301 2649 1372 Ari‘auosque
2672 1303 3062 1372 deposuerunt.

1882 1564 1973 1621 12.
2009 1564 2269 1622 Seleuciae
2295 1584 2424 1623 vero
2448 1568 2668 1638 Asperae
2695 1569 2812 1623 haec
2840 1577 2958 1624 acta
2996 1578 3143 1624 sunt.
3178 1569 3393 1627 Mensis

112 1665 245 1716 ἐστι.
303 1664 434 1735 Μὴν
487 1665 597 1737 μὲν
630 1661 699 1736 ἦν
740 1667 769 1717 ὁ
818 1666 957 1720 κατά
1014 1667 1320 1738 Ῥωμαίους
1378 1665 1703 1736 καλούμενος

1809 1668 1983 1713 erata
2008 1658 2274 1714 Romanis
2297 1659 2633 1729 September,
2667 1661 2735 1713 ab
2770 1658 3042 1729 Egyptiis
3088 1659 3290 1723 Thoth,
3347 1678 3390 1716 ατ

114 1753 276 1806 Σεπτέ
284 1733 513 1825 μὸριος,
546 1733 689 1809 κατά
711 1755 768 1807 δὲ
791 1758 917 1820 τοὺς
933 1733 1260 1826 Αἰγυπτίους
1285 1757 1427 1823 Θὼθ,
1446 1759 1538 1812 καὶ
1553 1733 1703 1811 κατά

1809 1749 2189 1807 Macedonibus
2209 1750 2490 1820 Gorpiaeus
2510 1752 2853 1818 nominatus;
2879 1754 3199 1822 decimaque
3223 1766 3393 1810 sexta-

116 1844 430 1910 Μακεδόνας
456 1846 776 1917 Γορπιαῖος,
812 1849 906 1901 καὶ
939 1848 1119 1919 ἡμέρα
1145 1848 1239 1902 τοῦ
1267 1849 1434 1920 μηνὸς
1458 1849 1577 1901 κατ’
1600 1850 1697 1902 Αί-

116 1935 367 2001 γυπτίους
402 1938 802 2009 ἑκκαιδεκάτῃ,
837 1941 917 2002 είς
941 1939 1008 2010 ῆν
1035 1939 1368 2012 συνέδραμον
1409 1940 1608 2002 πάντες
1649 1936 1703 1992 οί

120 2021 404 2093 κληθέντες
436 2027 723 2081 συνελθεῖν
741 2045 756 2059 ·
785 2024 923 2098 ἦσαν
949 2029 1005 2081 δὲ
1037 2030 1202 2082 κάκεῖ
1221 2047 1322 2083 που
1351 2027 1455 2100 ρξ’·
1492 2028 1711 2082 πολλῶν

117 2114 171 2167 δὲ
200 2115 365 2170 ὄντων
416 2118 534 2172 τῶν
571 2120 630 2171 ἔν
662 2120 844 2184 αὐτοῖς
876 2120 1365 2191 κατηγορουμένων
1385 2160 1400 2183 ,
1454 2122 1551 2173 καὶ
1592 2120 1711 2172 τῶν.

123 2207 576 2278 κατηγορούντων
607 2208 852 2280 βοώντων
888 2211 1010 2263 κατ’
1049 2209 1227 2264 αὐτῶν
1251 2251 1267 2276 ,
1311 2209 1563 2272 Ἀκάκιος
1607 2212 1701 2263 καὶ

122 2294 473 2368 Πατρόὲριλος,
509 2301 608 2353 καὶ
631 2302 895 2373 Οὑράνιος
913 2304 942 2355 ὁ
970 2301 1080 2354 ἀπὸ
1110 2300 1310 2373 Τύρου,
1336 2302 1430 2355 καί
1456 2300 1700 2367 nessem;

123 2389 152 2439 ὸ
179 2386 593 2463 ὲπεισπηδήσας
614 2395 680 2462 τῇ
726 2392 1042 2464 Ἀντιοχέων
1091 2392 1410 2464 Ἐκκλησία,
1450 2392 1709 2455 Λεόντιός.

125 2494 177 2531 τε
207 2482 300 2534 καί
329 2483 630 2549 Θεόδοτος,
658 2485 753 2539 καὶ
782 2487 1083 2556 Εὑάγριος,.
1107 2486 1202 2539 καὶ
1240 2484 1524 2549 Θεόδουλος
1548 2527 1563 2545 ,
1608 2486 1704 2538 καὶ

124 2569 387 2646 Υεώργιος
420 2578 451 2630 ὁ
483 2576 738 2647 διωχθεὶς
767 2578 873 2630 ἀπὸ
900 2577 999 2647 τῆς
1024 2577 1371 2649 οἰκουμένης,
1403 2577 1702 2649 πράττουσί

124 2679 175 2714 τι
198 2665 503 2739 πανοῦργον
544 2667 678 2738 (95).
711 2667 1047 2739 Φοϐηθέντες
1076 2668 1185 2741 γὰρ
1213 2671 1339 2733 τοὺς
1372 2670 1492 2722 κατ’
1522 2669 1703 2724 αὐτῶν

131 2756 267 2825 παρᾶ
291 2758 399 2811 τῶν
433 2759 764 2830 κατηγόρων
806 2760 1091 2835 ἐλέγχους,
1138 2760 1532 2831 προσελάϐοντο
1577 2762 1704 2824 τοὺς

127 2845 308 2913 ἄλλους
332 2851 434 2921 τῆς
479 2853 698 2923 Ἀρείου
732 2852 968 2923 μερίδος,
997 2853 1123 2915 τοὺς
1154 2854 1235 2916 εἰς
1267 2854 1397 2906 αὐτὸ
1427 2853 1583 2908 τοῦτο
1619 2874 1706 2925 μιτ-

130 2934 351 3004 σθωτοὺς
382 2943 463 3005 είς
485 2942 746 2996 ἀσέϐειαν
777 2944 1114 3015 γινομένους,
1146 2944 1238 2998 καὶ
1267 2947 1705 3012 κατασταθέντας

1798 1842 2002 1897 mensis
2020 1843 2318 1898 secundum
2342 1841 2627 1914 .‘Egyptios
2653 1859 2665 1894 :
2691 1858 2799 1913 qua
2829 1844 2921 1913 qui
2953 1845 3130 1899 vocati
3161 1844 3391 1900 fuerant

1798 1948 2118 1989 convenere.
2143 1933 2420 2004 Erantque
2464 1935 2536 1989 ibi
2586 1936 2829 2004 episcopi
2876 1935 3099 1990 circiter
3146 1945 3367 1991 centum

1799 2025 2100 2093 sexaginta.
2127 2024 2266 2078 Cum
2292 2034 2473 2078 autem
2507 2040 2575 2079 ex
2607 2025 2717 2080 illis
2767 2026 2923 2079 multi
2961 2035 3393 2094 accusarentur,

1797 2116 2208 2186 clamarentque
2229 2127 2584 2172 accusatores
2617 2119 2886 2173 adversus
2921 2118 3080 2186 illos,
3114 2117 3369 2179 Aeacius.

1798 2208 2166 2277 PatrOphilus,
2198 2207 2439 2266 Uranius
2473 2208 2624 2280 Tyri,
2650 2209 2932 2264 Eudoxius
2961 2210 3054 2279 qui
3075 2210 3389 2266 Antioche--

1797 2312 1925 2351 nam
1952 2297 2152 2352 invasit
2177 2296 2501 2362 Ecelesiam,
2539 2297 2822 2362 Leontius,
2855 2297 3192 2363 Theodotus,
3229 2298 3374 2353 Eva-

1799 2390 1970 2460 grius,
2001 2388 2335 2456 Theodulus,
2364 2389 2704 2460 etGeorgius
2732 2391 2823 2444 ille
2854 2406 2919 2445 ex
2957 2398 3068 2444 toto
3104 2399 3376 2445 terrarum

1799 2481 1933 2535 orbe
1966 2482 2201 2550 pulsus,
2241 2480 2494 2535 callidam
2543 2498 2657 2535 rem
2715 2483 3127 2551 aggrediuntur.
3203 2481 3371 2538 Veriti

1800 2572 2000 2642 quippe
2020 2582 2401 2628 accusatorum
2440 2589 2661 2628 suorum
2690 2575 3040 2643 probationes
3064 2616 3079 2641 ,
3111 2575 3249 2631 alios
3280 2592 3372 2632 se-

1801 2679 1924 2719 cum
1948 2664 2161 2719 Arianaa
2197 2664 2452 2721 factionis
2490 2681 2836 2735 assumpsere
2866 2706 2881 2730 ,
2933 2667 3028 2736 qui
3053 2668 3258 2737 pariter
3308 2668 3378 2723 ad

1802 2755 2132 2826 impietatem
2160 2758 2507 2823 mercenarii,
2536 2768 2591 2813 et
2617 2773 2647 2812 a
2680 2758 2957 2822 Secundo,
2993 2774 3091 2829 per
3117 2774 3374 2829 magnam

1803 2847 2070 2918 synodum
2101 2849 2370 2918 deposito,
2404 2851 2639 2904 ordinati
2667 2850 2924 2929 fuerant;
2946 2866 3011 2905 ex
3044 2849 3210 2922 Libya
3254 2850 3380 2906 Ste-

1802 2939 2068 3008 phanum,
2112 2938 2326 3003 Seram,
2360 2949 2414 2994 et
2433 2938 2733 3006 Pollucem,
2760 2941 2826 2995 de
2862 2941 3028 2996 variis
3053 2942 3383 2997 criminibus

131 3028 269 3098 παρά
290 3031 591 3087 Σεκούνδου
614 3033 706 3086 τοῦ
738 3034 1152 3106 καθαιρεθέντος
1167 3036 1317 3108 παρά
1339 3039 1438 3108 τῆς
1463 3039 1703 3110 μεγάλης

1809 3036 2133 3090 accusatos,
2180 3042 2244 3082 ae
2290 3028 2484 3082 deinde
2535 3028 2887 3084 Pancratium
2940 3040 2994 3083 et
3023 3029 3376 3086 Ptolemaeum

132 3119 367 3173 συνόδουο
415 3124 529 3178 ἀπὸ
593 3124 692 3195 μὲν
738 3125 839 3196 τῆς
898 3126 1103 3196 Λιϐύης
1160 3126 1430 3196 Στέφανον
1468 3129 1562 3181 καὶ
1604 3130 1703 3182 Σε-

138 3211 225 3279 ρὲν
240 3213 368 3287 (96),
403 3220 502 3271 καὶ
532 3216 904 3289 Πολυδεύκην,
936 3220 1443 3291 κατηγορουμένους
1469 3222 1561 3274 ἐπὶ
1590 3221 1705 3274 δια-

137 3301 305 3372 φόροις
339 3309 653 3380 ἐγκλήμασι
674 3326 686 3340 ·
714 3310 810 3363 καὶ
837 3309 1024 3363 λοιπὸν
1054 3310 1421 3380 Παγκράτιον,
1460 3313 1554 3365 καὶ
1576 3313 1706 3366 Πτο-

135 3387 360 3462 λεμαῖον,
383 3399 713 3453 Μελιτιανόν
738 3416 880 3463 τινα,
927 3400 1022 3453 καὶ
1056 3400 1519 3472 σχηματισάμενοι
1547 3401 1707 3472 δῆθεν

140 3485 253 3554 περὶ
279 3487 510 3556 πίστεως
549 3490 752 3562 ζητεῖν,
786 3492 886 3544 οὐκ
910 3490 1200 3546 ἐλάνθανον
1220 3492 1345 3556 τοὺς
1365 3493 1709 3563 κατηγόρους

140 3572 505 3643 δεδιότεςικαὶ
540 3582 640 3654 τὴν
670 3582 883 3653 αἵρεσιν
908 3581 1215 3648 ὲξεδίκουν,
1236 3583 1330 3636 καὶ
1362 3583 1546 3636 λοιπὸν
1566 3584 1706 3655 ἐσχί-

145 3665 331 3739 σθησαν
353 3689 367 3703 ⁸
408 3677 505 3729 καὶ
543 3675 593 3728 οἱ
628 3676 727 3745 μὲν
762 3674 901 3745 μετά
953 3673 1060 3726 τῶν
1086 3674 1218 3746 περὶ
1277 3675 1528 3728 Ἀκάκιον
1563 3670 1704 3745 ἦσαν

146 3752 373 3827 ὕποπτοι,
401 3765 497 3818 καὶ
531 3765 792 3834 ὀλίγιστοι
830 3764 940 3835 (9'7)
970 3764 1278 3830 παντελῶς’
1306 3768 1355 3820 oi
1383 3766 1440 3819 δὲ
1476 3767 1624 3823 ἄλλοι
1645 3768 1706 3821 τὸ

145 3845 327 3918 πλῆθος
352 3849 515 3924 ἦσαν.
565 3857 628 3909 Oi
658 3856 755 3927 μὲν
791 3852 883 3910 οὖν
918 3856 1045 3928 περὶ
1089 3857 1341 3912 Ἀκάκιον
1389 3858 1704 3929 ἀποχρησά-

149 3952 283 4005 μενοι
300 3943 380 4014 τῷ
396 3946 495 4018 τῆς
525 3946 786 4009 ἀπονοίας
809 3946 1019 4018 θράσει,
1052 3947 1233 4001 τέλεον
1264 3948 1521 4018 ἠρνοῦντο
1549 3949 1616 4002 τά
1647 3951 1704 4002 ἑν

146 4024 327 4103 Νικαίᾲ
354 4037 636 4107 γραφέντα
657 4076 672 4101 ,
704 4036 797 4089 καὶ
830 4035 927 4107 τὴν
960 4036 1174 4091 σύνοδον
1215 4037 1490 4090 διέϐαλλον
1510 4054 1523 4067 ο
1571 4039 1621 4090 οἱ
1648 4039 1706 4092 δὲ

148 4120 394 4195 Matho
418 4130 621 4203 πλῆθος
648 4130 705 4183 δὲ
738 4126 876 4201 ἦσαν
901 4122 1084 4200 οὗτοι)
1122 4129 1192 4183 τά
1239 4131 1334 4200 μὲν
1367 4127 1499 4185 ἄλλα
1529 4132 1706 4185 πάντα

149 4211 236 4280 τῆς
266 4222 475 4276 συνόδου
503 4224 831 4294 ἀπεδέχοντο
850 4240 863 4253 ·
900 4224 1067 4296 μόνην
1089 4223 1147 4275 δὲ
1173 4222 1273 4295 τὴν
1301 4220 1394 4275 τοῦ
1418 4222 1704 4293 ὁμοουσίου

149 4300 297 4374 λέξιν,
333 4312 405 4377 ὡς
436 4318 502 4369 ὲκ
535 4316 635 4385 τῆς
663 4315 931 4386 ἀσαφείας
965 4313 1225 4380 ὕποπτον,
1259 4314 1703 4386 ὲπροφασίζοντο.

1805 3117 2098 3185 quemdam
2125 3115 2501 3182 Meletinnum,
2526 3125 2582 3171 et
2607 3132 2731 3172 cum
2773 3132 2831 3172 se
2862 3118 2928 3172 de
2966 3117 3070 3173 ﬁde
3103 3120 3384 3190 inquirere

1802 3206 1942 3260 velle
1975 3207 2322 3272 simularent,
2358 3207 2780 3277 haudquaquam
2815 3208 2974 3262 latuit
3003 3225 3098 3265 eos
3126 3210 3381 3265 reformi-

1804 3295 1934 3350 dare
1983 3306 2331 3351 accusatores
2359 3312 2531 3363 suos;
2577 3313 2813 3367 cumque
2853 3299 3101 3361 haeresim
3133 3300 3379 3354 vindica-

1802 3396 1944 3453 rent,
1967 3388 2224 3457 disjuncti
2256 3396 2386 3442 sunt
2406 3388 2671 3457 episcopi,
2701 3397 2756 3443 et
2777 3389 2869 3442 alii
2901 3389 3144 3459 quidem,
3176 3389 3379 3444 Acacio

1799 3479 1998 3549 juncti,
2051 3478 2371 3548 paucissimi
2419 3493 2694 3545 numero,
2745 3480 2986 3549 suspecti
3044 3489 3245 3544 erant,
3281 3482 3378 3536 alii

1804 3581 1984 3627 autem
2033 3569 2328 3625 multitudo
2377 3580 2553 3625 erant.
2593 3571 2851 3626 Acaciani
2906 3572 3072 3642 igitur
3121 3574 3378 3628 amentiae

1805 3679 1919 3718 suae
1938 3661 2165 3721 audacia
2198 3662 2309 3725 usi,
2344 3676 2467 3731 quae
2488 3659 2683 3716 Nicaeae
2714 3662 2913 3730 scripta
2954 3661 3173 3717 fuerant
3219 3663 3380 3733 plane

1805 3757 2180 3825 abnegarunt,
2238 3755 2522 3823 ipsamque
2582 3754 2850 3824 synodum
2913 3755 3376 3817 criminabantur.

1804 3847 1908 3901 Alii
1933 3855 2111 3901 autem
2148 3845 2319 3899 multo
2349 3845 2555 3914 majore
2589 3860 2841 3909 numero,
2868 3845 3093 3915 reliquis
3121 3847 3377 3901 omnibus

1805 3940 2007 4010 synodi
2056 3937 2309 3992 admissis
2362 3936 2542 3992 verbis
2570 3977 2585 3999 ,
2655 3936 2825 3992 solam
2897 3937 3381 3995 consubstantialis

1803 4046 2013 4096 vocem,
2063 4046 2127 4085 eo
2152 4031 2360 4085 scilicet
2409 4030 2632 4084 obtentu
2678 4029 2822 4099 quod
2877 4044 2987 4098 pra:
3039 4029 3378 4086 obscuritate

1805 4135 2057 4195 suspecta
2097 4132 2264 4191 esset,
2291 4123 2691 4192 improbabant.
2721 4122 2859 4176 Cum
2898 4122 3066 4192 igitur
3116 4122 3228 4177 illic
3251 4123 3378 4177 diu-

1806 4213 2390 4273 tiusimmorarentur,
2441 4212 2772 4266 instantibus
2799 4211 3229 4277 accusatoribus,
3280 4227 3377 4266 ae-

1807 4308 2016 4361 cusatis
2043 4315 2223 4361 autem
2261 4303 2679 4375 refugientibus,
2717 4313 2771 4357 et
2809 4319 2873 4358 ea
2906 4304 2973 4357 de
3008 4319 3171 4359 causa
3212 4304 3379 4359 vehe-

162 4393 587 4470 Ἐγχρονιξόντων
607 4407 783 4461 τοίνυν
812 4408 869 4459 ἐν
897 4405 974 4477 τῷ
1005 4407 1174 4478 τόπῳ,
1198 4408 1293 4460 καὶ
1317 4407 1423 4460 τῶν
1444 4410 1541 4479 μὲν
1571 4424 1702 4463 κατρ

1809 4399 2047 4454 mentius
2082 4398 2360 4467 impietate
2401 4412 2499 4452 sua
2532 4396 2855 4459 concitatis,
2892 4396 2946 4449 in
2976 4394 3378 4462 Dominumque

154 4488 345 4558 ηγόρων
400 4497 785 4568 ἐπικειμένων,
816 4497 923 4551 τῶν
946 4499 1003 4551 δὲ
1043 4500 1533 4571 κατηγορουμένων
1581 4518 1706 4569 φευρ

152 4575 355 4649 γόντων,
385 4588 476 4641 καὶ
499 4588 588 4642 διὰ
610 4588 768 4642 τοῦτο
796 4588 956 4643 πλέον
995 4588 1053 4657 ἐξ
1086 4590 1338 4653 ἀσεϐείας
1366 4590 1474 4661 (98)
1516 4591 1704 4660 ἐξαγο-

160 4668 331 4737 μένων,
365 4680 455 4733 καὶ
486 4679 948 4752 βλασφημούντων
999 4680 1079 4744 εἰς
1106 4681 1197 4734 τὸν
1233 4681 1435 4751 Κύριον
1455 4721 1469 4746 ,
1495 4682 1702 4752 ἠγανά-

158 4771 302 4830 κτησε
323 4766 380 4819 τὸ
410 4770 612 4842 πλῆθος
638 4771 747 4823 τῶν
771 4771 1104 4836 ἐπισκόπων,
1130 4771 1224 4825 καῖ
1256 4772 1572 4844 καθῄρησαν
1604 4772 1703 4842 μὲν

168 4846 413 4945 ἷΑκὰκιον,
435 4864 795 4936 Πατρόφιλον,
832 4867 1113 4939 Οὐράνιον,
1150 4867 1432 4932 Εὑδόξιον,
1484 4869 1580 4921 καὶ
1611 4869 1703 4922 τὸν

160 4939 252 4991 ἀπὸ
275 4945 570 5009 ὐπδεκτῶν
597 4955 888 5028 Γεώργιον,
919 4960 1011 5011 καὶ
1027 4957 1220 5021 ἄλλους
1237 4959 1345 5012 ἀπὸ
1373 4959 1471 5030 τῆς
1497 4959 1699 5025 Ἀσίας,

356 5084 556 5169 Regius
597 5101 653 5169 et
693 5094 1200 5169 Basil.,’Aptpﬁwp.
1247 5096 1392 5169 infra
1445 5098 1497 5152 in
1540 5097 1702 5155 editis

162 5150 268 5238 Ρθῇξ
281 5150 577 5238 ξυξφῶνως
604 5166 798 5235 legitur
824 5150 915 5230 ὥς,
944 5150 1037 5222 sed
1066 5150 1214 5223 deest
1246 5150 1514 5238 iniiRegio‘.

220 5218 481 5306 εξιῃεξει
524 5218 1700 5306 hacgehennamQuirinalis:unus-

166 5287 491 5380 mnuns
535 5322 548 5380 ς
589 5287 1102 5380 aggressa;
1134 5287 1697 5380 assesasses

466 5376 560 5469 κῖιὶ
580 5364 748 5458 ηάξλα
766 5365 1101 5469 πραχθέντα,
1132 5394 1274 5446 quae,
1298 5364 1621 5462 cum'desint'
1645 5364 1698 5434 in

300 5432 557 5517 Cynimel.
581 5457 635 5500 et
670 5448 723 5500 iu
772 5432 1033 5517 omnibus
1076 5432 1460 5517 manuscript,
1493 5432 1698 5507 omissa

170 5499 305 5587 ﬂint.
324 5500 481 5566 Porro
493 5583 521 5587 _
533 5516 601 5587 de
622 5499 896 5587 R‘Synoido"
906 5499 1268 5573 's'éléuéiéiisi'
1281 5499 1430 5574 ’νίἵιὲ
1444 5499 1459 5513 ’
1484 5499 1696 5575 δὸὸῖεἰῖ

274 5552 480 5623 ηκΓ-σ--υ
533 5552 601 5569 usu
655 5552 861 5587 oJuwv
914 5552 1249 5599 ιῖιῠιιιιιιριιῐιιῦι
1313 5552 1427 5574 νιυῠ
1485 5552 1694 5575 υυυιαι.

277 5609 329 5690 ut
493 5583 593 5690 ag;
631 5584 852 5643 Sozom.
899 5588 1098 5658 llb..lV,
1128 5604 1246 5659 cap.
1285 5589 1391 5656 22;
1424 5588 1694 5648 Theudor.

238 5669 249 5683 ⁸
277 5653 329 5704 ur
359 5660 467 5717 Call.
496 5653 583 5707 26.

1805 4491 2327 4560 blasphemantibus,
2356 4490 2737 4559 episcoporum
2770 4488 3065 4542 multitudo
3096 4504 3210 4542 rem
3237 4487 3375 4540 indi.

1803 4583 2067 4650 gniSsinie
2101 4581 2301 4647 ferens,
2348 4580 2611 4636 Acacium
2658 4580 2877 4650 quidem
2906 4619 2921 4643 ,
2977 4578 3373 4647 Patrophilum,

1807 4669 2090 4737 Uranium,
2126 4672 2454 4733 Eudoxium,
2474 4671 2878 4743 Georgiumque
2907 4672 3035 4747 olim
3066 4680 3375 4725 exactorem

1802 4774 1852 4820 et
1875 4765 2012 4820 alios
2040 4780 2105 4818 ex
2136 4763 2287 4826 Asia,
2306 4763 2617 4825 Leontium,
2639 4763 3029 4829 Theodosium,
3058 4761 3374 4833 Evagrium,

1801 4863 1857 4908 et
1880 4853 2219 4907 Theudulum
2247 4854 2565 4922 deposuere.
2586 4853 2626 4904 A
2648 4852 3040 4906 communione
3064 4844 3245 4905 autem
3274 4866 3375 4905 sua

1800 4954 2154 5015 segregarunt
2182 4944 2482 5009 Asterium,
2521 4942 2843 5009 Eusebium,
2883 4942 3184 5012 Augarum,
3217 4942 3374 4998 Basi-

1873 5097 1988 5168 (95)
2028 5099 2103 5152 Ita
2139 5097 2363 5168 Regius.
2398 5096 2539 5168 Editi
2573 5112 2719 5159 vero,
2748 5095 3073 5168 κακοῦργον.

1874 5164 1986 5237 (96)
2033 5170 2124 5223 Sic
2158 5164 2359 5237 Regius
2387 5175 2440 5220 et
2471 5166 2636 5222 Basil.
2673 5176 2726 5220 et
2756 5168 2828 5222 ita
2863 5164 3060 5237 legitur
3082 5166 3223 5235 apud
3250 5164 3378 5233 Epi-

1802 5237 2063 5311 phanium
2112 5239 2314 5311 Haeresi
2345 5253 2539 5303 Lxxtu,
2567 5253 2719 5292 num.
2749 5238 2841 5303 εδ,
2869 5237 3043 5308 Σέρας
3073 5237 3375 5299 ἐπίσκοπος

1803 5312 1867 5364 ὲκ
1893 5310 2247 5381 Παρατονίου.

1873 5399 1985 5470 (97)
2024 5398 2101 5452 lta
2132 5397 2355 5469 Regius.
2390 5395 2532 5451 Editi
2564 5412 2713 5465 vero,
2743 5397 2936 5466 ὀλίγοι.

1872 5493 1983 5557 (98)
2024 5492 2257 5558 Regius,
2307 5494 2364 5545 ἔν
2407 5492 2701 5556 ἀσεϐείαις.
2754 5490 2920 5555 Infra,
2966 5488 3234 5560 Γεὼργιον
3284 5490 3377 5544 τὸν

1800 5564 1908 5619 ἀπὸ
1922 5562 2250 5625 ὑποδεκτῶν,
2271 5562 2338 5615 de
2354 5578 2463 5630 quo
2478 5562 2602 5616 vide
2619 5578 2738 5634 quae
2752 5562 2989 5618 diximus
3004 5577 3167 5634 supra
3179 5577 3234 5632 p.
3248 5560 3382 5617 307.

1883 5656 1997 5730 (99)
2039 5657 2092 5713 ld
2123 5666 2225 5719 est,
2262 5656 2611 5727 suprascripti
