3822 6226
111 287 231 346 res

1468 288 1554 344 DE
1592 286 1899 344 SYNODIS.

3266 279 3368 335 706

115 401 218 454 καὶ
247 401 434 466 καθὼς
466 403 758 474 παρέδωκα
786 405 912 474 ὑμῖν
942 405 1016 475 (8)
1046 403 1143 468 τὰς
1172 405 1493 477 παραδόσεις
1513 445 1527 467 ,
1561 405 1680 458 οὖτα

1805 403 1944 458 sicut
1971 400 2166 455 tradidi
2195 398 2348 453 vobis
2372 437 2386 461 ,
2424 403 2690 466 prmeepta
2736 409 2856 450 mea
2893 394 3089 450 tenetis
3110 394 3178 450 "".
3219 411 3238 446 ι
3275 392 3370 448 Isti

116 493 389 564 κατέχετε
415 510 430 525 ⁶
475 515 494 547 ι
527 492 670 549 οὖτοι
693 497 769 558 δὲ,
814 496 1034 551 τοιαῦτα
1058 497 1186 568 περὶ
1223 496 1331 550 τῶν
1363 497 1468 568 πρὸ
1522 497 1699 550 αὐτῶν

116 584 360 655 ὲνθυμού
368 603 539 654 μενοι,
560 586 813 640 τάναντία
837 589 1052 650 πάντως
1072 590 1184 650 τοῖς
1209 587 1356 650 λαοῖς
1401 587 1495 641 καὶ
1527 587 1698 638 εἰπεῖν

1805 505 1984 548 autem
2015 508 2140 547 cum
2194 491 2322 544 talia
2361 489 2427 541 de
2476 487 2774 555 majoribus
2828 487 2944 541 suis
2986 485 3264 555 cogitent,
3301 485 3370 538 iis

1802 587 1960 656 plane
1989 583 2259 640 contraria
2285 580 2495 650 populis
2521 580 2702 634 dicere
2732 578 3008 632 audebunt
3037 593 3051 630 :
3094 574 3212 630 Non
3271 591 3372 632 vos

113 677 520 746 τολμήσουσιν·
558 678 671 730 οὐκ
713 678 1040 748 ἐπαινοῦμεν
1077 679 1220 748 ὑμᾶς
1267 677 1680 748 μνημονεύονται

1799 676 2081 730 laudamus
2120 674 2260 743 quod
2295 675 2515 728 Patrum
2554 685 2822 726 memores
2849 669 3005 733 sitis;
3037 667 3130 723 sed
3184 668 3368 736 potius

114 767 225 820 τῶν
252 767 540 837 Πατέρων,
587 767 700 820 ἀλλ’
725 768 1101 838 ἀποδεχόμεθα
1132 769 1328 839 μᾶλλον
1363 769 1526 839 ὑμᾶς,
1571 769 1680 820 ὅταη

1799 781 1865 819 eo
1890 780 1988 818 vos
2011 764 2328 834 probamus,
2360 767 2504 832 quod
2525 777 2716 816 eorum
2761 759 3085 814 traditiones
3126 773 3235 811 non
3280 771 3368 810 re-

113 856 213 918 τας
250 855 579 926 παραδόσεις
607 856 784 910 αὐτῶν
820 857 894 928 μὴ
925 858 1188 928 κατέχητε
1211 874 1223 888 ·
1246 857 1340 911 καὶ
1369 857 1552 910 λοιπὸν
1577 857 1695 909 δια-

114 946 469 1000 ϐαλλέτωσαν
501 947 600 1017 τὴν
631 947 836 1002 ἑαυτῶν
858 948 1192 1016 δυσγένειαν,
1218 949 1312 1002 καὶ
1351 948 1659 1017 λεγέτωσαν
1678 965 1691 978 ο

123 1036 320 1106 Ἡμεῖς
350 1039 451 1090 οὐκ
483 1039 741 1102 εὐσεϐῶν,
784 1039 898 1092 ἀλλ’
945 1040 1003 1104 ἐξ
1037 1041 1327 1113 αἱρετικῶν
1370 1041 1688 1111 γεγόναμεν.

115 1124 356 1179 Τοιαῦτα
382 1127 492 1198 γὰρ
518 1129 744 1198 ἁρμόζει
774 1128 952 1196 λέγειν
978 1133 1111 1194 τοῖς,
1145 1129 1221 1194 ὡς
1240 1133 1520 1203 προεῖπον,
1555 1147 1692 1201 προ-

115 1214 333 1267 ⁴πίνουσι
380 1217 479 1286 τὴν
513 1217 620 1268 τῶν
645 1218 908 1288 Πατέρων
945 1219 1113 1290 τιμήν
1138 1260 1152 1284 ,
1190 1222 1284 1273 καὶ
1337 1221 1435 1290 τὴν
1484 1219 1692 1273 ἑαυτῶν

117 1306 400 1376 σωτηρίαν
429 1309 494 1378 τῇ
529 1308 816 1379 Ἀρειανῶν
845 1310 918 1380 (9)
952 1310 1182 1381 αἱρέσει,
1210 1312 1304 1364 καὶ
1327 1312 1400 1383 μὴ
1427 1311 1693 1381 φοῦουμέ-

114 1413 224 1458 νοις
251 1395 483 1450 ἀκοῦσαι
513 1398 574 1450 τὸ
607 1399 666 1451 ἐν
701 1402 766 1470 τῇ
807 1399 926 1472 θείᾳ
971 1402 1246 1472 Παροιμία
1290 1402 1690 1473 γεγραμμένον,

1798 854 2060 909 tineatis:
2107 868 2170 908 ac
2207 853 2426 908 demum
2473 851 2770 906 infaustum
2811 865 2972 904 suum
3022 863 3196 918 genus
3243 847 3365 902 cul-

1795 957 1945 1017 pent,
1979 946 2287 1015 dieantque,
2322 943 2434 1000 Nos
2465 959 2572 998 non
2598 959 2666 998 ex
2708 943 2812 1011 piis
2839 942 2992 1007 viris,
3028 941 3120 995 sed
3151 955 3215 994 ex
3251 939 3363 992 hae-

1795 1039 1979 1092 reticis
2031 1039 2298 1108 originem
2343 1036 2622 1092 duximus.
2675 1034 2836 1089 Decet
2865 1035 3065 1102 quippe
3094 1032 3169 1086 ita
3207 1029 3362 1099 loqui

1797 1130 2066 1196 homines,
2106 1131 2198 1200 qui
2234 1129 2312 1184 uti
2346 1144 2509 1198 supra
2545 1129 2682 1192 dixi,
2722 1136 2778 1182 et
2813 1125 3036 1180 Patrum
3071 1126 3362 1186 honorem,

1793 1230 1848 1277 et
1868 1222 2095 1276 salutem
2129 1237 2281 1277 suam
2308 1221 2525 1275 Arianae
2557 1219 2750 1274 haeresi
2776 1217 3067 1288 propinant
3092 1257 3108 1280 ,
3131 1215 3220 1284 qui
3249 1228 3360 1269 non

1795 1313 1938 1383 quod
1966 1317 2018 1367 in
2047 1313 2233 1368 divino
2263 1314 2554 1368 Proverbio
2581 1312 2842 1381 scriptum
2871 1317 2989 1371 est,
3022 1325 3041 1361 ι
3073 1306 3210 1359 Mala
3233 1320 3362 1374 pro-

1793 1404 1872 1458 les
1905 1414 2113 1473 patrem
2162 1415 2478 1458 exsecratur
2509 1403 2589 1468 ⁹⁶.,
2626 1421 2644 1454 ι
2689 1401 2879 1456 audire
2917 1405 3203 1460 metuunt,
3250 1409 3360 1449 non

119 1502 137 1532 ι
179 1485 445 1552 Ἐκγονον
473 1486 636 1540 κακὸν
659 1488 869 1560 πατέρα
898 1492 1220 1560 καταρᾶται,
1254 1510 1271 1540 ι
1295 1491 1386 1544 καὶ
1414 1493 1512 1562 τὴν
1537 1493 1594 1544 ὲν
1615 1492 1680 1562 τᾷ

1794 1493 1974 1548 minas
2013 1495 2299 1548 adversum
2325 1493 2597 1564 ejusmodi
2631 1492 2880 1545 homines
2905 1490 2959 1543 in
2990 1489 3107 1558 lege
3128 1485 3356 1556 positas.

113 1577 268 1647 νόμῳ
301 1579 444 1632 κατὰ
470 1580 578 1632 τῶν
601 1580 852 1634 τοιούτων
885 1582 1141 1652 κειμένην
1168 1583 1416 1654 ἀπειλήν.
1467 1583 1680 1636 Ἐκεῖνοι

1794 1585 1873 1639 0b
1898 1600 2058 1640 suum
2094 1586 2274 1654 itaque
2304 1601 2402 1655 pro
2434 1586 2626 1639 bzeresi
2657 1565 2931 1644 studium,
2975 1581 3050 1634 ita
3080 1577 3360 1649 pertinace

119 1670 219 1740 μὲν
245 1668 340 1725 οὖν
367 1673 452 1725 διὰ
491 1673 588 1743 τὴν
617 1674 756 1746 ὑπὲρ
771 1677 870 1746 τῆς
899 1677 1162 1746 αἱρέσεως
1198 1677 1430 1748 σπουδὴν
1453 1677 1680 1732 τοιοῦτοι

1794 1687 1919 1731 sunt
1939 1679 2145 1731 animo.
2174 1679 2245 1731 At
2271 1693 2367 1733 vos
2393 1693 2460 1731 ne
2490 1677 2608 1731 ideo
2642 1674 2932 1730 turbemini
2952 1711 2968 1736 ,
3013 1685 3148 1724 neve
3189 1669 3361 1723 auda-

116 1763 420 1833 ιριλόνεικον
452 1765 713 1833 ἐσχήκασι
739 1765 908 1818 καὶτὸ
930 1766 1208 1836 φρόνημα“
1239 1767 1396 1837 ὑμεῖς
1420 1767 1476 1820 δὲ
1509 1767 1582 1838 μὴ
1605 1769 1680 1822 διὸ

1794 1769 1928 1823 ciam
1952 1785 2140 1823 eorum
2172 1785 2269 1840 pro
2293 1770 2516 1824 veritate
2552 1767 2816 1822 habeatis.
2848 1763 3059 1818 Etenim
3090 1760 3190 1830 ipsi
3213 1761 3358 1814 inter

115 1852 278 1907 τοῦτο
303 1853 628 1924 ταραχθῆτε,
666 1854 798 1924 μηδὲ
824 1855 920 1925 τὴν
945 1855 1166 1907 ἐκείνων
1205 1855 1405 1925 τόλμαν
1437 1857 1680 1926 ἀλήθειαν

1794 1875 1850 1914 se
1881 1873 2069 1914 mutuo
2112 1861 2394 1925 dissident,
2419 1869 2473 1914 et
2505 1875 2627 1913 cum
2672 1875 2700 1912 a
2737 1855 2989 1910 Patribus
3033 1851 3354 1914 defecerint,

111 1946 396 2018 ἡγήσησθε
425 1945 560 2014 (10).
591 1947 698 1999 Καὶ
727 1946 834 2016 γὰρ
857 1947 948 1999 καὶ
971 1947 1106 2017 πρὸς
1149 1947 1372 2011 ἑαυτοὺς
1406 1947 1680 2001 ἁνθίσταν·

1794 1964 2132 2018 nequaquam
2172 1967 2275 2004 una
2300 1952 2598 2020 eademque
2624 1955 2754 2003 sunt
2794 1954 3004 2008 mente;
3049 1941 3142 1996 sed
3189 1939 3355 1993 variis

110 2053 224 2100 ται,
258 2035 481 2088 καὶτῶν
520 2035 777 2106 Πατέρων
811 2037 1163 2100 ἀποστάντες,
1209 2037 1335 2106 μίαν
1367 2037 1466 2090 οὐκ
1507 2037 1680 2108 ἔχουσι

1795 2039 2131 2110 diversisque
2199 2042 2482 2096 sententiis
2522 2039 2826 2094 ﬂuctuant:
2879 2036 3353 2102 disceptantesquc

107 2128 211 2199 τὴν
242 2125 490 2198 γνώμην,
521 2126 656 2180 ἀλλὰ
684 2127 950 2189 ποικίλαις
985 2129 1078 2180 καὶ
1122 2128 1397 2200 διαφόροις
1436 2130 1680 2200 νήχονται

1794 2132 2049 2186 adversus
2072 2131 2342 2188 Nicaanam
2368 2133 2656 2204 synodum,
2687 2129 2886 2183 multas
2908 2137 2961 2181 et
2985 2124 3086 2194 ipsi
3117 2122 3353 2194 synodos

111 2216 440 2286 μεταϐολαῖς
461 2234 474 2246 ·
507 2218 600 2270 καὶ
631 2217 764 2289 πρὸς
793 2216 892 2287 τὴν
927 2219 983 2269 ἐν
1004 2219 1207 2290 Νικαίᾳ
1236 2219 1447 2272 σύνοδον
1479 2221 1680 2290 ἐρίζον-

1794 2223 2167 2289 celebrarunt,
2225 2225 2276 2279 in
2302 2240 2531 2294 quarum
2561 2222 2787 2292 singulis
2835 2234 2958 2274 cum
3003 2216 3161 2271 ﬁdem
3187 2227 3354 2282 expo-

106 2323 230 2369 τες,
265 2305 466 2368 πολλὰς
492 2305 589 2376 μὲν
622 2306 866 2369 συνόδους
901 2308 1228 2378 πεποιήκασι
1258 2309 1348 2360 καὶ
1371 2308 1540 2372 αὐτοὶ,
1567 2309 1680 2362 καθ’

1794 2314 2018 2378 suerint,
2057 2315 2186 2368 nulh
2243 2325 2421 2368 tamen
2473 2323 2668 2368 Stetere
2702 2309 3050 2381 professioni,
3096 2321 3196 2360 nec
3241 2304 3352 2358 alio

105 2397 347 2466 ἑκάστην
386 2395 442 2450 δὲ
501 2396 681 2449 πίστιν
726 2397 1088 2466 ἐκτιθέμενοι,
1120 2399 1176 2450 ὲν
1200 2397 1424 2469 οὐδεμιᾷ
1450 2401 1680 2470 μεμενή-

1794 2419 2024 2474 unquam
2055 2407 2214 2460 modo
2243 2407 2414 2460 acturi
2446 2414 2613 2470 sunt,
2645 2405 2785 2458 male
2813 2403 3010 2472 quippe
3035 2397 3349 2468 quaerendo,

104 2505 266 2543 κασιν
289 2505 300 2518 ⁸
344 2487 480 2542 ἀλλὰ
520 2490 612 2542 καὶ
659 2489 720 2542 οὐ
749 2489 1044 2542 παύσονταί
1067 2507 1129 2558 γε
1163 2491 1248 2542 ἀεὶ
1281 2491 1437 2544 τοῦτο
1475 2491 1680 2544 ποιοῦν-

1794 2510 1948 2562 quam
1983 2497 2214 2552 oderunt
2240 2498 2560 2567 sapientiam
2595 2509 2873 2564 nunquam
2898 2491 3190 2547 invenient.
3233 2487 3351 2542 Non

100 2599 217 2645 τες,
251 2583 356 2647 ὅτι,
384 2580 569 2644 κακῶς
602 2579 910 2650 ζητοῦντες,
943 2582 1039 2651 οὐχ
1062 2583 1383 2654 εὑρήσουσιν
1406 2584 1470 2654 ἣν
1494 2583 1680 2656 ἐμίση-

1794 2588 1853 2642 [ὠ
1884 2603 1943 2643 re
1965 2588 2128 2658 igitur
2155 2591 2392 2660 aliquam
2435 2590 2549 2644 Arii
2591 2590 2919 2658 scriptorum
2961 2593 3169 2654 partem
3221 2580 3352 2636 sub-

108 2691 208 2726 σαν
241 2674 453 2742 σοφίαν.
490 2673 758 2740 ’Υπέταξα
785 2673 962 2726 τοίνυν
992 2675 1305 2742 ἀναγκαίως
1339 2674 1448 2728 ἀπὸ
1485 2675 1680 2747 μέρους

1794 2680 1958 2747 iunxi,
1993 2681 2120 2736 item
2142 2697 2498 2752 quascunque
2527 2681 2781 2750 colligere
2823 2677 2977 2748 potui
3017 2675 3141 2731 Iidci
3178 2687 3352 2742 expo-

103 2765 176 2816 τά
213 2781 272 2816 τε
309 2763 458 2835 παρὰ
510 2765 718 2835 Ἀρείου
767 2764 1064 2834 γραφέντα,
1118 2766 1210 2818 καὶ
1234 2767 1334 2819 ὅσα
1359 2770 1680 2835 συναγαγεῖν

1794 2770 2004 2826 sitiones
2029 2772 2082 2826 in
2113 2773 2278 2827 variis
2309 2774 2532 2844 synodis
2565 2772 2738 2827 editas
2768 2771 2834 2825 ab
2865 2770 2971 2825 illis
3000 2811 3016 2833 ,
3050 2778 3112 2823 ut
3151 2782 3352 2838 cogno-

103 2856 404 2926 ἠδυνήθην,
431 2848 503 2909 ὧν
535 2857 592 2908 ὲν
618 2855 892 2927 διαφόροις
933 2848 1076 2908 οὗτοι
1119 2857 1356 2920 συνόδοις
1398 2857 1640 2922 ἐξέθεντο
1661 2873 1677 2888 ·

1794 2861 1987 2928 scalis,
2038 2871 2092 2916 et
2121 2863 2341 2932 quidem
2392 2879 2498 2916 non
2531 2863 2651 2916 sine
2702 2861 3084 2925 admiratione,
3132 2874 3238 2928 qua
3283 2857 3352 2911 de

104 2945 196 2998 ῖνα
227 2945 404 3013 γνῶτε
438 2947 530 2998 καί
561 2945 898 3016 θαυμάσητε,
926 2946 1070 3009 τίνος
1097 2947 1282 3011 ἕνεκα,
1320 2947 1456 3018 πρὸς
1503 2949 1683 3000 οἰκου-

102 3036 334 3108 μενικὴν
363 3036 600 3102 σύνοδον,
628 3037 721 3088 καὶ
753 3037 888 3108 πρὸς
915 3039 1042 3100 τοὺς
1067 3037 1280 3090 ἑαυτῶν
1319 3037 1569 3108 Πατέρας
1601 3055 1681 3103 φι-

99 3126 492 3192 λονεικοῦντες,
510 3127 568 3180 οὐ
591 3125 960 3182 καταδύονται.
992 3129 1206 3199 Ἀρειος
1230 3128 1321 3180 καὶ
1339 3127 1389 3179 οἱ
1421 3128 1517 3179 σὺν
1534 3126 1680 3197 αὐτῴ

100 3221 495 3291 φρονήσαντες,
531 3221 624 3272 καὶ
648 3219 914 3289 λέγοντες,
944 3239 962 3271 ‹
985 3220 1073 3284 Ἐξ
1097 3219 1197 3272 οὐκ
1225 3219 1391 3272 ὄντων
1415 3219 1681 3290 πεποίηκε

99 3313 196 3364 τὸν
244 3311 375 3364 Υίὸν
407 3314 434 3364 ό
455 3311 607 3377 Θεὸς,
640 3313 731 3366 καὶ
761 3313 1024 3382 κέκληκεν
1063 3311 1238 3381 ἐαυτῷ
1265 3312 1393 3365 Υίόν
1413 3329 1428 3343 ’
1485 3312 1542 3366 ἓν
1575 3312 1681 3366 τῶν

106 3402 426 3472 κτισμάτων
463 3403 574 3472 (11)
605 3404 749 3455 ἐστὶν
774 3405 801 3456 ό
830 3402 923 3456 τοῦ
957 3402 1090 3456 Θεοῦ
1118 3404 1310 3471 Λόγος,
1337 3421 1354 3453 ι
1377 3404 1489 3467 καὶ,
1529 3422 1548 3454 ι
1575 3400 1681 3458 Ἦν

101 3511 257 3559 ποτε,
299 3495 388 3547 ὅτε
418 3495 516 3546 οὐκ
549 3490 648 3564 ἦν·
679 3496 910 3567 τρεπτὸς
966 3495 1023 3548 δέ
1073 3498 1210 3560 ἐστι,
1243 3495 1558 3566 δυνάμενος,
1594 3497 1680 3548 ὅτε

107 3587 393 3658 βούλεται,
421 3589 713 3658 τραπῆναι,
757 3607 774 3640 ι
820 3587 1183 3659 ἐξεϐλήθησαν
1225 3589 1322 3660 τῆς
1358 3588 1681 3660 Ἐκκλησίας

106 3678 261 3749 παρὰ
283 3678 376 3730 τοῦ
415 3680 718 3749 μακαρίτου
757 3680 1125 3753 Ἀλεξάνδρου.

177 3771 265 3824 15.
315 3771 453 3822 Ἀλλ’
493 3771 775 3844 ἐκϐληθεὶς
800 3773 1209 3845 καὶὲπιτριόεὶς
1261 3773 1476 3844 Ἀρειος
1530 3773 1679 3844 παρὰ

102 3864 216 3915 τῶν
252 3865 381 3933 περὶ
405 3863 680 3926 Εὐσέϐιον,
711 3865 1000 3934 συνέθηκεν
1034 3863 1224 3916 ἑαυτοῦ
1262 3865 1360 3935 τὴν
1391 3865 1600 3935 αἵρεσιν
1622 3869 1678 3918 ὲν

105 3956 307 4026 χάρτῃ,
334 3955 428 4007 καὶ
450 3955 525 4018 ὼς
555 3957 612 4007 ὲν
642 3956 828 4022 Salia
851 3953 1099 4026 ζηλώσας
1129 3955 1319 4010 οὐδένα
1362 3957 1470 4009 τῶν
1499 3957 1682 4026 φρονί-

107 4066 249 4118 μων,
301 4047 437 4100 ἀλλὰ
455 4047 546 4101 τὸν
571 4048 864 4116 Αίγύπτιον
907 4048 1165 4120 Σωσάτην
1212 4052 1268 4103 ὲν
1307 4049 1386 4120 τῷ
1427 4051 1547 4121 ήθει
1588 4052 1682 4105 καὶ

101 4145 171 4211 τῇ
206 4139 422 4194 ἐκλύσει
458 4140 551 4194 τοῦ
587 4141 697 4212 (1·2)
730 4141 942 4213 μέλους,
967 4143 1170 4214 γράφει
1197 4141 1294 4212 μὲν
1325 4141 1522 4206 πολλὰ,
1570 4143 1681 4196 ἀπὸ

109 4235 314 4305 μέρους
333 4233 390 4285 δέ
415 4235 561 4286 ἐστιν
586 4233 749 4286 αὐτοῦ
771 4233 941 4287 ταῦτα
967 4249 980 4263 ·

301 4327 773 4379 ΒΑΑΣφιιΜιΑι
823 4327 966 4379 Tor
1005 4327 1283 4380 APEIOY
1330 4325 1462 4396 (I5).

1782 2968 1968 3018 causa,
1999 2954 2146 3008 nullo
2169 2955 2472 3008 afficiantur
2498 2953 2660 3024 582
2690 2955 2917 3023 pudore,
2936 2954 3065 3006 dum
3089 2952 3352 3004 adversus

1784 3045 2175 3098 ecumenicam
2207 3044 2472 3114 synodum
2503 3053 2557 3098 et
2579 3046 2838 3098 adversus
2861 3041 3050 3097 Patres
3085 3056 3216 3098 suos
3236 3042 3351 3096 dis-

1784 3145 2019 3206 ceptant.
2051 3137 2216 3192 Arius
2246 3147 2300 3191 et
2333 3147 2626 3192 sectatores
2671 3137 2791 3206 ejus
2846 3151 2970 3190 curn
3017 3136 3131 3188 hate
3175 3134 3350 3187 senti-

1781 3238 1901 3282 rent
1928 3238 2090 3298 atque
2111 3229 2432 3299 proferrent,
2457 3249 2474 3281 ι
2501 3229 2575 3282 Ex
2603 3244 2709 3282 non
2743 3229 2959 3283 entibus
2987 3225 3130 3279 Deus
3151 3224 3347 3279 Filium

1781 3319 1930 3384 fecit,
1958 3331 2010 3375 et
2032 3321 2243 3375 vocavit
2267 3336 2390 3375 eum
2417 3321 2518 3375 sibi
2553 3319 2748 3372 Filium
2787 3359 2802 3383 ,
2853 3318 2945 3372 Dei
2981 3317 3216 3381 Verbum
3264 3326 3350 3370 est

1781 3429 1888 3467 una
1918 3429 1981 3467 ex
2003 3413 2286 3478 creaturis,
2312 3433 2332 3464 ›
2351 3423 2423 3478 et,
2448 3431 2466 3462 ‹
2492 3411 2621 3466 Erat
2647 3411 2939 3480 aliquando
2962 3425 3086 3464 cum
3123 3424 3230 3462 non
3256 3423 3348 3462 es-

1780 3512 1883 3567 set,
1898 3503 2170 3556 mutabilis
2186 3513 2362 3556 autem
2381 3510 2479 3560 est,
2499 3511 2802 3571 potestque,
2817 3513 2939 3554 cum
2959 3499 3212 3560 voluerit,
3227 3512 3349 3550 mu-

1782 3592 1908 3659 tari,
1934 3613 1953 3645 ›
1975 3609 2005 3647 a
2035 3593 2203 3647 beata!
2235 3593 2510 3647 memoriae
2531 3593 2838 3646 Alexandro
2869 3590 2938 3643 ab
2967 3588 3210 3644 Ecclesia
3233 3589 3346 3658 eje-

1799 3683 1850 3736 :ti
1873 3691 2018 3736 sunt.

1799 3701 1808 3714 ‘
1839 3691 2018 3736 isunt.

1780 3691 1940 3825 “15.
1976 3770 2193 3841 Ejectus
2247 3781 2428 3826 autem
2471 3772 2635 3826 Arius
2677 3771 2806 3826 dum
2854 3771 2997 3840 apud
3047 3769 3344 3825 Eusebium

1779 3872 2110 3920 versaretur.
2139 3879 2292 3918 suam
2325 3864 2570 3919 haeresim
2627 3864 2680 3916 in
2731 3863 2922 3916 charta
2971 3863 3262 3930 disposuit,
3292 3873 3347 3916 et

1779 3957 1937 4028 quasi
1967 3956 2022 4010 in
2069 3955 2279 4022 Thalia,
2306 3957 2576 4010 neminem
2603 3955 2950 4026 prudentium
2974 3995 2990 4020 ,
3037 3954 3130 4009 sed
3172 3953 3346 4024 Egy-

1779 4051 1950 4120 ptinm
1983 4049 2259 4114 Sotadem,
2298 4048 2543 4103 moribus
2581 4055 2638 4102 et
2681 4046 3045 4102 dissolutione
3089 4059 3346 4100 numero-

1779 4159 1898 4196 rum
1928 4143 2191 4207 imitatus,
2248 4140 2418 4194 multa
2461 4139 2680 4209 scripsit
2707 4181 2723 4206 ,
2781 4153 3017 4209 quorum
3058 4153 3186 4208 pars
3230 4137 3345 4192 hate

1777 4245 1860 4289 es‘
1892 4275 1905 4287 ’
2126 4321 2640 4378 BLASPHEMIAE‘
2666 4319 2828 4375 anu
2866 4321 2999 4393 (I5).

176 4415 351 4478 Αὐτὸς
396 4415 524 4484 γοῦν
557 4417 585 4468 ὁ
630 4416 759 4480 Θεὸς
791 4416 925 4469 καθό
973 4417 1140 4478 ἐστιν,
1189 4417 1424 4488 ἄρῤητος
1475 4415 1675 4469 ἅπασιν

1852 4413 1968 4483 Ipse
1991 4413 2155 4485 igitur
2186 4414 2328 4469 Deus
2360 4416 2660 4468 secundum
2694 4414 2826 4467 illud
2850 4414 2996 4482 quod
3021 4420 3124 4476 cst,
3155 4410 3345 4476 ineffa-

105 4507 366 4578 ὑπάρχει.
407 4509 569 4573 Ἴσον,
600 4509 719 4560 οὐδὲ
738 4510 942 4578 ὅμοιον,
972 4510 1072 4580 οὐχ
1101 4507 1350 4579 ὁμόδοξον
1378 4509 1489 4580 ἔχει
1520 4509 1678 4579 μόνος

102 4595 280 4663 οὗτος.
327 4599 640 4670 Ἀγέννητον
665 4599 719 4652 δὲ
743 4601 903 4654 αὐτόν
931 4618 1110 4671 φαμεν
1136 4599 1224 4652 διὰ
1255 4601 1344 4653 τὸν
1375 4602 1472 4672 τὴν
1519 4601 1678 4669 φύσιν

104 4691 395 4760 γεννητόν·
444 4689 630 4743 τοῦτον
676 4691 907 4762 ἄναρχον
965 4693 1310 4764 ἀειυμνοῦμεν
1367 4693 1454 4745 διὰ
1485 4692 1576 4744 τὸν
1621 4695 1679 4747 ὲν

105 4786 286 4857 χρόνῳ
312 4783 426 4852 (14)
456 4784 715 4851 γεγαότα.
765 4784 960 4856 Ἀρχὴν
985 4785 1073 4838 τὸν
1096 4785 1224 4838 Υίὸν
1249 4785 1410 4856 ἔθηκε
1446 4784 1553 4839 τῶν
1589 4801 1680 4852 γε-

104 4874 284 4945 νητῶν
310 4877 338 4926 ό
361 4875 614 4944 ἄναρχος,
638 4876 732 4928 καὶ
771 4876 998 4944 ἤνεγκεν
1027 4877 1107 4940 είς
1143 4877 1270 4929 Υἰὸν
1313 4876 1490 4946 ἑαυτῷ
1531 4876 1680 4929 τόνδε

103 4967 520 5036 τεκνοποιήσας.
560 4967 718 5020 Ἴδιον
744 4968 894 5020 οὐδὲν
943 4967 1056 5039 ἔχει
1089 4966 1181 5021 τοῦ
1221 4967 1354 5021 Θεοῦ
1392 4968 1514 5021 καθ’
1546 4967 1680 5020 ὑπό-

179 5141 227 5174 "
269 5139 289 5192 l
320 5139 448 5193 Cor.
480 5139 632 5204 χερὶ.
709 5139 756 5170 ’⁸
797 5138 956 5194 Prov.
991 5157 1118 5205 xxx,
1154 5142 1239 5195 II.

183 5270 258 5340 (8)
303 5268 392 5340 §ic
422 5267 643 5340 Regius.
681 5267 845 5333 Editi,
879 5269 1042 5340 ὑμᾶς.

182 5338 260 5410 (9)
302 5338 526 5409 Regius,
569 5338 844 5410 Ἀρειανῇ.
916 5338 1038 5394 Mox
1087 5339 1252 5408 idem,
1286 5339 1676 5412 φοϐουμένους,

113 5411 299 5619 milii)
336 5477 559 5549 Regius,
589 5478 892 5550 ἡγήσησθε.
924 5477 1067 5535 Εόίιί
1095 5495 1243 5544 vero,
1267 5477 1569 5551 ἡγήσασθε.

209 5552 268 5604 11
339 5548 526 5613 Basil.,
563 5554 657 5603 καὶ
704 5549 761 5601 ἒν
804 5549 914 5602 τῶν
962 5550 1293 5619 κτισμάτων.
1328 5549 1569 5619 Ιιιΐιπαᾷοε

209 5547 299 5619 11)
339 5547 526 5634 βαέὶιη
563 5547 657 5603 καὶ
688 5547 769 5601 εν
804 5549 926 5634 τῶν
962 5547 1682 5634 κτισμάτωνζὶιιξγοῇοάξιίο

113 5617 377 5692 comma.
411 5630 466 5674 et
493 5634 681 5676 omnes
710 5634 866 5686 mss.,
901 5621 989 5675 ὅτε
1019 5617 1285 5692 βούλεται.
1313 5619 1454 5676 Edit.
1481 5617 1679 5687 Paris.,

112 5689 192 5746 ὅτι
223 5689 491 5760 βούλεται.

1778 4507 1902 4563 bilis
1938 4508 2193 4562 omnibus
2221 4517 2325 4560 est.
2355 4501 2457 4560 Hic
2487 4507 2636 4561 solns
2667 4506 2873 4558 nullum
2915 4505 3016 4557 sibi
3045 4505 3127 4556 vel
3164 4521 3346 4572 aequa-

1780 4598 1882 4651 lem
1910 4598 1991 4652 vel
2015 4598 2244 4652 similem
2271 4598 2355 4650 vel
2376 4597 2597 4666 aaqualis
2619 4596 2804 4664 gloria:
2829 4596 3010 4648 habet.
3037 4595 3344 4663 Ingenitum

1779 4699 1958 4742 autem
1997 4688 2144 4741 illum
2175 4689 2434 4754 dicimus,
2465 4698 2686 4758 propter
2719 4703 2843 4741 eum
2887 4687 2978 4754 qui
3015 4696 3208 4738 natura
3254 4701 3348 4754 ge—

1782 4781 1927 4834 nitus
1955 4791 2038 4834 est
2066 4798 2080 4831 :
2111 4781 2257 4834 hunc
2287 4781 2403 4834 sine
2426 4780 2694 4849 principio
2727 4779 3088 4842 celebramus,
3122 4785 3344 4846 propter

1779 4887 1903 4925 eum
1944 4875 2036 4941 qui
2082 4873 2296 4926 initium
2341 4875 2518 4927 habet.
2558 4871 2845 4926 Eternum
2887 4872 3064 4939 ipsum
3112 4885 3340 4923 venera-

1781 4979 1922 5028 mur,
1937 4972 2293 5033 proptereum
2308 4965 2398 5034 qui
2418 4981 2470 5017 m
2502 4973 2737 5032 tempore
2767 4973 2927 5017 natus
2953 4968 3056 5016 est.
3086 4960 3189 5027 Qui
3227 4964 3346 5015 sine

1859 5268 1962 5337 (12)
2005 5266 2097 5322 Sic
2131 5267 2351 5337 Regius.
2379 5269 2437 5322 In
2460 5269 2619 5324 editis
2650 5269 2744 5324 τοῦ
2778 5269 2947 5324 deest.
2979 5267 3079 5324 Hic
3122 5267 3346 5324 Sosates

1782 5349 2010 5392 vocatur
2053 5340 2280 5392 Sotades
2320 5354 2504 5407 supra.

1856 5409 1967 5478 (15)
1997 5408 2135 5462 Ante
2165 5409 2398 5479 νἈρείου,
2443 5411 2536 5463 τοῦ
2582 5411 2731 5464 deest
2759 5411 2812 5464 in
2847 5409 3026 5478 editis,
3068 5411 3121 5464 in
3174 5407 3344 5479 Regio

1783 5479 2039 5552 habetur;
2065 5478 2198 5552 Ibid.
2233 5478 2452 5552 Regius,
2497 5481 2830 5552 βλασφημία.

1855 5549 1964 5620 (Id)
1999 5547 2225 5620 Regius,
2254 5547 2846 5620 χρόνοιςᾙΡουιοῷοει
2899 5550 3045 5604 τόνδε
3093 5551 3242 5605 deest
3287 5551 3341 5603 in

1783 5617 1965 5689 editis.
1999 5617 2057 5689 In
2082 5617 2487 5689 Regioilegitur.

1860 5687 1972 5761 (I5)
2012 5686 2138 5743 Haec
2169 5686 2345 5758 paulo'
2363 5701 2485 5760 post
2516 5706 2720 5747 annum
2755 5691 2858 5747 520
2883 5692 3022 5748 edita
3070 5690 3342 5746 videntur.
