3822 6226
453 299 555 353 707

1016 290 1078 352 ε.
1112 290 1486 348 ATHANASII
1519 289 1672 347 OPP.
1713 285 1897 343 PARS
1933 286 1974 341 l.
2014 316 2027 325 -

2138 280 2496 338 HISTORICA
2534 278 2623 335 ΕΤ
2664 275 3092 335 DOGMATICA.

3607 272 3719 326 703

455 417 613 472 initio
627 423 732 480 est,
756 414 953 469 Filium
976 413 1161 483 posuit
1179 412 1396 466 initiu
1418 420 1820 471 creaturarum,
1852 409 2023 462 hunc-

2138 420 2311 457 rractv
2372 401 2662 471 ἰδιότητος·
2721 397 2844 451 οὐδὲ
2898 395 3007 467 γάρ
3033 396 3181 448 ἐστιν
3239 392 3394 458 ῐσος,
3438 391 3554 445 ἀλλ’
3588 393 3719 445 οὐδὲ

454 524 562 579 que
589 508 712 562 tulit
734 522 797 560 ac
825 505 929 560 sibi
960 506 1013 558 in
1042 503 1239 557 Filium
1270 503 1584 572 adoptavit,
1615 501 1707 571 qui
1739 500 1875 554 nihil
1921 498 2029 553 Deo

455 600 735 671 proprium
768 597 927 651 habet
955 595 1259 650 secundum
1312 594 1590 664 propriam
1637 593 2027 657 substantiam,

455 707 564 746 non
598 701 683 745 est
711 691 856 744 enim
887 686 1116 757 aequalis
1150 695 1246 740 aut
1277 684 1765 740 consubstantialis
1798 683 1897 737 illi.
1930 681 2026 736 Sa-

454 784 609 854 piens
643 798 771 837 veru
798 789 883 836 est
915 779 1079 846 Deus,
1111 779 1241 848 quia
1274 778 1560 847 sapientia:
1601 776 1865 845 magister
1912 775 2030 844 ipse

453 885 557 931 est.
586 875 821 930 Evidens
849 889 1067 945 quoque
1090 890 1178 928 res
1205 881 1314 938 est,
1340 870 1511 925 Deum
1546 869 1876 924 invisibiiem
1906 883 2029 922 esse

453 969 712 1024 omnibus
739 983 861 1038 quae
884 982 979 1037 per
1007 965 1206 1019 Filium
1237 973 1384 1030 sunt,
1418 964 1633 1033 ipsique
1658 961 1800 1016 Filio
1830 961 2027 1014 invisi-

451 1057 615 1113 biiem
650 1072 792 1112 esse.
828 1056 1039 1110 Diserte
1073 1064 1253 1108 autem
1284 1053 1460 1107 dicam
1498 1066 1608 1120 quo
1639 1051 1802 1105 modo
1838 1065 1868 1103 a
1890 1049 2028 1103 Filio

452 1148 707 1203 videatur
736 1149 828 1217 qui
858 1157 943 1201 est
973 1145 1298 1199 invisibilis:
1323 1142 1443 1209 Qua
1473 1143 1520 1196 vi
1555 1138 1909 1197 Deus'videre
1932 1156 2028 1210 po-

451 1248 578 1306 test,
603 1240 793 1294 eadem
823 1238 1055 1308 pr0priis
1090 1238 1262 1291 modis
1293 1237 1349 1289 in
1387 1234 1587 1289 Filium
1607 1234 1759 1289 cadit
1807 1232 2027 1287 Patrem

453 1332 655 1396 videre,
684 1342 953 1399 quatenus
984 1329 1066 1383 fas
1085 1338 1186 1383 est.
1216 1327 1485 1381 Nimirum
1527 1326 1768 1380 Trinitas
1797 1334 1882 1380 est
1918 1339 2027 1378 non

453 1421 619 1476 simili
656 1421 826 1490 gloria
864 1462 876 1473 .
906 1419 1221 1475 substantiae
1257 1419 1402 1472 enim
1426 1434 1615 1472 eorum
1655 1418 1797 1472 inter
1824 1432 1882 1470 se
1906 1432 2031 1485 per-

454 1515 632 1569 mista:
660 1530 766 1567 non
797 1522 945 1577 sunt,
997 1512 1167 1566 altera
1200 1512 1371 1565 altera
1399 1511 1690 1579 gloriosior
1730 1520 1813 1564 est
1834 1508 1890 1563 in
1927 1510 2028 1562 im-

454 1622 726 1660 mensum.
777 1604 1081 1658 Extraneus
1122 1619 1152 1656 a
1194 1602 1331 1656 Filio
1375 1602 1674 1657 secundum
1735 1600 2028 1655 essentiam

453 1697 615 1751 Pater
631 1707 735 1758 est,
771 1697 896 1766 quia
925 1697 1044 1751 sine
1071 1695 1338 1765 principio
1363 1702 1465 1748 est.
1492 1692 1738 1762 Intellige
1766 1692 2026 1745 unitatem

2128 494 2413 566 ὀμοούσιος
2449 493 2598 564 αὐτῷ
2624 492 2759 561 (16).
2796 490 2966 560 Σοφὸς
2990 490 3047 543 δέ
3081 490 3227 540 ἐστιν
3255 487 3284 537 6
3309 485 3442 549 Θεὸς
3462 525 3476 548 ,
3508 485 3590 536 ὅτι
3616 484 3721 555 τῆς

2131 587 2321 655 σοφίας
2358 585 2677 647 διδάσκαλος
2705 582 2889 646 αὑτός.
2931 579 3113 650 Ἰκανὴ
3141 579 3199 632 δὲ
3229 576 3510 639 ἀπόδειξις
3534 616 3550 638 ,
3581 575 3669 626 ὅτι
3693 574 3721 623 ὁ

2130 678 2261 743 Θεὸς
2284 678 2514 749 ἀόρατος
2541 678 2732 738 ἆπασι,
2759 678 2870 737 τοῖς
2897 691 2957 725 τε
3010 671 3100 725 διὰ
3139 668 3269 723 Υἱοῦ
3312 670 3407 723 καὶ
3450 667 3598 737 αὐτῷ
3640 664 3723 734 τῷ

2129 768 2244 839 Υίῷ
2278 769 2507 840 ἀόρατος
2534 771 2562 822 6
2588 768 2771 831 αὐτός,
2813 764 3020 836 Ῥητῶς
3047 763 3104 816 δὲ
3130 761 3289 826 λέξω,
3334 761 3452 824 πῶς
3492 759 3571 830 τῷ
3600 759 3723 828 Υἱῷ

2127 863 2319 933 ὁρᾶται
2347 861 2375 912 ὁ
2403 860 2662 931 ἀόρατος·
2698 859 2775 928 Τῇ
2810 851 3091 928 δυνάμει
3116 854 3339 907 δύναται
3372 854 3401 905 6
3426 851 3558 914 Θεὸς
3589 852 3722 904 ἰδεῖν

2132 954 2282 1017 ἰδίοις
2310 970 2369 1005 τε
2407 951 2625 1022 μέτροις
2652 949 2911 1020 ὑπομένει
2941 949 2969 999 6
3001 946 3128 1009 Υἱὸς
3172 944 3297 998 ἰδεῖν
3331 942 3425 996 τὸν
3463 942 3718 1012 Πατέρα,

2126 1042 2202 1105 ὡς
2221 1040 2378 1111 θέμις
2406 1040 2573 1092 ἐστίν.
2596 1039 2799 1107 Ἥγουν
2827 1035 2996 1108 Τριάς
3020 1037 3131 1087 ἐστι
3152 1032 3332 1097 δόξαις
3359 1032 3459 1101 οὐχ
3481 1031 3718 1102 ὁμοίαιςο

2128 1133 2474 1202 ἁνεπίμικτοι
2504 1132 2719 1194 ἑαυταῖς
2749 1130 2886 1181 εἰσιν
2918 1129 2973 1181 αἱ
3007 1125 3333 1187 ὑποστάσεις
3361 1123 3541 1176 αὐτῶν
3564 1139 3579 1152 °
3617 1121 3724 1192 μία

2128 1225 2228 1294 τῆς
2257 1227 2384 1296 μιᾶς
2417 1223 2730 1294 ἐνδοξοτέρα
2760 1219 2935 1286 δόξαις
2975 1219 3060 1273 ἐπ’
3121 1218 3368 1288 ἄπειρον.
3412 1215 3573 1278 Ξένος
3618 1212 3719 1267 τοῦ

2130 1316 2262 1372 Υἱοῦ
2298 1318 2416 1370 κατ’
2465 1315 2653 1369 οὐσίαν
2685 1317 2713 1367 ὁ
2765 1312 2974 1383 Πατὴρ,
3032 1312 3113 1364 ὅτι
3167 1311 3401 1380 ἄναρχος
3460 1307 3715 1378 ὑπάρχει.

2129 1408 2316 1471 Σύνες,
2341 1408 2425 1460 ὅτι
2459 1408 2491 1477 ἡ
2524 1405 2691 1477 μονὰς
2712 1400 2779 1475 ἦν
2799 1421 2812 1433 ·
2850 1405 2883 1473 ἠ
2908 1402 3038 1465 δυὰς
3056 1402 3113 1454 δὲ
3141 1401 3243 1453 οὐκ
3263 1396 3353 1471 ἦν,
3388 1399 3517 1470 πρὶν
3542 1399 3719 1469 ὑπάρ-

2130 1499 2216 1573 ξῃ.
2243 1498 2449 1552 Αὐτίκα
2481 1496 2632 1567 γοῦν,
2671 1495 2805 1550 Υίοῦ
2843 1495 2916 1567 μὴ
2941 1495 3114 1557 ὄντος,
3148 1494 3176 1545 6
3202 1492 3393 1563 Πατὴρ
3419 1490 3556 1553 Θεός
3576 1491 3715 1543 ἐστι.

2128 1591 2328 1644 Λοιπὸν
2365 1592 2394 1643 6
2424 1590 2551 1653 Υίὸς
2597 1589 2698 1641 οὐκ
2735 1588 2809 1642 ὢν
2854 1585 3087 1658 (ὑπῆρξε
3116 1585 3173 1638 δὲ
3199 1583 3413 1654 θελήσει
3444 1582 3716 1655 πατρῴᾳ),

2133 1683 2424 1754 μονογενὴς
2456 1681 2588 1746 Θεός
2617 1683 2755 1746 ἐστι,
2787 1680 2881 1733 καὶ
2914 1678 3189 1750 ἑκατέρων
3222 1676 3502 1749 ἀλλότριος
3537 1670 3714 1740 οὗτος.

452 1787 645 1856 fuisse,
671 1789 987 1843 dualitatem
1019 1803 1282 1842 veronon
1317 1786 1488 1840 fuisse
1531 1785 1848 1854 priusquam
1882 1783 2026 1838 exsi-

2139 1775 2202 1828 'H
2231 1774 2402 1843 Σοφία
2426 1774 2584 1842 σοφία
2599 1772 2808 1844 ὑπῆρξε
2843 1770 3006 1840 σοφοῦ
3029 1769 3162 1823 ε)εοῦ
3185 1769 3422 1840 θελήσει.
3455 1770 3721 1823 Ἐπινοεί-

454 1888 641 1935 steret.
675 1880 841 1949 Igitur
869 1877 1010 1932 Filio
1044 1873 1283 1931 nondum
1313 1875 1650 1938 exsistente,
1692 1874 1855 1928 Pater
1882 1872 2028 1927 Deus

450 1981 556 2026 est.
588 1969 793 2026 Dehinc
838 1986 963 2025 cum
1010 1967 1181 2023 Filius
1229 1967 1524 2036 aliquando
1580 1981 1689 2020 non
1761 1964 2030 2019 exstiterit

451 2060 755 2134 (voluntate
784 2070 965 2115 autem
998 2069 1222 2129 paterna
1255 2057 1504 2127 exstitit),
1539 2056 1853 2126 unigenitus
1885 2053 2028 2109 Deus

448 2164 556 2219 est,
590 2166 643 2210 et
665 2155 734 2208 ab
764 2164 997 2223 utroque
1019 2152 1248 2206 alienus.
1281 2150 1558 2220 Sapientia
1583 2189 1597 2211 ,
1636 2148 1727 2201 Dei
1767 2147 2026 2217 sapientis

451 2245 735 2300 voluntate
756 2242 1022 2312 sapientia
1062 2241 1289 2295 exstitit.
1325 2240 1611 2294 Sexcentis
1655 2238 1820 2306 igitur
1860 2237 2029 2291 ratio-

452 2337 617 2391 nibus
646 2334 736 2388 hic
785 2332 1125 2403 intelligitur,
1168 2331 1427 2400 Spiritus,
1479 2329 1690 2392 virtus,
1736 2328 2023 2398 sapientia,

452 2424 550 2480 Dei
586 2425 779 2494 gloria,
825 2424 1050 2486 veritas,
1106 2423 1289 2492 imago
1318 2463 1334 2488 ,
1390 2429 1445 2475 ει
1471 2418 1735 2474 Verbum.
1787 2420 2027 2489 lntellige

451 2513 582 2567 illud
607 2513 793 2575 etiam,
814 2510 1158 2581 splendorem
1189 2520 1243 2564 et
1271 2511 1446 2564 lucem
1475 2509 1707 2579 concipi.
1736 2508 2023 2578 Equalem

450 2603 593 2659 Filio
625 2605 848 2675 gignere
876 2614 1055 2673 potest
1084 2603 1228 2657 Deus
1264 2620 1277 2654 :
1321 2612 1378 2656 at
1418 2603 1852 2672 praestantiorem
1873 2642 1888 2667 ,
1941 2601 2026 2654 vel

452 2695 757 2756 meliorem,
796 2695 881 2748 vel
910 2694 1194 2762 majorem,
1231 2707 1598 2763 nequaquam.
1628 2691 1722 2745 Dei
1753 2691 2028 2745 voluntate

450 2781 624 2837 Filius
648 2791 886 2852 quantus
912 2793 1153 2851 quantus
1186 2790 1294 2846 est,
1327 2798 1390 2835 ex
1425 2796 1535 2850 quo
1577 2790 1816 2849 tempore
1851 2796 1880 2834 a
1914 2779 2025 2834 Deo

451 2874 690 2938 exstitit,
726 2872 869 2927 Deus
894 2873 1052 2927 fortis
1087 2889 1209 2927 cum
1239 2875 1311 2927 sit
1334 2913 1348 2937 ,
1383 2887 1443 2927 se
1498 2872 1926 2941 praestantiorem
1957 2887 2022 2925 ex

451 2976 604 3033 parte
642 2964 899 3018 celebrat.
954 2964 1021 3019 Ut
1064 2965 1254 3033 paucis
1312 2965 1512 3028 dicam,
1563 2962 1702 3016 Filio
1757 2962 1900 3018 Deus
1943 2971 2026 3017 est

453 3052 762 3114 ineﬂabilis,
792 3060 877 3107 est
905 3053 1049 3106 enim
1078 3053 1181 3107 sibi
1211 3053 1356 3121 quod
1384 3063 1467 3106 est
1490 3093 1505 3116 ,
1539 3052 1644 3108 hoc
1681 3061 1764 3107 est
1804 3053 2023 3106 inenar-

2127 1883 2217 1919 ται
2247 1865 2377 1934 γοῦν
2409 1867 2630 1938 μυρίαις
2660 1866 2812 1928 ὅσαις
2853 1864 3116 1925 ἐπινοίαις
3158 1860 3383 1933 Πνεῦμα
3411 1901 3426 1925 ,
3463 1860 3716 1932 δύναμις,

2131 1959 2312 2026 σοφία,
2342 1957 2469 2022 δόξα
2491 1956 2646 2021 Θεοῦ,
2669 1956 2900 2027 ἀλήθειά
2946 1973 3007 2008 τε
3037 1955 3130 2008 καὶ
3153 1953 3317 2008 εἰκὼν
3337 1993 3353 2014 ,
3389 1954 3485 2007 καὶ
3517 1953 3716 2022 Λόγος,

2128 2042 2301 2113 οὗτος.
2321 2050 2505 2113 Σύνες,
2533 2050 2614 2102 ὅτι
2636 2049 2729 2101 mi.
2759 2047 3100 2117 ἀπαύγασμα
3128 2047 3221 2099 καὶ
3251 2046 3366 2115 φῶς
3393 2046 3715 2097 ἐπινοεῖται.

2132 2143 2275 2195 Ἴσον
2309 2142 2406 2211 μὲν
2426 2141 2519 2195 τοῦ
2551 2140 2680 2194 Υίοῦ
2705 2142 2900 2211 γεννᾷν
2924 2140 3149 2202 δυνατός
3176 2141 3323 2192 ἐστιν
3351 2139 3380 2191 6
3407 2139 3677 2209 κρείττων
3699 2152 3713 2165 ⁸

2126 2231 2520 2305 διαφορώτερον
2551 2232 2631 2295 δὲ,
2667 2231 2701 2303 ἢ
2737 2232 3040 2303 κρείττονα,
3077 2231 3110 2302 ἢ
3146 2230 3389 2301 μείζονα,
3417 2230 3540 2300 οὐχί
3576 2228 3714 2298 (17).

2126 2323 2260 2376 Θεοῦ
2290 2324 2508 2394 θελήσει
2539 2325 2567 2376 6
2599 2323 2724 2388 Υἱὸς
2754 2323 2940 2396 ἡλίκος
2981 2324 3074 2376 καὶ
3119 2324 3243 2386 ὅσος
3294 2323 3473 2387 ἐστὶν,
3528 2321 3591 2390 ἐξ
3622 2324 3712 2376 ὅτε

2127 2418 2223 2471 καὶ
2249 2419 2342 2487 ἀφ’
2376 2411 2456 2480 οὗ,
2485 2416 2581 2472 καὶ
2611 2416 2718 2470 ἀπὸ
2748 2416 2871 2469 τότε
2896 2418 2961 2470 ὲκ
2985 2415 3079 2469 τοῦ
3104 2415 3240 2469 Θεοῦ
3273 2416 3482 2487 ὑπέστη
3503 2453 3519 2477 ,
3561 2418 3717 2488 ἰσχυ-

2131 2509 2221 2581 ρὸς
2250 2508 2383 2572 Θεὸς
2410 2507 2507 2574 ὣν,
2553 2509 2643 2561 τὸν
2682 2509 2971 2580 κρείττονα
3031 2510 3097 2561 ὲκ
3134 2509 3332 2580 μέρους
3361 2507 3539 2578 ὑμνεῖ.
3586 2508 3714 2559 Συν-

2126 2603 2300 2657 ελόντι
2344 2604 2538 2666 εἰπεῖν,
2574 2601 2651 2672 τῷ
2678 2601 2790 2674 Υἱῷ
2821 2605 2849 2656 ὁ
2872 2603 3003 2666 Θεὸς
3024 2602 3259 2674 ἄρῤητος
3286 2602 3520 2673 ὑπάρχει
3544 2617 3559 2631 ·
3602 2602 3716 2652 ἐστι

2126 2694 2235 2762 γὰρ
2268 2691 2447 2762 ἐαυτῷ
2469 2692 2497 2744 ὃ
2531 2693 2675 2755 ἔστι,
2714 2692 2859 2747 ταῦτ³
2895 2695 3042 2746 ἔστιν
3083 2692 3308 2755 ἄλεκτος
3331 2708 3346 2722 '
3383 2691 3525 2745 ὥστε
3561 2692 3717 2745 οὐδὲν

2125 2781 2233 2834 τῶν
2267 2782 2574 2854 λεγομένων
2602 2783 2747 2836 κατά
2774 2800 2830 2837 τε
2875 2783 3176 2854 κατάληψιν
3216 2783 3385 2837 συνίει
3418 2783 3662 2850 ἐξειπεῖν
3691 2786 3720 2835 6

2127 2872 2274 2936 Υἱός.
2314 2874 2584 2927 Ἀδύνατα
2609 2875 2718 2947 γὰρ
2749 2875 2898 2945 αὑτῷ
2921 2876 3012 2930 τὸν
3040 2877 3262 2949 Πατέρα
3300 2894 3359 2930 τε
3389 2876 3715 2948 ἐξιχνιάσαι,

2125 2964 2183 3029 ὃς
2240 2966 2385 3017 ἐστιν
2443 2967 2528 3035 ἐφ’
2556 2965 2771 3019 ἑαυτοῦ.
2811 2968 2982 3031 Αὐτὸς
3010 2968 3119 3040 γὰρ
3156 2972 3185 3022 6
3222 2968 3347 3033 Υίὸς
3379 2968 3477 3040 τὴν
3520 2968 3716 3024 ἑαυτοῦ

2128 3055 2314 3110 οὑσίαν
2346 3058 2444 3110 οὐκ
2478 3053 2615 3111 οἶδεν
2641 3077 2654 3089 ·
2681 3059 2810 3124 Υἱὸς
2832 3059 2941 3133 γὰρ
2959 3060 3034 3114 ὣν
3062 3060 3275 3133 θελήσει
3301 3061 3514 3133 Πατρὺς
3536 3064 3718 3137 ὑπῆρ-

450 3144 679 3209 rabilis;
712 3144 788 3197 ita
827 3152 885 3197 ut
908 3144 1043 3197 nihil
1071 3158 1262 3198 eorum
1297 3158 1420 3214 quae
1452 3145 1752 3198 secundum
1779 3158 2027 3215 compre-

2138 3146 2222 3211 ξεν
2251 3148 2484 3219 άληθῶς.
2519 3150 2615 3214 Τίς
2651 3115 2966 3221 γοῦνλόγος
2991 3115 3263 3225 συγχωρεῖ
3287 3153 3376 3206 τὸν
3407 3115 3472 3206 ἐκ
3494 3115 3718 3226 ὶΙατρὸς

450 3235 768 3291 hensionem
797 3238 1079 3303 dicuntur,
1110 3237 1450 3307 intelligere,
1504 3245 1600 3291 aut
1652 3237 1801 3291 ell‘ari
1850 3239 2027 3294 valeat

450 3322 642 3379 Filius.
673 3324 1015 3395 lmpossibile
1042 3328 1243 3397 quippe
1293 3337 1378 3383 est
1416 3329 1492 3382 illi
1534 3327 1750 3383 Patrem
1804 3331 2028 3386 investi-

450 3431 599 3486 gare,
630 3418 809 3487 qualis
858 3420 912 3472 in
939 3435 998 3474 se
1053 3428 1155 3473 est.
1214 3418 1349 3474 Nam
1391 3422 1508 3490 ipse
1556 3420 1729 3477 Filius
1762 3438 1832 3477 ne
1868 3438 2022 3478 suam

450 3506 668 3574 quidem
722 3509 1080 3562 substantiam
1132 3511 1319 3563 novit:
1359 3508 1531 3565 Filius
1578 3511 1725 3564 enim
1770 3526 1894 3566 cum
1930 3513 2020 3578 sit,

2132 3238 2261 3293 ὄντα
2292 3241 2453 3294 αὑτὸν
2502 3243 2592 3296 τὸν
2630 3244 2968 3315 γεννήσαντα
3015 3244 3218 3313 γνῶναι
3267 3247 3325 3297 ἐν
3369 3245 3715 3317 statumina;

2132 3330 2289 3401 δῆλον
2334 3332 2444 3406 γὰρ
2483 3334 2617 3405 (18),
2648 3337 2728 3389 ὃτι
2760 3337 2821 3392 τὸ
2849 3336 3023 3408 ἀρχὴν
3048 3336 3190 3407 ἔχον,
3219 3337 3310 3390 τὸν
3353 3337 3614 3411 ἄναρχον,
3646 3339 3719 3403 ὡς

2132 3422 2788 3500 ἔστιν,ὲμπερινοῆσαι,ἢ
2823 3429 3348 3501 ὲμπεριδράξασθαι,
3381 3431 3481 3501 οὐχ
3512 3426 3628 3484 οἶόν
3660 3431 3717 3484 τέ

2130 3516 2300 3571 ἐστιν.

449 3611 674 3669 paterna
711 3619 779 3657 ex
821 3604 1100 3659 voluntate
1136 3620 1325 3660 revera
1374 3605 1604 3661 exstitit.
1636 3592 1765 3672 'Qua
1811 3609 2022 3663 ratione
2068 3608 2183 3665 ﬁeri
2223 3623 2407 3682 queat,
2455 3622 2517 3668 ut
2550 3614 2645 3683 qui
2694 3623 2777 3670 est
2824 3630 2891 3670 ex
2933 3614 3089 3670 Patre
3114 3657 3129 3680 ,
3189 3615 3365 3685 ipsum
3412 3618 3714 3686 genitorem

451 3714 775 3770 cognoscere
842 3709 1006 3770 atque
1052 3701 1511 3771 comprehendere
1565 3701 1774 3771 possit?
1816 3700 2001 3757 Palam
2040 3704 2238 3778 quippe
2267 3718 2353 3762 est
2381 3708 2433 3763 id
2455 3709 2600 3779 quod
2623 3709 2784 3763 habet
2821 3705 3060 3773 initium,
3112 3724 3221 3764 non
3261 3713 3423 3779 posse
3470 3711 3526 3765 id
3564 3712 3717 3781 quod

451 3810 561 3850 non
598 3796 761 3850 habet
798 3795 1037 3861 initium,
1074 3805 1133 3850 ut
1161 3806 1246 3851 εει
1268 3800 1509 3870 cogitare
1541 3797 1628 3851 vel
1666 3799 2147 3867 comprehendere.

522 3885 608 3939 16.
646 3886 778 3952 Quae
817 3902 949 3942 vero
993 3888 1181 3942 Ariani
1219 3904 1315 3961 per
1334 3890 1625 3960 epistolam
1673 3906 1829 3945 suam
1854 3891 2025 3946 beatae

451 3978 730 4032 memoriae
777 3977 894 4031 viro
933 3979 1242 4034 Alexandro
1292 3981 1552 4051 episcopo
1600 3981 1805 4053 scripta
1852 3981 2023 4035 tradi-

450 4069 602 4134 dere,
623 4071 738 4126 haec
768 4081 926 4126 sunt:

450 4179 614 4276 53.3
629 4181 1167 4276 fﬁflﬁ’nﬁ‘ifﬁ.
1179 4184 1687 4276 ξῑυιῖειξσιιο
1717 4188 2029 4276 ,ἄρὲἷιξρ

522 4252 976 4376 ΑιΕΧΑΝΙᾶῌΟ
1024 4254 1486 4310 PRESBYTER!
1546 4256 1642 4311 ET
1705 4259 2030 4316 DIACUNI

523 4321 614 4376 IN
640 4322 837 4377 00M]
903 4323 1338 4380 OSALUTEM.

2205 3895 2292 3950 16.
2336 3898 2402 3949 Ἀ
2431 3897 2486 3950 δὲ
2513 3898 2607 3951 καὶ
2633 3899 2701 3951 δι’
2732 3896 3020 3967 ἐπιπολῆς
3051 3896 3293 3970 ἔγραψαν
3326 3898 3462 3970 πρὸς
3488 3897 3581 3950 τὸν
3613 3912 3715 3969 μα-

2133 3988 2362 4061 καρίτην
2411 3988 2755 4060 Ἀλέξανδρον
2779 3992 2870 4043 τὸν
2904 3992 3220 4058 ἐπίσκοπον,
3249 3992 3363 4047 ἐστι
3394 3990 3603 4045 ταῦτα’

2139 4168 2247 4239 (19)
2288 4171 2615 4243 ipsum)
2676 4173 2877 4243 ΠΑΠᾼ
2916 4176 3045 4227 ΚΑΙ
3089 4175 3467 4243 Burmann
3502 4177 3715 4229 HMON

2199 4240 2626 4311 ΑΛΕΞΑΝΔΡῼ
2693 4245 2770 4296 01
2836 4240 3361 4298 ΠΡΕΣΒΥΤΕΡΟΙ
3420 4240 3557 4300 ΚΑΙ
3640 4248 3717 4300 ΟΙ

2205 4312 2551 4364 ΔΙΑΚΟΝΟΙ
2604 4313 2709 4365 ΕΝ
2755 4314 2985 4382 ΚΥΡῙῼ
3024 4315 3352 4367 ΧΑΙΡΕΙΝ.

522 4431 720 4488 Ndstra
750 4449 781 4488 a
818 4435 1120 4505 majoribus
1151 4436 1306 4502 lides,
1343 4455 1506 4509 quam
1555 4449 1609 4495 et
1663 4456 1695 4495 a
1747 4453 1796 4496 te
1839 4443 2027 4499 didici-

2218 4424 2282 4477 Ἦ
2316 4424 2497 4488 πίστις
2524 4425 2679 4496 ἡμῶν
2705 4427 2737 4497 ή
2762 4431 2826 4481 ὲκ
2857 4428 3137 4499 προγόνων
3160 4467 3175 4489 ,
3225 4428 3292 4498 ἠν
3320 4428 3415 4480 καὶ
3462 4427 3574 4481 ἀπὸ
3618 4429 3710 4481 σοῦ

454 4541 602 4589 mus,
649 4525 804 4580 beate
858 4542 1020 4597 papa,
1082 4529 1199 4583 haec
1256 4539 1359 4585 est.
1433 4532 1800 4602 Agnoscimus
1859 4551 2031 4589 unum

455 4615 651 4678 Deum,
680 4616 858 4670 solum
910 4619 1234 4688 ingenitum,
1289 4621 1468 4676 solum
1525 4631 1813 4688 aeternum,
1856 4626 2031 4680 solum

453 4706 719 4778 principio
742 4719 1036 4773 carentem,
1085 4713 1260 4766 solum
1313 4729 1523 4779 verum,
1575 4716 1752 4770 solum
1805 4716 2032 4771 immor-

457 4802 661 4857 talitate
688 4802 998 4873 praeditum,
1027 4805 1206 4858 solum
1248 4807 1569 4876 sapientem,
1601 4810 1776 4865 solum
1802 4809 2028 4875 bonum,

552 5003 641 5071 l6)
684 5002 906 5074 Regius.
935 5004 1123 5061 αὑτοῦ.

557 5074 644 5144 l7)
686 5071 789 5146 Sic
817 5075 979 5129 habet
1010 5076 1374 5145 interpunctio
1404 5077 1458 5130 in
1501 5076 1789 5133 Basiliensi
1817 5080 2027 5146 codice,

458 5144 628 5200 itaut
660 5144 780 5214 οὐχί
811 5146 876 5198 ad
910 5144 1192 5214 superiora
1222 5147 1509 5212 referatur,
1555 5158 1608 5202 et
1645 5150 1759 5203 haec
1793 5150 1863 5203 sit
1913 5144 2032 5203 sen-

458 5163 533 5200 ita
570 5163 628 5198 ut
660 5163 721 5197 ου
764 5163 780 5196 ι
811 5163 876 5198 ao
910 5163 1192 5214 superiora
1222 5163 1509 5212 releratur,
1555 5163 1608 5202 et
1645 5163 1759 5203 haec
1793 5163 1863 5203 Sll.
1913 5165 2027 5203 sen-

458 5215 652 5296 tentia,
684 5163 973 5285 Aggqualem
1003 5214 1143 5287 Filio
1165 5225 1340 5296 potest
1370 5218 1589 5296 gignere
1612 5217 1790 5296 Deus.
1810 5231 1865 5273 at
1887 5235 2027 5296 pra:-

460 5286 802 5349 stantiorem,
841 5301 1206 5355 nequaquam.
1238 5286 1294 5341 In
1329 5286 1488 5342 editis
1518 5303 1649 5342 vero
1673 5289 1791 5355 οὐχί
1834 5291 2028 5351 subse-

460 5308 802 5349 SlaIILIUl'CIII,
842 5308 1206 5355 nequaquam.
1238 5308 1294 5341 ιη
1329 5308 1488 5342 CUIUS
1518 5308 1649 5342 VC")
1673 5308 1732 5341 ου
1777 5308 1791 5341 ι
1834 5308 2028 5351 δυηδθ⁶

459 5356 754 5474 22ἓᾶιέἓῦιέ
793 5357 1123 5426 jungebatur
1164 5358 1325 5413 male.
1365 5356 1535 5413 Paulo
1566 5357 1706 5413 infra
1738 5308 1941 5429 ﬁegius
1968 5359 2030 5413 τὸ

459 5441 762 5478 κοειττονα.

500 5441 762 5570 ρῗίὲςοῖῗέ
792 5494 996 5570 Regius
1019 5497 1075 5570 in
1100 5497 1399 5570 editis-rip
1437 5497 1610 5553 deest.
1645 5497 1767 5553 Mox
1804 5496 2026 5570 Re‘gius,

459 5563 519 5627 ὃς
550 5565 719 5625 ἐστιν,
755 5577 807 5620 ει
837 5563 977 5620 infra
1016 5568 1181 5629 idem,
1211 5563 1322 5632 οἷός
1344 5563 1427 5623 τε.

533 5634 649 5710 (19).
684 5634 921 5689 Habetur
952 5639 1069 5710 hmc
1090 5639 1211 5691 tidei
1242 5637 1475 5710 formula
1503 5638 1643 5710 apud
1665 5638 2024 5710 Epiphaniam

460 5703 652 5761 haeresi
678 5721 825 5763 LXIX.
855 5722 1003 5761 num.
1039 5705 1104 5772 7;
1139 5710 1277 5778 apud
1315 5703 1580 5765 Hilarium
1615 5703 1725 5776 bis,
1757 5703 1896 5765 libro
1922 5711 2028 5765 sci-

2140 4514 2560 4585 μεμαθήκαμεν,
2600 4519 2841 4588 μακάριε
2881 4519 3056 4581 πάπα,
3089 4519 3235 4571 ἐστιν
3276 4517 3439 4589 αὕτη.
3475 4517 3712 4589 Οἴδαμεν

2134 4605 2228 4658 ἕνα
2259 4606 2411 4667 Θεὸν,
2437 4607 2595 4677 μόνον
2624 4608 2939 4678 ἀγέννητον,
2971 4611 3129 4679 μόνον
3150 4609 3336 4671 ἀΐδιον,
3358 4611 3518 4681 μόνον
3545 4610 3712 4680 ἄναρο
3792 4614 3793 4623 “

2133 4714 2247 4767 χον,
2285 4696 2445 4767 μόνον
2474 4699 2747 4770 ἀληθινὸν,
2781 4701 2942 4770 μόνον
2964 4700 3257 4754 ἀθανασίαν
3286 4692 3498 4771 ἔχοντα,
3552 4702 3710 4771 μόνον

2134 4789 2317 4857 σοφὸν,
2356 4789 2515 4859 μόνον
2542 4791 2766 4859 ἀγαθὸν,
2806 4792 2963 4862 μόνον
2996 4792 3263 4863 δυνάστην
3283 4835 3298 4857 ,
3331 4794 3553 4846 πάντων
3593 4810 3712 4864 κρι-

2132 5012 2256 5066 licet
2283 5021 2479 5081 quarto
2503 5013 2570 5067 de
2607 5012 2892 5078 Trinitate,
2919 5013 3023 5067 col.
3046 5012 3188 5077 853;
3212 5012 3353 5066 libro
3385 5013 3512 5066 item
3548 5027 3604 5067 vx
3636 5011 3709 5066 De

2135 5081 2353 5153 Trinit.,
2382 5084 2492 5153 col.
2538 5082 2662 5137 88L
2714 5084 2869 5153 Apud
2902 5083 3273 5153 Ambrosium,
3311 5092 3443 5137 tom.
3482 5081 3548 5143 ll,
3580 5098 3703 5153 pag.

2133 5151 2340 5224 786,_iu
2366 5151 2545 5224 Gestis
2591 5151 2779 5224 synodi
2813 5153 3207 5224 Aquileiensis,
3253 5151 3419 5220 hujus
3461 5151 3708 5221 epistola:

2133 5237 2226 5277 seu
2255 5221 2376 5276 ﬁdei
2412 5221 2661 5277 formulae
2692 5224 2894 5292 passim
2940 5223 2998 5277 ﬁt
3044 5223 3272 5283 mentio,
3304 5225 3531 5292 ejusque
3556 5225 3705 5275 varia

2131 5294 2509 5361 expenduntur
2542 5294 2680 5357 loca,
2713 5295 2782 5347 ab
2808 5292 2965 5346 initio
2989 5293 3153 5361 petita
3181 5309 3196 5346 :
3231 5301 3397 5360 atque
3429 5304 3486 5346 ut
3520 5293 3595 5345 ibi
3625 5303 3707 5346 te-

2131 5370 2345 5417 stantur
2378 5361 2570 5418 Patres
2613 5365 2667 5417 in
2719 5363 2948 5432 epistola
2980 5362 3046 5415 ad
3098 5362 3457 5431 imperatores
3517 5376 3707 5432 nume:

2130 5448 2197 5513 ro_
2230 5432 2462 5513 decima,
2511 5434 2651 5487 eain
2699 5430 2909 5513 synodo
2960 5430 3370 5513 recitata‘fuit,
3421 5441 3588 5513 atque
3616 5430 3703 5486 isti

2131 5501 2198 5555 ad
2252 5502 2609 5570 imperatores
2666 5501 2909 5569 epistola:
2967 5503 3281 5569 subjuncta,
3330 5503 3476 5556 unde
3524 5510 3703 5555 tamen

2130 5572 2351 5627 excidit.
2430 5571 2774 5643 Vocaturque
2843 5573 2918 5627 ibi
2972 5571 3222 5643 Epistola
3267 5573 3408 5635 Arii,
3446 5573 3702 5643 principui

2130 5643 2374 5712 scilicet.
2418 5652 2475 5697 at
2546 5658 2653 5697 non
2686 5641 2882 5697 Dsolius
2933 5642 3065 5712 ejus;
3097 5643 3355 5712 auctoris.
3397 5672 3468 5712 -τ
3505 5641 3705 5712 Regius

2130 5722 2182 5767 et
2257 5711 2490 5789 Epiph.,
2543 5712 2637 5767 καὶ
2680 5714 2983 5783 ὲπισκόπῳ.
3044 5710 3100 5767 In
3156 5711 3318 5767 editis
3376 5710 3470 5765 καί
3530 5710 3717 5768 deest...
