3822 6226
363 307 459 364 τη

894 301 952 356 S.
997 295 1376 355 ATHANASII
1416 294 1568 351 OPP.
1611 292 1797 348 PARS
1837 291 1879 346 1.
1917 319 1988 332 -
2026 289 2406 348 HISTORlCA
2439 292 2529 350 ET
2571 292 3002 351 DOGMATICA.

3527 291 3640 349 ἨΞ

361 441 490 496 pars
526 422 702 494 ipsius
735 419 1248 484 consubstantialis,
1292 417 1378 472 vel
1428 414 1588 487 quasi
1633 412 1881 477 emissio,
1913 426 1929 465 ε

2048 411 2304 478 σύνθετος
2336 412 2488 468 ἔσται
2515 416 2544 467 6
2568 414 2760 486 Πατὴρ
2789 416 2883 468 καὶ
2914 415 3203 487 διαιρετὸς,
3246 414 3340 469 καὶ
3376 419 3639 488 τρεπτὺς,

359 513 690 584 quibusdam
725 511 1078 580 intelligatur,
1111 508 1271 562 Pater
1328 506 1670 575 compositus
1721 503 1845 562 erit.
1891 510 1946 556 et

359 605 652 659 divisibilis
677 613 732 657 et
753 602 1058 666 mutabilis,
1082 601 1210 654 item
1239 614 1439 668 corpus
1463 595 1765 652 secundum
1797 595 1942 658 illos,

357 705 411 751 et
434 704 698 764 quantum
733 694 786 746 in
839 692 974 759 ipsis
1028 693 1152 753 erit,
1207 693 1566 759 incorporeus
1620 687 1784 751 Deus,
1821 702 1945 757 quae

358 788 574 859 corpori
603 796 731 841 sunt
762 785 1006 855 propria.
1076 783 1332 853 patietur.
1373 783 1511 836 Pars
1543 780 1790 850 quaedam
1829 779 1946 832 haec

356 888 485 933 sunt
535 893 726 932 eorum
773 892 898 948 qua:
957 891 1023 930 ex
1079 874 1337 929 lueretico
1391 873 1555 929 corde
1607 886 1709 927 suo
1753 870 1942 924 Ariani

354 985 510 1024 evom
520 978 738 1024 uerunt.

427 1062 593 1134 584
623 1063 709 1115 l7.
736 1061 1042 1131 Antequam
1080 1075 1210 1113 vero
1258 1057 1476 1112 Nicama
1519 1056 1761 1128 synodus
1801 1055 1946 1110 cele-

356 1156 629 1215 braretur,
661 1169 852 1207 eorum
900 1153 1101 1208 simiIEa
1127 1153 1462 1220 scripserant
1485 1141 1775 1212 Eusebius,
1805 1145 1942 1201 Nar-

356 1248 556 1309 cissus,
597 1245 965 1315 l’atrophilus,
1010 1243 1198 1309 Maris,
1230 1243 1514 1306 Paulinus,
1548 1239 1862 1294 Theodotus
1884 1247 1939 1292 et

357 1339 691 1395 Athanasius
723 1337 1096 1390 Nazarborum
1135 1354 1148 1390 :
1209 1350 1446 1406 quorum
1479 1333 1751 1388 Eusebius
1778 1329 1939 1386 Nico-

357 1431 650 1486 mediensis
670 1444 734 1483 eo
777 1443 1100 1498 progressus
1141 1436 1246 1490 est,
1296 1437 1354 1480 ut
1387 1427 1501 1479 hzec
1551 1423 1680 1476 Ario
1705 1422 1938 1490 scripse-

356 1525 429 1578 rit
455 1542 469 1577 :
503 1542 521 1574 ι
561 1522 696 1576 Cum
729 1533 875 1575 recte
903 1521 1130 1585 sentias,
1157 1535 1384 1588 precare
1413 1528 1471 1572 ut
1497 1533 1688 1572 omnes
1713 1519 1784 1570 ita
1815 1531 1939 1570 sen-

357 1621 540 1672 tiant:
599 1614 944 1669 manifestum
966 1615 1113 1667 enim
1161 1613 1418 1667 omnibus
1475 1620 1576 1676 est,
1615 1610 1744 1664 illud
1788 1608 1935 1679 quod

355 1711 559 1766 factum
595 1717 700 1774 est,
731 1723 839 1762 non
872 1706 1044 1762 fuisse
1098 1716 1390 1776 antequam
1417 1706 1585 1759 ﬁeret.
1618 1703 1774 1770 Quod
1830 1719 1932 1756 au-

2052 507 2146 558 κα⁴ι
2176 505 2333 576 σῶμα
2364 507 2485 560 κατ’
2527 509 2746 573 αὐτοὺς,
2781 509 2876 560 καὶ
2925 507 2986 560 :6
3018 508 3142 560 ὅσον
3187 507 3272 559 ἐπ’
3307 508 3514 572 αὐτοῖς,
3563 508 3640 562 τὲ.

2051 595 2324 649 ἀκόλουθα
2359 595 2570 668 σώματι
2599 598 2844 668 πάσχων,
2885 599 2913 651 6
2946 597 3232 668 ἀσώματος
3256 597 3410 662 Θεός.
3449 599 3639 654 Ταῦτα.

2050 689 2158 743 61:6
2189 690 2386 761 μέρους
2403 684 2476 744 ὧν
2503 692 2716 762 ἢμεσαν
2741 695 2805 745 ἐκ
2834 693 2933 761 τῆς
2954 691 3164 745 ἑαυτῶν
3192 692 3476 763 αἰρετικῆς
3501 706 3638 766 καρ-

2049 781 2162 846 δίας
2183 785 2232 836 οἱ
2267 785 2392 857 περὶ
2421 785 2658 857 Ἀρειον,
2692 784 2840 838 ἐστίν
2863 785 2994 855 (54).

2124 1061 2205 1114 17.
2249 1061 2362 1132 Πρὸ
2391 1061 2446 1114 δὲ
2481 1061 2576 1114 τοῦ
2607 1063 2859 1131 γενέσθαι
2905 1065 3004 1135 τὴν
3043 1065 3101 1118 ὲν
3142 1066 3350 1138 Νικαίᾳ
3388 1067 3631 1134 σύνοδον,

2047 1150 2293 1222 ἔγραψαν
2345 1155 2440 1205 καὶ
2466 1154 2515 1206 οί
2567 1156 2695 1226 περὶ
2754 1155 3032 1221 Εὑσέϐιον,
3070 1157 3381 1230 Νάρκισσόν
3435 1177 3496 1212 τε
3540 1162 3636 1214 καὶ

2047 1245 2406 1315 Πατρόφιλον,
2442 1247 2535 1300 καὶ
2569 1248 2773 1319 Μάριν,
2803 1249 3066 1304 Παυλῖνόν
3096 1267 3154 1303 τε
3175 1293 3188 1314 ,
3227 1253 3321 1304 καὶ
3353 1253 3632 1320 Θεόδοτον,

2045 1337 2139 1389 καὶ
2185 1336 2501 1391 Ἀθανάσιον
2527 1339 2620 1392 τὸν
2676 1341 2790 1411 (55)
2851 1341 2960 1395 61:6
2993 1341 3308 1413 Ναζαρϐῶν
3357 1345 3425 1397 τὰ
3472 1345 3632 1414 ὃμοια

2043 1427 2246 1490 αὐτοῖς.
2309 1429 2420 1480 Καὶ
2449 1431 2476 1481 6
2511 1430 2609 1499 μὲν
2640 1429 2748 1482 61:6
2795 1431 2893 1501 τῆς
2943 1431 3312 1502 Νικομηδείας
3369 1433 3633 1500 Εὐσέϐιος

2041 1518 2184 1570 κατά
2216 1521 2465 1592 περιττὸν
2494 1520 2729 1592 ἔγραφεν
2765 1521 2977 1593 Ἀρείῳ,
3008 1523 3110 1574 ὃτι’
3136 1542 3153 1573 t
3180 1524 3373 1588 Καλῶς
3395 1526 3628 1597 φρονῶν,

2042 1607 2202 1679 εὔχου
2239 1612 2443 1674 πάντας
2476 1611 2648 1676 οὕτως
2678 1616 2914 1683 φρονεῖν’
2950 1617 3110 1668 παντὶ
3137 1615 3246 1685 γὰρ
3269 1615 3427 1686 δῆλόν
3459 1619 3629 1684 ἐστιν,

2040 1702 2197 1755 ὅτιτὸ
2223 1704 2589 1775 πεποιημένον
2605 1706 2704 1758 οὐκ
2717 1701 2784 1777 ἦν
2811 1706 2938 1776 πρὶν
2962 1707 3234 1774 γενέσθαι.
3258 1708 3631 1779 Τὸγενόμενον

357 1812 464 1857 tem
499 1800 700 1854 factum
725 1806 826 1861 est,
854 1797 1043 1867 incipit
1094 1813 1268 1852 esse»
1325 1797 1595 1852 Eusebius
1645 1811 1775 1850 vero
1809 1794 1929 1850 Cae-

2041 1786 2087 1840 Ξὲ
2125 1789 2298 1860 ἀρχὴν
2327 1790 2436 1860 ἔχει
2463 1791 2556 1844 τοῦ
2579 1787 2738 1846 εἶναι.
2775 1813 2794 1840 ι
2843 1794 2899 1845 'O
2929 1793 2984 1846 δὲ
3011 1795 3120 1848 ἀπὸ
3161 1796 3498 1868 Καισαρείας
3527 1798 3630 1869 τῆς

357 1909 526 1949 sareaa
551 1891 854 1946 Palaestina:
888 1889 957 1944 ad
1000 1889 1429 1960 Euphrationem
1467 1889 1712 1944 scribens
1752 1887 1934 1960 [Bala-

355 1984 492 2057 ηοω]
519 1987 858 2055 episcopum,
892 1997 1002 2035 non
1053 1981 1232 2034 timuit
1283 1989 1467 2049 aperte
1531 1981 1733 2042 dicere.
1767 1979 1934 2033 Chri-

353 2089 495 2134 stum
534 2092 642 2131 non
691 2090 814 2130 esse
836 2089 1024 2128 verum
1057 2072 1248 2127 Deum.
1293 2071 1397 2127 Sed
1463 2072 1798 2126 Athanasius
1828 2071 1937 2125 Na-

353 2170 643 2224 zarborum
671 2166 912 2237 apertius
943 2166 1192 2220 haeresim
1226 2163 1449 2228 detexit,
1477 2179 1601 2218 cum
1633 2163 1708 2216 ait
1736 2161 1934 2216 Filium

353 2263 447 2317 Dei
485 2241 647 2316 unam
677 2277 742 2316 ex
762 2271 981 2315 centum
1014 2260 1212 2313 ovibus
1241 2273 1384 2312 esse.
1439 2257 1497 2310 ln
1547 2257 1663 2312 suis
1688 2256 1834 2310 enim
1868 2255 1933 2309 ad

351 2353 723 2407 Alexandrum
788 2351 1108 2421 episcopum
1171 2348 1390 2411 litteris,
1455 2361 1622 2401 ausus
1669 2355 1753 2401 est
1819 2345 1935 2400 haec

353 2443 598 2512 proferre
627 2463 641 2498 :
680 2461 698 2494 ι
730 2441 843 2496 Cur
868 2441 1100 2495 Arianos
1122 2439 1306 2508 arguis
1330 2436 1477 2508 quod
1505 2438 1710 2502 dicant,
1730 2450 1798 2522 ex
1823 2449 1931 2490 non

351 2537 696 2592 exstantibus
732 2534 930 2589 Filium
979 2533 1070 2587 Dei
1121 2540 1364 2588 creatum
1399 2530 1733 2600 factumque,
1769 2537 1933 2598 atque

350 2645 415 2683 ex
449 2629 706 2684 omnibus
733 2643 901 2680 unum
929 2626 1086 2681 esse?
1107 2641 1228 2679 cum
1249 2625 1392 2678 enim
1419 2624 1474 2677 in
1499 2632 1717 2677 centum
1739 2622 1933 2676 ovibus

353 2719 568 2790 Opiﬁcia
599 2718 782 2773 omnia
825 2732 922 2787 per
965 2716 1277 2786 parabolam
1337 2715 1666 2780 iudicentur,
1714 2728 1822 2767 una
1863 2728 1932 2767 ex

355 2812 462 2865 illis
486 2819 570 2866 est
593 2811 707 2880 ipse
732 2808 924 2863 Filius.
957 2808 1014 2862 Si
1060 2809 1223 2878 igitur
1254 2818 1472 2863 centum
1532 2807 1638 2862 illae
1667 2822 1775 2860 non
1801 2814 1934 2860 sunt

351 2912 546 2958 creatae
577 2918 664 2956 res
710 2912 762 2956 et
813 2901 1048 2970 opiﬁcia,
1081 2909 1175 2954 aut
1209 2901 1256 2954 si
1315 2910 1512 2970 praeter
1563 2900 1683 2954 illas
1715 2907 1931 2954 centum

351 2995 497 3049 aliud
522 2994 798 3063 quidpiam
834 2994 1109 3047 exsistat:
1175 3008 1275 3046 nec
1323 2991 1498 3045 Filius
1545 2992 1734 3060 utique
1778 3005 1935 3044 crea-

353 3097 472 3142 tura
498 3096 600 3148 est,
635 3094 730 3138 aut
754 3099 896 3138 unus
919 3098 982 3137 ex
1011 3082 1290 3136 omnibus.
1318 3081 1474 3148 Quod
1503 3081 1548 3136 si
1579 3091 1796 3137 centum
1828 3081 1933 3134 illae

349 3196 541 3236 omnes
565 3187 761 3234 creata:
791 3192 881 3231 res
924 3177 1055 3242 sint,
1095 3176 1339 3244 nihilque
1365 3176 1436 3229 sit
1469 3186 1624 3229 extra
1658 3175 1779 3230 illas
1802 3190 1931 3229 cen-

351 3287 463 3331 tum
491 3285 682 3346 praeter
701 3276 878 3328 solum
908 3272 1100 3337 Deum,
1123 3272 1250 3342 quid
1271 3272 1494 3326 absurdi
1514 3272 1702 3326 dicunt
1719 3271 1927 3336 Ariani,

349 3371 394 3426 si
429 3371 481 3422 in
507 3369 613 3422 illis
637 3378 880 3429 centum,
913 3365 1189 3420 Christum
1231 3364 1650 3434 complectentes
1675 3373 1730 3419 et
1751 3379 1930 3417 annu-

351 3469 644 3523 onerantes,
692 3474 862 3512 unum
899 3473 961 3512 ex
1022 3457 1280 3511 omnibus
1355 3455 1507 3509 illum
1561 3455 1862 3509 aﬂirment?
1904 3473 1923 3506 ι

348 3552 614 3623 Georgius
661 3561 841 3605 autem
893 3551 986 3620 qui
1022 3566 1170 3603 nunc
1203 3548 1484 3604 Laodiceae
1511 3549 1801 3619 episcopus
1821 3559 1925 3612 est,

346 3653 575 3713 tumque
605 3641 946 3696 Alexandriae
1001 3643 1284 3713 presbyter
1334 3650 1472 3707 erat,
1538 3649 1592 3694 et
1624 3639 1930 3694 Antiochiae

345 3735 828 3794 commorabatur,
889 3731 956 3787 ad
1027 3732 1396 3787 Alexandrum
1448 3732 1763 3802 episcopum
1813 3732 1928 3787 hazc

347 3829 566 3898 scripsit
601 3846 614 3880 :
654 3845 673 3878 ι
708 3825 785 3880 Ne
821 3826 1054 3880 Arianos
1101 3825 1494 3895 reprehendas,
1528 3827 1672 3892 quod
1705 3825 1925 3879 dicant:

346 3919 476 3973 Erat
531 3928 745 3989 tempus
798 3933 922 3972 cum
973 3933 1081 3970 non
1127 3926 1270 3972 esset
1317 3916 1487 3972 Filius
1529 3915 1668 3972 Dei:
1725 3918 1926 3971 etenim

349 4013 520 4066 lsaias
551 4013 697 4066 [ilius
753 4009 857 4064 fuit
904 4010 1096 4074 Amos,
1142 4010 1369 4079 ipseque
1398 4012 1566 4065 Amos
1623 4018 1742 4064 erat
1770 4018 1925 4065 ante-

345 4119 512 4173 quam
549 4105 721 4157 Isaias
753 4102 1039 4156 exsisterct
1066 4119 1082 4158 ι
1139 4100 1308 4156 Isaias
1335 4116 1464 4156 vero
1493 4117 1602 4154 non
1633 4110 1752 4156 erat
1777 4111 1924 4165 ante,

345 4199 439 4252 sed
478 4207 659 4266 postea
693 4196 955 4252 exstitit.»
995 4195 1077 4249 Ad
1124 4197 1357 4251 Arianos
1407 4212 1538 4250 vero
1585 4198 1803 4267 scripsit
1840 4198 1926 4252 his

344 4291 527 4344 verbis
551 4307 564 4342 :
601 4309 618 4340 ι
643 4290 782 4354 Quid
803 4288 1170 4341 Alexandrum
1200 4303 1392 4358 papam
1417 4289 1645 4359 arguitis
1675 4289 1820 4360 quod
1843 4289 1926 4344 di-

344 4382 486 4436 xerit
510 4396 572 4434 ex
606 4379 764 4434 Patre
787 4377 985 4432 Filium
1018 4381 1178 4434 esse?
1210 4382 1408 4434 etenim
1437 4397 1538 4436 nec
1560 4397 1656 4437 vos
1682 4391 1925 4438 metuere

1957 3129 2004 3193 C

2039 1879 2404 1953 Παλαιστίνης
2429 1883 2710 1948 Εὐσέϐιος,
2733 1887 2960 1956 γράφων
2982 1887 3116 1959 1:96;
3151 1889 3507 1962 Εὐφρατίωνα
3535 1892 3630 1946 τὸν

2038 1971 2356 2036 ἐπίσκοπον,
2385 1974 2486 2028 οὐκ
2511 1977 2750 2048 ἐφοϐήθη
2780 1979 3030 2050 φανερῶς
3063 1981 3236 2032 εἰπεῖν
3255 2021 3271 2045 ,
3317 1983 3400 2034 ὅτι
3429 1985 3458 2036 6
3492 1985 3630 2054 Χρι-

2039 2062 2161 2125 0:6;
2194 2063 2292 2116 οὐκ
2322 2064 2467 2118 ἔστιν
2509 2066 2762 2138 ἀληθινὸς
2799 2069 2952 2134 Θεός.
2999 2072 3109 2124 Καὶ
3149 2072 3464 2140 Ἀθανάσιος
3504 2077 3561 2128 δὲ
3599 2079 3630 2130 6

2036 2155 2144 2207 61:6
2166 2156 2469 2228 Ναζαρϐὦν
2500 2159 2580 2212 ἔτι
2601 2161 2936 2233 γυμνότερον
2959 2165 3312 2219 ἀπεκάλυπτε
3345 2168 3445 2239 τὴν
3476 2169 3631 2239 αἴρε-

2039 2261 2142 2308 σιν,
2170 2245 2265 2298 ’ἐνα
2293 2246 2403 2299 τῶν
2430 2249 2625 2302 ἑκατὸν
2659 2251 2946 2322 προϐάτων
2974 2253 3146 2322 λέγων
3179 2251 3318 2309 εἶναι
3368 2258 3460 2310 τὸν
3496 2258 3628 2311 Υὲὺν

2035 2333 2130 2385 τοῦ
2157 2335 2314 2392 Θεοῦ.
2344 2337 2575 2408 Γράφων
2595 2339 2702 2412 γὰρ
2735 2342 2869 2413 πρὸς
2910 2342 3256 2416 Ἀλέξανδρον
3279 2347 3368 2400 τὸν
3401 2349 3629 2402 ἐπίσκο-

2037 2445 2158 2492 πον,
2199 2431 2576 2504 ἀπετόλμησεν
2614 2433 2788 2498 οὕτως
2843 2437 3048 2488 εἰπεῖν·
3087 2456 3105 2487 ‹
3161 2438 3225 2490 Τί
3260 2439 3454 2512 μέμφῃ
3508 2444 3628 2506 τοῖς

2037 2523 2165 2592 περὶ
2194 2523 2428 2594 Ἀρειον,
2452 2527 2499 2578 εἰ
2529 2526 2798 2594 λέγουσιν·
2840 2527 2930 2592 Ἐξ
2953 2529 3053 2582 οὐκ
3086 2529 3254 2584 ὄντων
3281 2534 3490 2602 κτίσμα
3522 2550 3627 2585 πε-

2035 2615 2254 2687 ποίηται
2287 2620 2315 2670 6
2343 2618 2468 2681 Tib;
2489 2619 2583 2672 τοῦ
2611 2619 2769 2686 Θεοῦ,
2796 2621 2894 2674 καὶ
2917 2621 2976 2675 ἓν
3013 2621 3121 2674 τῶν
3168 2623 3386 2678 πάντων
3429 2627 3578 2678 ἐστίν
3609 2643 3625 2691 ;

2035 2710 2092 2760 ὲν
2125 2709 2318 2762 ἑκατὸν
2361 2710 2471 2782 γάρ
2506 2712 2803 2783 προϐάτοις
2847 2715 3347 2788 παραϐαλλομένων
3399 2719 3624 2774 πάντων

2035 2798 2143 2852 τῶν
2171 2803 2584 2872 πεποιημένων,
2617 2798 2700 2867 εἷς
2729 2806 2846 2858 ἐστι
2871 2808 2966 2859 καὶ
2991 2810 3018 2860 6
3043 2807 3169 2872 Tib;
3204 2809 3265 2874 ἐξ
3307 2810 3508 2863 αὐτῶν.
3559 2812 3630 2864 Εἰ

2039 2893 2137 2962 μὲν
2161 2889 2253 2946 οὖν
2275 2894 2344 2946 :6
2375 2895 2567 2948 ἑκατὸν
2591 2896 2691 2949 οὐκ
2731 2896 2846 2950 ἔστι
2877 2899 3150 2970 κτίσματα
3185 2902 3278 2954 καὶ
3329 2902 3555 2972 γενητὰ,
3584 2905 3624 2975 ἦ

2036 2981 2113 3033 ἔνι
2139 2982 2300 3035 πλέον
2324 3000 2376 3035 τι
2410 2983 2517 3038 τῶν
2546 2985 2760 3052 ἑκατὸν,
2788 2987 3030 3059 δηλονότι
3077 2991 3209 3061 μηδὲ
3242 2993 3270 3044 6
3314 2993 3441 3055 Υἱὸς
3480 2993 3628 3047 ἔστω

2037 3074 2260 3146 κτίσμα,
2292 3077 2387 3130 καὶ
2411 3072 2491 3140 εἷς
2523 3079 2630 3131 τῶν
2668 3081 2903 3134 πάντων.
2927 3083 2990 3135 El
3026 3083 3083 3135 δὲ
3114 3085 3181 3136 τὰ
3215 3085 3410 3138 ἑκατὸν
3441 3088 3629 3140 πάντα

2033 3169 2257 3238 γενητὰ,
2299 3171 2393 3223 καὶ
2415 3171 2569 3224 οὐδέν
2597 3173 2744 3226 ἐστιν
2767 3175 2924 3238 ἐκτὸς
2950 3176 3060 3229 τῶν
3095 3185 3139 3249 ρ’
3173 3177 3309 3250 πλὴν
3340 3179 3505 3250 μόνου
3525 3179 3626 3232 τοῦ

2031 3257 2188 3322 Θεοῦ,
2238 3259 2290 3312 τί
2323 3260 2524 3314 ἄτοπον
2555 3262 2808 3332 λέγουσιν
2841 3268 2890 3319 οί
2941 3269 3070 3340 περὶ
3128 3273 3366 3343 Ἀρειον,
3429 3278 3503 3343 εί,
3563 3279 3630 3332 ἒν

2031 3350 2090 3402 ὲν
2120 3350 2229 3421 (56)
2272 3355 2388 3416 τοῖς
2419 3355 2616 3409 ἑκατὸν
2653 3359 3042 3429 περιλαϐόντες
3097 3364 3191 3416 καὶ
3257 3367 3629 3438 ἀριθμοῦντες

2030 3441 2121 3494 τὸν
2167 3443 2422 3514 Χριστὸν,
2477 3446 2573 3500 ἕνα
2632 3449 2741 3534 τῷν
2799 3451 3017 3507 πάντων
3059 3457 3222 3510 αὑτὸν
3281 3461 3568 3531 εἰρήκασι;
3598 3483 3622 3515 ι

2031 3532 2301 3604 Γεώργιος
2331 3535 2388 3588 δὲ
2415 3537 2444 3588 6
2475 3537 2571 3591 νῦν
2630 3532 2688 3592 ἐν
2735 3543 3047 3617 Λαοδικείᾳ,
3114 3551 3489 3624 πρεσϐύτερος
3545 3556 3626 3609 ὢν

2029 3624 2151 3678 τότε
2183 3627 2280 3697 τῆς
2313 3627 2740 3702 Ἀλεξανδρείας,
2771 3637 2866 3689 καὶ
2895 3639 2952 3690 ὲν
2984 3639 3283 3713 Ἀντιοχείᾳ
3303 3645 3625 3717 διατρίϐων,

2030 3717 2168 3788 πρὸς
2218 3719 2317 3789 μὲν
2359 3721 2704 3796 Ἀλέξανδρον
2745 3728 2835 3780 τὸν
2863 3729 3161 3786 ἐπίσκοπον
3206 3733 3466 3805 ἔγραψεν,
3499 3739 3619 3792 ὅτι·

2036 3828 2054 3860 ε
2076 3808 2166 3880 Μὴ
2186 3810 2401 3882 μέμφου
2423 3817 2534 3877 τοῖς
2560 3833 2625 3868 πε
2633 3819 2688 3888 ρὶ
2707 3820 2769 3871 Ἀ
2780 3837 2836 3890 ρε
2846 3837 2943 3886 ιον,
2963 3824 3011 3874 εί
3043 3823 3312 3894 λέγουσιν·
3331 3825 3439 3882 Ἦν
3465 3849 3620 3897 ποτε,

2027 3902 2116 3954 ὅτε
2143 3903 2241 3956 οὐκ
2271 3899 2340 3974 ἦν
2365 3906 2393 3957 6
2424 3907 2551 3971 Υἱὸς
2583 3909 2677 3963 τοῦ
2702 3912 2836 3966 Θεοῦ
2855 3930 2868 3943 ·
2902 3917 2995 3969 καὶ
3029 3917 3138 3990 γὰρ
3168 3921 3197 3972 6
3237 3921 3347 3990 (57)
3391 3923 3620 3990 Ἡσαΐας

2029 3994 2141 4090 υἱδς
2168 3995 2388 4090 γέγονεν
2429 3999 2632 4069 Ἀμὼς,
2663 4005 2758 4057 καὶ
2793 4007 2943 4078 ὅμως
2978 4011 3007 4062 6
3040 4011 3140 4080 μὲν
3182 4012 3365 4082 Ἀμὼς
3405 4012 3477 4088 ἦν
3511 4018 3620 4090 πρὸ

2026 4084 2120 4139 τοῦ
2149 4088 2402 4155 γενέσθαι
2431 4093 2522 4145 τὸν
2565 4093 2818 4152 Ἡσαΐαν·
2857 4103 2885 4152 6
2909 4101 2964 4154 δὲ
3007 4102 3237 4169 Ἡσαΐας
3261 4107 3362 4160 οὐκ
3490 4084 3622 4182 πρό-

2025 4195 2200 4274 τερον,
2218 4182 2354 4237 ἀλλά
2381 4187 2517 4255 μετά
2543 4188 2719 4244 ταῦτα
2745 4191 2955 4268 γέγονε.
2973 4215 2991 4247 ι
3018 4197 3162 4268 Πρὸς
3177 4199 3234 4252 δὲ
3255 4203 3382 4265 τοὺς
3397 4203 3454 4254 Ἀ
3464 4221 3618 4274 95:6—

2026 4274 2149 4368 νοῦς
2174 4273 2380 4345 ἔγραφε
2404 4293 2418 4306 ·
2461 4283 2503 4350 «ι
2529 4280 2596 4332 Τί
2635 4283 2919 4354 μέμφεσθε
2955 4287 3288 4362 Ἀλεξάνδρῳ
3330 4291 3409 4363 τῷ
3456 4273 3620 4368 πάπᾳ

2026 4362 2236 4456 λέγοντι
2264 4369 2331 4420 ὲκ
2361 4370 2456 4422 τοῦ
2490 4373 2704 4446 Πατρὸς
2725 4377 2817 4429 τὸν
2847 4377 3012 4446 Υἱόν;
3060 4383 3153 4434 καὶ
3189 4382 3299 4454 γὰρ
3321 4362 3416 4438 καὶ
3453 4362 3617 4456 ὑμεῖς

343 4472 550 4526 debetis
584 4469 780 4523 Filium
805 4469 985 4524 dicere
1005 4485 1071 4523 ex
1095 4469 1204 4524 Deo
1243 4486 1384 4526 esse.
1438 4470 1574 4525 Nam
1609 4473 1654 4526 si
1687 4471 1921 4542 Apostoo

2041 4455 2102 4527 ιὴ
2125 4457 2395 4531 φοϐηθῆτε
2422 4464 2596 4517 εἰπεῖν
2629 4467 2724 4520 καὶ
2752 4471 2816 4522 ὲκ
2839 4471 2934 4524 τοῦ
2960 4472 3095 4526 Θεοῦ
3120 4474 3210 4528 τὸν
3241 4475 3388 4530 Υἱόν.
3409 4479 3473 4531 El
3503 4479 3617 4552 γὰρ

345 4564 430 4618 lus
480 4563 718 4632 scripsit,
773 4561 966 4618 Omnia
1030 4570 1204 4615 autem
1270 4577 1334 4615 ea:
1382 4560 1490 4614 Deo
1521 4565 1564 4628 ³,
1613 4564 1924 4633 propalam-

342 4673 448 4726 qne
479 4669 674 4719 est,ex
718 4671 826 4708 non
885 4656 1227 4710 exstantibus
1280 4657 1463 4709 omnia
1509 4655 1651 4710 facta
1701 4655 1874 4712 fuisse
1903 4699 1919 4723 ,

2021 4549 2050 4601 6
2109 4550 2430 4617 Ἀπόστολος
2470 4555 2675 4628 ἔγραψε
2695 4577 2708 4590 ·
2759 4563 2838 4614 Τὰ
2863 4561 2931 4616 δὲ
2955 4563 3153 4619 πάντα
3184 4568 3253 4622 ἐκ
3285 4570 3392 4624 τοῦ
3421 4549 3612 4638 Θεοῦ,

2021 4640 2116 4692 καὶ
2150 4641 2264 4696 ἐστι
2315 4643 2470 4716 δῆλον
2502 4647 2561 4712 ἐξ
2605 4650 2706 4702 οὐκ
2733 4650 2902 4706 ὄντων
2938 4657 3267 4727 πεποιῆσθαι
3307 4662 3377 4714 τά
3406 4663 3613 4730 πάντα,

341 4757 534 4818 estque
586 4748 751 4801 etiam
802 4745 976 4802 Filius
1029 4757 1266 4814 creatus,
1312 4756 1475 4817 atque
1525 4763 1633 4802 una
1657 4764 1725 4803 ex
1756 4751 1922 4806 rebus

2041 4733 2136 4787 εστι
2169 4735 2222 4789 δὲ
2243 4737 2335 4790 καὶ
2361 4741 2390 4792 6
2420 4739 2548 4804 Υἱὸς
2579 4743 2807 4813 κτίσμα,
2835 4747 2930 4798 καὶ
2957 4748 3066 4803 τῶν
3093 4753 3478 4823 πεποιημένων
3506 4751 3611 4819 εἷς’

413 4903 433 4933 ¹
477 4899 653 4956 l(‘.or.
684 4917 763 4967 XI,
797 4901 883 4955 12.

410 5079 524 5150 (54)
565 5079 843 5156 Quodhic
871 5081 948 5156 ait
989 5083 1252 5156 Athanas.
1285 5085 1400 5140 haec
1429 5095 1637 5156 partem
1673 5103 1795 5144 esse
1824 5103 1920 5143 eo-

341 5167 461 5204 rum
503 5167 624 5220 qua:
657 5151 842 5205 Ariani
873 5153 1037 5227 impie
1067 5157 1362 5227 protulere,
1390 5151 1736 5227 ncquaquam
1780 5160 1924 5213 indi-

339 5233 427 5297 cat
459 5232 663 5297 partem
701 5231 908 5276 tantum
939 5225 1179 5297 epistola:
1213 5226 1299 5281 hic
1327 5225 1544 5281 allatam
1586 5225 1790 5297 fuisse;
1828 5232 1921 5284 sed

340 5291 610 5369 signiﬁcat
659 5304 880 5369 sanctus
925 5291 1134 5360 doctor,
1175 5297 1310 5352 alias
1343 5306 1562 5352 exstare
1608 5300 1660 5352 in
1701 5291 1920 5369 scriptis

338 5361 666 5438 Arianorum
716 5364 914 5438 impias
961 5379 1142 5429 voces,
1179 5383 1293 5438 seu
1351 5369 1486 5422 alias
1521 5371 1648 5423 alibi
1680 5361 1920 5438 prolatas

339 5431 410 5485 ab
438 5432 542 5484 illis
578 5432 766 5509 fuisse.
795 5436 1062 5509 [ntegrum
1105 5437 1248 5509 enim
1293 5453 1414 5492 esse
1459 5439 1599 5494 hanc
1632 5431 1918 5509 epistolam

341 5511 487 5578 patet
516 5517 584 5555 ex
613 5502 937 5578 Epiphanio,
969 5506 1061 5578 ubi
1113 5507 1294 5578 statim
1350 5519 1472 5577 post
1514 5511 1628 5564 haec
1667 5502 1860 5578 'verba,
1891 5517 1920 5568 6

340 5571 628 5640 ἀσώματος
653 5572 805 5655 Θεός,
829 5571 1419 5655 εεηυίιυῡ-Ἑρρὦσθξιί
1441 5597 1510 5655 σε
1534 5583 1590 5633 ὲν
1618 5583 1807 5655 Κυρίῳ
1832 5571 1922 5638 εὖ·

360 5659 526 5711 εομαι,
564 5643 802 5765 μακάὲιε
850 5643 1027 5697 πάπαο
1058 5643 1296 5717 Ἄρειος,
1331 5649 1579 5720 Ἐθάλης,
1619 5643 1916 5726 Ἀχιλλεὺς,

360 5711 670 5765 ίαοπὼνηε.
760 5715 1028 5765 αοιιατᾶς.
1050 5717 1284 5765 ’Δοειος-
1318 5723 1671 5765 πρεσϐύτεροι
1693 5743 1706 5757 ο
1739 5727 1916 5765 aut”-

391 5716 670 5784 αρπὼνης,
717 5715 1028 5785 Σαρμάτᾶς,
1050 5715 1284 5787 Ἄρειος,
1318 5715 1714 5795 πρεσϐῦτεροιτ
1739 5715 1920 5782 διάκοέ

2021 5118 2122 5181 χοι,
2179 5101 2437 5181 Εὐζῴῖος,
2489 5105 3018 5181 ΛούκιοςζἿούλιος,
3061 5113 3272 5181 Μηνᾶς,
3310 5115 3606 5180 Έλλάδιος,

2022 5172 2216 5251 ξ’άξοςο
2243 5175 2551 5251 ἐπίσκοποι,
2602 5178 2895 5251 Σεκοῦνδος
2944 5172 3346 5248 Πεντατὶόλὲως.
3386 5172 3610 5251 Saevit;

2022 5242 2208 5326 ᾼιίϐυς,
2243 5245 2460 5326 Πιστὸς,
2595 5242 2938 5326 κατέστησαν
2989 5255 3068 5316 είς
3104 5242 3508 5326 Ἀλεξάνδρειαν
3553 5242 3605 5310 oi

2035 5313 2319 5394 Ἇρειανοίἶ
2355 5316 2485 5394 Quae
2511 5315 2720 5394 Pistum
2749 5313 2893 5376 hunc
2933 5313 3196 5391 spectant,
3225 5313 3608 5394 expenduntur

2022 5382 2075 5436 in
2104 5382 2241 5437 Vita
2289 5387 2564 5442 Athanasii
2609 5390 2675 5443 ad
2722 5405 2923 5444 annum
2965 5382 3089 5456 3-l9,
3120 5382 3208 5448 ubi
3246 5382 3462 5451 videsis.
3496 5398 3602 5452 Alii

2023 5463 2200 5539 autem
2246 5471 2454 5539 omnes
2510 5459 2598 5539 hic
2651 5462 2902 5539 recensiti
2954 5464 3006 5539 in
3061 5464 3300 5533 Epistola
3325 5469 3605 5539 encyclica

2021 5523 2310 5603 Alexandri
2339 5529 2526 5603 eodem
2560 5529 2730 5603 ferme
2757 5533 2948 5603 ordine
2989 5523 3257 5603 leguntur.

2093 5595 2206 5660 (55)
2248 5596 2338 5652 Sic
2373 5596 2591 5665 Regius.
2621 5601 2674 5653 In
2715 5602 2874 5656 editis
2910 5595 3148 5658 vero":6v
3175 5607 3346 5663 deest.

2093 5665 2204 5738 (ξϐ)
2246 5667 2321 5738 l_ta
2355 5666 2576 5738 Regius.
2613 5670 2668 5724 In
2694 5672 2853 5726 editis
2880 5674 2938 5727 ὲν
2968 5675 3139 5731 deest.

2095 5735 2208 5806 (37)
2250 5735 2459 5808 Regius
2475 5756 2583 5796 non
2613 5741 2773 5797 habet
2802 5743 2850 5795 6.
