3822 6226
114 279 234 337 715

1503 285 1590 340 DE
1630 285 1943 341 SYNODIS.

3265 299 3369 355 714

111 393 343 466 λεχθείη
379 391 444 447 ἂν
467 391 560 444 καὶ
585 393 613 444 ὁ
645 392 771 457 Υἱὸς
802 395 864 447 ὲκ
890 393 983 447 τοῦ
1013 394 1171 460 Θεοῦ,
1205 395 1374 460 οὕτως
1397 398 1584 453 ὥσπερ
1605 417 1674 452 κα

1801 400 1991 466 factis;
2021 415 2148 472 ergo
2168 412 2222 457 et
2240 401 2412 459 Filius
2441 419 2508 460 ex
2539 403 2650 460 Deo
2679 405 2787 461 dici
2820 409 3040 478 poterit,
3076 412 3219 469 sicut
3249 431 3370 470 om-

111 486 186 539 τὰ
218 484 398 537 πάντα
434 483 648 552 λέγεται
681 487 745 538 ὲκ
790 484 882 537 τοῦ
930 485 1083 540 Θεοῦ.
1128 505 1147 538 ι
1196 487 1286 552 Ἐξ
1325 489 1532 543 ἐκείνου
1565 491 1696 559 γοῦν

111 573 325 645 ἔμαθον
353 576 399 626 oi
447 574 517 627 τὰ
556 575 763 647 Ἀρείου
796 575 1120 648 φρονοῦντες
1167 580 1550 653 ὑποκρίνεσθαι
1597 585 1695 656 τὴν

110 662 287 729 λέξιν,
323 664 421 733 τὴν
448 664 511 715 ὲκ
536 662 630 715 τοῦ
664 665 819 729 Θεοῦ,
855 667 944 719 καὶ
967 665 1144 736 λέγειν
1176 669 1273 740 μὲν
1300 673 1396 742 τὴν
1425 673 1589 740 λέξιν,
1620 677 1694 746 μὴ

111 758 338 826 φρονεῖν
381 755 436 807 δὲ
471 755 670 818 καλῶς.
732 757 903 822 Αὐτὸς
935 758 992 810 δὲ
1021 761 1049 812 ὁ
1085 759 1356 832 Γεὼργιος
1415 765 1694 838 καθῃρέθη

110 848 221 900 ὑπὸ
277 846 624 919 Ἀλεξάνδρου
676 849 742 901 δι’
773 849 907 903 ἄλλα
947 851 1057 921 (58)
1092 853 1209 923 μὲν,
1239 847 1320 907 ὅτι
1359 856 1416 909 δὲ
1442 859 1536 911 καὶ
1569 861 1696 913 ἀσε-

109 940 212 1010 ϐὴς
255 940 430 1010 ἐφάνη
454 956 470 970 ο
503 941 872 1012 πρεσϐύτερος
899 942 1007 1012 γὰρ
1038 939 1105 1013 ἦν
1139 946 1319 1012 αὐτὸς,
1347 948 1490 1002 καθὰ
1513 952 1695 1022 προεί-

110 1047 280 1100 ρηται
316 1031 454 1103 (59).

181 1120 271 1173 18.
298 1121 412 1173 Καὶ
445 1120 583 1183 ὅλως
603 1111 852 1194 ’ἔγραφον
880 1117 1027 1178 οὗτοι
1057 1127 1283 1183 τοιαῦτα
1303 1172 1317 1194 ,
1348 1131 1425 1195 ὡς
1461 1132 1694 1190 ἕκαστον

103 1210 311 1280 ἐρίζειν
340 1213 436 1264 καὶ
455 1212 874 1283 φιλοτιμεῖσθαι,
898 1217 982 1280 τίς
1011 1219 1168 1273 πλέον
1192 1220 1415 1294 αὐξήσει
1444 1225 1542 1296 τὴν
1565 1228 1693 1281 ἀσέ-

106 1300 264 1354 ϐειαν
305 1302 409 1372 τῆς
451 1304 733 1373 αἱρέσεως,
779 1309 872 1360 καὶ
915 1309 1113 1378 μᾶλλον
1165 1315 1330 1385 αὐτὴν
1367 1315 1528 1384 δείξει
1582 1319 1694 1391 (40)

103 1393 468 1465 γυμνότερον.
506 1397 615 1448 Καὶ
641 1397 739 1461 τὰς
773 1399 870 1468 μὲν
899 1401 1187 1468 ἐπιστολὰς
1214 1407 1392 1461 αὐτῶν
1420 1411 1520 1463 οὐκ
1538 1411 1694 1483 ἔσχον

105 1484 162 1536 ἐν
189 1485 421 1555 ἑτοίμῳ,
449 1484 588 1539 ὥστε
613 1489 706 1540 καὶ
732 1491 1081 1546 ἀποστεῖλαι·
1115 1496 1163 1547 εἰ
1205 1496 1248 1548 δ’
1291 1494 1384 1551 οῦν
1403 1540 1417 1562 ,
1449 1502 1544 1554 καὶ
1583 1504 1694 1584 (41)

103 1576 424 1646 ἀντίγραφα
452 1577 544 1630 καὶ
574 1577 754 1631 αὐτῶν
771 1581 899 1651 ὑμῖν
919 1580 1140 1654 ἔπεμψα
1165 1585 1229 1640 ἄν
1253 1604 1266 1617 ο
1293 1587 1391 1648 τοῦ,
1405 1589 1460 1642 δὲ
1489 1576 1694 1663 Κυρίου

102 1665 380 1731 Θέλοντος,
403 1667 498 1720 ἐὰν
518 1669 807 1743 εὐπορήσω
825 1671 1095 1728 καὶτοῦτο
1115 1679 1340 1748 ποιήσω.
1364 1681 1473 1734 Καὶ
1502 1684 1689 1737 Ἀστέ-

1797 491 1886 543 nia
1908 507 1973 546 ex
2006 491 2116 548 Deo
2153 494 2459 548 dicuntur.»
2485 496 2569 549 Ab
2600 497 2693 552 illo
2728 498 2892 569 igitur
2919 500 3035 556 Arii
3067 512 3368 562 sectatores

1795 581 2033 636 didicere
2107 600 2317 650 vocem,
2383 601 2448 640 ex
2518 586 2650 654 Deo,
2718 589 2972 646 simulate
3025 594 3268 662 proferre
3313 607 3368 653 et

1794 673 1957 727 verba
1981 675 2199 742 quidem
2230 677 2429 743 dicere,
2471 693 2569 734 nec
2605 689 2785 736 tamen
2809 692 2956 738 recte
2997 688 3218 743 sentire.
3246 686 3367 758 Ipse

1794 779 1924 818 vero
1955 764 2218 836 Georgius
2243 768 2312 822 ab
2337 767 2664 835 Alexandro,
2715 788 2838 826 cum
2877 775 3000 830 aliis
3057 779 3122 832 de
3159 781 3362 846 causis,

1795 862 1908 907 tum
1941 858 2086 924 quod
2133 874 2251 913 sese
2305 859 2533 929 impium
2581 863 2862 919 exhiberet
2911 866 3193 936 depositus
3241 882 3361 942 est;

1792 945 2075 1014 presbyter
2103 947 2248 1000 enim
2283 957 2422 1014 erat,
2451 950 2529 1004 uti
2556 966 2720 1020 supra
2752 951 2956 1008 dictum
2983 965 3084 1012 est.

1867 1125 1953 1181 l8.
1984 1125 2104 1183 Uno
2135 1129 2300 1184 verbo
2356 1131 2428 1186 ita
2487 1132 2564 1186 illi
2617 1135 2909 1205 scripsere,
2963 1143 3121 1210 quasi
3163 1146 3362 1218 singuli

1795 1226 2065 1272 certarent
2115 1228 2279 1290 atque
2332 1225 2745 1293 contenderent,
2795 1233 3050 1298 quisnam
3091 1237 3364 1297 haereseos

1795 1308 2125 1379 impietatem
2158 1313 2279 1381 plus
2300 1324 2543 1384 augeret,
2567 1327 2620 1371 et
2657 1321 2896 1389 apertius
2925 1339 3044 1379 eam
3073 1327 3363 1400 detegeret.

1794 1397 1968 1455 Porro
1997 1402 2254 1472 epistolas
2280 1404 2495 1459 illorum
2533 1422 2699 1476 penes
2731 1427 2817 1468 me
2865 1431 2975 1469 nou
3003 1397 3365 1484 habeo,'alio-

1795 1492 1928 1561 quin
1962 1508 2150 1549 earum
2207 1498 2535 1566 exemplaria
2573 1502 2726 1558 vobis
2761 1505 3058 1574 misissem,
3090 1513 3364 1569 missurus

1798 1601 1931 1641 sane
1978 1588 2023 1643 si
2055 1588 2166 1644 Deo
2213 1591 2428 1647 volente
2477 1605 2669 1652 nactus
2725 1596 2902 1655 fuero.
2961 1599 3093 1657 Item
3141 1607 3364 1676 quidam

1796 1676 2044 1734 Asterius
2067 1695 2134 1734 ex
2158 1679 2519 1752 Cappadocia,
2541 1688 2825 1760 multiceps
2847 1693 3111 1762 sophista,
3139 1713 3282 1752 unus
3298 1716 3366 1754 ex

102 1774 220 1827 ριος
250 1757 310 1810 δέ
337 1775 424 1821 τις
452 1760 559 1812 ἀπὸ
591 1763 1004 1830 Καππαδοκίας,
1026 1767 1394 1839 πολυκέφαλος
1411 1775 1674 1848 σοφιστὴς.

1793 1770 2140 1836 Eusebianis,
2175 1789 2298 1828 cum
2331 1775 2385 1829 in
2415 1776 2598 1846 priore
2653 1785 3036 1850 persecutione
3083 1788 3185 1842 sub
3218 1789 3364 1844 Cult-

99 1840 180 1910 εἷς
204 1845 282 1899 ὢν
317 1847 427 1901 τῶν
468 1849 593 1920 περὶ
626 1851 912 1921 Εὑσέὸιον,
944 1857 1126 1930 ἐπειδὴ
1152 1859 1320 1926 θύσας
1347 1865 1405 1916 ἐν
1443 1840 1521 1937 τῷ
1554 1840 1688 1942 προέ-

100 1937 246 2009 τέρῳ
267 1938 515 2011 διωγμῷ,
533 1939 610 2011 τῷ
639 1941 777 1996 κατά
803 1945 892 1998 τὸν
918 1947 1139 2002 πάππον
1173 1951 1569 2022 Κωνσταντίου,
1588 1959 1687 2012 οὐκ

99 2025 338 2095 ἠδύνατο
384 2030 514 2099 παρ’
548 2030 726 2084 αὐτῶν
767 2034 848 2097 είς
889 2034 1090 2108 κλῆρον
1141 2042 1502 2114 προαχθῆναι,
1543 2051 1689 2101 ποιεῖ

103 2117 246 2187 μετὰ
306 2118 532 2192 γνώμης
589 2121 699 2176 τῶν
753 2126 882 2198 περὶ
928 2128 1189 2183 Εὐσέϐιον
1247 2135 1642 2206 συνταγμάτων
1668 2180 1683 2203 ,

99 2212 286 2266 ὁποῖον
319 2215 420 2283 μὲν
445 2214 632 2285 ἤθελον
651 2218 804 2270 αὐτοί
827 2235 841 2248 ο
871 2218 981 2273 ἴσον
1005 2220 1062 2274 δὲ
1089 2222 1165 2292 τῷ
1179 2226 1278 2294 τῆς
1303 2224 1493 2290 θυσίας
1519 2228 1682 2281 αὐτοῦ

97 2303 448 2377 τολμήματι·
477 2308 534 2360 ὲν
562 2309 670 2379 γὰρ
698 2309 870 2382 τούτῳ
889 2310 986 2382 τὴν
1002 2313 1198 2384 ἀκρίδα
1217 2316 1309 2369 καὶ
1338 2317 1434 2389 τὴν
1456 2319 1683 2392 κάμπην

95 2396 172 2466 τῷ
208 2396 438 2470 Χριστῷ
473 2403 787 2474 συγκρίνας,
813 2404 1009 2475 μᾶλλον
1038 2405 1095 2458 δὲ
1119 2412 1463 2480 προτιμήσας
1492 2415 1679 2479 αὐτοῦ,

95 2487 188 2543 καὶ
212 2489 396 2560 λέγων
426 2491 594 2563 ἄλλην
623 2489 763 2549 εἶναι
796 2499 948 2569 παρὰ
969 2499 1060 2552 τὸν
1090 2501 1322 2572 Χριστὸν
1350 2504 1409 2556 ἐν
1449 2505 1529 2576 τῷ
1563 2507 1680 2578 Θεῷ

96 2580 315 2650 σοφίαν,
337 2583 436 2653 τὴν
451 2583 542 2636 τοῦ
558 2585 793 2656 Χριστοῦ
813 2590 906 2640 καὶ
922 2587 1015 2642 τοῦ
1037 2590 1241 2661 κόσμου
1263 2592 1677 2669 δημιουργικὴν,

95 2675 262 2746 περιή
274 2692 432 2745 ρχετο
450 2676 548 2741 τὰς
563 2679 620 2730 ὲν
637 2681 700 2750 τῇ
726 2680 796 2732 Συ
803 2680 895 2752 ρίιξ⁴
910 2683 1006 2736 καὶ
1026 2684 1124 2747 τὰς
1139 2684 1303 2749 ἄλλας
1331 2687 1674 2760 Ἐκκλησίας,

94 2765 233 2818 κατά
275 2766 532 2822 σύστασιν
556 2769 665 2823 τῶν
696 2773 824 2843 περὶ
880 2773 1159 2829 Εὐσέϐιον·
1191 2776 1278 2830 ἵνα
1330 2778 1475 2846 ἅπαξ
1499 2781 1681 2851 ἀρνεῖ-

96 2856 216 2912 σθαι
248 2858 576 2930 μελετήσπς,
607 2861 747 2916 οὕτω
779 2865 873 2917 καὶ
899 2865 995 2920 νῦν
1044 2866 1374 2941 θρασύνηται
1397 2872 1537 2925 κατὰ
1580 2875 1679 2944 τῆς

93 2948 381 3020 ἀληθείας.
425 2954 740 3009 Ἐπέϐαινεν
770 2953 864 3012 οῦν
889 2961 968 3025 είς
995 2963 1122 3026 τοὺς
1151 2962 1226 3036 μὴ
1265 2963 1384 3030 ἐξὸν
1415 2967 1561 3038 αὐτῷ
1585 2968 1675 3021 τό·

94 3057 230 3106 πους
262 3044 294 3095 ὁ
321 3044 501 3099 πάντα
521 3047 810 3121 τολμηρὸς,
873 3051 968 3105 καὶ
1025 3055 1105 3118 εἰς
1130 3055 1222 3109 τὸν
1265 3057 1372 3110 τῶν
1401 3057 1676 3130 κληρικῶν

91 3132 262 3187 τόπον
311 3134 702 3209 καθεζόμενος,
757 3143 1090 3212 ἀνεγίνωσκε
1143 3146 1378 3222 δημοσίᾳ
1434 3151 1495 3204 τὸ
1555 3170 1677 3206 συν-

90 3227 422 3298 ταγμάτων,
453 3231 628 3284 καίτοι
670 3231 780 3286 τῶν
806 3234 981 3290 ἄλλων
1006 3238 1566 3312 δυσανασχετούντων’
1589 3246 1675 3316 ἐπ’

89 3317 260 3388 αὐτῷ.
301 3319 412 3372 Καὶ
426 3321 488 3374 τὸ
516 3323 614 3393 μὲν
648 3327 1046 3398 συνταγμάτων
1083 3330 1171 3384 διὰ
1194 3332 1402 3386 πολλῶν
1433 3336 1548 3390 ἐστι
1580 3353 1675 3405 γε-

89 3410 439 3482 γραμμένον.
468 3414 628 3486 Μέρη
649 3415 706 3469 δὲ
733 3417 898 3472 αὐτοῦ
930 3422 1046 3474 ἐστι
1084 3422 1276 3477 ταῦτα·
1314 3444 1333 3476 ι
1367 3427 1442 3478 Οὐ
1466 3428 1574 3498 γὰρ
1601 3425 1677 3482 εἷ-

71 3481 253 3553 ’πενὸ
276 3502 546 3574 μακάριος
561 3481 787 3571 ’Παῦλος
806 3509 1042 3580 Χριστὸν
1079 3513 1374 3585 κηρύσσειν
1405 3481 1504 3588 τὴν
1537 3481 1674 3574 ίδίαν

92 3592 257 3645 αὑτοῦ
288 3592 537 3665 δύναμιν,
587 3598 620 3670 ἢ
671 3598 768 3671 τὴν
812 3602 1001 3670 σοφίαν
1055 3606 1240 3673 αὐτοῦ,
1291 3611 1535 3665 τουτέστι
1577 3613 1671 3666 τοῦ

92 3681 246 3749 Θεοῦ,
283 3683 418 3737 ἀλλὰ
447 3685 569 3757 δίχα
593 3687 696 3760 τῆς
752 3692 1089 3766 προσθήκης,
1139 3697 1367 3770 δύναμιν
1398 3700 1533 3754 Θεοῦ
1580 3703 1674 3756 καὶ

91 3772 218 3825 Θεοῦ
253 3773 471 3844 σοφίαν
523 3776 690 3850 ἄλλην
721 3780 820 3850 μὲν
855 3777 992 3835 εἶναι
1047 3783 1142 3856 τὴν
1203 3786 1338 3841 ἰδίαν
1384 3790 1547 3844 αὐτοῦ
1577 3791 1671 3845 τοῦ

92 3864 218 3917 Θεοῦ
255 3864 508 3937 δύναμιν,
543 3868 640 3940 τὴν
669 3869 906 3942 ἔμφυτον
926 3875 1076 3947 αὐτῷ
1100 3879 1195 3932 καὶ
1222 3881 1670 3954 συνυπάρχουσαν

93 3955 237 4027 αὐτῷ
280 3958 561 4029 ἀγενήτως
592 3960 726 4033 (42),
755 3964 1070 4035 κηρύσσων·
1101 3971 1424 4044 γεννητικὴν
1461 3974 1559 4045 μὲν
1584 3971 1674 4030 οῦ·-

93 4067 205 4117 σαν,
277 4053 518 4123 δηλονότι
564 4059 659 4111 τοῦ
721 4062 980 4132 Χριστοῦ,
1032 4065 1427 4141 δημιουργικὴν
1471 4069 1528 4122 δὲ
1576 4070 1670 4123 τοῦ

89 4155 295 4218 παντὸς
315 4155 544 4228 κόσμου·
580 4161 707 4232 περὶ¹
733 4157 800 4234 ἧς
830 4165 890 4218 ὲν
909 4168 976 4238 τῇ
1012 4167 1148 4239 πρὸς
1187 4168 1488 4239 Ῥωμαίους
1520 4173 1673 4227 Ἐπι-

91 4257 246 4329 στολῇ
268 4257 535 4315 διδάσκων
559 4262 733 4333 ἔλεγε·
770 4284 790 4316 ι
826 4266 909 4320 Τὰ
953 4269 1060 4340 γὰρ
1107 4270 1313 4343 ἀόρατα
1366 4272 1530 4328 αὐτοῦ
1564 4275 1672 4329 ἀπὸ

96 4375 114 4404 σ
153 4361 391 4424 κτίσεως
411 4361 614 4433 κόσμου
631 4368 744 4430 τοῖς
773 4369 1041 4441 ποιήμασι
1056 4371 1320 4443 νοούμενα
1349 4375 1666 4448 καθορᾶται,

93 4479 110 4510 ε
148 4464 263 4535 ἥτε
281 4465 451 4530 ἀΐδιος
475 4466 640 4521 αὐτοῦ
667 4467 898 4541 δύναμις
913 4477 1008 4524 καὶ
1029 4471 1258 4547 θειότης.
1289 4495 1306 4525 ι
1327 4477 1537 4548 Ὥσπερ
1561 4477 1670 4550 γὰρ

88 4564 179 4636 τὴν
208 4566 513 4638 εἰρημένην
550 4569 799 4624 ἐνταυθοῖ
842 4571 1070 4645 θεότητα
1125 4575 1226 4628 οὐκ
1278 4577 1344 4630 ἄν
1398 4595 1484 4642 τις
1533 4580 1669 4651 φαίη

89 4663 324 4733 Χριστὸν
346 4662 510 4731 εἶναι,
542 4668 658 4721 ἀλλ’
680 4671 842 4724 αὑτὸν
889 4672 1158 4746 ὑπάρχειν
1185 4674 1275 4728 τὸν
1305 4676 1546 4747 Πατέρα·
1578 4672 1639 4731 οῦ
1657 4709 1673 4721 -

89 4787 208 4834 τως,
227 4767 405 4842 οἴμαι,
423 4774 517 4826 καὶ
538 4775 570 4844 ἡ
588 4772 698 4845 (45)
715 4775 882 4840 ἀίδιος
903 4777 1064 4831 αὐτοῦ
1086 4777 1315 4851 δύναμις
1337 4782 1434 4852 οὐχ
1465 4784 1494 4836 ὁ
1519 4800 1672 4853 μονο-

89 4870 249 4941 γενὴς
283 4867 438 4933 Θεὸς,
461 4869 574 4923 ἀλλ’
600 4870 630 4922 ὁ
659 4873 926 4944 γεννήσας
951 4873 1188 4946 ὑπάρχει
1217 4876 1432 4948 Πατήρ.
1471 4877 1670 4950 ’Ἄλλην

87 4965 392 5039 δὲδύναμιν
436 4968 530 5022 καὶ
580 4968 773 5040 σοφίαν
803 4970 1043 5026 διδάσκει
1090 4971 1249 5039 Θεοῦ,
1283 4975 1382 5046 τὴν
1434 4975 1522 5028 διὰ
1575 4976 1669 5029 τοῦ

151 5082 172 5114 ⁸
200 5081 368 5137 Rom.
403 5099 440 5149 ι,
472 5083 564 5139 20.

154 5173 269 5242 (38)
311 5173 513 5245 Regius
543 5184 598 5231 et
627 5176 814 5242 Basil.,
847 5178 942 5231 καὶ
970 5178 1037 5231 δι’
1063 5177 1216 5233 ἄλλα.

155 5245 271 5319 (59)
314 5245 381 5319 In?
403 5245 532 5319 edit.
558 5247 733 5319 Daris.
755 5248 988 5319 majusc.
1015 5248 1206 5319 litteris
1229 5249 1486 5319 scriptum
1509 5260 1625 5304 erat
1650 5271 1662 5304 :

89 5315 269 5390 Ταῦτα
310 5316 420 5390 ,τῆς
453 5315 857 5390 Ἀλεξανδρείας
906 5318 1286 5390 πρεσϐύτεροι,
1317 5315 1437 5389 quae
1469 5321 1667 5375 desunt

89 5385 137 5438 in
167 5376 603 5442 edit.'C'ommel.'
627 5397 682 5441 et
703 5376 769 5441 'in
798 5376 1051 5443 omnibus
1082 5376 1212 5444 mss.
1243 5376 1436 5444 Latina
1474 5406 1605 5445 vero
1643 5410 1658 5446 :

91 5455 210 5531 Hinc
253 5455 542 5526 presbyteri
589 5457 1023 5531 Διεςταηάνξηὶιε
1066 5459 1327 5531 CommeI.
1374 5476 1658 5531 perperam

87 5527 290 5595 adjecta
319 5534 467 5596 sunt,
501 5541 627 5581 cum
679 5528 732 5580 in
789 5527 1064 5596 prioribus
1109 5529 1320 5585 Latinis
1355 5527 1514 5585 editis
1548 5547 1654 5585 non

89 5606 379 5651 exstarent.
417 5595 605 5651 Graeca
633 5613 662 5651 a
688 5595 1094 5654 Parisiensibus
1128 5600 1309 5654 addita
1349 5610 1494 5656 sunt.

152 5669 263 5727 440*,
305 5667 529 5736 Regius,
569 5667 737 5742 δείξῃ.

395 5765 667 5822 ΡΑτιιοι.
698 5766 815 5853 (in.
857 5767 903 5824 Χ
918 5767 1081 5826 ΧΠ.

1789 1863 1976 1916 stantii
1998 1877 2099 1917 avo
2125 1864 2230 1920 diis
2257 1867 2640 1937 sacriﬁcasset,
2692 1888 2794 1928 nec
2849 1886 3034 1944 posset
3076 1879 3145 1932 ab
3168 1881 3274 1936 illis
3305 1883 3362 1937 in

1787 1954 1993 2009 clerum
2022 1961 2296 2027 cooptari;
2331 1976 2398 2016 ex
2428 1965 2698 2020 sententia
2751 1965 3184 2026 Eusebianorum
3220 1991 3359 2043 opu-

1786 2046 1997 2101 sculum
2023 2048 2213 2115 edidit,
2265 2067 2455 2108 eorum
2504 2056 2734 2111 arbitrio
2778 2062 3167 2132 conscriptum,
3211 2069 3357 2137 quod

1785 2138 2039 2192 sacrificii
2061 2140 2183 2209 ejus
2239 2143 2418 2199 scelus
2467 2157 2758 2217 aequaret:
2809 2150 2864 2205 in
2916 2153 3011 2208 illo
3053 2155 3200 2211 enim
3231 2174 3354 2214 cum

1783 2228 2049 2284 locustam
2087 2241 2140 2286 et
2163 2246 2384 2288 erueam
2415 2235 2636 2293 Christo
2678 2242 3020 2314 contulisset,
3082 2247 3192 2303 imo
3216 2265 3357 2320 prae-

1783 2321 2014 2383 tulisset,
2043 2337 2107 2376 ac
2133 2323 2339 2380 diceret
2377 2327 2540 2383 aliam
2593 2345 2716 2386 esse
2772 2332 2828 2387 in
2865 2333 2977 2390 Deo
3028 2340 3352 2409 sapientiam

1781 2421 1975 2480 praeter
2007 2410 2306 2481 Christum,
2333 2432 2453 2486 qua:
2479 2427 2534 2474 et
2564 2418 2766 2476 Christi
2799 2430 2854 2479 et
2881 2428 3070 2482 mundi
3121 2434 3355 2489 creatrix

1780 2512 1948 2569 esset,
1993 2503 2164 2576 Syriae
2235 2505 2509 2565 Ecclesias
2577 2513 2844 2582 aliasque,
2917 2515 3354 2582 Eusebianorum

1780 2595 2249 2652 commendatione
2272 2597 2434 2669 585
2458 2598 2652 2665 fretus,
2685 2602 2950 2661 circuibat
2981 2627 2994 2660 :
3025 2620 3084 2664 ut
3107 2613 3233 2681 quia
3265 2631 3353 2670 se-

1780 2685 1885 2738 mel
1916 2685 2199 2742 Christum
2229 2690 2501 2761 abnegare
2522 2707 2812 2762 aggressus
2859 2696 3073 2766 fuerat,
3103 2702 3175 2757 ita
3211 2722 3356 2762 nunc

1778 2795 1996 2852 quoque
2063 2780 2326 2836 adversus
2380 2783 2660 2838 veritatem
2725 2787 2989 2844 audacius
3030 2793 3351 2867 insurgeret.

1777 2872 1954 2928 Homo
1974 2874 2063 2929 ille
2094 2889 2225 2929 sane
2267 2875 2667 2933 audacissimus
2711 2877 2766 2932 in
2807 2896 2929 2950 quae
2975 2883 3095 2940 loca
3125 2888 3228 2942 sibi
3272 2891 3356 2945 in-

1777 2965 1922 3034 gredi
1953 2980 2061 3019 non
2096 2965 2282 3020 liceret
2304 2980 2424 3021 sese
2448 2966 2694 3033 immisit,
2721 2977 2775 3024 et
2799 2970 2854 3024 in
2884 2973 3206 3032 clericorum
3235 2981 3354 3036 loco

1705 3091 1746 3149 ρ
1780 3059 1974 3112 sedens
2033 3058 2355 3127 opusculum
2395 3060 2612 3128 publice
2657 3061 2888 3130 legebat,
2913 3068 3127 3125 czeteris
3171 3082 3351 3128 tamen

1781 3162 1893 3202 rem
1922 3147 2140 3218 indigne
2181 3147 2500 3204 ferentibus.
2550 3150 2716 3207 Multa
2774 3164 2922 3210 certe
2976 3162 3355 3230 complectitur

1778 3235 2107 3305 opusculum
2138 3236 2269 3290 illud
2298 3255 2311 3291 :
2344 3238 2504 3307 cujus
2532 3238 2650 3294 haec
2688 3257 2816 3310 pars
2842 3254 2962 3299 est:
3002 3266 3022 3299 ‹
3055 3247 3174 3304 Non
3206 3253 3348 3308 enim

1776 3328 1852 3384 ait
1888 3329 2080 3384 beatus
2108 3327 2312 3385 Paulus
2343 3345 2401 3385 se
2424 3331 2702 3387 Christum
2727 3337 3045 3405 praedicare,
3077 3346 3349 3413 prepriam

1775 3413 2052 3480 virtutem,
2109 3424 2204 3470 aut
2263 3418 2586 3487 sapientiam
2632 3421 2773 3490 ejus,
2835 3425 3042 3483 scilicet
3075 3429 3191 3497 Dei,
3255 3437 3350 3489 sed

1775 3506 1894 3561 sine
1913 3507 2306 3575 additamenta,
2337 3508 2434 3564 Dei
2463 3511 2742 3582 virtutem,
2786 3525 2840 3570 et
2870 3516 2963 3572 Dei
2987 3521 3345 3591 sapientiam:

1776 3598 1978 3653 docens
2041 3600 2202 3653 aliam
2256 3602 2473 3671 quidem
2532 3619 2655 3660 esse
2703 3609 2975 3677 propriam
3028 3613 3200 3682 ipsius
3255 3617 3347 3673 Dei

1775 3688 2052 3749 virtutem.
2106 3692 2208 3760 ipsi
2262 3693 2526 3759 innatam,
2596 3710 2705 3767 non
2758 3697 2959 3755 tactam
2987 3714 3040 3757 et
3071 3720 3195 3759 cum
3230 3708 3349 3777 ipso

1772 3781 2122 3835 exsisteutem
2149 3798 2272 3851 quae
2306 3786 2543 3853 genitrix
2567 3796 2670 3853 est,
2693 3786 2894 3844 Christi
2937 3793 3165 3862 scilicet,
3191 3815 3351 3854 crea-

1774 3872 1876 3926 trix
1897 3888 2026 3928 vero
2056 3875 2224 3930 totius
2253 3877 2440 3931 mundi
2474 3897 2486 3932 :
2518 3879 2584 3934 de
2618 3895 2725 3949 qua
2753 3883 2805 3935 in
2846 3881 3086 3953 Epistola
3120 3889 3188 3943 ad
3235 3890 3346 3944 Ro-

1773 3979 1966 4021 manos
2003 3983 2016 4019 :
2052 3985 2070 4017 ‹
2109 3965 2407 4024 lnvisibilia
2440 3972 2583 4025 enim
2633 3973 2826 4042 ipsius,
2877 3977 3076 4048 inquit,
3113 3997 3143 4035 a
3192 3997 3349 4039 crea-

1778 4074 1797 4106 ‹
1845 4064 1964 4110 tura
1999 4059 2209 4123 mundi,
2234 4075 2329 4129 per
2359 4076 2421 4115 ea
2437 4079 2558 4133 quae
2581 4063 2718 4119 facta
2748 4076 2896 4130 sunt,
2919 4069 3187 4128 intellecta
3216 4091 3346 4131 con-

1779 4168 1797 4200 ι
1843 4149 2176 4218 spiciuntur:
2199 4153 2527 4223 sempiterna
2546 4173 2765 4228 quoque
2788 4159 3108 4230 ejus'virtus
3133 4177 3188 4220 et
3207 4167 3347 4222 divi-

1777 4260 1796 4293 ‹
1843 4244 1985 4300 nitas
2012 4245 2051 4297 ³.
2091 4265 2109 4297 ι
2151 4245 2306 4302 Sicut
2329 4247 2472 4303 enim
2509 4264 2864 4309 memoratam
2895 4255 2986 4312 hic
3006 4258 3344 4318 divinitatem

1772 4352 1934 4391 nemo
1963 4337 2158 4393 dixerit
2203 4338 2483 4396 Christum
2527 4359 2686 4409 esse,
2737 4347 2830 4402 sed
2866 4347 3044 4417 ipsum
3099 4365 3220 4407 esse
3241 4351 3345 4408 Pa-

1701 4441 1745 4493 ι)
1776 4436 1910 4481 trem
1943 4446 1960 4495 ;
1997 4429 2075 4483 sic
2121 4437 2273 4498 puto,
2299 4432 2686 4501 sempiternam
2742 4435 2860 4504 ejus
2906 4436 3184 4506 virtutem,
3233 4459 3344 4499 non

1777 4519 2110 4590 unigenitum
2133 4521 2326 4588 Deum,
2351 4524 2444 4578 sed
2474 4539 2599 4579 eum
2628 4527 2720 4596 qui
2745 4528 2932 4598 genuit
2963 4529 3175 4587 Patrem
3197 4549 3339 4591 esse.

1769 4611 1944 4664 Aliam
1974 4627 2101 4667 vero
2133 4611 2225 4668 Dei
2258 4615 2512 4670 virtutem
2540 4625 2594 4671 et
2622 4619 2942 4688 sapientiam
2997 4622 3174 4692 docet,
3219 4641 3342 4695 quae

1769 4703 1978 4757 scilicet
2015 4719 2110 4773 per
2137 4705 2416 4760 Christum
2446 4708 2754 4775 exhibetur,
2823 4720 2878 4766 et
2908 4729 3006 4782 per
3031 4715 3148 4784 ipsa
3178 4719 3340 4772 mini-

1769 4793 1918 4847 sterii
1955 4793 2073 4863 ejus
2096 4808 2262 4864 opera
2284 4799 2656 4867 cognoscitur.
2692 4817 2710 4851 ι
2771 4799 2838 4856 Et
2868 4818 3087 4858 rursum
3123 4823 3136 4857 :
3177 4823 3196 4856 ‹
3221 4805 3339 4861 Etsi

1768 4887 2098 4956 sempiterna
2123 4887 2242 4958 ejus
2262 4889 2437 4946 virtus
2455 4899 2508 4945 et
2536 4892 2822 4964 sapientia,
2846 4911 3011 4966 quam
3039 4897 3156 4952 sine
3185 4901 3339 4966 prin-

1766 4979 1910 5048 eipio
1938 4988 1990 5033 et
2032 4981 2378 5050 generatione
2420 4997 2563 5048 esse,
2617 4985 2864 5040 veritatis
2919 4987 3204 5044 ratiocinia
3244 4990 3340 5046 de-

1833 5181 1946 5260 (ᾁί)
1984 5181 2055 5260 ln_
2078 5181 2246 5260 Regio
2278 5182 2634 5260 xol_deletu_m
2667 5197 2772 5260 est.
2820 5186 2925 5260 Sed
2970 5189 3063 5241 καί
3099 5205 3335 5260 sequens

1763 5253 1946 5328 potius
1971 5253 2258 5328 delendum
2296 5254 2541 5328 videtur.
2561 5254 2877 5328 De_A§terio
2907 5268 3086 5313 autem
3123 5253 3191 5313 et'
3215 5264 3335 5328 ejus

1763 5323 1981 5396 scriptis
2011 5323 2133 5377 vide
2177 5338 2343 5393 supra
2370 5325 2426 5379 in
2460 5325 2687 5396 epistola
2714 5325 2786 5382 De
2815 5329 3049 5384 decretis
3072 5323 3331 5396 Nicauiis,

1761 5407 2225 5537 p.(;‘g;’.§ic_lleg.
2260 5461 2676 5537 et_Basit._Editi
2708 5482 2837 5522 vero
2865 5469 3196 5537 ἀγεννήτως.

1851 5532 2048 5610 puta
2075 5533 2207 5610 Reg.
2231 5542 2283 5586 et
2310 5533 2564 5610 Basilrln
2584 5532 3016 5610 Aeditisjﬂdeest.
3048 5532 3171 5594 Mori
3199 5539 3334 5604 Reg.

1753 5610 1808 5684 et
1839 5603 2025 5684 _Basil.,
2061 5603 2215 5674 οὺχὸ
2251 5606 2544 5677 μονογενὴς
2571 5606 2723 5672 Θεός.
2755 5603 2917 5678 Editi,
2941 5610 3044 5680 ούχ
3069 5603 3336 5684 ὁμογενὴς

1753 5673 1904 5736 Θεός.
2129 5673 2156 5674 ⁷⁷
2256 5673 2261 5674 ί
2396 5673 2401 5674 ν
2500 5673 2511 5677 ⁷
2903 5673 2912 5678 ⁷

3001 5778 3079 5838 23
