3822 6226
440 231 548 292 7ίῖ
1038 234 1095 288 5.
1134 229 1506 286 ATHANASII
1548 229 1699 288 OPP.
1737 232 1918 287 PARS
1952 231 1991 287 1.
2034 262 2101 272 -
2140 228 2516 285 HISTORICA
2550 228 2638 283 ET
2677 227 3101 286 DOGMATICA.

3575 232 3690 286 716

441 359 669 420 claram,
706 370 814 410 una
833 353 1129 422 eademque
1157 353 1302 407 haud
1351 353 1514 408 dubie
1570 354 1631 406 iit
1665 371 1678 406 :
1711 353 1895 409 multae
1929 363 1999 408 ta-

2114 352 2344 423 Χριστοῦ
2362 352 2714 422 δεικνυμένην
2742 353 3005 424 δηλονότι,
3025 354 3118 406 καὶ
3143 352 3231 406 διὰ
3250 352 3357 404 τῶν
3389 351 3560 424 ἔργων
3591 355 3694 407 αὖ-

438 466 564 506 meu
594 445 903 518 singulatim
930 445 997 499 ab
1025 459 1091 499 eo
1119 454 1311 500 creata:
1341 453 1488 510 sunt,
1528 460 1761 514 quarum
1790 447 2007 516 .primo-

439 539 674 609 genitus,
709 534 1020 604 unigenitus
1051 531 1434 597 est'Christus,
1464 543 1586 602 quae
1616 531 1836 600 quidem
1888 547 2006 585 om-

439 648 538 689 nes
562 648 591 686 a
613 642 927 699 possessore
955 625 1211 693 pendent,
1239 633 1292 678 et
1321 639 1513 678 omnes
1537 622 1708 693 ipsius
1729 623 2008 678 Creatoris

438 723 533 794 qui
563 718 669 776 illis
701 720 890 781 util'ur,
921 717 1150 771 virtutes
1175 716 1300 786 jure
1333 706 2008 786 appellantur.'Ejusmodi

438 824 523 873 est
553 814 696 885 quod
726 812 987 882 propheta
1013 809 1281 864 locustam
1304 809 1357 862 in
1391 823 1608 878 pinnam
1639 808 2006 861 humanorum

437 907 703 964 seelerum
739 903 999 959 divinitus
1027 901 1353 964 immissam,
1387 916 1496 953 non
1520 898 1610 952 Dei
1639 899 1890 952 virtutem
1917 915 2007 953 so-

435 1000 571 1065 lum,
601 997 694 1053 sed
729 1004 983 1066 niagnam
1009 994 1263 1048 virtutem
1291 994 1359 1048 ab
1411 993 1531 1062 ipso
1561 992 1671 1047 Deo
1707 993 1892 1048 vocari
1923 993 2007 1046 di-

437 1093 512 1147 cit
535 1091 578 1144 ⁸.
603 1089 800 1144 Beatus
829 1097 1009 1142 autem
1041 1086 1212 1140 David
1246 1085 1310 1140 in
1325 1086 1604 1155 plerisque
1643 1086 2002 1155 psalmorum,

436 1182 798 1252 n'on'angelos
829 1181 1004 1234 solum
1062 1177 1156 1233 sed
1207 1187 1261 1232 et
1291 1163 1532 1232 lvirtutes
1577 1176 1746 1232 Deum
1783 1179 2006 1232 laudare

431 1277 607 1346 jubet,
641 1286 694 1328 et
722 1287 914 1326 omnes
957 1269 1026 1324 ad
1079 1271 1339 1340 hymnum
1380 1270 1780 1324 concinendum
1819 1271 2000 1324 horta-

435 1378 522 1424 tur
557 1386 571 1423 :
607 1382 836 1438 quarum
871 1362 1273 1418 multitudinem
1297 1361 1554 1425 declarat,
1589 1377 1791 1431 easque
1840 1357 2002 1416 mini-

434 1472 579 1517 stros
630 1460 724 1514 Dei
756 1471 952 1512 vocare
985 1470 1093 1510 non
1125 1455 1324 1522 renuit,
1363 1469 1428 1510 ac
1471 1455 1616 1510 illius
1670 1455 2001 1510 voluntatem

429 1549 611 1604 facere
640 1549 814 1603 docet.
829 1567 847 1598 ι

2113 446 2219 498 τῶν
2251 445 2348 515 τῆς
2371 443 2640 506 διακονίας
2669 443 2831 496 αὐτοῦ
2860 442 3320 514 γνωριζομένην.»
3370 443 3480 496 Καὶ
3505 444 3688 497 πάλιν·

2120 555 2140 588 ι
2171 536 2426 604 Καίτοιγε
2453 539 2484 601 ή
2519 537 2614 607 μὲν
2644 535 2809 598 ἀΐδιος
2835 535 3000 589 αὑτοῦ
3033 534 3261 605 δύναμις
3302 535 3397 588 καὶ
3427 537 3605 605 σοφία,
3625 537 3694 608 ἦν

2081 687 2084 690 ,
2113 628 2346 698 ἄναρχόν
2373 645 2433 680 τε
2463 629 2555 680 κα)⁸
2587 627 2878 698 ἀγέννητον
2915 627 3024 698 (44)
3061 629 3111 679 οί
3161 627 3256 698 τῆς
3290 626 3548 697 ἀληθείας
3568 630 3700 681 ἁπο-

2115 720 2394 788 φαίνονται
2427 711 2695 788 λογισμοὶ,
2731 719 2828 789 μία
2848 717 2913 771 ἂν
2939 718 3024 790 εἴη
3055 718 3319 790 δήπουθεν
3346 720 3441 772 καὶ
3470 722 3503 788 ἡ
3533 721 3695 788 αὐτή·

2111 811 2303 864 πολλαὶ
2325 810 2381 864 δὲ
2403 812 2454 863 αἰ
2487 809 2607 864 καθ’
2633 810 2861 864 ἕκαστον
2917 811 3008 863 ὑπ’
3035 810 3199 865 αὑτοῦ
3255 811 3577 874 κτισθεῖσαι,
3615 807 3696 865 ὧν

2110 902 2460 974 πρωτότοκος
2489 902 2584 954 καὶ
2620 901 2916 973 μονογενὴς
2939 904 2966 955 6
2990 903 3243 973 Χριστός·
3297 906 3473 958 πᾶσαί
3499 923 3561 974 γε
3587 905 3698 976 μὴν

2107 995 2326 1066 ὁμοίως,
2369 998 2447 1058 είς
2475 996 2567 1048 τὸν
2606 995 2941 1066 κεκτημένον
2991 996 3346 1065 ἀνήρτηνται.
3394 997 3489 1049 καὶ
3521 999 3695 1050 πᾶσαι

2107 1089 2163 1139 αἰ
2189 1086 2298 1156 (45)
2321 1087 2579 1156 δυνάμεις
2615 1085 2779 1138 αὑτοῦ
2815 1085 2908 1138 τοῦ
2937 1086 3223 1150 κτίσαντος
3268 1090 3364 1140 καὶ
3405 1090 3693 1158 χρωμένου

2106 1178 2394 1232 καλοῦνται
2425 1177 2666 1240 δικαίως·
2704 1173 2814 1232 οἷον
2847 1181 2875 1230 6
2915 1178 3014 1249 μὲν
3038 1173 3320 1251 προφήτης
3358 1181 3456 1250 τὴν
3499 1182 3698 1252 ἀκρίδα

2105 1268 2260 1338 δίκην
2289 1269 2396 1348 τῶν
2419 1269 2771 1340 ἀνθρωπίνων
2803 1270 3216 1342 ἁμαρτημάτων
3264 1271 3526 1343 θεήλατον
3561 1289 3700 1340 γινο-

2111 1362 2278 1432 μένην
2311 1363 2370 1415 οὐ
2399 1362 2625 1432 δύναμιν
2663 1363 2820 1432 μόνον
2846 1363 3003 1424 Θεοῦ,
3033 1363 3166 1416 ἀλλά
3200 1365 3292 1417 καὶ
3335 1366 3576 1436 μεγάλην
3596 1385 3697 1435 φη-

2111 1454 2194 1506 σὶν
2221 1454 2311 1507 ὑπ’
2362 1453 2524 1506 αὐτοῦ
2566 1455 3067 1525 προσαγορεύεσθαι
3129 1457 3221 1509 τοῦ
3276 1457 3431 1510 Θεοῦ·
3465 1459 3493 1510 6
3520 1457 3576 1510 δέ
3623 1475 3694 1525 γε

2117 1547 2380 1617 μακάριος
2411 1546 2579 1600 Δαϐἰδ
2608 1547 2664 1599 ἐν
2693 1546 2901 1600 πλείοσι
2955 1547 3062 1601 τῶν
3118 1548 3348 1618 ψαλμῶν
3384 1551 3485 1602 οὐκ
3523 1551 3694 1617 ἀγγέ-

432 1645 545 1707 λοις
584 1642 760 1713 μόνον,
785 1638 919 1693 ἀλλά
940 1640 1033 1692 καὶ
1061 1637 1352 1707 δυνάμεσιν
1375 1638 1549 1690 αἰνεῖν
1577 1636 2013 1708 παρακελεύεται
2047 1636 2137 1688 τὸν
2170 1637 2300 1690 Θεόν
2328 1653 2342 1667 ·
2378 1637 2472 1689 καὶ
2505 1637 2684 1699 πάσας
2724 1653 2787 1703 γε
2840 1637 2932 1689 ἐπὶ
2993 1638 3083 1692 τὸν
3113 1637 3279 1708 ὒμνον
3336 1638 3695 1710 παρακαλῶν,

432 1738 528 1789 καὶ
570 1729 632 1787 τὸ
678 1732 881 1802 πλῆθος
911 1729 1227 1801 παρίστησι,
1258 1728 1352 1782 καὶ
1374 1730 1718 1800 λειτουργοὺς
1739 1727 1872 1782 Θεοῦ
1907 1729 2088 1782 καλεῖν
2128 1731 2188 1782 ού
2233 1732 2579 1800 παραιτεῖται
2612 1768 2626 1792 ,
2686 1729 2780 1782 καὶ
2835 1731 3008 1783 ποιεῖν
3060 1729 3224 1783 αὑτοῦ
3271 1731 3332 1784 τὸ
3366 1730 3578 1801 θέλημα
3615 1732 3697 1785 δι·-

431 1826 639 1881 δάσκει.
655 1843 673 1875 ›

503 1919 591 1974 19.
622 1917 746 1971 llaec
790 1923 982 1970 contra
1018 1911 1357 1966 Salvatorem
1415 1926 1602 1975 ausus,
1658 1926 1768 1965 non
1801 1911 1890 1965 hic
1921 1919 1999 1964 ta-

2172 1913 2259 1967 19.
2286 1911 2521 1965 Τοιαῦτα
2552 1911 2824 1984 τολμήσας
2874 1912 3014 1966 κατά
3054 1911 3148 1966 τοῦ
3190 1914 3438 1985 Σωτῆρος
3462 1917 3562 1969 οὐκ
3583 1919 3689 1986 ἠρ-

431 2027 556 2067 men
581 2008 802 2065 sceleris
831 2007 1003 2073 stetit,
1056 2006 1152 2060 sed
1212 2005 1386 2075 magis
1431 2003 1715 2074 magisque
1748 2003 2000 2072 blasphe-

429 2104 571 2157 mias
598 2099 818 2155 adauxit
847 2113 976 2153 suas
1001 2097 1187 2152 dicens
1222 2112 1235 2147 :
1277 2116 1294 2148 ‹
1343 2086 1498 2151 Unus
1525 2111 1591 2150 ex
1617 2096 1872 2150 omnibus
1921 2104 2004 2150 est

429 2193 624 2248 Filius.
660 2191 1012 2261 Opiﬁciorum
1069 2190 1214 2244 enim
1272 2189 1509 2259 primum
1543 2198 1646 2253 est,
1691 2196 1745 2242 et
1775 2204 1881 2242 una
1934 2203 2002 2241 ex

430 2285 854 2355 intelligentibus
883 2283 1113 2338 naturis.
1143 2282 1209 2336 Et
1229 2282 1688 2352 quemadmodum
1731 2282 1812 2335 sol
1837 2280 1890 2334 in
1912 2295 2002 2333 re—

427 2379 531 2432 bus
570 2393 693 2448 qua:
727 2375 830 2432 sub
859 2376 1031 2431 oculis
1084 2373 1306 2437 cadunt,
1360 2389 1502 2428 unus
1531 2381 1614 2428 est
1662 2388 1726 2428 ex
1782 2373 1849 2428 iis
1881 2388 2004 2443 quae

429 2467 844 2537 conspiciuntur
881 2485 895 2520 :
944 2480 1067 2520 cum
1100 2473 1282 2518 tamen
1312 2464 1569 2518 universo
1606 2463 1832 2530 mundo,
1844 2463 2002 2534 juxta

429 2558 652 2612 factoris
679 2557 761 2612 sui
784 2555 1124 2619 mandatum,
1147 2553 1563 2620 luceat;eodem
1593 2568 1820 2622 prorsus
1841 2553 2004 2607 modo

427 2647 626 2712 Filius,
657 2661 782 2702 cum
806 2661 914 2700 una
943 2646 1013 2701 sit
1041 2660 1108 2699 ex
1145 2643 1568 2714 intelligentibus
1613 2645 1845 2707 naturis,
1878 2659 2000 2697 om-

428 2742 591 2796 nibus
619 2739 714 2810 qui
759 2739 817 2793 in
876 2737 1223 2792 intellectuali
1277 2735 1478 2790 mundo
1539 2744 1685 2800 sunt,
1738 2736 1883 2789 lucet
1938 2750 2003 2789 ac

428 2831 694 2900 splendet.
731 2847 752 2881 ι
797 2827 1111 2896 iterumque
1163 2827 1239 2880 ait
1270 2844 1282 2880 :
1345 2843 1363 2876 ι
1395 2824 1522 2880 Erat
1546 2825 1839 2895 aliquando
1873 2841 1999 2881 cum

425 2939 532 2977 non
566 2930 763 2988 esset,»
801 2928 965 2991 atque
984 2921 1059 2974 ita
1092 2918 1283 2974 scribit
1311 2937 1326 2973 :
1357 2937 1375 2970 ι
1415 2919 1482 2973 Et
1509 2918 1729 2988 quidem
1761 2927 1885 2972 ante
1912 2917 2002 2972 Fi-

424 3018 482 3070 lii
504 3016 928 3088 generationem,
986 3012 1448 3083 praexsistentem
1503 3009 1795 3082 generandi
1827 3011 2003 3065 scien-

423 3111 559 3163 tiam
600 3109 789 3162 habuit
829 3105 1029 3172 Pater;
1099 3107 1272 3159 inerat
1333 3088 1543 3175 quippe.
1583 3103 1814 3167 medico,
1857 3112 2003 3158 ante-

425 3216 591 3270 quam
617 3214 756 3270 quos
783 3206 1004 3254 sanaret
1056 3199 1326 3257 adessent,
1383 3195 1634 3250 medendi
1692 3195 1939 3250 scientia.
1976 3214 1994 3245 ι

425 3293 492 3349 Ει
514 3307 730 3347 rursum
766 3307 782 3346 :
818 3309 836 3342 ι
876 3289 1146 3354 Beneﬁco,
1190 3288 1386 3358 inquit,
1418 3287 1599 3342 studio
1648 3296 1864 3341 creatus
1915 3296 1998 3341 est

421 3386 614 3452 Filius,
641 3394 696 3440 et
731 3382 952 3439 virtutis
981 3383 1138 3452 copia
1188 3380 1346 3436 Pater
1375 3381 1528 3435 illum
1574 3380 1837 3434 condidit.
1876 3399 1894 3432 ι
1932 3379 1999 3433 Et

424 3479 621 3534 iterum
655 3493 669 3532 ε
706 3495 726 3528 ι
766 3475 823 3531 Si
874 3475 971 3531 Dei
997 3475 1252 3528 voluntas
1304 3488 1401 3542 per
1433 3473 1616 3526 omnia
1664 3471 1859 3526 deinde
1881 3471 2001 3540 opi-

422 3569 546 3624 ﬂcia
573 3567 911 3639 pertransiit,
965 3567 1139 3636 liquet
1183 3565 1379 3619 Filium
1430 3564 1706 3634 opiﬁcium
1745 3579 1870 3618 cum
1905 3565 1995 3629 sit,

422 3658 700 3714 voluntate
724 3657 1022 3719 exstitisse,
1054 3664 1108 3710 et
1143 3655 1343 3710 factum
1381 3653 1572 3709 fuisse.
1610 3673 1629 3704 ι
1689 3652 1816 3708 Haec
1843 3654 1999 3707 Aste-

421 3751 540 3806 rius
574 3751 726 3804 si-lus
786 3748 1007 3818 scripsit
1029 3765 1050 3815 ;
1072 3746 1374 3802 Eusebiani
1434 3759 1565 3800 vero
1592 3745 1708 3799 haec
1739 3745 1855 3814 ipsa
1891 3759 1995 3797 una

419 3857 543 3896 cum
569 3840 661 3895 illo
689 3840 1016 3895 sentiebant.

488 3933 579 3988 20.
618 3932 743 3988 Haec
771 3941 899 3988 sunt
927 3944 1359 4002 quorum-causa
1418 3929 1718 3993 decertant,
1759 3937 1814 3983 et
1871 3942 1994 3982 cum

419 4028 643 4098 antiqua
670 4026 880 4096 synodo
912 4035 1177 4095 pugnant,
1223 4023 1363 4092 quia
1424 4007 1632 4076 scilicet
1686 4021 1780 4091 qui
1841 4021 1896 4073 in
1934 4034 1996 4074 ea

418 4134 722 4174 convenere
752 4118 940 4172 Patres
974 4117 1091 4172 suis
1124 4115 1324 4171 similia
1348 4129 1467 4168 non
1499 4115 1858 4183 scripserunt,
1884 4113 1997 4166 imo

415 4211 676 4267 Arianam
730 4209 1002 4281 haeresim,
1067 4222 1230 4277 quam
1281 4207 1337 4260 hi
1397 4205 1642 4260 stabilire
1682 4203 1993 4268 studebant,

312 4333 316 4338 -
414 4311 806 4373 percusserunt
847 4300 1212 4356 anathemate.
1276 4299 1545 4364 Quocirca
1589 4297 1868 4353 Asterium
1900 4298 1994 4368 qui

414 4395 578 4451 idolis
611 4393 968 4457 sacriﬁcarat,
1007 4392 1310 4461 sophistam
1373 4390 1650 4445 hominem
1701 4391 1995 4461 impietatis

415 4503 531 4543 suae
561 4487 726 4558 586
776 4486 1099 4540 advocatum
1136 4484 1531 4554 designarunt;
1571 4500 1637 4540 ne
1693 4484 1994 4541 abstineret

2104 2004 2292 2076 κέσθη,
2319 2004 2454 2058 ἀλλά
2484 2007 2576 2057 καὶ
2636 2005 2796 2058 πλέον
2845 2005 3144 2059 ἐπεκτείνει
3187 2008 3289 2071 τὰς
3331 2008 3688 2079 βλασφημίας

2103 2095 2287 2160 αὑτοῦ,
2321 2097 2514 2164 λέγων,
2560 2097 2642 2150 ὅτι
2698 2091 2778 2160 εἷς
2833 2097 2942 2152 τῶν
2993 2098 3210 2151 πάντων
3259 2101 3405 2152 ἐστὶν
3465 2103 3494 2153 6
3528 2101 3682 2164 Υἱός·

2109 2207 2127 2239 ι
2165 2189 2385 2260 Πρῶτον
2418 2189 2528 2259 γάρ
2553 2190 2668 2240 ἐστι
2711 2188 2820 2241 τῶν
2852 2189 3115 2260 γενητῶν,
3150 2190 3243 2243 καὶ
3282 2186 3363 2254 εἷς
3418 2191 3528 2244 τῶν
3561 2209 3692 2263 νοη-

2101 2280 2210 2334 τῶν
2245 2280 2458 2349 φύσεών
2485 2283 2620 2334 ἐστι·
2649 2281 2744 2335 καὶ
2778 2280 2967 2352 ὣσπερ
3011 2282 3242 2353 ἥλιοςέν
3265 2288 3377 2347 τοῖς
3413 2284 3690 2356 βλεπομέ-

2103 2390 2215 2436 νοις
2247 2368 2327 2437 εἴς
2354 2372 2450 2444 μὲν
2477 2372 2591 2425 ἔστι
2619 2372 2728 2425 τῶν
2779 2374 3142 2444 φαινομένων,
3199 2375 3403 2446 λάμπει
3435 2377 3492 2430 δέ
3522 2379 3692 2432 παντὶ

2101 2464 2180 2535 τῷ
2208 2460 2408 2535 κόσμῳ’
2420 2464 2560 2518 κατὰ
2589 2464 2880 2536 πρόσταξιν
2911 2464 3004 2518 τοῦ
3037 2469 3416 2538 πεποιηκότος·
3458 2469 3635 2533 οὕτως
3661 2473 3692 2521 6

2104 2557 2251 2621 Υἰὸς,
2277 2550 2357 2619 εἷς
2390 2555 2463 2609 ὣν
2491 2554 2599 2608 τῶν
2619 2554 2824 2626 νοητῶν
2856 2556 3089 2624 φύσεων,
3114 2558 3337 2627 φωτίζει
3364 2561 3456 2612 καὶ
3478 2559 3690 2630 λάμπει

2102 2648 2198 2700 καὶ
2223 2648 2382 2710 αὐτὸς
2416 2649 2547 2700 πᾶσι
2573 2652 2684 2713 τοῖς
2707 2651 2766 2702 ἐν
2797 2650 2875 2720 τῷ
2901 2649 3078 2721 νοητῷ
3102 2651 3345 2722 κόσμῳ.»
3404 2653 3574 2705 Πάλιν
3625 2655 3690 2707 τέ

2104 2756 2285 2809 φησιν·
2325 2758 2344 2791 ι
2375 2735 2484 2792 Ἦν
2518 2757 2669 2806 ποτε,
2693 2743 2781 2794 ὅτε
2803 2743 2903 2795 οὐκ
2930 2728 3051 2814 ἧνρ
3082 2742 3221 2796 οὕτω
3243 2745 3490 2816 γράφων·
3523 2764 3542 2796 ι
3574 2747 3692 2798 Καὶ

2055 2833 2073 2894 Υ
2105 2833 2232 2910 πρὶν
2263 2832 2364 2900 τῆς
2389 2833 2655 2902 γενέσεως
2679 2833 2771 2887 τοῦ
2804 2835 2932 2888 Υἱοῦ
2962 2837 2990 2888 ὁ
3013 2837 3204 2908 Πατὴρ
3225 2839 3691 2910 προϋπάρχουσαν

2103 2919 2218 2994 εἷχε
2251 2925 2350 2996 τὴν
2384 2925 2478 2978 τοῦ
2525 2929 2720 2998 γεννᾷν
2774 2927 3104 3001 ἐπιστήμην·
3157 2931 3281 2983 ἐπεὶ
3334 2931 3427 2984 καὶ
3474 2933 3686 3002 ἰατρὸς,

2103 3016 2209 3088 πρὸ
2239 3017 2331 3070 τοῦ
2364 3018 2630 3089 ἰατρεύειν
2665 3015 2777 3090 εἶχε
2802 3019 2912 3091 (46)
2962 3022 3062 3092 τὴν
3094 3021 3187 3074 τοῦ
3241 3023 3512 3092 ἰατρεύειν
3561 3025 3695 3076 ἐπι-

2104 3109 2368 3179 στήμην.»
2403 3111 2512 3162 Καὶ
2540 3111 2701 3163 πάλιν
2729 3112 2910 3182 φησίν·
2975 3131 2993 3163 ι
3038 3113 3372 3184 Εὐεργετικῇ
3402 3114 3688 3184 φιλοτιμίᾳ.

2104 3199 2323 3270 ἐκτίσθη
2353 3200 2554 3265 ὁΥίὸς,
2604 3203 2698 3254 καὶ
2750 3203 3036 3275 περιουσίᾳ
3087 3203 3367 3274 δυνάμεως
3424 3205 3689 3276 ἐποίησεν

2101 3292 2262 3344 αὐτὸν
2284 3293 2312 3344 6
2337 3291 2542 3364 Πατήρ·
2586 3313 2603 3344 ι
2633 3296 2728 3348 καὶ
2753 3293 2934 3358 πάλιν,
2987 3315 3004 3346 ι
3040 3296 3104 3348 Εἰ
3135 3297 3196 3349 τὸ
3222 3295 3395 3349 θέλειν
3424 3297 3516 3352 τοῦ
3546 3297 3687 3352 Θεοῦ

2099 3383 2188 3436 διὰ
2218 3383 2433 3436 πάντων
2469 3385 2666 3456 ἐφεξῆς
2709 3386 2816 3440 τῶν
2873 3387 3192 3457 ποιημάτων
3240 3387 3545 3459 διελήλυθε,
3591 3391 3690 3462 δη-

2098 3473 2290 3539 λονότι,
2325 3475 2419 3528 καὶ
2448 3478 2476 3528 6
2505 3477 2650 3542 Υἱὸς,
2685 3479 2894 3550 ποίημα
2948 3479 3044 3543 ὢν,
3089 3479 3341 3551 βουλήσει
3369 3482 3563 3550 γέγονε
3592 3484 3690 3536 καὶ

2100 3567 2414 3640 πεποίηται.
2449 3586 2468 3618 ι
2507 3567 2691 3622 Ταῦτα
2733 3570 2790 3624 δὲ
2831 3571 3101 3642 Ἀστέριος
3143 3570 3348 3642 ἔγραψε
3414 3572 3530 3642 (47)
3582 3574 3686 3643 μό-

2098 3677 2205 3722 νος·
2231 3662 2280 3712 οί
2313 3661 2368 3714 δὲ
2397 3661 2524 3733 περὶ
2556 3661 2815 3718 Εὐσέϐιον
2869 3665 3129 3734 ἐφρόνουν
3153 3664 3303 3718 αὐτὰ
3365 3667 3520 3736 κοινῇ
3565 3668 3687 3737 μετ’

2099 3751 2278 3806 αὑτοῦ,

2167 3936 2257 3990 20.
2287 3935 2470 3990 Ταῦτά
2496 3939 2660 4000 ἐστιν,
2691 3940 2832 4010 ὑπὲρ
2854 3932 2927 3994 ὧν
2981 3943 3359 4010 ἀγωνίζονται,
3391 3943 3481 3997 διὰ
3513 3944 3689 4000 ταῦτα

2101 4027 2362 4099 μάχονται
2395 4030 2530 4101 πρὸς
2556 4031 2654 4101 τὴν
2683 4032 2915 4103 ἀρχαίαν
2940 4033 3173 4087 σύνοδον·
3206 4036 3288 4088 ὅτι
3323 4037 3398 4106 μὴ
3427 4036 3497 4089 τὰ
3520 4037 3688 4107 ὃμοια

2097 4121 2275 4175 αὐτῶν
2299 4122 2540 4195 ἔγραψαν
2569 4126 2618 4176 oi
2643 4125 2986 4192 συνελθόντες
3031 4129 3088 4181 ἐν
3118 4128 3280 4199 αὐτῇ,
3313 4128 3449 4182 ἀλλά
3478 4130 3683 4200 μᾶλλον

2097 4213 2492 4286 ἀνεθεμάτισαν
2517 4217 2614 4290 τὴν
2657 4218 2941 4290 Ἀρειανὴν
2992 4220 3222 4291 αἵρεσιν,
3251 4221 3315 4291 ἣν
3346 4223 3685 4288 ἐσπούδαζον

2095 4299 2242 4360 οὗτοι
2274 4309 2561 4380 συστῆσαι.
2585 4309 2684 4363 Διά
2709 4309 2868 4364 τοῦτο
2893 4312 2989 4364 καὶ
3019 4311 3292 4381 Ἀστέριον
3321 4315 3410 4367 τὸν
3437 4314 3687 4370 θύσαντα

2098 4399 2354 4471 σοφιστὴν
2376 4401 2525 4469 ὄντα,
2559 4403 2852 4474 συνήγορον
2898 4405 2996 4474 τῆς
3042 4403 3295 4468 ἀσεϐείας
3318 4406 3497 4459 αὐτῶν
3539 4409 3682 4477 (48),

2096 4491 2513 4562 προύϐάλλοντο,
2573 4493 2659 4546 ἵνα
2690 4493 2764 4564 μὴ
2794 4495 3041 4567 φείδηται
3077 4496 3214 4567 μήτε
3269 4495 3408 4550 κατά
3439 4497 3535 4551 τοῦ
3568 4501 3683 4552 Κυ-

415 4589 511 4635 aut
537 4596 567 4634 a
601 4579 782 4634 verbis
812 4589 1001 4634 contra
1035 4577 1350 4641 Dominum,
1373 4585 1468 4631 aut
1514 4592 1544 4631 2
1595 4577 1805 4633 callidis
1825 4593 1993 4648 argu-

2114 4581 2216 4634 niou
2243 4583 2593 4652 φθέγγεσθαι,
2629 4586 2765 4656 μήτε
2790 4586 2915 4650 τοὺς
2944 4587 3234 4659 ἀκεραίους
3287 4593 3350 4661 τῇ
3392 4592 3683 4647 πιθανολο-

413 4672 613 4729 mentis
643 4671 712 4726 ad
758 4671 1122 4741 simpliciores
1169 4670 1678 4727 circumveniendos
1712 4672 1988 4741 composi-

410 4766 505 4820 tis.
539 4763 741 4818 Verum
777 4763 1100 4833 ignorabant
1144 4762 1303 4818 inscii
1361 4762 1460 4828 illi,
1509 4763 1562 4818 id
1593 4773 1713 4818 Sese
1744 4763 1796 4816 in
1834 4779 1988 4818 suam

409 4869 572 4925 agere
603 4854 922 4925 perniciem.
960 4853 1122 4908 Fetor
1147 4856 1290 4908 enim
1338 4854 1591 4909 sacriﬁcii
1622 4854 1690 4908 ab
1724 4855 1990 4909 advocato

411 4962 516 5002 suo
545 4947 705 5002 idolis
739 4946 926 5012 oblati,
958 4946 1211 5001 haeresim
1240 4947 1413 5015 magis
1445 4947 1731 5018 magisque
1761 4946 1984 5003 Christo

328 5048 335 5056 '
408 5037 689 5093 inimicam
716 5038 1061 5110 coarguebat.
1095 5038 1302 5094 Idcirco
1331 5039 1631 5095 etiamnum
1658 5039 1843 5094 omnia
1873 5054 1986 5093 mo-

479 5195 502 5227 ‘
533 5193 649 5248 Joel
676 5209 732 5256 ιι,
764 5196 855 5249 25.

481 5355 592 5422 (44)
625 5351 717 5406 Sic
752 5353 882 5421 Reg.
913 5350 1072 5422 etita
1110 5350 1239 5420 legit
1282 5346 1528 5403 Nannius
1559 5349 1653 5418 qui
1684 5350 1864 5416 vertit,
1899 5351 1984 5403 in"

403 5426 658 5497 genitam.
694 5422 858 5497 E_diti,
889 5421 1172 5497 ἀγένητον.

481 5496 594 5562 (45)
625 5497 687 5547 Ai
713 5493 865 5549 deest
898 5489 950 5545 in
978 5489 1110 5562 Reg.

500 5558 588 5634 46)
623 5563 781 5634 Reg.,
808 5564 916 5634 πρξ)
945 5558 1535 5634 τῶνὊεραπευομένων
1561 5558 1694 5632 εἶχε.

499 5633 589 5704 47)
623 5633 756 5704 Reg.
794 5633 862 5688 et
880 5633 1068 5705 Basil.,
1115 5635 1342 5705 ἔγραφε.
1363 5633 1504 5700 Quae
1533 5641 1838 5705 sequuntur
1864 5646 1990 5702 por—

401 5702 496 5777 re,
524 5702 579 5760 oi
617 5705 674 5760 δὲ.
705 5702 834 5779 ἀτερι
876 5702 1329 5775 Εὐσέϐιον,“ειο.,
1366 5719 1397 5760 a
1440 5704 1871 5776 praecedentibus
1903 5718 1989 5760 se-

2097 4675 2193 4746 γίᾳ
2223 4675 2449 4744 πλανᾷν.
2479 4677 2588 4728 Καὶ
2642 4677 2915 4746 ἠγνόησαν
2947 4695 3012 4747 γε
3066 4681 3117 4732 οἰ
3169 4679 3419 4750 ἀμαθεῖς,
3445 4683 3526 4735 ὅτι
3556 4684 3681 4738 καθ’

2093 4766 2302 4818 ἑαυτῶν
2327 4765 2642 4837 εἰργάζοντο
2678 4766 2855 4822 τοῦτο.
2894 4769 2958 4822 Ἡ
2981 4768 3088 4841 γὰρ
3111 4770 3342 4825 δυσωδία
3375 4772 3474 4843 τῆς
3506 4776 3590 4838 εἰς
3611 4775 3684 4828 τὰ

2091 4857 2285 4912 εἴδωλα
2312 4859 2502 4922 θυσίας
2533 4857 2626 4912 τοῦ
2660 4861 2956 4930 συνηγόρου
3009 4860 3090 4914 ἐτι
3130 4862 3290 4916 πλέον
3321 4863 3420 4935 τὴν
3463 4866 3681 4937 αἵρεσιν

2090 4949 2454 5020 χριστομάχον
2485 4949 2740 5003 ἐδείκνυε.
2772 4951 2871 5004 Διά
2914 4952 3072 5006 τοῦτο
3124 4953 3219 5006 καὶ
3246 4953 3340 5008 νῦν
3369 4955 3548 5009 πάντα
3590 4976 3679 5010 κι-

2092 5039 2241 5094 νοῦσι
2270 5041 2363 5094 κα)⁴
2407 5040 2714 5111 θορυϐοῦσι,
2766 5042 3095 5114 νομίζοντες,
3146 5046 3229 5098 ὅτι
3272 5045 3376 5100 κᾶν
3419 5047 3678 5113 πλείονας

2081 5352 2352 5424 iungenda
2384 5372 2491 5412 non
2523 5364 2671 5420 sunt,
2719 5367 2778 5413 ut
2814 5360 2867 5414 in
2899 5360 3033 5416 edit.
3066 5360 3244 5416 Paris.
3277 5363 3412 5418 Nam
3449 5365 3502 5419 in
3532 5367 3668 5420 edit.

2085 5423 2299 5507 90mm.
2333 5435 2388 5507 e_t
2437 5430 2490 5507 in
2539 5445 2674 5507 mss.
2723 5441 3122 5507 consequenter
3173 5445 3496 5504 ponuntur;
3559 5453 3673 5507 quo

2087 5498 2405 5569 neminng
2435 5499 2680 5554 Nannius
2711 5498 2916 5569 posuit.

2159 5566 2459 5650 (48)“Reg.,
2490 5566 2735 5650 ἑαυτῶνᾷ
2751 5570 2913 5650 ﬁditi,
2941 5572 3145 5650 αὐτῶν.
3173 5572 3298 5630 Mox
3327 5575 3471 5632 idem
3506 5574 3672 5650 Reg.,

2093 5633 2166 5707 μὴ
2197 5633 2465 5708 φείδητᾶι,
2490 5648 2658 5697 recte.
2697 5639 2859 5710 Editi,
2999 5643 3236 5716 φείδητε.
