3822 6226
123 323 229 379 ’11⁵1

1508 316 1598 370 DE
1639 314 1958 371 SYNODIS.

3261 319 3372 381 718

120 434 509 501 ἀποκτείνωσι,
566 433 660 488 καὶ
710 433 960 497 συνόδους
1013 434 1154 486 κατὰ
1205 434 1348 504 μῆνα
1399 437 1701 505 συγκροτή-

1823 463 1930 507 rent
1961 460 2016 508 et
2054 452 2294 514 turbant,
2326 451 2454 517 rati,
2481 451 2526 504 si
2549 448 2980 519 quamplurimos
3013 449 3283 520 occidant,
3314 462 3372 509 et

123 543 260 580 σωσι
291 525 430 598 (49),
471 525 737 580 παύσεταί
764 541 895 578 ποτε
937 527 971 596 ἡ
1005 526 1148 578 κατὰ
1169 526 1269 596 τῆς
1307 525 1587 596 Ἀρειανῆς
1617 527 1702 577 αἱ-

125 619 331 689 ρέσεως
355 618 648 687 ἀπόφασις.
693 617 932 670 Ἑοίκασι
970 617 1030 670 δὲ
1059 617 1220 670 πάλιν
1243 618 1478 685 ἀγνοεῖν,
1506 617 1538 686 ἢ
1561 616 1699 668 εἰδέ-

121 726 208 763 ναι
235 710 356 780 μὲν,
385 709 910 780 ἀποπροσποιεῖσθαι
937 708 1015 774 δὲ,
1050 711 1133 764 ὄτι
1175 711 1269 764 καὶ
1318 710 1423 782 πρὸ
1451 711 1549 780 τῆς
1602 709 1702 762 Νι-

122 801 284 862 καίας
313 801 348 870 ἡ
382 800 592 870 αἵρεσις
621 796 689 870 ἦν
735 799 1018 873 βδελυκτὴ,
1053 802 1140 854 ὅτε
1188 799 1390 872 ταύτην
1434 799 1701 871 Ἀρτεμᾶς

121 890 507 953 κατεϐάλλετο,
536 894 628 945 καὶ
661 893 766 962 πρὸ
797 893 962 946 αὐτοῦ
1012 893 1075 946 τὸ
1117 891 1211 945 τοῦ
1241 891 1485 961 Καῖάφα,
1518 892 1612 944 καὶ
1639 890 1701 943 τὸ

121 981 228 1033 τῶν
258 982 386 1034 τότε
411 984 720 1054 Φαρισαίων
742 985 1036 1057 συνέδριον.
1064 987 1176 1040 Καὶ
1204 987 1290 1039 ἀεὶ
1317 986 1374 1038 δὲ
1399 987 1461 1039 τὸ
1484 1003 1700 1057 χριστο-

126 1072 298 1140 μάχον
321 1073 681 1143 ἐργαστήριον
723 1073 1005 1143 βδελυκτόν
1034 1079 1170 1142 ἐστι,
1219 1078 1312 1130 καὶ
1348 1079 1408 1131 οὐ
1436 1078 1701 1132 παύσεται

122 1159 211 1212 τοῦ
239 1157 380 1214 εἶναι
409 1162 652 1231 μισητὸν,
678 1164 941 1234 ἐρασμίου
973 1163 1124 1228 ὄντος
1155 1164 1248 1218 τοῦ
1276 1163 1553 1238 Κυριακοῦ
1595 1165 1705 1218 ὀνό-

127 1268 316 1319 ματος,
351 1253 445 1306 καὶ
489 1254 847 1325 καμπτούσης
876 1255 1057 1326 πάσης
1087 1257 1183 1328 τῆς
1220 1257 1451 1321 κτίσεως
1501 1256 1570 1310 τὰ
1610 1257 1702 1326 γό-

124 1359 280 1404 νατα,
345 1342 441 1394 καὶ
473 1342 990 1417 ἐξομολογουμένης,
1050 1365 1068 1396 ι
1098 1347 1179 1400 ὅτι
1230 1346 1434 1418 Κύριος
1496 1345 1702 1418 Ἰησοῦς

123 1434 360 1505 Χριστὸς
389 1435 468 1499 εἰς
495 1435 652 1502 δόξαν
680 1436 813 1491 Θεοῦ
840 1439 1101 1510 Πατρός.ι

193 1619 283 1674 21.
312 1620 462 1692 Πλὴν
482 1622 564 1674 ὅτι
598 1621 844 1685 συνόδους
898 1625 1141 1693 συνεχεῖς
1166 1623 1306 1677 κατὰ
1331 1624 1430 1694 τῆς
1459 1626 1704 1698 οἰκουμε-

1803 545 2030 614 singulis
2063 543 2342 597 mensibus
2373 542 2610 614 synodos
2637 550 2960 608 convocem,
2990 543 3074 597 vel
3098 558 3224 598 sero
3248 553 3370 599 tan-

1801 636 1922 690 dem
1950 637 2112 689 latam
2131 643 2317 688 contra
2343 633 2574 687 Arianos
2604 635 2928 687 sententiam
2973 634 3368 692 obliterandam

1801 742 1942 782 esse.
1979 726 2240 782 Videntur
2267 727 2429 780 etiam
2465 724 2697 789 nescire,
2725 733 2820 778 aut
2843 726 2984 780 scire
3003 727 3244 796 quidem,
3274 728 3370 783 sed

1803 817 2060 871 simulare
2090 816 2246 886 quasi
2286 815 2552 882 nesciant,
2580 815 2745 868 etiam
2779 825 2904 869 ante
2955 815 3230 872 Nicamam
3278 834 3369 889 sy-

1804 911 2006 965 nodum
2037 909 2282 964 haeresim
2333 908 2490 963 istam
2535 907 2954 962 ahominahilem
2992 909 3208 978 fuisse;
3259 929 3372 983 quo

1806 1010 2046 1070 tempore
2070 1000 2322 1056 Artemas
2350 1001 2468 1072 ejus
2491 1000 2847 1056 fundamenta
2872 1001 3078 1070 jaceret
3109 1003 3220 1074 (50)
3256 1022 3271 1071 ;
3318 1013 3376 1059 et

1803 1103 1930 1149 ante
1959 1095 2131 1159 illum,
2159 1093 2381 1163 Caiphae
2415 1102 2468 1149 et
2494 1093 2894 1148 Pharisaeorum
2930 1093 3076 1148 illius
3111 1097 3373 1164 temporis

1803 1201 2117 1241 consessus.
2168 1185 2281 1240 lmo
2353 1201 2568 1255 semper
2613 1186 2818 1240 Christi
2869 1186 3110 1239 hostium
3159 1187 3375 1242 ollicina

1802 1280 2150 1334 exsecrabilis
2181 1289 2285 1344 est,
2323 1293 2424 1333 nec
2455 1293 2695 1348 unquam
2751 1278 2989 1333 cessabit
3009 1293 3128 1334 esse
3160 1279 3374 1336 odiosa.

1803 1372 1950 1442 quod
1972 1371 2308 1426 Dominicum
2340 1387 2538 1426 nomen
2565 1371 3100 1428 sitamabilissimum
3119 1381 3172 1426 et
3198 1373 3378 1427 omnis

1803 1473 2054 1518 creatura
2089 1478 2261 1533 genua
2289 1462 2490 1526 ﬂectat,
2513 1471 2566 1516 et
2597 1464 2940 1529 conﬁteatur,
2987 1482 3005 1514 ‹
3037 1465 3165 1532 quia
3189 1463 3376 1518 Domi-

1803 1563 1909 1608 nus
1931 1553 2090 1609 Jesus
2125 1552 2376 1608 Christus
2406 1553 2461 1607 in
2481 1553 2652 1623 gloria
2688 1563 2773 1609 est
2796 1553 2891 1608 Dei
2912 1552 3109 1608 Patris.
3141 1573 3161 1606 ι

1874 1646 1964 1702 21.
2019 1645 2289 1701 Cancrum
2336 1645 2414 1699 illi
2459 1645 2770 1715 frequentes
2829 1645 3066 1716 synodos
3115 1645 3378 1700 adversus

121 1715 281 1784 νικῆς
321 1713 601 1777 ποιοῦντες
639 1714 848 1767 οὐδέπω
900 1717 1231 1786 κεκμήκασι.
1279 1718 1434 1771 Μετὰ
1457 1719 1564 1793 γὰρ
1604 1722 1704 1792 τὴν

1823 1740 2110 1794 miversale
2142 1737 2274 1792 illud
2299 1713 2589 1792 concilium
2614 1713 2948 1793 celebrantes
2979 1753 3254 1807 nunquam
3289 1735 3378 1791 fa-

122 1809 180 1862 ὲν
207 1807 419 1877 Νικαίᾳ
469 1806 683 1860 σύνοδον
721 1808 929 1879 οἱπερὶ
982 1809 1242 1864 Εὐσέϐιον
1297 1812 1695 1884 κατῃρέθησαν·

121 1898 261 1952 ἀλλὰ
294 1898 432 1970 μετὰ
486 1900 676 1970 χρόνον
725 1900 1010 1964 ἐπιϐάντες
1043 1901 1155 1972 (51)
1201 1903 1566 1974 ἀναισχύντως
1586 1909 1705 1970 ταῖς

135 1989 486 2061 Ἐκκλησίαις
511 1990 738 2062 ῆρξαντο
783 1997 895 2057 τοῖς
944 1994 1042 2064 μὲν
1109 1995 1478 2064 ἀντιλέγουσιν
1523 1998 1707 2062 αὐτοῖς

123 2082 449 2145 ἐπισκόποις
469 2083 870 2163 Δἐπιϐουλεύειν,
929 2086 1050 2138 ἀντὶ
1102 2087 1160 2140 δὲ
1202 2087 1408 2142 τούτων
1452 2091 1579 2153 τοὺς
1607 2091 1707 2161 τῆς

125 2174 392 2244 αἱρέσεως
417 2173 596 2227 αὐτῶν
629 2173 740 2243 (52)
775 2175 1118 2230 καθιστάνειν
1134 2179 1212 2240 εἰς
1244 2177 1342 2238 τὰς
1357 2179 1697 2251 Ἐκκλησίας·

126 2266 194 2318 ἵν’
225 2266 317 2318 ὅτε
354 2265 632 2335 βούλονται
665 2267 931 2338 ποιήσωσι
995 2267 1096 2332 τὰς
1158 2269 1441 2337 συνόδους,
1492 2271 1704 2342 ἔχοντες

123 2360 253 2421 τοὺς
274 2358 662 2430 συντρέχοντας
683 2359 886 2426 αὐτοῖς,
916 2360 1008 2424 οὒς
1028 2360 1276 2433 ἐπίτηδες
1297 2363 1377 2426 εἰς
1400 2363 1531 2416 αὐτὸ
1553 2362 1708 2416 τοῦτο

126 2448 594 2518 προεχειρίσαντο.
652 2449 1009 2520 Συνέρχονται
1073 2450 1250 2504 τοίνυν
1314 2452 1372 2505 ὲν
1439 2452 1707 2524 Ἰερουσα-

123 2541 240 2611 λὴμ
266 2541 400 2611 (55),
430 2540 521 2593 καὶ
551 2540 820 2611 γράφουσι
850 2541 1038 2595 ταῦτα.

138 2675 202 2730 Ἠ
226 2677 366 2745 ἁγία
390 2675 672 2742 σύνοδος,
693 2676 730 2742 ἠ
763 2677 830 2730 ἐν
877 2677 1303 2746 Ἰεροσολύμοις
1346 2678 1494 2732 Θεοῦ
1513 2678 1708 2746 χάριτι

197 2747 612 2817 συναχθεῖσα,
659 2745 733 2814 τῇ
789 2747 1130 2817 ΔἘκκλησία
1168 2745 1282 2804 rei")
1333 2748 1480 2802 Θεοῦ
1515 2745 1598 2817 ίτῇ
1640 2749 1709 2802 ἐν

211 2765 612 2814 γυναθυείσα,
659 2765 731 2814 τῃ
807 2765 1130 2814 numnam.
1175 2766 1282 2804 του
1333 2765 1480 2802 σεου
1525 2766 1597 2817 τῃ
1640 2765 1709 2802 εν

211 2765 656 2884 Ἀλεὲανδρείᾳ,
705 2815 803 2869 καὶ
843 2817 968 2881 τοῖς
1015 2817 1124 2886 (54)
1159 2818 1308 2872 κατὰ
1347 2818 1554 2872 πᾶσαν
1594 2819 1709 2887 τὴν

199 2887 529 2957 Αἴγυπτον,
562 2887 659 2940 καὶ
689 2887 968 2957 Θηϐαΐδα,
995 2888 1092 2957 καί
1139 2890 1384 2955 Λιϐύην,
1431 2889 1528 2942 καὶ
1557 2893 1707 2942 Πεν-

200 2958 483 3019 τάπολιν,
531 2957 630 3010 καὶ
689 2957 812 3020 τοῖς
836 2956 985 3009 κατὰ
1035 2956 1149 3024 τὴν
1191 2959 1548 3026 οἰκουμένην
1582 2959 1709 3012 ἐπι-

199 3030 458 3092 σκόποις
481 3027 578 3080 καί
623 3026 1066 3096 πρεσϐυτέροις,
1119 3028 1217 3081 καὶ
1271 3029 1591 3094 διακόνοις,
1639 3030 1710 3083 ἐν

199 3101 402 3166 Κυρίῳ
430 3099 681 3167 χαίρειν.

199 3214 345 3265 Ilia
376 3211 478 3281 μὲν
513 3213 645 3281 ἡμῖν
675 3213 790 3274 τοῖς
823 3211 916 3264 ἐπὶ
965 3210 1026 3264 τὸ
1085 3212 1215 3264 αὐτὸ
1263 3209 1602 3264 συνελθοῦσιν
1655 3209 1717 3274 ἐξ

122 3305 408 3377 ἐπαρχιῶν
427 3304 695 3374 διαφόρων
715 3303 850 3374 πρὸς
876 3305 940 3374 τῇ
962 3303 1172 3372 μεγάλῃ
1199 3303 1598 3374 πανηγύρει,ἥν
1625 3303 1716 3356 ἐπὶ

121 3402 196 3470 τῇ
228 3395 530 3468 ἁφιερώσει
582 3395 674 3449 τοῦ
700 3395 965 3468 σωτηρίου
1000 3395 1316 3467 Μαρτυρίου
1339 3437 1353 3460 ,
1390 3396 1590 3466 σπουδῇ
1623 3394 1714 3449 τοῦ

124 3490 549 3579 θεοφιλεστάτρυ
584 3489 846 3559 βασιλέως
879 3488 1286 3542 Κωνσταντίνου
1313 3489 1444 3560 (56),
1469 3489 1546 3560 τῷ
1577 3489 1715 3543 πάν-

123 3605 240 3640 των
290 3584 504 3655 βασιλεῖ
559 3582 678 3652 Θεῷ
731 3583 824 3634 καὶ
880 3580 957 3651 τῷ
1030 3581 1250 3651 Χριστῷ
1319 3579 1481 3634 αὐτοῦ
1551 3599 1718 3634 κατα-

129 3677 526 3738 σκευασθέντος
559 3674 978 3744 ὲπετελέσαμεν,
1010 3673 1230 3727 πλείονα
1275 3673 1535 3742 θυμηδίαν
1564 3675 1596 3743 ἡ
1623 3671 1714 3726 τοῦ

127 3770 373 3843 Χριστοῦ
406 3770 562 3839 χάρις
590 3768 699 3839 (57)
725 3766 1018 3836 παρέσχεν,
1067 3767 1132 3836 ἢν
1177 3766 1431 3836 ἐποίησεν
1476 3765 1636 3829 αὐτός
1655 3784 1715 3819 τε

127 3867 160 3916 ὁ
193 3861 609 3934 θεοφιλέστατος
644 3858 897 3929 βασιλεὺς
944 3858 1032 3912 διὰ
1089 3856 1432 3929 γραμμάτων
1481 3858 1715 3921 οἰκείων,

128 3955 280 4009 τοῦθ’
312 3956 450 4024 ὅπερ
497 3954 661 4024 ἐχρῆν
694 3953 1074 4023 παρορμήσας
1136 3951 1313 4004 πάντα
1343 3950 1440 4020 μὲν
1466 3949 1717 4020 ἐξορίσας

125 4050 229 4118 τῆς
268 4046 598 4117 Ἐκκλησίας
642 4045 736 4098 τοῦ
759 4043 891 4097 Θεοῦ
927 4043 1138 4112 φθόνον,
1177 4043 1270 4096 κοι)⁵
1296 4045 1473 4095 πᾶσαν
1504 4044 1718 4115 μακρὰν

128 4141 419 4202 ἀπελάσας
451 4139 777 4210 βασκανίαν,
823 4137 888 4190 δι’
920 4131 989 4207 ἦς
1041 4135 1108 4189 τὰ
1161 4134 1252 4188 τοῦ
1294 4132 1531 4206 Χριστοῦ
1582 4135 1716 4206 μέλη

127 4233 309 4288 πάλαι
341 4231 602 4302 πρότερον
619 4230 932 4300 διειστήκει·
951 4227 1247 4300 ἡπλωμένῃ
1267 4226 1322 4279 δὲ
1349 4227 1441 4279 καὶ
1471 4227 1721 4298 εἰρηναῖα

127 4327 283 4396 ψυχῇ
338 4322 590 4388 δέξασθαι
638 4322 764 4384 τοὺς
816 4321 944 4391 περὶ
977 4322 1214 4390 Ἀρειον,
1262 4318 1354 4382 οὓς
1417 4319 1554 4390 πρός
1600 4337 1720 4372 τινα

1809 1831 2030 1886 tiscunt.
2057 1829 2192 1885 Nam
2225 1830 2442 1885 tametsi
2490 1838 2613 1899 post
2645 1827 2918 1884 Nicmnam
2969 1829 3237 1897 synodum
3269 1827 3378 1881 Eu-

1809 1919 2264 1990 sebianidepositi
2286 1928 2434 1984 sunt,
2468 1929 2658 1989 postea
2691 1927 2869 1973 tamen
2906 1917 3244 1987 impudenter
3276 1914 3379 1969 Ec-

1809 2013 2004 2069 clesias
2057 2013 2398 2079 invadentes,
2456 2019 2741 2080 coeperunt
2786 2009 3058 2080 episcOpis
3087 2010 3193 2064 sibi
3217 2023 3380 2077 repu-

1809 2107 2099 2178 gnantibus
2125 2106 2394 2172 insidiari,
2453 2105 2756 2175 horumque
2803 2105 2921 2159 vice
2975 2103 3201 2159 bteresis
3267 2118 3381 2161 sua:

1809 2198 2060 2253 homines
2095 2199 2152 2251 in
2179 2195 2452 2252 Ecclesias
2483 2196 2838 2259 constituere,
2874 2201 2935 2248 ut
2972 2193 3240 2248 arbitratu
3276 2207 3378 2247 suo

1811 2291 2049 2362 synodos
2081 2298 2304 2361 cogant,
2332 2289 2462 2359 quia
2516 2289 2724 2345 scilicet
2754 2288 3036 2358 episcopos
3057 2287 3259 2341 habent
3286 2284 3383 2354 qui

1810 2392 1997 2433 secum
2023 2385 2353 2432 concurrant
2384 2397 2398 2431 :
2428 2393 2568 2446 quos
2597 2377 2664 2432 de
2683 2377 2972 2442 industria,
2997 2391 3060 2431 ea
3095 2376 3163 2431 de
3190 2391 3380 2438 causa,

1808 2469 1963 2540 prius
1992 2468 2333 2523 ordinarant.
2370 2468 2582 2524 Coeunt
2625 2469 2792 2538 igitur
2820 2466 3176 2540 Jerosolymis
3215 2476 3383 2537 atque

1811 2558 2127 2629 huiusmodi
2151 2559 2361 2613 litteras
2383 2558 2600 2613 dedere.

1813 2693 2013 2749 Sancta
2033 2693 2285 2762 synodus,
2314 2692 2696 2761 Hierosolymis
2743 2708 2835 2761 per
2865 2691 2960 2745 Dei
2995 2693 3223 2762 gratiam
3255 2709 3383 2746 con-

1883 2773 2119 2834 gregata,
2157 2762 2408 2816 Ecclesia:
2437 2763 2531 2834 Dei
2565 2779 2683 2832 qua:
2709 2762 3191 2834 estgAlexandriw,
3224 2773 3274 2834 et
3315 2765 3384 2816 iis

1882 2831 1998 2904 que
2017 2849 2244 2904 suntper
2271 2843 2432 2904 totam
2446 2831 2760 2902 zEgyptum,
2796 2831 3131 2891 Thebaidem,
3162 2832 3388 2902 Libyam

1885 2902 1932 2957 et
1967 2902 2321 2973 Pentapolim.
2365 2902 2501 2956 Item
2531 2904 2809 2972 episcopis,
2846 2904 3157 2972 presbyteris
3185 2913 3232 2956 et
3263 2904 3387 2956 dia-

1884 2978 2029 3028 conis
2059 2990 2149 3042 per
2185 2984 2352 3028 totum
2377 2974 2575 3037 orbem,
2618 2976 2675 3026 in
2702 2973 2926 3027 Domino
2953 2974 3178 3027 salutem
3213 2973 3346 3044 (55).

1887 3224 2056 3280 Nobis
2079 3225 2337 3280 omnibus
2370 3240 2540 3280 unum
2579 3225 2635 3279 in
2690 3225 2870 3280 locum
2906 3241 2972 3280 ex
3005 3225 3236 3280 diversis
3257 3239 3389 3292 pro-

1819 3317 2034 3380 vinciis,
2091 3316 2156 3370 ad
2229 3332 2480 3387 magnam
2541 3316 2943 3370 solemnitatem
3003 3316 3388 3386 congregatis,

1818 3423 1983 3476 quam
2010 3407 2406 3462 celebravimus
2441 3407 2496 3460 in
2547 3405 2897 3461 Dedicatione
2920 3405 3164 3476 Martyrii
3197 3406 3391 3460 Salva-

1821 3499 1975 3563 toris,
2002 3512 2032 3550 a
2063 3497 2478 3568 religiosissime
2513 3497 2838 3567 imperatore
2891 3497 3273 3565 Constantino,
3331 3498 3390 3552 in

1819 3589 2081 3643 honorem
2111 3586 2356 3641 omnium
2409 3588 2756 3656 imperatoris
2791 3586 2888 3642 Dei
2949 3595 3004 3642 et
3038 3586 3246 3643 Christi
3268 3587 3391 3658 ejus

1819 3679 2080 3744 excitati,
2117 3679 2388 3749 ingentem
2412 3679 2583 3732 animi
2626 3679 2960 3748 voluptatem
2992 3679 3192 3734 Christi
3216 3680 3391 3748 gratia

1821 3771 2020 3837 attulit,
2060 3786 2222 3840 quam
2281 3769 2440 3824 nobis
2509 3769 2624 3840 ipse
2680 3784 2896 3838 quoque
2945 3769 3393 3840 religiosissimus

1819 3865 2116 3934 imperator
2135 3878 2229 3932 per
2257 3861 2506 3932 proprias
2523 3860 2671 3916 dedit
2696 3862 2925 3926 litteras,
2945 3877 3047 3916 nos
3071 3860 3136 3914 ad
3154 3861 3393 3916 olliciun.

1821 3956 2070 4010 hortatus
2099 3973 2112 4008 :
2143 3969 2267 4008 cum
2303 3968 2520 4007 omnem
2581 3951 2840 4007 invidiam
2901 3952 2970 4006 ab
3025 3951 3265 4006 Ecclesia
3299 3951 3392 4006 Dei

1819 4048 2090 4117 eiecisset,
2147 4055 2203 4100 et
2243 4061 2407 4100 omne
2456 4045 2641 4099 odium
2685 4043 2872 4114 procul
2931 4042 3221 4113 abegisset,
3283 4059 3393 4112 quo

1819 4140 2024 4196 Christi
2067 4140 2309 4194 membra
2335 4138 2448 4208 jam
2488 4138 2696 4207 pridem
2727 4135 3110 4204 dissidebant;
3151 4142 3210 4190 ut
3262 4136 3394 4190 sim-

1820 4229 1946 4299 plici
1975 4239 2029 4283 et
2056 4228 2284 4298 paciﬁca
2336 4227 2520 4282 animo
2574 4227 2766 4280 Arium
2808 4219 2931 4281 cuin
2975 4227 3091 4281 suis
3123 4226 3393 4295 recipere-

1821 4337 1977 4387 mus;
2027 4321 2265 4391 quos'ad
2301 4319 2521 4389 aliquod
2551 4318 2817 4388 temporis
2869 4318 3106 4388 spatium
3135 4319 3286 4373 omni
3315 4317 3394 4371 in-

129 4417 334 4487 καιρὸν
359 4418 388 4469 ὁ
418 4414 705 4485 μισόκαλος
733 4413 926 4482 φθόνος
953 4412 1056 4477 ἔξω
1080 4410 1331 4481 γενέσθαι
1356 4411 1456 4480 τῆς
1495 4411 1707 4483 Ἐκκλη-

1823 4413 1962 4469 festa
1987 4413 2133 4468 bono
2154 4412 2358 4466 invidia
2419 4420 2573 4466 extra
2621 4410 2923 4466 Ecclesiam
2979 4410 3230 4465 detinuit.
3285 4409 3394 4464 Imo

131 4512 263 4572 σίας
296 4507 608 4579 εἰργάσατο.
647 4505 973 4577 Ἐμαρτύρει
1009 4504 1064 4557 δὲ
1094 4506 1207 4566 τοῖς
1261 4502 1516 4575 ἀνδράσιν
1545 4505 1574 4556 ό
1598 4503 1715 4556 θεο-

132 4601 462 4672 φιλέστατος
486 4597 740 4669 βασιλεὺς.
768 4597 853 4650 διὰ
881 4597 979 4666 τῆς
1001 4594 1287 4664 ἐπιπολῆς
1313 4593 1546 4656 πίστεως
1568 4592 1722 4664 ὀρθο-

131 4694 358 4764 τομίαν,
387 4692 454 4762 ἣν
478 4693 608 4763 παρ’
638 4688 816 4743 αὐτῶν
854 4687 1178 4758 πυθόμενος,
1206 4687 1366 4749 αὐτός
1401 4703 1460 4738 τε
1493 4686 1558 4738 δι’
1591 4686 1720 4738 ἑαυ-

130 4787 232 4843 τοῦ
275 4783 428 4856 παρὰ
464 4782 644 4854 ζώσης
695 4781 877 4851 φωνῆς
906 4781 1082 4834 αὐτῶν
1120 4779 1358 4841 ἀκούσας
1407 4777 1718 4844 ἀπεδέξατο,

130 4882 274 4952 ἡμῖν
310 4895 371 4930 τε
398 4875 635 4947 φανερὰν
665 4876 1050 4945 κατεστήσατο,
1093 4869 1364 4934 ὑποτάξας
1388 4873 1499 4934 τοῖς
1528 4868 1720 4924 ἑαυτοῦ

214 5083 331 5155 (49)
367 5081 522 5155 Reg.,
548 5081 985 5155 συγκροτήσουσι

353 5143 601 5224 Artemas
629 5143 1038 5224 seuArtemon,
1067 5147 1345 5224 Christum
1378 5159 1588 5224 merum
1619 5143 1722 5197 ho-

134 5215 349 5282 minem
381 5222 625 5292 putabat.
658 5219 795 5276 Vide
832 5219 1034 5276 Euseb.
1071 5217 1276 5270 Hister.
1309 5215 1495 5270 eccles.
1523 5215 1616 5268 lib.
1645 5230 1720 5278 vr,

177 5312 266 5350 a2.
311 5293 432 5347 I95.

136 5312 435 5430 pafétﬁié
466 5361 596 5430 Reg.
631 5368 685 5416 et
707 5359 870 5414 Basil.
902 5359 1046 5414 Editi
1077 5359 1217 5430 male
1241 5356 1543 5418 ὲπίσαντες.

237 5367 300 5421 51
359 5364 435 5417 Ita
466 5364 596 5430 Reg.
631 5368 685 5416 et
707 5364 870 5414 Basil.
903 5364 1046 5414 Editi
1077 5364 1198 5412 male

235 5364 334 5505 52)
357 5432 516 5505 ἷξες..
547 5429 974 5505 έαυτῷνᾏΕὰἱῑί,
1001 5428 1198 5505 αὐτῶντ

214 5496 336 5576 (55)
369 5496 526 5583 Begu
563 5496 1432 5583 év_:tﬁ"lspouqa7tfltt._Epistula
1476 5509 1726 5583 yero-se-

139 5565 331 5649 quens
377 5565 794 5640 habeturtitEm
841 5565 896 5625 in
948 5565 1208 5640 Apologia
1241 5565 1437 5622 contra
1469 5565 1723 5629 Arianos,

1824 4502 1940 4572 ipse
1965 4501 2410 4570 religiosissimus
2461 4501 2756 4568 imperator
2793 4513 2888 4568 per
2925 4498 3208 4568 epistolam
3239 4513 3396 4552 suam

1823 4593 2138 4662 hujusmodi
2167 4593 2407 4646 virorum
2435 4600 2640 4644 rectam
2677 4604 2800 4644 esse
2830 4589 2990 4643 tidem
3015 4596 3248 4643 testatus
3268 4598 3351 4642 est
3380 4605 3395 4641 :

1821 4697 1988 4752 quam
2018 4683 2134 4751 ipse
2155 4681 2355 4734 abillis
2401 4680 2730 4742 sciscitatus,
2776 4679 2896 4732 viva
2931 4693 3064 4733 voce
3113 4678 3395 4747 loquentes

1823 4789 1946 4828 cum
1981 4772 2246 4836 audisset,
2275 4787 2306 4825 a
2337 4786 2397 4826 se
2419 4771 2774 4840 approbatam
2797 4770 2955 4825 nobis
2985 4770 3268 4836 indicavit,
3305 4771 3395 4824 lit-

1826 4866 2063 4936 terisque
2091 4864 2207 4919 suis
2251 4878 2442 4918 sanam
2473 4863 2713 4917 virorum
2770 4861 2895 4916 ﬁdei
2940 4860 3229 4916 formulam
3277 4863 3380 4916 sub

1827 5071 2079 5123 Arianos.
2109 5066 2252 5121 Infra
2277 5065 2409 5135 Reg.
2437 5075 2490 5121 et
2509 5066 2696 5131 Basil.,
2722 5064 3066 5134 οἰκουμένην.
3092 5062 3233 5117 Editi
3260 5063 3394 5116 male

1823 5142 1971 5194 οἰκου
2047 5139 2221 5204 νικήν.

1900 5157 2117 5278 (55ῗιιιι
2153 5207 2354 5279 Regius
2391 5205 2578 5279 probe.
2603 5202 3177 5279 _Editi,‘Ktovcrravrlou
3207 5217 3389 5279 perpe-
3437 5252 3441 5255 _

1825 5274 1964 5334 ram.
1995 5274 2049 5332 In
2089 5274 2258 5333 Basil:
2281 5274 2409 5332 vero
2448 5277 2521 5330 ita
2566 5276 2939 5330 abbreviatum
2972 5283 3056 5328 est
3078 5285 3138 5326 ut
3162 5274 3395 5333 nescias,

1825 5349 2234 5426 ᾕωνσταντίνου
2266 5363 2335 5401 an
2374 5346 2752 5426 Κωνσταντίου
2787 5344 3196 5426 sit‘legendum.
3258 5341 3397 5396 Infra

1827 5419 2050 5504 Regius,
2077 5419 2610 5480 κατασκευασθέντος
2652 5424 2817 5471 recte.
2847 5413 3032 5486 .Editi,
3061 5429 3384 5468 κατασκευα-

1829 5491 2221 5630 σθῗέἒῗςὲυρνο
2253 5576 2306 5629 p.
2338 5558 2461 5626 157,
2503 5557 2768 5630 legitur?)
2797 5555 2890 5630 τοῦ
2937 5554 3073 5609 Θεοῦ
3116 5553 3274 5630 χάρις
3317 5552 3391 5604 ὲν-

1829 5625 2101 5700 εποίησεν,
2126 5625 2293 5694 αὑτός
2319 5647 2401 5694 τε,
2439 5625 2531 5685 Sed
2564 5625 2668 5700 hic
2707 5625 2938 5684 lucidior
2971 5634 3054 5682 est
3085 5625 3399 5695 ple’niorqrze

218 5699 347 5786 (ει)
375 5714 535 5785 Reg.,
567 5713 660 5768 καί.
692 5714 811 5786 ταῖς
855 5725 966 5786 ηριι
1015 5709 1178 5763 male.
1213 5707 1465 5786 Editi‘et
1489 5705 1602 5766 alii,
1631 5705 1707 5757 κα¹

1832 5699 2118 5786 sententia,
2147 5709 2206 5782 ut
2225 5716 2388 5755 nemo
2415 5699 2715 5786 nonjidet.

140 5768 490 5853 mittit;
522 5768 692 5841 habet
722 5768 839 5852 ipse
879 5780 1012 5852 Reg.
1050 5793 1210 5849 supra
1247 5777 1502 5848 Apologia
1542 5768 1749 5830 contra

1903 5771 2016 5842 (57)
2049 5769 2265 5842 Scripta
2291 5787 2436 5828 anno
2461 5769 2583 5827 555.
