3822 6226
412 298 515 352 707

975 288 1037 350 ε.
1071 288 1445 346 ATHANASH
1478 287 1631 344 OPP.
1673 283 1854 341 PARS
1892 284 1932 339 l.
1974 312 2044 323 ——
2081 277 2455 336 HISTOBICA
2493 274 2582 332 ΕΤ
2623 271 3050 331 DOGMATICA.

3570 268 3679 322 703

413 417 572 471 initio
586 423 691 480 est,
714 413 912 468 Filium
935 411 1120 482 posuit
1138 410 1355 464 initium
1377 418 1779 469 creaturarum,
1810 407 1982 459 hunc-

2104 416 2271 454 πτασιν
2331 398 2621 467 ἰδιότητοςθ
2679 394 2803 448 οὑδὲ
2857 391 2966 464 γάρ
2992 393 3140 446 ἔστιν
3199 388 3313 452 ίσος
3336 430 3350 454 ,
3396 387 3514 441 ἀλλ’
3551 389 3681 442 οὑδὶ

413 524 521 579 que
548 508 672 562 tulit
693 521 757 560 ac
785 503 888 559 sibi
920 504 972 557 in
1002 501 1198 556 Filium
1229 500 1544 570 adoptavit,
1574 498 1666 568 qui
1699 497 1834 552 nihil
1880 495 1989 550 Deo

414 599 695 670 proprium
728 597 887 650 habet
914 594 1219 649 secundum
1272 592 1549 662 propriam
1597 588 1986 654 substantiam,

415 707 523 746 non
557 701 642 745 est
671 689 817 743 enim
847 685 1075 755 aequalis
1110 693 1205 738 aut
1237 681 1725 738 consubstantialis
1758 681 1856 734 illi.
1890 679 1987 734 Sa-

414 783 569 854 piens
603 797 730 835 vero
758 788 843 835 est
873 778 1038 845 Deus,
1070 777 1200 846 quia
1234 776 1519 845 sapientiae
1561 773 1825 843 magister
1872 772 1990 841 ipse

413 884 517 931 est.
547 874 781 929 Evidens
809 888 1026 943 quoque
1050 888 1137 926 res
1164 879 1273 936 est,
1299 869 1471 923 Deum
1505 867 1836 922 invisibilem
1866 881 1989 920 esse

413 967 672 1022 omnibus
699 981 820 1036 qum.
843 980 938 1034 per
967 962 1165 1017 Filium
1196 971 1343 1027 sunt,
1377 961 1593 1031 ipsique
1618 958 1760 1013 Filio
1790 958 1987 1012 invisi—

412 1056 576 1112 bilem
611 1070 752 1110 esse.
788 1054 999 1108 Diserte
1032 1062 1212 1106 autem
1243 1051 1420 1105 dicam
1457 1064 1567 1118 quo
1599 1049 1763 1103 modo
1799 1062 1829 1101 a
1850 1046 1989 1101 Filio

412 1147 667 1202 videatur
697 1147 788 1215 qui
818 1155 903 1199 est
933 1143 1257 1197 invisibilis:
1283 1141 1403 1207 Qua
1432 1141 1479 1194 vi
1515 1136 1871 1196 Deus'videre
1893 1154 1989 1208 po-

411 1247 539 1305 test,
564 1238 753 1292 eadem
782 1236 1016 1306 propriis
1049 1236 1223 1289 modis
1253 1235 1309 1288 in
1347 1232 1548 1287 Filium
1568 1232 1719 1287 cadit
1768 1230 1988 1285 Patrem

413 1330 615 1394 videre,
645 1340 914 1398 quatenus
944 1327 1025 1381 fas
1045 1336 1147 1381 est.
1176 1325 1445 1379 Nimirum
1487 1324 1729 1378 Trinitas
1758 1332 1843 1378 est
1880 1337 1987 1375 non

413 1420 580 1475 simili
617 1419 786 1489 gloria
824 1460 836 1472 .
866 1418 1182 1473 substantiae
1219 1418 1363 1470 enim
1386 1432 1575 1470 eorum
1615 1416 1757 1470 inter
1784 1429 1843 1468 se
1867 1429 1991 1483 per-

413 1513 592 1568 mista:
621 1528 727 1566 non
756 1520 905 1576 sunt,
958 1511 1127 1564 altera
1160 1511 1331 1564 altera
1359 1509 1651 1577 gloriosior
1691 1518 1773 1561 est
1795 1506 1851 1561 in
1888 1507 1989 1559 im-

414 1620 686 1659 mensum.
737 1602 1042 1657 Extraneus
1083 1617 1113 1654 a
1156 1600 1292 1654 Filio
1335 1601 1636 1655 secundum
1696 1597 1989 1653 essentiam

414 1696 575 1750 Pater
591 1706 695 1756 est,
731 1695 857 1764 quia
886 1695 1005 1749 sine
1032 1693 1299 1763 principio
1323 1700 1426 1746 est.
1452 1690 1699 1759 Intellige
1728 1690 1987 1742 unitatem

2088 491 2372 563 ὀμοούσιος
2408 490 2557 560 αὐτῷ
2583 488 2718 558 (16).
2755 487 2925 556 Σοφὸς
2949 487 3005 539 δέ
3040 487 3186 537 ἐστιν
3214 484 3243 533 6
3268 481 3400 545 Θεὸς
3420 522 3433 545 ,
3466 482 3551 533 ὅτι
3578 481 3681 550 τῆς

2092 583 2281 652 σοφίας
2319 581 2636 644 διδάσκαλος
2664 579 2847 642 αὑτός.
2890 576 3072 647 Ἰκανὴ
3100 575 3159 628 δὲ
3189 573 3468 635 ἀπόδειξις
3492 612 3507 635 ,
3542 571 3626 623 ὅτι
3651 570 3683 620 6

2089 675 2221 740 Θεὸς
2244 676 2474 746 ἀόρατος
2501 675 2691 736 ἅπασι,
2718 674 2830 734 τοῖς
2857 687 2916 722 τε
2970 668 3059 722 διὰ
3098 664 3229 719 Υίοῦ
3271 666 3365 719 καὶ
3408 662 3558 733 αὑτῷ
3601 660 3685 730 τῷ

2089 766 2204 837 Υίῷ
2238 766 2468 837 ἀόρατος
2493 768 2521 819 6
2548 765 2730 827 αὐτός.
2773 761 2980 832 Ῥητῶς
3007 760 3063 813 δὲ
3089 757 3248 822 λέξω,
3293 757 3409 819 πῶς
3450 753 3531 825 τῷ
3563 754 3685 823 Υἱῷ

2087 860 2280 930 ὁρᾶται
2308 858 2335 909 6
2364 858 2622 928 ἀόρατος·
2657 856 2735 925 Τῇ
2770 846 3050 924 δυνάμει
3076 849 3298 903 δύναται
3331 850 3360 900 6
3384 847 3517 909 Θεὸς
3550 846 3684 899 ίδεῖν

2092 952 2243 1014 ἰδίοις
2271 967 2330 1003 τε
2367 949 2584 1019 μέτροις
2610 945 2871 1016 ὑπομένει
2901 944 2929 995 6
2961 942 3088 1005 Υἱὸς
3132 940 3256 993 ἰδεῖν
3290 937 3384 991 τὸν
3420 937 3681 1008 Πατέρα,

2087 1039 2162 1102 ὼς
2182 1038 2339 1108 θέμις
2366 1036 2533 1089 ἐστίν.
2556 1035 2759 1103 Ἥγουν
2787 1031 2957 1104 Τριάς
2979 1033 3091 1083 ὲστι
3112 1028 3291 1093 δόξαις
3318 1028 3417 1096 οὐχ
3438 1026 3681 1097 ὁμοίαις·

2088 1130 2434 1198 ἁνεπίμικτοι
2464 1129 2680 1190 ἑαυταῖς
2709 1127 2846 1178 εἰσιν
2879 1125 2933 1177 αἱ
2966 1120 3292 1181 ὑποστάσεις
3319 1118 3499 1171 αὐτῶν
3523 1134 3538 1147 ·
3580 1117 3687 1188 μία

2089 1222 2188 1291 τῆς
2218 1223 2345 1293 μιᾶς
2378 1219 2690 1291 ἐνδοξοτέρα
2720 1216 2895 1282 δόξαις
2934 1215 3019 1269 ἐπ’
3081 1214 3327 1283 ἄπειρον.
3372 1211 3533 1273 Ξένος
3582 1207 3684 1263 τοῦ

2091 1313 2223 1369 Υἱοῦ
2259 1315 2376 1367 κατ’
2426 1311 2613 1365 οὑσίαν
2646 1313 2673 1364 6
2725 1308 2934 1379 Πατὴρ,
2992 1308 3073 1359 ὅτι
3127 1307 3360 1375 ἄναρχος
3419 1303 3679 1374 ὑπάρχει.

2090 1405 2277 1467 Σύνες,
2302 1405 2386 1456 ὅτι
2419 1404 2452 1473 ἡ
2485 1401 2652 1472 μονὰς
2672 1396 2739 1471 ἦν
2759 1416 2772 1430 ·
2810 1401 2844 1469 ἡ
2869 1398 2998 1461 δυὰς
3016 1398 3073 1450 δὲ
3100 1397 3203 1449 οὐκ
3224 1392 3314 1467 ἦν,
3348 1395 3477 1467 πρὶν
3501 1394 3684 1465 ὑπάρο

2091 1495 2176 1569 ξῃ.
2203 1494 2411 1548 Αὐτίκα
2443 1493 2594 1563 γοῦν,
2632 1490 2765 1546 Υίοῦ
2803 1491 2877 1563 μὴ
2902 1491 3074 1554 ὄντος,
3108 1490 3136 1541 6
3162 1488 3354 1559 Πατὴρ
3381 1487 3515 1549 Θεός
3536 1487 3679 1539 ἐστι.

2088 1586 2289 1640 Λοιπὸν
2327 1589 2355 1640 6
2384 1586 2513 1649 Υἱὸς
2558 1586 2658 1638 οὑκ
2695 1584 2770 1638 ὣν
2815 1581 3047 1653 (ὑπῆρξε
3077 1581 3134 1634 δὲ
3160 1579 3375 1651 θελήσει
3404 1579 3681 1651 πατρῴᾳ),

2093 1680 2386 1751 μονογενὴς
2418 1678 2550 1742 Θεός
2578 1679 2716 1743 ἐστι,
2748 1677 2842 1729 καὶ
2874 1675 3150 1746 ἑκατέρων
3183 1673 3461 1746 ἀλλότριος
3496 1666 3678 1736 οὗτος.

413 1786 606 1854 fuisse,
632 1787 948 1841 dualitatem
980 1801 1108 1840 vero
1138 1800 1243 1839 non
1280 1784 1449 1838 fuisse
1492 1783 1809 1852 priusquam
1843 1780 1986 1835 exsi-

2104 1772 2163 1824 'H
2193 1772 2363 1841 Σοφία
2387 1771 2545 1839 σοφία
2561 1769 2770 1841 ὑπῆρξε
2804 1766 2966 1836 σοφοῦ
2990 1766 3122 1820 Θεοῦ
3146 1765 3384 1836 θελήσει.
3416 1765 3685 1819 Ἐπινοεί-

414 1887 601 1934 steret.
636 1878 802 1948 Igitur
830 1875 971 1930 Filio
1005 1871 1244 1929 nondum
1274 1874 1611 1935 exsistente,
1654 1871 1815 1925 Pater
1843 1869 1988 1925 Deus

412 1979 517 2025 est.
548 1968 755 2024 Dehinc
800 1983 924 2023 cum
971 1965 1142 2021 Filius
1191 1965 1485 2034 aliquando
1542 1978 1651 2017 non
1722 1961 1991 2015 exstiterit

413 2059 717 2132 (voluntate
746 2068 927 2114 autem
959 2067 1183 2127 paterna
1217 2055 1465 2125 exstitit),
1501 2053 1814 2124 unigenitus
1845 2050 1989 2106 Deus

410 2162 517 2218 est,
552 2164 604 2208 et
626 2153 696 2207 ab
726 2161 958 2221 utroque
981 2151 1210 2204 alienus.
1243 2147 1519 2217 Sapientia
1545 2186 1559 2208 ,
1598 2145 1689 2198 Dei
1728 2143 1988 2213 sapientis

412 2244 696 2299 voluntate
718 2241 985 2311 sapientia
1024 2239 1250 2294 exstitit.
1287 2236 1572 2291 Sexcentis
1616 2235 1782 2303 igitur
1822 2235 1990 2288 ratio-

413 2335 579 2390 nibus
610 2333 698 2387 hic
746 2330 1088 2401 intelligitur,
1130 2327 1388 2397 Spiritus,
1441 2326 1652 2390 virtus,
1698 2325 1985 2395 sapientia,

376 2458 377 2461 η
414 2423 512 2478 Dei
548 2424 741 2493 gloria,
787 2421 1012 2484 veritas,
1068 2420 1251 2489 imago
1280 2460 1296 2485 ,
1352 2427 1408 2473 et
1433 2415 1697 2472 Verbum.
1748 2417 1989 2486 Intellige

412 2511 544 2567 illud
569 2511 755 2573 etiam,
777 2508 1120 2579 splendorem
1151 2518 1205 2562 et
1232 2508 1408 2562 lucem
1437 2507 1670 2576 concipi.
1699 2505 1986 2576 IEqualem

414 2601 556 2658 Filio
587 2603 810 2673 gignere
838 2612 1018 2671 potest
1046 2601 1191 2654 Deus
1226 2617 1238 2652 :
1283 2610 1340 2653 at
1380 2601 1851 2669 praestantiorem,
1904 2597 1989 2651 vel

414 2693 720 2755 meliorem,
760 2692 843 2746 vel
873 2692 1155 2761 majorem,
1194 2705 1560 2761 nequaquam.
1590 2688 1685 2742 Dei
1716 2688 1991 2742 voluntate

414 2780 586 2836 Filius
610 2790 848 2851 quantus
868 2778 1115 2850 quantus
1148 2788 1257 2844 est,
1290 2796 1353 2832 ex
1388 2793 1497 2848 quo
1539 2787 1778 2847 tempore
1814 2793 1844 2830 a
1877 2776 1988 2832 Deo

414 2873 652 2937 exstitit,
688 2871 832 2925 Deus
855 2871 1014 2925 fortis
1049 2887 1171 2925 cum
1201 2874 1273 2925 sit
1296 2911 1312 2935 ,
1346 2885 1405 2924 se
1460 2869 1889 2939 praestantiorem
1921 2885 1986 2922 ex

414 2975 567 3032 parte
605 2962 862 3017 celebrat.
917 2962 984 3017 Ut
1026 2963 1217 3032 paucis
1275 2963 1475 3026 dicam,
1526 2959 1665 3013 Filio
1719 2959 1863 3014 Deus
1907 2969 1990 3014 est

416 3051 725 3114 ineﬂabilis,
755 3060 840 3106 est
868 3052 1012 3105 enim
1041 3051 1143 3105 sibi
1174 3051 1319 3119 quod
1346 3062 1467 3114 est,
1500 3050 1606 3105 hoc
1644 3058 1727 3105 est
1766 3050 1987 3103 inenar-

2088 1880 2178 1916 ται
2209 1862 2338 1931 γοῦν
2371 1863 2592 1935 μυρίαις
2621 1863 2774 1925 ὅσαις
2815 1861 3078 1922 ἐπινοίαις
3118 1858 3343 1929 Πνεῦμα
3373 1897 3387 1921 ,
3423 1856 3681 1927 δύναμις,

2093 1956 2273 2022 σοφία,
2303 1953 2432 2019 δόξα
2452 1952 2608 2017 Θεοῦ,
2631 1953 2862 2025 ἀλήθειὰ
2907 1970 2968 2004 τε
2999 1952 3092 2005 καὶ
3115 1949 3277 2004 εἰκὼν
3299 1989 3314 2009 ,
3350 1949 3445 2002 καὶ
3477 1948 3680 2017 Λόγος,

2089 2039 2263 2109 οὗτος.
2283 2046 2467 2110 Σύνες,
2495 2047 2577 2099 ὅτι
2598 2046 2692 2098 καὶ
2721 2044 3061 2114 ἀπαύγασμα
3089 2044 3183 2095 καὶ
3213 2043 3327 2111 φῶς
3354 2041 3677 2093 ἐπινοεῖται.

2093 2140 2237 2192 Ἴσον
2271 2139 2368 2208 μὲν
2388 2138 2481 2192 τοῦ
2514 2137 2643 2191 Υίοῦ
2668 2139 2861 2208 γεννᾷν
2886 2136 3110 2198 δυνατός
3137 2138 3284 2188 ἐστιν
3312 2134 3340 2186 6
3367 2134 3639 2204 κρείττων
3662 2147 3677 2161 ·

2088 2229 2482 2302 διαφορώτερον
2514 2229 2593 2292 δὲ,
2630 2229 2663 2299 ἢ
2699 2229 3002 2300 κρείττονα,
3038 2227 3070 2299 ἢ
3107 2226 3349 2297 μείζονα,
3378 2225 3501 2296 οὐχί
3537 2223 3677 2293 (17).

2089 2320 2223 2374 Θεοῦ
2253 2321 2470 2392 θελήσει
2501 2322 2530 2373 6
2561 2320 2686 2385 Υἱὸς
2716 2320 2903 2392 ἡλίκος
2943 2320 3036 2372 καὶ
3080 2319 3204 2382 ὅσος
3255 2318 3435 2382 ἐστὶν,
3490 2316 3550 2385 ἐξ
3582 2318 3678 2371 ὅτε

2089 2415 2185 2468 καὶ
2212 2416 2305 2484 ἀφ’
2338 2409 2419 2478 οῦ,
2449 2414 2544 2469 καὶ
2573 2413 2681 2467 ὰπὸ
2710 2413 2832 2466 τότε
2858 2414 2924 2466 ὲκ
2948 2411 3041 2465 τοῦ
3066 2411 3201 2465 Θεοῦ
3235 2411 3442 2482 ὑπέστη
3464 2449 3478 2472 ,
3522 2413 3681 2483 ισχυ-

2094 2506 2184 2578 ρὸς
2213 2506 2346 2569 Θεὸς
2373 2504 2469 2571 ὢν,
2516 2506 2606 2559 τὸν
2645 2506 2933 2577 κρείττονα
2993 2507 3058 2558 ὲκ
3096 2504 3293 2576 μέρους
3322 2503 3501 2573 ὑμνεῖ.
3546 2502 3680 2554 Συν-

2089 2599 2263 2654 ελόντι
2308 2601 2501 2662 εἰπεῖν,
2537 2598 2613 2669 τῷ
2640 2599 2752 2672 Υἱῷ
2782 2602 2812 2653 ὁ
2834 2599 2965 2662 Θεὸς
2985 2598 3220 2669 άῤῥητος
3248 2597 3479 2668 ὑπάρχει
3504 2612 3520 2626 ο
3561 2597 3683 2647 ἐστι

2089 2691 2199 2760 γὰρ
2231 2689 2410 2759 ἑαυτῷ
2432 2689 2460 2741 6
2494 2690 2637 2751 ὲστι,
2677 2689 2821 2743 τοῦτ³
2857 2691 3003 2741 ἐστιν
3044 2688 3270 2751 ἄλεκτος
3293 2704 3307 2718 ·
3345 2687 3485 2740 ὥστε
3522 2686 3684 2740 οὐδὲν

2089 2778 2196 2832 τῶν
2231 2779 2537 2850 λεγομένων
2565 2780 2709 2832 κατά
2736 2796 2793 2833 τε
2837 2778 3136 2849 κατάληψιν
3177 2779 3347 2832 συνίει
3379 2777 3623 2845 ἐξειπεῖν
3655 2781 3687 2831 6

2091 2869 2237 2934 Υἱός.
2278 2870 2547 2924 Ἀδύνατα
2572 2871 2680 2943 γὰρ
2712 2870 2860 2941 αὐτῷ
2883 2873 2973 2925 τὸν
3002 2872 3223 2943 Πατέρα
3261 2889 3321 2925 τε
3350 2871 3683 2943 ἐξιχνιάσαι,

2088 2961 2146 3027 ὃς
2204 2963 2349 3014 ἐστιν
2406 2963 2491 3031 ἐφ’
2520 2961 2733 3015 ἑαυτοῦ.
2773 2964 2944 3027 Αὐτὸς
2972 2963 3081 3035 γὰρ
3118 2966 3147 3017 ὁ
3183 2963 3309 3028 Υἱὸς
3341 2963 3439 3036 τὴν
3482 2964 3683 3019 ἑαυτοῦ

2092 3052 2277 3106 οὐσίαν
2310 3054 2408 3106 οὑκ
2441 3049 2578 3107 οἶδεν
2603 3072 2616 3085 ·
2644 3055 2772 3119 Υἱὸς
2794 3055 2902 3128 γὰρ
2921 3054 2996 3109 ὢν
3024 3055 3237 3128 θελήσει
3262 3056 3474 3129 Πατρὸς
3498 3059 3687 3132 ὑπῆρ-

414 3144 642 3209 rabilis;
676 3143 751 3196 ita
790 3152 848 3196 ut
871 3142 1006 3196 nihil
1034 3156 1225 3196 eorum
1259 3156 1382 3211 quae
1415 3142 1715 3196 secundum
1743 3156 1989 3212 compre-

2104 3143 2185 3208 ξεν
2215 3144 2448 3215 ἀληθῶς.
2482 3146 2578 3209 Τίς
2614 3112 2927 3217 γοῦν-λόγος
2952 3112 3224 3219 συγχωρεῖ
3249 3148 3339 3201 τὸν
3370 3112 3434 3201 ἐκ
3455 3112 3686 3220 ᾖατρδς

413 3234 731 3289 hensionem
759 3236 1042 3301 dicuntur,
1073 3236 1413 3305 intelligere,
1467 3243 1563 3288 aut
1615 3234 1765 3289 effari
1815 3236 1992 3290 valeat

414 3321 605 3378 Filius.
637 3323 978 3393 lmpossibile
1005 3326 1206 3395 quippe
1256 3335 1341 3380 est
1379 3327 1455 3380 illi
1497 3325 1714 3381 Patrem
1768 3327 1991 3383 investi-

413 3429 563 3485 gare,
594 3416 772 3485 qualis
821 3418 961 3472 inse
1015 3426 1118 3471 est.
1177 3416 1312 3472 Nam
1354 3419 1470 3488 ipse
1518 3417 1692 3475 Filius
1726 3434 1796 3474 ne
1832 3435 1986 3475 suam

413 3504 632 3572 quidem
685 3507 1044 3560 substantiam
1096 3509 1282 3561 novit:
1322 3506 1494 3563 Filius
1542 3508 1688 3562 enim
1733 3524 1858 3563 cum
1894 3510 1984 3574 sit,

2095 3235 2224 3290 ὄντα
2256 3237 2415 3289 αὑτὸν
2465 3239 2555 3291 τὸν
2593 3240 2931 3311 γεννήσαντα
2977 3239 3180 3308 γνῶναι
3229 3241 3287 3293 ἐν
3332 3240 3683 3312 καταλήψεις

2095 3327 2253 3398 δῆλον
2298 3329 2406 3401 γὰρ
2447 3330 2580 3401 (18),
2611 3332 2691 3384 ὅτι
2722 3332 2784 3387 τὸ
2811 3332 2985 3404 ἀρχὴν
3010 3331 3152 3402 ἔχον,
3181 3332 3272 3385 τὸν
3315 3332 3575 3408 ἄναρχον,
3604 3334 3687 3400 ὡς

2096 3419 2751 3495 ἔστιν,ὲμπερινοῆσαι,ἢ
2785 3424 3310 3496 ὲμπεριδράξασθαι,
3343 3426 3442 3496 οὐχ
3474 3421 3589 3479 οἷόν
3620 3427 3685 3479 τέ

2094 3512 2264 3567 ἐστιν.

412 3609 637 3668 paterna
674 3617 741 3655 ex
784 3602 1063 3657 voluntate
1099 3617 1288 3657 revera
1336 3602 1567 3659 exstitit.
1612 3602 1729 3669 Qua
1775 3605 1985 3660 ratione
2030 3605 2146 3660 ﬁeri
2187 3618 2371 3678 queat,
2418 3618 2479 3663 ut
2513 3609 2607 3679 qui
2657 3618 2740 3666 est
2787 3625 2853 3665 ex
2896 3609 3093 3675 Patre,
3151 3610 3328 3680 ipsum
3374 3612 3683 3681 genitorem

414 3713 739 3768 cognoscere
805 3707 969 3767 atque
1016 3698 1475 3768 comprehendere
1529 3699 1738 3769 possit?
1780 3697 1965 3753 Palam
2004 3700 2202 3773 quippe
2230 3712 2316 3758 est
2344 3703 2395 3759 id
2419 3705 2563 3774 quod
2585 3704 2747 3759 habet
2784 3700 3023 3768 initium,
3076 3719 3184 3759 non
3223 3707 3385 3773 posse
3432 3705 3486 3759 id
3527 3708 3686 3775 quod

415 3809 525 3849 non
562 3794 724 3848 habet
761 3793 1000 3859 initium,
1038 3802 1097 3847 ut
1125 3803 1210 3849 est
1232 3797 1472 3868 cogitare
1504 3794 1591 3848 vel
1629 3795 2111 3864 comprehendere.

486 3883 571 3937 16.
610 3884 742 3950 Quae
780 3900 912 3940 vero
956 3885 1145 3940 Ariani
1183 3902 1279 3959 per
1297 3887 1589 3958 epistolam
1637 3903 1793 3942 suam
1817 3888 1988 3943 beatae

415 3976 694 4029 memoriae
740 3976 858 4029 viro
897 3977 1205 4031 Alexandro
1256 3978 1516 4048 episcopo
1564 3978 1769 4049 scripta
1816 3978 1987 4033 tradi-

413 4068 566 4132 dere,
587 4069 702 4124 haac
732 4079 891 4124 sunt:

414 4177 577 4302 58%
610 4179 854 4236 BEATO
895 4179 1119 4236 ΡΑΡΕ
1147 4181 1241 4235 ΕΤ
1277 4181 1652 4265 ΕΙξΙδΟΟΡΟ
1698 4185 1992 4271 ΝΟξἸἮΟ

486 4258 530 4303 Α
588 4250 940 4303 EXANDRO
988 4251 1451 4303 PRESBYTER]
1511 4254 1606 4303 ET
1674 4256 1992 4303 DIAHDNI

588 4250 940 4313 EXANDRO
988 4251 1451 4307 PRESBYTER!
1510 4254 1606 4308 ET
1670 4256 1993 4313 DIACONI

487 4318 578 4374 ΙΝ
603 4318 911 4376 ΒΟΜΙΝΟ
939 4320 1303 4377 SALUTEM.

2168 3890 2255 3947 16.
2299 3894 2365 3945 Ἀ
2394 3892 2450 3946 δὲ
2476 3893 2570 3947 καὶ
2597 3894 2665 3946 δι’
2695 3891 2983 3963 ἐπιστολῆς
3014 3891 3257 3966 ἔγραψαν
3289 3893 3425 3964 πρὸς
3451 3892 3543 3943 τὸν
3575 3907 3686 3963 μα-

2097 3985 2325 4058 καρίτην
2374 3984 2718 4056 Ἀλέξανδρον
2743 3986 2834 4038 τὸν
2867 3987 3183 4052 ἐπίσκοπον,
3213 3987 3327 4042 ἐστι
3358 3984 3566 4039 ταῦτα’

2102 4164 2211 4236 (19)
2252 4166 2578 4238 murto
2640 4169 2842 4238 ΠΑΠᾼ
2880 4170 3009 4222 ΚΑΙ
3052 4169 3429 4237 murmur)
3465 4170 3685 4223 HMDN

2163 4237 2589 4306 ΑΛΕΞΑΝΔΡῼ
2656 4240 2734 4291 Ol
2800 4237 3325 4292 ΙΙΡΙιΣΒΥΤΕΡΟῙ
3382 4241 3520 4293 ΚΑΙ
3600 4243 3688 4294 ΟΙ

2168 4308 2515 4360 ΔΙΑΚΟΝΟΙ
2568 4308 2672 4360 ΕΝ
2719 4309 2949 4377 ΚΥΡΙῼ
2987 4310 3315 4362 ΧΑῙΡΕΙΝ.

486 4429 684 4486 Νόειτιι
714 4447 745 4486 a
782 4433 1084 4507 majoribus
1115 4433 1269 4501 ﬁdes,
1307 4452 1470 4506 quam
1520 4446 1575 4491 et
1628 4452 1658 4491 a
1710 4450 1760 4492 te
1803 4439 1989 4495 didici-

2182 4420 2245 4473 Ἦ
2280 4419 2461 4484 πίστις
2487 4421 2643 4492 ήμῶν
2668 4422 2701 4492 ὴ
2725 4426 2789 4477 ὲκ
2822 4422 3101 4493 προγόνων
3124 4461 3139 4484 ,
3190 4422 3256 4493 ἣν
3284 4422 3379 4474 καὶ
3424 4421 3536 4474 ἀπὸ
3579 4423 3680 4475 σοῦ

419 4539 566 4586 mus,
613 4523 768 4578 beate
822 4540 984 4595 papa,
1045 4526 1164 4580 haec
1220 4536 1323 4581 est.
1397 4528 1764 4598 Agnoscimus
1823 4546 1994 4585 unum

420 4613 615 4676 Deum,
644 4614 823 4668 solum
875 4616 1198 4686 ingenitum,
1253 4618 1432 4672 solum
1489 4627 1777 4684 mternum,
1820 4622 1995 4675 solum

417 4704 684 4777 principio
706 4717 1001 4770 carentem,
1049 4710 1224 4764 solum
1276 4725 1487 4777 verum,
1539 4712 1717 4767 solum
1769 4711 1996 4766 immor-

421 4800 626 4855 talitate
653 4801 962 4870 praeditum,
991 4802 1171 4856 solum
1213 4804 1533 4874 sapientem,
1565 4805 1741 4860 solum
1767 4804 1993 4870 bonum,

517 5001 606 5070 16)
648 5000 870 5071 Regius.
900 5001 1088 5057 αὐτοῦ.

522 5069 608 5142 17)
651 5069 753 5143 Sid
782 5074 944 5127 habet
975 5073 1339 5142 interpunctio
1368 5073 1423 5127 in
1465 5073 1753 5129 Basiliensi
1782 5076 1992 5143 codice,

423 5142 592 5197 itaut
625 5142 745 5211 οὐχί
776 5143 842 5196 ad
875 5144 1157 5211 superiora
1187 5144 1473 5210 referatur,
1519 5155 1573 5199 et
1610 5146 1725 5201 hac
1758 5146 1829 5201 sit
1878 5161 1997 5200 sen-

423 5213 616 5285 tentia,
648 5211 938 5283 A‘lqualem
967 5211 1108 5283 Filio
1131 5222 1306 5285 potest
1335 5215 1554 5285 gignere
1577 5214 1747 5271 Deus.
1775 5227 1830 5270 at
1852 5232 1993 5281 pra:-

425 5283 774 5356 stantiorem,
806 5298 1171 5356 nequaquam.
1203 5283 1259 5356 1n
1294 5283 1459 5356 editis,
1483 5300 1614 5356 vero
1639 5286 1756 5356 οὐχί
1800 5288 1993 5356 subse-

424 5353 720 5420 quentibus
758 5354 1088 5423 jungebatur
1129 5355 1291 5409 male.
1330 5353 1501 5410 Paulo
1531 5354 1671 5409 infra
1704 5353 1906 5426 Regius
1934 5355 1994 5408 τὸ

424 5420 728 5471 κρείττονα.
1298 5467 1303 5470 .

424 5439 728 5475 κοειττονα.
1298 5467 1303 5470 .

465 5439 728 5567 ρῗίέζοῖῗιί
757 5491 962 5567 Regius
984 5494 1041 5567 in
1065 5495 1234 5567 editis
1255 5467 1365 5566 γάρ
1403 5494 1576 5550 deest.
1610 5494 1733 5550 Mox
1769 5492 1991 5567 Re'gius,

425 5560 484 5625 ὃς
515 5563 685 5623 ἐστιν,
720 5575 773 5618 et
803 5560 943 5617 infra
983 5565 1146 5627 idem,
1176 5560 1287 5628 οἷός
1310 5560 1393 5620 τε.

499 5632 614 5706 (l9)_
650 5631 887 5687 Habetur
917 5636 1035 5706 haee
1056 5637 1176 5688 lidei
1208 5635 1440 5706 formula
1468 5635 1608 5705 apud
1631 5635 1990 5706 Epiphaniam

426 5700 618 5758 haeresi
644 5718 790 5762 LXIX.
820 5719 969 5758 num.
1005 5703 1070 5770 7;
1104 5707 1242 5775 apud
1281 5700 1546 5763 Hilariqu
1581 5700 1690 5773 bis,
1723 5700 1861 5762 libro
1888 5707 1993 5762 sci—

2104 4509 2524 4580 μεμαθήκαμεν,
2562 4515 2805 4584 μακάριε
2845 4515 3021 4574 πάπα,
3053 4513 3199 4565 ἔστιν
3241 4511 3402 4583 αῦτη.
3438 4511 3684 4583 Οἴδαμεν

2098 4601 2193 4654 ἕνα
2222 4601 2375 4662 Θεὸν,
2402 4603 2559 4672 μόνον
2588 4604 2902 4673 ἀγέννητον,
2934 4605 3093 4674 μόνον
3115 4604 3299 4666 ἀΐδιον,
3322 4606 3481 4674 μόνον
3507 4604 3684 4673 ἄναρ-

2098 4710 2211 4763 χον,
2249 4692 2409 4763 μόνον
2438 4694 2711 4765 ἀληθινὸν,
2745 4696 2905 4765 μόνον
2928 4695 3221 4749 ἀθανασίαν
3250 4695 3462 4765 ἔχοντα,
3515 4696 3681 4766 μόνον

2098 4784 2281 4853 σοφὸν,
2321 4784 2478 4854 μόνον
2506 4786 2730 4854 ἀγαθὸν,
2771 4787 2927 4857 μόνον
2960 4787 3228 4859 δυνάστην
3248 4829 3262 4853 ,
3296 4789 3515 4841 πάντων
3556 4804 3685 4858 κρι-

2096 5008 2220 5062 licet
2247 5017 2443 5076 quarto
2467 5008 2534 5063 de
2571 5007 2856 5074 Trinitate,
2883 5008 2989 5063 col.
3012 5007 3118 5064 855
3138 5025 3153 5072 ;
3177 5007 3319 5062 libro
3350 5009 3477 5061 item
3511 5022 3566 5061 vx
3598 5005 3680 5061 De

2100 5078 2317 5140 Trinil.,
2352 5079 2457 5131 col.
2502 5078 2628 5132 881.
2678 5079 2834 5147 Apud
2867 5078 3238 5147 Ambrosium,
3276 5087 3407 5131 tom.
3446 5076 3513 5138 ll,
3543 5092 3673 5147 pag.

2098 5147 2305 5220 786,_in
2330 5147 2509 5220 Gestis
2556 5146 2744 5220 synodi
2778 5148 3175 5220 Aquileiensis,
3219 5146 3384 5216 hujus
3426 5146 3679 5220 epistolae

2098 5234 2191 5274 seu
2219 5218 2341 5272 fidei
2376 5218 2625 5273 formulae
2658 5219 2859 5288 passim
2905 5218 2964 5272 lit
3010 5218 3238 5277 mentio,
3269 5220 3497 5286 ejusque
3520 5219 3677 5271 varia

2095 5290 2474 5358 expenduntur
2507 5289 2645 5354 loca,
2678 5291 2747 5343 ab
2773 5288 2931 5342 initio
2954 5288 3119 5358 petita
3147 5304 3162 5341 :
3197 5296 3363 5356 atque
3394 5299 3451 5341 ut
3486 5288 3558 5340 ibi
3590 5298 3679 5341 te-

2097 5357 2310 5413 stantur
2343 5357 2535 5413 Patres
2578 5362 2633 5413 in
2684 5359 2914 5428 epistola
2945 5358 3013 5411 ad
3065 5357 3423 5428 imperatores
3483 5372 3679 5428 numef

2097 5445 2160 5500 ro_
2196 5428 2428 5500 decima,
2476 5430 2616 5483 eain
2664 5426 2874 5500 synodo
2927 5428 3156 5500 recitata
3213 5427 3336 5489 fuit,
3386 5436 3551 5500 atque
3580 5426 3675 5480 isti

2096 5497 2165 5551 ad
2218 5499 2574 5565 imperatores
2632 5497 2875 5566 epistolae
2933 5499 3247 5565 subiuncta,
3296 5498 3441 5551 unde
3489 5505 3675 5550 tamen

2095 5568 2315 5639 excidit.
2395 5567 2740 5639 Vocaturque
2808 5569 2883 5623 ibi
2938 5567 3187 5639 Epistola
3233 5568 3375 5639 Arii,
3413 5568 3676 5639 praecipui

2095 5638 2339 5701 scilicet,
2383 5648 2440 5693 at
2511 5654 2619 5694 non
2651 5636 2847 5693 _solius
2899 5636 3017 5705 ejus
3063 5638 3321 5691 auctoris.
3363 5666 3434 5706 -τ
3470 5636 3679 5706 Regius

2095 5718 2149 5763 et
2222 5707 2455 5785 Epiph.,
2508 5709 2603 5764 καὶ
2647 5710 2949 5779 ὲπισκόπῳ.
3009 5706 3067 5763 In
3121 5706 3284 5762 editis
3342 5705 3436 5761 καί
3496 5705 3697 5765 άεεει..
