3822 6226
423 295 525 349 707

986 287 1048 349 ε.
1083 286 1456 344 ΑΤΗΑΝΑΞΙΙ
1489 286 1642 343 OPP.
1683 281 1865 340 PARS
1903 282 1943 338 ι.
1984 312 1997 321 -

2115 276 2466 335 IISTORICA
2505 274 2593 332 ΕΤ
2634 272 3061 331 DOGMATICA.

3581 268 3687 321 708

424 414 583 468 initio
597 420 702 477 est,
726 411 923 465 Filium
946 409 1130 479 posuit
1149 408 1366 463 initium
1388 416 1790 468 creaturarum,
1820 406 1993 458 hunc-

2115 416 2282 454 ιτασιν
2342 398 2632 468 ίδιότητος’
2690 393 2813 448 οὐδὲ
2868 392 2976 463 γάρ
3003 392 3150 445 ἐστιν
3209 388 3361 454 ίσος,
3406 386 3525 441 ἀλλ’
3562 389 3689 442 οὐδὲ

424 521 532 576 que
559 505 682 559 tulit
703 519 768 557 ac
795 501 899 557 sibi
930 503 984 555 in
1013 499 1209 553 Filiqu
1239 499 1554 568 adoptavit,
1585 497 1677 567 qui
1709 496 1845 550 nihil
1890 495 1999 550 Deo

425 596 705 668 proprium
738 594 897 648 habet
925 591 1229 646 secundum
1282 590 1559 661 propriam
1607 588 1996 653 substantiam,

425 704 534 743 non
568 698 653 742 est
681 687 826 740 enim
857 683 1086 753 aequalis
1120 691 1215 736 aut
1247 681 1735 737 consubstantialis
1768 679 1867 733 illi.
1900 678 1997 733 Sa-

424 781 579 851 piens
613 795 740 833 vero
769 786 854 833 est
884 776 1049 843 Deus,
1081 776 1211 844 quia
1244 774 1529 843 sapientiae
1571 772 1834 842 magister
1882 772 2000 840 ipse

423 882 526 928 est.
556 872 791 927 Evidens
819 886 1037 941 quoque
1060 886 1147 925 res
1174 878 1283 935 est,
1309 867 1481 921 Deum
1515 865 1846 921 invisibilem
1876 880 1999 919 esse

423 966 682 1020 omnibus
709 979 830 1034 quze
854 979 949 1033 per
976 961 1175 1015 Filium
1207 969 1353 1025 sunt,
1387 960 1603 1029 ipsique
1629 957 1770 1013 Filio
1800 957 1997 1011 invisi-

422 1054 585 1109 bilem
620 1068 762 1108 esse.
798 1052 1009 1106 Diserte
1042 1060 1222 1104 autem
1253 1050 1430 1103 dicam
1467 1062 1577 1117 quo
1609 1048 1772 1102 modo
1808 1061 1838 1099 a
1861 1045 1998 1100 Filio

422 1145 677 1199 videatur
706 1145 797 1213 qui
828 1153 912 1197 est
942 1141 1267 1195 invisibilis:
1293 1139 1412 1206 Qua
1442 1139 1489 1193 vi
1525 1134 1880 1193 Deus'videre
1902 1153 1998 1207 po-

421 1244 548 1302 test,
573 1236 761 1290 eadem
792 1234 1026 1304 propriis
1059 1234 1233 1287 modis
1262 1233 1318 1286 in
1356 1230 1557 1285 Filium
1577 1231 1729 1286 cadit
1777 1229 1998 1284 Patrem

423 1328 624 1391 videre,
653 1337 923 1396 quatenus
954 1325 1035 1379 l'as
1055 1335 1156 1379 est.
1186 1324 1454 1377 Nimirum
1497 1322 1738 1377 Trinitas
1767 1331 1852 1376 est
1889 1336 1997 1374 non

422 1417 588 1472 simili
626 1417 795 1486 gloria
833 1457 846 1469 .
875 1415 1191 1471 substantiae
1228 1416 1372 1469 enim
1396 1430 1585 1469 eorum
1625 1415 1766 1468 inter
1794 1427 1852 1467 se
1876 1428 2001 1482 per-

423 1510 602 1565 mista:
630 1525 737 1563 non
766 1517 914 1573 sunt,
967 1508 1137 1562 altera
1170 1508 1340 1561 altera
1369 1507 1660 1575 gloriosior
1700 1516 1783 1560 est
1804 1505 1860 1559 in
1897 1506 1998 1558 im—

423 1617 696 1657 mensum.
747 1600 1051 1654 Extraneus
1092 1615 1122 1652 a
1164 1598 1301 1653 Filio
1344 1599 1644 1654 secundum
1705 1596 1998 1651 essentiam

422 1693 585 1747 Pater
600 1703 704 1755 est,
741 1693 866 1762 quia
895 1693 1014 1746 sine
1041 1692 1308 1761 principio
1333 1698 1435 1744 est.
1462 1689 1707 1758 Intellige
1736 1688 1997 1741 unitatem

2098 491 2383 562 ὀμοούσιος
2420 490 2568 561 αὐτῷ
2594 488 2729 558 (16).
2766 486 2936 556 Σοφὸς
2959 486 3016 539 δέ
3050 487 3196 536 ἐστιν
3224 484 3252 533 6
3278 481 3409 544 Θεὸς
3429 521 3443 544 ,
3476 481 3562 533 ὅτι
3589 480 3690 550 τῆς

2102 583 2291 652 σοφίας
2329 581 2647 644 διδάσκαλος
2675 579 2857 642 αὑτός.
2900 575 3082 646 Ἱκανὴ
3110 575 3168 627 δὲ
3198 572 3478 635 ἀπόδειξις
3503 612 3518 634 ,
3552 571 3638 622 ὅτι
3662 569 3691 620 6

2100 674 2232 739 Θεὸς
2254 675 2485 746 ἀόρατος
2511 674 2702 736 ἅπασι,
2728 674 2840 734 τοῖς
2867 687 2926 722 τε
2980 668 3069 721 διὰ
3108 665 3238 719 Υίοῦ
3281 666 3375 719 καὶ
3417 662 3570 733 αὐτῷ
3612 660 3693 731 τῷ

2099 765 2214 836 Υίῷ
2247 766 2477 836 ἀόρατος
2503 768 2532 818 6
2558 765 2740 827 αὑτός.
2783 761 2989 832 Ῥητῶς
3016 760 3073 813 δὲ
3099 756 3257 822 λέξω,
3302 757 3419 819 πῶς
3460 754 3541 826 τῷ
3574 754 3693 825 Υίῷ

2097 859 2289 929 ὁρᾶται
2317 858 2345 908 6
2374 856 2632 927 ἀόρατος·
2667 856 2744 925 Τῇ
2780 847 3060 924 δυνάμει
3085 849 3307 904 δύναται
3341 850 3370 901 6
3395 848 3527 910 Θεὸς
3561 847 3693 901 ἰδεῖν

2102 951 2252 1013 ἰδίοις
2280 966 2339 1002 τε
2377 947 2595 1018 μέτροις
2622 945 2880 1016 ὑπομένει
2910 945 2939 995 6
2970 942 3097 1005 Υἱὸς
3141 941 3267 994 ίδεῖν
3300 938 3394 992 τὸν
3430 938 3689 1009 Πατέρα,

2096 1038 2171 1101 ὡς
2191 1037 2348 1108 θέμις
2376 1036 2543 1089 ἐστίν.
2566 1035 2769 1103 Ἤγουν
2797 1031 2965 1104 Τριάς
2988 1033 3100 1083 ἐστι
3122 1029 3301 1094 δόξαις
3328 1029 3426 1097 οὐχ
3447 1027 3689 1098 ὁμοίαις·

2098 1130 2444 1198 ἁνεπίμικτοι
2475 1129 2689 1189 ἑαυταῖς
2719 1127 2855 1178 εἰσιν
2888 1125 2942 1176 αἱ
2975 1121 3303 1183 ὑποστάσεις
3330 1119 3509 1172 αὐτῶν
3533 1135 3549 1148 ⁸
3591 1117 3695 1189 μία

2099 1221 2198 1291 τῆς
2227 1223 2354 1292 μιᾶς
2387 1219 2700 1291 ἐνδοξοτέρα
2730 1215 2905 1282 δόξαις
2944 1215 3028 1269 ἐπ’
3090 1214 3337 1284 ἄπειρον.
3381 1212 3545 1274 Ξένος
3593 1208 3691 1264 τοῦ

2100 1312 2232 1368 Υἱοῦ
2268 1315 2386 1367 κατ’
2435 1311 2623 1365 οὐσίαν
2655 1313 2683 1364 6
2735 1309 2943 1379 Πατὴρ,
3001 1308 3083 1359 ὅτι
3137 1307 3370 1376 ἄναρχος
3428 1303 3688 1375 ὑπάρχει.

2099 1405 2286 1467 Σῦνες,
2311 1405 2395 1456 ὅτι
2429 1404 2462 1473 ἡ
2494 1401 2662 1472 μονὰς
2682 1396 2749 1471 ἦν
2768 1416 2781 1430 ·
2820 1401 2853 1469 ἡ
2878 1398 3007 1461 δυὰς
3026 1398 3082 1450 δὲ
3110 1397 3212 1449 οὐκ
3234 1392 3323 1467 ἦν,
3357 1396 3487 1466 πρὶν
3512 1395 3692 1465 ὑπάρο

2101 1495 2186 1569 ξῃ.
2213 1494 2419 1548 Αὐτίκα
2452 1493 2603 1563 γοῦν,
2642 1491 2775 1546 Υίοῦ
2813 1491 2886 1563 μὴ
2911 1491 3083 1554 ὸντος,
3118 1491 3146 1541 6
3172 1488 3363 1559 Πατὴρ
3390 1487 3527 1549 Θεός
3549 1488 3687 1539 ἐστι.

2098 1586 2298 1639 Λοιπὸν
2336 1589 2365 1639 6
2393 1586 2522 1649 Υἱὸς
2567 1586 2668 1638 οὐκ
2705 1584 2779 1638 ὢν
2824 1581 3057 1654 (ὑπῆρξε
3086 1581 3143 1634 δὲ
3169 1580 3384 1651 θελήσει
3414 1579 3688 1652 πατρῴᾳ).

2103 1680 2395 1750 μονογενὴς
2427 1677 2559 1742 Θεός
2587 1679 2725 1742 ἐστι,
2757 1677 2851 1729 καὶ
2884 1674 3159 1746 ἑκατέρων
3193 1673 3471 1745 ἀλλότριος
3507 1667 3687 1738 οὗτος.

423 1783 615 1852 fuisse,
641 1785 957 1840 dualitatem
989 1799 1253 1838 veronon
1288 1782 1458 1837 fuisse
1501 1781 1818 1849 priusquam
1853 1779 1996 1834 exsi-

2115 1771 2172 1823 'H
2202 1771 2372 1840 Σοφία
2396 1771 2554 1839 σοφία
2569 1769 2779 1841 ὑπῆρξε
2813 1766 2975 1836 σοφοῦ
2998 1766 3131 1820 Θεοῦ
3156 1766 3393 1836 θελήσει.
3425 1766 3693 1819 Ἐπινοεί-

423 1884 610 1931 steret.
645 1876 810 1945 Igitur
838 1873 980 1928 Filio
1014 1870 1253 1927 nondum
1283 1873 1620 1934 exsistante,
1661 1870 1824 1924 Pater
1853 1868 1998 1923 Deus

421 1976 526 2022 est.
557 1966 764 2021 Dehine
809 1981 932 2021 cum
980 1964 1151 2019 Filius
1199 1963 1494 2033 aliquando
1550 1977 1660 2016 non
1731 1960 2000 2015 exstiterit

421 2056 725 2130 (voluntate
755 2066 935 2111 autem
968 2065 1193 2125 paterna
1225 2054 1474 2123 exstitit),
1510 2052 1823 2123 unigenitus
1854 2049 1998 2105 Deus

418 2159 526 2215 est,
561 2161 613 2206 et
635 2151 704 2205 ab
735 2159 967 2219 utroque
988 2148 1218 2202 alienus.
1251 2145 1528 2216 Sapientia
1554 2185 1567 2207 ,
1606 2144 1698 2198 Dei
1736 2142 1997 2213 sapientis

421 2241 705 2296 voluntate
726 2238 992 2308 sapientia
1032 2237 1259 2292 exstitit.
1296 2235 1581 2290 Sexcentis
1625 2235 1791 2301 igitur
1830 2234 1998 2287 ratio-

423 2332 587 2387 nibus
617 2330 707 2384 hic
755 2328 1096 2398 intelligitur,
1139 2326 1397 2396 Spiritus,
1449 2325 1660 2389 virtus,
1707 2325 1993 2394 sapientia,

422 2420 520 2476 Dei
556 2422 749 2491 gloria,
796 2420 1020 2483 veritas,
1076 2419 1259 2488 imago
1288 2459 1304 2484 ,
1360 2426 1416 2472 et
1441 2414 1705 2470 Verbum.
1757 2416 1997 2486 lntellige

421 2509 553 2564 illud
577 2509 763 2571 etiam,
785 2506 1128 2577 splendorem
1159 2516 1213 2561 et
1240 2507 1416 2561 lucem
1445 2506 1678 2575 concipi.
1707 2504 1994 2575 Equalem

422 2599 564 2655 Filio
595 2600 818 2670 gignere
847 2610 1025 2669 potest
1054 2599 1198 2653 Deus
1233 2616 1247 2650 :
1291 2608 1348 2652 at
1388 2599 1823 2668 praestantiorem
1844 2638 1859 2662 ,
1912 2597 1997 2651 vel

423 2691 727 2752 meliorem,
768 2691 852 2744 vel
881 2690 1164 2758 majorem,
1202 2704 1569 2759 nequaquam.
1598 2687 1692 2741 Dei
1724 2687 1998 2741 voluntate

421 2777 595 2832 Filius
618 2787 857 2848 quantus
876 2776 1123 2847 quantus
1157 2785 1264 2843 est,
1297 2794 1361 2831 ex
1396 2792 1505 2846 quo
1548 2785 1786 2845 tempore
1822 2792 1852 2830 a
1884 2775 1996 2831 Deo

422 2871 660 2934 exstitit,
696 2869 839 2923 Deus
862 2869 1022 2923 fortis
1057 2885 1180 2923 cum
1209 2872 1281 2924 sit
1304 2909 1319 2933 ,
1353 2883 1413 2923 se
1468 2868 1896 2938 praestantiorem
1928 2884 1992 2921 ex

422 2972 575 3029 parte
613 2960 869 3014 celebrat.
924 2960 992 3015 Ut
1034 2961 1224 3030 paucis
1283 2961 1482 3024 dicam,
1534 2958 1672 3013 Filio
1727 2958 1870 3014 Deus
1914 2968 1997 3013 est

423 3049 732 3110 ineliabilis,
762 3057 848 3103 est
876 3049 1019 3103 enim
1049 3049 1150 3103 sibi
1181 3050 1326 3117 quod
1354 3060 1437 3103 est
1460 3088 1475 3112 ,
1509 3049 1615 3104 hoc
1651 3057 1734 3103 est
1775 3049 1994 3102 inenar-

2098 1879 2187 1916 ται
2218 1862 2347 1930 γοῦν
2380 1863 2601 1934 μυρίαις
2630 1863 2782 1925 ὅσαις
2824 1861 3086 1923 ἐπινοίαις
3127 1858 3352 1929 Πνεῦμα
3382 1898 3397 1921 ,
3433 1857 3690 1929 δύναμις,

2102 1955 2282 2022 σοφία,
2312 1953 2441 2018 δόξα
2461 1952 2617 2017 Θεοῦ,
2640 1952 2871 2024 ἀλήθειά
2916 1969 2977 2005 τε
3007 1953 3100 2005 καὶ
3123 1950 3286 2004 εἰκὼν
3308 1989 3324 2010 ,
3359 1951 3454 2003 καὶ
3488 1949 3688 2018 Λόγος,

2098 2038 2272 2109 οὗτος,
2292 2046 2476 2109 Σῦνες,
2503 2047 2585 2099 ὃτι
2606 2046 2700 2097 καὶ
2729 2044 3070 2114 ἀπαύγασμα
3098 2044 3191 2095 καὶ
3220 2043 3337 2111 φῶς
3364 2044 3687 2094 ἐπινοεῖται.

2102 2139 2246 2191 Ἴσον
2280 2139 2377 2208 μὲν
2396 2138 2490 2192 τοῦ
2521 2137 2651 2191 Υίοῦ
2676 2139 2870 2208 γεννᾷν
2895 2136 3118 2198 δυνατός
3145 2138 3293 2188 ἐστιν
3321 2136 3350 2187 6
3377 2135 3648 2205 κρείττων
3671 2148 3686 2162 '

2097 2228 2491 2300 διαφορώτερον
2522 2228 2601 2291 δὲ,
2638 2228 2671 2300 ἢ
2708 2229 3010 2299 κρείττονα,
3047 2227 3079 2300 ἢ
3116 2227 3359 2298 μείζονα,
3388 2226 3511 2297 οὐχί
3545 2224 3685 2294 (17).

2097 2320 2231 2373 Θεοῦ
2261 2321 2478 2390 θελήσει
2509 2321 2539 2373 6
2570 2320 2694 2384 Υἱὸς
2724 2320 2911 2392 ήλίκος
2952 2321 3045 2372 καὶ
3089 2321 3213 2382 ὅσος
3264 2319 3443 2383 ἐστὶν,
3499 2318 3559 2386 ἐξ
3591 2319 3686 2373 ὅτε

2097 2415 2193 2467 καὶ
2220 2415 2313 2483 ἀφ’
2347 2408 2427 2477 οὗ,
2457 2413 2553 2469 καὶ
2582 2412 2689 2466 ἀπὸ
2719 2413 2841 2465 τότε
2866 2415 2932 2466 ἐκ
2956 2411 3050 2466 τοῦ
3075 2411 3210 2466 Θεοῦ
3244 2412 3451 2483 ὑπέστη
3472 2449 3487 2473 ,
3532 2413 3691 2485 ἰσχυ-

2102 2506 2191 2578 ρὸς
2220 2506 2353 2568 Θεὸς
2381 2504 2478 2570 ὣν,
2524 2505 2614 2558 τὸν
2653 2506 2942 2576 κρείττονα
3002 2506 3067 2559 ἐκ
3104 2505 3302 2576 μέρους
3331 2504 3510 2574 ὑμνεῖ.
3555 2503 3688 2555 Συν-

2096 2599 2271 2653 ελόντι
2316 2601 2509 2661 εἰπεῖν,
2545 2597 2622 2668 τῷ
2649 2598 2760 2671 Υίῷ
2792 2602 2820 2653 6
2842 2599 2974 2662 Θεὸς
2995 2598 3229 2670 ἄῤῥητος
3257 2598 3489 2668 ὑπάρχει
3514 2612 3529 2627 ⁸
3570 2598 3691 2648 ἐστι

2097 2691 2207 2758 γὰρ
2239 2688 2417 2758 ἐαυτῷ
2440 2688 2468 2740 6
2502 2690 2645 2751 ἐστι,
2685 2689 2830 2743 toﬁ-ci
2865 2691 3012 2741 ἔστιν
3053 2688 3278 2751 ἄλεκτος
3301 2704 3316 2718 ’
3353 2687 3494 2741 ὥστε
3531 2687 3693 2740 υὺδέν

2096 2777 2204 2831 τῶν
2239 2778 2545 2850 λεγομένων
2573 2779 2718 2832 κατά
2745 2796 2801 2833 τε
2845 2779 3145 2849 κατάληψιν
3185 2779 3355 2833 συνίει
3387 2779 3632 2846 ἐξειπεῖν
3664 2782 3694 2832 6

2099 2868 2245 2932 Υἱός.
2286 2869 2555 2923 Ἀδύνατα
2579 2871 2689 2942 γὰρ
2720 2870 2869 2941 αὐτῷ
2892 2872 2982 2925 τὸν
3011 2873 3232 2944 Πατέρα
3269 2889 3330 2925 τε
3358 2872 3690 2943 ἐξιχνιὰσαι,

2096 2959 2154 3025 ὃς
2211 2963 2356 3013 ἐστιν
2414 2962 2499 3031 ἐφ’
2528 2961 2742 3014 ἐαυτοῦ.
2783 2963 2952 3027 Αὐτὸς
2981 2964 3090 3035 γὰρ
3126 2966 3155 3018 6
3192 2964 3317 3029 Υίὸς
3349 2964 3448 3037 τὴν
3490 2964 3690 3020 ἐαυτοῦ

2099 3052 2285 3105 οὐσίαν
2317 3053 2415 3105 οὐκ
2448 3049 2585 3107 οἶδεν
2612 3072 2624 3085 ·
2652 3055 2780 3119 Υἱὸς
2802 3055 2911 3128 γὰρ
2930 3055 3005 3109 ὢν
3033 3055 3245 3129 θελήσει
3271 3057 3484 3129 Πατρὸς
3507 3059 3694 3133 ὑπῆρ-

421 3140 650 3206 rabilis;
683 3140 758 3192 ita
797 3148 856 3194 ut
879 3140 1013 3194 nihil
1042 3154 1232 3194 eorum
1267 3154 1391 3210 qua:
1423 3141 1723 3194 secundum
1750 3155 1997 3211 compre-

2115 3143 2192 3207 ξεν
2222 3144 2455 3215 ἀληθῶς.
2490 3146 2586 3209 Τίς
2622 3111 2936 3217 γοῦννλόγὸς
2961 3111 3232 3220 συγχωρεῖ
3256 3148 3347 3202 τὸν
3378 3111 3443 3202 ἐκ
3464 3111 3693 3221 harpag):

421 3232 739 3287 hensionem
767 3234 1050 3298 dicuntur,
1081 3234 1421 3303 intelligere,
1475 3241 1570 3287 aut
1622 3233 1772 3288 eﬂ‘ari
1821 3235 1998 3289 valeat

421 3318 613 3375 Filius.
644 3320 985 3391 lmpossibile
1012 3324 1213 3393 quippe
1264 3334 1348 3379 est
1387 3325 1463 3378 illi
1504 3324 1721 3379 Patrem
1775 3326 1998 3382 investi-

421 3426 570 3481 gare,
601 3414 780 3483 qualis
829 3416 883 3468 in
910 3430 968 3469 se
1023 3424 1125 3469 est.
1185 3414 1319 3470 Nam
1362 3418 1478 3486 ipse
1526 3416 1699 3473 Filius
1734 3434 1802 3473 ne
1838 3434 1993 3474 suam

421 3501 639 3570 quidem
693 3504 1051 3558 substantiam
1103 3506 1289 3559 novit:
1329 3504 1502 3561 Filius
1549 3507 1696 3560 enim
1740 3522 1864 3563 cum
1900 3509 1991 3573 sit,

2103 3234 2232 3289 ὄντα
2264 3237 2423 3289 αὑτὸν
2473 3238 2563 3291 τὸν
2600 3240 2939 3311 γεννήσαντα
2985 3239 3187 3308 γνῶναι
3236 3241 3294 3292 ἐν
3340 3240 3690 3312 καταλήψει;

2103 3327 2260 3396 δῆλον
2304 3328 2414 3401 γὰρ
2454 3330 2587 3400 (18),
2618 3332 2699 3385 ὅτι
2730 3332 2792 3387 τὸ
2819 3332 2993 3403 ἀρχὴν
3018 3331 3159 3402 ἔχον,
3189 3331 3279 3385 τὸν
3322 3333 3583 3407 ἄναρχον,
3613 3334 3694 3401 ὡς

2103 3418 2759 3495 ἔστιν,ὲμπερινοῆσαι,ἢ
2793 3423 3316 3496 ἐμπεριδράξασθαι,
3350 3425 3450 3497 οὐχ
3481 3421 3596 3479 οἶόν
3629 3427 3694 3480 τέ

2100 3512 2271 3567 ἐστιν.

419 3607 645 3665 paterna
682 3614 749 3653 ex
791 3600 1071 3655 voluntate
1105 3616 1295 3656 revera
1344 3601 1574 3657 exstitit.
1606 3590 1736 3668 'Qua
1782 3604 1992 3659 ratione
2037 3604 2153 3660 ﬁeri
2194 3619 2377 3677 queat,
2426 3617 2486 3663 ut
2520 3609 2615 3679 qui
2664 3618 2748 3666 est
2794 3625 2861 3665 ex
2904 3609 3059 3665 Patre
3084 3652 3100 3675 ,
3159 3611 3335 3680 ipsum
3381 3613 3691 3681 genitorem

421 3710 746 3766 cognoscere
812 3705 976 3765 atque
1023 3697 1482 3783 comprehendere
1536 3697 1745 3767 possit?
1787 3696 1971 3753 Palam
2011 3700 2209 3773 quippe
2237 3713 2322 3758 est
2351 3704 2403 3759 id
2425 3704 2570 3774 quod
2593 3704 2754 3759 habet
2791 3699 3030 3768 initium,
3083 3719 3192 3759 non
3230 3708 3392 3774 posse
3439 3706 3494 3760 id
3535 3708 3693 3776 quod

422 3806 531 3845 non
569 3792 732 3845 habet
768 3791 1007 3857 initium,
1044 3800 1104 3846 ut
1133 3802 1217 3847 est
1239 3796 1479 3866 cogitare
1511 3792 1598 3848 vel
1636 3795 2118 3863 comprehendere.

493 3880 578 3935 l6.
617 3881 749 3948 Quae
788 3898 919 3938 vero
964 3884 1151 3939 Ariani
1190 3900 1286 3956 per
1304 3886 1595 3956 epistolam
1644 3902 1800 3941 suam
1824 3886 1995 3942 beata:

421 3974 701 4027 memoriae
747 3973 864 4027 viro
905 3975 1212 4029 Alexandro
1263 3976 1522 4046 episcopo
1570 3976 1775 4049 scripta
1823 3977 1993 4031 tradi—

420 4065 573 4130 dere,
594 4067 709 4122 haec
739 4077 898 4121 sunt:

420 4175 584 4300 58%
618 4177 861 4234 ΒΕΑΤΟ
902 4177 1125 4234 PAP/E
1155 4179 1248 4233 ΕΤ
1284 4180 1657 4263 ΕΙξΙείΙΟΡΟ
1704 4183 1999 4271 ΝΟξΤΗΟ

493 4255 537 4301 Α
594 4247 946 4301 EXANDRO
996 4249 1456 4301 PRESBYTER!
1517 4252 1612 4301 ET
1680 4255 1999 4301 DIALUNI

594 4247 1456 4323 ΕίῐΑΑῃ-ρβοᾲρβξεθγτιςιυ
1517 4252 1612 4306 ET
1675 4255 2000 4311 ωΑιῖοΝι

493 4316 585 4372 ΙΝ
610 4316 918 4373 ΒΟΜΙΝῸ
945 4318 1309 4375 SALUTEM.

492 4427 690 4484 Ndstra
721 4445 751 4484 a
789 4431 1090 4500 majoribus
1122 4431 1276 4499 tides,
1313 4450 1476 4504 quam
1525 4444 1580 4490 et
1633 4451 1664 4490 a
1716 4448 1766 4491 te
1809 4438 1999 4493 didici-
2033 4437 2082 4494 D

425 4536 572 4584 mus,
619 4520 775 4576 beate
828 4537 990 4592 papa,
1052 4524 1170 4578 haec
1226 4534 1330 4580 est.
1403 4527 1770 4597 Agnoscimus
1829 4545 2000 4584 unum

426 4610 621 4674 Deum.
650 4611 829 4666 solum
880 4613 1204 4683 ingenitum,
1259 4616 1437 4671 solum
1495 4626 1782 4683 eternum,
1826 4621 2001 4675 solum

424 4701 690 4774 principio
712 4715 1007 4767 carentem,
1055 4708 1231 4762 solum
1283 4724 1493 4775 verum,
1544 4711 1722 4765 solum
1775 4711 2003 4765 immor-

427 4798 632 4853 talitate
660 4798 968 4868 praeditum,
998 4800 1176 4854 solum
1218 4802 1539 4871 sapientem,
1571 4804 1746 4858 solum
1772 4804 1998 4870 bonum,

523 4998 612 5067 16)
654 4998 876 5069 Regius.
906 4999 1094 5056 αὑτοῦ.

528 5071 614 5140 l7)
656 5067 759 5141 Sic
788 5071 949 5125 habet
981 5072 1344 5140 interpunctio
1374 5072 1428 5125 in
1472 5071 1759 5128 Basiliensi
1788 5074 1997 5141 codice,

428 5141 504 5195 ita
540 5148 598 5193 ut
631 5140 751 5209 οὐχί
782 5141 847 5194 ad
880 5142 1162 5209 superiora
1192 5143 1479 5208 referatur,
1525 5154 1579 5197 et
1616 5145 1730 5198 haec
1763 5145 1834 5199 sit
1883 5140 2002 5199 sen-

429 5211 622 5284 tentia,
654 5209 943 5280 Equalem
973 5209 1113 5265 Filio
1135 5220 1311 5284 potest
1340 5213 1559 5284 gignere
1583 5212 1753 5271 Deus.
1780 5226 1836 5269 at
1858 5231 1998 5280 pra:-

430 5281 772 5344 stantiorem,
812 5297 1176 5351 nequaquam.
1208 5282 1264 5336 In
1299 5281 1458 5337 editis
1488 5299 1619 5337 vero
1644 5285 1762 5351 οὐχί
1806 5287 1998 5346 subse-

430 5303 772 5344 Stauuorem,
812 5303 1176 5351 nequaquam.
1208 5303 1264 5336 In
1299 5303 1458 5337 cuius
1489 5303 1619 5337 vero
1644 5303 1702 5337 ou
1746 5303 1762 5337 ι
1806 5303 1998 5346 sunse-

430 5351 725 5470 gggagggas
764 5352 1094 5422 jungebatur
1134 5353 1295 5407 male.
1336 5351 1506 5408 Paulo
1536 5352 1677 5408 infra
1708 5303 1911 5426 ﬁegius
1939 5354 2000 5408 τὸ

429 5436 733 5472 κοειττονα.

471 5437 733 5566 ρῧέἷοῖῗιιί
763 5490 967 5566 Regius
989 5493 1046 5566 in
1071 5493 1370 5566 editisya'tp
1408 5493 1581 5549 deest.
1615 5492 1738 5549 Mox
1773 5492 1996 5566 Re‘gius,

430 5558 489 5622 ὃς
521 5561 690 5621 ἐστιν,
726 5573 778 5616 et
807 5558 947 5616 intra
987 5563 1152 5625 idem,
1181 5558 1292 5628 οἶός
1314 5558 1397 5619 τε.
1800 5612 1803 5615 λ

504 5629 619 5705 (l9)_
655 5629 892 5684 Habetur
922 5635 1040 5705 hinc
1062 5634 1181 5686 ﬁdei
1213 5633 1445 5705 formula
1473 5634 1613 5704 apud
1635 5634 1995 5705 Epiphamum

431 5698 623 5756 haresi
649 5716 796 5759 Lm.
825 5718 974 5756 num.
1010 5701 1041 5755 7
1061 5718 1075 5767 ;
1109 5705 1247 5773 apud
1285 5698 1550 5761 Hilarium
1586 5698 1695 5773 bis,
1728 5698 1865 5761 libro
1893 5707 1999 5761 sci-

2175 3890 2262 3946 16.
2306 3893 2373 3944 Ἀ
2400 3892 2456 3946 δὲ
2483 3893 2577 3946 καὶ
2604 3893 2671 3945 δι’
2702 3891 2990 3962 ἐπιστολῆς
3021 3891 3264 3965 ἔγραψαν
3296 3893 3432 3964 πρὸς
3458 3892 3551 3944 τὸν
3581 3907 3693 3964 μοι-

2103 3983 2332 4056 καρίτην
2381 3984 2725 4055 Ἀλέξανδρον
2750 3986 2840 4039 τὸν
2874 3987 3190 4053 ἐπίσκοπον,
3220 3987 3333 4043 ἔστι
3364 3985 3572 4039 ταῦτα’

2109 4163 2218 4235 (t9)
2257 4166 2585 4238 1314mm)
2647 4169 2849 4238 ΠΑΠᾼ
2887 4171 3016 4222 ΚΑΙ
3059 4169 3436 4238 Halmom)
3473 4171 3693 4224 HMDN

2169 4236 2596 4305 ΑΛΕΞΑΝΔΡῼ
2663 4240 2741 4291 ΟΙ
2806 4236 3332 4293 ΠΡΙιΣΒΥΤΕΡΟΙ
3389 4236 3527 4295 ΚΑΙ
3606 4245 3695 4296 ΟῙ

2175 4307 2522 4359 ΔΙΑΚΟΝΟΙ
2574 4307 2679 4360 ΕΝ
2725 4309 2955 4377 ΚΥΡΙῼ
2994 4310 3323 4363 ΧΑῙΡΕΙΝ.

2188 4419 2252 4472 Ἢ
2286 4419 2468 4484 πίστις
2493 4420 2650 4492 ἡμῶν
2675 4423 2707 4492 ἡ
2732 4426 2796 4476 ἐκ
2828 4422 3107 4493 προγόνων
3130 4462 3145 4484 ,
3196 4422 3263 4493 ἢν
3292 4423 3386 4474 καὶ
3431 4422 3542 4475 ἀπὸ
3586 4424 3687 4476 σοῦ

2110 4508 2530 4580 μεμαθήκαμεν,
2567 4514 2811 4583 μακάριε
2851 4514 3026 4575 πάπα,
3059 4513 3205 4566 ἔστιν
3247 4511 3409 4582 αὕτη.
3446 4512 3690 4583 Οἴδαμεν

2104 4601 2199 4654 ἕνα
2229 4601 2381 4663 Θεὸν,
2408 4602 2565 4671 μόνον
2594 4603 2909 4673 ἀγέννητον,
2941 4604 3099 4673 μόνον
3121 4604 3307 4667 ἀΐδιον,
3330 4606 3489 4675 μόνον
3514 4605 3689 4674 ἄναρ-

2104 4710 2217 4762 χον,
2255 4692 2415 4763 μόνον
2445 4694 2717 4764 ἀληθινὸν,
2752 4696 2912 4765 μόνον
2935 4695 3228 4749 ἀθανασίαν
3257 4695 3469 4766 ἔχοντα,
3520 4696 3687 4766 μόνον

2104 4784 2286 4852 σοφὸν,
2327 4784 2485 4854 μόνον
2512 4786 2736 4853 ἀγαθὸν,
2777 4787 2934 4857 μόνον
2966 4787 3235 4858 δυνάστην
3254 4829 3269 4853 ,
3302 4789 3521 4841 πάντων
3562 4804 3690 4858 κρι-

2102 5008 2226 5062 licet
2252 5016 2448 5076 quarto
2473 5008 2540 5062 de
2577 5007 2862 5073 Trinitate,
2889 5008 2993 5062 col.
3017 5007 3124 5063 853
3144 5025 3159 5071 ;
3183 5007 3324 5061 libro
3356 5008 3484 5061 item
3518 5022 3572 5061 η
3604 5005 3687 5061 De

2106 5077 2322 5147 Trinit.,
2356 5078 2463 5147 col.
2508 5078 2633 5133 881.
2684 5079 2839 5147 Apud
2872 5077 3243 5147 Ambrosium,
3282 5087 3414 5131 tom.
3453 5076 3518 5139 ll,
3550 5092 3679 5146 pag.

2103 5118 2322 5220 ἦέἕξξξὶἷ
2335 5118 3414 5220 cassita;{mitigatamum;'
3432 5118 3684 5216 ριξξεῖὄέιέ

2103 5233 2197 5272 seu
2224 5217 2346 5272 ﬁdei
2381 5217 2630 5273 formula:
2662 5219 2865 5287 passim
2910 5218 2969 5272 ﬁt
3015 5218 3243 5277 mentio,
3275 5219 3503 5286 ejusque
3526 5219 3683 5271 varia

2101 5290 2479 5357 expenduntur
2513 5289 2651 5353 loca,
2683 5290 2751 5343 ab
2778 5288 2935 5342 initio
2960 5288 3125 5357 petita
3152 5304 3167 5341 :
3202 5296 3368 5356 atque
3400 5299 3458 5340 ut
3492 5288 3564 5341 ibi
3596 5298 3647 5341 te
3674 5317 3684 5323 -
3755 5320 3759 5329 ι

2102 5356 2316 5413 stantur
2349 5356 2540 5413 Patres
2582 5360 2637 5413 in
2689 5358 2918 5428 epistola
2951 5356 3017 5411 ad
3069 5358 3429 5428 imperatores
3489 5372 3685 5428 numef

2102 5444 2166 5500 ro_
2201 5428 2432 5500 decima,
2481 5429 2621 5482 eain
2669 5426 2879 5500 synodo
2932 5426 3161 5500 recitata
3216 5426 3341 5489 fuit,
3393 5436 3557 5500 atque
3586 5426 3681 5479 isti

2101 5497 2169 5551 ad
2222 5498 2579 5565 imperatores
2636 5497 2879 5565 epistolae
2938 5499 3251 5565 subjuncta,
3300 5498 3447 5551 unde
3494 5505 3681 5550 tamen

2100 5568 2321 5623 excidit.
2400 5567 2744 5638 Vocaturque
2813 5568 2889 5622 ibi
2946 5567 3191 5637 Epistola
3237 5568 3379 5630 Arii,
3418 5568 3682 5638 praecipui

2100 5638 2343 5700 scilicet,
2388 5648 2444 5693 at
2516 5653 2623 5693 non
2656 5636 2852 5693 solius
2903 5636 3021 5706 ejus
3067 5638 3325 5691 anetoris.
3368 5666 3439 5679 --
3475 5636 3684 5706 Regius

2100 5718 2153 5763 ct
2227 5706 2459 5780 Epiph.,
2513 5708 2606 5762 καὶ
2651 5705 2954 5779 ὲπισκόπῳς
3014 5706 3072 5763 lu
3126 5707 3288 5763 editis
3346 5705 3440 5761 καί
3500 5705 3699 5766 deest.
