  <div class='ocr_page' id='page_1' title='image "/cluster/home/n/w/nwhite01/storage/ocr_20150623/26/nnc1.0046978577/370.png"; bbox 0 0 3822 6226; ppageno 0'>
   <div class='ocr_carea' id='block_1_1' title="bbox 218 326 331 380">
    <p class='ocr_par' dir='ltr' id='par_1_1' title="bbox 218 326 331 380">
     <span class='ocr_line' id='line_1_1' title="bbox 218 326 331 380; baseline 0 0"><span class='ocrx_word' id='word_1_1' title='bbox 218 326 331 380; x_wconf 82' lang='lat'><strong>709</strong></span> 
     </span>
    </p>
   </div>
   <div class='ocr_carea' id='block_1_2' title="bbox 1590 316 2031 373">
    <p class='ocr_par' dir='ltr' id='par_1_2' title="bbox 1590 316 2031 373">
     <span class='ocr_line' id='line_1_2' title="bbox 1590 316 2031 373; baseline -0.005 0"><span class='ocrx_word' id='word_1_2' title='bbox 1590 317 1679 373; x_wconf 83' lang='lat' dir='ltr'><strong>DE</strong></span> <span class='ocrx_word' id='word_1_3' title='bbox 1719 316 2031 373; x_wconf 77' lang='lat' dir='ltr'><strong>SYNODIS.</strong></span> 
     </span>
    </p>
   </div>
   <div class='ocr_carea' id='block_1_3' title="bbox 3367 312 3481 366">
    <p class='ocr_par' dir='ltr' id='par_1_3' title="bbox 3367 312 3481 366">
     <span class='ocr_line' id='line_1_3' title="bbox 3367 312 3481 366; baseline 0 0"><span class='ocrx_word' id='word_1_4' title='bbox 3367 312 3481 366; x_wconf 83' lang='lat' dir='ltr'><strong>7l0‘</strong></span> 
     </span>
    </p>
   </div>
   <div class='ocr_carea' id='block_1_4' title="bbox 220 430 1803 513">
    <p class='ocr_par' dir='ltr' id='par_1_4' title="bbox 220 435 1794 513">
     <span class='ocr_line' id='line_1_4' title="bbox 220 435 1794 513; baseline -0.004 -19"><span class='ocrx_word' id='word_1_5' title='bbox 220 439 323 513; x_wconf 72' lang='grc' dir='ltr'>τὴν</span> <span class='ocrx_word' id='word_1_6' title='bbox 357 439 492 512; x_wconf 76' lang='lat'><strong>(20),</strong></span> <span class='ocrx_word' id='word_1_7' title='bbox 513 437 806 510; x_wconf 81' lang='grc' dir='ltr'>διοικητὴν,</span> <span class='ocrx_word' id='word_1_8' title='bbox 840 437 1139 509; x_wconf 88' lang='grc' dir='ltr'>οἰκονόμον,</span> <span class='ocrx_word' id='word_1_9' title='bbox 1170 436 1457 509; x_wconf 79' lang='grc' dir='ltr'>ἄτρεπτον,</span> <span class='ocrx_word' id='word_1_10' title='bbox 1503 437 1599 490; x_wconf 74' lang='grc' dir='ltr'>καὶ</span> <span class='ocrx_word' id='word_1_11' title='bbox 1630 435 1794 489; x_wconf 77' lang='grc' dir='ltr'>ἀναλ-</span> 
     </span>
    </p>
   </div>
   <div class='ocr_carea' id='block_1_5' title="bbox 1914 430 3482 513">
    <p class='ocr_par' dir='ltr' id='par_1_5' title="bbox 1914 430 3482 503">
     <span class='ocr_line' id='line_1_5' title="bbox 1914 430 3482 503; baseline -0.004 -14"><span class='ocrx_word' id='word_1_12' title='bbox 1914 437 2074 489; x_wconf 70' lang='lat' dir='ltr'><strong>solum</strong></span> <span class='ocrx_word' id='word_1_13' title='bbox 2123 442 2417 503; x_wconf 87' lang='lat' dir='ltr'><strong>potentem.</strong></span> <span class='ocrx_word' id='word_1_14' title='bbox 2443 435 2690 489; x_wconf 91' lang='lat' dir='ltr'><strong>omnium</strong></span> <span class='ocrx_word' id='word_1_15' title='bbox 2740 432 3006 503; x_wconf 87' lang='lat' dir='ltr'><strong>judicem,</strong></span> <span class='ocrx_word' id='word_1_16' title='bbox 3061 430 3482 486; x_wconf 80' lang='lat' dir='ltr'><strong>administrato-</strong></span> 
     </span>
    </p>
   </div>
   <div class='ocr_carea' id='block_1_6' title="bbox 219 528 1796 598">
    <p class='ocr_par' dir='ltr' id='par_1_6' title="bbox 219 528 1796 598">
     <span class='ocr_line' id='line_1_6' title="bbox 219 528 1796 598; baseline -0.004 -13"><span class='ocrx_word' id='word_1_17' title='bbox 219 530 468 595; x_wconf 85' lang='grc' dir='ltr'>λοίωτον,</span> <span class='ocrx_word' id='word_1_18' title='bbox 525 530 731 583; x_wconf 80' lang='grc' dir='ltr'>δίκαιον</span> <span class='ocrx_word' id='word_1_19' title='bbox 769 531 864 584; x_wconf 75' lang='grc' dir='ltr'><strong>καὶ</strong></span> <span class='ocrx_word' id='word_1_20' title='bbox 893 529 1115 598; x_wconf 81' lang='grc' dir='ltr'>ἀγαθὸν,</span> <span class='ocrx_word' id='word_1_21' title='bbox 1156 530 1320 598; x_wconf 72' lang='grc' dir='ltr'>νόμον</span> <span class='ocrx_word' id='word_1_22' title='bbox 1373 529 1470 581; x_wconf 80' lang='grc' dir='ltr'>καὶ</span> <span class='ocrx_word' id='word_1_23' title='bbox 1503 528 1796 598; x_wconf 81' lang='grc' dir='ltr'>προφητῶν</span> 
     </span>
    </p>
   </div>
   <div class='ocr_carea' id='block_1_7' title="bbox 223 618 1797 692">
    <p class='ocr_par' dir='ltr' id='par_1_7' title="bbox 223 618 1797 692">
     <span class='ocr_line' id='line_1_7' title="bbox 223 618 1797 692; baseline -0.004 -17"><span class='ocrx_word' id='word_1_24' title='bbox 223 621 324 676; x_wconf 75' lang='grc' dir='ltr'>καὶ</span> <span class='ocrx_word' id='word_1_25' title='bbox 351 622 560 692; x_wconf 83' lang='grc' dir='ltr'><strong>Καινῆς</strong></span> <span class='ocrx_word' id='word_1_26' title='bbox 597 621 868 692; x_wconf 82' lang='grc' dir='ltr'>Διαθήκης</span> <span class='ocrx_word' id='word_1_27' title='bbox 899 621 1083 674; x_wconf 82' lang='grc' dir='ltr'>τοῦτον</span> <span class='ocrx_word' id='word_1_28' title='bbox 1104 620 1265 673; x_wconf 74' lang='grc' dir='ltr'>Θεόνο</span> <span class='ocrx_word' id='word_1_29' title='bbox 1306 621 1640 687; x_wconf 79' lang='grc' dir='ltr'>γεννήσαντα</span> <span class='ocrx_word' id='word_1_30' title='bbox 1672 618 1797 670; x_wconf 73' lang='grc' dir='ltr'>Υἰδν</span> 
     </span>
    </p>
   </div>
   <div class='ocr_carea' id='block_1_8' title="bbox 228 706 1793 784">
    <p class='ocr_par' dir='ltr' id='par_1_8' title="bbox 228 706 1793 784">
     <span class='ocr_line' id='line_1_8' title="bbox 228 706 1793 784; baseline -0.003 -19"><span class='ocrx_word' id='word_1_31' title='bbox 228 712 493 784; x_wconf 78' lang='grc' dir='ltr'>μονογενῆ</span> <span class='ocrx_word' id='word_1_32' title='bbox 522 712 630 783; x_wconf 80' lang='grc' dir='ltr'><strong>πρὸ</strong></span> <span class='ocrx_word' id='word_1_33' title='bbox 661 713 869 783; x_wconf 86' lang='grc' dir='ltr'>χρόνων</span> <span class='ocrx_word' id='word_1_34' title='bbox 890 711 1142 776; x_wconf 81' lang='grc' dir='ltr'>αἰωνίων,</span> <span class='ocrx_word' id='word_1_35' title='bbox 1169 711 1235 764; x_wconf 87' lang='grc' dir='ltr'>δι’</span> <span class='ocrx_word' id='word_1_36' title='bbox 1259 706 1321 765; x_wconf 74' lang='grc' dir='ltr'>οὗ</span> <span class='ocrx_word' id='word_1_37' title='bbox 1360 710 1455 763; x_wconf 69' lang='grc' dir='ltr'>καὶ</span> <span class='ocrx_word' id='word_1_38' title='bbox 1500 711 1627 773; x_wconf 79' lang='grc' dir='ltr'>τοὺς</span> <span class='ocrx_word' id='word_1_39' title='bbox 1668 711 1793 763; x_wconf 82' lang='grc' dir='ltr'>αἰῶ-</span> 
     </span>
    </p>
   </div>
   <div class='ocr_carea' id='block_1_9' title="bbox 222 798 1817 873">
    <p class='ocr_par' dir='ltr' id='par_1_9' title="bbox 222 798 1817 873">
     <span class='ocr_line' id='line_1_9' title="bbox 222 798 1817 873; baseline -0.002 -18"><span class='ocrx_word' id='word_1_40' title='bbox 222 819 325 865; x_wconf 82' lang='grc' dir='ltr'><strong>νας</strong></span> <span class='ocrx_word' id='word_1_41' title='bbox 348 801 533 855; x_wconf 78' lang='grc' dir='ltr'>καὶτὰ</span> <span class='ocrx_word' id='word_1_42' title='bbox 562 802 657 855; x_wconf 83' lang='grc' dir='ltr'>ὅλα</span> <span class='ocrx_word' id='word_1_43' title='bbox 684 802 947 873; x_wconf 83' lang='grc' dir='ltr'>πεποίηκε</span> <span class='ocrx_word' id='word_1_44' title='bbox 972 800 1081 873; x_wconf 72' lang='lat'><strong>(21)</strong></span> <span class='ocrx_word' id='word_1_45' title='bbox 1107 818 1119 831; x_wconf 89' lang='grc'><strong>·</strong></span> <span class='ocrx_word' id='word_1_46' title='bbox 1150 801 1484 872; x_wconf 83' lang='grc' dir='ltr'>γεννήσαντα</span> <span class='ocrx_word' id='word_1_47' title='bbox 1527 800 1584 853; x_wconf 83' lang='grc' dir='ltr'>δὲ</span> <span class='ocrx_word' id='word_1_48' title='bbox 1618 801 1678 852; x_wconf 82' lang='grc' dir='ltr'><strong>οὐ</strong></span> <span class='ocrx_word' id='word_1_49' title='bbox 1707 798 1817 852; x_wconf 71' lang='grc' dir='ltr'><strong>δο-Δ</strong></span> 
     </span>
    </p>
   </div>
   <div class='ocr_carea' id='block_1_10' title="bbox 223 890 1798 965">
    <p class='ocr_par' dir='ltr' id='par_1_10' title="bbox 223 890 1798 965">
     <span class='ocr_line' id='line_1_10' title="bbox 223 890 1798 965; baseline -0.001 -19"><span class='ocrx_word' id='word_1_50' title='bbox 223 894 409 965; x_wconf 82' lang='grc' dir='ltr'>κήσει,</span> <span class='ocrx_word' id='word_1_51' title='bbox 464 892 600 946; x_wconf 81' lang='grc' dir='ltr'>ἀλλὰ</span> <span class='ocrx_word' id='word_1_52' title='bbox 645 893 907 965; x_wconf 70' lang='grc' dir='ltr'>ἀληθείᾳο</span> <span class='ocrx_word' id='word_1_53' title='bbox 945 894 1326 963; x_wconf 80' lang='grc' dir='ltr'>ὑποστήσαντα</span> <span class='ocrx_word' id='word_1_54' title='bbox 1376 891 1488 961; x_wconf 84' lang='grc' dir='ltr'>ἰδίῳ</span> <span class='ocrx_word' id='word_1_55' title='bbox 1536 890 1798 962; x_wconf 83' lang='grc' dir='ltr'><strong>θελήματι</strong></span> 
     </span>
    </p>
   </div>
   <div class='ocr_carea' id='block_1_11' title="bbox 222 981 1797 1057">
    <p class='ocr_par' dir='ltr' id='par_1_11' title="bbox 222 981 1797 1057">
     <span class='ocr_line' id='line_1_11' title="bbox 222 981 1797 1057; baseline -0.003 -18"><span class='ocrx_word' id='word_1_56' title='bbox 222 986 496 1057; x_wconf 81' lang='grc' dir='ltr'>ἄτρεπτον</span> <span class='ocrx_word' id='word_1_57' title='bbox 529 987 621 1038; x_wconf 77' lang='grc' dir='ltr'><strong>καί</strong></span> <span class='ocrx_word' id='word_1_58' title='bbox 646 984 998 1039; x_wconf 82' lang='grc' dir='ltr'>ἀναλλοίωτον</span> <span class='ocrx_word' id='word_1_59' title='bbox 1032 985 1237 1054; x_wconf 79' lang='grc' dir='ltr'>κτίσμα</span> <span class='ocrx_word' id='word_1_60' title='bbox 1275 982 1370 1035; x_wconf 86' lang='grc' dir='ltr'><strong>τοῦ</strong></span> <span class='ocrx_word' id='word_1_61' title='bbox 1396 981 1532 1036; x_wconf 90' lang='grc' dir='ltr'>Θεοῦ</span> <span class='ocrx_word' id='word_1_62' title='bbox 1568 983 1797 1047; x_wconf 81' lang='grc' dir='ltr'>τέλειον,</span> 
     </span>
    </p>
   </div>
   <div class='ocr_carea' id='block_1_12' title="bbox 223 1075 1799 1148">
    <p class='ocr_par' dir='ltr' id='par_1_12' title="bbox 223 1075 1799 1148">
     <span class='ocr_line' id='line_1_12' title="bbox 223 1075 1799 1148; baseline -0.001 -19"><span class='ocrx_word' id='word_1_63' title='bbox 223 1077 341 1130; x_wconf 74' lang='grc' dir='ltr'>ἀλλ’</span> <span class='ocrx_word' id='word_1_64' title='bbox 367 1078 467 1148; x_wconf 83' lang='grc' dir='ltr'>οὐχ</span> <span class='ocrx_word' id='word_1_65' title='bbox 498 1078 574 1140; x_wconf 87' lang='grc' dir='ltr'>ὡς</span> <span class='ocrx_word' id='word_1_66' title='bbox 614 1077 671 1129; x_wconf 80' lang='grc' dir='ltr'>ἓν</span> <span class='ocrx_word' id='word_1_67' title='bbox 714 1076 821 1130; x_wconf 80' lang='grc' dir='ltr'>τῶν</span> <span class='ocrx_word' id='word_1_68' title='bbox 850 1076 1196 1147; x_wconf 81' lang='grc' dir='ltr'>κτισμάτων’</span> <span class='ocrx_word' id='word_1_69' title='bbox 1248 1076 1515 1146; x_wconf 82' lang='grc' dir='ltr'>γέννημα,</span> <span class='ocrx_word' id='word_1_70' title='bbox 1555 1075 1670 1128; x_wconf 81' lang='grc' dir='ltr'>ἀλλ’</span> <span class='ocrx_word' id='word_1_71' title='bbox 1700 1076 1799 1145; x_wconf 84' lang='grc' dir='ltr'>οὐχ</span> 
     </span>
    </p>
   </div>
   <div class='ocr_carea' id='block_1_13' title="bbox 221 1165 1800 1238">
    <p class='ocr_par' dir='ltr' id='par_1_13' title="bbox 221 1165 1800 1238">
     <span class='ocr_line' id='line_1_13' title="bbox 221 1165 1800 1238; baseline -0.001 -18"><span class='ocrx_word' id='word_1_72' title='bbox 221 1167 303 1231; x_wconf 81' lang='grc' dir='ltr'>ὡς</span> <span class='ocrx_word' id='word_1_73' title='bbox 330 1168 388 1220; x_wconf 78' lang='grc' dir='ltr'>ἓν</span> <span class='ocrx_word' id='word_1_74' title='bbox 409 1166 516 1221; x_wconf 86' lang='grc' dir='ltr'><strong>τῶν</strong></span> <span class='ocrx_word' id='word_1_75' title='bbox 560 1168 969 1238; x_wconf 78' lang='grc' dir='ltr'>γεγεννημένων</span> <span class='ocrx_word' id='word_1_76' title='bbox 1001 1168 1114 1237; x_wconf 71' lang='lat'><strong>(2‘2)</strong></span> <span class='ocrx_word' id='word_1_77' title='bbox 1138 1209 1152 1232; x_wconf 96' lang='lat'><strong>,</strong></span> <span class='ocrx_word' id='word_1_78' title='bbox 1192 1167 1300 1220; x_wconf 79' lang='grc' dir='ltr'>οὐδ’</span> <span class='ocrx_word' id='word_1_79' title='bbox 1341 1167 1417 1229; x_wconf 86' lang='grc' dir='ltr'>ὼς</span> <span class='ocrx_word' id='word_1_80' title='bbox 1451 1165 1800 1228; x_wconf 83' lang='grc' dir='ltr'>Οὐαλεντῑνος</span> 
     </span>
    </p>
   </div>
   <div class='ocr_carea' id='block_1_14' title="bbox 224 1255 1798 1331">
    <p class='ocr_par' dir='ltr' id='par_1_14' title="bbox 224 1255 1798 1331">
     <span class='ocr_line' id='line_1_14' title="bbox 224 1255 1798 1331; baseline -0.003 -19"><span class='ocrx_word' id='word_1_81' title='bbox 224 1258 497 1331; x_wconf 78' lang='grc' dir='ltr'>προϐολὴν</span> <span class='ocrx_word' id='word_1_82' title='bbox 526 1258 586 1311; x_wconf 84' lang='grc' dir='ltr'>τὸ</span> <span class='ocrx_word' id='word_1_83' title='bbox 613 1258 862 1329; x_wconf 80' lang='grc' dir='ltr'>γέννημα</span> <span class='ocrx_word' id='word_1_84' title='bbox 892 1256 985 1310; x_wconf 90' lang='grc' dir='ltr'><strong>τοῦ</strong></span> <span class='ocrx_word' id='word_1_85' title='bbox 1017 1255 1227 1328; x_wconf 83' lang='grc' dir='ltr'>Πατρὸς</span> <span class='ocrx_word' id='word_1_86' title='bbox 1254 1255 1606 1326; x_wconf 81' lang='grc' dir='ltr'>ἐδογμάτισεν</span> <span class='ocrx_word' id='word_1_87' title='bbox 1629 1273 1641 1286; x_wconf 90' lang='grc'><strong>·</strong></span> <span class='ocrx_word' id='word_1_88' title='bbox 1691 1256 1798 1309; x_wconf 81' lang='grc' dir='ltr'>οὐδ’</span> 
     </span>
    </p>
   </div>
   <div class='ocr_carea' id='block_1_15' title="bbox 223 1344 1802 1418">
    <p class='ocr_par' dir='ltr' id='par_1_15' title="bbox 223 1344 1802 1418">
     <span class='ocr_line' id='line_1_15' title="bbox 223 1344 1802 1418; baseline 0 -19"><span class='ocrx_word' id='word_1_89' title='bbox 223 1346 303 1410; x_wconf 83' lang='grc' dir='ltr'>ὡς</span> <span class='ocrx_word' id='word_1_90' title='bbox 330 1348 359 1399; x_wconf 98' lang='lat'><strong>6</strong></span> <span class='ocrx_word' id='word_1_91' title='bbox 384 1347 680 1416; x_wconf 81' lang='grc' dir='ltr'>Μανιχαίος</span> <span class='ocrx_word' id='word_1_92' title='bbox 711 1346 874 1418; x_wconf 81' lang='grc' dir='ltr'>μέρος</span> <span class='ocrx_word' id='word_1_93' title='bbox 893 1345 1172 1416; x_wconf 82' lang='grc' dir='ltr'>ὁμοούσιον</span> <span class='ocrx_word' id='word_1_94' title='bbox 1203 1344 1297 1400; x_wconf 89' lang='grc' dir='ltr'><strong>τοῦ</strong></span> <span class='ocrx_word' id='word_1_95' title='bbox 1330 1345 1541 1415; x_wconf 79' lang='grc' dir='ltr'>Πατρὸς</span> <span class='ocrx_word' id='word_1_96' title='bbox 1579 1345 1641 1399; x_wconf 82' lang='grc' dir='ltr'>τὸ</span> <span class='ocrx_word' id='word_1_97' title='bbox 1680 1347 1802 1414; x_wconf 82' lang='grc' dir='ltr'>γέν-</span> 
     </span>
    </p>
   </div>
   <div class='ocr_carea' id='block_1_16' title="bbox 225 1438 1799 1509">
    <p class='ocr_par' dir='ltr' id='par_1_16' title="bbox 225 1438 1799 1509">
     <span class='ocr_line' id='line_1_16' title="bbox 225 1438 1799 1509; baseline 0.002 -19"><span class='ocrx_word' id='word_1_98' title='bbox 225 1455 292 1508; x_wconf 91' lang='grc' dir='ltr'><strong>νη</strong></span> <span class='ocrx_word' id='word_1_99' title='bbox 302 1456 376 1508; x_wconf 89' lang='grc' dir='ltr'><strong>μα</strong></span> <span class='ocrx_word' id='word_1_100' title='bbox 401 1440 730 1509; x_wconf 68' lang='grc' dir='ltr'>εἰσηγήσατο</span> <span class='ocrx_word' id='word_1_101' title='bbox 750 1456 763 1470; x_wconf 87' lang='grc'><strong>·</strong></span> <span class='ocrx_word' id='word_1_102' title='bbox 786 1439 894 1491; x_wconf 78' lang='grc' dir='ltr'>οὐδ’</span> <span class='ocrx_word' id='word_1_103' title='bbox 924 1439 999 1503; x_wconf 86' lang='grc' dir='ltr'>ὡς</span> <span class='ocrx_word' id='word_1_104' title='bbox 1025 1438 1311 1502; x_wconf 78' lang='grc' dir='ltr'>Σασέλλως</span> <span class='ocrx_word' id='word_1_105' title='bbox 1340 1438 1437 1509; x_wconf 84' lang='grc' dir='ltr'><strong>τὴν</strong></span> <span class='ocrx_word' id='word_1_106' title='bbox 1474 1438 1673 1509; x_wconf 82' lang='grc' dir='ltr'>μονάδα</span> <span class='ocrx_word' id='word_1_107' title='bbox 1688 1439 1799 1509; x_wconf 71' lang='grc'><strong>(9.5)</strong></span> 
     </span>
    </p>
   </div>
   <div class='ocr_carea' id='block_1_17' title="bbox 222 1527 1801 1603">
    <p class='ocr_par' dir='ltr' id='par_1_17' title="bbox 222 1527 1801 1603">
     <span class='ocr_line' id='line_1_17' title="bbox 222 1527 1801 1603; baseline 0.003 -21"><span class='ocrx_word' id='word_1_108' title='bbox 222 1529 472 1601; x_wconf 77' lang='grc' dir='ltr'>διαιρῶν,</span> <span class='ocrx_word' id='word_1_109' title='bbox 497 1531 794 1602; x_wconf 79' lang='grc' dir='ltr'>υἰοπάτορα</span> <span class='ocrx_word' id='word_1_110' title='bbox 826 1527 977 1584; x_wconf 80' lang='grc' dir='ltr'>εἶπεν</span> <span class='ocrx_word' id='word_1_111' title='bbox 998 1548 1010 1560; x_wconf 91' lang='grc'><strong>·</strong></span> <span class='ocrx_word' id='word_1_112' title='bbox 1045 1532 1152 1584; x_wconf 79' lang='grc' dir='ltr'>οὐδ’</span> <span class='ocrx_word' id='word_1_113' title='bbox 1196 1532 1272 1595; x_wconf 89' lang='grc' dir='ltr'>ὼς</span> <span class='ocrx_word' id='word_1_114' title='bbox 1320 1532 1568 1602; x_wconf 81' lang='grc' dir='ltr'>Ἰἐρακας</span> <span class='ocrx_word' id='word_1_115' title='bbox 1610 1531 1801 1603; x_wconf 81' lang='grc' dir='ltr'>λύχνον</span> 
     </span>
    </p>
   </div>
   <div class='ocr_carea' id='block_1_18' title="bbox 227 1620 1802 1694">
    <p class='ocr_par' dir='ltr' id='par_1_18' title="bbox 227 1620 1802 1694">
     <span class='ocr_line' id='line_1_18' title="bbox 227 1620 1802 1694; baseline 0.003 -22"><span class='ocrx_word' id='word_1_116' title='bbox 227 1620 339 1673; x_wconf 82' lang='grc' dir='ltr'>ἀπὸ</span> <span class='ocrx_word' id='word_1_117' title='bbox 362 1620 575 1691; x_wconf 77' lang='grc' dir='ltr'>λύχνον,</span> <span class='ocrx_word' id='word_1_118' title='bbox 621 1621 759 1694; x_wconf 80' lang='grc' dir='ltr'><strong>ἢὼς</strong></span> <span class='ocrx_word' id='word_1_119' title='bbox 785 1622 1043 1692; x_wconf 80' lang='grc' dir='ltr'>λαμπάδα</span> <span class='ocrx_word' id='word_1_120' title='bbox 1089 1626 1168 1687; x_wconf 89' lang='grc' dir='ltr'><strong>εἰς</strong></span> <span class='ocrx_word' id='word_1_121' title='bbox 1195 1623 1319 1677; x_wconf 70' lang='grc' dir='ltr'>δύου</span> <span class='ocrx_word' id='word_1_122' title='bbox 1364 1624 1483 1676; x_wconf 84' lang='grc' dir='ltr'>οὐδὲ</span> <span class='ocrx_word' id='word_1_123' title='bbox 1532 1624 1623 1677; x_wconf 86' lang='grc' dir='ltr'><strong>τὸν</strong></span> <span class='ocrx_word' id='word_1_124' title='bbox 1673 1625 1802 1678; x_wconf 68' lang='grc' dir='ltr'>ὄντα</span> 
     </span>
    </p>
   </div>
   <div class='ocr_carea' id='block_1_19' title="bbox 1897 522 3470 596">
    <p class='ocr_par' dir='ltr' id='par_1_19' title="bbox 1897 522 3470 596">
     <span class='ocr_line' id='line_1_19' title="bbox 1897 522 3470 596; baseline -0.004 -16"><span class='ocrx_word' id='word_1_125' title='bbox 1897 542 2033 593; x_wconf 83' lang='lat' dir='ltr'><strong>rem,</strong></span> <span class='ocrx_word' id='word_1_126' title='bbox 2086 527 2540 596; x_wconf 79' lang='lat' dir='ltr'><strong>dispensatorem,</strong></span> <span class='ocrx_word' id='word_1_127' title='bbox 2590 525 2988 579; x_wconf 78' lang='lat' dir='ltr'><strong>immutabilem</strong></span> <span class='ocrx_word' id='word_1_128' title='bbox 3046 531 3102 578; x_wconf 92' lang='lat' dir='ltr'><strong>et</strong></span> <span class='ocrx_word' id='word_1_129' title='bbox 3150 522 3470 576; x_wconf 87' lang='lat' dir='ltr'><strong>inalterabi-</strong></span> 
     </span>
    </p>
   </div>
   <div class='ocr_carea' id='block_1_20' title="bbox 1896 613 3469 690">
    <p class='ocr_par' dir='ltr' id='par_1_20' title="bbox 1896 613 3469 690">
     <span class='ocr_line' id='line_1_20' title="bbox 1896 613 3469 690; baseline -0.005 -15"><span class='ocrx_word' id='word_1_130' title='bbox 1896 621 2023 686; x_wconf 91' lang='lat' dir='ltr'><strong>lem,</strong></span> <span class='ocrx_word' id='word_1_131' title='bbox 2049 620 2255 690; x_wconf 82' lang='lat' dir='ltr'><strong>justum</strong></span> <span class='ocrx_word' id='word_1_132' title='bbox 2280 629 2333 674; x_wconf 89' lang='lat' dir='ltr'><strong>et</strong></span> <span class='ocrx_word' id='word_1_133' title='bbox 2364 621 2588 684; x_wconf 91' lang='lat' dir='ltr'><strong>bonum,</strong></span> <span class='ocrx_word' id='word_1_134' title='bbox 2617 620 2776 690; x_wconf 85' lang='lat' dir='ltr'><strong>legis,</strong></span> <span class='ocrx_word' id='word_1_135' title='bbox 2806 620 3200 690; x_wconf 87' lang='lat' dir='ltr'><strong>prophetarum</strong></span> <span class='ocrx_word' id='word_1_136' title='bbox 3229 625 3284 671; x_wconf 90' lang='lat' dir='ltr'><strong>et</strong></span> <span class='ocrx_word' id='word_1_137' title='bbox 3332 613 3469 669; x_wconf 86' lang='lat' dir='ltr'><strong>Novi</strong></span> 
     </span>
    </p>
   </div>
   <div class='ocr_carea' id='block_1_21' title="bbox 1898 709 3482 782">
    <p class='ocr_par' dir='ltr' id='par_1_21' title="bbox 1898 709 3482 782">
     <span class='ocr_line' id='line_1_21' title="bbox 1898 709 3482 782; baseline -0.005 -14"><span class='ocrx_word' id='word_1_138' title='bbox 1898 713 2230 768; x_wconf 86' lang='lat' dir='ltr'><strong>Testamenti</strong></span> <span class='ocrx_word' id='word_1_139' title='bbox 2285 710 2505 767; x_wconf 89' lang='lat' dir='ltr'><strong>Deum:</strong></span> <span class='ocrx_word' id='word_1_140' title='bbox 2554 713 2647 782; x_wconf 83' lang='lat' dir='ltr'><strong>qui</strong></span> <span class='ocrx_word' id='word_1_141' title='bbox 2698 711 2896 766; x_wconf 87' lang='lat' dir='ltr'><strong>Filium</strong></span> <span class='ocrx_word' id='word_1_142' title='bbox 2952 709 3292 780; x_wconf 77' lang='lat' dir='ltr'><strong>unigenitum</strong></span> <span class='ocrx_word' id='word_1_143' title='bbox 3348 715 3482 761; x_wconf 85' lang='lat' dir='ltr'><strong>ante</strong></span> 
     </span>
    </p>
   </div>
   <div class='ocr_carea' id='block_1_22' title="bbox 1897 800 3477 874">
    <p class='ocr_par' dir='ltr' id='par_1_22' title="bbox 1897 800 3477 874">
     <span class='ocr_line' id='line_1_22' title="bbox 1897 800 3477 874; baseline -0.005 -13"><span class='ocrx_word' id='word_1_144' title='bbox 1897 814 2140 874; x_wconf 85' lang='lat' dir='ltr'><strong>tempora</strong></span> <span class='ocrx_word' id='word_1_145' title='bbox 2197 812 2397 859; x_wconf 67' lang='lat' dir='ltr'><strong>aeterna</strong></span> <span class='ocrx_word' id='word_1_146' title='bbox 2444 806 2652 872; x_wconf 84' lang='lat' dir='ltr'><strong>genuit,</strong></span> <span class='ocrx_word' id='word_1_147' title='bbox 2710 820 2806 874; x_wconf 90' lang='lat' dir='ltr'><strong>per</strong></span> <span class='ocrx_word' id='word_1_148' title='bbox 2860 818 3020 873; x_wconf 90' lang='lat' dir='ltr'><strong>quem</strong></span> <span class='ocrx_word' id='word_1_149' title='bbox 3070 810 3124 856; x_wconf 91' lang='lat' dir='ltr'><strong>et</strong></span> <span class='ocrx_word' id='word_1_150' title='bbox 3187 800 3384 856; x_wconf 70' lang='lat' dir='ltr'><strong>saecula</strong></span> <span class='ocrx_word' id='word_1_151' title='bbox 3420 810 3477 854; x_wconf 80' lang='lat' dir='ltr'><strong>et</strong></span> 
     </span>
    </p>
   </div>
   <div class='ocr_carea' id='block_1_23' title="bbox 1897 891 3483 963">
    <p class='ocr_par' dir='ltr' id='par_1_23' title="bbox 1897 891 3483 963">
     <span class='ocr_line' id='line_1_23' title="bbox 1897 891 3483 963; baseline -0.004 -14"><span class='ocrx_word' id='word_1_152' title='bbox 1897 895 2152 949; x_wconf 83' lang='lat' dir='ltr'><strong>universa</strong></span> <span class='ocrx_word' id='word_1_153' title='bbox 2176 894 2424 948; x_wconf 83' lang='lat' dir='ltr'><strong>condidit</strong></span> <span class='ocrx_word' id='word_1_154' title='bbox 2459 911 2472 947; x_wconf 91' lang='lat'><strong>:</strong></span> <span class='ocrx_word' id='word_1_155' title='bbox 2502 894 2690 963; x_wconf 82' lang='lat' dir='ltr'><strong>genuit</strong></span> <span class='ocrx_word' id='word_1_156' title='bbox 2747 903 2928 947; x_wconf 88' lang='lat' dir='ltr'><strong>autem</strong></span> <span class='ocrx_word' id='word_1_157' title='bbox 2978 907 3089 946; x_wconf 93' lang='lat' dir='ltr'><strong>non</strong></span> <span class='ocrx_word' id='word_1_158' title='bbox 3131 891 3245 946; x_wconf 91' lang='lat' dir='ltr'><strong>sola</strong></span> <span class='ocrx_word' id='word_1_159' title='bbox 3295 891 3483 960; x_wconf 78' lang='lat' dir='ltr'><strong>specie</strong></span> 
     </span>
    </p>
   </div>
   <div class='ocr_carea' id='block_1_24' title="bbox 1900 981 3475 1054">
    <p class='ocr_par' dir='ltr' id='par_1_24' title="bbox 1900 981 3475 1054">
     <span class='ocr_line' id='line_1_24' title="bbox 1900 981 3475 1054; baseline -0.003 -17"><span class='ocrx_word' id='word_1_160' title='bbox 1900 993 2079 1050; x_wconf 89' lang='lat' dir='ltr'><strong>tenus,</strong></span> <span class='ocrx_word' id='word_1_161' title='bbox 2096 987 2187 1039; x_wconf 81' lang='lat' dir='ltr'><strong>sed</strong></span> <span class='ocrx_word' id='word_1_162' title='bbox 2215 999 2402 1038; x_wconf 85' lang='lat' dir='ltr'><strong>revera</strong></span> <span class='ocrx_word' id='word_1_163' title='bbox 2433 986 2651 1054; x_wconf 88' lang='lat' dir='ltr'><strong>propria</strong></span> <span class='ocrx_word' id='word_1_164' title='bbox 2680 985 2957 1037; x_wconf 80' lang='lat' dir='ltr'><strong>voluntate</strong></span> <span class='ocrx_word' id='word_1_165' title='bbox 2991 983 3291 1038; x_wconf 84' lang='lat' dir='ltr'><strong>subsistere</strong></span> <span class='ocrx_word' id='word_1_166' title='bbox 3323 981 3475 1045; x_wconf 80' lang='lat' dir='ltr'><strong>fecit,</strong></span> 
     </span>
    </p>
   </div>
   <div class='ocr_carea' id='block_1_25' title="bbox 1898 1075 3472 1146">
    <p class='ocr_par' dir='ltr' id='par_1_25' title="bbox 1898 1075 3472 1146">
     <span class='ocr_line' id='line_1_25' title="bbox 1898 1075 3472 1146; baseline -0.004 -16"><span class='ocrx_word' id='word_1_167' title='bbox 1898 1091 2132 1146; x_wconf 91' lang='lat' dir='ltr'><strong>eumque</strong></span> <span class='ocrx_word' id='word_1_168' title='bbox 2186 1076 2599 1140; x_wconf 82' lang='lat' dir='ltr'><strong>immutabilem,</strong></span> <span class='ocrx_word' id='word_1_169' title='bbox 2661 1075 3103 1129; x_wconf 88' lang='lat' dir='ltr'><strong>inalterabilem:</strong></span> <span class='ocrx_word' id='word_1_170' title='bbox 3162 1083 3472 1128; x_wconf 85' lang='lat' dir='ltr'><strong>creaturam</strong></span> 
     </span>
    </p>
   </div>
   <div class='ocr_carea' id='block_1_26' title="bbox 1901 1164 3476 1237">
    <p class='ocr_par' dir='ltr' id='par_1_26' title="bbox 1901 1164 3476 1237">
     <span class='ocr_line' id='line_1_26' title="bbox 1901 1164 3476 1237; baseline -0.002 -17"><span class='ocrx_word' id='word_1_171' title='bbox 1901 1167 1992 1221; x_wconf 89' lang='lat' dir='ltr'><strong>Dei</strong></span> <span class='ocrx_word' id='word_1_172' title='bbox 2020 1166 2336 1236; x_wconf 76' lang='lat' dir='ltr'><strong>perfectam,</strong></span> <span class='ocrx_word' id='word_1_173' title='bbox 2367 1167 2460 1222; x_wconf 91' lang='lat' dir='ltr'><strong>sed</strong></span> <span class='ocrx_word' id='word_1_174' title='bbox 2496 1182 2602 1220; x_wconf 90' lang='lat' dir='ltr'><strong>non</strong></span> <span class='ocrx_word' id='word_1_175' title='bbox 2659 1176 2717 1220; x_wconf 88' lang='lat' dir='ltr'><strong>ut</strong></span> <span class='ocrx_word' id='word_1_176' title='bbox 2769 1165 3007 1237; x_wconf 78' lang='lat' dir='ltr'><strong>aliquam</strong></span> <span class='ocrx_word' id='word_1_177' title='bbox 3055 1180 3122 1219; x_wconf 79' lang='lat' dir='ltr'><strong>ex</strong></span> <span class='ocrx_word' id='word_1_178' title='bbox 3152 1164 3421 1219; x_wconf 86' lang='lat' dir='ltr'><strong>creaturis</strong></span> <span class='ocrx_word' id='word_1_179' title='bbox 3457 1182 3476 1217; x_wconf 83' lang='lat'>:</span> 
     </span>
    </p>
   </div>
   <div class='ocr_carea' id='block_1_27' title="bbox 1900 1256 3486 1330">
    <p class='ocr_par' dir='ltr' id='par_1_27' title="bbox 1900 1256 3486 1330">
     <span class='ocr_line' id='line_1_27' title="bbox 1900 1256 3486 1330; baseline -0.004 -17"><span class='ocrx_word' id='word_1_180' title='bbox 1900 1259 2164 1330; x_wconf 87' lang='lat' dir='ltr'><strong>genitum,</strong></span> <span class='ocrx_word' id='word_1_181' title='bbox 2208 1259 2301 1313; x_wconf 90' lang='lat' dir='ltr'><strong>sed</strong></span> <span class='ocrx_word' id='word_1_182' title='bbox 2330 1274 2438 1312; x_wconf 88' lang='lat' dir='ltr'><strong>non</strong></span> <span class='ocrx_word' id='word_1_183' title='bbox 2469 1268 2530 1312; x_wconf 87' lang='lat' dir='ltr'><strong>ut</strong></span> <span class='ocrx_word' id='word_1_184' title='bbox 2550 1258 2768 1322; x_wconf 86' lang='lat' dir='ltr'><strong>aliquod</strong></span> <span class='ocrx_word' id='word_1_185' title='bbox 2803 1274 2866 1311; x_wconf 85' lang='lat' dir='ltr'><strong>ex</strong></span> <span class='ocrx_word' id='word_1_186' title='bbox 2897 1256 3098 1327; x_wconf 81' lang='lat' dir='ltr'><strong>genitis</strong></span> <span class='ocrx_word' id='word_1_187' title='bbox 3128 1273 3140 1304; x_wconf 85' lang='lat'>:</span> <span class='ocrx_word' id='word_1_188' title='bbox 3191 1269 3365 1322; x_wconf 87' lang='lat' dir='ltr'><strong>neque</strong></span> <span class='ocrx_word' id='word_1_189' title='bbox 3415 1261 3486 1308; x_wconf 89' lang='lat' dir='ltr'><strong>ut.</strong></span> 
     </span>
    </p>
   </div>
   <div class='ocr_carea' id='block_1_28' title="bbox 1901 1346 3478 1417">
    <p class='ocr_par' dir='ltr' id='par_1_28' title="bbox 1901 1346 3478 1417">
     <span class='ocr_line' id='line_1_28' title="bbox 1901 1346 3478 1417; baseline -0.004 -13"><span class='ocrx_word' id='word_1_190' title='bbox 1901 1349 2220 1404; x_wconf 79' lang='lat' dir='ltr'><strong>Valentinus</strong></span> <span class='ocrx_word' id='word_1_191' title='bbox 2253 1350 2440 1404; x_wconf 87' lang='lat' dir='ltr'><strong>docuit</strong></span> <span class='ocrx_word' id='word_1_192' title='bbox 2471 1347 2650 1403; x_wconf 87' lang='lat' dir='ltr'><strong>Patris</strong></span> <span class='ocrx_word' id='word_1_193' title='bbox 2680 1349 2886 1417; x_wconf 88' lang='lat' dir='ltr'><strong>prolem</strong></span> <span class='ocrx_word' id='word_1_194' title='bbox 2918 1362 3041 1402; x_wconf 91' lang='lat' dir='ltr'><strong>esse</strong></span> <span class='ocrx_word' id='word_1_195' title='bbox 3066 1346 3417 1400; x_wconf 77' lang='lat' dir='ltr'><strong>emissionem</strong></span> <span class='ocrx_word' id='word_1_196' title='bbox 3458 1362 3478 1398; x_wconf 86' lang='lat'><strong>:</strong></span> 
     </span>
    </p>
   </div>
   <div class='ocr_carea' id='block_1_29' title="bbox 1899 1435 3483 1511">
    <p class='ocr_par' dir='ltr' id='par_1_29' title="bbox 1899 1435 3483 1511">
     <span class='ocr_line' id='line_1_29' title="bbox 1899 1435 3483 1511; baseline -0.006 -15"><span class='ocrx_word' id='word_1_197' title='bbox 1899 1457 2076 1511; x_wconf 89' lang='lat' dir='ltr'><strong>neque</strong></span> <span class='ocrx_word' id='word_1_198' title='bbox 2105 1440 2533 1503; x_wconf 65' lang='lat' dir='ltr'><strong>utManichasus,</strong></span> <span class='ocrx_word' id='word_1_199' title='bbox 2588 1451 2798 1510; x_wconf 73' lang='lat' dir='ltr'><strong>partem</strong></span> <span class='ocrx_word' id='word_1_200' title='bbox 2848 1438 2995 1492; x_wconf 84' lang='lat' dir='ltr'><strong>Patri</strong></span> <span class='ocrx_word' id='word_1_201' title='bbox 3032 1435 3483 1492; x_wconf 62' lang='lat' dir='ltr'><strong>consubstantiao</strong></span> 
     </span>
    </p>
   </div>
   <div class='ocr_carea' id='block_1_30' title="bbox 1900 1527 3487 1600">
    <p class='ocr_par' dir='ltr' id='par_1_30' title="bbox 1900 1527 3487 1600">
     <span class='ocr_line' id='line_1_30' title="bbox 1900 1527 3487 1600; baseline -0.006 -14"><span class='ocrx_word' id='word_1_202' title='bbox 1900 1532 2007 1586; x_wconf 91' lang='lat' dir='ltr'><strong>lem</strong></span> <span class='ocrx_word' id='word_1_203' title='bbox 2038 1550 2051 1586; x_wconf 90' lang='lat'><strong>:</strong></span> <span class='ocrx_word' id='word_1_204' title='bbox 2088 1547 2264 1600; x_wconf 82' lang='lat' dir='ltr'><strong>neque</strong></span> <span class='ocrx_word' id='word_1_205' title='bbox 2310 1542 2370 1585; x_wconf 92' lang='lat' dir='ltr'><strong>ut</strong></span> <span class='ocrx_word' id='word_1_206' title='bbox 2404 1531 2674 1585; x_wconf 89' lang='lat' dir='ltr'><strong>Sabellius</strong></span> <span class='ocrx_word' id='word_1_207' title='bbox 2717 1531 2985 1584; x_wconf 86' lang='lat' dir='ltr'><strong>unitatem</strong></span> <span class='ocrx_word' id='word_1_208' title='bbox 3020 1527 3290 1592; x_wconf 77' lang='lat' dir='ltr'><strong>dividens,</strong></span> <span class='ocrx_word' id='word_1_209' title='bbox 3324 1540 3487 1579; x_wconf 79' lang='lat' dir='ltr'><strong>eum-</strong></span> 
     </span>
    </p>
   </div>
   <div class='ocr_carea' id='block_1_31' title="bbox 1900 1617 3487 1690">
    <p class='ocr_par' dir='ltr' id='par_1_31' title="bbox 1900 1617 3487 1690">
     <span class='ocr_line' id='line_1_31' title="bbox 1900 1617 3487 1690; baseline -0.004 -12"><span class='ocrx_word' id='word_1_210' title='bbox 1900 1624 2024 1678; x_wconf 90' lang='lat' dir='ltr'><strong>dem</strong></span> <span class='ocrx_word' id='word_1_211' title='bbox 2046 1624 2179 1677; x_wconf 79' lang='lat' dir='ltr'><strong>dixit</strong></span> <span class='ocrx_word' id='word_1_212' title='bbox 2209 1623 2409 1677; x_wconf 86' lang='lat' dir='ltr'><strong>Filium</strong></span> <span class='ocrx_word' id='word_1_213' title='bbox 2457 1630 2511 1677; x_wconf 89' lang='lat' dir='ltr'><strong>et</strong></span> <span class='ocrx_word' id='word_1_214' title='bbox 2564 1621 2830 1676; x_wconf 78' lang='lat' dir='ltr'><strong>Patrem:</strong></span> <span class='ocrx_word' id='word_1_215' title='bbox 2883 1636 3059 1690; x_wconf 88' lang='lat' dir='ltr'><strong>neque</strong></span> <span class='ocrx_word' id='word_1_216' title='bbox 3109 1628 3168 1673; x_wconf 91' lang='lat' dir='ltr'><strong>ut</strong></span> <span class='ocrx_word' id='word_1_217' title='bbox 3217 1617 3487 1672; x_wconf 78' lang='lat' dir='ltr'><strong>Hieracas</strong></span> 
     </span>
    </p>
   </div>
   <div class='ocr_carea' id='block_1_32' title="bbox 226 1711 1803 1787">
    <p class='ocr_par' dir='ltr' id='par_1_32' title="bbox 226 1713 1800 1787">
     <span class='ocr_line' id='line_1_32' title="bbox 226 1713 1800 1787; baseline 0.002 -19"><span class='ocrx_word' id='word_1_218' title='bbox 226 1713 516 1786; x_wconf 79' lang='grc' dir='ltr'>πρότερον,</span> <span class='ocrx_word' id='word_1_219' title='bbox 554 1714 778 1786; x_wconf 80' lang='grc' dir='ltr'>ὕστερον</span> <span class='ocrx_word' id='word_1_220' title='bbox 824 1716 1241 1787; x_wconf 85' lang='grc' dir='ltr'>γεννηθέντα,ἢ</span> <span class='ocrx_word' id='word_1_221' title='bbox 1288 1716 1673 1770; x_wconf 82' lang='grc' dir='ltr'>ὲπικτισθέντα</span> <span class='ocrx_word' id='word_1_222' title='bbox 1720 1721 1800 1783; x_wconf 84' lang='grc' dir='ltr'><strong>εἰς</strong></span> 
     </span>
    </p>
   </div>
   <div class='ocr_carea' id='block_1_33' title="bbox 1914 1711 3489 1787">
    <p class='ocr_par' dir='ltr' id='par_1_33' title="bbox 1914 1711 3489 1782">
     <span class='ocr_line' id='line_1_33' title="bbox 1914 1711 3489 1782; baseline -0.003 -13"><span class='ocrx_word' id='word_1_223' title='bbox 1914 1717 2182 1771; x_wconf 84' lang='lat' dir='ltr'><strong>lucernam</strong></span> <span class='ocrx_word' id='word_1_224' title='bbox 2203 1731 2269 1770; x_wconf 78' lang='lat' dir='ltr'><strong>ex</strong></span> <span class='ocrx_word' id='word_1_225' title='bbox 2295 1716 2554 1776; x_wconf 87' lang='lat' dir='ltr'><strong>lucerna,</strong></span> <span class='ocrx_word' id='word_1_226' title='bbox 2608 1722 2701 1768; x_wconf 93' lang='lat' dir='ltr'><strong>aut</strong></span> <span class='ocrx_word' id='word_1_227' title='bbox 2756 1722 2814 1767; x_wconf 91' lang='lat' dir='ltr'><strong>ut</strong></span> <span class='ocrx_word' id='word_1_228' title='bbox 2866 1713 3171 1782; x_wconf 88' lang='lat' dir='ltr'><strong>lampadem</strong></span> <span class='ocrx_word' id='word_1_229' title='bbox 3235 1713 3287 1764; x_wconf 91' lang='lat' dir='ltr'><strong>in</strong></span> <span class='ocrx_word' id='word_1_230' title='bbox 3342 1711 3489 1766; x_wconf 83' lang='lat' dir='ltr'><strong>duas</strong></span> 
     </span>
    </p>
   </div>
   <div class='ocr_carea' id='block_1_34' title="bbox 226 1802 1803 1881">
    <p class='ocr_par' dir='ltr' id='par_1_34' title="bbox 226 1805 1801 1881">
     <span class='ocr_line' id='line_1_34' title="bbox 226 1805 1801 1881; baseline 0.004 -24"><span class='ocrx_word' id='word_1_231' title='bbox 226 1805 359 1858; x_wconf 83' lang='grc' dir='ltr'>Υἰόν</span> <span class='ocrx_word' id='word_1_232' title='bbox 382 1822 396 1837; x_wconf 87' lang='grc'><strong>·</strong></span> <span class='ocrx_word' id='word_1_233' title='bbox 428 1806 502 1869; x_wconf 86' lang='grc' dir='ltr'>ὡς</span> <span class='ocrx_word' id='word_1_234' title='bbox 520 1807 613 1859; x_wconf 75' lang='grc' dir='ltr'><strong>καὶ</strong></span> <span class='ocrx_word' id='word_1_235' title='bbox 641 1808 704 1860; x_wconf 81' lang='grc' dir='ltr'><strong>σὺ</strong></span> <span class='ocrx_word' id='word_1_236' title='bbox 737 1808 916 1871; x_wconf 81' lang='grc' dir='ltr'>αὐτὸς,</span> <span class='ocrx_word' id='word_1_237' title='bbox 951 1808 1187 1880; x_wconf 79' lang='grc' dir='ltr'>μακάριε</span> <span class='ocrx_word' id='word_1_238' title='bbox 1225 1808 1380 1862; x_wconf 80' lang='grc' dir='ltr'>πάπα</span> <span class='ocrx_word' id='word_1_239' title='bbox 1401 1851 1415 1873; x_wconf 88' lang='grc'><strong>,</strong></span> <span class='ocrx_word' id='word_1_240' title='bbox 1453 1808 1596 1862; x_wconf 81' lang='grc' dir='ltr'>κατὰ</span> <span class='ocrx_word' id='word_1_241' title='bbox 1632 1809 1801 1881; x_wconf 75' lang='grc' dir='ltr'>μέσην</span> 
     </span>
    </p>
   </div>
   <div class='ocr_carea' id='block_1_35' title="bbox 1914 1802 3488 1881">
    <p class='ocr_par' dir='ltr' id='par_1_35' title="bbox 1914 1802 3488 1877">
     <span class='ocr_line' id='line_1_35' title="bbox 1914 1802 3488 1877; baseline -0.004 -16"><span class='ocrx_word' id='word_1_242' title='bbox 1914 1816 2087 1877; x_wconf 89' lang='lat' dir='ltr'><strong>partes</strong></span> <span class='ocrx_word' id='word_1_243' title='bbox 2111 1807 2423 1862; x_wconf 86' lang='lat' dir='ltr'><strong>distinctam</strong></span> <span class='ocrx_word' id='word_1_244' title='bbox 2456 1807 2591 1875; x_wconf 72' lang='grc'><strong>(52).</strong></span> <span class='ocrx_word' id='word_1_245' title='bbox 2619 1806 2802 1874; x_wconf 83' lang='lat' dir='ltr'><strong>Neque</strong></span> <span class='ocrx_word' id='word_1_246' title='bbox 2836 1818 2963 1857; x_wconf 90' lang='lat' dir='ltr'><strong>vero</strong></span> <span class='ocrx_word' id='word_1_247' title='bbox 2987 1802 3255 1872; x_wconf 82' lang='lat' dir='ltr'><strong>ejusmodi</strong></span> <span class='ocrx_word' id='word_1_248' title='bbox 3288 1810 3392 1865; x_wconf 87' lang='lat' dir='ltr'><strong>est,</strong></span> <span class='ocrx_word' id='word_1_249' title='bbox 3420 1808 3488 1855; x_wconf 87' lang='lat' dir='ltr'><strong>ut.</strong></span> 
     </span>
    </p>
   </div>
   <div class='ocr_carea' id='block_1_36' title="bbox 224 1896 1802 1971">
    <p class='ocr_par' dir='ltr' id='par_1_36' title="bbox 224 1896 1802 1971">
     <span class='ocr_line' id='line_1_36' title="bbox 224 1896 1802 1971; baseline 0.003 -22"><span class='ocrx_word' id='word_1_250' title='bbox 224 1897 331 1966; x_wconf 81' lang='grc' dir='ltr'>τὴν</span> <span class='ocrx_word' id='word_1_251' title='bbox 387 1896 708 1967; x_wconf 82' lang='grc' dir='ltr'>Ἐκκλησίαν</span> <span class='ocrx_word' id='word_1_252' title='bbox 768 1899 860 1950; x_wconf 79' lang='grc' dir='ltr'><strong>καὶ</strong></span> <span class='ocrx_word' id='word_1_253' title='bbox 892 1899 949 1951; x_wconf 84' lang='grc' dir='ltr'>ὲν</span> <span class='ocrx_word' id='word_1_254' title='bbox 1008 1899 1268 1971; x_wconf 79' lang='grc' dir='ltr'>συνεδρίῳ</span> <span class='ocrx_word' id='word_1_255' title='bbox 1312 1899 1630 1963; x_wconf 72' lang='grc' dir='ltr'>πλειστάκις</span> <span class='ocrx_word' id='word_1_256' title='bbox 1677 1901 1802 1964; x_wconf 79' lang='grc' dir='ltr'>τοὺς</span> 
     </span>
    </p>
   </div>
   <div class='ocr_carea' id='block_1_37' title="bbox 227 1986 1800 2062">
    <p class='ocr_par' dir='ltr' id='par_1_37' title="bbox 227 1986 1800 2062">
     <span class='ocr_line' id='line_1_37' title="bbox 227 1986 1800 2062; baseline 0.001 -21"><span class='ocrx_word' id='word_1_257' title='bbox 227 1986 406 2041; x_wconf 77' lang='grc' dir='ltr'>ταῦτα</span> <span class='ocrx_word' id='word_1_258' title='bbox 423 1988 888 2059; x_wconf 70' lang='grc' dir='ltr'>εἰσηγησαμένους</span> <span class='ocrx_word' id='word_1_259' title='bbox 908 1990 1313 2060; x_wconf 82' lang='grc' dir='ltr'>ἁπηγόρευσας,</span> <span class='ocrx_word' id='word_1_260' title='bbox 1331 1990 1467 2053; x_wconf 82' lang='grc' dir='ltr'>ἀλλ’,</span> <span class='ocrx_word' id='word_1_261' title='bbox 1498 1991 1573 2054; x_wconf 85' lang='grc' dir='ltr'>ὦς</span> <span class='ocrx_word' id='word_1_262' title='bbox 1600 2009 1800 2062; x_wconf 78' lang='grc' dir='ltr'>φαμεν,</span> 
     </span>
    </p>
   </div>
   <div class='ocr_carea' id='block_1_38' title="bbox 229 2077 1804 2154">
    <p class='ocr_par' dir='ltr' id='par_1_38' title="bbox 229 2077 1804 2154">
     <span class='ocr_line' id='line_1_38' title="bbox 229 2077 1804 2154; baseline 0.004 -23"><span class='ocrx_word' id='word_1_263' title='bbox 229 2077 498 2149; x_wconf 83' lang='grc' dir='ltr'>θελήματι</span> <span class='ocrx_word' id='word_1_264' title='bbox 524 2079 618 2133; x_wconf 86' lang='grc' dir='ltr'><strong>τοῦ</strong></span> <span class='ocrx_word' id='word_1_265' title='bbox 642 2080 777 2134; x_wconf 87' lang='grc' dir='ltr'>Θεοῦ</span> <span class='ocrx_word' id='word_1_266' title='bbox 808 2082 913 2153; x_wconf 84' lang='grc' dir='ltr'><strong>πρὸ</strong></span> <span class='ocrx_word' id='word_1_267' title='bbox 940 2082 1147 2152; x_wconf 80' lang='grc' dir='ltr'>χρόνων</span> <span class='ocrx_word' id='word_1_268' title='bbox 1177 2084 1269 2135; x_wconf 71' lang='grc' dir='ltr'><strong>καὶ</strong></span> <span class='ocrx_word' id='word_1_269' title='bbox 1302 2083 1410 2154; x_wconf 80' lang='grc' dir='ltr'><strong>πρὸ</strong></span> <span class='ocrx_word' id='word_1_270' title='bbox 1448 2082 1659 2137; x_wconf 81' lang='grc' dir='ltr'>αἰώνων</span> <span class='ocrx_word' id='word_1_271' title='bbox 1689 2102 1804 2138; x_wconf 86' lang='grc' dir='ltr'>κτι-</span> 
     </span>
    </p>
   </div>
   <div class='ocr_carea' id='block_1_39' title="bbox 232 2170 1806 2248">
    <p class='ocr_par' dir='ltr' id='par_1_39' title="bbox 232 2170 1806 2248">
     <span class='ocr_line' id='line_1_39' title="bbox 232 2170 1806 2248; baseline 0.005 -25"><span class='ocrx_word' id='word_1_272' title='bbox 232 2171 448 2237; x_wconf 88' lang='grc' dir='ltr'>σθέντα,</span> <span class='ocrx_word' id='word_1_273' title='bbox 470 2173 643 2226; x_wconf 75' lang='grc' dir='ltr'>καὶτὸ</span> <span class='ocrx_word' id='word_1_274' title='bbox 663 2175 759 2245; x_wconf 80' lang='grc' dir='ltr'><strong>ζῇν</strong></span> <span class='ocrx_word' id='word_1_275' title='bbox 781 2176 875 2228; x_wconf 76' lang='grc' dir='ltr'>καὶ</span> <span class='ocrx_word' id='word_1_276' title='bbox 897 2175 955 2228; x_wconf 84' lang='grc' dir='ltr'><strong>τὸ</strong></span> <span class='ocrx_word' id='word_1_277' title='bbox 982 2170 1120 2230; x_wconf 71' lang='grc' dir='ltr'>εἶναι</span> <span class='ocrx_word' id='word_1_278' title='bbox 1143 2175 1295 2247; x_wconf 79' lang='grc' dir='ltr'>παρὰ</span> <span class='ocrx_word' id='word_1_279' title='bbox 1313 2175 1407 2229; x_wconf 84' lang='grc' dir='ltr'><strong>τοῦ</strong></span> <span class='ocrx_word' id='word_1_280' title='bbox 1427 2177 1639 2248; x_wconf 81' lang='grc' dir='ltr'>Πατρὸς</span> <span class='ocrx_word' id='word_1_281' title='bbox 1661 2178 1806 2248; x_wconf 87' lang='grc' dir='ltr'>εἰλη-</span> 
     </span>
    </p>
   </div>
   <div class='ocr_carea' id='block_1_40' title="bbox 231 2260 1807 2337">
    <p class='ocr_par' dir='ltr' id='par_1_40' title="bbox 231 2260 1807 2337">
     <span class='ocr_line' id='line_1_40' title="bbox 231 2260 1807 2337; baseline 0.006 -24"><span class='ocrx_word' id='word_1_282' title='bbox 231 2260 392 2330; x_wconf 83' lang='grc' dir='ltr'>φότα,</span> <span class='ocrx_word' id='word_1_283' title='bbox 420 2263 513 2316; x_wconf 60' lang='grc' dir='ltr'><strong>καὶ¹</strong></span> <span class='ocrx_word' id='word_1_284' title='bbox 540 2263 639 2327; x_wconf 83' lang='grc' dir='ltr'>τὰς</span> <span class='ocrx_word' id='word_1_285' title='bbox 666 2262 822 2329; x_wconf 81' lang='grc' dir='ltr'>δόξας</span> <span class='ocrx_word' id='word_1_286' title='bbox 847 2267 1348 2334; x_wconf 86' lang='grc' dir='ltr'>συνυποστήσαντος</span> <span class='ocrx_word' id='word_1_287' title='bbox 1382 2267 1537 2337; x_wconf 84' lang='grc' dir='ltr'>αὐτῷ</span> <span class='ocrx_word' id='word_1_288' title='bbox 1570 2268 1662 2321; x_wconf 87' lang='grc' dir='ltr'><strong>τοῦ</strong></span> <span class='ocrx_word' id='word_1_289' title='bbox 1698 2267 1807 2321; x_wconf 82' lang='grc' dir='ltr'><strong>Πα-</strong></span> 
     </span>
    </p>
   </div>
   <div class='ocr_carea' id='block_1_41' title="bbox 230 2356 1807 2430">
    <p class='ocr_par' dir='ltr' id='par_1_41' title="bbox 230 2356 1807 2430">
     <span class='ocr_line' id='line_1_41' title="bbox 230 2356 1807 2430; baseline 0.001 -20"><span class='ocrx_word' id='word_1_290' title='bbox 230 2356 381 2426; x_wconf 83' lang='grc' dir='ltr'>τρός.</span> <span class='ocrx_word' id='word_1_291' title='bbox 411 2357 485 2409; x_wconf 82' lang='grc' dir='ltr'><strong>Οὐ</strong></span> <span class='ocrx_word' id='word_1_292' title='bbox 502 2356 611 2429; x_wconf 74' lang='grc' dir='ltr'><strong>γὰρ</strong></span> <span class='ocrx_word' id='word_1_293' title='bbox 637 2359 666 2410; x_wconf 87' lang='lat'><strong>6</strong></span> <span class='ocrx_word' id='word_1_294' title='bbox 687 2358 894 2429; x_wconf 83' lang='grc' dir='ltr'>Πατήρ,</span> <span class='ocrx_word' id='word_1_295' title='bbox 924 2357 1045 2421; x_wconf 83' lang='grc' dir='ltr'>δοὺς</span> <span class='ocrx_word' id='word_1_296' title='bbox 1066 2358 1214 2429; x_wconf 83' lang='grc' dir='ltr'>αὐτῴ</span> <span class='ocrx_word' id='word_1_297' title='bbox 1239 2358 1454 2412; x_wconf 86' lang='grc' dir='ltr'>πάντων</span> <span class='ocrx_word' id='word_1_298' title='bbox 1481 2361 1579 2430; x_wconf 85' lang='grc' dir='ltr'><strong>τήν</strong></span> <span class='ocrx_word' id='word_1_299' title='bbox 1614 2359 1807 2429; x_wconf 86' lang='grc' dir='ltr'>κληρο-</span> 
     </span>
    </p>
   </div>
   <div class='ocr_carea' id='block_1_42' title="bbox 230 2444 1806 2525">
    <p class='ocr_par' dir='ltr' id='par_1_42' title="bbox 230 2444 1806 2525">
     <span class='ocr_line' id='line_1_42' title="bbox 230 2444 1806 2525; baseline 0.004 -25"><span class='ocrx_word' id='word_1_300' title='bbox 230 2449 447 2517; x_wconf 79' lang='grc' dir='ltr'>νομίαν,</span> <span class='ocrx_word' id='word_1_301' title='bbox 491 2450 784 2521; x_wconf 83' lang='grc' dir='ltr'>ἐστέρησεν</span> <span class='ocrx_word' id='word_1_302' title='bbox 834 2451 1047 2516; x_wconf 77' lang='grc' dir='ltr'>ἑαυτὸν,</span> <span class='ocrx_word' id='word_1_303' title='bbox 1083 2444 1157 2504; x_wconf 81' lang='grc' dir='ltr'>ὧν</span> <span class='ocrx_word' id='word_1_304' title='bbox 1192 2452 1500 2521; x_wconf 83' lang='grc' dir='ltr'>ἀγεννήτως</span> <span class='ocrx_word' id='word_1_305' title='bbox 1556 2452 1666 2523; x_wconf 74' lang='grc' dir='ltr'>ἔχει</span> <span class='ocrx_word' id='word_1_306' title='bbox 1696 2453 1806 2525; x_wconf 69' lang='grc'><strong>(24)</strong></span> 
     </span>
    </p>
   </div>
   <div class='ocr_carea' id='block_1_43' title="bbox 231 2540 1809 2615">
    <p class='ocr_par' dir='ltr' id='par_1_43' title="bbox 231 2540 1809 2615">
     <span class='ocr_line' id='line_1_43' title="bbox 231 2540 1809 2615; baseline 0.003 -23"><span class='ocrx_word' id='word_1_307' title='bbox 231 2541 294 2593; x_wconf 85' lang='grc' dir='ltr'>ὲν</span> <span class='ocrx_word' id='word_1_308' title='bbox 317 2540 495 2611; x_wconf 81' lang='grc' dir='ltr'>ἐαυτῷ</span> <span class='ocrx_word' id='word_1_309' title='bbox 517 2558 529 2570; x_wconf 91' lang='grc'><strong>·</strong></span> <span class='ocrx_word' id='word_1_310' title='bbox 566 2541 715 2613; x_wconf 82' lang='grc' dir='ltr'>πηγὴ</span> <span class='ocrx_word' id='word_1_311' title='bbox 736 2541 843 2613; x_wconf 85' lang='grc' dir='ltr'>γάρ</span> <span class='ocrx_word' id='word_1_312' title='bbox 869 2544 983 2594; x_wconf 80' lang='grc' dir='ltr'>ἐστι</span> <span class='ocrx_word' id='word_1_313' title='bbox 1011 2542 1246 2595; x_wconf 82' lang='grc' dir='ltr'>πάντων.</span> <span class='ocrx_word' id='word_1_314' title='bbox 1275 2544 1436 2596; x_wconf 82' lang='grc' dir='ltr'>Ὥστε</span> <span class='ocrx_word' id='word_1_315' title='bbox 1478 2547 1627 2615; x_wconf 85' lang='grc' dir='ltr'>τρεῖς</span> <span class='ocrx_word' id='word_1_316' title='bbox 1672 2547 1809 2615; x_wconf 85' lang='grc' dir='ltr'>εἰσιν</span> 
     </span>
    </p>
   </div>
   <div class='ocr_carea' id='block_1_44' title="bbox 232 2614 1810 2705">
    <p class='ocr_par' dir='ltr' id='par_1_44' title="bbox 232 2614 1810 2705">
     <span class='ocr_line' id='line_1_44' title="bbox 232 2614 1810 2705; baseline 0.003 -21"><span class='ocrx_word' id='word_1_317' title='bbox 232 2632 581 2696; x_wconf 79' lang='grc' dir='ltr'>ὑποστάσεις.</span> <span class='ocrx_word' id='word_1_318' title='bbox 617 2634 727 2687; x_wconf 75' lang='grc' dir='ltr'>Καὶ</span> <span class='ocrx_word' id='word_1_319' title='bbox 748 2636 776 2686; x_wconf 90' lang='grc' dir='ltr'><strong>ό</strong></span> <span class='ocrx_word' id='word_1_320' title='bbox 804 2634 903 2704; x_wconf 80' lang='grc' dir='ltr'><strong>μὲν</strong></span> <span class='ocrx_word' id='word_1_321' title='bbox 925 2633 1076 2698; x_wconf 78' lang='grc' dir='ltr'>Θεὸς,</span> <span class='ocrx_word' id='word_1_322' title='bbox 1106 2635 1280 2697; x_wconf 78' lang='grc' dir='ltr'>αἴτιος</span> <span class='ocrx_word' id='word_1_323' title='bbox 1299 2635 1406 2688; x_wconf 83' lang='grc' dir='ltr'><strong>τῶν</strong></span> <span class='ocrx_word' id='word_1_324' title='bbox 1436 2614 1652 2689; x_wconf 84' lang='grc' dir='ltr'>πάντων</span> <span class='ocrx_word' id='word_1_325' title='bbox 1680 2614 1810 2705; x_wconf 49' lang='lat' dir='ltr'><strong>“tuf-</strong></span> 
     </span>
    </p>
   </div>
   <div class='ocr_carea' id='block_1_45' title="bbox 231 2723 1808 2798">
    <p class='ocr_par' dir='ltr' id='par_1_45' title="bbox 231 2723 1808 2798">
     <span class='ocr_line' id='line_1_45' title="bbox 231 2723 1808 2798; baseline 0.003 -22"><span class='ocrx_word' id='word_1_326' title='bbox 231 2723 435 2793; x_wconf 79' lang='grc' dir='ltr'>χάνων,</span> <span class='ocrx_word' id='word_1_327' title='bbox 471 2723 620 2778; x_wconf 79' lang='grc' dir='ltr'>ἔστιν</span> <span class='ocrx_word' id='word_1_328' title='bbox 658 2726 892 2796; x_wconf 84' lang='grc' dir='ltr'>ἄναρχος</span> <span class='ocrx_word' id='word_1_329' title='bbox 936 2724 1243 2795; x_wconf 83' lang='grc' dir='ltr'>μονώτατος</span> <span class='ocrx_word' id='word_1_330' title='bbox 1291 2727 1422 2798; x_wconf 70' lang='lat'><strong>(25).</strong></span> <span class='ocrx_word' id='word_1_331' title='bbox 1474 2728 1530 2780; x_wconf 90' lang='lat'><strong>&#39;0</strong></span> <span class='ocrx_word' id='word_1_332' title='bbox 1568 2727 1623 2780; x_wconf 85' lang='grc' dir='ltr'>δὲ</span> <span class='ocrx_word' id='word_1_333' title='bbox 1646 2728 1808 2794; x_wconf 85' lang='grc' dir='ltr'>Υἰὸς,</span> 
     </span>
    </p>
   </div>
   <div class='ocr_carea' id='block_1_46' title="bbox 231 2816 1810 2890">
    <p class='ocr_par' dir='ltr' id='par_1_46' title="bbox 231 2816 1810 2890">
     <span class='ocr_line' id='line_1_46' title="bbox 231 2816 1810 2890; baseline 0.004 -23"><span class='ocrx_word' id='word_1_334' title='bbox 231 2816 478 2885; x_wconf 82' lang='grc' dir='ltr'>ἀχρόνως</span> <span class='ocrx_word' id='word_1_335' title='bbox 496 2816 777 2886; x_wconf 76' lang='grc' dir='ltr'>γεννηθεὶς</span> <span class='ocrx_word' id='word_1_336' title='bbox 799 2817 903 2870; x_wconf 77' lang='grc' dir='ltr'>ὑπὸ</span> <span class='ocrx_word' id='word_1_337' title='bbox 931 2816 1026 2870; x_wconf 86' lang='grc' dir='ltr'><strong>τοῦ</strong></span> <span class='ocrx_word' id='word_1_338' title='bbox 1049 2817 1281 2888; x_wconf 82' lang='grc' dir='ltr'>Ιιατρὸς,</span> <span class='ocrx_word' id='word_1_339' title='bbox 1313 2821 1407 2873; x_wconf 75' lang='grc' dir='ltr'><strong>καὶ</strong></span> <span class='ocrx_word' id='word_1_340' title='bbox 1443 2820 1550 2890; x_wconf 83' lang='grc' dir='ltr'>πρὸ</span> <span class='ocrx_word' id='word_1_341' title='bbox 1600 2820 1810 2874; x_wconf 88' lang='grc' dir='ltr'>αἰώνων</span> 
     </span>
    </p>
   </div>
   <div class='ocr_carea' id='block_1_47' title="bbox 233 2905 1812 2984">
    <p class='ocr_par' dir='ltr' id='par_1_47' title="bbox 233 2905 1812 2984">
     <span class='ocr_line' id='line_1_47' title="bbox 233 2905 1812 2984; baseline 0.004 -25"><span class='ocrx_word' id='word_1_342' title='bbox 233 2905 475 2970; x_wconf 75' lang='grc' dir='ltr'>κτισθείς</span> <span class='ocrx_word' id='word_1_343' title='bbox 505 2908 599 2960; x_wconf 74' lang='grc' dir='ltr'>καὶ</span> <span class='ocrx_word' id='word_1_344' title='bbox 631 2906 1001 2976; x_wconf 78' lang='grc' dir='ltr'>θεμελιωθεὶς,</span> <span class='ocrx_word' id='word_1_345' title='bbox 1036 2910 1139 2962; x_wconf 82' lang='grc' dir='ltr'><strong>οὐκ</strong></span> <span class='ocrx_word' id='word_1_346' title='bbox 1176 2905 1244 2981; x_wconf 80' lang='grc' dir='ltr'>ἦν</span> <span class='ocrx_word' id='word_1_347' title='bbox 1277 2912 1384 2982; x_wconf 82' lang='grc' dir='ltr'><strong>πρὸ</strong></span> <span class='ocrx_word' id='word_1_348' title='bbox 1407 2911 1499 2964; x_wconf 86' lang='grc' dir='ltr'><strong>τοῦ</strong></span> <span class='ocrx_word' id='word_1_349' title='bbox 1549 2911 1812 2984; x_wconf 85' lang='grc' dir='ltr'>γεννηθῆ-</span> 
     </span>
    </p>
   </div>
   <div class='ocr_carea' id='block_1_48' title="bbox 232 2998 1813 3075">
    <p class='ocr_par' dir='ltr' id='par_1_48' title="bbox 232 2998 1813 3075">
     <span class='ocr_line' id='line_1_48' title="bbox 232 2998 1813 3075; baseline 0.004 -24"><span class='ocrx_word' id='word_1_350' title='bbox 232 3015 324 3051; x_wconf 82' lang='grc' dir='ltr'><strong>ναι</strong></span> <span class='ocrx_word' id='word_1_351' title='bbox 354 2998 490 3070; x_wconf 72' lang='grc'><strong>(26),</strong></span> <span class='ocrx_word' id='word_1_352' title='bbox 519 2999 633 3053; x_wconf 85' lang='grc' dir='ltr'>ἀλλ’</span> <span class='ocrx_word' id='word_1_353' title='bbox 662 3001 904 3072; x_wconf 80' lang='grc' dir='ltr'>ἀχρόνως</span> <span class='ocrx_word' id='word_1_354' title='bbox 938 3001 1043 3073; x_wconf 81' lang='grc' dir='ltr'><strong>πρὸ</strong></span> <span class='ocrx_word' id='word_1_355' title='bbox 1074 3001 1289 3054; x_wconf 84' lang='grc' dir='ltr'>πάντων</span> <span class='ocrx_word' id='word_1_356' title='bbox 1315 3002 1614 3074; x_wconf 75' lang='grc' dir='ltr'>γεννηθεὶς,</span> <span class='ocrx_word' id='word_1_357' title='bbox 1655 3005 1813 3075; x_wconf 86' lang='grc' dir='ltr'>μόνος</span> 
     </span>
    </p>
   </div>
   <div class='ocr_carea' id='block_1_49' title="bbox 234 3090 1882 3186">
    <p class='ocr_par' dir='ltr' id='par_1_49' title="bbox 234 3090 1882 3186">
     <span class='ocr_line' id='line_1_49' title="bbox 234 3090 1882 3186; baseline 0.005 -43"><span class='ocrx_word' id='word_1_358' title='bbox 234 3091 343 3143; x_wconf 83' lang='grc' dir='ltr'><strong>ὑπὸ</strong></span> <span class='ocrx_word' id='word_1_359' title='bbox 380 3090 480 3186; x_wconf 67' lang='grc' dir='ltr'><strong>τοῦ</strong></span> <span class='ocrx_word' id='word_1_360' title='bbox 531 3092 742 3186; x_wconf 56' lang='grc' dir='ltr'>Ιίατρὺς</span> <span class='ocrx_word' id='word_1_361' title='bbox 789 3094 1018 3164; x_wconf 84' lang='grc' dir='ltr'>ὑπέστη.</span> <span class='ocrx_word' id='word_1_362' title='bbox 1071 3094 1206 3147; x_wconf 78' lang='grc' dir='ltr'>Οὐδὲ</span> <span class='ocrx_word' id='word_1_363' title='bbox 1233 3096 1340 3168; x_wconf 84' lang='grc' dir='ltr'>γάρ</span> <span class='ocrx_word' id='word_1_364' title='bbox 1369 3097 1740 3160; x_wconf 77' lang='grc' dir='ltr'>ἐστινάἳδιος,</span> <span class='ocrx_word' id='word_1_365' title='bbox 1775 3098 1808 3170; x_wconf 82' lang='grc' dir='ltr'>ἢ</span> <span class='ocrx_word' id='word_1_366' title='bbox 1836 3129 1882 3186; x_wconf 75' lang='lat' dir='ltr'>c</span> 
     </span>
    </p>
   </div>
   <div class='ocr_carea' id='block_1_50' title="bbox 234 3181 1811 3258">
    <p class='ocr_par' dir='ltr' id='par_1_50' title="bbox 234 3181 1811 3258">
     <span class='ocr_line' id='line_1_50' title="bbox 234 3181 1811 3258; baseline 0.004 -24"><span class='ocrx_word' id='word_1_367' title='bbox 234 3181 521 3248; x_wconf 73' lang='grc' dir='ltr'>ωναῖδιος,</span> <span class='ocrx_word' id='word_1_368' title='bbox 555 3183 588 3255; x_wconf 81' lang='grc' dir='ltr'>ἢ</span> <span class='ocrx_word' id='word_1_369' title='bbox 631 3184 997 3255; x_wconf 86' lang='grc' dir='ltr'>συναγένητος</span> <span class='ocrx_word' id='word_1_370' title='bbox 1028 3185 1143 3256; x_wconf 70' lang='grc'><strong>(27)</strong></span> <span class='ocrx_word' id='word_1_371' title='bbox 1167 3185 1246 3255; x_wconf 84' lang='grc' dir='ltr'>τῷ</span> <span class='ocrx_word' id='word_1_372' title='bbox 1287 3187 1493 3258; x_wconf 83' lang='grc' dir='ltr'>Πατρί·</span> <span class='ocrx_word' id='word_1_373' title='bbox 1537 3187 1658 3240; x_wconf 83' lang='grc' dir='ltr'>οὐδὲ</span> <span class='ocrx_word' id='word_1_374' title='bbox 1696 3188 1811 3257; x_wconf 81' lang='grc' dir='ltr'>ἆμα</span> 
     </span>
    </p>
   </div>
   <div class='ocr_carea' id='block_1_51' title="bbox 231 3271 1809 3349">
    <p class='ocr_par' dir='ltr' id='par_1_51' title="bbox 231 3271 1809 3349">
     <span class='ocr_line' id='line_1_51' title="bbox 231 3271 1809 3349; baseline 0.003 -23"><span class='ocrx_word' id='word_1_375' title='bbox 231 3272 315 3342; x_wconf 81' lang='grc' dir='ltr'>τῷ</span> <span class='ocrx_word' id='word_1_376' title='bbox 338 3275 512 3347; x_wconf 80' lang='grc' dir='ltr'>Πατρὶ</span> <span class='ocrx_word' id='word_1_377' title='bbox 547 3275 608 3328; x_wconf 79' lang='grc' dir='ltr'>τὸ</span> <span class='ocrx_word' id='word_1_378' title='bbox 635 3271 773 3329; x_wconf 76' lang='grc' dir='ltr'>εἶναι</span> <span class='ocrx_word' id='word_1_379' title='bbox 792 3275 926 3346; x_wconf 78' lang='grc' dir='ltr'>ἔχει,</span> <span class='ocrx_word' id='word_1_380' title='bbox 955 3275 1031 3340; x_wconf 84' lang='grc' dir='ltr'>ὥς</span> <span class='ocrx_word' id='word_1_381' title='bbox 1054 3294 1200 3341; x_wconf 87' lang='grc' dir='ltr'>τινες</span> <span class='ocrx_word' id='word_1_382' title='bbox 1232 3277 1446 3347; x_wconf 87' lang='grc' dir='ltr'>λέγουσι</span> <span class='ocrx_word' id='word_1_383' title='bbox 1475 3277 1542 3331; x_wconf 82' lang='grc' dir='ltr'>τὰ</span> <span class='ocrx_word' id='word_1_384' title='bbox 1574 3279 1708 3349; x_wconf 85' lang='grc' dir='ltr'>πρός</span> <span class='ocrx_word' id='word_1_385' title='bbox 1735 3297 1809 3345; x_wconf 87' lang='grc' dir='ltr'><strong>τι,</strong></span> 
     </span>
    </p>
   </div>
   <div class='ocr_carea' id='block_1_52' title="bbox 232 3363 1814 3441">
    <p class='ocr_par' dir='ltr' id='par_1_52' title="bbox 232 3363 1814 3441">
     <span class='ocr_line' id='line_1_52' title="bbox 232 3363 1814 3441; baseline 0.004 -24"><span class='ocrx_word' id='word_1_386' title='bbox 232 3363 330 3418; x_wconf 82' lang='grc' dir='ltr'>δύο</span> <span class='ocrx_word' id='word_1_387' title='bbox 361 3367 690 3438; x_wconf 68' lang='grc' dir='ltr'>ἀγεννήτους</span> <span class='ocrx_word' id='word_1_388' title='bbox 747 3368 861 3436; x_wconf 72' lang='lat'><strong>(28)</strong></span> <span class='ocrx_word' id='word_1_389' title='bbox 895 3368 1067 3439; x_wconf 79' lang='grc' dir='ltr'>ἀρχὰς</span> <span class='ocrx_word' id='word_1_390' title='bbox 1119 3370 1527 3441; x_wconf 64' lang='grc' dir='ltr'>εἰσηγούμενον</span> <span class='ocrx_word' id='word_1_391' title='bbox 1584 3371 1698 3424; x_wconf 86' lang='grc' dir='ltr'>ἀλλ’</span> <span class='ocrx_word' id='word_1_392' title='bbox 1737 3373 1814 3436; x_wconf 88' lang='grc' dir='ltr'>ὠς</span> 
     </span>
    </p>
   </div>
   <div class='ocr_carea' id='block_1_53' title="bbox 238 3456 1813 3534">
    <p class='ocr_par' dir='ltr' id='par_1_53' title="bbox 238 3456 1813 3534">
     <span class='ocr_line' id='line_1_53' title="bbox 238 3456 1813 3534; baseline 0.006 -26"><span class='ocrx_word' id='word_1_393' title='bbox 238 3456 411 3527; x_wconf 82' lang='grc' dir='ltr'>μονὰς</span> <span class='ocrx_word' id='word_1_394' title='bbox 440 3475 535 3511; x_wconf 88' lang='grc' dir='ltr'><strong>και</strong></span> <span class='ocrx_word' id='word_1_395' title='bbox 563 3458 706 3530; x_wconf 84' lang='grc' dir='ltr'><strong>ἀρχὴ</strong></span> <span class='ocrx_word' id='word_1_396' title='bbox 759 3459 995 3526; x_wconf 87' lang='grc' dir='ltr'>πάντων,</span> <span class='ocrx_word' id='word_1_397' title='bbox 1027 3460 1200 3525; x_wconf 78' lang='grc' dir='ltr'>οὕτως</span> <span class='ocrx_word' id='word_1_398' title='bbox 1225 3464 1252 3514; x_wconf 90' lang='grc' dir='ltr'><strong>ό</strong></span> <span class='ocrx_word' id='word_1_399' title='bbox 1282 3461 1412 3526; x_wconf 80' lang='grc' dir='ltr'>Θεὸς</span> <span class='ocrx_word' id='word_1_400' title='bbox 1462 3462 1569 3534; x_wconf 79' lang='grc' dir='ltr'>πρὸ</span> <span class='ocrx_word' id='word_1_401' title='bbox 1599 3464 1813 3529; x_wconf 82' lang='grc' dir='ltr'>πάντων</span> 
     </span>
    </p>
   </div>
   <div class='ocr_carea' id='block_1_54' title="bbox 235 3549 1814 3625">
    <p class='ocr_par' dir='ltr' id='par_1_54' title="bbox 235 3549 1814 3625">
     <span class='ocr_line' id='line_1_54' title="bbox 235 3549 1814 3625; baseline 0.004 -24"><span class='ocrx_word' id='word_1_402' title='bbox 235 3549 376 3602; x_wconf 75' lang='grc' dir='ltr'>ἐστι.</span> <span class='ocrx_word' id='word_1_403' title='bbox 410 3549 501 3603; x_wconf 73' lang='grc' dir='ltr'><strong>Διὸ</strong></span> <span class='ocrx_word' id='word_1_404' title='bbox 526 3551 622 3603; x_wconf 70' lang='grc' dir='ltr'><strong>κα)⁹</strong></span> <span class='ocrx_word' id='word_1_405' title='bbox 641 3551 748 3622; x_wconf 85' lang='grc' dir='ltr'><strong>πρὸ</strong></span> <span class='ocrx_word' id='word_1_406' title='bbox 779 3550 871 3604; x_wconf 88' lang='grc' dir='ltr'><strong>τοῦ</strong></span> <span class='ocrx_word' id='word_1_407' title='bbox 906 3551 1035 3605; x_wconf 87' lang='grc' dir='ltr'>Υἰοῦ</span> <span class='ocrx_word' id='word_1_408' title='bbox 1066 3554 1179 3624; x_wconf 74' lang='grc'><strong>(29)</strong></span> <span class='ocrx_word' id='word_1_409' title='bbox 1200 3552 1373 3606; x_wconf 80' lang='grc' dir='ltr'>ἔστιν’</span> <span class='ocrx_word' id='word_1_410' title='bbox 1415 3553 1493 3617; x_wconf 86' lang='grc' dir='ltr'>ὼς</span> <span class='ocrx_word' id='word_1_411' title='bbox 1526 3554 1619 3607; x_wconf 79' lang='grc' dir='ltr'><strong>καὶ</strong></span> <span class='ocrx_word' id='word_1_412' title='bbox 1664 3555 1814 3625; x_wconf 85' lang='grc' dir='ltr'>παρὰ</span> 
     </span>
    </p>
   </div>
   <div class='ocr_carea' id='block_1_55' title="bbox 237 3638 1812 3718">
    <p class='ocr_par' dir='ltr' id='par_1_55' title="bbox 237 3638 1812 3718">
     <span class='ocr_line' id='line_1_55' title="bbox 237 3638 1812 3718; baseline 0.004 -25"><span class='ocrx_word' id='word_1_413' title='bbox 237 3638 333 3693; x_wconf 86' lang='grc' dir='ltr'><strong>σοῦ</strong></span> <span class='ocrx_word' id='word_1_414' title='bbox 367 3640 764 3711; x_wconf 85' lang='grc' dir='ltr'>μεμαθήκαμεν</span> <span class='ocrx_word' id='word_1_415' title='bbox 785 3640 925 3696; x_wconf 81' lang='grc' dir='ltr'>κατὰ</span> <span class='ocrx_word' id='word_1_416' title='bbox 954 3642 1127 3714; x_wconf 83' lang='grc' dir='ltr'>μέσην</span> <span class='ocrx_word' id='word_1_417' title='bbox 1156 3643 1251 3716; x_wconf 84' lang='grc' dir='ltr'>τὴν</span> <span class='ocrx_word' id='word_1_418' title='bbox 1290 3643 1614 3716; x_wconf 86' lang='grc' dir='ltr'>Ἐκκλησίαν</span> <span class='ocrx_word' id='word_1_419' title='bbox 1642 3646 1812 3718; x_wconf 78' lang='grc' dir='ltr'>κηρύ-</span> 
     </span>
    </p>
   </div>
   <div class='ocr_carea' id='block_1_56' title="bbox 236 3728 1812 3808">
    <p class='ocr_par' dir='ltr' id='par_1_56' title="bbox 236 3728 1812 3808">
     <span class='ocr_line' id='line_1_56' title="bbox 236 3728 1812 3808; baseline 0.006 -26"><span class='ocrx_word' id='word_1_420' title='bbox 236 3730 451 3795; x_wconf 78' lang='grc' dir='ltr'>ξαντος.</span> <span class='ocrx_word' id='word_1_421' title='bbox 484 3732 636 3784; x_wconf 84' lang='grc' dir='ltr'>Καθὸ</span> <span class='ocrx_word' id='word_1_422' title='bbox 660 3728 753 3786; x_wconf 84' lang='grc' dir='ltr'><strong>οὖν</strong></span> <span class='ocrx_word' id='word_1_423' title='bbox 784 3733 935 3805; x_wconf 78' lang='grc' dir='ltr'>παρὰ</span> <span class='ocrx_word' id='word_1_424' title='bbox 957 3735 1050 3787; x_wconf 84' lang='grc' dir='ltr'><strong>τοῦ</strong></span> <span class='ocrx_word' id='word_1_425' title='bbox 1077 3735 1213 3789; x_wconf 91' lang='grc' dir='ltr'>Θεοῦ</span> <span class='ocrx_word' id='word_1_426' title='bbox 1248 3736 1308 3789; x_wconf 85' lang='grc' dir='ltr'><strong>τὸ</strong></span> <span class='ocrx_word' id='word_1_427' title='bbox 1345 3733 1483 3791; x_wconf 80' lang='grc' dir='ltr'>εἶναι</span> <span class='ocrx_word' id='word_1_428' title='bbox 1524 3736 1637 3808; x_wconf 79' lang='grc' dir='ltr'>ἔχει</span> <span class='ocrx_word' id='word_1_429' title='bbox 1657 3780 1671 3803; x_wconf 94' lang='grc'><strong>,</strong></span> <span class='ocrx_word' id='word_1_430' title='bbox 1718 3739 1812 3792; x_wconf 76' lang='grc' dir='ltr'><strong>καὶ</strong></span> 
     </span>
    </p>
   </div>
   <div class='ocr_carea' id='block_1_57' title="bbox 234 3821 1811 3902">
    <p class='ocr_par' dir='ltr' id='par_1_57' title="bbox 234 3821 1811 3902">
     <span class='ocr_line' id='line_1_57' title="bbox 234 3821 1811 3902; baseline 0.006 -28"><span class='ocrx_word' id='word_1_431' title='bbox 234 3821 337 3882; x_wconf 79' lang='grc' dir='ltr'><strong>τὰς</strong></span> <span class='ocrx_word' id='word_1_432' title='bbox 379 3821 538 3888; x_wconf 80' lang='grc' dir='ltr'>δόξας</span> <span class='ocrx_word' id='word_1_433' title='bbox 583 3824 676 3877; x_wconf 71' lang='grc' dir='ltr'><strong>καὶ</strong></span> <span class='ocrx_word' id='word_1_434' title='bbox 707 3824 768 3877; x_wconf 86' lang='grc' dir='ltr'><strong>τὸ</strong></span> <span class='ocrx_word' id='word_1_435' title='bbox 811 3824 931 3897; x_wconf 75' lang='grc' dir='ltr'>ζῇν,</span> <span class='ocrx_word' id='word_1_436' title='bbox 980 3826 1076 3879; x_wconf 79' lang='grc' dir='ltr'>καὶ</span> <span class='ocrx_word' id='word_1_437' title='bbox 1120 3826 1187 3880; x_wconf 85' lang='grc' dir='ltr'>τὰ</span> <span class='ocrx_word' id='word_1_438' title='bbox 1232 3828 1408 3882; x_wconf 83' lang='grc' dir='ltr'>πάντα</span> <span class='ocrx_word' id='word_1_439' title='bbox 1462 3829 1611 3900; x_wconf 78' lang='grc' dir='ltr'>αὐτῷ</span> <span class='ocrx_word' id='word_1_440' title='bbox 1667 3847 1811 3902; x_wconf 82' lang='grc' dir='ltr'>παρ·</span> 
     </span>
    </p>
   </div>
   <div class='ocr_carea' id='block_1_58' title="bbox 235 3910 1809 3995">
    <p class='ocr_par' dir='ltr' id='par_1_58' title="bbox 235 3910 1809 3995">
     <span class='ocr_line' id='line_1_58' title="bbox 235 3910 1809 3995; baseline 0.006 -31"><span class='ocrx_word' id='word_1_441' title='bbox 235 3910 396 3982; x_wconf 75' lang='grc' dir='ltr'>εδόθη</span> <span class='ocrx_word' id='word_1_442' title='bbox 434 3911 567 3981; x_wconf 82' lang='grc'><strong>(50),</strong></span> <span class='ocrx_word' id='word_1_443' title='bbox 610 3913 752 3967; x_wconf 86' lang='grc' dir='ltr'>κατά</span> <span class='ocrx_word' id='word_1_444' title='bbox 791 3914 950 3995; x_wconf 84' lang='grc' dir='ltr'>τοῦτο</span> <span class='ocrx_word' id='word_1_445' title='bbox 976 3916 1117 3988; x_wconf 82' lang='grc' dir='ltr'>ἀρχὴ</span> <span class='ocrx_word' id='word_1_446' title='bbox 1163 3916 1328 3970; x_wconf 85' lang='grc' dir='ltr'>αὑτοῦ</span> <span class='ocrx_word' id='word_1_447' title='bbox 1385 3920 1532 3972; x_wconf 81' lang='grc' dir='ltr'>ἐστιν</span> <span class='ocrx_word' id='word_1_448' title='bbox 1582 3921 1611 3972; x_wconf 86' lang='lat'><strong>6</strong></span> <span class='ocrx_word' id='word_1_449' title='bbox 1659 3920 1809 3984; x_wconf 86' lang='grc' dir='ltr'>Θεός.</span> 
     </span>
    </p>
   </div>
   <div class='ocr_carea' id='block_1_59' title="bbox 240 4001 1806 4081">
    <p class='ocr_par' dir='ltr' id='par_1_59' title="bbox 240 4001 1806 4081">
     <span class='ocr_line' id='line_1_59' title="bbox 240 4001 1806 4081; baseline 0.008 -28"><span class='ocrx_word' id='word_1_450' title='bbox 240 4001 433 4073; x_wconf 79' lang='grc' dir='ltr'>Ἀρχει</span> <span class='ocrx_word' id='word_1_451' title='bbox 467 4003 576 4074; x_wconf 76' lang='grc' dir='ltr'><strong>γὰρ</strong></span> <span class='ocrx_word' id='word_1_452' title='bbox 612 4005 798 4070; x_wconf 84' lang='grc' dir='ltr'>αὐτοῦ,</span> <span class='ocrx_word' id='word_1_453' title='bbox 823 4006 898 4069; x_wconf 84' lang='grc' dir='ltr'><strong>ὡς</strong></span> <span class='ocrx_word' id='word_1_454' title='bbox 926 4006 1060 4070; x_wconf 83' lang='grc' dir='ltr'>Θεὸς</span> <span class='ocrx_word' id='word_1_455' title='bbox 1088 4007 1252 4060; x_wconf 88' lang='grc' dir='ltr'>αὐτοῦ</span> <span class='ocrx_word' id='word_1_456' title='bbox 1281 4010 1375 4063; x_wconf 72' lang='grc' dir='ltr'><strong>καὶ</strong></span> <span class='ocrx_word' id='word_1_457' title='bbox 1402 4010 1506 4081; x_wconf 86' lang='grc' dir='ltr'><strong>πρὸ</strong></span> <span class='ocrx_word' id='word_1_458' title='bbox 1530 4012 1692 4064; x_wconf 82' lang='grc' dir='ltr'>αὐτοῦ</span> <span class='ocrx_word' id='word_1_459' title='bbox 1715 4010 1806 4065; x_wconf 81' lang='grc' dir='ltr'><strong>ὢν.</strong></span> 
     </span>
    </p>
   </div>
   <div class='ocr_carea' id='block_1_60' title="bbox 236 4090 1807 4172">
    <p class='ocr_par' dir='ltr' id='par_1_60' title="bbox 236 4090 1807 4172">
     <span class='ocr_line' id='line_1_60' title="bbox 236 4090 1807 4172; baseline 0.006 -29"><span class='ocrx_word' id='word_1_460' title='bbox 236 4091 306 4143; x_wconf 82' lang='grc' dir='ltr'>Εἰ</span> <span class='ocrx_word' id='word_1_461' title='bbox 329 4090 476 4168; x_wconf 30' lang='grc' dir='ltr'>δὲθτὸ</span> <span class='ocrx_word' id='word_1_462' title='bbox 500 4092 637 4163; x_wconf 80' lang='grc'><strong>(51),</strong></span> <span class='ocrx_word' id='word_1_463' title='bbox 675 4110 694 4142; x_wconf 74' lang='grc' dir='ltr'><strong>ι</strong></span> <span class='ocrx_word' id='word_1_464' title='bbox 735 4091 795 4156; x_wconf 77' lang='grc' dir='ltr'>ἐξ</span> <span class='ocrx_word' id='word_1_465' title='bbox 825 4093 1014 4159; x_wconf 82' lang='grc' dir='ltr'>αὐτοῦ,</span> <span class='ocrx_word' id='word_1_466' title='bbox 1050 4113 1068 4145; x_wconf 78' lang='grc' dir='ltr'><strong><em>ι</em></strong></span> <span class='ocrx_word' id='word_1_467' title='bbox 1104 4095 1196 4148; x_wconf 80' lang='grc' dir='ltr'>καὶ</span> <span class='ocrx_word' id='word_1_468' title='bbox 1226 4096 1308 4162; x_wconf 86' lang='grc' dir='ltr'><strong>τὸ,</strong></span> <span class='ocrx_word' id='word_1_469' title='bbox 1342 4116 1360 4148; x_wconf 79' lang='grc' dir='ltr'><strong>ι</strong></span> <span class='ocrx_word' id='word_1_470' title='bbox 1395 4099 1458 4151; x_wconf 88' lang='grc' dir='ltr'>ὲκ</span> <span class='ocrx_word' id='word_1_471' title='bbox 1491 4100 1745 4172; x_wconf 85' lang='grc' dir='ltr'>γαστρός,</span> <span class='ocrx_word' id='word_1_472' title='bbox 1788 4120 1807 4152; x_wconf 69' lang='grc' dir='ltr'><strong><em>ι</em></strong></span> 
     </span>
    </p>
   </div>
   <div class='ocr_carea' id='block_1_61' title="bbox 238 4181 1812 4263">
    <p class='ocr_par' dir='ltr' id='par_1_61' title="bbox 238 4181 1812 4263">
     <span class='ocr_line' id='line_1_61' title="bbox 238 4181 1812 4263; baseline 0.006 -29"><span class='ocrx_word' id='word_1_473' title='bbox 238 4183 336 4235; x_wconf 80' lang='grc' dir='ltr'><strong>καὶ</strong></span> <span class='ocrx_word' id='word_1_474' title='bbox 358 4181 440 4245; x_wconf 83' lang='grc' dir='ltr'><strong>τὸ,</strong></span> <span class='ocrx_word' id='word_1_475' title='bbox 461 4200 479 4232; x_wconf 78' lang='grc' dir='ltr'><strong>ι</strong></span> <span class='ocrx_word' id='word_1_476' title='bbox 509 4184 572 4236; x_wconf 83' lang='grc' dir='ltr'>ὲκ</span> <span class='ocrx_word' id='word_1_477' title='bbox 592 4184 684 4236; x_wconf 85' lang='grc' dir='ltr'>τοῦ</span> <span class='ocrx_word' id='word_1_478' title='bbox 713 4184 923 4254; x_wconf 84' lang='grc' dir='ltr'>Πατρὸς</span> <span class='ocrx_word' id='word_1_479' title='bbox 951 4183 1194 4254; x_wconf 75' lang='grc' dir='ltr'>ἐξῆλθον,</span> <span class='ocrx_word' id='word_1_480' title='bbox 1216 4187 1310 4240; x_wconf 81' lang='grc' dir='ltr'>καὶ</span> <span class='ocrx_word' id='word_1_481' title='bbox 1334 4189 1473 4258; x_wconf 78' lang='grc' dir='ltr'>ἥκω,</span> <span class='ocrx_word' id='word_1_482' title='bbox 1502 4207 1521 4240; x_wconf 74' lang='grc' dir='ltr'><strong><em>ι</em></strong></span> <span class='ocrx_word' id='word_1_483' title='bbox 1548 4190 1624 4253; x_wconf 84' lang='grc' dir='ltr'><strong>ὡς</strong></span> <span class='ocrx_word' id='word_1_484' title='bbox 1650 4191 1812 4263; x_wconf 85' lang='grc' dir='ltr'>μέρος</span> 
     </span>
    </p>
   </div>
   <div class='ocr_carea' id='block_1_62' title="bbox 239 4272 1810 4349">
    <p class='ocr_par' dir='ltr' id='par_1_62' title="bbox 239 4272 1810 4349">
     <span class='ocr_line' id='line_1_62' title="bbox 239 4272 1810 4349; baseline 0.006 -23"><span class='ocrx_word' id='word_1_485' title='bbox 239 4272 412 4326; x_wconf 84' lang='grc' dir='ltr'>αὐτοῦ</span> <span class='ocrx_word' id='word_1_486' title='bbox 439 4273 743 4342; x_wconf 83' lang='grc' dir='ltr'>ὀμοουσιου,</span> <span class='ocrx_word' id='word_1_487' title='bbox 765 4274 859 4327; x_wconf 76' lang='grc' dir='ltr'><strong>καὶ</strong></span> <span class='ocrx_word' id='word_1_488' title='bbox 886 4275 962 4338; x_wconf 84' lang='grc' dir='ltr'>ὡς</span> <span class='ocrx_word' id='word_1_489' title='bbox 993 4275 1232 4348; x_wconf 75' lang='grc' dir='ltr'>προϐολὴ</span> <span class='ocrx_word' id='word_1_490' title='bbox 1262 4277 1367 4332; x_wconf 85' lang='grc' dir='ltr'><strong>ὑπό</strong></span> <span class='ocrx_word' id='word_1_491' title='bbox 1395 4295 1555 4333; x_wconf 86' lang='grc' dir='ltr'>τινων</span> <span class='ocrx_word' id='word_1_492' title='bbox 1591 4285 1810 4349; x_wconf 83' lang='grc' dir='ltr'>νοεῖται,</span> 
     </span>
    </p>
   </div>
   <div class='ocr_carea' id='block_1_63' title="bbox 312 4468 1800 4542">
    <p class='ocr_par' dir='ltr' id='par_1_63' title="bbox 312 4468 1800 4542">
     <span class='ocr_line' id='line_1_63' title="bbox 312 4468 1800 4542; baseline 0.009 -22"><span class='ocrx_word' id='word_1_493' title='bbox 312 4471 444 4511; x_wconf 73' lang='grc'><strong>’⁷-³⁸</strong></span> <span class='ocrx_word' id='word_1_494' title='bbox 484 4468 640 4527; x_wconf 82' lang='lat' dir='ltr'><strong>Rom.</strong></span> <span class='ocrx_word' id='word_1_495' title='bbox 682 4486 759 4537; x_wconf 78' lang='lat' dir='ltr'><strong>xl,</strong></span> <span class='ocrx_word' id='word_1_496' title='bbox 796 4472 884 4527; x_wconf 78' lang='lat'><strong>&#39;56.</strong></span> <span class='ocrx_word' id='word_1_497' title='bbox 962 4473 1007 4505; x_wconf 81' lang='grc'><strong>⁶⁹</strong></span> <span class='ocrx_word' id='word_1_498' title='bbox 1045 4471 1191 4528; x_wconf 88' lang='lat' dir='ltr'><strong>Psal.</strong></span> <span class='ocrx_word' id='word_1_499' title='bbox 1225 4489 1340 4542; x_wconf 77' lang='lat' dir='ltr'><strong>clx,</strong></span> <span class='ocrx_word' id='word_1_500' title='bbox 1373 4474 1422 4528; x_wconf 79' lang='grc'><strong>5.</strong></span> <span class='ocrx_word' id='word_1_501' title='bbox 1524 4477 1540 4507; x_wconf 79' lang='grc'>¹</span> <span class='ocrx_word' id='word_1_502' title='bbox 1582 4476 1738 4532; x_wconf 86' lang='lat' dir='ltr'><strong>Joan.</strong></span> <span class='ocrx_word' id='word_1_503' title='bbox 1766 4494 1800 4532; x_wconf 74' lang='grc' dir='ltr'><strong><em>ι</em></strong></span> 
     </span>
    </p>
   </div>
   <div class='ocr_carea' id='block_1_64' title="bbox 314 4605 1783 4687">
    <p class='ocr_par' dir='ltr' id='par_1_64' title="bbox 314 4605 1783 4687">
     <span class='ocr_line' id='line_1_64' title="bbox 314 4605 1783 4687; baseline 0.007 -28"><span class='ocrx_word' id='word_1_504' title='bbox 314 4605 426 4687; x_wconf 65' lang='lat'><strong>(29)</strong></span> <span class='ocrx_word' id='word_1_505' title='bbox 468 4606 686 4677; x_wconf 79' lang='lat' dir='ltr'><strong>Epiph.,</strong></span> <span class='ocrx_word' id='word_1_506' title='bbox 719 4610 876 4687; x_wconf 79' lang='grc' dir='ltr'>μόνον</span> <span class='ocrx_word' id='word_1_507' title='bbox 907 4610 1117 4687; x_wconf 62' lang='grc' dir='ltr'><strong>Δκριτήν</strong></span> <span class='ocrx_word' id='word_1_508' title='bbox 1165 4610 1402 4687; x_wconf 78' lang='grc' dir='ltr'>πάντων.</span> <span class='ocrx_word' id='word_1_509' title='bbox 1454 4610 1624 4687; x_wconf 82' lang='lat' dir='ltr'><strong>Hilar.</strong></span> <span class='ocrx_word' id='word_1_510' title='bbox 1653 4629 1783 4669; x_wconf 83' lang='lat' dir='ltr'><strong>vero</strong></span> 
     </span>
    </p>
   </div>
   <div class='ocr_carea' id='block_1_65' title="bbox 1903 1891 3477 1969">
    <p class='ocr_par' dir='ltr' id='par_1_65' title="bbox 1903 1891 3477 1969">
     <span class='ocr_line' id='line_1_65' title="bbox 1903 1891 3477 1969; baseline -0.006 -16"><span class='ocrx_word' id='word_1_511' title='bbox 1903 1898 1951 1954; x_wconf 88' lang='lat' dir='ltr'><strong>is</strong></span> <span class='ocrx_word' id='word_1_512' title='bbox 1983 1899 2075 1969; x_wconf 91' lang='lat' dir='ltr'><strong>qui</strong></span> <span class='ocrx_word' id='word_1_513' title='bbox 2108 1900 2259 1969; x_wconf 91' lang='lat' dir='ltr'><strong>prius</strong></span> <span class='ocrx_word' id='word_1_514' title='bbox 2285 1907 2423 1965; x_wconf 89' lang='lat' dir='ltr'><strong>erat,</strong></span> <span class='ocrx_word' id='word_1_515' title='bbox 2457 1907 2646 1967; x_wconf 89' lang='lat' dir='ltr'><strong>postea</strong></span> <span class='ocrx_word' id='word_1_516' title='bbox 2682 1897 2898 1967; x_wconf 87' lang='lat' dir='ltr'><strong>genitus</strong></span> <span class='ocrx_word' id='word_1_517' title='bbox 2945 1894 3016 1948; x_wconf 92' lang='lat' dir='ltr'><strong>sit</strong></span> <span class='ocrx_word' id='word_1_518' title='bbox 3052 1903 3147 1948; x_wconf 89' lang='lat' dir='ltr'><strong>aut</strong></span> <span class='ocrx_word' id='word_1_519' title='bbox 3185 1894 3239 1946; x_wconf 90' lang='lat' dir='ltr'><strong>in</strong></span> <span class='ocrx_word' id='word_1_520' title='bbox 3276 1891 3477 1946; x_wconf 86' lang='lat' dir='ltr'><strong>Filium</strong></span> 
     </span>
    </p>
   </div>
   <div class='ocr_carea' id='block_1_66' title="bbox 1903 1982 3479 2057">
    <p class='ocr_par' dir='ltr' id='par_1_66' title="bbox 1903 1982 3479 2057">
     <span class='ocr_line' id='line_1_66' title="bbox 1903 1982 3479 2057; baseline -0.004 -17"><span class='ocrx_word' id='word_1_521' title='bbox 1903 1987 2156 2041; x_wconf 86' lang='lat' dir='ltr'><strong>conditus</strong></span> <span class='ocrx_word' id='word_1_522' title='bbox 2192 2004 2205 2039; x_wconf 92' lang='lat'>:</span> <span class='ocrx_word' id='word_1_523' title='bbox 2241 1986 2701 2057; x_wconf 83' lang='lat' dir='ltr'><strong>quemadmodum</strong></span> <span class='ocrx_word' id='word_1_524' title='bbox 2737 1994 2794 2039; x_wconf 91' lang='lat' dir='ltr'><strong>tu</strong></span> <span class='ocrx_word' id='word_1_525' title='bbox 2846 1985 2982 2053; x_wconf 90' lang='lat' dir='ltr'><strong>ipse,</strong></span> <span class='ocrx_word' id='word_1_526' title='bbox 3022 1985 3179 2039; x_wconf 87' lang='lat' dir='ltr'><strong>beate</strong></span> <span class='ocrx_word' id='word_1_527' title='bbox 3206 1997 3366 2052; x_wconf 82' lang='lat' dir='ltr'><strong>papa,</strong></span> <span class='ocrx_word' id='word_1_528' title='bbox 3424 1982 3479 2034; x_wconf 90' lang='lat' dir='ltr'><strong>in</strong></span> 
     </span>
    </p>
   </div>
   <div class='ocr_carea' id='block_1_67' title="bbox 1910 2072 3480 2146">
    <p class='ocr_par' dir='ltr' id='par_1_67' title="bbox 1910 2072 3480 2146">
     <span class='ocr_line' id='line_1_67' title="bbox 1910 2072 3480 2146; baseline -0.003 -16"><span class='ocrx_word' id='word_1_529' title='bbox 1910 2077 2086 2131; x_wconf 92' lang='lat' dir='ltr'><strong>media</strong></span> <span class='ocrx_word' id='word_1_530' title='bbox 2109 2077 2348 2132; x_wconf 79' lang='lat' dir='ltr'><strong>Ecclesia</strong></span> <span class='ocrx_word' id='word_1_531' title='bbox 2376 2087 2430 2130; x_wconf 91' lang='lat' dir='ltr'><strong>et</strong></span> <span class='ocrx_word' id='word_1_532' title='bbox 2455 2077 2508 2130; x_wconf 91' lang='lat' dir='ltr'><strong>in</strong></span> <span class='ocrx_word' id='word_1_533' title='bbox 2539 2091 2799 2132; x_wconf 87' lang='lat' dir='ltr'><strong>consessu</strong></span> <span class='ocrx_word' id='word_1_534' title='bbox 2835 2077 3041 2146; x_wconf 79' lang='lat' dir='ltr'><strong>pluries</strong></span> <span class='ocrx_word' id='word_1_535' title='bbox 3073 2076 3166 2144; x_wconf 91' lang='lat' dir='ltr'><strong>qui</strong></span> <span class='ocrx_word' id='word_1_536' title='bbox 3203 2075 3317 2128; x_wconf 82' lang='lat' dir='ltr'><strong>haec</strong></span> <span class='ocrx_word' id='word_1_537' title='bbox 3340 2072 3480 2126; x_wconf 85' lang='lat' dir='ltr'><strong>alIir-</strong></span> 
     </span>
    </p>
   </div>
   <div class='ocr_carea' id='block_1_68' title="bbox 1906 2162 3483 2247">
    <p class='ocr_par' dir='ltr' id='par_1_68' title="bbox 1906 2162 3483 2247">
     <span class='ocr_line' id='line_1_68' title="bbox 1906 2162 3483 2247; baseline -0.004 -24"><span class='ocrx_word' id='word_1_538' title='bbox 1906 2178 2116 2247; x_wconf 85' lang='lat' dir='ltr'><strong>marent</strong></span> <span class='ocrx_word' id='word_1_539' title='bbox 2154 2167 2480 2235; x_wconf 80' lang='lat' dir='ltr'><strong>confutasti;</strong></span> <span class='ocrx_word' id='word_1_540' title='bbox 2506 2169 2599 2223; x_wconf 86' lang='lat' dir='ltr'><strong>sed</strong></span> <span class='ocrx_word' id='word_1_541' title='bbox 2661 2177 2722 2222; x_wconf 88' lang='lat' dir='ltr'><strong>ut</strong></span> <span class='ocrx_word' id='word_1_542' title='bbox 2770 2169 3030 2231; x_wconf 84' lang='lat' dir='ltr'><strong>dicimus,</strong></span> <span class='ocrx_word' id='word_1_543' title='bbox 3063 2167 3339 2220; x_wconf 79' lang='lat' dir='ltr'><strong>voluntate</strong></span> <span class='ocrx_word' id='word_1_544' title='bbox 3386 2162 3483 2216; x_wconf 84' lang='lat' dir='ltr'><strong>Dei</strong></span> 
     </span>
    </p>
   </div>
   <div class='ocr_carea' id='block_1_69' title="bbox 1908 2258 3483 2331">
    <p class='ocr_par' dir='ltr' id='par_1_69' title="bbox 1908 2258 3483 2331">
     <span class='ocr_line' id='line_1_69' title="bbox 1908 2258 3483 2331; baseline -0.004 -16"><span class='ocrx_word' id='word_1_545' title='bbox 1908 2270 2033 2316; x_wconf 84' lang='lat' dir='ltr'><strong>ante</strong></span> <span class='ocrx_word' id='word_1_546' title='bbox 2062 2270 2305 2331; x_wconf 88' lang='lat' dir='ltr'><strong>tempora</strong></span> <span class='ocrx_word' id='word_1_547' title='bbox 2328 2272 2381 2315; x_wconf 93' lang='lat' dir='ltr'><strong>et</strong></span> <span class='ocrx_word' id='word_1_548' title='bbox 2405 2271 2530 2315; x_wconf 90' lang='lat' dir='ltr'><strong>ante</strong></span> <span class='ocrx_word' id='word_1_549' title='bbox 2553 2263 2749 2316; x_wconf 58' lang='lat' dir='ltr'><strong>saecula</strong></span> <span class='ocrx_word' id='word_1_550' title='bbox 2772 2273 3038 2325; x_wconf 86' lang='lat' dir='ltr'><strong>creatum,</strong></span> <span class='ocrx_word' id='word_1_551' title='bbox 3059 2259 3154 2329; x_wconf 90' lang='lat' dir='ltr'><strong>qui</strong></span> <span class='ocrx_word' id='word_1_552' title='bbox 3187 2269 3246 2312; x_wconf 92' lang='lat' dir='ltr'><strong>ut</strong></span> <span class='ocrx_word' id='word_1_553' title='bbox 3276 2258 3483 2310; x_wconf 78' lang='lat' dir='ltr'><strong>viveret</strong></span> 
     </span>
    </p>
   </div>
   <div class='ocr_carea' id='block_1_70' title="bbox 1907 2348 3476 2422">
    <p class='ocr_par' dir='ltr' id='par_1_70' title="bbox 1907 2348 3476 2422">
     <span class='ocr_line' id='line_1_70' title="bbox 1907 2348 3476 2422; baseline -0.006 -12"><span class='ocrx_word' id='word_1_554' title='bbox 1907 2363 1961 2409; x_wconf 84' lang='lat' dir='ltr'><strong>et</strong></span> <span class='ocrx_word' id='word_1_555' title='bbox 1991 2362 2137 2409; x_wconf 89' lang='lat' dir='ltr'><strong>esset</strong></span> <span class='ocrx_word' id='word_1_556' title='bbox 2161 2370 2192 2408; x_wconf 92' lang='lat' dir='ltr'><strong>a</strong></span> <span class='ocrx_word' id='word_1_557' title='bbox 2218 2352 2377 2407; x_wconf 88' lang='lat' dir='ltr'><strong>Patre</strong></span> <span class='ocrx_word' id='word_1_558' title='bbox 2398 2354 2628 2422; x_wconf 84' lang='lat' dir='ltr'><strong>accepit,</strong></span> <span class='ocrx_word' id='word_1_559' title='bbox 2653 2353 2790 2406; x_wconf 89' lang='lat' dir='ltr'><strong>adeo</strong></span> <span class='ocrx_word' id='word_1_560' title='bbox 2818 2361 2877 2406; x_wconf 93' lang='lat' dir='ltr'><strong>ut</strong></span> <span class='ocrx_word' id='word_1_561' title='bbox 2899 2352 2947 2406; x_wconf 91' lang='lat' dir='ltr'><strong>ei</strong></span> <span class='ocrx_word' id='word_1_562' title='bbox 2981 2350 3140 2405; x_wconf 81' lang='lat' dir='ltr'><strong>Pater</strong></span> <span class='ocrx_word' id='word_1_563' title='bbox 3168 2365 3320 2403; x_wconf 87' lang='lat' dir='ltr'><strong>suam</strong></span> <span class='ocrx_word' id='word_1_564' title='bbox 3358 2348 3476 2417; x_wconf 81' lang='lat' dir='ltr'><strong>glo-</strong></span> 
     </span>
    </p>
   </div>
   <div class='ocr_carea' id='block_1_71' title="bbox 1908 2437 3477 2511">
    <p class='ocr_par' dir='ltr' id='par_1_71' title="bbox 1908 2437 3477 2511">
     <span class='ocr_line' id='line_1_71' title="bbox 1908 2437 3477 2511; baseline -0.007 -11"><span class='ocrx_word' id='word_1_565' title='bbox 1908 2446 2045 2500; x_wconf 88' lang='lat' dir='ltr'><strong>riam</strong></span> <span class='ocrx_word' id='word_1_566' title='bbox 2077 2446 2132 2499; x_wconf 94' lang='lat' dir='ltr'><strong>in</strong></span> <span class='ocrx_word' id='word_1_567' title='bbox 2185 2445 2459 2500; x_wconf 89' lang='lat' dir='ltr'><strong>creatione</strong></span> <span class='ocrx_word' id='word_1_568' title='bbox 2512 2443 2821 2498; x_wconf 85' lang='lat' dir='ltr'><strong>contulerit.</strong></span> <span class='ocrx_word' id='word_1_569' title='bbox 2869 2440 3055 2511; x_wconf 87' lang='lat' dir='ltr'><strong>Neque</strong></span> <span class='ocrx_word' id='word_1_570' title='bbox 3088 2440 3234 2494; x_wconf 89' lang='lat' dir='ltr'><strong>enim</strong></span> <span class='ocrx_word' id='word_1_571' title='bbox 3294 2437 3477 2501; x_wconf 87' lang='lat' dir='ltr'><strong>Pater,</strong></span> 
     </span>
    </p>
   </div>
   <div class='ocr_carea' id='block_1_72' title="bbox 1909 2531 3482 2607">
    <p class='ocr_par' dir='ltr' id='par_1_72' title="bbox 1909 2531 3482 2607">
     <span class='ocr_line' id='line_1_72' title="bbox 1909 2531 3482 2607; baseline -0.006 -14"><span class='ocrx_word' id='word_1_572' title='bbox 1909 2553 2034 2593; x_wconf 92' lang='lat' dir='ltr'><strong>cum</strong></span> <span class='ocrx_word' id='word_1_573' title='bbox 2069 2538 2312 2592; x_wconf 91' lang='lat' dir='ltr'><strong>omnium</strong></span> <span class='ocrx_word' id='word_1_574' title='bbox 2344 2535 2748 2607; x_wconf 83' lang='lat' dir='ltr'><strong>possessionem</strong></span> <span class='ocrx_word' id='word_1_575' title='bbox 2816 2535 2918 2604; x_wconf 92' lang='lat' dir='ltr'><strong>ipsi</strong></span> <span class='ocrx_word' id='word_1_576' title='bbox 2971 2532 3216 2595; x_wconf 87' lang='lat' dir='ltr'><strong>tradidit,</strong></span> <span class='ocrx_word' id='word_1_577' title='bbox 3271 2531 3338 2584; x_wconf 89' lang='lat' dir='ltr'><strong>iis</strong></span> <span class='ocrx_word' id='word_1_578' title='bbox 3391 2545 3482 2584; x_wconf 89' lang='lat' dir='ltr'><strong>se-</strong></span> 
     </span>
    </p>
   </div>
   <div class='ocr_carea' id='block_1_73' title="bbox 1911 2623 3483 2700">
    <p class='ocr_par' dir='ltr' id='par_1_73' title="bbox 1911 2623 3483 2700">
     <span class='ocr_line' id='line_1_73' title="bbox 1911 2623 3483 2700; baseline -0.006 -14"><span class='ocrx_word' id='word_1_579' title='bbox 1911 2631 2087 2700; x_wconf 87' lang='lat' dir='ltr'><strong>ipsum</strong></span> <span class='ocrx_word' id='word_1_580' title='bbox 2116 2631 2366 2700; x_wconf 85' lang='lat' dir='ltr'><strong>privavit,</strong></span> <span class='ocrx_word' id='word_1_581' title='bbox 2400 2644 2522 2699; x_wconf 75' lang='lat' dir='ltr'><strong>qua:</strong></span> <span class='ocrx_word' id='word_1_582' title='bbox 2548 2627 2787 2698; x_wconf 82' lang='lat' dir='ltr'><strong>ingenito</strong></span> <span class='ocrx_word' id='word_1_583' title='bbox 2811 2626 2974 2680; x_wconf 90' lang='lat' dir='ltr'><strong>modo</strong></span> <span class='ocrx_word' id='word_1_584' title='bbox 3018 2626 3070 2678; x_wconf 88' lang='lat' dir='ltr'><strong>in</strong></span> <span class='ocrx_word' id='word_1_585' title='bbox 3101 2639 3161 2680; x_wconf 91' lang='lat' dir='ltr'><strong>se</strong></span> <span class='ocrx_word' id='word_1_586' title='bbox 3197 2623 3437 2678; x_wconf 85' lang='lat' dir='ltr'><strong>continet</strong></span> <span class='ocrx_word' id='word_1_587' title='bbox 3464 2640 3483 2677; x_wconf 72' lang='grc' dir='ltr'><strong>ι</strong></span> 
     </span>
    </p>
   </div>
   <div class='ocr_carea' id='block_1_74' title="bbox 1911 2714 3481 2789">
    <p class='ocr_par' dir='ltr' id='par_1_74' title="bbox 1911 2714 3481 2789">
     <span class='ocr_line' id='line_1_74' title="bbox 1911 2714 3481 2789; baseline -0.004 -15"><span class='ocrx_word' id='word_1_588' title='bbox 1911 2720 2034 2776; x_wconf 82' lang='lat' dir='ltr'><strong>fons</strong></span> <span class='ocrx_word' id='word_1_589' title='bbox 2063 2722 2207 2775; x_wconf 88' lang='lat' dir='ltr'><strong>enim</strong></span> <span class='ocrx_word' id='word_1_590' title='bbox 2241 2732 2324 2775; x_wconf 89' lang='lat' dir='ltr'><strong>est</strong></span> <span class='ocrx_word' id='word_1_591' title='bbox 2379 2722 2647 2785; x_wconf 89' lang='lat' dir='ltr'><strong>omnium,</strong></span> <span class='ocrx_word' id='word_1_592' title='bbox 2677 2728 3008 2789; x_wconf 86' lang='lat' dir='ltr'><strong>quapropter</strong></span> <span class='ocrx_word' id='word_1_593' title='bbox 3031 2725 3143 2771; x_wconf 87' lang='lat' dir='ltr'><strong>tres</strong></span> <span class='ocrx_word' id='word_1_594' title='bbox 3192 2723 3322 2771; x_wconf 90' lang='lat' dir='ltr'><strong>sunt</strong></span> <span class='ocrx_word' id='word_1_595' title='bbox 3348 2714 3481 2768; x_wconf 88' lang='lat' dir='ltr'><strong>sub—</strong></span> 
     </span>
    </p>
   </div>
   <div class='ocr_carea' id='block_1_75' title="bbox 1912 2805 3486 2883">
    <p class='ocr_par' dir='ltr' id='par_1_75' title="bbox 1912 2805 3486 2883">
     <span class='ocr_line' id='line_1_75' title="bbox 1912 2805 3486 2883; baseline -0.006 -16"><span class='ocrx_word' id='word_1_596' title='bbox 1912 2813 2126 2867; x_wconf 67' lang='lat' dir='ltr'><strong>stantiae</strong></span> <span class='ocrx_word' id='word_1_597' title='bbox 2169 2811 2305 2883; x_wconf 77' lang='grc'><strong>(55).</strong></span> <span class='ocrx_word' id='word_1_598' title='bbox 2341 2811 2407 2864; x_wconf 86' lang='lat' dir='ltr'><strong>Et</strong></span> <span class='ocrx_word' id='word_1_599' title='bbox 2458 2809 2602 2865; x_wconf 88' lang='lat' dir='ltr'><strong>Deus</strong></span> <span class='ocrx_word' id='word_1_600' title='bbox 2665 2809 2882 2878; x_wconf 88' lang='lat' dir='ltr'><strong>quidem</strong></span> <span class='ocrx_word' id='word_1_601' title='bbox 2939 2823 3063 2862; x_wconf 89' lang='lat' dir='ltr'><strong>cum</strong></span> <span class='ocrx_word' id='word_1_602' title='bbox 3118 2806 3363 2860; x_wconf 89' lang='lat' dir='ltr'><strong>omnium</strong></span> <span class='ocrx_word' id='word_1_603' title='bbox 3415 2805 3486 2858; x_wconf 88' lang='lat' dir='ltr'><strong>sit</strong></span> 
     </span>
    </p>
   </div>
   <div class='ocr_carea' id='block_1_76' title="bbox 1912 2894 3493 2969">
    <p class='ocr_par' dir='ltr' id='par_1_76' title="bbox 1912 2894 3493 2969">
     <span class='ocr_line' id='line_1_76' title="bbox 1912 2894 3493 2969; baseline -0.006 -12"><span class='ocrx_word' id='word_1_604' title='bbox 1912 2917 2100 2966; x_wconf 85' lang='lat' dir='ltr'><strong>causa,</strong></span> <span class='ocrx_word' id='word_1_605' title='bbox 2134 2903 2359 2956; x_wconf 91' lang='lat' dir='ltr'><strong>omnino</strong></span> <span class='ocrx_word' id='word_1_606' title='bbox 2410 2900 2560 2955; x_wconf 89' lang='lat' dir='ltr'><strong>solus</strong></span> <span class='ocrx_word' id='word_1_607' title='bbox 2591 2900 2798 2969; x_wconf 89' lang='lat' dir='ltr'><strong>absque</strong></span> <span class='ocrx_word' id='word_1_608' title='bbox 2848 2897 3117 2967; x_wconf 86' lang='lat' dir='ltr'><strong>principio</strong></span> <span class='ocrx_word' id='word_1_609' title='bbox 3146 2904 3233 2950; x_wconf 89' lang='lat' dir='ltr'><strong>est</strong></span> <span class='ocrx_word' id='word_1_610' title='bbox 3265 2913 3279 2950; x_wconf 90' lang='lat'><strong>:</strong></span> <span class='ocrx_word' id='word_1_611' title='bbox 3313 2894 3493 2948; x_wconf 87' lang='lat' dir='ltr'><strong>Filius</strong></span> 
     </span>
    </p>
   </div>
   <div class='ocr_carea' id='block_1_77' title="bbox 1912 2987 3488 3060">
    <p class='ocr_par' dir='ltr' id='par_1_77' title="bbox 1912 2987 3488 3060">
     <span class='ocr_line' id='line_1_77' title="bbox 1912 2987 3488 3060; baseline -0.004 -13"><span class='ocrx_word' id='word_1_612' title='bbox 1912 3008 2042 3048; x_wconf 87' lang='lat' dir='ltr'><strong>vero</strong></span> <span class='ocrx_word' id='word_1_613' title='bbox 2069 2993 2185 3047; x_wconf 90' lang='lat' dir='ltr'><strong>sine</strong></span> <span class='ocrx_word' id='word_1_614' title='bbox 2212 3001 2457 3060; x_wconf 88' lang='lat' dir='ltr'><strong>tempore</strong></span> <span class='ocrx_word' id='word_1_615' title='bbox 2490 3007 2521 3044; x_wconf 87' lang='lat' dir='ltr'><strong>a</strong></span> <span class='ocrx_word' id='word_1_616' title='bbox 2564 2992 2722 3045; x_wconf 86' lang='lat' dir='ltr'><strong>Patre</strong></span> <span class='ocrx_word' id='word_1_617' title='bbox 2748 2990 2987 3060; x_wconf 89' lang='lat' dir='ltr'><strong>genitus.</strong></span> <span class='ocrx_word' id='word_1_618' title='bbox 3023 2996 3079 3042; x_wconf 92' lang='lat' dir='ltr'><strong>et</strong></span> <span class='ocrx_word' id='word_1_619' title='bbox 3116 2996 3242 3042; x_wconf 90' lang='lat' dir='ltr'><strong>ante</strong></span> <span class='ocrx_word' id='word_1_620' title='bbox 3288 2987 3488 3041; x_wconf 68' lang='lat' dir='ltr'><strong>sarcula</strong></span> 
     </span>
    </p>
   </div>
   <div class='ocr_carea' id='block_1_78' title="bbox 1914 3080 3487 3150">
    <p class='ocr_par' dir='ltr' id='par_1_78' title="bbox 1914 3080 3487 3150">
     <span class='ocr_line' id='line_1_78' title="bbox 1914 3080 3487 3150; baseline -0.003 -13"><span class='ocrx_word' id='word_1_621' title='bbox 1914 3090 2132 3137; x_wconf 89' lang='lat' dir='ltr'><strong>creatus</strong></span> <span class='ocrx_word' id='word_1_622' title='bbox 2167 3089 2222 3135; x_wconf 89' lang='lat' dir='ltr'><strong>et</strong></span> <span class='ocrx_word' id='word_1_623' title='bbox 2253 3080 2534 3146; x_wconf 83' lang='lat' dir='ltr'><strong>fundatus,</strong></span> <span class='ocrx_word' id='word_1_624' title='bbox 2561 3094 2674 3133; x_wconf 88' lang='lat' dir='ltr'><strong>non</strong></span> <span class='ocrx_word' id='word_1_625' title='bbox 2708 3092 2826 3133; x_wconf 89' lang='lat' dir='ltr'><strong>erat</strong></span> <span class='ocrx_word' id='word_1_626' title='bbox 2868 3081 3191 3150; x_wconf 82' lang='lat' dir='ltr'><strong>priusquam</strong></span> <span class='ocrx_word' id='word_1_627' title='bbox 3235 3080 3487 3149; x_wconf 84' lang='lat' dir='ltr'><strong>gignere-</strong></span> 
     </span>
    </p>
   </div>
   <div class='ocr_carea' id='block_1_79' title="bbox 1916 3171 3490 3242">
    <p class='ocr_par' dir='ltr' id='par_1_79' title="bbox 1916 3171 3490 3242">
     <span class='ocr_line' id='line_1_79' title="bbox 1916 3171 3490 3242; baseline -0.003 -13"><span class='ocrx_word' id='word_1_628' title='bbox 1916 3183 2035 3239; x_wconf 89' lang='lat' dir='ltr'><strong>tur;</strong></span> <span class='ocrx_word' id='word_1_629' title='bbox 2071 3172 2168 3229; x_wconf 90' lang='lat' dir='ltr'><strong>sed</strong></span> <span class='ocrx_word' id='word_1_630' title='bbox 2192 3173 2311 3228; x_wconf 91' lang='lat' dir='ltr'><strong>sine</strong></span> <span class='ocrx_word' id='word_1_631' title='bbox 2340 3180 2604 3242; x_wconf 88' lang='lat' dir='ltr'><strong>tempore,</strong></span> <span class='ocrx_word' id='word_1_632' title='bbox 2642 3179 2771 3226; x_wconf 88' lang='lat' dir='ltr'><strong>ante</strong></span> <span class='ocrx_word' id='word_1_633' title='bbox 2802 3172 2983 3226; x_wconf 90' lang='lat' dir='ltr'><strong>omnia</strong></span> <span class='ocrx_word' id='word_1_634' title='bbox 3012 3173 3247 3241; x_wconf 84' lang='lat' dir='ltr'><strong>genitus,</strong></span> <span class='ocrx_word' id='word_1_635' title='bbox 3273 3171 3423 3225; x_wconf 90' lang='lat' dir='ltr'><strong>solus</strong></span> <span class='ocrx_word' id='word_1_636' title='bbox 3454 3186 3490 3224; x_wconf 88' lang='lat' dir='ltr'><strong>a.</strong></span> 
     </span>
    </p>
   </div>
   <div class='ocr_carea' id='block_1_80' title="bbox 1913 3264 3482 3330">
    <p class='ocr_par' dir='ltr' id='par_1_80' title="bbox 1913 3264 3482 3330">
     <span class='ocr_line' id='line_1_80' title="bbox 1913 3264 3482 3330; baseline -0.002 -10"><span class='ocrx_word' id='word_1_637' title='bbox 1913 3266 2073 3322; x_wconf 90' lang='lat' dir='ltr'><strong>Patre</strong></span> <span class='ocrx_word' id='word_1_638' title='bbox 2098 3265 2332 3330; x_wconf 80' lang='lat' dir='ltr'><strong>exsistit,</strong></span> <span class='ocrx_word' id='word_1_639' title='bbox 2381 3281 2487 3319; x_wconf 93' lang='lat' dir='ltr'><strong>non</strong></span> <span class='ocrx_word' id='word_1_640' title='bbox 2543 3264 2691 3319; x_wconf 90' lang='lat' dir='ltr'><strong>enim</strong></span> <span class='ocrx_word' id='word_1_641' title='bbox 2731 3272 3101 3327; x_wconf 62' lang='lat' dir='ltr'><strong>estaternus,</strong></span> <span class='ocrx_word' id='word_1_642' title='bbox 3155 3273 3482 3326; x_wconf 67' lang='lat' dir='ltr'><strong>coaeternus,</strong></span> 
     </span>
    </p>
   </div>
   <div class='ocr_carea' id='block_1_81' title="bbox 1913 3355 3489 3428">
    <p class='ocr_par' dir='ltr' id='par_1_81' title="bbox 1913 3355 3489 3428">
     <span class='ocr_line' id='line_1_81' title="bbox 1913 3355 3489 3428; baseline -0.005 -13"><span class='ocrx_word' id='word_1_643' title='bbox 1913 3368 2009 3415; x_wconf 89' lang='lat' dir='ltr'><strong>aut</strong></span> <span class='ocrx_word' id='word_1_644' title='bbox 2036 3376 2144 3415; x_wconf 89' lang='lat' dir='ltr'><strong>una</strong></span> <span class='ocrx_word' id='word_1_645' title='bbox 2166 3375 2290 3414; x_wconf 94' lang='lat' dir='ltr'><strong>cum</strong></span> <span class='ocrx_word' id='word_1_646' title='bbox 2343 3357 2506 3413; x_wconf 86' lang='lat' dir='ltr'><strong>Patre</strong></span> <span class='ocrx_word' id='word_1_647' title='bbox 2555 3358 2827 3428; x_wconf 85' lang='lat' dir='ltr'><strong>ingenitus</strong></span> <span class='ocrx_word' id='word_1_648' title='bbox 2863 3374 2878 3411; x_wconf 90' lang='lat'><strong>:</strong></span> <span class='ocrx_word' id='word_1_649' title='bbox 2922 3370 3098 3425; x_wconf 89' lang='lat' dir='ltr'><strong>neque</strong></span> <span class='ocrx_word' id='word_1_650' title='bbox 3140 3355 3303 3410; x_wconf 89' lang='lat' dir='ltr'><strong>simul</strong></span> <span class='ocrx_word' id='word_1_651' title='bbox 3357 3370 3489 3408; x_wconf 89' lang='lat' dir='ltr'><strong>cum</strong></span> 
     </span>
    </p>
   </div>
   <div class='ocr_carea' id='block_1_82' title="bbox 1911 3446 3485 3517">
    <p class='ocr_par' dir='ltr' id='par_1_82' title="bbox 1911 3446 3485 3517">
     <span class='ocr_line' id='line_1_82' title="bbox 1911 3446 3485 3517; baseline -0.002 -13"><span class='ocrx_word' id='word_1_652' title='bbox 1911 3449 2071 3505; x_wconf 89' lang='lat' dir='ltr'><strong>Patre</strong></span> <span class='ocrx_word' id='word_1_653' title='bbox 2096 3450 2258 3505; x_wconf 88' lang='lat' dir='ltr'><strong>habet</strong></span> <span class='ocrx_word' id='word_1_654' title='bbox 2277 3463 2418 3514; x_wconf 88' lang='lat' dir='ltr'><strong>esse,</strong></span> <span class='ocrx_word' id='word_1_655' title='bbox 2464 3456 2526 3502; x_wconf 87' lang='lat' dir='ltr'><strong>ut</strong></span> <span class='ocrx_word' id='word_1_656' title='bbox 2575 3449 2796 3517; x_wconf 82' lang='lat' dir='ltr'><strong>quidam</strong></span> <span class='ocrx_word' id='word_1_657' title='bbox 2822 3447 3012 3501; x_wconf 89' lang='lat' dir='ltr'><strong>dicunt</strong></span> <span class='ocrx_word' id='word_1_658' title='bbox 3041 3446 3108 3500; x_wconf 88' lang='lat' dir='ltr'><strong>de</strong></span> <span class='ocrx_word' id='word_1_659' title='bbox 3159 3446 3228 3499; x_wconf 90' lang='lat' dir='ltr'><strong>iis</strong></span> <span class='ocrx_word' id='word_1_660' title='bbox 3250 3461 3373 3515; x_wconf 73' lang='lat' dir='ltr'><strong>quae</strong></span> <span class='ocrx_word' id='word_1_661' title='bbox 3417 3446 3485 3501; x_wconf 89' lang='lat' dir='ltr'><strong>ad</strong></span> 
     </span>
    </p>
   </div>
   <div class='ocr_carea' id='block_1_83' title="bbox 1913 3536 3487 3607">
    <p class='ocr_par' dir='ltr' id='par_1_83' title="bbox 1913 3536 3487 3607">
     <span class='ocr_line' id='line_1_83' title="bbox 1913 3536 3487 3607; baseline -0.003 -10"><span class='ocrx_word' id='word_1_662' title='bbox 1913 3542 2060 3597; x_wconf 89' lang='lat' dir='ltr'><strong>aliud</strong></span> <span class='ocrx_word' id='word_1_663' title='bbox 2085 3539 2415 3606; x_wconf 84' lang='lat' dir='ltr'><strong>referuntur,</strong></span> <span class='ocrx_word' id='word_1_664' title='bbox 2433 3540 2541 3594; x_wconf 93' lang='lat' dir='ltr'><strong>duo</strong></span> <span class='ocrx_word' id='word_1_665' title='bbox 2571 3539 2808 3606; x_wconf 84' lang='lat' dir='ltr'><strong>ingenita</strong></span> <span class='ocrx_word' id='word_1_666' title='bbox 2838 3538 3102 3607; x_wconf 88' lang='lat' dir='ltr'><strong>principia</strong></span> <span class='ocrx_word' id='word_1_667' title='bbox 3125 3536 3443 3592; x_wconf 90' lang='lat' dir='ltr'><strong>inducentes</strong></span> <span class='ocrx_word' id='word_1_668' title='bbox 3465 3556 3487 3592; x_wconf 85' lang='lat'><strong>:</strong></span> 
     </span>
    </p>
   </div>
   <div class='ocr_carea' id='block_1_84' title="bbox 1913 3631 3489 3701">
    <p class='ocr_par' dir='ltr' id='par_1_84' title="bbox 1913 3631 3489 3701">
     <span class='ocr_line' id='line_1_84' title="bbox 1913 3631 3489 3701; baseline -0.003 -10"><span class='ocrx_word' id='word_1_669' title='bbox 1913 3636 2007 3692; x_wconf 89' lang='lat' dir='ltr'><strong>sed</strong></span> <span class='ocrx_word' id='word_1_670' title='bbox 2029 3635 2195 3700; x_wconf 84' lang='lat' dir='ltr'><strong>Deus,</strong></span> <span class='ocrx_word' id='word_1_671' title='bbox 2227 3642 2286 3688; x_wconf 89' lang='lat' dir='ltr'><strong>ut</strong></span> <span class='ocrx_word' id='word_1_672' title='bbox 2308 3643 2393 3689; x_wconf 90' lang='lat' dir='ltr'><strong>est</strong></span> <span class='ocrx_word' id='word_1_673' title='bbox 2413 3633 2594 3688; x_wconf 89' lang='lat' dir='ltr'><strong>unitas</strong></span> <span class='ocrx_word' id='word_1_674' title='bbox 2640 3642 2695 3687; x_wconf 91' lang='lat' dir='ltr'><strong>et</strong></span> <span class='ocrx_word' id='word_1_675' title='bbox 2728 3631 3054 3701; x_wconf 90' lang='lat' dir='ltr'><strong>principium</strong></span> <span class='ocrx_word' id='word_1_676' title='bbox 3083 3631 3352 3695; x_wconf 88' lang='lat' dir='ltr'><strong>omnium,</strong></span> <span class='ocrx_word' id='word_1_677' title='bbox 3403 3631 3489 3687; x_wconf 89' lang='lat' dir='ltr'><strong>sic</strong></span> 
     </span>
    </p>
   </div>
   <div class='ocr_carea' id='block_1_85' title="bbox 1913 3723 3489 3794">
    <p class='ocr_par' dir='ltr' id='par_1_85' title="bbox 1913 3723 3489 3794">
     <span class='ocr_line' id='line_1_85' title="bbox 1913 3723 3489 3794; baseline -0.001 -12"><span class='ocrx_word' id='word_1_678' title='bbox 1913 3736 2039 3783; x_wconf 86' lang='lat' dir='ltr'><strong>ante</strong></span> <span class='ocrx_word' id='word_1_679' title='bbox 2080 3727 2265 3783; x_wconf 89' lang='lat' dir='ltr'><strong>omnia</strong></span> <span class='ocrx_word' id='word_1_680' title='bbox 2294 3734 2399 3782; x_wconf 87' lang='lat' dir='ltr'><strong>est.</strong></span> <span class='ocrx_word' id='word_1_681' title='bbox 2432 3723 2772 3794; x_wconf 74' lang='lat' dir='ltr'><strong>Quapmpter</strong></span> <span class='ocrx_word' id='word_1_682' title='bbox 2818 3732 2872 3778; x_wconf 88' lang='lat' dir='ltr'><strong>et</strong></span> <span class='ocrx_word' id='word_1_683' title='bbox 2909 3731 3033 3778; x_wconf 88' lang='lat' dir='ltr'><strong>ante</strong></span> <span class='ocrx_word' id='word_1_684' title='bbox 3059 3723 3254 3778; x_wconf 89' lang='lat' dir='ltr'><strong>Filium</strong></span> <span class='ocrx_word' id='word_1_685' title='bbox 3289 3735 3392 3791; x_wconf 89' lang='lat' dir='ltr'><strong>est,</strong></span> <span class='ocrx_word' id='word_1_686' title='bbox 3423 3735 3489 3781; x_wconf 87' lang='lat' dir='ltr'><strong>ut</strong></span> 
     </span>
    </p>
   </div>
   <div class='ocr_carea' id='block_1_86' title="bbox 1912 3813 3483 3885">
    <p class='ocr_par' dir='ltr' id='par_1_86' title="bbox 1912 3813 3483 3885">
     <span class='ocr_line' id='line_1_86' title="bbox 1912 3813 3483 3885; baseline -0.001 -13"><span class='ocrx_word' id='word_1_687' title='bbox 1912 3833 1944 3873; x_wconf 89' lang='lat' dir='ltr'><strong>a</strong></span> <span class='ocrx_word' id='word_1_688' title='bbox 1972 3827 2024 3872; x_wconf 94' lang='lat' dir='ltr'><strong>te</strong></span> <span class='ocrx_word' id='word_1_689' title='bbox 2050 3817 2105 3871; x_wconf 90' lang='lat' dir='ltr'><strong>in</strong></span> <span class='ocrx_word' id='word_1_690' title='bbox 2127 3817 2305 3872; x_wconf 91' lang='lat' dir='ltr'><strong>media</strong></span> <span class='ocrx_word' id='word_1_691' title='bbox 2329 3815 2570 3871; x_wconf 88' lang='lat' dir='ltr'><strong>Ecclesia</strong></span> <span class='ocrx_word' id='word_1_692' title='bbox 2616 3813 2947 3885; x_wconf 67' lang='lat' dir='ltr'><strong>praedicante</strong></span> <span class='ocrx_word' id='word_1_693' title='bbox 2984 3814 3297 3871; x_wconf 90' lang='lat' dir='ltr'><strong>didicimus.</strong></span> <span class='ocrx_word' id='word_1_694' title='bbox 3331 3814 3483 3882; x_wconf 79' lang='lat' dir='ltr'><strong>Qua-</strong></span> 
     </span>
    </p>
   </div>
   <div class='ocr_carea' id='block_1_87' title="bbox 1913 3904 3474 3981">
    <p class='ocr_par' dir='ltr' id='par_1_87' title="bbox 1913 3904 3474 3981">
     <span class='ocr_line' id='line_1_87' title="bbox 1913 3904 3474 3981; baseline -0.003 -15"><span class='ocrx_word' id='word_1_695' title='bbox 1913 3920 2070 3966; x_wconf 90' lang='lat' dir='ltr'><strong>tenus</strong></span> <span class='ocrx_word' id='word_1_696' title='bbox 2090 3910 2254 3981; x_wconf 85' lang='lat' dir='ltr'><strong>igitur</strong></span> <span class='ocrx_word' id='word_1_697' title='bbox 2274 3924 2306 3963; x_wconf 86' lang='lat' dir='ltr'><strong>a</strong></span> <span class='ocrx_word' id='word_1_698' title='bbox 2345 3908 2453 3962; x_wconf 90' lang='lat' dir='ltr'><strong>Deo</strong></span> <span class='ocrx_word' id='word_1_699' title='bbox 2476 3907 2637 3961; x_wconf 89' lang='lat' dir='ltr'><strong>habet</strong></span> <span class='ocrx_word' id='word_1_700' title='bbox 2671 3905 2987 3971; x_wconf 89' lang='lat' dir='ltr'><strong>essentiam,</strong></span> <span class='ocrx_word' id='word_1_701' title='bbox 3010 3904 3257 3974; x_wconf 77' lang='lat' dir='ltr'><strong>gloriam,</strong></span> <span class='ocrx_word' id='word_1_702' title='bbox 3286 3906 3474 3971; x_wconf 89' lang='lat' dir='ltr'><strong>vitam,</strong></span> 
     </span>
    </p>
   </div>
   <div class='ocr_carea' id='block_1_88' title="bbox 1911 3995 3485 4068">
    <p class='ocr_par' dir='ltr' id='par_1_88' title="bbox 1911 3995 3485 4068">
     <span class='ocr_line' id='line_1_88' title="bbox 1911 3995 3485 4068; baseline -0.001 -12"><span class='ocrx_word' id='word_1_703' title='bbox 1911 4010 1966 4056; x_wconf 92' lang='lat' dir='ltr'><strong>et</strong></span> <span class='ocrx_word' id='word_1_704' title='bbox 1984 4001 2167 4056; x_wconf 88' lang='lat' dir='ltr'><strong>omnia</strong></span> <span class='ocrx_word' id='word_1_705' title='bbox 2195 3999 2246 4055; x_wconf 88' lang='lat' dir='ltr'><strong>ei</strong></span> <span class='ocrx_word' id='word_1_706' title='bbox 2278 3998 2474 4053; x_wconf 87' lang='lat' dir='ltr'><strong>tradita</strong></span> <span class='ocrx_word' id='word_1_707' title='bbox 2499 4007 2628 4054; x_wconf 90' lang='lat' dir='ltr'><strong>sunt</strong></span> <span class='ocrx_word' id='word_1_708' title='bbox 2655 4015 2669 4065; x_wconf 92' lang='lat'><strong>;</strong></span> <span class='ocrx_word' id='word_1_709' title='bbox 2694 4005 2920 4052; x_wconf 86' lang='lat' dir='ltr'><strong>eatenus</strong></span> <span class='ocrx_word' id='word_1_710' title='bbox 2970 3995 3112 4053; x_wconf 88' lang='lat' dir='ltr'><strong>Deus</strong></span> <span class='ocrx_word' id='word_1_711' title='bbox 3171 3998 3292 4067; x_wconf 89' lang='lat' dir='ltr'><strong>ejus</strong></span> <span class='ocrx_word' id='word_1_712' title='bbox 3330 4000 3485 4068; x_wconf 86' lang='lat' dir='ltr'><strong>prin-</strong></span> 
     </span>
    </p>
   </div>
   <div class='ocr_carea' id='block_1_89' title="bbox 1912 4089 3479 4163">
    <p class='ocr_par' dir='ltr' id='par_1_89' title="bbox 1912 4089 3479 4163">
     <span class='ocr_line' id='line_1_89' title="bbox 1912 4089 3479 4163; baseline -0.003 -15"><span class='ocrx_word' id='word_1_713' title='bbox 1912 4092 2115 4163; x_wconf 87' lang='lat' dir='ltr'><strong>cipium</strong></span> <span class='ocrx_word' id='word_1_714' title='bbox 2146 4101 2246 4146; x_wconf 88' lang='lat' dir='ltr'><strong>cst.</strong></span> <span class='ocrx_word' id='word_1_715' title='bbox 2272 4090 2597 4145; x_wconf 88' lang='lat' dir='ltr'><strong>Dominatur</strong></span> <span class='ocrx_word' id='word_1_716' title='bbox 2622 4091 2765 4145; x_wconf 91' lang='lat' dir='ltr'><strong>enim</strong></span> <span class='ocrx_word' id='word_1_717' title='bbox 2798 4090 2895 4155; x_wconf 91' lang='lat' dir='ltr'><strong>illi,</strong></span> <span class='ocrx_word' id='word_1_718' title='bbox 2950 4100 3134 4161; x_wconf 89' lang='lat' dir='ltr'><strong>utpote</strong></span> <span class='ocrx_word' id='word_1_719' title='bbox 3164 4089 3307 4145; x_wconf 91' lang='lat' dir='ltr'><strong>Deus</strong></span> <span class='ocrx_word' id='word_1_720' title='bbox 3338 4091 3479 4160; x_wconf 87' lang='lat' dir='ltr'><strong>ejus,</strong></span> 
     </span>
    </p>
   </div>
   <div class='ocr_carea' id='block_1_90' title="bbox 1912 4181 3474 4253">
    <p class='ocr_par' dir='ltr' id='par_1_90' title="bbox 1912 4181 3474 4253">
     <span class='ocr_line' id='line_1_90' title="bbox 1912 4181 3474 4253; baseline -0.004 -12"><span class='ocrx_word' id='word_1_721' title='bbox 1912 4194 1966 4241; x_wconf 91' lang='lat' dir='ltr'><strong>et</strong></span> <span class='ocrx_word' id='word_1_722' title='bbox 1982 4196 2106 4241; x_wconf 89' lang='lat' dir='ltr'><strong>ante</strong></span> <span class='ocrx_word' id='word_1_723' title='bbox 2123 4185 2273 4239; x_wconf 87' lang='lat' dir='ltr'><strong>illum</strong></span> <span class='ocrx_word' id='word_1_724' title='bbox 2294 4184 2581 4239; x_wconf 78' lang='lat' dir='ltr'><strong>exsistens.</strong></span> <span class='ocrx_word' id='word_1_725' title='bbox 2606 4181 2761 4248; x_wconf 87' lang='lat' dir='ltr'><strong>Quod</strong></span> <span class='ocrx_word' id='word_1_726' title='bbox 2782 4182 2827 4237; x_wconf 88' lang='lat' dir='ltr'><strong>si</strong></span> <span class='ocrx_word' id='word_1_727' title='bbox 2849 4182 3003 4249; x_wconf 91' lang='lat' dir='ltr'><strong>illud,</strong></span> <span class='ocrx_word' id='word_1_728' title='bbox 3021 4200 3040 4234; x_wconf 77' lang='grc' dir='ltr'><strong>ι</strong></span> <span class='ocrx_word' id='word_1_729' title='bbox 3065 4198 3132 4237; x_wconf 82' lang='lat' dir='ltr'><strong>ex</strong></span> <span class='ocrx_word' id='word_1_730' title='bbox 3155 4184 3273 4253; x_wconf 91' lang='lat' dir='ltr'><strong>ipso</strong></span> <span class='ocrx_word' id='word_1_731' title='bbox 3298 4184 3441 4249; x_wconf 64' lang='grc' dir='ltr'>θυι,</span> <span class='ocrx_word' id='word_1_732' title='bbox 3457 4203 3474 4234; x_wconf 71' lang='grc' dir='ltr'><strong>ι</strong></span> 
     </span>
    </p>
   </div>
   <div class='ocr_carea' id='block_1_91' title="bbox 1912 4271 3481 4344">
    <p class='ocr_par' dir='ltr' id='par_1_91' title="bbox 1912 4271 3481 4344">
     <span class='ocr_line' id='line_1_91' title="bbox 1912 4271 3481 4344; baseline -0.002 -13"><span class='ocrx_word' id='word_1_733' title='bbox 1912 4285 1966 4331; x_wconf 85' lang='lat' dir='ltr'><strong>et</strong></span> <span class='ocrx_word' id='word_1_734' title='bbox 1986 4293 2006 4328; x_wconf 84' lang='grc' dir='ltr'><strong>ι</strong></span> <span class='ocrx_word' id='word_1_735' title='bbox 2027 4290 2093 4330; x_wconf 81' lang='lat' dir='ltr'><strong>ex</strong></span> <span class='ocrx_word' id='word_1_736' title='bbox 2121 4284 2277 4331; x_wconf 88' lang='lat' dir='ltr'><strong>utero</strong></span> <span class='ocrx_word' id='word_1_737' title='bbox 2300 4275 2397 4341; x_wconf 62' lang='lat'><strong>&quot;,0</strong></span> <span class='ocrx_word' id='word_1_738' title='bbox 2414 4284 2486 4341; x_wconf 90' lang='lat' dir='ltr'><strong>et,</strong></span> <span class='ocrx_word' id='word_1_739' title='bbox 2510 4287 2607 4328; x_wconf 71' lang='lat' dir='ltr'><strong>«ex</strong></span> <span class='ocrx_word' id='word_1_740' title='bbox 2622 4271 2780 4328; x_wconf 88' lang='lat' dir='ltr'><strong>Patre</strong></span> <span class='ocrx_word' id='word_1_741' title='bbox 2802 4271 2963 4339; x_wconf 82' lang='lat' dir='ltr'><strong>exivi,</strong></span> <span class='ocrx_word' id='word_1_742' title='bbox 2977 4281 3030 4327; x_wconf 93' lang='lat' dir='ltr'><strong>et</strong></span> <span class='ocrx_word' id='word_1_743' title='bbox 3054 4275 3212 4328; x_wconf 84' lang='lat' dir='ltr'><strong>venio</strong></span> <span class='ocrx_word' id='word_1_744' title='bbox 3231 4274 3303 4340; x_wconf 77' lang='grc'>¹,›</span> <span class='ocrx_word' id='word_1_745' title='bbox 3324 4275 3481 4344; x_wconf 86' lang='lat' dir='ltr'><strong>quasi</strong></span> 
     </span>
    </p>
   </div>
   <div class='ocr_carea' id='block_1_92' title="bbox 1904 4479 1995 4535">
    <p class='ocr_par' dir='ltr' id='par_1_92' title="bbox 1904 4479 1995 4535">
     <span class='ocr_line' id='line_1_92' title="bbox 1904 4479 1995 4535; baseline 0.022 -2"><span class='ocrx_word' id='word_1_746' title='bbox 1904 4479 1995 4535; x_wconf 72' lang='lat'><strong>28.</strong></span> 
     </span>
    </p>
   </div>
   <div class='ocr_carea' id='block_1_93' title="bbox 1916 4566 3481 4682">
    <p class='ocr_par' dir='ltr' id='par_1_93' title="bbox 1916 4609 3481 4682">
     <span class='ocr_line' id='line_1_93' title="bbox 1916 4609 3481 4682; baseline -0.001 -16"><span class='ocrx_word' id='word_1_747' title='bbox 1916 4613 2257 4682; x_wconf 64' lang='grc' dir='ltr'>ὑποστόεσεις,</span> <span class='ocrx_word' id='word_1_748' title='bbox 2289 4610 2694 4682; x_wconf 14' lang='grc' dir='ltr'>ὴθῠεῑίΠατὴρ,</span> <span class='ocrx_word' id='word_1_749' title='bbox 2722 4610 2849 4672; x_wconf 83' lang='grc' dir='ltr'>Υἰδς</span> <span class='ocrx_word' id='word_1_750' title='bbox 2894 4610 2987 4663; x_wconf 75' lang='grc' dir='ltr'><strong>καὶ</strong></span> <span class='ocrx_word' id='word_1_751' title='bbox 3032 4610 3185 4678; x_wconf 77' lang='grc' dir='ltr'>ἅγιον</span> <span class='ocrx_word' id='word_1_752' title='bbox 3231 4609 3481 4682; x_wconf 82' lang='grc' dir='ltr'>Πνεῦμα.</span> 
     </span>
    </p>
   </div>
   <div class='ocr_carea' id='block_1_94' title="bbox 232 4657 1803 4753">
    <p class='ocr_par' dir='ltr' id='par_1_94' title="bbox 232 4657 1803 4753">
     <span class='ocr_line' id='line_1_94' title="bbox 232 4657 1803 4753; baseline 0.006 -22"><span class='ocrx_word' id='word_1_753' title='bbox 232 4657 475 4753; x_wconf 40' lang='lat' dir='ltr'><strong>omtniu’m</strong></span> <span class='ocrx_word' id='word_1_754' title='bbox 490 4657 804 4753; x_wconf 37' lang='lat' dir='ltr'><strong>fierqtorc‘in;</strong></span> <span class='ocrx_word' id='word_1_755' title='bbox 821 4680 946 4750; x_wconf 90' lang='lat' dir='ltr'><strong>legit</strong></span> <span class='ocrx_word' id='word_1_756' title='bbox 962 4657 1168 4753; x_wconf 58' lang='lat' dir='ltr'><strong>scilicet</strong></span> <span class='ocrx_word' id='word_1_757' title='bbox 1188 4681 1405 4753; x_wconf 84' lang='grc' dir='ltr'>πάντων</span> <span class='ocrx_word' id='word_1_758' title='bbox 1425 4657 1803 4753; x_wconf 59' lang='grc' dir='ltr'>κτίστηνξᾷ</span> 
     </span>
    </p>
   </div>
   <div class='ocr_carea' id='block_1_95' title="bbox 1914 4657 2521 4753">
    <p class='ocr_par' dir='ltr' id='par_1_95' title="bbox 1914 4657 2521 4753">
     <span class='ocr_line' id='line_1_95' title="bbox 1914 4657 2521 4753; baseline -0.01 -15"><span class='ocrx_word' id='word_1_759' title='bbox 1914 4657 2521 4753; x_wconf 57' lang='grc' dir='ltr'><strong>ἑῑξςῑιξῑξῖιςέεδξῑέέείξ</strong></span> 
     </span>
    </p>
   </div>
   <div class='ocr_carea' id='block_1_96' title="bbox 233 4746 1803 4820">
    <p class='ocr_par' dir='ltr' id='par_1_96' title="bbox 233 4746 1803 4820">
     <span class='ocr_line' id='line_1_96' title="bbox 233 4746 1803 4820; baseline 0.007 -23"><span class='ocrx_word' id='word_1_760' title='bbox 233 4746 459 4815; x_wconf 89' lang='lat' dir='ltr'><strong>quidem</strong></span> <span class='ocrx_word' id='word_1_761' title='bbox 479 4746 648 4820; x_wconf 80' lang='lat' dir='ltr'><strong>lectio</strong></span> <span class='ocrx_word' id='word_1_762' title='bbox 676 4746 894 4820; x_wconf 67' lang='lat' dir='ltr'><strong>videtur</strong></span> <span class='ocrx_word' id='word_1_763' title='bbox 919 4751 985 4804; x_wconf 91' lang='lat' dir='ltr'><strong>ad</strong></span> <span class='ocrx_word' id='word_1_764' title='bbox 1019 4765 1083 4806; x_wconf 87' lang='lat' dir='ltr'><strong>ea</strong></span> <span class='ocrx_word' id='word_1_765' title='bbox 1118 4765 1239 4818; x_wconf 63' lang='lat' dir='ltr'><strong>quae</strong></span> <span class='ocrx_word' id='word_1_766' title='bbox 1276 4746 1803 4820; x_wconf 60' lang='lat' dir='ltr'><strong>subsequuntur&#39;ac-</strong></span> 
     </span>
    </p>
   </div>
   <div class='ocr_carea' id='block_1_97' title="bbox 233 4816 1804 4891">
    <p class='ocr_par' dir='ltr' id='par_1_97' title="bbox 233 4816 1804 4891">
     <span class='ocr_line' id='line_1_97' title="bbox 233 4816 1804 4891; baseline 0.004 -21"><span class='ocrx_word' id='word_1_767' title='bbox 233 4816 666 4891; x_wconf 61' lang='lat' dir='ltr'><strong>commodatior,</strong></span> <span class='ocrx_word' id='word_1_768' title='bbox 716 4818 843 4891; x_wconf 83' lang='lat' dir='ltr'><strong>licet</strong></span> <span class='ocrx_word' id='word_1_769' title='bbox 873 4820 925 4872; x_wconf 92' lang='lat' dir='ltr'><strong>in</strong></span> <span class='ocrx_word' id='word_1_770' title='bbox 954 4821 1090 4877; x_wconf 89' lang='lat' dir='ltr'><strong>locis</strong></span> <span class='ocrx_word' id='word_1_771' title='bbox 1116 4816 1481 4891; x_wconf 70' lang='lat' dir='ltr'><strong>Aquileiensis</strong></span> <span class='ocrx_word' id='word_1_772' title='bbox 1511 4822 1698 4891; x_wconf 90' lang='lat' dir='ltr'><strong>synodi</strong></span> <span class='ocrx_word' id='word_1_773' title='bbox 1728 4824 1804 4878; x_wconf 82' lang='lat' dir='ltr'><strong>le-</strong></span> 
     </span>
    </p>
   </div>
   <div class='ocr_carea' id='block_1_98' title="bbox 233 4887 1800 5007">
    <p class='ocr_par' dir='ltr' id='par_1_98' title="bbox 233 4887 1800 5007">
     <span class='ocr_line' id='line_1_98' title="bbox 233 4887 1800 5007; baseline 0.006 -70"><span class='ocrx_word' id='word_1_774' title='bbox 233 4895 400 5007; x_wconf 52' lang='lat' dir='ltr'><strong>gatur</strong></span> <span class='ocrx_word' id='word_1_775' title='bbox 426 4893 485 4939; x_wconf 90' lang='lat' dir='ltr'><strong>ut</strong></span> <span class='ocrx_word' id='word_1_776' title='bbox 526 4887 668 4956; x_wconf 87' lang='lat' dir='ltr'><strong>apud</strong></span> <span class='ocrx_word' id='word_1_777' title='bbox 709 4888 1064 4944; x_wconf 84' lang='lat' dir='ltr'><strong>Athanasium</strong></span> <span class='ocrx_word' id='word_1_778' title='bbox 1094 4906 1107 4941; x_wconf 92' lang='lat'><strong>:</strong></span> <span class='ocrx_word' id='word_1_779' title='bbox 1140 4887 1391 4943; x_wconf 82' lang='lat' dir='ltr'><strong>Omnium</strong></span> <span class='ocrx_word' id='word_1_780' title='bbox 1414 4887 1670 4960; x_wconf 70' lang='lat' dir='ltr'><strong>judicem.</strong></span> <span class='ocrx_word' id='word_1_781' title='bbox 1709 4892 1800 4947; x_wconf 87' lang='lat' dir='ltr'><strong>ln-</strong></span> 
     </span>
     <span class='ocr_line' id='line_1_99' title="bbox 262 4956 1800 5007; baseline 0 0"><span class='ocrx_word' id='word_1_782' title='bbox 262 4969 322 5006; x_wconf 85' lang='lat' dir='ltr'><strong>ra</strong></span> <span class='ocrx_word' id='word_1_783' title='bbox 354 4956 494 5007; x_wconf 76' lang='lat' dir='ltr'><strong>amid</strong></span> <span class='ocrx_word' id='word_1_784' title='bbox 522 4956 879 5007; x_wconf 80' lang='lat' dir='ltr'><strong>Athanasium</strong></span> <span class='ocrx_word' id='word_1_785' title='bbox 910 4967 965 5007; x_wconf 86' lang='lat' dir='ltr'><strong>et</strong></span> <span class='ocrx_word' id='word_1_786' title='bbox 994 4958 1377 5007; x_wconf 84' lang='lat' dir='ltr'><strong>Eninhanium.</strong></span> <span class='ocrx_word' id='word_1_787' title='bbox 1425 4963 1536 5007; x_wconf 66' lang='lat' dir='ltr'><strong>hanc</strong></span> <span class='ocrx_word' id='word_1_788' title='bbox 1569 4980 1582 5007; x_wconf 71' lang='grc' dir='ltr'><strong>ε</strong></span> <span class='ocrx_word' id='word_1_789' title='bbox 1613 4960 1800 5007; x_wconf 76' lang='grc' dir='ltr'>τοῦτον</span> 
     </span>
    </p>
   </div>
   <div class='ocr_carea' id='block_1_99' title="bbox 230 4956 1803 5095">
    <p class='ocr_par' dir='ltr' id='par_1_99' title="bbox 230 4956 1803 5095">
     <span class='ocr_line' id='line_1_100' title="bbox 234 4956 1801 5029; baseline 0.007 -23"><span class='ocrx_word' id='word_1_790' title='bbox 234 4956 322 5007; x_wconf 85' lang='lat' dir='ltr'><strong>l&#39;ra</strong></span> <span class='ocrx_word' id='word_1_791' title='bbox 354 4956 494 5023; x_wconf 89' lang='lat' dir='ltr'><strong>apud</strong></span> <span class='ocrx_word' id='word_1_792' title='bbox 522 4956 879 5012; x_wconf 82' lang='lat' dir='ltr'><strong>Athanasium</strong></span> <span class='ocrx_word' id='word_1_793' title='bbox 910 4967 965 5012; x_wconf 92' lang='lat' dir='ltr'><strong>et</strong></span> <span class='ocrx_word' id='word_1_794' title='bbox 993 4958 1377 5029; x_wconf 88' lang='lat' dir='ltr'><strong>Epiphanium,</strong></span> <span class='ocrx_word' id='word_1_795' title='bbox 1414 4956 1536 5016; x_wconf 64' lang='lat' dir='ltr'><strong>lucc</strong></span> <span class='ocrx_word' id='word_1_796' title='bbox 1569 4980 1582 5015; x_wconf 91' lang='lat'><strong>:</strong></span> <span class='ocrx_word' id='word_1_797' title='bbox 1613 4960 1801 5017; x_wconf 84' lang='grc' dir='ltr'>τοῦτον</span> 
     </span>
     <span class='ocr_line' id='line_1_101' title="bbox 230 5022 1803 5095; baseline 0.005 -18"><span class='ocrx_word' id='word_1_798' title='bbox 230 5022 372 5095; x_wconf 82' lang='grc' dir='ltr'>Θεόν</span> <span class='ocrx_word' id='word_1_799' title='bbox 400 5038 522 5079; x_wconf 91' lang='lat' dir='ltr'><strong>cum</strong></span> <span class='ocrx_word' id='word_1_800' title='bbox 554 5028 932 5095; x_wconf 88' lang='lat' dir='ltr'><strong>superioribus</strong></span> <span class='ocrx_word' id='word_1_801' title='bbox 955 5037 1372 5092; x_wconf 89' lang='lat' dir='ltr'><strong>connectuntur,</strong></span> <span class='ocrx_word' id='word_1_802' title='bbox 1393 5031 1533 5095; x_wconf 90' lang='lat' dir='ltr'><strong>apud</strong></span> <span class='ocrx_word' id='word_1_803' title='bbox 1561 5046 1690 5085; x_wconf 86' lang='lat' dir='ltr'><strong>vero</strong></span> <span class='ocrx_word' id='word_1_804' title='bbox 1708 5031 1803 5085; x_wconf 84' lang='lat' dir='ltr'><strong>Hi-</strong></span> 
     </span>
    </p>
   </div>
   <div class='ocr_carea' id='block_1_100' title="bbox 231 5045 1798 5173">
    <p class='ocr_par' dir='ltr' id='par_1_100' title="bbox 231 5045 1798 5173">
     <span class='ocr_line' id='line_1_102' title="bbox 231 5045 1798 5099; baseline 0.005 -22"><span class='ocrx_word' id='word_1_805' title='bbox 231 5045 372 5077; x_wconf 72' lang='grc' dir='ltr'>υεον</span> <span class='ocrx_word' id='word_1_806' title='bbox 400 5045 522 5079; x_wconf 87' lang='lat' dir='ltr'><strong>cum</strong></span> <span class='ocrx_word' id='word_1_807' title='bbox 554 5045 932 5095; x_wconf 80' lang='lat' dir='ltr'><strong>superioribus</strong></span> <span class='ocrx_word' id='word_1_808' title='bbox 955 5045 1372 5092; x_wconf 81' lang='lat' dir='ltr'><strong>connectuntur,</strong></span> <span class='ocrx_word' id='word_1_809' title='bbox 1393 5045 1533 5099; x_wconf 81' lang='lat' dir='ltr'><strong>apud</strong></span> <span class='ocrx_word' id='word_1_810' title='bbox 1561 5046 1690 5085; x_wconf 87' lang='lat' dir='ltr'><strong>vero</strong></span> <span class='ocrx_word' id='word_1_811' title='bbox 1708 5045 1798 5085; x_wconf 83' lang='lat' dir='ltr'><strong>m-</strong></span> 
     </span>
     <span class='ocr_line' id='line_1_103' title="bbox 231 5093 1798 5173; baseline 0.005 -26"><span class='ocrx_word' id='word_1_812' title='bbox 231 5093 437 5173; x_wconf 77' lang='lat' dir='ltr'><strong>larium</strong></span> <span class='ocrx_word' id='word_1_813' title='bbox 464 5097 1098 5173; x_wconf 36' lang='lat' dir='ltr'><strong>cuin.subsequentibus,</strong></span> <span class='ocrx_word' id='word_1_814' title='bbox 1125 5100 1231 5152; x_wconf 90' lang='lat' dir='ltr'><strong>hoc</strong></span> <span class='ocrx_word' id='word_1_815' title='bbox 1254 5100 1415 5155; x_wconf 88' lang='lat' dir='ltr'><strong>modo</strong></span> <span class='ocrx_word' id='word_1_816' title='bbox 1432 5118 1445 5154; x_wconf 88' lang='lat'><strong>:</strong></span> <span class='ocrx_word' id='word_1_817' title='bbox 1462 5101 1600 5154; x_wconf 78' lang='lat' dir='ltr'><strong>hunc</strong></span> <span class='ocrx_word' id='word_1_818' title='bbox 1628 5100 1798 5155; x_wconf 86' lang='lat' dir='ltr'><strong>Deum</strong></span> 
     </span>
    </p>
   </div>
   <div class='ocr_carea' id='block_1_101' title="bbox 230 5163 1264 5230">
    <p class='ocr_par' dir='ltr' id='par_1_101' title="bbox 230 5163 1264 5230">
     <span class='ocr_line' id='line_1_104' title="bbox 230 5163 1264 5230; baseline 0.004 -13"><span class='ocrx_word' id='word_1_819' title='bbox 230 5163 477 5218; x_wconf 76' lang='lat' dir='ltr'><strong>aenuiue</strong></span> <span class='ocrx_word' id='word_1_820' title='bbox 510 5163 732 5230; x_wconf 80' lang='lat' dir='ltr'><strong>Filium,</strong></span> <span class='ocrx_word' id='word_1_821' title='bbox 761 5163 854 5222; x_wconf 77' lang='lat' dir='ltr'><strong>sed</strong></span> <span class='ocrx_word' id='word_1_822' title='bbox 889 5169 1070 5223; x_wconf 88' lang='lat' dir='ltr'><strong>minus</strong></span> <span class='ocrx_word' id='word_1_823' title='bbox 1104 5177 1264 5222; x_wconf 89' lang='lat' dir='ltr'><strong>recte.</strong></span> 
     </span>
    </p>
   </div>
   <div class='ocr_carea' id='block_1_102' title="bbox 314 5230 1795 5358">
    <p class='ocr_par' dir='ltr' id='par_1_102' title="bbox 314 5230 1795 5358">
     <span class='ocr_line' id='line_1_105' title="bbox 314 5230 1795 5358; baseline 0.005 -71"><span class='ocrx_word' id='word_1_824' title='bbox 314 5230 429 5312; x_wconf 76' lang='lat' dir='ltr'><strong>l2_l)</strong></span> <span class='ocrx_word' id='word_1_825' title='bbox 470 5233 560 5289; x_wconf 90' lang='lat' dir='ltr'><strong>Sic</strong></span> <span class='ocrx_word' id='word_1_826' title='bbox 591 5234 790 5358; x_wconf 55' lang='lat' dir='ltr'><strong>Ettigius</strong></span> <span class='ocrx_word' id='word_1_827' title='bbox 830 5246 884 5291; x_wconf 89' lang='lat' dir='ltr'><strong>et</strong></span> <span class='ocrx_word' id='word_1_828' title='bbox 927 5237 999 5292; x_wconf 86' lang='lat' dir='ltr'><strong>ita</strong></span> <span class='ocrx_word' id='word_1_829' title='bbox 1046 5238 1171 5308; x_wconf 87' lang='lat' dir='ltr'><strong>legit</strong></span> <span class='ocrx_word' id='word_1_830' title='bbox 1196 5235 1455 5303; x_wconf 84' lang='lat' dir='ltr'><strong>Hilarius,</strong></span> <span class='ocrx_word' id='word_1_831' title='bbox 1489 5238 1583 5309; x_wconf 92' lang='lat' dir='ltr'><strong>qui</strong></span> <span class='ocrx_word' id='word_1_832' title='bbox 1615 5240 1795 5303; x_wconf 89' lang='lat' dir='ltr'><strong>habet,</strong></span> 
     </span>
     <span class='ocr_line' id='line_1_106' title="bbox 314 5303 1795 5358; baseline 0.003 -5"><span class='ocrx_word' id='word_1_833' title='bbox 314 5316 418 5354; x_wconf 76' lang='lat' dir='ltr'><strong>Ima</strong></span> <span class='ocrx_word' id='word_1_834' title='bbox 462 5303 608 5358; x_wconf 74' lang='lat' dir='ltr'><strong>fecit.</strong></span> <span class='ocrx_word' id='word_1_835' title='bbox 693 5306 786 5358; x_wconf 66' lang='lat' dir='ltr'><strong>aliti</strong></span> <span class='ocrx_word' id='word_1_836' title='bbox 812 5307 1118 5358; x_wconf 84' lang='lat' dir='ltr'><strong>Athanasii.</strong></span> <span class='ocrx_word' id='word_1_837' title='bbox 1155 5310 1248 5358; x_wconf 78' lang='grc' dir='ltr'><strong>καὶ</strong></span> <span class='ocrx_word' id='word_1_838' title='bbox 1276 5308 1345 5358; x_wconf 83' lang='grc' dir='ltr'>τὰ</span> <span class='ocrx_word' id='word_1_839' title='bbox 1373 5308 1527 5358; x_wconf 73' lang='grc' dir='ltr'>ἄλλα.</span> <span class='ocrx_word' id='word_1_840' title='bbox 1561 5308 1795 5358; x_wconf 79' lang='lat' dir='ltr'><strong>Eninha-</strong></span> 
     </span>
    </p>
   </div>
   <div class='ocr_carea' id='block_1_103' title="bbox 230 5303 1799 5382">
    <p class='ocr_par' dir='ltr' id='par_1_103' title="bbox 230 5303 1799 5382">
     <span class='ocr_line' id='line_1_107' title="bbox 230 5303 1799 5382; baseline 0.007 -28"><span class='ocrx_word' id='word_1_841' title='bbox 230 5303 418 5382; x_wconf 57' lang='lat' dir='ltr'><strong>omnia</strong></span> <span class='ocrx_word' id='word_1_842' title='bbox 461 5303 608 5382; x_wconf 56' lang='lat' dir='ltr'><strong>fecit.</strong></span> <span class='ocrx_word' id='word_1_843' title='bbox 632 5303 786 5382; x_wconf 64' lang='lat' dir='ltr'><strong>_Ealiti_</strong></span> <span class='ocrx_word' id='word_1_844' title='bbox 812 5303 1122 5373; x_wconf 64' lang='lat' dir='ltr'><strong>Athanasii,</strong></span> <span class='ocrx_word' id='word_1_845' title='bbox 1155 5310 1248 5362; x_wconf 78' lang='grc' dir='ltr'><strong>καὶ</strong></span> <span class='ocrx_word' id='word_1_846' title='bbox 1276 5308 1345 5362; x_wconf 83' lang='grc' dir='ltr'>τὰ</span> <span class='ocrx_word' id='word_1_847' title='bbox 1373 5303 1527 5364; x_wconf 66' lang='grc' dir='ltr'>ἄλλαζ</span> <span class='ocrx_word' id='word_1_848' title='bbox 1560 5308 1799 5380; x_wconf 81' lang='lat' dir='ltr'><strong>Epipha-</strong></span> 
     </span>
    </p>
   </div>
   <div class='ocr_carea' id='block_1_104' title="bbox 227 5374 1225 5521">
    <p class='ocr_par' dir='ltr' id='par_1_104' title="bbox 227 5374 1225 5521">
     <span class='ocr_line' id='line_1_108' title="bbox 227 5374 813 5434; baseline 0.009 -9"><span class='ocrx_word' id='word_1_849' title='bbox 227 5374 387 5434; x_wconf 82' lang='lat' dir='ltr'><strong>nius,</strong></span> <span class='ocrx_word' id='word_1_850' title='bbox 417 5375 510 5426; x_wconf 74' lang='grc' dir='ltr'><strong>καὶ</strong></span> <span class='ocrx_word' id='word_1_851' title='bbox 536 5374 605 5428; x_wconf 85' lang='grc' dir='ltr'>τὰ</span> <span class='ocrx_word' id='word_1_852' title='bbox 632 5375 813 5431; x_wconf 84' lang='grc' dir='ltr'>λοιπά.</span> 
     </span>
     <span class='ocr_line' id='line_1_109' title="bbox 310 5440 1225 5521; baseline 0.001 0"><span class='ocrx_word' id='word_1_853' title='bbox 310 5440 426 5521; x_wconf 57' lang='grc' dir='ltr'><strong>(ἓξ)</strong></span> <span class='ocrx_word' id='word_1_854' title='bbox 464 5442 823 5521; x_wconf 49' lang='lat' dir='ltr'><strong>Epiphanius,</strong></span> <span class='ocrx_word' id='word_1_855' title='bbox 851 5448 1225 5521; x_wconf 64' lang='grc' dir='ltr'>γεννημάτων-</span> 
     </span>
    </p>
   </div>
   <div class='ocr_carea' id='block_1_105' title="bbox 330 5510 1383 5592">
    <p class='ocr_par' dir='ltr' id='par_1_105' title="bbox 330 5510 1383 5592">
     <span class='ocr_line' id='line_1_110' title="bbox 330 5510 1383 5592; baseline 0.009 -28"><span class='ocrx_word' id='word_1_856' title='bbox 460 5510 817 5592; x_wconf 56' lang='lat' dir='ltr'><strong>Epiphanius,</strong></span> <span class='ocrx_word' id='word_1_857' title='bbox 907 5510 1383 5592; x_wconf 53' lang='lat' dir='ltr'><strong>shv&#39;pov661,_etc.</strong></span> 
     </span>
    </p>
   </div>
   <div class='ocr_carea' id='block_1_106' title="bbox 298 5580 1796 5674">
    <p class='ocr_par' dir='ltr' id='par_1_106' title="bbox 298 5580 1796 5674">
     <span class='ocr_line' id='line_1_111' title="bbox 298 5580 1796 5674; baseline -0.001 0"><span class='ocrx_word' id='word_1_858' title='bbox 298 5580 829 5674; x_wconf 57' lang='lat' dir='ltr'><strong>5%.‘2&#39;_§€%‘2§a?§~-</strong></span> <span class='ocrx_word' id='word_1_859' title='bbox 849 5580 1205 5674; x_wconf 61' lang='grc' dir='ltr'><strong>Ερὶεὲιιεὲμιίυξν</strong></span> <span class='ocrx_word' id='word_1_860' title='bbox 1234 5580 1613 5674; x_wconf 50' lang='lat' dir='ltr'><strong>eseam:</strong></span> <span class='ocrx_word' id='word_1_861' title='bbox 1635 5588 1796 5674; x_wconf 56' lang='lat' dir='ltr'><strong>Exse-</strong></span> 
     </span>
    </p>
   </div>
   <div class='ocr_carea' id='block_1_107' title="bbox 220 5648 1799 5728">
    <p class='ocr_par' dir='ltr' id='par_1_107' title="bbox 220 5648 1799 5728">
     <span class='ocr_line' id='line_1_112' title="bbox 220 5648 1799 5728; baseline 0.005 -23"><span class='ocrx_word' id='word_1_862' title='bbox 220 5648 570 5728; x_wconf 26' lang='lat' dir='ltr'><strong>dbi‘Regius,’</strong></span> <span class='ocrx_word' id='word_1_863' title='bbox 595 5648 992 5728; x_wconf 79' lang='grc' dir='ltr'>ἀγενήτως.Ἐι</span> <span class='ocrx_word' id='word_1_864' title='bbox 1030 5658 1103 5712; x_wconf 90' lang='lat' dir='ltr'><strong>ita</strong></span> <span class='ocrx_word' id='word_1_865' title='bbox 1142 5648 1285 5728; x_wconf 68' lang='lat' dir='ltr'><strong>legit</strong></span> <span class='ocrx_word' id='word_1_866' title='bbox 1312 5648 1607 5728; x_wconf 42' lang='lat' dir='ltr'><strong>jlilari&#39;usf</strong></span> <span class='ocrx_word' id='word_1_867' title='bbox 1635 5648 1799 5723; x_wconf 72' lang='lat' dir='ltr'><strong>Editi,</strong></span> 
     </span>
    </p>
   </div>
   <div class='ocr_carea' id='block_1_108' title="bbox 221 5722 1802 5799">
    <p class='ocr_par' dir='ltr' id='par_1_108' title="bbox 221 5722 1802 5799">
     <span class='ocr_line' id='line_1_113' title="bbox 221 5722 1802 5799; baseline 0.006 -24"><span class='ocrx_word' id='word_1_868' title='bbox 221 5722 547 5794; x_wconf 80' lang='grc' dir='ltr'>ἁγεννήτως</span> <span class='ocrx_word' id='word_1_869' title='bbox 599 5739 722 5779; x_wconf 90' lang='lat' dir='ltr'><strong>cum</strong></span> <span class='ocrx_word' id='word_1_870' title='bbox 751 5722 1098 5796; x_wconf 66' lang='lat' dir='ltr'><strong>&#39;Epiphanio.</strong></span> <span class='ocrx_word' id='word_1_871' title='bbox 1140 5722 1263 5784; x_wconf 72' lang='lat' dir='ltr'><strong>Mox</strong></span> <span class='ocrx_word' id='word_1_872' title='bbox 1305 5726 1643 5798; x_wconf 85' lang='lat' dir='ltr'><strong>Epiphanius</strong></span> <span class='ocrx_word' id='word_1_873' title='bbox 1680 5740 1802 5799; x_wconf 87' lang='lat' dir='ltr'><strong>post</strong></span> 
     </span>
    </p>
   </div>
   <div class='ocr_carea' id='block_1_109' title="bbox 1979 4751 2710 4822">
    <p class='ocr_par' dir='ltr' id='par_1_109' title="bbox 1979 4751 2710 4822">
     <span class='ocr_line' id='line_1_114' title="bbox 1979 4751 2710 4822; baseline 0 0"><span class='ocrx_word' id='word_1_874' title='bbox 1979 4751 2097 4822; x_wconf 72' lang='grc'><strong>(25)</strong></span> <span class='ocrx_word' id='word_1_875' title='bbox 2141 4751 2364 4822; x_wconf 64' lang='lat' dir='ltr'><strong>Regius.</strong></span> <span class='ocrx_word' id='word_1_876' title='bbox 2400 4751 2710 4822; x_wconf 54' lang='grc' dir='ltr'>μοᾉόταταςο</span> 
     </span>
    </p>
   </div>
   <div class='ocr_carea' id='block_1_110' title="bbox 1979 4818 3479 4892">
    <p class='ocr_par' dir='ltr' id='par_1_110' title="bbox 1979 4818 3479 4892">
     <span class='ocr_line' id='line_1_115' title="bbox 1979 4818 3479 4892; baseline 0 -18"><span class='ocrx_word' id='word_1_877' title='bbox 1979 4818 2111 4892; x_wconf 11' lang='grc'><strong>(96),</strong></span> <span class='ocrx_word' id='word_1_878' title='bbox 2136 4818 2456 4892; x_wconf 55' lang='grc' dir='ltr'>8ἰᾰεξι1ἰι.ρι</span> <span class='ocrx_word' id='word_1_879' title='bbox 2482 4819 2675 4892; x_wconf 28' lang='lat' dir='ltr'><strong>Ep‘iph.</strong></span> <span class='ocrx_word' id='word_1_880' title='bbox 2704 4820 2834 4888; x_wconf 77' lang='lat' dir='ltr'><strong>Reg.</strong></span> <span class='ocrx_word' id='word_1_881' title='bbox 2860 4827 3041 4873; x_wconf 88' lang='lat' dir='ltr'><strong>autem</strong></span> <span class='ocrx_word' id='word_1_882' title='bbox 3066 4828 3119 4873; x_wconf 91' lang='lat' dir='ltr'><strong>et</strong></span> <span class='ocrx_word' id='word_1_883' title='bbox 3143 4818 3334 4882; x_wconf 81' lang='lat' dir='ltr'><strong>Basil.,</strong></span> <span class='ocrx_word' id='word_1_884' title='bbox 3355 4837 3479 4889; x_wconf 87' lang='grc' dir='ltr'>γεν-</span> 
     </span>
    </p>
   </div>
   <div class='ocr_carea' id='block_1_111' title="bbox 1906 4889 2677 4964">
    <p class='ocr_par' dir='ltr' id='par_1_111' title="bbox 1906 4889 2677 4964">
     <span class='ocr_line' id='line_1_116' title="bbox 1906 4889 2677 4964; baseline -0.004 -19"><span class='ocrx_word' id='word_1_885' title='bbox 1906 4889 2080 4964; x_wconf 31' lang='grc' dir='ltr'>νηθῇ,</span> <span class='ocrx_word' id='word_1_886' title='bbox 2099 4891 2236 4964; x_wconf 58' lang='lat' dir='ltr'><strong>Ibid.</strong></span> <span class='ocrx_word' id='word_1_887' title='bbox 2265 4890 2490 4964; x_wconf 59' lang='lat' dir='ltr'><strong>Regius,</strong></span> <span class='ocrx_word' id='word_1_888' title='bbox 2522 4889 2677 4942; x_wconf 81' lang='grc' dir='ltr'>ἀλλά.</span> 
     </span>
    </p>
   </div>
   <div class='ocr_carea' id='block_1_112' title="bbox 1977 4946 3482 5031">
    <p class='ocr_par' dir='ltr' id='par_1_112' title="bbox 1977 4946 3482 5031">
     <span class='ocr_line' id='line_1_117' title="bbox 1977 4946 3482 5031; baseline -0.003 -14"><span class='ocrx_word' id='word_1_889' title='bbox 1977 4946 2089 5031; x_wconf 57' lang='lat'><strong>(2&#39;7)</strong></span> <span class='ocrx_word' id='word_1_890' title='bbox 2130 4946 2503 5031; x_wconf 52' lang='lat' dir='ltr'><strong>Epiphanius,</strong></span> <span class='ocrx_word' id='word_1_891' title='bbox 2550 4959 2963 5031; x_wconf 78' lang='grc' dir='ltr'>συναγέννητος.</span> <span class='ocrx_word' id='word_1_892' title='bbox 3019 4957 3280 5024; x_wconf 85' lang='lat' dir='ltr'><strong>llilarius,</strong></span> <span class='ocrx_word' id='word_1_893' title='bbox 3314 4961 3482 5014; x_wconf 70' lang='lat' dir='ltr'><strong>simu!</strong></span> 
     </span>
    </p>
   </div>
   <div class='ocr_carea' id='block_1_113' title="bbox 1909 5043 3001 5241">
    <p class='ocr_par' dir='ltr' id='par_1_113' title="bbox 1909 5043 3001 5241">
     <span class='ocr_line' id='line_1_118' title="bbox 1909 5043 3001 5241; baseline -0.007 -85"><span class='ocrx_word' id='word_1_894' title='bbox 1909 5043 2336 5241; x_wconf 55' lang='grc' dir='ltr'><strong>ηοῑὲέῗείῖέςέίυε</strong></span> <span class='ocrx_word' id='word_1_895' title='bbox 2361 5098 2529 5179; x_wconf 83' lang='lat' dir='ltr'><strong>solus,</strong></span> <span class='ocrx_word' id='word_1_896' title='bbox 2562 5097 2873 5178; x_wconf 77' lang='grc' dir='ltr'>ἀγενήτους.</span> <span class='ocrx_word' id='word_1_897' title='bbox 2975 5166 3001 5178; x_wconf 37' lang='grc' dir='ltr'><strong>η</strong></span> 
     </span>
     <span class='ocr_line' id='line_1_119' title="bbox 1997 5168 3001 5241; baseline -0.006 -16"><span class='ocrx_word' id='word_1_898' title='bbox 1997 5172 2088 5241; x_wconf 66' lang='lat'><strong>29)</strong></span> <span class='ocrx_word' id='word_1_899' title='bbox 2129 5171 2480 5240; x_wconf 80' lang='lat' dir='ltr'><strong>Epiphanius,</strong></span> <span class='ocrx_word' id='word_1_900' title='bbox 2508 5168 2614 5239; x_wconf 84' lang='grc' dir='ltr'><strong>πρὸ</strong></span> <span class='ocrx_word' id='word_1_901' title='bbox 2639 5185 2732 5221; x_wconf 88' lang='grc' dir='ltr'><strong>του</strong></span> <span class='ocrx_word' id='word_1_902' title='bbox 2766 5170 3001 5241; x_wconf 60' lang='grc' dir='ltr'>Χριστομ</span> 
     </span>
    </p>
   </div>
   <div class='ocr_carea' id='block_1_114' title="bbox 1997 5168 3219 5240">
    <p class='ocr_par' dir='ltr' id='par_1_114' title="bbox 1997 5168 3219 5240">
     <span class='ocr_line' id='line_1_120' title="bbox 1997 5168 3219 5240; baseline -0.002 -15"><span class='ocrx_word' id='word_1_903' title='bbox 1997 5168 2088 5240; x_wconf 66' lang='lat'><strong>29)</strong></span> <span class='ocrx_word' id='word_1_904' title='bbox 2129 5171 2480 5240; x_wconf 80' lang='lat' dir='ltr'><strong>Epiphanius,</strong></span> <span class='ocrx_word' id='word_1_905' title='bbox 2508 5168 2614 5239; x_wconf 84' lang='grc' dir='ltr'><strong>πρὸ</strong></span> <span class='ocrx_word' id='word_1_906' title='bbox 2639 5168 2732 5221; x_wconf 89' lang='grc' dir='ltr'><strong>τοῦ</strong></span> <span class='ocrx_word' id='word_1_907' title='bbox 2766 5168 3038 5240; x_wconf 70' lang='grc' dir='ltr'>Χριστοῦ,</span> <span class='ocrx_word' id='word_1_908' title='bbox 3063 5169 3219 5240; x_wconf 57' lang='lat' dir='ltr'><strong>male.</strong></span> 
     </span>
    </p>
   </div>
   <div class='ocr_carea' id='block_1_115' title="bbox 1974 5236 3479 5312">
    <p class='ocr_par' dir='ltr' id='par_1_115' title="bbox 1974 5236 3479 5312">
     <span class='ocr_line' id='line_1_121' title="bbox 1974 5236 3479 5312; baseline -0.002 -15"><span class='ocrx_word' id='word_1_909' title='bbox 1974 5236 2089 5312; x_wconf 73' lang='lat' dir='ltr'><strong>(5H)</strong></span> <span class='ocrx_word' id='word_1_910' title='bbox 2130 5236 2486 5312; x_wconf 76' lang='lat' dir='ltr'><strong>Epiphanius,</strong></span> <span class='ocrx_word' id='word_1_911' title='bbox 2527 5236 3101 5312; x_wconf 30' lang='grc' dir='ltr'>*παρασχόνταη-Ιίήά.</span> <span class='ocrx_word' id='word_1_912' title='bbox 3162 5238 3365 5312; x_wconf 67' lang='lat' dir='ltr'><strong>Regius</strong></span> <span class='ocrx_word' id='word_1_913' title='bbox 3424 5248 3479 5293; x_wconf 80' lang='lat' dir='ltr'><strong>et</strong></span> 
     </span>
    </p>
   </div>
   <div class='ocr_carea' id='block_1_116' title="bbox 1903 5307 3295 5382">
    <p class='ocr_par' dir='ltr' id='par_1_116' title="bbox 1903 5307 3295 5382">
     <span class='ocr_line' id='line_1_122' title="bbox 1903 5307 3295 5382; baseline -0.004 -17"><span class='ocrx_word' id='word_1_914' title='bbox 1903 5307 2262 5382; x_wconf 76' lang='lat' dir='ltr'><strong>Epiphanius,</strong></span> <span class='ocrx_word' id='word_1_915' title='bbox 2292 5311 2432 5364; x_wconf 82' lang='grc' dir='ltr'>κατὰ</span> <span class='ocrx_word' id='word_1_916' title='bbox 2461 5307 2638 5382; x_wconf 78' lang='grc' dir='ltr'>τοῦτο,</span> <span class='ocrx_word' id='word_1_917' title='bbox 2660 5307 2830 5382; x_wconf 47' lang='grc' dir='ltr'><strong>ινεριιξζ</strong></span> <span class='ocrx_word' id='word_1_918' title='bbox 2858 5307 3020 5382; x_wconf 65' lang='lat' dir='ltr'><strong>Editi,</strong></span> <span class='ocrx_word' id='word_1_919' title='bbox 3054 5308 3195 5382; x_wconf 73' lang='grc' dir='ltr'>κατὰ</span> <span class='ocrx_word' id='word_1_920' title='bbox 3217 5309 3295 5382; x_wconf 79' lang='grc' dir='ltr'>τό.</span> 
     </span>
    </p>
   </div>
   <div class='ocr_carea' id='block_1_117' title="bbox 1971 5372 3479 5462">
    <p class='ocr_par' dir='ltr' id='par_1_117' title="bbox 1971 5372 3479 5462">
     <span class='ocr_line' id='line_1_123' title="bbox 1971 5372 3479 5462; baseline -0.004 -26"><span class='ocrx_word' id='word_1_921' title='bbox 1971 5372 2084 5462; x_wconf 67' lang='lat' dir='ltr'><strong>(3i)</strong></span> <span class='ocrx_word' id='word_1_922' title='bbox 2126 5382 2480 5451; x_wconf 85' lang='lat' dir='ltr'><strong>Epiphanius,</strong></span> <span class='ocrx_word' id='word_1_923' title='bbox 2515 5380 2621 5450; x_wconf 66' lang='grc' dir='ltr'><strong>πρὸ</strong></span> <span class='ocrx_word' id='word_1_924' title='bbox 2670 5379 2834 5432; x_wconf 75' lang='grc' dir='ltr'>αὑτοῦ</span> <span class='ocrx_word' id='word_1_925' title='bbox 2888 5372 3025 5430; x_wconf 74' lang='grc' dir='ltr'>εἶναι</span> <span class='ocrx_word' id='word_1_926' title='bbox 3073 5377 3162 5431; x_wconf 81' lang='grc' dir='ltr'>διὰ</span> <span class='ocrx_word' id='word_1_927' title='bbox 3202 5380 3263 5431; x_wconf 86' lang='grc' dir='ltr'><strong>τὸ</strong></span> <span class='ocrx_word' id='word_1_928' title='bbox 3292 5376 3353 5442; x_wconf 78' lang='grc' dir='ltr'>ἐξ</span> <span class='ocrx_word' id='word_1_929' title='bbox 3381 5378 3479 5431; x_wconf 82' lang='grc' dir='ltr'>αὺ-</span> 
     </span>
    </p>
   </div>
   <div class='ocr_carea' id='block_1_118' title="bbox 1905 5468 3477 5592">
    <p class='ocr_par' dir='ltr' id='par_1_118' title="bbox 1905 5468 3477 5592">
     <span class='ocr_line' id='line_1_124' title="bbox 1905 5468 3477 5592; baseline -0.001 -18"><span class='ocrx_word' id='word_1_930' title='bbox 1905 5468 2084 5592; x_wconf 58' lang='grc' dir='ltr'><strong>τοῖέιὲ)</strong></span> <span class='ocrx_word' id='word_1_931' title='bbox 2126 5520 2200 5575; x_wconf 89' lang='lat' dir='ltr'><strong>De</strong></span> <span class='ocrx_word' id='word_1_932' title='bbox 2231 5520 2457 5575; x_wconf 81' lang='lat' dir='ltr'><strong>Hieraca</strong></span> <span class='ocrx_word' id='word_1_933' title='bbox 2494 5519 2685 5589; x_wconf 86' lang='lat' dir='ltr'><strong>Epiph.</strong></span> <span class='ocrx_word' id='word_1_934' title='bbox 2715 5516 2918 5574; x_wconf 71' lang='lat' dir='ltr'><strong>Haeres.</strong></span> <span class='ocrx_word' id='word_1_935' title='bbox 2945 5534 3057 5586; x_wconf 78' lang='lat' dir='ltr'><strong>LXI,</strong></span> <span class='ocrx_word' id='word_1_936' title='bbox 3093 5518 3184 5573; x_wconf 94' lang='lat' dir='ltr'><strong>ubi</strong></span> <span class='ocrx_word' id='word_1_937' title='bbox 3213 5518 3325 5574; x_wconf 71' lang='lat' dir='ltr'><strong>haec</strong></span> <span class='ocrx_word' id='word_1_938' title='bbox 3367 5532 3477 5573; x_wconf 88' lang='lat' dir='ltr'><strong>non</strong></span> 
     </span>
    </p>
   </div>
   <div class='ocr_carea' id='block_1_119' title="bbox 1901 5593 2508 5734">
    <p class='ocr_par' dir='ltr' id='par_1_119' title="bbox 1901 5593 2508 5734">
     <span class='ocr_line' id='line_1_125' title="bbox 1901 5593 2173 5662; baseline 0 -16"><span class='ocrx_word' id='word_1_939' title='bbox 1901 5593 2173 5662; x_wconf 82' lang='lat' dir='ltr'><strong>leguntur.</strong></span> 
     </span>
     <span class='ocr_line' id='line_1_126' title="bbox 1981 5659 2508 5734; baseline -0.004 -18"><span class='ocrx_word' id='word_1_940' title='bbox 1981 5664 2091 5734; x_wconf 83' lang='grc'><strong>(55)</strong></span> <span class='ocrx_word' id='word_1_941' title='bbox 2132 5660 2224 5716; x_wconf 85' lang='lat' dir='ltr'><strong>Sic</strong></span> <span class='ocrx_word' id='word_1_942' title='bbox 2249 5659 2508 5715; x_wconf 85' lang='lat' dir='ltr'><strong>Hilarius.</strong></span> 
     </span>
    </p>
   </div>
  </div>
