3822 6226
349 302 444 358 7H

881 297 939 352 S.
983 293 1363 352 ATHANASII
1403 293 1555 350 OPP.
1598 291 1784 346 PARS
1824 291 1866 345 l.
1903 319 1976 332 -—-
2013 288 2393 350 HlSTORlCA
2427 293 2516 350 ET
2557 294 2988 353 DOGMATICA.

3512 295 3633 353 ’722

346 435 476 492 pars
512 417 688 490 ipsius
721 416 1235 482 consubstantialis,
1279 415 1365 471 vel
1415 413 1575 485 quasi
1619 411 1905 477 emissio,:

2034 411 2290 479 σύνθετος
2323 413 2474 469 ἔσται
2501 417 2530 468 6
2555 417 2745 488 Πατὴρ
2776 418 2868 471 καὶ
2901 417 3188 490 διαιρετὸς,
3233 417 3326 473 καὶ
3362 422 3633 492 τρεπτὸς,

345 508 676 579 quibusdam
711 507 1064 576 intelligatur,
1096 505 1258 560 Pater
1314 505 1656 574 compositus
1707 501 1831 561 erit.
1877 510 1933 555 et

344 601 638 654 divisibiiis
663 608 718 653 et
739 599 1044 663 mutabilis,
1067 599 1196 651 item
1225 612 1425 666 corpus
1449 594 1751 650 secundum
1783 595 1928 657 illos,

342 700 396 746 et
420 699 684 759 quantum
719 690 772 742 in
825 689 960 756 ipsis
1014 689 1138 750 erit,
1193 689 1552 756 incorporeus
1605 687 1770 750 Dens,
1807 702 1931 756 quae

343 784 559 854 corpori
589 791 717 837 sunt
747 782 991 851 prOpria,
1061 781 1317 850 patietur.
1359 781 1496 834 Pars
1528 779 1775 848 quaedam
1815 778 1931 830 haec

341 883 470 928 sunt
520 888 711 928 eorum
759 888 883 943 quae
942 888 1008 927 ex
1063 871 1322 926 haeretico
1376 871 1540 926 corde
1593 885 1694 925 suo
1736 869 1927 924 Ariani

340 973 722 1020 evomueruut.

412 1057 694 1129 58417.
720 1057 1026 1127 Antequam
1065 1072 1195 1110 vero
1242 1054 1461 1110 Nicama
1504 1054 1746 1126 synodus
1786 1054 1931 1109 cele-

340 1151 614 1211 braretur,
646 1165 837 1203 eorum
884 1150 1085 1204 simil3a
1111 1149 1446 1218 scripserant
1469 1138 1759 1210 Eusebius,
1788 1145 1926 1200 Nar-

341 1243 541 1304 cissus,
580 1242 948 1310 l’atrophilus,
993 1239 1182 1307 Maris,
1213 1240 1498 1304 Paulinus,
1531 1238 1846 1292 Theodotus
1868 1245 1923 1291 et

341 1335 675 1390 Athanasius
706 1333 1079 1387 Nazarborum
1118 1351 1132 1388 :
1191 1348 1429 1403 quorum
1463 1331 1734 1386 Eusebius
1761 1328 1923 1385 Nico-

341 1426 634 1481 mediensis
653 1440 718 1478 eo
760 1439 1083 1494 progressus
1125 1433 1229 1488 est,
1279 1435 1337 1478 ut
1370 1424 1484 1477 hmc
1534 1422 1664 1475 Ario
1689 1421 1922 1489 scripse-

340 1519 412 1574 rit
439 1537 452 1572 :
486 1537 504 1570 ι
544 1517 678 1573 Cum
711 1529 858 1571 recte
885 1517 1112 1582 sentias,
1140 1532 1367 1585 precare
1395 1526 1454 1570 ut
1479 1531 1671 1570 omnes
1695 1517 1768 1569 ita
1797 1530 1922 1568 sen-

341 1616 524 1667 tiant:
582 1610 926 1665 manifestum
949 1612 1096 1664 enim
1143 1610 1402 1664 omnibus
1456 1617 1559 1674 est,
1598 1608 1728 1662 illud
1770 1608 1917 1678 quod

338 1706 541 1761 factum
576 1713 682 1769 est,
712 1718 821 1757 non
854 1702 1026 1758 fuisse
1081 1713 1372 1773 antequam
1399 1704 1567 1756 tieret.
1600 1701 1757 1768 Quod
1812 1718 1914 1756 au-

2038 507 2133 558 xa‘t
2162 506 2319 577 σῶμα
2350 508 2470 561 κατ’
2513 511 2732 576 αὐτοὺς,
2767 511 2862 562 καὶ
2911 511 2972 562 τὸ
3004 511 3128 563 ὅσον
3173 510 3258 562 ἐπ’
3293 511 3498 576 αὐτοῖς,
3551 512 3634 566 τὰ,

2037 595 2310 650 ἀκόλουθα
2345 596 2556 668 σώματι
2585 599 2830 670 πάσχων,
2870 601 2898 653 6
2931 600 3217 670 ἀσώματος
3241 600 3396 666 Θεός.
3433 603 3632 658 Ταῦτα.

2035 689 2144 743 ἀπὸ
2175 691 2372 762 μέρους
2388 685 2462 745 ὧν
2489 693 2701 764 ἡμεσαν
2726 697 2790 747 ὲκ
2819 695 2919 764 τῆς
2940 694 3149 748 ἑαυτῶν
3177 695 3459 766 αἰρετικῆς
3484 710 3630 771 καρ-

2033 781 2148 847 δίας
2169 785 2217 836 οἱ
2251 787 2378 858 περὶ
2406 786 2643 858 Ἀρειον,
2677 787 2824 840 ἐστίν
2848 787 2978 858 (54).

2108 1061 2190 1114 17.
2233 1061 2346 1132 Πρὸ
2375 1061 2430 1115 δὲ
2466 1063 2560 1116 τοῦ
2591 1064 2844 1132 γενέσθαι
2889 1068 2988 1138 τὴν
3027 1069 3085 1120 ὲν
3126 1069 3334 1142 Νικαίᾳ
3371 1071 3621 1138 σύνοδον,

2031 1150 2277 1222 ἔγραψαν
2329 1155 2424 1206 καὶ
2450 1155 2499 1206 οί
2551 1157 2680 1227 περὶ
2738 1157 3016 1223 Εὑσέϐιον,
3053 1161 3364 1233 Νάρκισσον
3418 1181 3478 1216 τε
3522 1166 3625 1219 καὶ

2030 1244 2389 1315 Πατρόφιλον,
2425 1248 2519 1300 καὶ
2552 1249 2757 1321 Μάριν,
2788 1251 3049 1306 Παυλῖνόν
3079 1271 3138 1306 τε
3158 1295 3171 1317 ,
3210 1256 3305 1308 καὶ
3337 1256 3620 1324 Θεόδοτον,

2029 1337 2123 1389 xai.
2168 1336 2485 1392 Ἀθανάσιον
2510 1340 2604 1393 τὸν
2659 1342 2773 1413 (55)
2835 1343 2944 1398 ἀπὸ
2976 1345 3292 1416 Ναζαρϐῶν’
3340 1348 3408 1400 τὰ
3453 1349 3620 1419 ὃμοια

2027 1427 2228 1490 αὐτοῖς.
2292 1429 2402 1481 Καὶ
2432 1431 2460 1482 6
2494 1431 2592 1500 μὲν
2623 1431 2731 1484 ἀπὸ
2778 1433 2876 1504 τῆς
2925 1435 3296 1505 Νικομηδείας
3352 1437 3620 1504 Εὐσέϐιος

2024 1517 2167 1570 κατά
2199 1521 2448 1592 περιττὸν
2476 1520 2712 1593 ἔγραφεν
2749 1524 2960 1595 Ἀρείῳ,
2991 1525 3093 1578 ὅτι·
3118 1545 3136 1577 ι
3163 1526 3356 1591 Καλῶς
3377 1530 3614 1601 φρονῶν,

2025 1607 2184 1679 εὔχου
2221 1613 2426 1675 πάντας
2459 1612 2630 1678 οὕτως
2660 1618 2896 1685 φρονεῖν·
2932 1621 3093 1672 παντὶ
3120 1619 3229 1688 γάρ
3252 1619 3410 1689 δῆλον
3440 1623 3615 1689 ἐστιν,

2023 1702 2179 1755 ὅτιτὸ
2205 1706 2572 1776 πεποιημένον
2587 1703 2766 1779 οὐκῆν
2794 1709 2921 1778 πρὶν
2945 1710 3215 1776 γενέσθαι.
3240 1712 3617 1783 Τὸγενὸμενον

338 1807 446 1852 tem
480 1795 681 1849 factum
706 1802 808 1856 est,
836 1793 1025 1864 incipit
1076 1810 1250 1848 esse.)
1307 1794 1576 1850 Eusebius
1626 1809 1757 1848 vero
1791 1793 1905 1849 Cae-

2013 1786 2069 1840 δὲ
2108 1789 2280 1861 ἀρχὴν
2309 1790 2419 1861 ἔχει
2445 1793 2538 1846 τοῦ
2561 1789 2720 1848 εἶναι.
2757 1815 2776 1842 ι
2825 1796 2881 1848 Ὀ
2911 1796 2966 1849 δὲ
2993 1797 3101 1850 ἀπὸ
3143 1779 3479 1872 Καισαρείας
3509 1803 3616 1874 τῆς

339 1904 507 1943 sareae
533 1886 835 1941 Palaestinae
869 1885 937 1939 ad
982 1886 1410 1956 Euphrationem
1449 1888 1694 1942 scribens
1734 1886 1916 1958 [Bala-

337 1979 474 2052 neae]
501 1981 839 2050 episcopum,
873 1993 983 2031 non
1017 1965 1214 2032 ‘timuit
1264 1987 1449 2047 aperte
1513 1979 1715 2040 dicere.
1748 1978 1916 2032 Chri-

334 2083 476 2128 stum
515 2087 622 2126 non
671 2085 794 2126 esse
817 2085 1004 2124 verum
1037 2069 1228 2123 Deum.
1275 2069 1378 2124 Sed
1444 2070 1780 2124 Athanasius
1809 2069 1918 2125 Na-

333 2165 624 2218 zarborum
652 2162 892 2232 apertius
923 2163 1173 2216 haeresim
1207 2161 1430 2226 detexit,
1458 2176 1582 2215 cum
1613 2162 1689 2214 ait
1717 2160 1915 2215 Filium

334 2257 428 2312 Dei
466 2236 627 2310 uuam
657 2272 722 2311 ex
743 2268 962 2311 centum
995 2257 1192 2310 Ovibus
1222 2270 1365 2309 esse.
1420 2255 1478 2307 In
1527 2255 1644 2309 suis
1669 2254 1815 2309 enim
1848 2254 1914 2308 ad

333 2348 702 2402 Alexandrum
768 2348 1089 2417 episcopum
1151 2345 1370 2408 litteris,
1435 2359 1602 2399 ausus
1649 2353 1734 2399 est
1800 2344 1914 2399 hmo

333 2438 578 2506 proferre
607 2457 620 2493 :
660 2457 678 2490 ι
710 2437 822 2492 Cur
847 2437 1079 2492 Arianos
1102 2437 1286 2505 arguis
1309 2433 1456 2505 quod
1485 2435 1691 2500 dicant,
1711 2449 1778 2520 ex
1802 2449 1911 2489 non

331 2533 676 2587 exstantibus
712 2529 910 2584 Filium
959 2529 1049 2583 Dei
1101 2537 1343 2584 creatum
1379 2527 1713 2598 factumque,
1749 2536 1912 2597 atque

330 2639 395 2677 ex
429 2624 685 2677 omnibus
713 2639 880 2676 unum
907 2622 1065 2678 esse?
1086 2638 1207 2676 cum
1228 2623 1371 2676 enim
1398 2623 1453 2675 in
1479 2631 1696 2675 centum
1719 2621 1912 2675 ovibus

332 2714 548 2783 npiiicia
579 2714 760 2768 omnia
804 2728 902 2782 per
943 2713 1256 2781 parabolam
1317 2713 1646 2778 iudicentur,
1693 2727 1800 2766 una
1842 2727 1911 2766 ex

332 2806 440 2860 illis
465 2813 549 2860 est
571 2806 686 2874 ipse
710 2804 902 2859 Filius.
935 2804 992 2858 Si
1039 2805 1202 2875 igitur
1233 2816 1450 2860 centum
1511 2805 1616 2860 illa:
1646 2821 1753 2859 non
1780 2813 1913 2859 sunt

329 2906 524 2952 creata:
554 2913 642 2952 res
688 2906 740 2950 et
793 2897 1027 2966 Opiﬁcia,
1059 2906 1154 2951 aut
1187 2897 1234 2950 si
1293 2908 1490 2967 praeter
1541 2899 1662 2953 illas
1693 2905 1910 2952 centum

329 2989 476 3043 aliud
500 2989 777 3058 quidpiam
811 2990 1087 3044 exsistat:
1153 3005 1254 3043 nec
1302 2988 1476 3042 Filius
1523 2991 1712 3059 utique
1756 3005 1914 3043 crea-

331 3091 450 3136 tura
475 3091 579 3145 est,
612 3090 708 3134 aut
731 3095 875 3133 unus
896 3095 959 3133 ex
989 3079 1268 3134 omnibus.
1296 3078 1452 3145 Quod
1481 3081 1526 3134 si
1557 3089 1774 3135 centum
1806 3081 1910 3134 illae

327 3191 518 3230 omnes
543 3183 739 3228 creatae
769 3188 858 3228 res
902 3173 1032 3239 sint,
1073 3173 1316 3242 nihilque
1343 3173 1414 3227 sit
1447 3185 1602 3228 extra
1636 3174 1756 3229 illas
1780 3189 1908 3228 cen-

329 3281 440 3325 tum
468 3279 660 3341 praeter
679 3271 855 3323 solum
886 3268 1078 3334 Deum,
1101 3269 1228 3339 quid
1249 3269 1471 3323 absurdi
1491 3270 1680 3324 dicunt
1697 3271 1904 3336 Ariani,

327 3366 372 3420 si
406 3365 458 3417 in
484 3365 590 3417 illis
615 3373 858 3425 centum,
891 3362 1166 3417 Christum
1208 3362 1628 3431 complectentes
1653 3371 1907 3418 etannu-

328 3464 622 3518 merantcs,
670 3470 840 3508 unum
877 3469 938 3508 ex
1000 3454 1257 3508 omnibus
1331 3453 1484 3507 illum
1539 3453 1839 3509 aﬂirment?
1881 3473 1900 3506 ι

325 3546 591 3617 Georgius
637 3557 818 3600 autem
870 3547 963 3616 qui
999 3563 1146 3600 nunc
1181 3545 1461 3602 Laodiceae
1488 3548 1778 3617 episcopus
1799 3558 1902 3612 est,

323 3647 552 3708 tumque
581 3637 923 3692 Alexandria:
978 3639 1261 3709 presbyter
1310 3648 1448 3704 erat,
1514 3647 1569 3692 et
1601 3638 1907 3693 Antiochiae

323 3730 805 3791 commorabatur,
865 3727 932 3783 ad
1003 3729 1372 3784 Alexandrum
1424 3730 1739 3800 episcopum
1790 3731 1905 3786 haec

323 3823 542 3892 scripsit
577 3840 590 3875 :
631 3841 649 3873 ι
684 3820 762 3876 Ne
797 3821 1030 3876 Arianos
1077 3823 1469 3891 reprehendas,
1504 3825 1648 3889 quod
1681 3824 1901 3878 dicant:

322 3913 452 3967 Erat
506 3922 721 3983 tempus
774 3929 899 3968 cum
949 3929 1056 3966 non
1103 3923 1246 3968 esset
1292 3913 1463 3970 Filius
1505 3913 1644 3970 Dei:
1701 3917 1900 3970 etenim

324 4007 496 4060 lsaias
526 4007 672 4061 [ilius
729 4005 833 4059 fuit
879 4006 1071 4070 Amos,
1118 4007 1344 4076 ipseque
1373 4009 1542 4063 Amos
1598 4017 1718 4062 erat
1745 4017 1900 4064 ante-

321 4113 488 4168 quam
524 4100 696 4152 lsaias
728 4098 1014 4151 exsisteret
1042 4115 1058 4154 :
1113 4097 1284 4152 Isaias
1309 4113 1440 4153 vero
1468 4115 1577 4152 non
1608 4108 1727 4154 erat
1753 4110 1899 4164 ante,

321 4193 414 4246 sed
453 4201 634 4261 postea
668 4192 930 4246 exstitit.»
969 4191 1052 4245 Ad
1098 4193 1331 4248 Arianos
1382 4210 1512 4248 vero
1559 4195 1778 4264 scripsit
1815 4197 1901 4251 his

319 4285 502 4339 verbis
527 4302 540 4338 :
576 4303 594 4334 α
618 4285 756 4349 Quid
778 4283 1144 4338 Alexandrum
1174 4301 1366 4355 papam
1391 4287 1620 4356 arguitis
1649 4288 1794 4358 quod
1817 4288 1901 4342 di-

319 4377 461 4429 xerit
485 4390 548 4429 ex
580 4373 738 4429 Patre
762 4373 959 4428 Filium
992 4378 1152 4430 esse?
1184 4379 1382 4431 etenim
1412 4395 1512 4434 nec
1535 4395 1631 4435 vos
1656 4389 1899 4436 metuere

2021 1879 2387 1954 Παλαιστίνης
2410 1885 2691 1950 Εὐσέϐιος,
2714 1889 2941 1958 γράφων
2963 1891 3098 1961 πρὸς
3132 1892 3489 1966 Εὐφρατίωνα
3519 1896 3614 1952 τὸν

2019 1971 2337 2037 ἐπίσκοπον,
2367 1975 2468 2028 οὐκ
2493 1977 2732 2050 ἐφοϐήθη
2761 1982 3012 2053 φανερῶς
3044 1984 3217 2036 εἰπεῖν
3237 2024 3252 2048 ,
3298 1987 3381 2038 ὅτι
3411 1989 3439 2040 6
3473 1989 3614 2059 Χρι-

2020 2062 2142 2125 στὸς
2175 2063 2273 2116 οὐκ
2303 2065 2448 2119 ἐστιν
2491 2067 2742 2140 ἀληθινὸς
2780 2072 2934 2136 Θεός.
2979 2075 3090 2127 Καὶ
3129 2076 3446 2144 Ἀθανάσιος
3485 2081 3545 2133 δὲ
3583 2084 3614 2135 6

2017 2155 2124 2207 ἀπὸ
2146 2157 2450 2228 Ναζαρϐὦν
2481 2159 2561 2213 ἔτι
2582 2163 2916 2236 γυμνότερον
2940 2167 3291 2222 ἀπεκάλυπτε
3326 2171 3426 2243 τὴν
3456 2173 3615 2244 αἴρε-

2019 2261 2123 2308 σιν,
2150 2246 2246 2298 ’ἐνα
2273 2247 2383 2300 τῶν
2411 2250 2606 2303 ἑκατὸν
2639 2252 2926 2323 προϐάτων
2955 2255 3126 2325 λέγων
3159 2254 3298 2312 εἶναι
3349 2262 3441 2314 τὸν
3478 2262 3610 2315 Υἱὸν

2015 2332 2110 2385 τοῦ
2138 2335 2294 2392 Θεοῦ.
2324 2338 2363 2389 Γ
2367 2339 2556 2409 ράφων
2575 2340 2683 2413 γὰρ
2715 2344 2849 2416 πρὸς
2891 2345 3236 2419 Ἀλέξανδρον
3259 2351 3349 2403 τὸν
3381 2353 3612 2407 ἐπίσκο-

2017 2445 2138 2493 πον,
2179 2431 2556 2504 ἀπετόλμησεν
2594 2434 2768 2500 οὕτως
2823 2439 3028 2492 εἰπεῖν·
3067 2459 3086 2490 ι
3141 2441 3204 2493 Τί
3240 2443 3434 2516 μέμφῃ
3488 2449 3609 2510 τοῖς

2017 2523 2145 2591 περὶ
2173 2523 2408 2594 Ἀρειον.
2432 2529 2479 2578 εἰ
2509 2527 2778 2595 λέγουσιν·
2820 2529 2909 2595 Ἐξ
2933 2532 3032 2584 οὐκ
3065 2532 3234 2586 ὄντων
3262 2538 3469 2606 κτίσμα
3502 2555 3608 2589 πε-

2015 2615 2233 2687 ποίηται
2265 2620 2295 2671 6
2322 2619 2448 2682 Υἱὸς
2468 2620 2562 2672 τοῦ
2590 2621 2749 2688 Θεοῦ,
2775 2623 2868 2676 καὶ
2897 2623 2956 2677 ἓν
2993 2625 3101 2677 τῶν
3148 2627 3366 2681 πάντων
3409 2631 3562 2683 ἐστίν
3590 2648 3606 2696 ;

2015 2709 2072 2759 ὲν
2104 2710 2298 2763 ἑκατὸν
2340 2711 2450 2782 γὰρ
2485 2714 2782 2784 προϐάτοις
2826 2718 3326 2791 παραϐαλλομένων
3378 2724 3604 2778 πάντων

2013 2798 2122 2852 τῶν
2151 2803 2563 2873 πεποιημένων,
2596 2800 2679 2868 εἷς
2709 2808 2824 2860 ἐστι
2850 2811 2944 2862 καὶ
2970 2812 2997 2863 6
3022 2810 3147 2875 Υἱὸς
3183 2812 3244 2877 ἐξ
3286 2814 3486 2868 αὐτῶν.
3541 2817 3609 2869 Et

2018 2893 2116 2962 μὲν
2139 2889 2231 2947 οὖν
2255 2895 2322 2947 τὰ
2354 2896 2546 2949 ἑκατὸν
2570 2898 2670 2950 οὑκ
2709 2897 2824 2952 ἔστι
2855 2901 3128 2973 κτίσματα
3164 2906 3256 2958 καὶ
3307 2906 3535 2976 γενητὰ,
3567 2910 3603 2980 ἣ

2015 2981 2091 3033 ἔνι
2117 2983 2278 3035 πλέον
2302 3001 2355 3036 τι
2388 2984 2495 3039 τῶν
2525 2987 2739 3054 ἑκατὸν,
2766 2990 3007 3061 δηλονότι
3055 2994 3188 3064 μηδὲ
3220 2997 3248 3048 6
3292 2995 3419 3059 Υἱὸς
3458 2997 3607 3052 ἔστω

2015 3075 2239 3146 κτίσμα,
2270 3078 2365 3130 καὶ
2389 3073 2470 3141 εἷς
2501 3081 2609 3133 τῶν
2646 3082 2881 3136 πάντων.
2904 3085 2968 3138 El
3004 3086 3061 3138 δὲ
3092 3088 3160 3139 τὰ
3193 3089 3386 3141 ἑκατὸν
3418 3092 3608 3145 πάντα

2011 3169 2234 3239 γενητὰ,
2277 3171 2370 3224 καὶ
2393 3172 2547 3225 οὐδέν
2575 3174 2722 3227 ἐστιν
2745 3177 2901 3240 ἐκτὸς
2927 3179 3038 3231 τῶν
3073 3188 3117 3251 ρ’
3150 3181 3286 3253 πλὴν
3317 3183 3481 3253 μόνου
3501 3185 3604 3236 τοῦ

2009 3256 2166 3324 Θεοῦ,
2215 3259 2268 3312 τί
2301 3261 2502 3316 ἄτοπον
2533 3263 2784 3334 λέγουσιν
2818 3271 2867 3321 οί
2918 3272 3048 3343 περὶ
3104 3275 3342 3347 ΙἈρειον,
3405 3281 3479 3346 εί,
3543 3283 3608 3338 ἓν

2008 3350 2067 3442 ὲν
2097 3350 2206 3422 (56)
2249 3356 2364 3416 τοῖς
2396 3356 2593 3411 ἑκατὸν
2630 3361 3019 3430 περιλαϐόντες
3074 3368 3168 3419 καὶ
3233 3370 3608 3442 ἀριθμοῦντες

2007 3441 2098 3494 τὸν
2143 3444 2398 3515 Χριστὸν,
2454 3446 2550 3502 ἕνα
2609 3451 2718 3535 τῷν
2776 3453 2994 3509 πάντων
3035 3460 3198 3513 αὐτὸν
3257 3465 3546 3534 εἰρήκασις
3581 3488 3601 3520 ι

2007 3532 2278 3627 Γεὼργιος
2307 3535 2364 3590 δὲ
2391 3539 2420 3590 6
2452 3538 2547 3592 νῦν
2607 3532 2666 3593 ἐν
2711 3545 3023 3619 Λαοδικείᾳ,
3090 3532 3466 3627 πρεσϐύτερος
3522 3532 3605 3614 ὣν

2005 3625 2127 3678 τότε
2159 3627 2257 3698 τῆς
2290 3629 2716 3703 Ἀλεξανδρείας,
2748 3639 2842 3690 καὶ
2870 3641 2928 3692 ὲν
2960 3642 3259 3717 Ἀντιοχείᾳ
3280 3648 3604 3720 διατρίϐων,

2006 3717 2144 3809 πρὸς
2195 3720 2294 3789 μὲν
2334 3721 2680 3797 Ἀλέξανδρον
2722 3729 2810 3783 τὸν
2839 3732 3136 3790 ἐπίσκοπον
3181 3717 3441 3809 ἔγραψεν,
3475 3717 3600 3796 ὅτιλ

2012 3827 2030 3902 ι
2051 3808 2142 3880 Μὴ
2161 3811 2376 3902 μέμφου
2398 3818 2509 3878 τοῖς
2535 3821 2663 3889 περὶ
2681 3821 2918 3892 Ἀρειον,
2939 3827 2986 3877 εί
3018 3825 3288 3896 λέγουσιν·
3306 3808 3412 3885 Ἦν
3439 3853 3600 3902 ποτε,

2003 3901 2092 3954 ὅτε
2118 3903 2217 3956 οὐκ
2246 3899 2315 3974 ἦν
2340 3907 2368 3958 6
2399 3907 2526 3972 Υἱὸς
2557 3911 2653 3964 τοῦ
2677 3913 2843 3967 Θεοῦ·
2877 3919 2970 3971 καὶ
3003 3920 3113 3992 γὰρ
3143 3924 3172 3974 6
3211 3925 3322 3993 (57)
3366 3899 3601 3994 Ἡσαΐας

2004 3993 2116 4093 uie-sc;
2143 3995 2363 4093 γέγονεν
2404 4000 2606 4070 Ἀμὼς,
2639 4006 2734 4058 καλ⁵
2767 4009 2918 4080 ὅμως
2953 4013 2982 4065 6
3015 4013 3116 4082 μὲν
3157 4015 3340 4086 Ἀμὼς
3381 4015 3452 4091 ἦν
3485 4023 3600 4093 πρὸ

2001 4083 2096 4138 τοῦ
2124 4087 2378 4186 γενέσθαι
2405 4093 2497 4146 τὸν
2540 4094 2793 4154 Ἡσαΐαν·
2831 4105 2860 4154 6
2883 4103 2939 4157 δὲ
2982 4105 3210 4172 Ἡσαΐας
3224 4083 3336 4163 *οὐκ
3464 4083 3602 4186 πρό-

1999 4195 2174 4277 τερον,
2192 4182 2329 4237 ἀλλά
2355 4188 2491 4256 μετὰ
2518 4189 2693 4244 ταῦτα
2719 4192 2930 4270 γέγονε.
2947 4217 2965 4249 ι
2991 4199 3136 4270 Πρὸς
3151 4202 3207 4255 δὲ
3229 4207 3356 4268 τοὺς
3371 4182 3598 4277 Ἀρεία-

2000 4273 2123 4372 νοῦς
2148 4272 2354 4372 ἔγραφε
2378 4283 2477 4372 ’-τι
2503 4280 2570 4333 Τί
2609 4285 2894 4356 μέμφεσθε
2928 4289 3262 4365 Ἀλεξάνδρῳ
3304 4294 3382 4366 τῷ
3429 4272 3596 4372 πάπᾳ

2000 4361 2210 4460 λέγοντι
2238 4369 2304 4460 ἐκ
2334 4370 2430 4422 τοῦ
2464 4373 2678 4447 Πατρὸς
2699 4378 2791 4431 τὸν
2821 4379 2986 4448 Υἱόν;
3033 4386 3126 4437 καὶ
3162 4361 3272 4457 γὰρ
3425 4361 3592 4460 ὑμεῖς

319 4466 524 4519 debetis
557 4463 754 4518 Filium
779 4465 959 4520 dicere
979 4481 1045 4519 ex
1070 4465 1178 4520 Deo
1217 4483 1358 4522 esse.
1411 4467 1547 4523 Nam
1583 4471 1628 4524 si
1661 4470 1894 4541 Aposto-

2013 4455 2369 4556 ah‘cpo6q0ﬁes
2395 4465 2570 4518 εἰπεῖν
2601 4468 2697 4521 καὶ
2725 4473 2790 4523 ὲκ
2813 4473 2907 4525 τοῦ
2934 4475 3069 4528 Θεοῦ
3093 4477 3183 4530 τὸν
3214 4455 3362 4534 Ῠὶόν.
3381 4482 3445 4535 Et
3466 4455 3590 4556 ‘ydp

319 4557 404 4612 lus
454 4558 693 4626 scripsit,
747 4556 940 4613 Omnia
1003 4566 1178 4611 autem
1243 4574 1308 4612 ex
1356 4557 1464 4612 Deo
1495 4563 1538 4626 ³,
1587 4563 1897 4632 propalam-

315 4667 422 4720 qne
453 4664 648 4714 cst,ex
692 4666 800 4704 non
859 4652 1200 4706 exstantibus
1254 4654 1436 4707 omnia
1483 4653 1624 4708 facta
1674 4653 1847 4711 fuisse
1877 4697 1892 4722 ,

314 4752 507 4812 estque
559 4741 724 4796 etiam
775 4740 948 4797 Filius
1002 4753 1238 4811 creatus,
1285 4753 1448 4814 atque
1497 4761 1606 4800 una
1630 4762 1697 4802 ex
1729 4749 1894 4804 rebus

385 4898 406 4928 ⁸
449 4894 626 4951 lCor.
656 4911 736 4962 xt,
771 4897 856 4950 12.

382 5074 496 5144 (54)
537 5073 816 5153 Quodhic
843 5077 920 5153 ait
961 5078 1224 5153 Albanas.
1257 5081 1372 5137 haec
1400 5093 1609 5153 partem
1645 5101 1766 5142 esse
1796 5102 1892 5141 eo-

313 5161 433 5198 rum
474 5163 596 5215 qua:
629 5147 814 5201 Ariani
845 5149 1009 5224 impie
1039 5153 1334 5224 protulere,
1362 5147 1708 5224 nequaquam
1752 5159 1895 5211 indi-

311 5227 399 5295 cat
429 5227 634 5295 partem
672 5226 879 5272 tantum
911 5221 1151 5295 epistolae
1184 5223 1270 5295 hic
1299 5221 1516 5278 allatam
1557 5221 1760 5295 fuisse;
1799 5231 1891 5283 sed

311 5286 582 5367 signiﬁcat
630 5299 852 5367 sanctus
897 5286 1106 5356 dector,
1147 5293 1281 5348 alias
1315 5304 1534 5367 exstare
1579 5299 1630 5349 in
1673 5286 1891 5367 scriptis

309 5356 637 5436 Arianorum
687 5360 884 5436 impias
932 5375 1113 5425 voces,
1149 5379 1264 5436 seu
1322 5366 1458 5420 alias
1492 5368 1618 5420 alibi
1652 5356 1891 5436 prolatas

310 5425 380 5479 ab
409 5427 513 5480 illis
549 5427 736 5506 fuisse.
765 5425 1033 5506 integram
1075 5433 1219 5506 enim
1265 5449 1385 5489 esse
1430 5437 1570 5492 hanc
1603 5425 1888 5506 epistolam

312 5505 458 5576 patet
487 5512 555 5550 ex
583 5497 907 5576 Epiphanio,
939 5503 1032 5576 ubi
1084 5504 1265 5576 statim
1321 5516 1443 5574 post
1485 5508 1598 5561 haec
1637 5497 1830 5576 'verba,
1861 5515 1890 5566 6

311 5565 599 5635 ἀσώματος
623 5567 775 5653 Θεός,
799 5565 1389 5653 εειξυίιυιζ,-Ἐρρῶσθέιί
1411 5594 1480 5653 *σε
1504 5579 1560 5630 ὲν
1587 5581 1777 5653 Κυρίῳ
1802 5565 1892 5636 eb-

308 5653 496 5758 ἵξομαι,
535 5638 773 5760 μακάριε
820 5635 997 5692 πάπω
1028 5635 1266 5713 Ἄρειος,
1301 5646 1550 5718 Ἑθάλης,
1589 5635 1886 5724 Ἀίιλλεὺς,

362 5710 640 5760 αοπώνης.
729 5711 999 5760 αοιιατᾶς.
1020 5713 1253 5760 Ἄρειος,
1287 5720 1638 5760 ποεσῆιῖεισηηι
1663 5741 1676 5754 .
1709 5725 1886 5760 Μνη-

362 5711 640 5779 αρπώνης,
687 5711 999 5780 Σαρματᾶς,
1020 5711 1255 5784 Ἄρειος,
1287 5711 1684 5792 πρεσϐὗτεροιτ
1709 5711 1890 5780 διάκολ

1995 4549 2024 4600 6
2068 4549 2404 4642 fta-713661010;
2444 4556 2648 4629 ἔγραψε
2668 4579 2680 4591 ·
2733 4564 2810 4616 Τὰ
2837 4563 2904 4618 δὲ
2929 4566 3126 4621 πάντα
3157 4571 3226 4624 ἐκ
3257 4573 3365 4627 τοῦ
3395 4549 3585 4642 Θεοῦξ

1995 4639 2090 4735 καὶ
2123 4640 2238 4735 ἔστι
2287 4643 2444 4716 δῆλον
2475 4648 2534 4713 ἐξ
2578 4651 2679 4703 οὐκ
2706 4651 2875 4708 ὄντων
2911 4659 3240 4730 πεποιῆσθαι
3280 4665 3349 4717 τὰ
3378 4639 3584 4735 πάντα,

1994 4731 2108 4786 ἔστι
2141 4734 2195 4788 δὲ
2215 4738 2308 4790 καὶ
2334 4741 2363 4792 6
2393 4739 2520 4804 Υἱὸς
2552 4744 2779 4815 κτίσμα,
2807 4749 2903 4800 καὶ
2930 4750 3038 4805 τῶν
3065 4756 3450 4826 πεποιημένων
3479 4731 3582 4823 εἷςἐ

1993 5117 2094 5184 χοι,
2151 5100 2409 5184 Ιεὶῦζῴῖος,
2461 5106 2988 5184 ΛούκιοςηἾλούλιος,
3032 5115 3244 5184 Μηνᾶς,
3282 5117 3576 5184 Ἑλλάδιος,

1993 5172 2152 5254 ξᾴξος
2175 5189 2188 5202 ⁸
2215 5175 2522 5254 επίσδῗοποέν
2573 5179 2866 5254 Σεκφῦνδος
2915 5172 3316 5250 Πενταπόλεως.
3357 5172 3580 5254 Θεωνὸίξ

1993 5242 2179 5329 ᾼίϐυς,
2215 5245 2431 5329 Πιστὸς,
2469 5247 2540 5329 ὂ-ν.
2566 5242 2909 5329 κατέστησαν
2959 5257 3038 5318 είς
3075 5242 3575 5329 Ἀλεξάνδρειαν-*οξ

1995 5312 2290 5397 ,Ἄρειανοίῖ
2315 5316 2456 5397 Qum
2482 5316 2691 5397 Pistum
2720 5312 2864 5377 hunc
2904 5312 3167 5397 spectant,
3195 5312 3580 5397 expenduntur

1993 5383 2046 5435 in
2090 5383 2212 5436 Vita
2259 5388 2536 5442 Athanasii
2579 5391 2646 5444 ad
2693 5406 2894 5446 annum
2936 5383 3178 5457 319,11bi
3216 5383 3433 5454 videsis.
3466 5383 3572 5456 Alii

1992 5462 2171 5542 autem
2207 5471 2425 5542 omnes
2481 5460 2569 5542 hic
2621 5464 2872 5542 recensiti
2924 5466 2976 5542 in
3031 5466 3271 5535 Epistola
3295 5472 3576 5542 encyclica

1991 5521 2280 5605 Aleltandhri
2309 5528 2496 5605 eodem
2530 5529 2700 5605 ferme
2727 5535 2917 5605 ordine
2958 5521 3226 5605 ieguintur.

2063 5593 2176 5666 (55)
2218 5596 2309 5651 Sic
2343 5596 2561 5665 Regius.
2591 5601 2644 5653 In
2685 5603 2843 5658 editis
2879 5593 3118 5660 veroucdv
3145 5609 3317 5666 deest.

2063 5664 2174 5738 (ξρ)
2216 5666 2291 5738 l_ta
2325 5664 2546 5738 Regius.
2583 5671 2638 5724 In
2664 5673 2823 5728 editis
2849 5675 2907 5729 ὲν
2938 5676 3108 5734 deest.

2065 5735 2177 5806 (57)
2219 5735 2429 5808 Regius
2445 5756 2553 5796 non
2583 5741 2742 5798 habet
2771 5744 2819 5797 6.
