3822 6226
132 279 250 336 713

1517 283 1604 338 DE
1644 282 1958 338 SYNODIS.

3279 295 3383 350 714

129 392 358 466 λεχθείη
393 390 458 446 ἂν
482 391 575 443 καὶ
599 391 628 442 ὁ
661 391 785 455 Υἱὸς
817 393 879 445 ἐκ
904 391 998 445 τοῦ
1028 393 1186 458 Θεοῦ,
1219 393 1389 459 οὕτως
1411 395 1598 450 ὥσπερ
1621 399 1694 450 κα

1815 397 2006 464 factis;
2035 412 2162 468 ergo
2182 408 2236 454 et
2255 398 2427 456 Filius
2456 415 2523 456 ex
2553 399 2664 456 Deo
2694 401 2801 457 dici
2834 405 3054 474 poterit,
3091 408 3233 464 sicut
3263 427 3384 466 om-

129 485 206 539 τά
238 483 413 536 πάντα
449 481 662 551 λέγεται
696 486 760 536 ἐκ
804 483 897 535 τοῦ
945 483 1098 538 Θεοῦ.
1142 503 1162 536 ι
1211 484 1301 550 Ἐξ
1340 486 1547 541 ἐκείνου
1579 487 1710 556 γοῦν

130 573 339 644 ἔμαθον
367 575 414 625 οί
463 573 530 626 τὰ
571 573 777 646 Ἀρείου
811 574 1134 646 φρονοῦντες
1181 578 1565 650 ὑποκρίνεσθαι
1612 582 1710 654 τὴν

128 661 302 728 λέξιν,
336 662 436 732 τὴν
463 663 526 714 ἐκ
551 661 644 714 τοῦ
679 664 834 728 Θεοῦ,
869 665 960 717 καὶ
982 663 1158 734 λέγειν
1191 668 1288 738 μὲν
1315 671 1411 740 τὴν
1439 670 1603 738 λέξιν,
1635 673 1708 744 μὴ

129 757 353 826 φρονεῖν
395 754 451 806 δέ
486 753 685 817 καλῶς.
747 755 918 820 Αὐτὸς
950 756 1007 809 δέ
1036 759 1064 811 6
1100 757 1370 829 Γεώργιος
1430 762 1709 836 καθῃρέθη

127 847 241 900 ὑπὸ
291 845 639 918 Ἀλεξάνδρου
691 848 758 900 δι’
788 847 922 902 ἄλλα
962 849 1072 919 (58)
1107 851 1224 921 μὲν,
1253 845 1334 905 ὅτι
1374 853 1431 906 δὲ
1456 856 1551 908 καὶ
1584 858 1712 911 ἀσε‹

127 939 232 1010 εὴς
269 939 445 1008 ἐφάνη
469 955 485 969 ⁸
518 939 886 1010 πρεσϐύτερος
914 940 1022 1010 γὰρ
1053 937 1120 1010 ἦν
1154 943 1334 1010 αὐτὸς,
1362 946 1505 1000 καθά
1528 949 1710 1019 προεί-

127 1047 297 1100 ρηται
333 1029 469 1101 (59).

200 1119 289 1172 18.
316 1119 428 1172 Καὶ
460 1119 598 1182 ὅλως
630 1119 868 1192 ἔγραφον
895 1115 1042 1176 οῦτοι
1073 1125 1298 1180 τοιαῦτά
1319 1170 1332 1193 ,
1364 1129 1440 1193 ὡς
1477 1130 1710 1186 ’ἑκαστον

119 1209 329 1280 ἐρίζειν
357 1211 452 1263 καὶ
471 1211 889 1282 φιλοτιμεῖσθαι,
913 1215 998 1278 τίς
1026 1217 1184 1270 πλέον
1207 1218 1430 1291 αὐξήσει
1459 1223 1557 1293 τὴν
1580 1225 1709 1278 ἀσέ-

121 1300 283 1353 6ειαν
324 1301 424 1371 τῆς
466 1303 748 1372 αἱρέσεως,
794 1307 888 1358 καὶ
930 1308 1128 1376 μᾶλλον
1180 1312 1346 1383 αὐτὴν
1383 1313 1544 1381 δείξει
1597 1316 1709 1388 (40)

119 1391 484 1463 γυμνότερον.
521 1395 630 1447 Καὶ
656 1395 755 1459 τὰς
789 1397 886 1466 μὲν
914 1399 1203 1466 ἐπιστολὰς
1229 1405 1408 1459 αὐτῶν
1436 1408 1536 1460 οὐκ
1554 1408 1710 1480 ἔσχον

121 1483 181 1535 ἐν
208 1483 437 1553 ἑτοίμῳ,
466 1483 604 1538 ὥστε
628 1487 722 1539 καὶ
748 1489 1097 1544 ἀποστεῖλαιο
1131 1494 1179 1546 εἰ
1221 1493 1264 1546 δ’
1306 1492 1399 1548 οῦν
1419 1538 1432 1560 ,
1465 1500 1559 1551 καὶ
1599 1502 1710 1580 (41)

120 1574 440 1645 ἀντίγραφα
469 1575 561 1628 καὶ
589 1577 770 1630 αὐτῶν
787 1579 915 1649 ὑμῖν
935 1579 1155 1652 ἔπεμψα
1181 1584 1245 1638 ἄν
1269 1602 1283 1614 θ
1309 1585 1475 1644 τοῦ,δέ
1505 1574 1710 1661 Κυρίού

117 1663 396 1730 θέλοντος,
420 1665 514 1719 ἐὰν
535 1668 823 1742 εὐπορήσω
841 1670 1110 1727 καὶτοῦτο
1131 1677 1356 1747 ποιήσω.
1380 1679 1488 1732 Καὶ
1518 1681 1705 1734 Ἀστέ-

1812 488 1900 541 nia
1923 504 1987 543 ex
2021 488 2131 545 Deo
2167 491 2474 546 dicuntur.»
2500 493 2584 545 Ab
2614 493 2708 548 illo
2743 495 2906 565 igitur
2933 496 3049 552 Arii
3081 508 3382 556 sectatores

1809 578 2048 634 didicere
2122 597 2332 647 vocem,
2397 598 2462 637 ex
2532 583 2664 650 Deo,
2733 586 2986 642 simulato
3039 590 3282 658 proferre
3327 603 3383 648 et

1808 671 1972 724 verba
1996 672 2214 740 quidem
2245 674 2444 739 dicere,
2485 690 2584 730 nec
2620 685 2800 732 tamen
2824 688 2970 734 recte
3011 683 3232 739 sentire.
3261 682 3381 754 Ipse

1808 776 1938 815 vero
1970 761 2234 833 Georgius
2257 765 2326 818 ab
2351 764 2679 831 Alexandro,
2729 784 2853 822 cum
2892 771 3014 826 aliis
3071 774 3137 828 de
3173 777 3376 842 causis,

1810 859 1923 904 tum
1956 855 2101 922 quod
2149 870 2266 910 sese
2320 855 2548 926 impium
2596 859 2877 914 exhiberet
2925 862 3209 932 depositus
3256 877 3376 937 est;

1808 942 2090 1011 presbyter
2117 943 2262 997 enim
2299 954 2438 1011 erat,
2467 946 2545 1000 uti
2572 962 2735 1017 supra
2767 947 2971 1004 dictum
2997 961 3099 1008 est.

1881 1123 1968 1178 l8.
1999 1122 2119 1180 Uno
2151 1126 2316 1181 verbo
2372 1127 2444 1182 ita
2502 1129 2579 1184 illi
2633 1131 2924 1201 scripsere,
2978 1140 3137 1207 quasi
3179 1142 3378 1214 singuli

1810 1223 2080 1270 certarent
2131 1225 2294 1287 atque
2348 1222 2760 1289 contenderent,
2811 1228 3065 1295 quisnam
3107 1232 3380 1292 haereseos

1812 1305 2140 1376 impietatem
2173 1309 2294 1378 plus
2316 1320 2558 1380 augeret,
2583 1323 2636 1368 et
2673 1317 2912 1385 apertius
2940 1334 3059 1375 eam
3088 1323 3378 1396 detegeret.

1809 1394 1983 1452 Porro
2013 1399 2270 1468 epistolas
2295 1401 2510 1456 illorum
2548 1419 2715 1472 penes
2745 1424 2832 1464 me
2880 1426 2991 1465 nou
3019 1394 3380 1480 habeo,ialio-

1811 1489 1944 1558 quin
1978 1505 2165 1546 earum
2223 1495 2551 1562 exemplaria
2589 1499 2742 1554 vobis
2777 1501 3074 1570 misissem,
3105 1508 3380 1565 missurus

1813 1597 1947 1638 sane
1993 1585 2038 1640 si
2071 1585 2181 1641 Deo
2228 1588 2444 1644 volente
2493 1601 2685 1648 nactus
2740 1593 2918 1651 fuero.
2977 1596 3108 1652 Item
3157 1603 3380 1672 quidam

1812 1673 2060 1731 Asterius
2083 1693 2150 1732 ex
2174 1677 2535 1749 Cappadocia,
2555 1684 2841 1756 multiceps
2863 1689 3127 1758 sophista,
3154 1708 3298 1747 unus
3314 1711 3382 1749 ex

118 1773 240 1827 ριος
270 1756 329 1809 δέ
355 1775 441 1820 τις
469 1759 575 1811 ἀπὸ
608 1761 1021 1828 Καππαδοκίας,
1042 1766 1410 1837 πολυκέφαλος
1428 1773 1694 1846 σοφιστὴς,

1809 1767 2156 1833 Eusebianis,
2191 1786 2314 1824 cum
2346 1773 2400 1826 in
2431 1772 2613 1842 priore
2669 1781 3051 1846 persecutione
3099 1784 3201 1837 sub
3234 1784 3379 1839 Cou—

114 1839 200 1908 εἷς
224 1844 302 1898 ὣν
336 1846 444 1900 τῶν
485 1848 610 1919 περὶ
642 1849 928 1920 Εὐσέϐιον,
960 1855 1142 1928 ἐπειδὴ
1168 1857 1337 1924 θύσας
1364 1863 1422 1914 ἐν
1459 1839 1537 1934 τῷ
1569 1839 1704 1940 προ-

115 1937 266 2008 τέρῳ
287 1937 532 2009 διωγμῷ,
550 1939 627 2010 τῷ
655 1940 793 1994 κατᾶ
819 1943 908 1996 τὸν
934 1946 1155 2000 πάππον
1190 1950 1585 2021 Κωνσταντίου,
1605 1957 1703 2010 ούκ

113 2024 355 2094 ἠδύνατο
400 2029 530 2098 παρ’
565 2029 744 2083 αὐτῶν
783 2033 864 2096 είς
905 2033 1105 2106 κλῆρον
1157 2040 1518 2112 προαχθῆναι,
1559 2048 1704 2098 ποιεῖ

118 2116 267 2186 μετά
323 2117 549 2191 γνώμης
606 2119 716 2174 τῶν
770 2124 898 2196 περὶ
946 2126 1205 2182 Εὐσέϐιον
1263 2132 1658 2204 συνταγμάτιον
1685 2177 1700 2200 ,

114 2212 305 2266 ὁποῖον
337 2213 437 2282 μὲν
461 2213 648 2285 ἤθελον
667 2216 821 2270 αὐτοί
844 2233 858 2246 ·
887 2217 998 2271 ἴσον
1022 2219 1079 2272 δὲ
1105 2220 1181 2290 τῷ
1195 2224 1294 2293 τῆς
1320 2223 1509 2288 θυσίας
1535 2226 1699 2279 αὑτοῦ

113 2302 431 2375 τολμήματι
453 2320 465 2332 ·
493 2307 552 2358 ἐν
579 2307 687 2378 γὰρ
715 2308 887 2380 τούτῳ
906 2309 1002 2381 τὴν
1019 2311 1214 2383 ἀκρίδα
1233 2314 1326 2366 καὶ
1355 2314 1450 2386 τὴν
1472 2317 1699 2390 κάμπην

110 2394 192 2466 τῷ
228 2395 455 2468 Χριστῷ
491 2401 803 2473 συγκρίνας,
829 2403 1026 2473 μᾶλλον
1054 2403 1112 2456 δὲ
1136 2410 1480 2478 προτιμήσας
1509 2412 1695 2476 αὐτοῦ,

110 2487 208 2542 κα).
234 2488 413 2559 λέγων
444 2490 611 2562 ἄλλην
640 2488 780 2547 εἶναι
813 2497 965 2567 παρὰ
986 2497 1077 2550 τὸν
1107 2499 1340 2570 Χριστὸν
1367 2502 1426 2554 ἐν
1467 2502 1546 2574 τῷ
1580 2504 1697 2576 Θεῷ

111 2579 334 2649 σοφίαν,
355 2582 454 2652 τὴν
469 2581 560 2634 τοῦ
575 2584 810 2654 Χριστοῦ
830 2588 924 2639 καὶ
939 2585 1032 2641 τοῦ
1054 2589 1258 2659 κόσμου
1279 2590 1694 2666 δημιουργικὴν,

109 2674 449 2745 περιήρχετο
468 2675 565 2739 τὰς
580 2677 637 2729 ἐν
654 2680 718 2748 τῇ
743 2678 912 2751 Συρίᾳ
928 2680 1023 2734 καὶ
1043 2682 1140 2745 τὰς
1156 2682 1320 2747 ἄλλας
1348 2685 1692 2758 Ἐκκλησίας,

108 2764 256 2818 κατὰ
295 2765 549 2820 σύστασιν
573 2767 682 2821 τῶν
713 2771 841 2842 περὶ
897 2771 1176 2828 Εύσέὸιονο
1208 2775 1295 2828 ἵνα
1347 2775 1492 2844 ἅπαξ
1517 2779 1698 2848 ἀρνεῖ-

110 2856 238 2911 σθαι
270 2857 593 2928 μελετήσπς,
625 2859 764 2915 οὕτω
796 2863 890 2916 καὶ
917 2863 1013 2918 νῦν
1061 2864 1391 2938 θρασύνηται
1415 2869 1554 2923 κατά
1597 2872 1696 2942 τῆς

107 2947 398 3019 ἀληθείας.
443 2953 757 3008 Ἐπέϐαινεν
788 2951 881 3010 οῦν
907 2960 985 3024 είς
1012 2960 1140 3024 τοὺς
1169 2961 1244 3033 μὴ
1282 2961 1401 3027 ἐξὸν
1432 2964 1578 3036 αὐτῷ
1602 2966 1693 3018 τό·
1747 2950 1749 2952 ’

1805 1859 1992 1913 stantii
2014 1875 2115 1914 avo
2141 1861 2246 1916 diis
2273 1864 2656 1934 sacriﬁcasset,
2707 1885 2810 1924 nec
2865 1882 3051 1940 posset
3091 1875 3160 1928 ab
3184 1876 3290 1932 illis
3321 1879 3377 1932 in

1804 1951 2009 2006 clerum
2037 1957 2313 2024 cooptari;
2347 1973 2414 2012 ex
2445 1961 2714 2016 sententia
2767 1961 3202 2022 Eusebianorum
3236 1985 3375 2039 opu-

1802 2043 2013 2098 sculum
2039 2045 2229 2112 edidit,
2282 2063 2472 2104 eorum
2521 2052 2750 2108 arbitrio
2794 2058 3184 2128 conscriptum,
3227 2065 3372 2132 quod

1801 2135 2054 2190 sacrificii
2078 2137 2199 2206 ejus
2255 2139 2434 2195 scelus
2483 2152 2774 2213 aequaret:
2825 2146 2880 2201 in
2933 2148 3028 2205 illo
3069 2151 3216 2207 enim
3247 2170 3370 2209 cum

1800 2225 2066 2282 locustam
2103 2237 2157 2283 et
2179 2243 2400 2284 erucam
2431 2231 2653 2289 Christo
2695 2238 3037 2310 contulisset,
3098 2242 3208 2298 imo
3232 2261 3373 2315 prae-

1800 2318 2031 2380 tulisset,
2060 2334 2123 2373 ac
2149 2320 2356 2376 diceret
2393 2323 2557 2379 aliam
2609 2341 2732 2382 esse
2789 2329 2844 2383 in
2882 2329 2994 2386 Deo
3045 2335 3369 2404 sapientiam

1797 2418 1992 2477 praeter
2023 2407 2322 2477 Christum,
2349 2429 2469 2483 quae
2496 2423 2550 2470 et
2581 2415 2782 2472 Christi
2816 2426 2870 2475 et
2898 2423 3086 2478 mundi
3137 2429 3371 2484 creatrix

1797 2509 1965 2566 esset,
2009 2500 2182 2572 Syriae
2251 2501 2526 2561 Ecclesias
2593 2505 2862 2579 aliasque,
2933 2511 3370 2576 Eusebianorum

1797 2593 2266 2648 commendatione
2289 2594 2450 2666 585
2475 2595 2668 2661 fretus,
2701 2599 2966 2657 circuibat
2998 2623 3011 2657 :
3043 2616 3100 2660 ut
3124 2609 3251 2677 quia
3281 2626 3370 2666 se-

1797 2683 1902 2736 mel
1933 2682 2216 2739 Christum
2245 2686 2517 2758 abnegare
2539 2703 2829 2759 aggressus
2877 2692 3090 2762 fuerat,
3120 2698 3192 2753 ita
3227 2717 3373 2757 nunc

1795 2791 2014 2849 quoque
2080 2776 2343 2833 adversus
2397 2780 2677 2834 veritatem
2741 2782 3006 2841 audacius
3047 2789 3368 2862 insurgeret.

1795 2869 1971 2926 Homo
1991 2871 2080 2926 ille
2111 2885 2242 2926 sane
2284 2871 2684 2930 audacissimus
2729 2874 2783 2928 in
2823 2893 2946 2946 qua:
2992 2879 3112 2936 loca
3142 2883 3246 2938 sibi
3290 2887 3374 2940 in-

1794 2962 1940 3032 gredi
1970 2977 2078 3016 non
2113 2962 2300 3016 liceret
2321 2953 2441 3018 sese
2465 2963 2711 3029 immisit,
2739 2973 2793 3020 et
2816 2966 2871 3021 in
2901 2969 3223 3027 clericorum
3252 2976 3371 3032 loco

107 3056 254 3104 πους
282 3043 312 3094 6
340 3043 518 3098 πάντα
538 3045 828 3120 τολμηρὸς,
890 3049 986 3103 καὶ⁹
1043 3053 1122 3116 είς
1149 3053 1239 3106 τὸν
1283 3055 1390 3108 τῶν
1418 3055 1693 3128 κληρικῶν

1801 3055 1992 3109 sedens
2050 3055 2372 3124 opusculum
2413 3057 2630 3124 publice
2675 3057 2906 3126 legebat,
2930 3065 3145 3121 czeteris
3189 3077 3369 3123 tamen

105 3131 283 3186 τόπον
329 3133 719 3207 καθεζόμενος,
775 3141 1107 3209 ἀνεγίνωσκε
1160 3144 1396 3219 δημοσίᾳ
1451 3149 1512 3202 τὸ
1573 3168 1694 3203 συν-

1801 3159 1911 3199 rem
1939 3144 2158 3216 indigne
2197 3144 2517 3202 ferentibus.
2567 3146 2734 3202 Multa
2791 3161 2940 3206 certe
2993 3157 3372 3226 complectitur

104 3225 440 3296 ταγμάτιον,
470 3229 646 3283 καίτοι
687 3230 798 3284 τῶν
824 3232 998 3288 ἄλλων
1023 3236 1582 3310 δυσανασχετούντων
1606 3243 1693 3297 ἐπ’

103 3316 282 3387 αὐτῷ.
319 3319 430 3370 Καὶ
445 3319 506 3373 τὸ
534 3322 632 3392 μὲν
666 3325 1064 3396 συνταγμάτιον
1101 3328 1188 3382 διὰ
1211 3330 1419 3384 πολλῶν
1451 3333 1566 3387 ἐστι
1597 3351 1694 3402 γε-

104 3409 457 3480 γραμμένον.
486 3413 645 3485 Μέρη
667 3414 724 3468 δὲ
750 3415 915 3470 αὐτοῦ
948 3419 1064 3472 ἐστι
1102 3420 1294 3474 ταῦτα·
1332 3441 1351 3473 ι
1385 3425 1460 3476 Οὐ
1484 3425 1592 3495 γὰρ
1618 3422 1694 3479 εἷ-

83 3479 274 3552 ’πενίὸ
295 3501 564 3574 μακάριος
579 3479 805 3569 ’Παῦλος
824 3507 1060 3578 Χριστὸν
1097 3511 1392 3582 κηρύσσειν
1423 3479 1522 3586 τὴν
1555 3479 1692 3571 ίδίαν

105 3591 280 3644 αὐτοῦ
307 3591 555 3664 δύναμιν,
604 3597 638 3669 ἦ
689 3596 787 3670 τὴν
829 3601 1020 3670 σοφίαν
1072 3604 1258 3670 αὐτοῦ,
1310 3608 1553 3662 τουτέστι
1595 3610 1689 3663 τοῦ

106 3680 267 3747 Θεοῦ,
300 3683 437 3736 ἀλλά
465 3684 587 3756 δίχα
611 3686 714 3758 τῆς
770 3691 1108 3763 προσθήκης,
1157 3694 1385 3768 δύναμιν
1416 3697 1551 3752 Θεοῦ
1598 3700 1692 3754 καί

106 3771 241 3824 Θεοῦ
275 3773 490 3842 σοφίαν·
542 3775 708 3848 ἀλλην
739 3778 839 3848 μὲν
873 3775 1010 3834 εἶναι
1064 3781 1162 3854 τὴν
1221 3783 1356 3840 ἰδίαν
1402 3787 1565 3842 αὐτοῦ
1595 3789 1689 3842 τοῦ

106 3863 242 3916 Θεοῦ
277 3863 527 3936 δύναμιν,
561 3867 658 3939 τὴν
687 3867 924 3940 ἔμφυτον
944 3873 1095 3944 αὐτῷ
1118 3876 1214 3930 καὶ
1241 3879 1689 3951 συνυπάρχουσαν

107 3953 260 4025 αύτῷ
299 3957 580 4028 ἀγενήτως
610 3959 745 4031 (42),
774 3963 1089 4034 κηρύσσωνο
1121 3969 1443 4042 γεννητικὴν
1479 3972 1578 4042 μὲν
1603 3969 1692 4027 οῦ-

106 4067 228 4116 σαν,
296 4051 537 4122 δηλονότι
583 4057 677 4110 τοῦ
739 4060 998 4130 Χριστοῦ,
1051 4063 1445 4139 δημιουργικὴν
1489 4067 1546 4120 δὲ
1595 4067 1688 4120 τοῦ

104 4153 313 4218 παντὸς
333 4155 562 4227 κόσμου·
598 4159 726 4231 περὶ
751 4155 818 4232 ἧς
848 4163 908 4216 ἐν
928 4166 994 4236 τῇ
1031 4165 1168 4237 πρὸς
1207 4167 1507 4238 Ῥωμαίους
1538 4171 1692 4224 Ἐπι-

104 4257 267 4327 στολῇ
288 4257 554 4314 διδάσκων
578 4261 752 4332 ἔλεγε·
789 4282 808 4316 ι
844 4264 928 4318 Τά
972 4267 1078 4338 γὰρ
1126 4268 1332 4340 ἀόρατα
1385 4270 1549 4326 αὐτοῦ
1583 4273 1692 4326 ἀπὸ

110 4375 129 4404 ε
171 4359 410 4422 κτίσεως
430 4360 634 4432 κόσμου
650 4367 763 4428 τοῖς
792 4367 1060 4439 ποιήμασι
1075 4369 1339 4441 νοούμενα
1369 4372 1686 4445 καθορᾶται,

107 4479 126 4511 ι
166 4463 202 4534 ἥ
220 4480 285 4515 τε
301 4463 471 4529 ἀΐδιος
493 4465 659 4519 αὐτοῦ
687 4466 918 4539 δύναμις
932 4475 1027 4523 καὶ
1048 4469 1277 4544 θειότης.
1308 4493 1326 4522 ι
1347 4474 1556 4546 Ὥσπερ
1581 4474 1690 4548 γὰρ

102 4564 200 4636 τὴν
230 4565 532 4637 εἰρημένην
569 4568 818 4622 ἐνταυθοῖ
861 4569 1090 4643 θεότητα
1145 4573 1246 4626 ούκ
1297 4574 1363 4628 ἄν
1418 4593 1502 4639 τις
1553 4577 1688 4648 φαίη

103 4663 344 4732 Χριστὸν
366 4660 529 4729 εἶναι,
561 4667 677 4720 ἀλλ’
700 4669 862 4722 αὑτὸν
909 4669 1177 4744 ὑπάρχειν
1205 4671 1294 4726 τὸν
1324 4673 1564 4745 Πατέρα·
1597 4668 1658 4729 οῦ
1676 4706 1692 4718 -

102 4787 229 4834 τως,
249 4765 424 4840 οἶμαι,
443 4772 536 4826 καὶ¹
557 4774 591 4843 ἡ
608 4771 718 4843 (43)
734 4773 902 4838 ἀΐδιος
923 4775 1084 4828 αὑτοῦ
1107 4775 1334 4848 δύναμις
1356 4779 1454 4850 οὐχ
1485 4781 1512 4833 ὁ
1538 4798 1692 4851 μονο-

103 4869 271 4940 γενὴς
303 4866 458 4932 Θεὸς,
481 4868 595 4921 ἀλλ’
620 4869 651 4920 ὁ
678 4871 946 4942 γεννήσας
971 4871 1208 4944 ὑπάρχει
1236 4874 1452 4945 Πατήρ.
1490 4875 1690 4948 ’Ἄλλην

101 4965 412 5038 δὲδύναμιν
456 4966 551 5020 καὶ
600 4967 793 5038 σοφίαν
823 4968 1063 5024 διδάσκει
1110 4969 1269 5034 Θεοῦ,
1303 4972 1402 5043 τὴν
1453 4973 1541 5026 διὰ
1594 4973 1688 5026 τοῦ

169 5081 192 5113 ⁸
222 5080 389 5135 Rom.
423 5098 462 5148 ι,
492 5081 584 5138 20.

173 5173 290 5244 (38)
331 5172 534 5244 Regius
563 5183 619 5228 et
648 5174 835 5240 Basil.,
867 5176 962 5229 καὶ
990 5175 1057 5229 δι’
1083 5175 1236 5230 ἄλλα.

174 5244 291 5316 (:59)
335 5243 393 5316 In
423 5243 553 5316 edit.
578 5244 753 5316 Paris.
775 5245 1008 5316 majusc.
1035 5246 1226 5302 litteris
1249 5246 1506 5316 scriptum
1529 5257 1644 5302 erat
1669 5267 1682 5302 :

103 5315 290 5388 Ταῦτα
330 5315 441 5388 ίτῇς
474 5314 874 5388 Ἀλεξανδρείας
926 5316 1306 5388 πρεσϐύτεροι,
1337 5314 1457 5386 quae
1489 5318 1687 5372 desunt

102 5385 154 5438 in
186 5375 623 5439 edithommel:
647 5394 702 5439 et
725 5375 789 5439 'in
818 5375 1071 5440 omnibus
1102 5375 1232 5442 mss.
1264 5375 1457 5442 Latina
1494 5403 1625 5442 vero
1663 5407 1678 5442 :

103 5455 232 5528 Ηφδ
275 5455 563 5524 presbyteri
609 5455 1045 5528 Alemandrini,_a
1087 5457 1346 5528 GounmeI.
1395 5473 1678 5528 perperam

101 5527 311 5595 adjecta
341 5532 488 5595 sunt,
522 5539 648 5579 cum
699 5527 752 5578 in
809 5525 1084 5594 prioribus
1129 5526 1341 5582 Latinis
1375 5525 1534 5582 editis
1569 5544 1674 5582 non

102 5593 399 5650 exstarent.
439 5593 626 5649 Graeca
653 5611 682 5649 a
709 5593 1114 5652 Parisiensibus
1149 5598 1330 5652 addita
1369 5608 1514 5653 sunt.

171 5667 285 5724 (4'0)
326 5665 550 5734 Regius,
590 5665 758 5740 δείξῃ.

417 5763 688 5820 ΡΑτιιοι.
720 5764 836 5821 Gn.
879 5765 924 5822 Χ
941 5765 1102 5824 ΧΠ.

1796 3233 2124 3302 opusculum
2156 3233 2286 3287 illud
2315 3251 2329 3287 :
2362 3234 2522 3304 cujus
2549 3235 2666 3291 haec
2705 3253 2834 3307 pars
2860 3249 2981 3295 est:
3020 3261 3040 3294 ι
3073 3242 3190 3299 Νοη
3223 3250 3366 3303 enim

1794 3325 1870 3381 ait
1905 3325 2097 3381 beatus
2127 3325 2329 3382 Paulus
2361 3341 2419 3382 se
2441 3327 2720 3383 Christum
2745 3333 3063 3400 praedicare,
3095 3341 3366 3409 propriam

1794 3410 2070 3478 virtutem,
2126 3421 2222 3467 aut
2281 3415 2603 3484 sapientiam
2650 3417 2790 3486 ejus,
2853 3421 3060 3478 scilicet
3093 3425 3208 3492 Dei,
3273 3432 3366 3485 sed

1793 3503 1911 3558 sine
1931 3504 2323 3571 additamenta,
2355 3505 2451 3560 Dei
2481 3508 2760 3577 virtutem,
2804 3521 2859 3566 et
2887 3511 2981 3568 Dei
3005 3517 3363 3586 sapientiam:

1794 3595 1996 3650 docens
2059 3597 2220 3650 aliam
2274 3598 2490 3667 quidem
2550 3615 2673 3656 esse
2720 3605 2993 3673 propriam
3045 3609 3216 3678 ipsius
3273 3612 3365 3668 Dei

1793 3685 2070 3746 virtutem.
2125 3689 2226 3758 ipsi
2279 3690 2544 3756 innatam,
2614 3706 2723 3764 non
2776 3693 2977 3750 factam
3005 3711 3058 3752 et
3089 3716 3212 3754 cum
3248 3703 3366 3773 ipso

1791 3779 2140 3832 exsistentem
2167 3795 2290 3848 quae
2324 3782 2560 3850 genitrix
2585 3791 2688 3849 est,
2711 3783 2913 3840 Christi
2955 3789 3183 3857 scilicet,
3209 3810 3369 3850 crea-

1792 3869 1895 3923 trix
1915 3885 2045 3925 vero
2075 3872 2242 3927 totius
2271 3873 2458 3928 mundi
2492 3893 2505 3928 :
2536 3876 2602 3930 de
2637 3891 2743 3945 qua
2771 3879 2824 3931 in
2863 3877 3104 3949 Epistola
3139 3884 3206 3939 ad
3253 3885 3364 3940 Ro-

1791 3977 1985 4018 manos
2021 3981 2034 4016 :
2070 3982 2088 4014 ι
2127 3963 2426 4020 lnvisibilia
2459 3969 2601 4021 enim
2651 3969 2845 4038 ipsius,
2896 3972 3094 4043 inquit,
3131 3992 3162 4031 a
3211 3993 3367 4034 crea-

1797 4071 1815 4103 ‹
1863 4061 1983 4106 tura
2018 4055 2227 4119 mundi,
2252 4071 2348 4126 per
2377 4073 2440 4112 ea
2456 4075 2577 4129 quae
2600 4059 2736 4116 facta
2766 4072 2914 4125 sunt,
2937 4065 3206 4124 intellecta
3234 4086 3366 4126 con-

1797 4165 1816 4197 α
1861 4145 2195 4215 spiciuntur:
2217 4149 2546 4220 sempiterna
2565 4169 2784 4224 quoque
2807 4155 2926 4226 ejus
2940 4158 3126 4215 Virtus
3152 4173 3206 4216 et
3226 4162 3366 4216 divi-

1796 4257 1815 4290 ‹
1862 4241 2004 4296 nitas
2031 4243 2070 4294 ³.
2109 4262 2128 4294 ι
2170 4241 2324 4299 Sicut
2347 4244 2490 4300 enim
2528 4259 2882 4305 memoratam
2914 4251 3004 4308 hic
3025 4253 3363 4313 divinitatem

1791 4349 1952 4388 nemo
1983 4335 2177 4390 dixerit
2221 4335 2502 4393 CbristtJm
2546 4355 2704 4406 esse,
2756 4343 2848 4398 sed
2885 4343 3062 4413 ipsum
3118 4361 3238 4402 esse
3261 4347 3364 4403 Pa-

1719 4438 1764 4490 ῐ)
1795 4433 1930 4478 trem
1963 4443 1979 4492 ;
2016 4425 2095 4480 sic
2140 4433 2292 4495 puto,
2317 4428 2704 4497 sempiternam
2761 4430 2879 4501 ejus
2925 4432 3202 4501 virtutem,
3252 4454 3363 4494 non

1797 4516 2130 4587 unigenitum
2153 4518 2344 4584 Deum,
2370 4521 2463 4574 sed
2493 4535 2618 4576 eum
2647 4522 2738 4592 qui
2765 4525 2951 4593 genuit
2983 4524 3194 4582 Patrem
3217 4544 3358 4586 esse.

1787 4608 1964 4662 Aliam
1993 4624 2121 4663 vero
2151 4608 2244 4664 Dei
2277 4611 2531 4666 virtutem
2559 4621 2614 4668 et
2641 4615 2962 4684 sapientiam
3016 4618 3192 4687 docet,
3237 4636 3361 4690 qua:

1789 4701 1997 4754 scilicet
2035 4715 2130 4770 per
2156 4701 2436 4757 Christum
2465 4704 2774 4772 exhibetur,
2842 4716 2897 4763 et
2927 4724 3025 4778 per
3051 4710 3168 4780 ipsa
3197 4713 3360 4767 mini-

1789 4790 1938 4844 sterii
1975 4790 2093 4861 ejus
2115 4805 2281 4860 opera
2303 4795 2675 4863 cognoscitur.
2711 4813 2730 4847 ›
2791 4795 2857 4851 Ει
2887 4813 3107 4853 rursum
3142 4817 3156 4852 :
3196 4818 3215 4851 ι
3240 4799 3360 4856 Etsi

1787 4884 2117 4952 sempiterna
2142 4883 2262 4954 ejus
2282 4885 2457 4942 virtus
2475 4896 2528 4941 et
2556 4889 2842 4960 sapientia,
2865 4907 3030 4961 quam
3058 4893 3176 4948 sine
3204 4896 3358 4962 prin-

1785 4975 1930 5046 cipio
1957 4985 2010 5030 et
2052 4977 2397 5046 generatione
2440 4993 2582 5044 esse,
2637 4980 2884 5036 veritatis
2938 4983 3222 5040 ratiocinia
3263 4985 3358 5041 de-

1853 5178 1965 5255 (tl)
2003 5178 2074 5255 In
2098 5177 2266 5255 Regio
2299 5179 2653 5255 xqi‘deletum
2687 5192 2792 5255 est.
2840 5181 2945 5238 Sed
2989 5184 3082 5236 καί
3119 5199 3354 5255 sequens

1783 5250 1966 5323 potius
1991 5250 2278 5323 delendum
2317 5250 2559 5323 videtur.
2581 5250 2897 5323 De_Asterio
2926 5263 3105 5308 autem
3143 5250 3210 5308 et'
3234 5259 3354 5323 ejus

1783 5320 2000 5394 scriptis
2031 5320 2153 5375 vide
2197 5335 2363 5389 supra
2391 5322 2446 5375 in
2480 5321 2706 5394 epistola
2733 5321 2806 5377 De
2835 5325 3069 5380 decretis
3091 5320 3351 5391 Nicasius,

1781 5405 2245 5532 p.(1§;’.$ic_ﬁeg.
2280 5457 2695 5532 et_Basit.gEditi
2728 5477 2857 5518 vero
2885 5465 3215 5532 ἀγεννήτως.

1871 5529 2068 5605 ρδλιω
2094 5530 2228 5605 Reg.
2251 5539 2303 5583 et
2331 5529 2583 5605 Basilaln
2605 5532 2834 5605 _editisj
2861 5529 3035 5605 deest.
3069 5529 3190 5590 Mox
3218 5534 3354 5599 Reg.

1774 5607 1828 5722 Et
1847 5601 2046 5722 fasi,
2081 5601 2178 5670 οὐχ
2207 5603 2236 5654 6
2271 5602 2563 5673 μονογενὴς
2592 5601 2743 5668 Θεός.
2774 5601 2937 5673 Editi,
2961 5605 3063 5676 ούχ
3088 5606 3355 5679 ὁμογενὴς

1819 5687 1841 5722 ε
1878 5688 1924 5722 ε.
3188 5718 3194 5722 ·

1773 5670 1924 5733 Θεός.
2520 5670 2530 5673 ’
2923 5670 2930 5673 ⁷
3031 5670 3063 5676 Π
3122 5670 3134 5677 ’
3187 5718 3194 5727 -

3022 5773 3098 5832 23
