3822 6226
420 225 482 280 Ἠ
496 221 529 281 ’Ξ

1019 223 1075 277 S.
1115 219 1486 276 ATHANASII
1529 219 1680 277 OPP.
1717 221 1898 277 PARS
1932 221 1972 276 Ι.
2014 251 2082 261 -
2121 217 2496 274 HISTORICA
2530 218 2617 273 ET
2657 217 3081 275 DOGMATICA.

3563 222 3672 276 716

421 349 648 409 elarant,
686 359 794 398 una
813 343 1110 412 eademque
1137 343 1282 396 haud
1331 343 1496 397 dubie
1551 344 1612 396 tit
1645 361 1658 396 :
1691 343 1876 398 multae
1909 353 1980 398 ta-

2091 342 2324 412 Χριστοῦ
2343 342 2694 413 δεικνυμένην
2722 342 2985 414 δηλονότι,
3005 344 3098 396 καὶ
3124 341 3211 395 διὰ
3230 341 3336 394 τῶν
3367 341 3543 414 ἔργων
3579 344 3676 396 αύ-

418 455 544 496 meu
573 435 883 507 singulatim
911 430 978 487 ab
1006 448 1071 488 eo
1098 443 1292 489 creatae
1321 437 1468 500 sunt,
1509 450 1741 504 quarum
1770 436 1988 505 .primo-

419 529 654 598 genitus,
688 523 1000 593 unigeniths
1031 521 1415 586 est'Christus,
1445 535 1566 590 qum
1597 521 1816 590 quidem
1868 537 1987 574 om-

419 637 518 679 nes
542 637 572 675 a
593 631 908 689 possessore
936 615 1192 682 pendent,
1220 622 1272 667 et
1301 628 1493 668 omnes
1518 612 1688 682 ipsius
1709 612 1988 667 Creatoris

419 713 512 784 qui
543 707 649 766 illis
681 709 870 770 utit'ur,
902 707 1130 760 virtutes
1155 705 1281 775 jure
1314 696 1987 775 appellantur.'Ejusntodi

418 814 504 863 est
533 804 676 875 quod
705 801 967 872 propheta
995 799 1261 854 locustam
1285 799 1339 852 in
1373 812 1589 867 ptenam
1619 797 1986 851 humanorum

417 897 683 954 scelerum
719 892 979 949 divinitus
1008 891 1334 954 immissam,
1368 905 1477 942 non
1500 888 1590 942 Dei
1619 889 1871 942 virtutem
1897 904 1988 943 so-

415 990 552 1055 lum,
581 987 674 1042 sed
709 994 964 1056 magnam
990 983 1244 1038 virtutem
1272 983 1340 1038 ab
1392 982 1512 1052 ipso
1543 981 1652 1037 Deo
1689 983 1872 1038 vocari
1904 983 1987 1036 di-

417 1082 492 1136 cit
515 1081 558 1135 '-‘.
584 1080 780 1134 Beatus
809 1087 990 1132 autem
1022 1076 1193 1131 David
1227 1076 1292 1130 in
1306 1077 1585 1146 plerisque
1625 1076 1983 1145 psalmorum,

416 1172 778 1242 n'on'angelus
810 1171 984 1224 solum
1043 1167 1137 1224 sed
1188 1178 1242 1222 et
1272 1152 1514 1222 'virtutes
1558 1167 1726 1222 Deum
1763 1168 1986 1222 laudare

411 1266 588 1336 jubet,
621 1276 674 1318 et
703 1277 894 1317 omnes
938 1259 1007 1314 ad
1058 1261 1320 1329 hymnum
1361 1259 1760 1314 concinendum
1800 1261 1981 1314 horta.

414 1368 503 1413 tur
539 1376 552 1413 :
587 1371 817 1427 quarum
851 1353 1254 1408 multitudinem
1277 1351 1535 1414 declarat,
1571 1367 1772 1421 easque
1821 1353 1982 1406 mini-

414 1461 559 1507 Stros
611 1450 705 1504 Dei
737 1461 932 1502 vocare
965 1461 1074 1500 non
1106 1445 1305 1512 renuit,
1343 1459 1408 1499 ac
1453 1445 1596 1500 illius
1651 1445 1982 1499 voluntatem

410 1539 592 1594 facere
620 1540 828 1593 docet.»

2093 435 2199 487 τῶν
2231 434 2328 505 τῆς
2351 433 2620 496 διακονίας
2649 433 2811 486 αὐτοῦ
2841 431 3300 504 γνωριζομένην.»
3349 433 3457 486 Καὶ
3483 433 3670 486 πάλιν·

2101 544 2120 577 ι
2151 525 2406 593 Καίτοιγε
2433 528 2465 590 ἡ
2498 527 2594 596 μὲν
2625 525 2790 588 ἀΐδιος
2815 525 2980 579 αὑτοῦ
3013 524 3241 595 δύναμις
3282 525 3376 578 καὶ
3405 526 3676 597 σοφία,ήν

2062 676 2065 681 ,
2094 617 2327 688 άναρχόν
2353 634 2413 669 τε
2444 619 2535 670 καὶ
2567 617 2858 688 ἀγέννητον
2895 617 3004 688 (HI)
3042 618 3090 669 οἱ
3141 617 3237 687 τῆς
3271 616 3526 687 ἀληθείας
3548 619 3681 670 ἀπο-

2096 709 2374 778 φαίνονται
2407 701 2675 778 λογισμοὶ,
2711 708 2809 779 μία
2828 707 2894 762 ἂν
2919 708 3005 780 εἴη
3035 707 3300 779 δήπουθεν
3326 709 3417 761 καὶ
3446 711 3480 777 ἡ
3510 709 3674 777 αύτή’

2091 800 2284 853 πολλαὶ
2306 800 2363 852 δὲ
2383 802 2435 852 αί
2468 799 2587 853 καθ’
2614 800 2841 854 ἕκαστον
2897 799 3179 854 ὑπἀὐτοῦ
3235 800 3557 864 κτισθεῖσαι,
3600 795 3677 854 ὧν

2091 892 2440 964 πρωτότοκος
2470 891 2565 943 καλ¹
2601 891 2896 962 μονογενὴς
2919 894 2946 945 6
2970 892 3223 962 Χριστόςο
3278 894 3449 947 πᾶσαί
3475 911 3540 962 γε
3569 893 3678 965 μὴν

2088 985 2307 1056 ὁμοίως,
2349 988 2428 1048 είς
2456 985 2548 1037 τὸν
2587 984 2921 1056 κεκτημένον
2972 985 3326 1054 ἀνήρτηνται,
3373 986 3466 1038 καὶ⁵
3499 988 3675 1038 πᾶσαι

2087 1079 2144 1129 αί
2169 1076 2278 1147 (45)
2302 1076 2559 1146 δυνάμεις
2596 1074 2760 1127 αὐτοῦ
2795 1074 2888 1126 τοῦ
2916 1075 3203 1139 κτίσαντος
3247 1079 3342 1129 καὶ
3383 1079 3674 1148 χρωμένου

2087 1167 2375 1222 καλοῦνται
2405 1167 2647 1230 δικαίως·
2685 1162 2796 1220 οἷον
2827 1170 2855 1220 6
2896 1167 2994 1238 μὲν
3018 1159 3300 1239 προφήτης
3337 1171 3433 1238 τὴν
3477 1171 3678 1242 ἀκρίδα

2085 1259 2241 1329 δίκην
2269 1259 2377 1312 τῶν
2400 1259 2752 1330 ἀνθρωπίνων
2783 1260 3196 1331 ἁμαρτημάτων
3243 1260 3504 1332 θεήλατον
3539 1278 3680 1330 γινο-

2091 1351 2258 1422 μένην
2291 1353 2351 1406 οὐ
2380 1351 2606 1421 δύναμιν
2639 1352 2800 1421 μόνον
2827 1352 2984 1413 Θεοῦ,
3013 1352 3147 1405 ἀλλά
3180 1354 3272 1406 καὶ
3315 1354 3556 1425 μεγάλην
3577 1373 3678 1425 φη-

2092 1445 2176 1496 σὶν
2202 1444 2291 1496 ὑπ’
2343 1443 2504 1496 αὐτοῦ
2546 1444 3048 1514 προσαγορεύεσθαι
3109 1446 3201 1498 τοῦ
3256 1446 3411 1499 Θεοῦ·
3443 1448 3472 1499 6
3499 1447 3554 1498 δέ
3607 1464 3675 1515 γε

2098 1537 2360 1606 μακάριος
2392 1536 2560 1589 Δαὸὶδ
2588 1537 2645 1588 ἐν
2674 1535 2880 1588 πλείοσι
2935 1536 3043 1590 τῶν
3097 1537 3328 1608 ψαλμῶν
3365 1540 3464 1591 οὐκ
3503 1540 3676 1606 ἀγγέ-

411 1634 526 1696 λοις
565 1632 740 1702 μόνον,
766 1627 899 1682 ἀλλὰ
921 1629 1014 1682 καὶ
1043 1627 1333 1696 δυνάμεσιν
1353 1628 1530 1679 αἰνεῖν
1559 1625 1993 1696 παρακελεύεται
2028 1626 2118 1678 τὸν
2151 1627 2281 1680 Θεὸν
2308 1643 2322 1656 ·
2359 1626 2453 1679 καὶ
2486 1626 2664 1689 πάσας
2704 1642 2767 1692 γε
2820 1627 2913 1678 ἐπὶ
2973 1627 3063 1681 τὸν
3093 1626 3259 1698 ὕμνον
3316 1627 3676 1699 παρακαλῶν,

412 1729 509 1778 καὶ
551 1719 613 1777 τὸ
660 1721 862 1792 πλῆθος
893 1719 1208 1790 παρίστησι,
1239 1718 1333 1770 καὶ
1355 1719 1698 1789 λειτουργοὺς
1720 1717 1853 1770 Θεοῦ
1888 1718 2070 1771 καλεῖν
2109 1720 2168 1772 ού
2213 1721 2560 1789 παραιτεῖται
2592 1757 2606 1782 ,
2667 1719 2760 1771 καὶ
2815 1721 2988 1772 ποιεῖν
3040 1719 3204 1772 αὑτοῦ
3251 1719 3313 1772 τὸ
3347 1719 3558 1790 θέλημα
3598 1721 3678 1775 δι-

412 1816 620 1871 δάσκει.
635 1832 654 1864 ›

484 1909 572 1964 19.
603 1907 727 1960 llaec
772 1913 962 1960 contra
999 1901 1337 1956 salvatorem
1396 1915 1584 1964 ausus,
1639 1915 1748 1954 non
1782 1900 1870 1954 hic
1902 1908 1980 1954 ta-

2154 1902 2240 1956 19.
2267 1900 2502 1954 Τοιαῦτα
2533 1900 2804 1973 τολμήσας
2855 1901 2994 1956 κατά
3034 1901 3128 1956 τοῦ
3171 1903 3421 1974 Σωτῆρος
3443 1905 3542 1958 οὐκ
3564 1907 3670 1976 ἡρ-

413 2017 537 2056 men
562 1997 784 2055 sceleris
812 1997 984 2062 stetit,
1036 1995 1134 2050 sed
1193 1993 1367 2064 magis
1413 1993 1696 2062 magisque
1729 1992 1981 2062 blasphe-

411 2094 552 2147 mias
579 2089 800 2144 adauxit
827 2103 956 2142 suas
982 2086 1168 2141 dicens
1203 2101 1215 2136 :
1258 2105 1276 2137 ‹
1325 2075 1480 2140 Unus
1506 2100 1572 2138 ex
1599 2085 1853 2139 omnibus
1903 2093 1984 2139 est

411 2183 605 2237 Filius.
641 2181 994 2250 Opificiorum
1050 2179 1195 2233 enim
1254 2177 1490 2248 primum
1524 2187 1628 2241 est,
1673 2185 1726 2230 et
1757 2193 1862 2230 una
1916 2191 1984 2230 ex

410 2274 836 2344 intelligentibus
863 2273 1094 2327 naturis.
1124 2270 1190 2326 Et
1209 2271 1669 2341 quemadmodum
1713 2270 1792 2324 sol
1819 2269 1871 2322 in
1894 2284 1982 2322 re-

409 2367 512 2422 bus
551 2381 674 2436 qua:
708 2365 811 2420 sub
839 2365 1012 2420 oculis
1065 2362 1288 2426 cadunt,
1340 2377 1483 2416 unus
1513 2370 1596 2416 est
1644 2377 1707 2416 ex
1763 2361 1830 2417 iis
1862 2376 1985 2432 quae

411 2456 825 2526 conspiciuntur
863 2473 876 2509 :
925 2469 1048 2509 cum
1081 2462 1263 2508 tamen
1293 2453 1550 2506 universo
1587 2451 1813 2519 mundo,
1825 2452 1984 2522 juxta

409 2547 633 2601 factoris
660 2545 742 2601 sui
766 2544 1106 2608 mandatum,
1128 2542 1544 2609 luceat;eodem
1575 2557 1801 2611 prorsus
1822 2541 1984 2595 modo

408 2636 607 2701 Filius,
638 2650 763 2691 cum
787 2650 895 2690 una
924 2635 994 2690 sit
1023 2649 1089 2687 ex
1126 2632 1550 2703 intelligentibus
1594 2633 1826 2696 naturis,
1859 2648 1981 2686 om-

409 2731 573 2785 nibus
601 2728 695 2798 qui
741 2729 799 2782 in
857 2726 1204 2782 intellectuali
1258 2725 1460 2778 mundo
1519 2733 1666 2790 sunt,
1719 2724 1864 2778 lucet
1919 2738 1984 2778 ac

409 2820 676 2888 splendet.
714 2837 733 2870 ι
779 2817 1092 2885 lterumque
1144 2816 1264 2870 ait:
1327 2832 1344 2865 ι
1375 2813 1504 2868 Erat
1527 2814 1820 2883 aliquando
1854 2829 1980 2870 cum

406 2928 514 2966 non
548 2918 744 2976 esset,»
783 2917 946 2980 atque
966 2910 1040 2963 ita
1073 2907 1264 2963 scribit
1292 2926 1306 2962 :
1338 2926 1356 2958 ι
1397 2908 1464 2962 Et
1490 2907 1710 2976 quidem
1742 2916 1866 2960 ante
1892 2905 1983 2960 Fi-

405 3007 463 3060 lii
486 3005 909 3077 generationem,
968 3001 1429 3072 praeexsistentem
1485 2998 1777 3077 generandi
1809 3000 1984 3053 scien-

405 3075 540 3152 tiam
581 3097 770 3151 habuit
811 3094 1011 3160 Pater;
1079 3096 1254 3148 inerat
1314 3075 1524 3164 quippe.
1564 3092 1796 3155 medico,
1838 3100 1984 3146 ante-

407 3205 572 3258 quam
599 3203 737 3259 quos
765 3195 986 3243 sanaret
1037 3187 1308 3246 adessent,
1364 3183 1615 3239 medendi
1673 3184 1921 3239 scientia.
1958 3202 1976 3233 ι

406 3281 474 3338 Et
496 3297 712 3336 rursum
747 3297 764 3334 :
799 3298 818 3331 ι
857 3278 1128 3344 Beneﬁco,
1172 3277 1367 3346 inquit,
1400 3276 1580 3331 studio
1629 3284 1844 3330 creatus
1897 3285 1979 3330 est

403 3375 596 3442 Filius,
623 3383 676 3429 et
713 3372 933 3428 virtutis
963 3371 1121 3440 copia
1169 3369 1328 3425 Pater
1357 3370 1509 3424 illum
1556 3369 1818 3423 condidit.
1857 3387 1875 3420 ι
1913 3367 1980 3421 Et

405 3468 602 3524 iterum
637 3483 651 3520 ς
688 3484 708 3517 ι
749 3465 805 3520 Si
855 3464 953 3520 Dei
979 3464 1233 3517 voluntas
1286 3477 1382 3531 per
1414 3461 1596 3514 omnia
1645 3460 1840 3514 deinde
1863 3460 1982 3529 opi-

405 3559 526 3614 ﬁcia
554 3556 893 3628 pertransiit,
947 3555 1120 3626 liquet
1164 3553 1360 3608 Filium
1412 3553 1688 3623 opiﬁcium
1726 3567 1851 3606 cum
1887 3553 1977 3617 sit,

403 3647 682 3702 voluntate
706 3646 1004 3709 exstitisse,
1036 3653 1090 3699 et
1124 3645 1324 3699 factum
1362 3641 1553 3698 fuisse.
1592 3661 1610 3692 ι
1669 3640 1797 3696 Hice
1824 3642 1980 3696 Aste-

401 3741 521 3795 rius
556 3739 708 3794 squlus
768 3737 989 3808 scripsit
1012 3755 1032 3804 ;
1055 3735 1355 3792 Eusebiani
1414 3749 1546 3788 vero
1573 3733 1689 3788 hazc
1721 3733 1837 3802 ipsa
1872 3747 1976 3786 una

400 3847 524 3886 cum
550 3830 642 3885 illo
671 3829 998 3884 sentiebant.

469 3923 560 3977 20.
599 3921 725 3978 Haec
753 3931 881 3978 sunt
909 3933 1339 3991 quorum-causa
1399 3919 1699 3982 decertant,
1741 3925 1795 3972 et
1852 3931 1976 3971 cum

400 4018 624 4087 antiqua
652 4015 862 4086 synodo
895 4024 1159 4084 pugnant,
1204 4012 1344 4081 quia
1405 3996 1613 4065 scilicet
1667 4010 1761 4080 qui
1823 4009 1878 4063 in
1915 4023 1978 4063 ea

399 4124 704 4164 convenere
734 4107 922 4161 Patres
957 4106 1073 4161 suis
1106 4105 1306 4160 similia
1330 4119 1448 4158 non
1481 4103 1840 4172 scripserunt,
1866 4103 1978 4156 imo

396 4201 658 4256 Arianam
711 4198 984 4270 haeresim,
1049 4212 1212 4266 quam
1262 4196 1318 4250 hi
1379 4195 1624 4250 stabilire
1664 4193 1974 4257 studebant,

395 4301 787 4364 percusserunt
829 4289 1193 4346 anathemate.
1257 4287 1526 4354 Quocirca
1571 4287 1849 4342 Asterium
1882 4287 1976 4357 qui

396 4386 560 4441 idolis
593 4383 950 4447 sacriﬁcarat,
988 4381 1290 4451 sophistam
1355 4380 1632 4434 hominem
1682 4379 1976 4450 impietatis

396 4493 512 4534 sua:
543 4477 707 4548 586
758 4477 1081 4531 advocatum
1117 4473 1513 4543 designarunt;
1551 4489 1618 4529 ne
1675 4474 1975 4531 abstineret

2085 1993 2273 2066 κέσθη,
2300 1993 2435 2046 ἀλλὰ
2465 1996 2557 2046 καὶ
2617 1993 2776 2047 πλέον
2825 1995 3124 2048 ἐπεκτείνει
3168 1997 3269 2060 τὰς
3311 1997 3670 2069 βλασφημίας

2083 2084 2268 2149 αὐτοῦ,
2302 2085 2495 2154 λέγων,
2541 2086 2622 2138 ὅτι
2679 2080 2760 2148 εἷς
2814 2086 2923 2141 τῶν
2974 2087 3191 2140 πάντων
3239 2090 3386 2142 ἐστὶν
3446 2092 3474 2142 6
3510 2090 3664 2153 Υἱός·

2090 2195 2108 2228 ι
2147 2177 2366 2248 Πρῶτον
2399 2178 2508 2248 γάρ
2534 2179 2649 2230 ἐστι
2692 2176 2800 2230 τῶν
2833 2179 3096 2249 γενητῶν,
3131 2179 3224 2232 καὶ
3262 2175 3344 2243 εἷς
3399 2181 3510 2232 τῶν
3542 2199 3675 2252 νοη-

2082 2269 2191 2323 τῶν
2227 2269 2440 2338 φύσεών
2466 2271 2601 2323 ἐστι·
2629 2270 2724 2323 καὶ
2759 2269 2948 2341 ὥσπερ
2993 2271 3223 2342 ἧλιος’ὲν
3247 2276 3357 2336 τοῖς
3395 2273 3672 2345 βλεπομέ-

2085 2379 2196 2426 νοις
2227 2357 2308 2426 εἷς
2335 2361 2432 2433 μὲν
2458 2361 2572 2414 ἐστι
2601 2361 2709 2413 τῶν
2759 2363 3122 2433 φαινομένων,
3180 2364 3384 2436 λάμπει
3417 2366 3473 2419 δέ
3504 2369 3674 2420 παντὶ

2083 2452 2161 2524 τῷ
2189 2449 2541 2524 κόσμῳ’κατά
2571 2453 2861 2524 πρόσταξιν
2892 2453 2986 2507 τοῦ
3017 2458 3396 2526 πεποιηκότος·
3441 2459 3617 2522 οὕτως
3643 2461 3676 2510 ὁ

2086 2545 2232 2608 Υἱὸς,
2259 2539 2338 2607 εἷς
2371 2543 2444 2598 ὢν
2472 2542 2580 2596 τῶν
2601 2543 2805 2615 νοητῶν
2837 2545 3070 2612 φύσεων,
3095 2547 3317 2616 φωτίζει
3344 2549 3438 2600 καὶ
3460 2549 3672 2620 λάμπει

2083 2636 2179 2690 κα)⁸
2204 2637 2364 2699 αὐτὸς
2397 2637 2528 2689 πᾶσι
2554 2641 2665 2702 τοῖς
2689 2640 2747 2691 ὲν
2778 2639 2856 2709 τῷ
2883 2638 3058 2709 νοητῷ
3083 2639 3326 2710 κόσμῳ.»
3385 2641 3556 2694 Πάλιν
3606 2643 3672 2696 τὲ

2085 2744 2267 2798 φησιν’
2307 2746 2326 2780 ι
2357 2723 2466 2780 Ἦν
2499 2745 2650 2794 ποτε,
2674 2731 2762 2783 ὅτε
2785 2732 2885 2784 οὐκ
2911 2716 3032 2802 ήνρ
3063 2731 3202 2785 οὕτω
3224 2733 3471 2804 γράφωνο
3504 2752 3524 2785 ι
3554 2735 3676 2786 Καὶ

2037 2820 2054 2880 ³χ
2086 2821 2212 2899 πρὶν
2245 2820 2345 2888 τῆς
2371 2821 2636 2890 γενέσεως
2661 2822 2752 2876 τοῦ
2785 2824 2914 2876 Υίοῦ
2944 2826 2971 2877 6
2995 2825 3186 2897 Πατὴρ
3206 2827 3674 2898 προῦπάρχουσαν

2085 2907 2199 2983 εἶχε
2232 2913 2331 2984 τὴν
2366 2913 2462 2966 τοῦ
2507 2917 2701 2986 γεννᾷν
2757 2915 3085 2989 ἐπιστήμην·
3139 2919 3262 2971 ἐπεὶ
3316 2919 3408 2972 καὶ
3455 2920 3668 2990 ἰατρὸς,

2085 3004 2190 3075 πρὸ
2221 3005 2312 3058 τοῦ
2345 3007 2612 3078 ἰατρεύειν
2647 3004 2758 3078 εἶχε
2784 3007 2892 3079 (46)
2943 3010 3044 3081 τὴν
3076 3009 3168 3062 τοῦ
3223 3011 3492 3080 ίατρεύειν
3543 3013 3676 3065 ἐπι-

2085 3097 2349 3167 στήμην.»
2385 3099 2493 3150 Καὶ
2522 3099 2683 3152 πάλιν
2711 3100 2892 3170 φησίνο
2957 3119 2975 3152 ι
3020 3101 3354 3172 Εὐεργετικῇ
3383 3102 3670 3173 φιλοτιμίᾳ

2085 3187 2304 3258 ἐκτίσθη
2335 3189 2536 3253 ὁΥίὸς,
2586 3191 2680 3242 καὶ
2732 3191 3018 3264 περιουσίᾳ
3069 3191 3349 3263 δυνάμεως
3405 3193 3672 3265 ἐποίησεν

2083 3280 2244 3333 αὐτὸν
2266 3281 2293 3332 6
2318 3279 2524 3352 Πατήρ·
2568 3301 2585 3332 ›
2615 3284 2710 3336 καὶ
2735 3281 2916 3346 πάλιν,
2969 3304 2987 3334 ‹
3023 3285 3086 3337 Εἰ
3117 3285 3178 3337 τὸ
3204 3284 3376 3338 θέλειν
3405 3285 3497 3341 τοῦ
3526 3286 3671 3340 Θεοῦ

2080 3371 2169 3424 διὰ
2199 3371 2414 3424 πάντων
2451 3373 2647 3444 ἐφεξῆς
2691 3374 2798 3427 τῶν
2855 3375 3173 3446 ποιημάτων
3222 3375 3524 3447 διελήλυθε,
3571 3379 3674 3450 δη-

2079 3462 2272 3528 λονότι,
2307 3464 2401 3517 καὶ
2430 3466 2458 3517 6
2487 3465 2632 3530 Υἱὸς,
2667 3467 2877 3537 ποίημα
2931 3467 3026 3531 ὢν,
3072 3467 3323 3540 βουλήσει
3353 3470 3543 3538 γέγονε
3572 3473 3673 3524 καὶ

2082 3555 2396 3628 πεποίηται.
2431 3574 2449 3607 ›
2489 3555 2673 3610 Ταῦτα
2715 3558 2772 3611 δὲ
2813 3558 3083 3630 Ἀστέριος
3125 3558 3330 3630 ἔγραψε
3395 3560 3510 3631 (47)
3563 3563 3668 3630 μό-

2080 3665 2186 3710 νος*
2213 3650 2262 3700 oi
2294 3649 2349 3702 δὲ
2379 3649 2506 3722 περὶ
2538 3650 2798 3706 Εύσέϐιον
2851 3653 3112 3722 ἐφρόνουν
3137 3652 3285 3706 αύτά
3346 3655 3500 3724 κοινῇ
3545 3656 3668 3724 μετ’

2080 3757 2243 3794 αυτου
2252 3781 2260 3794 ε

2149 3924 2239 3979 20.
2269 3924 2452 3978 Ταῦτά
2477 3929 2642 3989 ἐστιν,
2674 3929 2814 3999 ὑπὲρ
2837 3920 2910 3983 ὧν
2964 3930 3341 3998 ἀγωνίζονται,
3373 3931 3462 3985 διὰ
3491 3931 3671 3987 ταῦτα

2083 4016 2343 4088 μάχονται
2377 4019 2512 4090 πρὸς
2538 4019 2636 4090 τὴν
2665 4020 2897 4091 ἀρχαίαν
2921 4021 3155 4075 σύνοδονο
3189 4024 3270 4076 ὅτι
3305 4024 3379 4094 μὴ
3407 4024 3478 4077 τά
3499 4025 3670 4094 ὃμοια

2079 4110 2256 4164 αὐτῶν
2281 4111 2522 4184 ἔγραψαν
2551 4115 2600 4164 ol.
2625 4113 2968 4180 συνελθόντες
3012 4117 3069 4168 ἐν
3100 4116 3262 4188 αὐτῇ,
3295 4116 3430 4169 άλλά
3459 4117 3665 4188 μᾶλλον

2079 4202 2473 4275 ἀνεθεμάτισαν
2499 4206 2596 4278 τὴν
2640 4206 2923 4278 Ἀρειανὴν
2974 4209 3205 4280 αἵρεσιν,
3233 4208 3297 4280 ἢν
3327 4209 3666 4276 ἐσπούδαζον

2077 4289 2223 4349 οὗτοι
2255 4297 2543 4368 συστῆσαι.
2567 4298 2667 4351 Διὰ
2691 4298 2850 4352 τοῦτο
2875 4301 2971 4352 καὶ
3001 4299 3273 4369 Ἀστέριον
3303 4303 3392 4355 τὸν
3417 4302 3670 4358 θύσαντα

2079 4388 2336 4460 σοφιστὴν
2358 4389 2507 4458 ὄντα,
2540 4391 2834 4463 συνήγορον
2880 4393 2979 4463 τῆς
3023 4392 3277 4456 ἀσεϐείας
3301 4393 3478 4446 αὐτῶν
3518 4395 3663 4463 (48),

2077 4481 2495 4550 προύϐάλλοντο,
2555 4482 2641 4535 ἵνα
2673 4483 2746 4553 μὴ
2776 4483 3022 4555 φείδηται
3059 4484 3197 4556 μήτε
3251 4483 3389 4537 κατά
3419 4484 3513 4538 τοῦ
3547 4488 3664 4540 Κυ-

397 4580 492 4626 aut
519 4586 548 4624 a
582 4570 764 4624 verbis
793 4579 983 4624 contra
1017 4567 1331 4631 Dominum,
1354 4575 1449 4621 aut
1496 4582 1525 4620 a
1576 4566 1786 4622 callidis
1807 4582 1974 4637 argu-

2091 4571 2198 4642 ρίου
2224 4572 2575 4642 φθέγγεσθαι,
2611 4575 2747 4645 μήτε
2772 4574 2897 4639 τοὺς
2926 4575 3216 4648 ἀκεραίους
3268 4581 3332 4648 τῇ
3375 4579 3665 4634 πιθανολο-

394 4661 595 4719 mentis
625 4661 693 4716 ad
741 4660 1104 4731 simpliciores
1151 4660 1659 4716 circumveniendos
1693 4661 1971 4730 composi-

391 4756 486 4810 tis.
521 4753 722 4808 Vcrum
759 4753 1082 4823 ignorabant
1127 4752 1285 4808 inscii
1342 4752 1442 4817 illi,
1491 4753 1544 4808 id
1575 4763 1694 4808 Sese
1725 4753 1778 4806 in
1815 4769 1970 4808 suam

391 4860 554 4916 agere
585 4844 904 4915 perniciem.
942 4842 1104 4899 Fetor
1128 4846 1272 4898 enim
1320 4844 1573 4899 sacriﬁcii
1603 4844 1672 4898 ab
1706 4845 1971 4900 advocato

394 4952 498 4992 suo
526 4937 687 4992 idolis
721 4936 909 5002 oblati,
941 4935 1193 4992 haeresim
1221 4936 1394 5005 magis
1427 4936 1713 5007 magisque
1742 4935 1966 4992 Christo

311 5038 317 5046 '
390 5027 670 5083 inimicam
698 5028 1044 5100 coarguebat.
1077 5028 1284 5083 Idcirco
1312 5028 1613 5085 etiamnum
1639 5028 1825 5083 omnia
1854 5043 1968 5082 mo-

461 5185 485 5217 δ
515 5183 631 5238 Joel
659 5199 715 5245 ιι,
746 5185 837 5238 25.

463 5344 574 5411 (44)
608 5340 699 5395 Sic
732 5342 864 5411 Reg.
895 5339 1054 5411 etita
1092 5339 1221 5409 legit
1265 5335 1510 5392 Nannius
1541 5338 1635 5408 qui
1666 5339 1846 5405 vertit,
1880 5339 1965 5392 ἰητ-

385 5410 640 5486 genitam.
676 5410 840 5486 E_diti,
871 5410 1155 5486 ἀγένητον.

463 5485 576 5552 (45)
607 5485 670 5536 Ai
695 5483 848 5538 deest
881 5484 932 5534 in
960 5479 1091 5552 Reg.

483 5547 570 5623 46)
604 5552 762 5623 Reg.,
789 5552 898 5623 1:ij
928 5547 1517 5623 τῶν’θεραπευομένων
1543 5547 1675 5622 εἶχε.

482 5622 571 5693 47)
605 5622 738 5692 Reg.
776 5622 843 5676 et
861 5622 1050 5694 Basil,
1098 5624 1324 5694 ἔγραφε.
1346 5622 1486 5688 Quae
1515 5629 1819 5690 sequuntur
1845 5635 1972 5690 por-

384 5691 478 5767 rc,
507 5691 561 5750 οί
599 5695 655 5748 δὲ
687 5691 815 5769 περὶ
858 5691 1312 5764 Εὐσέϐιον,’θι(ξ.,
1348 5708 1379 5749 a
1423 5694 1853 5765 praecedentibus
1885 5707 1971 5749 sc-

2079 4664 2175 4735 γίᾳ
2204 4664 2431 4733 πλανᾷν.
2461 4666 2570 4717 Καὶ
2624 4665 2898 4735 ἠγνὸησάν
2930 4683 2993 4735 γε
3048 4669 3099 4720 οί
3151 4667 3401 4739 ἀμαθεῖς,
3425 4671 3504 4723 ὃτι
3535 4671 3662 4724 καθ’

2075 4755 2283 4808 ἑαυτῶν
2308 4753 2624 4826 είργάζοντο
2660 4755 2837 4810 τοῦτο.
2876 4757 2940 4810 Ἡ
2963 4757 3070 4829 γὰρ
3092 4758 3324 4813 δυσωδία
3356 4761 3454 4831 τῆς
3486 4763 3569 4825 είς
3592 4762 3665 4815 τὰ

2073 4847 2267 4902 εἴδωλα
2294 4848 2484 4911 θυσίας
2514 4847 2608 4901 τοῦ
2642 4849 2938 4918 συνηγόρου
2991 4849 3072 4902 ἔτι
3112 4851 3272 4904 πλέον
3303 4852 3401 4923 τὴν
3445 4853 3662 4924 αἵρεσιν

2072 4938 2435 5009 χριστομάχον
2467 4938 2722 4992 ἐδείκνυε.
2754 4939 2852 4993 Διὰ
2895 4941 3053 4994 τοῦτο
3105 4941 3200 4994 καὶ
3229 4941 3322 4996 νῦν
3349 4943 3527 4997 πάντα
3570 4963 3659 4998 κι-

2073 5029 2223 5084 νοῦσι
2251 5030 2345 5083 καὶ
2389 5029 2696 5100 θορυϐοῦσι,
2748 5030 3076 5102 νομίζοντες,
3127 5034 3210 5086 ὅτι
3254 5033 3356 5088 κᾶν
3400 5034 3657 5100 πλείονας

2063 5341 2334 5413 iungenda
2365 5360 2473 5400 non
2505 5352 2653 5409 sunt,
2701 5355 2759 5401 ut
2796 5348 2849 5403 in
2881 5348 3014 5404 edit.
3048 5348 3226 5405 Paris.
3259 5350 3393 5406 Nam
3429 5352 3482 5406 in
3513 5354 3646 5407 edit.

2067 5413 2281 5493 _Comm.
2315 5424 2370 5494 e_t
2418 5418 2471 5494 in
2521 5433 2655 5494 mss.
2705 5429 3104 5494 consequenter
3156 5433 3477 5491 ponuntur;
3538 5440 3653 5494 quo

2069 5486 2386 5557 ilemgmgdo
2416 5487 2662 5542 Nannius
2693 5486 2897 5557 posuit.

2120 5554 2440 5642 ‘(48)'Beg.,
2471 5554 2716 5642 éausév';
2731 5558 2894 5642 Editi,
2923 5560 3127 5642 αὐτῶν.
3155 5560 3280 5618 Mox
3309 5563 3451 5620 idem
3485 5561 3651 5637 Reg.,

2074 5626 2148 5696 μὴ
2177 5626 2446 5697 φείδηται,
2471 5637 2640 5686 recte.
2677 5627 2840 5698 Editi,
2875 5631 2949 5703 μὴ
2981 5631 3218 5705 φείδητε.
