  <div class='ocr_page' id='page_1' title='image "/cluster/home/n/w/nwhite01/storage/ocr_20150623/26/nnc1.0046978577/374.png"; bbox 0 0 3822 6226; ppageno 0'>
   <div class='ocr_carea' id='block_1_1' title="bbox 149 304 253 360">
    <p class='ocr_par' dir='ltr' id='par_1_1' title="bbox 149 304 253 360">
     <span class='ocr_line' id='line_1_1' title="bbox 149 304 253 360; baseline -0.038 0"><span class='ocrx_word' id='word_1_1' title='bbox 149 304 253 360; x_wconf 77' lang='grc' dir='ltr'><strong>ἸΙῖ</strong></span> 
     </span>
    </p>
   </div>
   <div class='ocr_carea' id='block_1_2' title="bbox 1532 296 1982 354">
    <p class='ocr_par' dir='ltr' id='par_1_2' title="bbox 1532 296 1982 354">
     <span class='ocr_line' id='line_1_2' title="bbox 1532 296 1982 354; baseline 0.007 -3"><span class='ocrx_word' id='word_1_2' title='bbox 1532 298 1621 352; x_wconf 84' lang='lat' dir='ltr'><strong>DE</strong></span> <span class='ocrx_word' id='word_1_3' title='bbox 1662 296 1982 354; x_wconf 81' lang='lat' dir='ltr'><strong>SYNODlS.</strong></span> 
     </span>
    </p>
   </div>
   <div class='ocr_carea' id='block_1_3' title="bbox 3283 303 3395 365">
    <p class='ocr_par' dir='ltr' id='par_1_3' title="bbox 3283 303 3395 365">
     <span class='ocr_line' id='line_1_3' title="bbox 3283 303 3395 365; baseline 0.071 -8"><span class='ocrx_word' id='word_1_4' title='bbox 3283 303 3395 365; x_wconf 81' lang='grc'><strong>718</strong></span> 
     </span>
    </p>
   </div>
   <div class='ocr_carea' id='block_1_4' title="bbox 147 414 1727 504">
    <p class='ocr_par' dir='ltr' id='par_1_4' title="bbox 147 414 1724 487">
     <span class='ocr_line' id='line_1_4' title="bbox 147 414 1724 487; baseline 0.001 -19"><span class='ocrx_word' id='word_1_5' title='bbox 147 415 532 482; x_wconf 75' lang='grc' dir='ltr'>ἀποκτείνωσι,</span> <span class='ocrx_word' id='word_1_6' title='bbox 589 414 684 470; x_wconf 86' lang='grc' dir='ltr'><strong>καὶ</strong></span> <span class='ocrx_word' id='word_1_7' title='bbox 734 415 984 479; x_wconf 81' lang='grc' dir='ltr'><strong>συνόδους</strong></span> <span class='ocrx_word' id='word_1_8' title='bbox 1036 415 1176 468; x_wconf 78' lang='grc' dir='ltr'>κατὰ</span> <span class='ocrx_word' id='word_1_9' title='bbox 1228 416 1370 487; x_wconf 82' lang='grc' dir='ltr'>μῆνα</span> <span class='ocrx_word' id='word_1_10' title='bbox 1422 419 1724 487; x_wconf 84' lang='grc' dir='ltr'>συγκροτή-</span> 
     </span>
    </p>
   </div>
   <div class='ocr_carea' id='block_1_5' title="bbox 1844 414 3394 504">
    <p class='ocr_par' dir='ltr' id='par_1_5' title="bbox 1844 432 3394 504">
     <span class='ocr_line' id='line_1_5' title="bbox 1844 432 3394 504; baseline 0.002 -15"><span class='ocrx_word' id='word_1_11' title='bbox 1844 445 1953 489; x_wconf 71' lang='lat' dir='ltr'><strong>rent</strong></span> <span class='ocrx_word' id='word_1_12' title='bbox 1983 442 2038 490; x_wconf 91' lang='lat' dir='ltr'><strong>et</strong></span> <span class='ocrx_word' id='word_1_13' title='bbox 2077 435 2317 496; x_wconf 89' lang='lat' dir='ltr'><strong>turbant,</strong></span> <span class='ocrx_word' id='word_1_14' title='bbox 2349 434 2477 501; x_wconf 90' lang='lat' dir='ltr'><strong>rati,</strong></span> <span class='ocrx_word' id='word_1_15' title='bbox 2504 433 2549 488; x_wconf 91' lang='lat' dir='ltr'><strong>si</strong></span> <span class='ocrx_word' id='word_1_16' title='bbox 2572 432 3002 503; x_wconf 87' lang='lat' dir='ltr'><strong>quamplurimos</strong></span> <span class='ocrx_word' id='word_1_17' title='bbox 3035 432 3306 504; x_wconf 91' lang='lat' dir='ltr'><strong>occidant,</strong></span> <span class='ocrx_word' id='word_1_18' title='bbox 3337 446 3394 494; x_wconf 88' lang='lat' dir='ltr'><strong>ct</strong></span> 
     </span>
    </p>
   </div>
   <div class='ocr_carea' id='block_1_6' title="bbox 149 507 1724 578">
    <p class='ocr_par' dir='ltr' id='par_1_6' title="bbox 149 507 1724 578">
     <span class='ocr_line' id='line_1_6' title="bbox 149 507 1724 578; baseline -0.001 -18"><span class='ocrx_word' id='word_1_19' title='bbox 149 523 283 560; x_wconf 85' lang='grc' dir='ltr'>σωσι</span> <span class='ocrx_word' id='word_1_20' title='bbox 315 507 454 578; x_wconf 76' lang='grc'>(49),</span> <span class='ocrx_word' id='word_1_21' title='bbox 495 507 760 562; x_wconf 84' lang='grc' dir='ltr'>παύσεταί</span> <span class='ocrx_word' id='word_1_22' title='bbox 788 524 918 560; x_wconf 83' lang='grc' dir='ltr'>ποτε</span> <span class='ocrx_word' id='word_1_23' title='bbox 960 509 994 578; x_wconf 83' lang='grc' dir='ltr'><strong>ἡ</strong></span> <span class='ocrx_word' id='word_1_24' title='bbox 1029 507 1170 560; x_wconf 87' lang='grc' dir='ltr'>κατὰ</span> <span class='ocrx_word' id='word_1_25' title='bbox 1192 508 1292 578; x_wconf 88' lang='grc' dir='ltr'><strong>τῆς</strong></span> <span class='ocrx_word' id='word_1_26' title='bbox 1329 507 1610 578; x_wconf 85' lang='grc' dir='ltr'>Ἀρειανῆς</span> <span class='ocrx_word' id='word_1_27' title='bbox 1640 509 1724 559; x_wconf 90' lang='grc' dir='ltr'><strong>αἱ-</strong></span> 
     </span>
    </p>
   </div>
   <div class='ocr_carea' id='block_1_7' title="bbox 151 598 1722 669">
    <p class='ocr_par' dir='ltr' id='par_1_7' title="bbox 151 598 1722 669">
     <span class='ocr_line' id='line_1_7' title="bbox 151 598 1722 669; baseline -0.001 -18"><span class='ocrx_word' id='word_1_28' title='bbox 151 600 354 669; x_wconf 80' lang='grc' dir='ltr'>ρέσεως</span> <span class='ocrx_word' id='word_1_29' title='bbox 379 598 672 668; x_wconf 80' lang='grc' dir='ltr'>ἀπόφασις.</span> <span class='ocrx_word' id='word_1_30' title='bbox 717 598 955 651; x_wconf 84' lang='grc' dir='ltr'>Ἑοίκασι</span> <span class='ocrx_word' id='word_1_31' title='bbox 994 598 1052 652; x_wconf 83' lang='grc' dir='ltr'>δὲ</span> <span class='ocrx_word' id='word_1_32' title='bbox 1082 599 1243 652; x_wconf 84' lang='grc' dir='ltr'>πάλιν</span> <span class='ocrx_word' id='word_1_33' title='bbox 1266 600 1501 667; x_wconf 82' lang='grc' dir='ltr'><strong>ἀγνοεῖν,</strong></span> <span class='ocrx_word' id='word_1_34' title='bbox 1528 598 1561 669; x_wconf 82' lang='grc' dir='ltr'>ἢ</span> <span class='ocrx_word' id='word_1_35' title='bbox 1583 598 1722 651; x_wconf 79' lang='grc' dir='ltr'>εἰδέ-</span> 
     </span>
    </p>
   </div>
   <div class='ocr_carea' id='block_1_8' title="bbox 147 690 1724 763">
    <p class='ocr_par' dir='ltr' id='par_1_8' title="bbox 147 690 1724 763">
     <span class='ocr_line' id='line_1_8' title="bbox 147 690 1724 763; baseline 0.001 -20"><span class='ocrx_word' id='word_1_36' title='bbox 147 707 233 743; x_wconf 86' lang='grc' dir='ltr'><strong>ναι</strong></span> <span class='ocrx_word' id='word_1_37' title='bbox 259 690 379 761; x_wconf 84' lang='grc' dir='ltr'>μὲν,</span> <span class='ocrx_word' id='word_1_38' title='bbox 408 691 933 762; x_wconf 85' lang='grc' dir='ltr'>ἀποπροσποιεῖσθαι</span> <span class='ocrx_word' id='word_1_39' title='bbox 960 691 1038 757; x_wconf 82' lang='grc' dir='ltr'>δὲ,</span> <span class='ocrx_word' id='word_1_40' title='bbox 1073 693 1156 746; x_wconf 85' lang='grc' dir='ltr'>ὅτι</span> <span class='ocrx_word' id='word_1_41' title='bbox 1198 693 1292 746; x_wconf 76' lang='grc' dir='ltr'><strong>καὶ</strong></span> <span class='ocrx_word' id='word_1_42' title='bbox 1340 692 1446 763; x_wconf 86' lang='grc' dir='ltr'><strong>πρὸ</strong></span> <span class='ocrx_word' id='word_1_43' title='bbox 1474 693 1572 762; x_wconf 85' lang='grc' dir='ltr'><strong>τῆς</strong></span> <span class='ocrx_word' id='word_1_44' title='bbox 1624 692 1724 744; x_wconf 85' lang='grc' dir='ltr'><strong>Νι-</strong></span> 
     </span>
    </p>
   </div>
   <div class='ocr_carea' id='block_1_9' title="bbox 147 777 1724 855">
    <p class='ocr_par' dir='ltr' id='par_1_9' title="bbox 147 777 1724 855">
     <span class='ocr_line' id='line_1_9' title="bbox 147 777 1724 855; baseline 0.001 -23"><span class='ocrx_word' id='word_1_45' title='bbox 147 781 308 842; x_wconf 84' lang='grc' dir='ltr'>καίας</span> <span class='ocrx_word' id='word_1_46' title='bbox 337 781 371 851; x_wconf 89' lang='grc' dir='ltr'><strong>ή</strong></span> <span class='ocrx_word' id='word_1_47' title='bbox 405 781 615 850; x_wconf 81' lang='grc' dir='ltr'>αἵρεσις</span> <span class='ocrx_word' id='word_1_48' title='bbox 644 777 712 852; x_wconf 77' lang='grc' dir='ltr'>ἦν</span> <span class='ocrx_word' id='word_1_49' title='bbox 759 781 1040 855; x_wconf 84' lang='grc' dir='ltr'>βδελυκτὴ,</span> <span class='ocrx_word' id='word_1_50' title='bbox 1076 783 1163 836; x_wconf 86' lang='grc' dir='ltr'><strong>ὅτε</strong></span> <span class='ocrx_word' id='word_1_51' title='bbox 1211 781 1412 854; x_wconf 89' lang='grc' dir='ltr'>ταύτην</span> <span class='ocrx_word' id='word_1_52' title='bbox 1456 782 1724 853; x_wconf 82' lang='grc' dir='ltr'>Ἀρτεμᾶς</span> 
     </span>
    </p>
   </div>
   <div class='ocr_carea' id='block_1_10' title="bbox 147 871 1724 944">
    <p class='ocr_par' dir='ltr' id='par_1_10' title="bbox 147 871 1724 944">
     <span class='ocr_line' id='line_1_10' title="bbox 147 871 1724 944; baseline 0.001 -21"><span class='ocrx_word' id='word_1_53' title='bbox 147 871 530 935; x_wconf 77' lang='grc' dir='ltr'>κατεϐάλλετο,</span> <span class='ocrx_word' id='word_1_54' title='bbox 560 875 650 926; x_wconf 76' lang='grc' dir='ltr'><strong>καὶ</strong></span> <span class='ocrx_word' id='word_1_55' title='bbox 683 875 789 944; x_wconf 84' lang='grc' dir='ltr'><strong>πρὸ</strong></span> <span class='ocrx_word' id='word_1_56' title='bbox 821 875 985 928; x_wconf 86' lang='grc' dir='ltr'>αὐτοῦ</span> <span class='ocrx_word' id='word_1_57' title='bbox 1035 875 1098 928; x_wconf 86' lang='grc' dir='ltr'><strong>τὸ</strong></span> <span class='ocrx_word' id='word_1_58' title='bbox 1141 873 1234 926; x_wconf 87' lang='grc' dir='ltr'><strong>τοῦ</strong></span> <span class='ocrx_word' id='word_1_59' title='bbox 1264 874 1508 943; x_wconf 79' lang='grc' dir='ltr'>Καῖάφα,</span> <span class='ocrx_word' id='word_1_60' title='bbox 1541 874 1634 926; x_wconf 74' lang='grc' dir='ltr'>κα).</span> <span class='ocrx_word' id='word_1_61' title='bbox 1661 872 1724 925; x_wconf 82' lang='grc' dir='ltr'><strong>τὸ</strong></span> 
     </span>
    </p>
   </div>
   <div class='ocr_carea' id='block_1_11' title="bbox 147 961 1722 1040">
    <p class='ocr_par' dir='ltr' id='par_1_11' title="bbox 147 961 1722 1040">
     <span class='ocr_line' id='line_1_11' title="bbox 147 961 1722 1040; baseline 0.006 -27"><span class='ocrx_word' id='word_1_62' title='bbox 147 961 253 1014; x_wconf 86' lang='grc' dir='ltr'><strong>τῶν</strong></span> <span class='ocrx_word' id='word_1_63' title='bbox 284 963 410 1014; x_wconf 83' lang='grc' dir='ltr'>τότε</span> <span class='ocrx_word' id='word_1_64' title='bbox 435 965 742 1036; x_wconf 76' lang='grc' dir='ltr'><strong>Φαρισαίων</strong></span> <span class='ocrx_word' id='word_1_65' title='bbox 765 967 1058 1038; x_wconf 88' lang='grc' dir='ltr'>συνέδριον.</span> <span class='ocrx_word' id='word_1_66' title='bbox 1087 969 1198 1021; x_wconf 77' lang='grc' dir='ltr'>Καὶ</span> <span class='ocrx_word' id='word_1_67' title='bbox 1226 969 1312 1021; x_wconf 77' lang='grc' dir='ltr'><strong>ἀεὶ</strong></span> <span class='ocrx_word' id='word_1_68' title='bbox 1340 968 1397 1020; x_wconf 82' lang='grc' dir='ltr'>δὲ</span> <span class='ocrx_word' id='word_1_69' title='bbox 1421 968 1483 1021; x_wconf 84' lang='grc' dir='ltr'>τὸ</span> <span class='ocrx_word' id='word_1_70' title='bbox 1506 985 1722 1040; x_wconf 91' lang='grc' dir='ltr'>χριστο-</span> 
     </span>
    </p>
   </div>
   <div class='ocr_carea' id='block_1_12' title="bbox 150 1052 1723 1125">
    <p class='ocr_par' dir='ltr' id='par_1_12' title="bbox 150 1052 1723 1125">
     <span class='ocr_line' id='line_1_12' title="bbox 150 1052 1723 1125; baseline 0.008 -24"><span class='ocrx_word' id='word_1_71' title='bbox 150 1052 322 1120; x_wconf 80' lang='grc' dir='ltr'>μάχον</span> <span class='ocrx_word' id='word_1_72' title='bbox 345 1053 703 1125; x_wconf 79' lang='grc' dir='ltr'><strong>ἐργαστήριον</strong></span> <span class='ocrx_word' id='word_1_73' title='bbox 745 1054 1028 1125; x_wconf 82' lang='grc' dir='ltr'>βδελυκτόν</span> <span class='ocrx_word' id='word_1_74' title='bbox 1057 1061 1193 1123; x_wconf 80' lang='grc' dir='ltr'>ἐστι,</span> <span class='ocrx_word' id='word_1_75' title='bbox 1241 1060 1334 1112; x_wconf 76' lang='grc' dir='ltr'><strong>καὶ</strong></span> <span class='ocrx_word' id='word_1_76' title='bbox 1370 1061 1430 1113; x_wconf 83' lang='grc' dir='ltr'><strong>οὐ</strong></span> <span class='ocrx_word' id='word_1_77' title='bbox 1458 1061 1723 1114; x_wconf 89' lang='grc' dir='ltr'>παύσεται</span> 
     </span>
    </p>
   </div>
   <div class='ocr_carea' id='block_1_13' title="bbox 146 1137 1727 1220">
    <p class='ocr_par' dir='ltr' id='par_1_13' title="bbox 146 1137 1727 1220">
     <span class='ocr_line' id='line_1_13' title="bbox 146 1137 1727 1220; baseline 0.006 -28"><span class='ocrx_word' id='word_1_78' title='bbox 146 1140 238 1192; x_wconf 79' lang='grc' dir='ltr'><strong>τοῦ</strong></span> <span class='ocrx_word' id='word_1_79' title='bbox 265 1137 403 1194; x_wconf 83' lang='grc' dir='ltr'>εἶναι</span> <span class='ocrx_word' id='word_1_80' title='bbox 431 1144 675 1212; x_wconf 84' lang='grc' dir='ltr'>μισητὸν,</span> <span class='ocrx_word' id='word_1_81' title='bbox 701 1145 964 1216; x_wconf 77' lang='grc' dir='ltr'>ἐρασμίου</span> <span class='ocrx_word' id='word_1_82' title='bbox 996 1145 1147 1210; x_wconf 75' lang='grc' dir='ltr'>δντος</span> <span class='ocrx_word' id='word_1_83' title='bbox 1178 1146 1270 1200; x_wconf 91' lang='grc' dir='ltr'><strong>τοῦ</strong></span> <span class='ocrx_word' id='word_1_84' title='bbox 1298 1146 1575 1220; x_wconf 85' lang='grc' dir='ltr'>Κυριακοῦ</span> <span class='ocrx_word' id='word_1_85' title='bbox 1617 1147 1727 1201; x_wconf 86' lang='grc' dir='ltr'>ὀνό-</span> 
     </span>
    </p>
   </div>
   <div class='ocr_carea' id='block_1_14' title="bbox 150 1235 1724 1309">
    <p class='ocr_par' dir='ltr' id='par_1_14' title="bbox 150 1235 1724 1309">
     <span class='ocr_line' id='line_1_14' title="bbox 150 1235 1724 1309; baseline 0.006 -25"><span class='ocrx_word' id='word_1_86' title='bbox 150 1249 340 1300; x_wconf 85' lang='grc' dir='ltr'>ματος,</span> <span class='ocrx_word' id='word_1_87' title='bbox 373 1235 468 1286; x_wconf 74' lang='grc' dir='ltr'><strong>καὶ</strong></span> <span class='ocrx_word' id='word_1_88' title='bbox 512 1235 870 1306; x_wconf 85' lang='grc' dir='ltr'>καμπτούσης</span> <span class='ocrx_word' id='word_1_89' title='bbox 899 1237 1079 1308; x_wconf 85' lang='grc' dir='ltr'>πάσης</span> <span class='ocrx_word' id='word_1_90' title='bbox 1109 1238 1206 1309; x_wconf 84' lang='grc' dir='ltr'><strong>τῆς</strong></span> <span class='ocrx_word' id='word_1_91' title='bbox 1242 1239 1473 1303; x_wconf 82' lang='grc' dir='ltr'><strong>κτίσεως</strong></span> <span class='ocrx_word' id='word_1_92' title='bbox 1522 1239 1591 1292; x_wconf 87' lang='grc' dir='ltr'>τὰ</span> <span class='ocrx_word' id='word_1_93' title='bbox 1632 1239 1724 1308; x_wconf 92' lang='grc' dir='ltr'>γό-</span> 
     </span>
    </p>
   </div>
   <div class='ocr_carea' id='block_1_15' title="bbox 146 1323 1724 1400">
    <p class='ocr_par' dir='ltr' id='par_1_15' title="bbox 146 1323 1724 1400">
     <span class='ocr_line' id='line_1_15' title="bbox 146 1323 1724 1400; baseline 0.006 -27"><span class='ocrx_word' id='word_1_94' title='bbox 146 1339 305 1385; x_wconf 84' lang='grc' dir='ltr'>νατα,</span> <span class='ocrx_word' id='word_1_95' title='bbox 367 1323 464 1375; x_wconf 71' lang='grc' dir='ltr'><strong>καὶ</strong></span> <span class='ocrx_word' id='word_1_96' title='bbox 496 1323 1012 1398; x_wconf 79' lang='grc' dir='ltr'>ἐξομολογουμένης,</span> <span class='ocrx_word' id='word_1_97' title='bbox 1073 1346 1091 1378; x_wconf 80' lang='grc' dir='ltr'><strong>ι</strong></span> <span class='ocrx_word' id='word_1_98' title='bbox 1120 1329 1200 1382; x_wconf 83' lang='grc' dir='ltr'>ὅτι</span> <span class='ocrx_word' id='word_1_99' title='bbox 1252 1327 1456 1400; x_wconf 88' lang='grc' dir='ltr'>Κύριος</span> <span class='ocrx_word' id='word_1_100' title='bbox 1517 1327 1724 1400; x_wconf 87' lang='grc' dir='ltr'>Ἰησοῦς</span> 
     </span>
    </p>
   </div>
   <div class='ocr_carea' id='block_1_16' title="bbox 145 1414 1124 1492">
    <p class='ocr_par' dir='ltr' id='par_1_16' title="bbox 145 1414 1124 1492">
     <span class='ocr_line' id='line_1_16' title="bbox 145 1414 1124 1492; baseline 0.007 -26"><span class='ocrx_word' id='word_1_101' title='bbox 145 1414 382 1485; x_wconf 82' lang='grc' dir='ltr'>Χριστὸς</span> <span class='ocrx_word' id='word_1_102' title='bbox 411 1416 490 1480; x_wconf 79' lang='grc' dir='ltr'><strong>είς</strong></span> <span class='ocrx_word' id='word_1_103' title='bbox 517 1417 674 1484; x_wconf 78' lang='grc' dir='ltr'>δόξαν</span> <span class='ocrx_word' id='word_1_104' title='bbox 702 1417 834 1473; x_wconf 88' lang='grc' dir='ltr'><strong>Θεοῦ</strong></span> <span class='ocrx_word' id='word_1_105' title='bbox 863 1420 1124 1492; x_wconf 81' lang='grc' dir='ltr'>Πατρός.ι</span> 
     </span>
    </p>
   </div>
   <div class='ocr_carea' id='block_1_17' title="bbox 219 1599 1726 1680">
    <p class='ocr_par' dir='ltr' id='par_1_17' title="bbox 219 1599 1726 1680">
     <span class='ocr_line' id='line_1_17' title="bbox 219 1599 1726 1680; baseline 0.005 -26"><span class='ocrx_word' id='word_1_106' title='bbox 219 1599 308 1654; x_wconf 74' lang='lat' dir='ltr'><strong>2i.</strong></span> <span class='ocrx_word' id='word_1_107' title='bbox 337 1601 483 1673; x_wconf 84' lang='grc' dir='ltr'>Πλὴν</span> <span class='ocrx_word' id='word_1_108' title='bbox 504 1602 586 1655; x_wconf 81' lang='grc' dir='ltr'><strong>ὅτι</strong></span> <span class='ocrx_word' id='word_1_109' title='bbox 620 1602 867 1666; x_wconf 84' lang='grc' dir='ltr'><strong>συνόδους</strong></span> <span class='ocrx_word' id='word_1_110' title='bbox 920 1606 1163 1674; x_wconf 85' lang='grc' dir='ltr'>συνεχεῖς</span> <span class='ocrx_word' id='word_1_111' title='bbox 1188 1605 1328 1659; x_wconf 86' lang='grc' dir='ltr'>κατὰ</span> <span class='ocrx_word' id='word_1_112' title='bbox 1353 1606 1452 1677; x_wconf 89' lang='grc' dir='ltr'><strong>τῆς</strong></span> <span class='ocrx_word' id='word_1_113' title='bbox 1480 1609 1726 1680; x_wconf 72' lang='grc' dir='ltr'>οἰκούμε-</span> 
     </span>
    </p>
   </div>
   <div class='ocr_carea' id='block_1_18' title="bbox 1825 526 3394 597">
    <p class='ocr_par' dir='ltr' id='par_1_18' title="bbox 1825 526 3394 597">
     <span class='ocr_line' id='line_1_18' title="bbox 1825 526 3394 597; baseline 0.001 -16"><span class='ocrx_word' id='word_1_114' title='bbox 1825 527 2053 597; x_wconf 89' lang='lat' dir='ltr'><strong>singulis</strong></span> <span class='ocrx_word' id='word_1_115' title='bbox 2086 526 2366 580; x_wconf 85' lang='lat' dir='ltr'><strong>mensibus</strong></span> <span class='ocrx_word' id='word_1_116' title='bbox 2396 526 2632 596; x_wconf 81' lang='lat' dir='ltr'><strong>synodos</strong></span> <span class='ocrx_word' id='word_1_117' title='bbox 2660 534 2982 592; x_wconf 83' lang='lat' dir='ltr'><strong>convocem,</strong></span> <span class='ocrx_word' id='word_1_118' title='bbox 3012 527 3096 580; x_wconf 82' lang='lat' dir='ltr'><strong>vel</strong></span> <span class='ocrx_word' id='word_1_119' title='bbox 3120 543 3246 583; x_wconf 89' lang='lat' dir='ltr'><strong>sero</strong></span> <span class='ocrx_word' id='word_1_120' title='bbox 3272 538 3394 583; x_wconf 82' lang='lat' dir='ltr'><strong>tan-</strong></span> 
     </span>
    </p>
   </div>
   <div class='ocr_carea' id='block_1_19' title="bbox 1824 617 3390 676">
    <p class='ocr_par' dir='ltr' id='par_1_19' title="bbox 1824 617 3390 676">
     <span class='ocr_line' id='line_1_19' title="bbox 1824 617 3390 676; baseline 0.001 -4"><span class='ocrx_word' id='word_1_121' title='bbox 1824 618 1945 672; x_wconf 91' lang='lat' dir='ltr'><strong>dem</strong></span> <span class='ocrx_word' id='word_1_122' title='bbox 1973 619 2134 672; x_wconf 83' lang='lat' dir='ltr'><strong>latam</strong></span> <span class='ocrx_word' id='word_1_123' title='bbox 2154 626 2339 672; x_wconf 88' lang='lat' dir='ltr'><strong>contra</strong></span> <span class='ocrx_word' id='word_1_124' title='bbox 2366 617 2597 670; x_wconf 87' lang='lat' dir='ltr'><strong>Arianos</strong></span> <span class='ocrx_word' id='word_1_125' title='bbox 2626 618 2950 671; x_wconf 87' lang='lat' dir='ltr'><strong>sententiam</strong></span> <span class='ocrx_word' id='word_1_126' title='bbox 2995 618 3390 676; x_wconf 88' lang='lat' dir='ltr'><strong>obliterandam</strong></span> 
     </span>
    </p>
   </div>
   <div class='ocr_carea' id='block_1_20' title="bbox 1823 709 3392 779">
    <p class='ocr_par' dir='ltr' id='par_1_20' title="bbox 1823 709 3392 779">
     <span class='ocr_line' id='line_1_20' title="bbox 1823 709 3392 779; baseline 0.001 -14"><span class='ocrx_word' id='word_1_127' title='bbox 1823 725 1964 765; x_wconf 83' lang='lat' dir='ltr'><strong>esse.</strong></span> <span class='ocrx_word' id='word_1_128' title='bbox 2000 709 2262 765; x_wconf 81' lang='lat' dir='ltr'><strong>Videntur</strong></span> <span class='ocrx_word' id='word_1_129' title='bbox 2290 710 2452 763; x_wconf 85' lang='lat' dir='ltr'><strong>etiam</strong></span> <span class='ocrx_word' id='word_1_130' title='bbox 2488 709 2720 773; x_wconf 86' lang='lat' dir='ltr'><strong>nescire,</strong></span> <span class='ocrx_word' id='word_1_131' title='bbox 2747 716 2842 762; x_wconf 92' lang='lat' dir='ltr'><strong>aut</strong></span> <span class='ocrx_word' id='word_1_132' title='bbox 2865 710 3006 764; x_wconf 89' lang='lat' dir='ltr'><strong>scire</strong></span> <span class='ocrx_word' id='word_1_133' title='bbox 3025 711 3266 779; x_wconf 85' lang='lat' dir='ltr'><strong>quidem,</strong></span> <span class='ocrx_word' id='word_1_134' title='bbox 3296 712 3392 767; x_wconf 86' lang='lat' dir='ltr'><strong>sed</strong></span> 
     </span>
    </p>
   </div>
   <div class='ocr_carea' id='block_1_21' title="bbox 1825 798 3391 873">
    <p class='ocr_par' dir='ltr' id='par_1_21' title="bbox 1825 798 3391 873">
     <span class='ocr_line' id='line_1_21' title="bbox 1825 798 3391 873; baseline 0.002 -19"><span class='ocrx_word' id='word_1_135' title='bbox 1825 800 2082 854; x_wconf 89' lang='lat' dir='ltr'><strong>simulare</strong></span> <span class='ocrx_word' id='word_1_136' title='bbox 2113 799 2268 869; x_wconf 91' lang='lat' dir='ltr'><strong>quasi</strong></span> <span class='ocrx_word' id='word_1_137' title='bbox 2309 798 2576 866; x_wconf 82' lang='lat' dir='ltr'><strong>nesciant,</strong></span> <span class='ocrx_word' id='word_1_138' title='bbox 2603 798 2767 851; x_wconf 85' lang='lat' dir='ltr'><strong>etiam</strong></span> <span class='ocrx_word' id='word_1_139' title='bbox 2801 808 2926 853; x_wconf 90' lang='lat' dir='ltr'><strong>ante</strong></span> <span class='ocrx_word' id='word_1_140' title='bbox 2977 799 3252 856; x_wconf 72' lang='lat' dir='ltr'><strong>Nicamam</strong></span> <span class='ocrx_word' id='word_1_141' title='bbox 3299 818 3391 873; x_wconf 83' lang='lat' dir='ltr'><strong>sy-</strong></span> 
     </span>
    </p>
   </div>
   <div class='ocr_carea' id='block_1_22' title="bbox 1826 890 3394 967">
    <p class='ocr_par' dir='ltr' id='par_1_22' title="bbox 1826 890 3394 967">
     <span class='ocr_line' id='line_1_22' title="bbox 1826 890 3394 967; baseline 0.004 -21"><span class='ocrx_word' id='word_1_142' title='bbox 1826 894 2028 948; x_wconf 87' lang='lat' dir='ltr'><strong>nodum</strong></span> <span class='ocrx_word' id='word_1_143' title='bbox 2060 893 2305 947; x_wconf 72' lang='lat' dir='ltr'><strong>haeresim</strong></span> <span class='ocrx_word' id='word_1_144' title='bbox 2354 891 2513 946; x_wconf 85' lang='lat' dir='ltr'><strong>istam</strong></span> <span class='ocrx_word' id='word_1_145' title='bbox 2557 890 2976 946; x_wconf 87' lang='lat' dir='ltr'><strong>abominabilem</strong></span> <span class='ocrx_word' id='word_1_146' title='bbox 3015 893 3230 962; x_wconf 83' lang='lat' dir='ltr'><strong>fuisse;</strong></span> <span class='ocrx_word' id='word_1_147' title='bbox 3282 913 3394 967; x_wconf 90' lang='lat' dir='ltr'><strong>quo</strong></span> 
     </span>
    </p>
   </div>
   <div class='ocr_carea' id='block_1_23' title="bbox 1829 983 3398 1057">
    <p class='ocr_par' dir='ltr' id='par_1_23' title="bbox 1829 983 3398 1057">
     <span class='ocr_line' id='line_1_23' title="bbox 1829 983 3398 1057; baseline 0.003 -19"><span class='ocrx_word' id='word_1_148' title='bbox 1829 993 2068 1053; x_wconf 87' lang='lat' dir='ltr'><strong>tempore</strong></span> <span class='ocrx_word' id='word_1_149' title='bbox 2093 983 2344 1039; x_wconf 87' lang='lat' dir='ltr'><strong>Artemas</strong></span> <span class='ocrx_word' id='word_1_150' title='bbox 2372 984 2491 1054; x_wconf 86' lang='lat' dir='ltr'><strong>ejus</strong></span> <span class='ocrx_word' id='word_1_151' title='bbox 2512 984 2869 1040; x_wconf 81' lang='lat' dir='ltr'><strong>fundamenta</strong></span> <span class='ocrx_word' id='word_1_152' title='bbox 2893 985 3100 1054; x_wconf 86' lang='lat' dir='ltr'><strong>jaceret</strong></span> <span class='ocrx_word' id='word_1_153' title='bbox 3131 986 3243 1057; x_wconf 82' lang='grc'>(50)</span> <span class='ocrx_word' id='word_1_154' title='bbox 3279 1006 3293 1056; x_wconf 90' lang='grc'><strong>;</strong></span> <span class='ocrx_word' id='word_1_155' title='bbox 3340 997 3398 1042; x_wconf 85' lang='lat' dir='ltr'><strong>et</strong></span> 
     </span>
    </p>
   </div>
   <div class='ocr_carea' id='block_1_24' title="bbox 1826 1076 3395 1148">
    <p class='ocr_par' dir='ltr' id='par_1_24' title="bbox 1826 1076 3395 1148">
     <span class='ocr_line' id='line_1_24' title="bbox 1826 1076 3395 1148; baseline 0.003 -18"><span class='ocrx_word' id='word_1_156' title='bbox 1826 1086 1952 1131; x_wconf 87' lang='lat' dir='ltr'><strong>ante</strong></span> <span class='ocrx_word' id='word_1_157' title='bbox 1981 1077 2153 1142; x_wconf 80' lang='lat' dir='ltr'><strong>illum,</strong></span> <span class='ocrx_word' id='word_1_158' title='bbox 2182 1076 2403 1146; x_wconf 65' lang='lat' dir='ltr'><strong>Caiphaa</strong></span> <span class='ocrx_word' id='word_1_159' title='bbox 2437 1085 2491 1132; x_wconf 89' lang='lat' dir='ltr'><strong>et</strong></span> <span class='ocrx_word' id='word_1_160' title='bbox 2515 1077 2916 1132; x_wconf 79' lang='lat' dir='ltr'><strong>Pharisaeorum</strong></span> <span class='ocrx_word' id='word_1_161' title='bbox 2952 1077 3098 1132; x_wconf 90' lang='lat' dir='ltr'><strong>illius</strong></span> <span class='ocrx_word' id='word_1_162' title='bbox 3133 1081 3395 1148; x_wconf 89' lang='lat' dir='ltr'><strong>temporis</strong></span> 
     </span>
    </p>
   </div>
   <div class='ocr_carea' id='block_1_25' title="bbox 1825 1167 3396 1238">
    <p class='ocr_par' dir='ltr' id='par_1_25' title="bbox 1825 1167 3396 1238">
     <span class='ocr_line' id='line_1_25' title="bbox 1825 1167 3396 1238; baseline 0.002 -16"><span class='ocrx_word' id='word_1_163' title='bbox 1825 1183 2139 1223; x_wconf 87' lang='lat' dir='ltr'><strong>consessus.</strong></span> <span class='ocrx_word' id='word_1_164' title='bbox 2190 1167 2303 1222; x_wconf 88' lang='lat' dir='ltr'><strong>lmo</strong></span> <span class='ocrx_word' id='word_1_165' title='bbox 2376 1184 2590 1238; x_wconf 84' lang='lat' dir='ltr'><strong>semper</strong></span> <span class='ocrx_word' id='word_1_166' title='bbox 2635 1169 2839 1224; x_wconf 81' lang='lat' dir='ltr'><strong>Christi</strong></span> <span class='ocrx_word' id='word_1_167' title='bbox 2891 1169 3132 1223; x_wconf 89' lang='lat' dir='ltr'><strong>hostium</strong></span> <span class='ocrx_word' id='word_1_168' title='bbox 3181 1170 3396 1226; x_wconf 82' lang='lat' dir='ltr'><strong>ofﬁcina</strong></span> 
     </span>
    </p>
   </div>
   <div class='ocr_carea' id='block_1_26' title="bbox 1824 1261 3395 1331">
    <p class='ocr_par' dir='ltr' id='par_1_26' title="bbox 1824 1261 3395 1331">
     <span class='ocr_line' id='line_1_26' title="bbox 1824 1261 3395 1331; baseline 0.002 -15"><span class='ocrx_word' id='word_1_169' title='bbox 1824 1262 2172 1317; x_wconf 84' lang='lat' dir='ltr'><strong>exsecrabilis</strong></span> <span class='ocrx_word' id='word_1_170' title='bbox 2203 1272 2307 1327; x_wconf 89' lang='lat' dir='ltr'><strong>est,</strong></span> <span class='ocrx_word' id='word_1_171' title='bbox 2345 1277 2446 1316; x_wconf 90' lang='lat' dir='ltr'><strong>nec</strong></span> <span class='ocrx_word' id='word_1_172' title='bbox 2477 1277 2717 1331; x_wconf 88' lang='lat' dir='ltr'><strong>unquam</strong></span> <span class='ocrx_word' id='word_1_173' title='bbox 2773 1261 3010 1316; x_wconf 84' lang='lat' dir='ltr'><strong>cessabit</strong></span> <span class='ocrx_word' id='word_1_174' title='bbox 3031 1277 3150 1317; x_wconf 88' lang='lat' dir='ltr'><strong>esse</strong></span> <span class='ocrx_word' id='word_1_175' title='bbox 3182 1263 3395 1319; x_wconf 89' lang='lat' dir='ltr'><strong>odiosa.</strong></span> 
     </span>
    </p>
   </div>
   <div class='ocr_carea' id='block_1_27' title="bbox 1825 1354 3399 1424">
    <p class='ocr_par' dir='ltr' id='par_1_27' title="bbox 1825 1354 3399 1424">
     <span class='ocr_line' id='line_1_27' title="bbox 1825 1354 3399 1424; baseline 0.002 -16"><span class='ocrx_word' id='word_1_176' title='bbox 1825 1354 1972 1424; x_wconf 92' lang='lat' dir='ltr'><strong>quod</strong></span> <span class='ocrx_word' id='word_1_177' title='bbox 1994 1354 2330 1410; x_wconf 86' lang='lat' dir='ltr'><strong>Dominicum</strong></span> <span class='ocrx_word' id='word_1_178' title='bbox 2361 1369 2561 1410; x_wconf 89' lang='lat' dir='ltr'><strong>nomen</strong></span> <span class='ocrx_word' id='word_1_179' title='bbox 2587 1355 3122 1411; x_wconf 79' lang='lat' dir='ltr'><strong>sitamabi&#39;lissimum</strong></span> <span class='ocrx_word' id='word_1_180' title='bbox 3141 1365 3193 1410; x_wconf 89' lang='lat' dir='ltr'><strong>et</strong></span> <span class='ocrx_word' id='word_1_181' title='bbox 3219 1357 3399 1411; x_wconf 79' lang='lat' dir='ltr'><strong>omnis</strong></span> 
     </span>
    </p>
   </div>
   <div class='ocr_carea' id='block_1_28' title="bbox 1825 1445 3397 1516">
    <p class='ocr_par' dir='ltr' id='par_1_28' title="bbox 1825 1445 3397 1516">
     <span class='ocr_line' id='line_1_28' title="bbox 1825 1445 3397 1516; baseline 0.001 -16"><span class='ocrx_word' id='word_1_182' title='bbox 1825 1456 2076 1500; x_wconf 83' lang='lat' dir='ltr'><strong>creatura</strong></span> <span class='ocrx_word' id='word_1_183' title='bbox 2110 1460 2282 1516; x_wconf 83' lang='lat' dir='ltr'><strong>genua</strong></span> <span class='ocrx_word' id='word_1_184' title='bbox 2310 1445 2511 1510; x_wconf 83' lang='lat' dir='ltr'><strong>ﬂectat,</strong></span> <span class='ocrx_word' id='word_1_185' title='bbox 2535 1454 2588 1500; x_wconf 89' lang='lat' dir='ltr'><strong>et</strong></span> <span class='ocrx_word' id='word_1_186' title='bbox 2619 1447 2962 1512; x_wconf 88' lang='lat' dir='ltr'><strong>conﬁteatur,</strong></span> <span class='ocrx_word' id='word_1_187' title='bbox 3008 1466 3026 1498; x_wconf 84' lang='grc' dir='ltr'><strong>ι</strong></span> <span class='ocrx_word' id='word_1_188' title='bbox 3059 1448 3187 1515; x_wconf 89' lang='lat' dir='ltr'><strong>quia</strong></span> <span class='ocrx_word' id='word_1_189' title='bbox 3210 1447 3397 1502; x_wconf 53' lang='lat' dir='ltr'><strong>Domi-</strong></span> 
     </span>
    </p>
   </div>
   <div class='ocr_carea' id='block_1_29' title="bbox 1826 1535 3182 1607">
    <p class='ocr_par' dir='ltr' id='par_1_29' title="bbox 1826 1535 3182 1607">
     <span class='ocr_line' id='line_1_29' title="bbox 1826 1535 3182 1607; baseline 0 -17"><span class='ocrx_word' id='word_1_190' title='bbox 1826 1547 1930 1591; x_wconf 89' lang='lat' dir='ltr'><strong>nus</strong></span> <span class='ocrx_word' id='word_1_191' title='bbox 1953 1536 2111 1592; x_wconf 87' lang='lat' dir='ltr'><strong>Jesus</strong></span> <span class='ocrx_word' id='word_1_192' title='bbox 2147 1535 2398 1591; x_wconf 84' lang='lat' dir='ltr'><strong>Christus</strong></span> <span class='ocrx_word' id='word_1_193' title='bbox 2428 1537 2482 1590; x_wconf 93' lang='lat' dir='ltr'><strong>in</strong></span> <span class='ocrx_word' id='word_1_194' title='bbox 2503 1537 2674 1607; x_wconf 81' lang='lat' dir='ltr'><strong>gloria</strong></span> <span class='ocrx_word' id='word_1_195' title='bbox 2710 1546 2794 1592; x_wconf 90' lang='lat' dir='ltr'><strong>est</strong></span> <span class='ocrx_word' id='word_1_196' title='bbox 2817 1536 2912 1592; x_wconf 88' lang='lat' dir='ltr'><strong>Dei</strong></span> <span class='ocrx_word' id='word_1_197' title='bbox 2933 1536 3131 1592; x_wconf 85' lang='lat' dir='ltr'><strong>Patris.</strong></span> <span class='ocrx_word' id='word_1_198' title='bbox 3163 1557 3182 1590; x_wconf 76' lang='grc' dir='ltr'><strong>ι</strong></span> 
     </span>
    </p>
   </div>
   <div class='ocr_carea' id='block_1_30' title="bbox 1895 1627 3399 1699">
    <p class='ocr_par' dir='ltr' id='par_1_30' title="bbox 1895 1627 3399 1699">
     <span class='ocr_line' id='line_1_30' title="bbox 1895 1627 3399 1699; baseline 0.001 -17"><span class='ocrx_word' id='word_1_199' title='bbox 1895 1629 1986 1684; x_wconf 76' lang='grc'><strong>21.</strong></span> <span class='ocrx_word' id='word_1_200' title='bbox 2041 1628 2310 1684; x_wconf 67' lang='lat' dir='ltr'><strong>Caeterum</strong></span> <span class='ocrx_word' id='word_1_201' title='bbox 2359 1628 2436 1682; x_wconf 90' lang='lat' dir='ltr'><strong>illi</strong></span> <span class='ocrx_word' id='word_1_202' title='bbox 2480 1627 2792 1698; x_wconf 89' lang='lat' dir='ltr'><strong>frequentes</strong></span> <span class='ocrx_word' id='word_1_203' title='bbox 2850 1629 3087 1699; x_wconf 84' lang='lat' dir='ltr'><strong>synodos</strong></span> <span class='ocrx_word' id='word_1_204' title='bbox 3136 1629 3399 1683; x_wconf 82' lang='lat' dir='ltr'><strong>adversus</strong></span> 
     </span>
    </p>
   </div>
   <div class='ocr_carea' id='block_1_31' title="bbox 143 1694 1727 1801">
    <p class='ocr_par' dir='ltr' id='par_1_31' title="bbox 143 1694 1725 1775">
     <span class='ocr_line' id='line_1_31' title="bbox 143 1694 1725 1775; baseline 0.004 -25"><span class='ocrx_word' id='word_1_205' title='bbox 143 1695 306 1764; x_wconf 78' lang='grc' dir='ltr'>νικῆς</span> <span class='ocrx_word' id='word_1_206' title='bbox 346 1694 622 1758; x_wconf 83' lang='grc' dir='ltr'>ποιοῦντες</span> <span class='ocrx_word' id='word_1_207' title='bbox 661 1695 870 1748; x_wconf 81' lang='grc' dir='ltr'>οὐδέπω</span> <span class='ocrx_word' id='word_1_208' title='bbox 921 1699 1253 1768; x_wconf 88' lang='grc' dir='ltr'>κεκμήκασι.</span> <span class='ocrx_word' id='word_1_209' title='bbox 1301 1700 1456 1753; x_wconf 87' lang='grc' dir='ltr'><strong>Μετὰ</strong></span> <span class='ocrx_word' id='word_1_210' title='bbox 1479 1701 1585 1775; x_wconf 87' lang='grc' dir='ltr'>γὰρ</span> <span class='ocrx_word' id='word_1_211' title='bbox 1626 1705 1725 1774; x_wconf 85' lang='grc' dir='ltr'><strong>τὴν</strong></span> 
     </span>
    </p>
   </div>
   <div class='ocr_carea' id='block_1_32' title="bbox 1844 1694 3399 1801">
    <p class='ocr_par' dir='ltr' id='par_1_32' title="bbox 1844 1694 3399 1791">
     <span class='ocr_line' id='line_1_32' title="bbox 1844 1694 3399 1791; baseline -0.001 -16"><span class='ocrx_word' id='word_1_212' title='bbox 1844 1722 2131 1776; x_wconf 83' lang='lat' dir='ltr'><strong>iniversale</strong></span> <span class='ocrx_word' id='word_1_213' title='bbox 2163 1721 2296 1776; x_wconf 92' lang='lat' dir='ltr'><strong>illud</strong></span> <span class='ocrx_word' id='word_1_214' title='bbox 2321 1694 2611 1776; x_wconf 82' lang='lat' dir='ltr'><strong>concilium</strong></span> <span class='ocrx_word' id='word_1_215' title='bbox 2635 1694 2970 1776; x_wconf 70' lang='lat' dir='ltr'><strong>celebrantes</strong></span> <span class='ocrx_word' id='word_1_216' title='bbox 3000 1736 3274 1791; x_wconf 86' lang='lat' dir='ltr'><strong>nunquam</strong></span> <span class='ocrx_word' id='word_1_217' title='bbox 3311 1719 3399 1775; x_wconf 79' lang='lat' dir='ltr'><strong>fa-</strong></span> 
     </span>
    </p>
   </div>
   <div class='ocr_carea' id='block_1_33' title="bbox 143 1787 1717 1867">
    <p class='ocr_par' dir='ltr' id='par_1_33' title="bbox 143 1787 1717 1867">
     <span class='ocr_line' id='line_1_33' title="bbox 143 1787 1717 1867; baseline 0.006 -27"><span class='ocrx_word' id='word_1_218' title='bbox 143 1788 204 1842; x_wconf 75' lang='grc' dir='ltr'>ὲν</span> <span class='ocrx_word' id='word_1_219' title='bbox 232 1787 441 1858; x_wconf 77' lang='grc' dir='ltr'>Νικαίᾳ</span> <span class='ocrx_word' id='word_1_220' title='bbox 491 1787 705 1841; x_wconf 82' lang='grc' dir='ltr'>σύνοδον</span> <span class='ocrx_word' id='word_1_221' title='bbox 743 1789 950 1860; x_wconf 78' lang='grc' dir='ltr'>οἱπερὶ</span> <span class='ocrx_word' id='word_1_222' title='bbox 1003 1791 1264 1845; x_wconf 81' lang='grc' dir='ltr'>Εὐσέϐιον</span> <span class='ocrx_word' id='word_1_223' title='bbox 1319 1794 1717 1867; x_wconf 80' lang='grc' dir='ltr'>κατῃρέθησαν·</span> 
     </span>
    </p>
   </div>
   <div class='ocr_carea' id='block_1_34' title="bbox 142 1878 1726 1956">
    <p class='ocr_par' dir='ltr' id='par_1_34' title="bbox 142 1878 1726 1956">
     <span class='ocr_line' id='line_1_34' title="bbox 142 1878 1726 1956; baseline 0.006 -25"><span class='ocrx_word' id='word_1_224' title='bbox 142 1878 286 1932; x_wconf 81' lang='grc' dir='ltr'>ἀλλὰ</span> <span class='ocrx_word' id='word_1_225' title='bbox 318 1879 455 1950; x_wconf 84' lang='grc' dir='ltr'>μετὰ</span> <span class='ocrx_word' id='word_1_226' title='bbox 507 1881 697 1951; x_wconf 86' lang='grc' dir='ltr'>χρόνον</span> <span class='ocrx_word' id='word_1_227' title='bbox 747 1881 1032 1946; x_wconf 79' lang='grc' dir='ltr'>ἐπιῦάντες</span> <span class='ocrx_word' id='word_1_228' title='bbox 1065 1882 1176 1955; x_wconf 81' lang='grc'>(51)</span> <span class='ocrx_word' id='word_1_229' title='bbox 1222 1885 1588 1956; x_wconf 81' lang='grc' dir='ltr'>ἀναισχύντως</span> <span class='ocrx_word' id='word_1_230' title='bbox 1607 1891 1726 1952; x_wconf 85' lang='grc' dir='ltr'>ταῖς</span> 
     </span>
    </p>
   </div>
   <div class='ocr_carea' id='block_1_35' title="bbox 158 1969 1729 2046">
    <p class='ocr_par' dir='ltr' id='par_1_35' title="bbox 158 1969 1729 2046">
     <span class='ocr_line' id='line_1_35' title="bbox 158 1969 1729 2046; baseline 0.008 -24"><span class='ocrx_word' id='word_1_231' title='bbox 158 1969 507 2041; x_wconf 81' lang='grc' dir='ltr'>Ἐκκλησίαις</span> <span class='ocrx_word' id='word_1_232' title='bbox 533 1971 760 2043; x_wconf 73' lang='grc' dir='ltr'>ἤρξαντο</span> <span class='ocrx_word' id='word_1_233' title='bbox 804 1978 916 2038; x_wconf 87' lang='grc' dir='ltr'>τοῖς</span> <span class='ocrx_word' id='word_1_234' title='bbox 965 1976 1063 2046; x_wconf 79' lang='grc' dir='ltr'><strong>μὲν</strong></span> <span class='ocrx_word' id='word_1_235' title='bbox 1131 1977 1499 2046; x_wconf 82' lang='grc' dir='ltr'>ἀντιλέγουσιν</span> <span class='ocrx_word' id='word_1_236' title='bbox 1545 1981 1729 2045; x_wconf 86' lang='grc' dir='ltr'>αὐτοῖς</span> 
     </span>
    </p>
   </div>
   <div class='ocr_carea' id='block_1_36' title="bbox 145 2063 1729 2143">
    <p class='ocr_par' dir='ltr' id='par_1_36' title="bbox 145 2063 1729 2143">
     <span class='ocr_line' id='line_1_36' title="bbox 145 2063 1729 2143; baseline 0.008 -30"><span class='ocrx_word' id='word_1_237' title='bbox 145 2063 470 2126; x_wconf 76' lang='grc' dir='ltr'>ἐπισκόποις</span> <span class='ocrx_word' id='word_1_238' title='bbox 495 2063 892 2143; x_wconf 64' lang='grc' dir='ltr'><strong>¹ἐπιϐουλεύειν,</strong></span> <span class='ocrx_word' id='word_1_239' title='bbox 951 2067 1072 2121; x_wconf 72' lang='grc' dir='ltr'>ἀντὶ</span> <span class='ocrx_word' id='word_1_240' title='bbox 1123 2068 1181 2122; x_wconf 83' lang='grc' dir='ltr'>δὲ</span> <span class='ocrx_word' id='word_1_241' title='bbox 1223 2068 1429 2124; x_wconf 86' lang='grc' dir='ltr'>τούτων</span> <span class='ocrx_word' id='word_1_242' title='bbox 1473 2073 1600 2135; x_wconf 80' lang='grc' dir='ltr'>τοὺς</span> <span class='ocrx_word' id='word_1_243' title='bbox 1629 2073 1729 2143; x_wconf 85' lang='grc' dir='ltr'><strong>τῆς</strong></span> 
     </span>
    </p>
   </div>
   <div class='ocr_carea' id='block_1_37' title="bbox 146 2153 1718 2233">
    <p class='ocr_par' dir='ltr' id='par_1_37' title="bbox 146 2153 1718 2233">
     <span class='ocr_line' id='line_1_37' title="bbox 146 2153 1718 2233; baseline 0.006 -27"><span class='ocrx_word' id='word_1_244' title='bbox 146 2155 414 2224; x_wconf 87' lang='grc' dir='ltr'>αἱρέσεως</span> <span class='ocrx_word' id='word_1_245' title='bbox 437 2153 618 2209; x_wconf 83' lang='grc' dir='ltr'>αὐτῶν</span> <span class='ocrx_word' id='word_1_246' title='bbox 651 2155 762 2224; x_wconf 77' lang='grc'>(52)</span> <span class='ocrx_word' id='word_1_247' title='bbox 797 2156 1138 2211; x_wconf 83' lang='grc' dir='ltr'>καθιστάνειν</span> <span class='ocrx_word' id='word_1_248' title='bbox 1155 2160 1234 2222; x_wconf 80' lang='grc' dir='ltr'>εἰς</span> <span class='ocrx_word' id='word_1_249' title='bbox 1265 2159 1363 2221; x_wconf 84' lang='grc' dir='ltr'>τὰς</span> <span class='ocrx_word' id='word_1_250' title='bbox 1378 2161 1718 2233; x_wconf 68' lang='grc' dir='ltr'>Ἐκκλησίας</span> 
     </span>
    </p>
   </div>
   <div class='ocr_carea' id='block_1_38' title="bbox 99 2234 1725 2324">
    <p class='ocr_par' dir='ltr' id='par_1_38' title="bbox 99 2234 1725 2324">
     <span class='ocr_line' id='line_1_38' title="bbox 99 2234 1725 2324; baseline 0.005 -26"><span class='ocrx_word' id='word_1_251' title='bbox 99 2234 102 2236; x_wconf 27' lang='grc'>⁷</span> <span class='ocrx_word' id='word_1_252' title='bbox 147 2246 218 2300; x_wconf 83' lang='grc' dir='ltr'><strong>ἶν’</strong></span> <span class='ocrx_word' id='word_1_253' title='bbox 251 2247 340 2298; x_wconf 81' lang='grc' dir='ltr'>ὅτε</span> <span class='ocrx_word' id='word_1_254' title='bbox 377 2246 654 2315; x_wconf 85' lang='grc' dir='ltr'>βούλονται</span> <span class='ocrx_word' id='word_1_255' title='bbox 687 2249 952 2319; x_wconf 85' lang='grc' dir='ltr'>ποιήσωσι</span> <span class='ocrx_word' id='word_1_256' title='bbox 1016 2249 1118 2313; x_wconf 80' lang='grc' dir='ltr'><strong>τὰς</strong></span> <span class='ocrx_word' id='word_1_257' title='bbox 1179 2251 1462 2319; x_wconf 83' lang='grc' dir='ltr'>συνόδους,</span> <span class='ocrx_word' id='word_1_258' title='bbox 1513 2253 1725 2324; x_wconf 80' lang='grc' dir='ltr'>ἔχοντες</span> 
     </span>
    </p>
   </div>
   <div class='ocr_carea' id='block_1_39' title="bbox 145 2339 1730 2414">
    <p class='ocr_par' dir='ltr' id='par_1_39' title="bbox 145 2339 1730 2414">
     <span class='ocr_line' id='line_1_39' title="bbox 145 2339 1730 2414; baseline 0.004 -22"><span class='ocrx_word' id='word_1_259' title='bbox 145 2341 278 2401; x_wconf 85' lang='grc' dir='ltr'>τοὺς</span> <span class='ocrx_word' id='word_1_260' title='bbox 298 2339 684 2411; x_wconf 80' lang='grc' dir='ltr'>συντρέχοντας</span> <span class='ocrx_word' id='word_1_261' title='bbox 704 2341 907 2408; x_wconf 81' lang='grc' dir='ltr'>αὐτοῖς,</span> <span class='ocrx_word' id='word_1_262' title='bbox 937 2342 1030 2405; x_wconf 84' lang='grc' dir='ltr'><strong>οὒς</strong></span> <span class='ocrx_word' id='word_1_263' title='bbox 1049 2342 1297 2414; x_wconf 79' lang='grc' dir='ltr'>ἐπίτηδες</span> <span class='ocrx_word' id='word_1_264' title='bbox 1317 2345 1398 2408; x_wconf 81' lang='grc' dir='ltr'><strong>εἰς</strong></span> <span class='ocrx_word' id='word_1_265' title='bbox 1421 2345 1552 2398; x_wconf 82' lang='grc' dir='ltr'>αὐτὸ</span> <span class='ocrx_word' id='word_1_266' title='bbox 1573 2343 1730 2399; x_wconf 90' lang='grc' dir='ltr'>τοῦτο</span> 
     </span>
    </p>
   </div>
   <div class='ocr_carea' id='block_1_40' title="bbox 144 2428 1728 2506">
    <p class='ocr_par' dir='ltr' id='par_1_40' title="bbox 144 2428 1728 2506">
     <span class='ocr_line' id='line_1_40' title="bbox 144 2428 1728 2506; baseline 0.006 -26"><span class='ocrx_word' id='word_1_267' title='bbox 144 2428 616 2499; x_wconf 79' lang='grc' dir='ltr'>προεχειρίσαντο.</span> <span class='ocrx_word' id='word_1_268' title='bbox 674 2430 1030 2501; x_wconf 86' lang='grc' dir='ltr'>Συνέρχονται</span> <span class='ocrx_word' id='word_1_269' title='bbox 1094 2432 1271 2486; x_wconf 85' lang='grc' dir='ltr'>τοίνυν</span> <span class='ocrx_word' id='word_1_270' title='bbox 1335 2435 1392 2486; x_wconf 77' lang='grc' dir='ltr'>ὲν</span> <span class='ocrx_word' id='word_1_271' title='bbox 1460 2434 1728 2506; x_wconf 84' lang='grc' dir='ltr'>Ἰερουσα-</span> 
     </span>
    </p>
   </div>
   <div class='ocr_carea' id='block_1_41' title="bbox 143 2521 1060 2593">
    <p class='ocr_par' dir='ltr' id='par_1_41' title="bbox 143 2521 1060 2593">
     <span class='ocr_line' id='line_1_41' title="bbox 143 2521 1060 2593; baseline 0.004 -20"><span class='ocrx_word' id='word_1_272' title='bbox 143 2522 264 2591; x_wconf 83' lang='grc' dir='ltr'>λὴμ</span> <span class='ocrx_word' id='word_1_273' title='bbox 290 2521 423 2591; x_wconf 78' lang='grc'>(55),</span> <span class='ocrx_word' id='word_1_274' title='bbox 452 2521 542 2574; x_wconf 75' lang='grc' dir='ltr'><strong>καὶ</strong></span> <span class='ocrx_word' id='word_1_275' title='bbox 573 2521 840 2593; x_wconf 72' lang='grc' dir='ltr'>γράφουσι</span> <span class='ocrx_word' id='word_1_276' title='bbox 871 2522 1060 2577; x_wconf 87' lang='grc' dir='ltr'>ταῦτα.</span> 
     </span>
    </p>
   </div>
   <div class='ocr_carea' id='block_1_42' title="bbox 157 2655 1728 2728">
    <p class='ocr_par' dir='ltr' id='par_1_42' title="bbox 157 2655 1728 2728">
     <span class='ocr_line' id='line_1_42' title="bbox 157 2655 1728 2728; baseline 0.002 -17"><span class='ocrx_word' id='word_1_277' title='bbox 157 2655 224 2711; x_wconf 82' lang='grc' dir='ltr'>Ἡ</span> <span class='ocrx_word' id='word_1_278' title='bbox 249 2657 389 2726; x_wconf 71' lang='grc' dir='ltr'>ἁγία</span> <span class='ocrx_word' id='word_1_279' title='bbox 412 2655 693 2723; x_wconf 81' lang='grc' dir='ltr'>σύνοδος,</span> <span class='ocrx_word' id='word_1_280' title='bbox 714 2657 751 2728; x_wconf 71' lang='lat'><strong>7)</strong></span> <span class='ocrx_word' id='word_1_281' title='bbox 784 2658 851 2711; x_wconf 79' lang='grc' dir='ltr'><strong>ἐν</strong></span> <span class='ocrx_word' id='word_1_282' title='bbox 897 2658 1324 2728; x_wconf 72' lang='grc' dir='ltr'>Ἱεροσολύμοις</span> <span class='ocrx_word' id='word_1_283' title='bbox 1367 2661 1516 2714; x_wconf 84' lang='grc' dir='ltr'>Θεοῦ</span> <span class='ocrx_word' id='word_1_284' title='bbox 1535 2660 1728 2728; x_wconf 83' lang='grc' dir='ltr'>χάριτι</span> 
     </span>
    </p>
   </div>
   <div class='ocr_carea' id='block_1_43' title="bbox 219 2727 1730 2799">
    <p class='ocr_par' dir='ltr' id='par_1_43' title="bbox 219 2727 1730 2799">
     <span class='ocr_line' id='line_1_43' title="bbox 219 2727 1730 2799; baseline -0.001 -17"><span class='ocrx_word' id='word_1_285' title='bbox 219 2728 634 2799; x_wconf 69' lang='grc' dir='ltr'>συναχθεῖσα,</span> <span class='ocrx_word' id='word_1_286' title='bbox 679 2727 753 2795; x_wconf 79' lang='grc' dir='ltr'>τῇ</span> <span class='ocrx_word' id='word_1_287' title='bbox 807 2729 1151 2799; x_wconf 36' lang='grc' dir='ltr'>-Ἑκκλησίᾳ</span> <span class='ocrx_word' id='word_1_288' title='bbox 1190 2727 1302 2786; x_wconf 24' lang='grc' dir='ltr'>ίῖοῦ</span> <span class='ocrx_word' id='word_1_289' title='bbox 1355 2730 1501 2784; x_wconf 85' lang='grc' dir='ltr'>Θεοῦ</span> <span class='ocrx_word' id='word_1_290' title='bbox 1660 2731 1730 2784; x_wconf 80' lang='grc' dir='ltr'>ἐν</span> 
     </span>
    </p>
   </div>
   <div class='ocr_carea' id='block_1_44' title="bbox 232 2782 1730 2869">
    <p class='ocr_par' dir='ltr' id='par_1_44' title="bbox 232 2782 1730 2869">
     <span class='ocr_line' id='line_1_44' title="bbox 232 2782 1730 2869; baseline 0.003 -19"><span class='ocrx_word' id='word_1_291' title='bbox 232 2782 678 2869; x_wconf 57' lang='grc' dir='ltr'>Ἀλεξανδρείζι,</span> <span class='ocrx_word' id='word_1_292' title='bbox 723 2782 823 2850; x_wconf 47' lang='lat' dir='ltr'><strong>ita!</strong></span> <span class='ocrx_word' id='word_1_293' title='bbox 864 2799 988 2869; x_wconf 87' lang='grc' dir='ltr'>τοῖς</span> <span class='ocrx_word' id='word_1_294' title='bbox 1024 2782 1145 2868; x_wconf 62' lang='grc'>(54)</span> <span class='ocrx_word' id='word_1_295' title='bbox 1180 2782 1329 2853; x_wconf 51' lang='grc' dir='ltr'>φιάέά</span> <span class='ocrx_word' id='word_1_296' title='bbox 1368 2782 1574 2854; x_wconf 58' lang='grc' dir='ltr'>πᾶσαν</span> <span class='ocrx_word' id='word_1_297' title='bbox 1587 2782 1730 2869; x_wconf 47' lang='grc' dir='ltr'>’τὴν</span> 
     </span>
    </p>
   </div>
   <div class='ocr_carea' id='block_1_45' title="bbox 219 2868 1727 2937">
    <p class='ocr_par' dir='ltr' id='par_1_45' title="bbox 219 2868 1727 2937">
     <span class='ocr_line' id='line_1_45' title="bbox 219 2868 1727 2937; baseline 0.001 -15"><span class='ocrx_word' id='word_1_298' title='bbox 219 2868 550 2936; x_wconf 60' lang='grc' dir='ltr'>Αἴγυπτον,</span> <span class='ocrx_word' id='word_1_299' title='bbox 583 2868 679 2922; x_wconf 82' lang='grc' dir='ltr'>καὶ</span> <span class='ocrx_word' id='word_1_300' title='bbox 711 2868 986 2935; x_wconf 77' lang='grc' dir='ltr'>Θηϐαΐδα,</span> <span class='ocrx_word' id='word_1_301' title='bbox 1016 2869 1113 2922; x_wconf 80' lang='grc' dir='ltr'>καὶ</span> <span class='ocrx_word' id='word_1_302' title='bbox 1160 2872 1404 2937; x_wconf 81' lang='grc' dir='ltr'>Λιϐύην,</span> <span class='ocrx_word' id='word_1_303' title='bbox 1451 2871 1548 2924; x_wconf 80' lang='grc' dir='ltr'>καὶ</span> <span class='ocrx_word' id='word_1_304' title='bbox 1577 2868 1727 2924; x_wconf 68' lang='grc' dir='ltr'><strong>Πεν-</strong></span> 
     </span>
    </p>
   </div>
   <div class='ocr_carea' id='block_1_46' title="bbox 220 2937 1729 3009">
    <p class='ocr_par' dir='ltr' id='par_1_46' title="bbox 220 2937 1729 3009">
     <span class='ocr_line' id='line_1_46' title="bbox 220 2937 1729 3009; baseline 0.003 -19"><span class='ocrx_word' id='word_1_305' title='bbox 220 2937 504 2999; x_wconf 77' lang='grc' dir='ltr'>τάπολιν,</span> <span class='ocrx_word' id='word_1_306' title='bbox 553 2938 652 3009; x_wconf 73' lang='grc' dir='ltr'>καὶ</span> <span class='ocrx_word' id='word_1_307' title='bbox 709 2939 831 3002; x_wconf 82' lang='grc' dir='ltr'>τοῖς</span> <span class='ocrx_word' id='word_1_308' title='bbox 857 2937 1006 3009; x_wconf 75' lang='grc' dir='ltr'>κατὰ</span> <span class='ocrx_word' id='word_1_309' title='bbox 1055 2938 1170 3006; x_wconf 79' lang='grc' dir='ltr'><strong>τὴν</strong></span> <span class='ocrx_word' id='word_1_310' title='bbox 1211 2940 1568 3009; x_wconf 75' lang='grc' dir='ltr'>οἰκουμένην</span> <span class='ocrx_word' id='word_1_311' title='bbox 1603 2941 1729 2994; x_wconf 80' lang='grc' dir='ltr'>ἐπι-</span> 
     </span>
    </p>
   </div>
   <div class='ocr_carea' id='block_1_47' title="bbox 219 3007 1730 3076">
    <p class='ocr_par' dir='ltr' id='par_1_47' title="bbox 219 3007 1730 3076">
     <span class='ocr_line' id='line_1_47' title="bbox 219 3007 1730 3076; baseline 0.003 -15"><span class='ocrx_word' id='word_1_312' title='bbox 219 3011 480 3073; x_wconf 82' lang='grc' dir='ltr'>σκόποις</span> <span class='ocrx_word' id='word_1_313' title='bbox 502 3008 599 3062; x_wconf 78' lang='grc' dir='ltr'>καὶ</span> <span class='ocrx_word' id='word_1_314' title='bbox 644 3007 1088 3076; x_wconf 78' lang='grc' dir='ltr'>πρεσϐυτέροις,</span> <span class='ocrx_word' id='word_1_315' title='bbox 1139 3009 1238 3062; x_wconf 78' lang='grc' dir='ltr'>καὶ</span> <span class='ocrx_word' id='word_1_316' title='bbox 1291 3007 1611 3076; x_wconf 68' lang='grc' dir='ltr'>διακόνοις,</span> <span class='ocrx_word' id='word_1_317' title='bbox 1659 3013 1730 3065; x_wconf 81' lang='grc' dir='ltr'><strong>ἐν</strong></span> 
     </span>
    </p>
   </div>
   <div class='ocr_carea' id='block_1_48' title="bbox 219 3079 702 3148">
    <p class='ocr_par' dir='ltr' id='par_1_48' title="bbox 219 3079 702 3148">
     <span class='ocr_line' id='line_1_48' title="bbox 219 3079 702 3148; baseline -0.006 -15"><span class='ocrx_word' id='word_1_318' title='bbox 219 3081 422 3147; x_wconf 80' lang='grc' dir='ltr'>Κυρίῳ</span> <span class='ocrx_word' id='word_1_319' title='bbox 451 3079 554 3148; x_wconf 82' lang='grc' dir='ltr'><strong>χαί</strong></span> <span class='ocrx_word' id='word_1_320' title='bbox 548 3095 702 3146; x_wconf 72' lang='lat' dir='ltr'><strong>patr.</strong></span> 
     </span>
    </p>
   </div>
   <div class='ocr_carea' id='block_1_49' title="bbox 219 3191 1737 3262">
    <p class='ocr_par' dir='ltr' id='par_1_49' title="bbox 219 3191 1737 3262">
     <span class='ocr_line' id='line_1_49' title="bbox 219 3191 1737 3262; baseline -0.001 -16"><span class='ocrx_word' id='word_1_321' title='bbox 219 3194 366 3246; x_wconf 72' lang='lat' dir='ltr'><strong>Hist</strong></span> <span class='ocrx_word' id='word_1_322' title='bbox 397 3191 498 3262; x_wconf 84' lang='grc' dir='ltr'><strong>μὲν</strong></span> <span class='ocrx_word' id='word_1_323' title='bbox 533 3193 666 3262; x_wconf 80' lang='grc' dir='ltr'>ἡμῖν</span> <span class='ocrx_word' id='word_1_324' title='bbox 696 3194 810 3255; x_wconf 84' lang='grc' dir='ltr'>τοῖς</span> <span class='ocrx_word' id='word_1_325' title='bbox 843 3192 936 3245; x_wconf 77' lang='grc' dir='ltr'>ἐπὶ</span> <span class='ocrx_word' id='word_1_326' title='bbox 985 3192 1046 3246; x_wconf 86' lang='grc' dir='ltr'><strong>τὸ</strong></span> <span class='ocrx_word' id='word_1_327' title='bbox 1105 3193 1236 3246; x_wconf 83' lang='grc' dir='ltr'>αὐτὸ</span> <span class='ocrx_word' id='word_1_328' title='bbox 1283 3192 1622 3246; x_wconf 81' lang='grc' dir='ltr'>συνελθοῦσιν</span> <span class='ocrx_word' id='word_1_329' title='bbox 1675 3191 1737 3256; x_wconf 80' lang='grc' dir='ltr'>ἐξ</span> 
     </span>
    </p>
   </div>
   <div class='ocr_carea' id='block_1_50' title="bbox 103 3284 1737 3356">
    <p class='ocr_par' dir='ltr' id='par_1_50' title="bbox 103 3284 1737 3356">
     <span class='ocr_line' id='line_1_50' title="bbox 103 3284 1737 3356; baseline -0.001 -17"><span class='ocrx_word' id='word_1_330' title='bbox 103 3329 108 3332; x_wconf 92' lang='grc'>.</span> <span class='ocrx_word' id='word_1_331' title='bbox 137 3285 428 3356; x_wconf 73' lang='grc' dir='ltr'>ἐπαρχιῶν</span> <span class='ocrx_word' id='word_1_332' title='bbox 447 3285 716 3355; x_wconf 71' lang='grc' dir='ltr'>διαφόρων</span> <span class='ocrx_word' id='word_1_333' title='bbox 736 3284 870 3355; x_wconf 78' lang='grc' dir='ltr'>πρὸς</span> <span class='ocrx_word' id='word_1_334' title='bbox 896 3287 960 3355; x_wconf 85' lang='grc' dir='ltr'>τῇ</span> <span class='ocrx_word' id='word_1_335' title='bbox 982 3284 1192 3354; x_wconf 75' lang='grc' dir='ltr'>μεγάλῃ</span> <span class='ocrx_word' id='word_1_336' title='bbox 1219 3284 1618 3355; x_wconf 80' lang='grc' dir='ltr'>πανηγύρει,ἢν</span> <span class='ocrx_word' id='word_1_337' title='bbox 1645 3285 1737 3338; x_wconf 76' lang='grc' dir='ltr'><strong>ἐπὶ</strong></span> 
     </span>
    </p>
   </div>
   <div class='ocr_carea' id='block_1_51' title="bbox 137 3375 1733 3450">
    <p class='ocr_par' dir='ltr' id='par_1_51' title="bbox 137 3375 1733 3450">
     <span class='ocr_line' id='line_1_51' title="bbox 137 3375 1733 3450; baseline -0.002 -17"><span class='ocrx_word' id='word_1_338' title='bbox 137 3383 216 3450; x_wconf 82' lang='grc' dir='ltr'>τῇ</span> <span class='ocrx_word' id='word_1_339' title='bbox 248 3376 550 3448; x_wconf 78' lang='grc' dir='ltr'>ἁφιερώσει</span> <span class='ocrx_word' id='word_1_340' title='bbox 602 3377 694 3430; x_wconf 87' lang='grc' dir='ltr'><strong>τοῦ</strong></span> <span class='ocrx_word' id='word_1_341' title='bbox 719 3377 985 3449; x_wconf 85' lang='grc' dir='ltr'>σωτηρίου</span> <span class='ocrx_word' id='word_1_342' title='bbox 1020 3377 1336 3449; x_wconf 86' lang='grc' dir='ltr'>Μαρτυρίου</span> <span class='ocrx_word' id='word_1_343' title='bbox 1358 3419 1373 3442; x_wconf 89' lang='grc'><strong>,</strong></span> <span class='ocrx_word' id='word_1_344' title='bbox 1409 3377 1610 3448; x_wconf 81' lang='grc' dir='ltr'>σπουδῇ</span> <span class='ocrx_word' id='word_1_345' title='bbox 1643 3375 1733 3431; x_wconf 82' lang='grc' dir='ltr'><strong>τοῦ</strong></span> 
     </span>
    </p>
   </div>
   <div class='ocr_carea' id='block_1_52' title="bbox 140 3469 1734 3541">
    <p class='ocr_par' dir='ltr' id='par_1_52' title="bbox 140 3469 1734 3541">
     <span class='ocr_line' id='line_1_52' title="bbox 140 3469 1734 3541; baseline -0.001 -15"><span class='ocrx_word' id='word_1_346' title='bbox 140 3471 568 3541; x_wconf 71' lang='grc' dir='ltr'>θεοφιλεστάτου</span> <span class='ocrx_word' id='word_1_347' title='bbox 604 3469 866 3540; x_wconf 85' lang='grc' dir='ltr'>βασιλέως</span> <span class='ocrx_word' id='word_1_348' title='bbox 899 3470 1306 3524; x_wconf 82' lang='grc' dir='ltr'>Κωνσταντίνου</span> <span class='ocrx_word' id='word_1_349' title='bbox 1333 3470 1464 3541; x_wconf 78' lang='grc'>(56),</span> <span class='ocrx_word' id='word_1_350' title='bbox 1488 3471 1566 3541; x_wconf 80' lang='grc' dir='ltr'>τῷ</span> <span class='ocrx_word' id='word_1_351' title='bbox 1597 3471 1734 3524; x_wconf 87' lang='grc' dir='ltr'>πάν-</span> 
     </span>
    </p>
   </div>
   <div class='ocr_carea' id='block_1_53' title="bbox 139 3537 1738 3636">
    <p class='ocr_par' dir='ltr' id='par_1_53' title="bbox 139 3537 1738 3636">
     <span class='ocr_line' id='line_1_53' title="bbox 139 3537 1738 3636; baseline -0.003 -16"><span class='ocrx_word' id='word_1_352' title='bbox 139 3585 261 3620; x_wconf 84' lang='grc' dir='ltr'><strong>των</strong></span> <span class='ocrx_word' id='word_1_353' title='bbox 312 3537 522 3636; x_wconf 63' lang='grc' dir='ltr'>βασιλεῖ</span> <span class='ocrx_word' id='word_1_354' title='bbox 579 3563 699 3634; x_wconf 87' lang='grc' dir='ltr'><strong>Θεῷ</strong></span> <span class='ocrx_word' id='word_1_355' title='bbox 751 3564 843 3616; x_wconf 76' lang='grc' dir='ltr'><strong>καὶ</strong></span> <span class='ocrx_word' id='word_1_356' title='bbox 899 3561 977 3632; x_wconf 75' lang='grc' dir='ltr'>τῷ</span> <span class='ocrx_word' id='word_1_357' title='bbox 1049 3562 1270 3633; x_wconf 82' lang='grc' dir='ltr'>Χριστῷ</span> <span class='ocrx_word' id='word_1_358' title='bbox 1338 3561 1501 3616; x_wconf 80' lang='grc' dir='ltr'>αὑτοῦ</span> <span class='ocrx_word' id='word_1_359' title='bbox 1570 3581 1738 3616; x_wconf 89' lang='grc' dir='ltr'>κατα-</span> 
     </span>
    </p>
   </div>
   <div class='ocr_carea' id='block_1_54' title="bbox 145 3654 1734 3725">
    <p class='ocr_par' dir='ltr' id='par_1_54' title="bbox 145 3654 1734 3725">
     <span class='ocr_line' id='line_1_54' title="bbox 145 3654 1734 3725; baseline -0.004 -12"><span class='ocrx_word' id='word_1_360' title='bbox 145 3658 545 3719; x_wconf 82' lang='grc' dir='ltr'>σκευασθέντος</span> <span class='ocrx_word' id='word_1_361' title='bbox 579 3655 998 3725; x_wconf 79' lang='grc' dir='ltr'>ὲπετελέσαμεν,</span> <span class='ocrx_word' id='word_1_362' title='bbox 1029 3655 1249 3708; x_wconf 80' lang='grc' dir='ltr'>πλείονα</span> <span class='ocrx_word' id='word_1_363' title='bbox 1295 3655 1554 3724; x_wconf 85' lang='grc' dir='ltr'>θυμηδίαν</span> <span class='ocrx_word' id='word_1_364' title='bbox 1584 3657 1616 3725; x_wconf 80' lang='grc' dir='ltr'>ὴ</span> <span class='ocrx_word' id='word_1_365' title='bbox 1642 3654 1734 3708; x_wconf 88' lang='grc' dir='ltr'><strong>τοῦ</strong></span> 
     </span>
    </p>
   </div>
   <div class='ocr_carea' id='block_1_55' title="bbox 143 3748 1735 3823">
    <p class='ocr_par' dir='ltr' id='par_1_55' title="bbox 143 3748 1735 3823">
     <span class='ocr_line' id='line_1_55' title="bbox 143 3748 1735 3823; baseline -0.004 -17"><span class='ocrx_word' id='word_1_366' title='bbox 143 3751 392 3823; x_wconf 76' lang='grc' dir='ltr'>Χριστοῦ</span> <span class='ocrx_word' id='word_1_367' title='bbox 424 3751 581 3820; x_wconf 83' lang='grc' dir='ltr'>χάρις</span> <span class='ocrx_word' id='word_1_368' title='bbox 609 3749 719 3819; x_wconf 82' lang='grc'>(57)</span> <span class='ocrx_word' id='word_1_369' title='bbox 744 3748 1038 3818; x_wconf 84' lang='grc' dir='ltr'>παρέσχεν,</span> <span class='ocrx_word' id='word_1_370' title='bbox 1086 3749 1152 3818; x_wconf 81' lang='grc' dir='ltr'>ἢν</span> <span class='ocrx_word' id='word_1_371' title='bbox 1197 3748 1450 3818; x_wconf 79' lang='grc' dir='ltr'>ἐποίησεν</span> <span class='ocrx_word' id='word_1_372' title='bbox 1495 3748 1656 3811; x_wconf 81' lang='grc' dir='ltr'>αὑτός</span> <span class='ocrx_word' id='word_1_373' title='bbox 1675 3766 1735 3801; x_wconf 86' lang='grc' dir='ltr'><strong>τε</strong></span> 
     </span>
    </p>
   </div>
   <div class='ocr_carea' id='block_1_56' title="bbox 143 3838 1734 3913">
    <p class='ocr_par' dir='ltr' id='par_1_56' title="bbox 143 3838 1734 3913">
     <span class='ocr_line' id='line_1_56' title="bbox 143 3838 1734 3913; baseline -0.004 -16"><span class='ocrx_word' id='word_1_374' title='bbox 143 3847 180 3897; x_wconf 86' lang='grc' dir='ltr'><strong>ὁ</strong></span> <span class='ocrx_word' id='word_1_375' title='bbox 213 3842 628 3913; x_wconf 83' lang='grc' dir='ltr'>θεοφιλέστατος</span> <span class='ocrx_word' id='word_1_376' title='bbox 664 3839 917 3910; x_wconf 83' lang='grc' dir='ltr'>βασιλεὺς</span> <span class='ocrx_word' id='word_1_377' title='bbox 963 3839 1052 3893; x_wconf 80' lang='grc' dir='ltr'>διὰ</span> <span class='ocrx_word' id='word_1_378' title='bbox 1109 3838 1450 3911; x_wconf 84' lang='grc' dir='ltr'>γραμμάτων</span> <span class='ocrx_word' id='word_1_379' title='bbox 1500 3840 1734 3903; x_wconf 83' lang='grc' dir='ltr'>οἰκείων,</span> 
     </span>
    </p>
   </div>
   <div class='ocr_carea' id='block_1_57' title="bbox 145 3931 1736 4006">
    <p class='ocr_par' dir='ltr' id='par_1_57' title="bbox 145 3931 1736 4006">
     <span class='ocr_line' id='line_1_57' title="bbox 145 3931 1736 4006; baseline -0.004 -16"><span class='ocrx_word' id='word_1_380' title='bbox 145 3936 302 3990; x_wconf 85' lang='grc' dir='ltr'>τοῦθ’</span> <span class='ocrx_word' id='word_1_381' title='bbox 332 3937 469 4005; x_wconf 80' lang='grc' dir='ltr'>ὅπερ</span> <span class='ocrx_word' id='word_1_382' title='bbox 516 3935 680 4006; x_wconf 80' lang='grc' dir='ltr'>ἐχρῆν</span> <span class='ocrx_word' id='word_1_383' title='bbox 714 3933 1093 4004; x_wconf 87' lang='grc' dir='ltr'>παρορμήσας·</span> <span class='ocrx_word' id='word_1_384' title='bbox 1155 3933 1332 3985; x_wconf 86' lang='grc' dir='ltr'>πάντα</span> <span class='ocrx_word' id='word_1_385' title='bbox 1361 3931 1459 4001; x_wconf 81' lang='grc' dir='ltr'><strong>μὲν</strong></span> <span class='ocrx_word' id='word_1_386' title='bbox 1485 3931 1736 4002; x_wconf 79' lang='grc' dir='ltr'>ὲξορίσας</span> 
     </span>
    </p>
   </div>
   <div class='ocr_carea' id='block_1_58' title="bbox 141 4024 1736 4100">
    <p class='ocr_par' dir='ltr' id='par_1_58' title="bbox 141 4024 1736 4100">
     <span class='ocr_line' id='line_1_58' title="bbox 141 4024 1736 4100; baseline -0.003 -18"><span class='ocrx_word' id='word_1_387' title='bbox 141 4030 250 4100; x_wconf 79' lang='grc' dir='ltr'><strong>τῆς</strong></span> <span class='ocrx_word' id='word_1_388' title='bbox 289 4027 618 4098; x_wconf 83' lang='grc' dir='ltr'>Ἐκκλησίας</span> <span class='ocrx_word' id='word_1_389' title='bbox 662 4025 754 4079; x_wconf 88' lang='grc' dir='ltr'><strong>τοῦ</strong></span> <span class='ocrx_word' id='word_1_390' title='bbox 779 4024 910 4078; x_wconf 89' lang='grc' dir='ltr'><strong>Θεοῦ</strong></span> <span class='ocrx_word' id='word_1_391' title='bbox 946 4024 1158 4093; x_wconf 85' lang='grc' dir='ltr'>φθόνον,</span> <span class='ocrx_word' id='word_1_392' title='bbox 1196 4024 1290 4077; x_wconf 71' lang='grc' dir='ltr'><strong>καὶ</strong></span> <span class='ocrx_word' id='word_1_393' title='bbox 1315 4027 1492 4077; x_wconf 83' lang='grc' dir='ltr'>πᾶσαν</span> <span class='ocrx_word' id='word_1_394' title='bbox 1523 4026 1736 4097; x_wconf 86' lang='grc' dir='ltr'>μακρὰν</span> 
     </span>
    </p>
   </div>
   <div class='ocr_carea' id='block_1_59' title="bbox 145 4113 1736 4191">
    <p class='ocr_par' dir='ltr' id='par_1_59' title="bbox 145 4113 1736 4191">
     <span class='ocr_line' id='line_1_59' title="bbox 145 4113 1736 4191; baseline -0.004 -15"><span class='ocrx_word' id='word_1_395' title='bbox 145 4122 437 4184; x_wconf 82' lang='grc' dir='ltr'>ἀπελάσας</span> <span class='ocrx_word' id='word_1_396' title='bbox 469 4120 796 4191; x_wconf 83' lang='grc' dir='ltr'>βασκανίαν,</span> <span class='ocrx_word' id='word_1_397' title='bbox 843 4118 908 4171; x_wconf 88' lang='grc' dir='ltr'>δι’</span> <span class='ocrx_word' id='word_1_398' title='bbox 939 4113 1008 4189; x_wconf 85' lang='grc' dir='ltr'>ἦς</span> <span class='ocrx_word' id='word_1_399' title='bbox 1061 4117 1128 4170; x_wconf 84' lang='grc' dir='ltr'>τὰ</span> <span class='ocrx_word' id='word_1_400' title='bbox 1180 4116 1272 4170; x_wconf 90' lang='grc' dir='ltr'><strong>τοῦ</strong></span> <span class='ocrx_word' id='word_1_401' title='bbox 1313 4115 1550 4187; x_wconf 83' lang='grc' dir='ltr'>Χριστοῦ</span> <span class='ocrx_word' id='word_1_402' title='bbox 1601 4117 1736 4188; x_wconf 89' lang='grc' dir='ltr'>μέλη</span> 
     </span>
    </p>
   </div>
   <div class='ocr_carea' id='block_1_60' title="bbox 144 4207 1740 4284">
    <p class='ocr_par' dir='ltr' id='par_1_60' title="bbox 144 4207 1740 4284">
     <span class='ocr_line' id='line_1_60' title="bbox 144 4207 1740 4284; baseline -0.006 -14"><span class='ocrx_word' id='word_1_403' title='bbox 144 4215 328 4269; x_wconf 77' lang='grc' dir='ltr'>πάλαι</span> <span class='ocrx_word' id='word_1_404' title='bbox 359 4212 620 4284; x_wconf 87' lang='grc' dir='ltr'>πρότερον</span> <span class='ocrx_word' id='word_1_405' title='bbox 637 4211 950 4282; x_wconf 87' lang='grc' dir='ltr'>διειστήκει·</span> <span class='ocrx_word' id='word_1_406' title='bbox 969 4208 1266 4281; x_wconf 77' lang='grc' dir='ltr'>ήπλωμένῃ</span> <span class='ocrx_word' id='word_1_407' title='bbox 1285 4207 1342 4260; x_wconf 84' lang='grc' dir='ltr'>δὲ</span> <span class='ocrx_word' id='word_1_408' title='bbox 1367 4209 1460 4260; x_wconf 74' lang='grc' dir='ltr'><strong>καὶ</strong></span> <span class='ocrx_word' id='word_1_409' title='bbox 1491 4209 1740 4280; x_wconf 86' lang='grc' dir='ltr'>εἰρηναίᾳ</span> 
     </span>
    </p>
   </div>
   <div class='ocr_carea' id='block_1_61' title="bbox 143 4299 1738 4378">
    <p class='ocr_par' dir='ltr' id='par_1_61' title="bbox 143 4299 1738 4378">
     <span class='ocr_line' id='line_1_61' title="bbox 143 4299 1738 4378; baseline 0.009 -25"><span class='ocrx_word' id='word_1_410' title='bbox 143 4307 303 4378; x_wconf 73' lang='grc' dir='ltr'>ψυχῇ</span> <span class='ocrx_word' id='word_1_411' title='bbox 355 4303 608 4370; x_wconf 83' lang='grc' dir='ltr'>δέξασθαι</span> <span class='ocrx_word' id='word_1_412' title='bbox 658 4303 783 4365; x_wconf 70' lang='grc' dir='ltr'>τοὺς</span> <span class='ocrx_word' id='word_1_413' title='bbox 835 4303 964 4372; x_wconf 73' lang='grc' dir='ltr'>περὶ</span> <span class='ocrx_word' id='word_1_414' title='bbox 996 4303 1232 4372; x_wconf 79' lang='grc' dir='ltr'>Ἀρειον,</span> <span class='ocrx_word' id='word_1_415' title='bbox 1281 4299 1374 4364; x_wconf 81' lang='grc' dir='ltr'><strong>οὓς</strong></span> <span class='ocrx_word' id='word_1_416' title='bbox 1436 4301 1573 4372; x_wconf 72' lang='grc' dir='ltr'>πρός</span> <span class='ocrx_word' id='word_1_417' title='bbox 1618 4319 1738 4354; x_wconf 80' lang='grc' dir='ltr'><strong>τινα</strong></span> 
     </span>
    </p>
   </div>
   <div class='ocr_carea' id='block_1_62' title="bbox 1830 1810 3400 1882">
    <p class='ocr_par' dir='ltr' id='par_1_62' title="bbox 1830 1810 3400 1882">
     <span class='ocr_line' id='line_1_62' title="bbox 1830 1810 3400 1882; baseline -0.003 -14"><span class='ocrx_word' id='word_1_418' title='bbox 1830 1813 2052 1868; x_wconf 86' lang='lat' dir='ltr'><strong>tiscunt.</strong></span> <span class='ocrx_word' id='word_1_419' title='bbox 2080 1811 2214 1868; x_wconf 88' lang='lat' dir='ltr'><strong>Nam</strong></span> <span class='ocrx_word' id='word_1_420' title='bbox 2247 1813 2464 1868; x_wconf 88' lang='lat' dir='ltr'><strong>tametsi</strong></span> <span class='ocrx_word' id='word_1_421' title='bbox 2511 1821 2634 1882; x_wconf 92' lang='lat' dir='ltr'><strong>post</strong></span> <span class='ocrx_word' id='word_1_422' title='bbox 2666 1810 2940 1867; x_wconf 71' lang='lat' dir='ltr'><strong>Nicaanam</strong></span> <span class='ocrx_word' id='word_1_423' title='bbox 2990 1813 3258 1881; x_wconf 83' lang='lat' dir='ltr'><strong>synodum</strong></span> <span class='ocrx_word' id='word_1_424' title='bbox 3291 1811 3400 1865; x_wconf 85' lang='lat' dir='ltr'><strong>Eu-</strong></span> 
     </span>
    </p>
   </div>
   <div class='ocr_carea' id='block_1_63' title="bbox 1831 1898 3401 1972">
    <p class='ocr_par' dir='ltr' id='par_1_63' title="bbox 1831 1898 3401 1972">
     <span class='ocr_line' id='line_1_63' title="bbox 1831 1898 3401 1972; baseline -0.004 -13"><span class='ocrx_word' id='word_1_425' title='bbox 1831 1902 2286 1972; x_wconf 86' lang='lat' dir='ltr'><strong>sebianidepositi</strong></span> <span class='ocrx_word' id='word_1_426' title='bbox 2307 1911 2455 1966; x_wconf 90' lang='lat' dir='ltr'><strong>sunt,</strong></span> <span class='ocrx_word' id='word_1_427' title='bbox 2490 1912 2679 1972; x_wconf 88' lang='lat' dir='ltr'><strong>postea</strong></span> <span class='ocrx_word' id='word_1_428' title='bbox 2713 1910 2890 1956; x_wconf 89' lang='lat' dir='ltr'><strong>tamen</strong></span> <span class='ocrx_word' id='word_1_429' title='bbox 2927 1900 3265 1970; x_wconf 88' lang='lat' dir='ltr'><strong>impudenter</strong></span> <span class='ocrx_word' id='word_1_430' title='bbox 3297 1898 3401 1952; x_wconf 86' lang='lat' dir='ltr'><strong>Ec-</strong></span> 
     </span>
    </p>
   </div>
   <div class='ocr_carea' id='block_1_64' title="bbox 1831 1993 3401 2064">
    <p class='ocr_par' dir='ltr' id='par_1_64' title="bbox 1831 1993 3401 2064">
     <span class='ocr_line' id='line_1_64' title="bbox 1831 1993 3401 2064; baseline -0.004 -13"><span class='ocrx_word' id='word_1_431' title='bbox 1831 1995 2026 2052; x_wconf 81' lang='lat' dir='ltr'><strong>clesias</strong></span> <span class='ocrx_word' id='word_1_432' title='bbox 2079 1995 2419 2062; x_wconf 84' lang='lat' dir='ltr'><strong>invadentes,</strong></span> <span class='ocrx_word' id='word_1_433' title='bbox 2477 2002 2762 2064; x_wconf 88' lang='lat' dir='ltr'><strong>coeperunt</strong></span> <span class='ocrx_word' id='word_1_434' title='bbox 2808 1993 3079 2063; x_wconf 89' lang='lat' dir='ltr'><strong>episc0pis</strong></span> <span class='ocrx_word' id='word_1_435' title='bbox 3109 1993 3213 2047; x_wconf 88' lang='lat' dir='ltr'><strong>sibi</strong></span> <span class='ocrx_word' id='word_1_436' title='bbox 3237 2008 3401 2061; x_wconf 90' lang='lat' dir='ltr'><strong>repu-</strong></span> 
     </span>
    </p>
   </div>
   <div class='ocr_carea' id='block_1_65' title="bbox 1829 2087 3402 2160">
    <p class='ocr_par' dir='ltr' id='par_1_65' title="bbox 1829 2087 3402 2160">
     <span class='ocr_line' id='line_1_65' title="bbox 1829 2087 3402 2160; baseline -0.001 -16"><span class='ocrx_word' id='word_1_437' title='bbox 1829 2090 2120 2160; x_wconf 87' lang='lat' dir='ltr'><strong>gnantibus</strong></span> <span class='ocrx_word' id='word_1_438' title='bbox 2145 2089 2416 2155; x_wconf 84' lang='lat' dir='ltr'><strong>insidiari,</strong></span> <span class='ocrx_word' id='word_1_439' title='bbox 2475 2088 2777 2158; x_wconf 88' lang='lat' dir='ltr'><strong>horumque</strong></span> <span class='ocrx_word' id='word_1_440' title='bbox 2825 2089 2942 2142; x_wconf 83' lang='lat' dir='ltr'><strong>vice</strong></span> <span class='ocrx_word' id='word_1_441' title='bbox 2996 2087 3222 2142; x_wconf 85' lang='lat' dir='ltr'><strong>haeresis</strong></span> <span class='ocrx_word' id='word_1_442' title='bbox 3289 2101 3402 2145; x_wconf 72' lang='lat' dir='ltr'><strong>suae</strong></span> 
     </span>
    </p>
   </div>
   <div class='ocr_carea' id='block_1_66' title="bbox 1830 2177 3399 2242">
    <p class='ocr_par' dir='ltr' id='par_1_66' title="bbox 1830 2177 3399 2242">
     <span class='ocr_line' id='line_1_66' title="bbox 1830 2177 3399 2242; baseline -0.003 -8"><span class='ocrx_word' id='word_1_443' title='bbox 1830 2180 2081 2236; x_wconf 86' lang='lat' dir='ltr'><strong>homines</strong></span> <span class='ocrx_word' id='word_1_444' title='bbox 2116 2181 2172 2234; x_wconf 91' lang='lat' dir='ltr'><strong>in</strong></span> <span class='ocrx_word' id='word_1_445' title='bbox 2199 2178 2472 2235; x_wconf 89' lang='lat' dir='ltr'><strong>Ecclesias</strong></span> <span class='ocrx_word' id='word_1_446' title='bbox 2504 2179 2858 2242; x_wconf 88' lang='lat' dir='ltr'><strong>constituere,</strong></span> <span class='ocrx_word' id='word_1_447' title='bbox 2895 2184 2955 2231; x_wconf 92' lang='lat' dir='ltr'><strong>ut</strong></span> <span class='ocrx_word' id='word_1_448' title='bbox 2993 2177 3260 2231; x_wconf 87' lang='lat' dir='ltr'><strong>arbitratu</strong></span> <span class='ocrx_word' id='word_1_449' title='bbox 3298 2191 3399 2231; x_wconf 91' lang='lat' dir='ltr'><strong>suo</strong></span> 
     </span>
    </p>
   </div>
   <div class='ocr_carea' id='block_1_67' title="bbox 1832 2269 3404 2345">
    <p class='ocr_par' dir='ltr' id='par_1_67' title="bbox 1832 2269 3404 2345">
     <span class='ocr_line' id='line_1_67' title="bbox 1832 2269 3404 2345; baseline -0.004 -17"><span class='ocrx_word' id='word_1_450' title='bbox 1832 2273 2069 2345; x_wconf 84' lang='lat' dir='ltr'><strong>synodos</strong></span> <span class='ocrx_word' id='word_1_451' title='bbox 2101 2281 2325 2344; x_wconf 84' lang='lat' dir='ltr'><strong>cogant,</strong></span> <span class='ocrx_word' id='word_1_452' title='bbox 2353 2272 2482 2342; x_wconf 90' lang='lat' dir='ltr'><strong>quia</strong></span> <span class='ocrx_word' id='word_1_453' title='bbox 2537 2272 2745 2328; x_wconf 91' lang='lat' dir='ltr'><strong>scilicet</strong></span> <span class='ocrx_word' id='word_1_454' title='bbox 2775 2271 3058 2340; x_wconf 86' lang='lat' dir='ltr'><strong>episcopos</strong></span> <span class='ocrx_word' id='word_1_455' title='bbox 3078 2271 3280 2324; x_wconf 87' lang='lat' dir='ltr'><strong>habent</strong></span> <span class='ocrx_word' id='word_1_456' title='bbox 3307 2269 3404 2338; x_wconf 88' lang='lat' dir='ltr'><strong>qui</strong></span> 
     </span>
    </p>
   </div>
   <div class='ocr_carea' id='block_1_68' title="bbox 1831 2360 3400 2430">
    <p class='ocr_par' dir='ltr' id='par_1_68' title="bbox 1831 2360 3400 2430">
     <span class='ocr_line' id='line_1_68' title="bbox 1831 2360 3400 2430; baseline -0.002 -14"><span class='ocrx_word' id='word_1_457' title='bbox 1831 2375 2018 2416; x_wconf 87' lang='lat' dir='ltr'><strong>secum</strong></span> <span class='ocrx_word' id='word_1_458' title='bbox 2045 2369 2374 2414; x_wconf 88' lang='lat' dir='ltr'><strong>concurrant</strong></span> <span class='ocrx_word' id='word_1_459' title='bbox 2405 2380 2419 2415; x_wconf 89' lang='lat'>:</span> <span class='ocrx_word' id='word_1_460' title='bbox 2449 2375 2589 2430; x_wconf 87' lang='lat' dir='ltr'><strong>quos</strong></span> <span class='ocrx_word' id='word_1_461' title='bbox 2617 2361 2684 2415; x_wconf 90' lang='lat' dir='ltr'><strong>de</strong></span> <span class='ocrx_word' id='word_1_462' title='bbox 2703 2360 2994 2426; x_wconf 83' lang='lat' dir='ltr'><strong>industria,</strong></span> <span class='ocrx_word' id='word_1_463' title='bbox 3019 2375 3082 2414; x_wconf 91' lang='lat' dir='ltr'><strong>ea</strong></span> <span class='ocrx_word' id='word_1_464' title='bbox 3116 2360 3183 2414; x_wconf 89' lang='lat' dir='ltr'><strong>de</strong></span> <span class='ocrx_word' id='word_1_465' title='bbox 3211 2375 3400 2423; x_wconf 87' lang='lat' dir='ltr'><strong>causa,</strong></span> 
     </span>
    </p>
   </div>
   <div class='ocr_carea' id='block_1_69' title="bbox 1829 2449 3404 2523">
    <p class='ocr_par' dir='ltr' id='par_1_69' title="bbox 1829 2449 3404 2523">
     <span class='ocr_line' id='line_1_69' title="bbox 1829 2449 3404 2523; baseline 0 -17"><span class='ocrx_word' id='word_1_466' title='bbox 1829 2452 1984 2522; x_wconf 89' lang='lat' dir='ltr'><strong>prius</strong></span> <span class='ocrx_word' id='word_1_467' title='bbox 2013 2451 2354 2506; x_wconf 87' lang='lat' dir='ltr'><strong>ordinarant.</strong></span> <span class='ocrx_word' id='word_1_468' title='bbox 2390 2451 2602 2507; x_wconf 89' lang='lat' dir='ltr'><strong>Coeunt</strong></span> <span class='ocrx_word' id='word_1_469' title='bbox 2647 2452 2813 2522; x_wconf 78' lang='lat' dir='ltr'><strong>igitur</strong></span> <span class='ocrx_word' id='word_1_470' title='bbox 2841 2449 3196 2523; x_wconf 81' lang='lat' dir='ltr'><strong>Jerosolymis</strong></span> <span class='ocrx_word' id='word_1_471' title='bbox 3235 2460 3404 2521; x_wconf 87' lang='lat' dir='ltr'><strong>atque</strong></span> 
     </span>
    </p>
   </div>
   <div class='ocr_carea' id='block_1_70' title="bbox 1831 2540 2620 2611">
    <p class='ocr_par' dir='ltr' id='par_1_70' title="bbox 1831 2540 2620 2611">
     <span class='ocr_line' id='line_1_70' title="bbox 1831 2540 2620 2611; baseline -0.001 -14"><span class='ocrx_word' id='word_1_472' title='bbox 1831 2540 2148 2611; x_wconf 73' lang='lat' dir='ltr'><strong>huiusmodi</strong></span> <span class='ocrx_word' id='word_1_473' title='bbox 2172 2542 2382 2596; x_wconf 82' lang='lat' dir='ltr'><strong>litteras</strong></span> <span class='ocrx_word' id='word_1_474' title='bbox 2404 2541 2620 2596; x_wconf 89' lang='lat' dir='ltr'><strong>dedere.</strong></span> 
     </span>
    </p>
   </div>
   <div class='ocr_carea' id='block_1_71' title="bbox 1833 2675 3404 2746">
    <p class='ocr_par' dir='ltr' id='par_1_71' title="bbox 1833 2675 3404 2746">
     <span class='ocr_line' id='line_1_71' title="bbox 1833 2675 3404 2746; baseline -0.001 -15"><span class='ocrx_word' id='word_1_475' title='bbox 1833 2675 2034 2731; x_wconf 81' lang='lat' dir='ltr'><strong>Sancta</strong></span> <span class='ocrx_word' id='word_1_476' title='bbox 2053 2676 2306 2746; x_wconf 53' lang='lat' dir='ltr'><strong>synodus,</strong></span> <span class='ocrx_word' id='word_1_477' title='bbox 2334 2675 2716 2746; x_wconf 77' lang='lat' dir='ltr'><strong>Hierosolymis</strong></span> <span class='ocrx_word' id='word_1_478' title='bbox 2763 2691 2855 2744; x_wconf 88' lang='lat' dir='ltr'><strong>per</strong></span> <span class='ocrx_word' id='word_1_479' title='bbox 2884 2675 2981 2746; x_wconf 84' lang='lat' dir='ltr'><strong>Dei</strong></span> <span class='ocrx_word' id='word_1_480' title='bbox 3015 2676 3244 2746; x_wconf 86' lang='lat' dir='ltr'><strong>gratiam</strong></span> <span class='ocrx_word' id='word_1_481' title='bbox 3275 2693 3404 2730; x_wconf 85' lang='lat' dir='ltr'><strong>con-</strong></span> 
     </span>
    </p>
   </div>
   <div class='ocr_carea' id='block_1_72' title="bbox 1904 2745 3404 2817">
    <p class='ocr_par' dir='ltr' id='par_1_72' title="bbox 1904 2745 3404 2817">
     <span class='ocr_line' id='line_1_72' title="bbox 1904 2745 3404 2817; baseline 0 -17"><span class='ocrx_word' id='word_1_482' title='bbox 1904 2745 2140 2817; x_wconf 86' lang='lat' dir='ltr'><strong>gregata,</strong></span> <span class='ocrx_word' id='word_1_483' title='bbox 2178 2745 2428 2799; x_wconf 77' lang='lat' dir='ltr'><strong>Ecclesia:</strong></span> <span class='ocrx_word' id='word_1_484' title='bbox 2457 2745 2552 2817; x_wconf 62' lang='lat' dir='ltr'><strong>Dei</strong></span> <span class='ocrx_word' id='word_1_485' title='bbox 2585 2762 2703 2815; x_wconf 76' lang='lat' dir='ltr'><strong>qua:</strong></span> <span class='ocrx_word' id='word_1_486' title='bbox 2729 2755 2805 2800; x_wconf 82' lang='lat' dir='ltr'><strong>est</strong></span> <span class='ocrx_word' id='word_1_487' title='bbox 2821 2745 3211 2817; x_wconf 25' lang='lat' dir='ltr'><strong>“Alexandra!!!</strong></span> <span class='ocrx_word' id='word_1_488' title='bbox 3245 2757 3295 2800; x_wconf 88' lang='lat' dir='ltr'><strong>et</strong></span> <span class='ocrx_word' id='word_1_489' title='bbox 3337 2749 3404 2800; x_wconf 71' lang='lat' dir='ltr'><strong>iis</strong></span> 
     </span>
    </p>
   </div>
   <div class='ocr_carea' id='block_1_73' title="bbox 1903 2814 3408 2887">
    <p class='ocr_par' dir='ltr' id='par_1_73' title="bbox 1903 2814 3408 2887">
     <span class='ocr_line' id='line_1_73' title="bbox 1903 2814 3408 2887; baseline 0.001 -18"><span class='ocrx_word' id='word_1_490' title='bbox 1903 2814 2018 2887; x_wconf 54' lang='lat' dir='ltr'><strong>quia</strong></span> <span class='ocrx_word' id='word_1_491' title='bbox 2038 2831 2264 2887; x_wconf 81' lang='lat' dir='ltr'><strong>suntper</strong></span> <span class='ocrx_word' id='word_1_492' title='bbox 2292 2825 2451 2887; x_wconf 70' lang='lat' dir='ltr'><strong>totapt</strong></span> <span class='ocrx_word' id='word_1_493' title='bbox 2467 2814 2780 2885; x_wconf 61' lang='lat' dir='ltr'><strong>Egyptum,</strong></span> <span class='ocrx_word' id='word_1_494' title='bbox 2817 2815 3150 2875; x_wconf 82' lang='lat' dir='ltr'><strong>Thebaidem,</strong></span> <span class='ocrx_word' id='word_1_495' title='bbox 3183 2815 3408 2886; x_wconf 80' lang='lat' dir='ltr'><strong>Libyam</strong></span> 
     </span>
    </p>
   </div>
   <div class='ocr_carea' id='block_1_74' title="bbox 1905 2885 3408 2956">
    <p class='ocr_par' dir='ltr' id='par_1_74' title="bbox 1905 2885 3408 2956">
     <span class='ocr_line' id='line_1_74' title="bbox 1905 2885 3408 2956; baseline -0.001 -16"><span class='ocrx_word' id='word_1_496' title='bbox 1905 2885 1953 2940; x_wconf 82' lang='lat' dir='ltr'><strong>et</strong></span> <span class='ocrx_word' id='word_1_497' title='bbox 1987 2886 2341 2955; x_wconf 85' lang='lat' dir='ltr'><strong>Pentapolim.</strong></span> <span class='ocrx_word' id='word_1_498' title='bbox 2386 2885 2521 2938; x_wconf 83' lang='lat' dir='ltr'><strong>Item</strong></span> <span class='ocrx_word' id='word_1_499' title='bbox 2552 2888 2829 2954; x_wconf 80' lang='lat' dir='ltr'><strong>episcopis,</strong></span> <span class='ocrx_word' id='word_1_500' title='bbox 2866 2887 3177 2956; x_wconf 79' lang='lat' dir='ltr'><strong>presbyteris</strong></span> <span class='ocrx_word' id='word_1_501' title='bbox 3205 2897 3253 2940; x_wconf 85' lang='lat' dir='ltr'><strong>et</strong></span> <span class='ocrx_word' id='word_1_502' title='bbox 3284 2885 3408 2939; x_wconf 81' lang='lat' dir='ltr'><strong>dia-</strong></span> 
     </span>
    </p>
   </div>
   <div class='ocr_carea' id='block_1_75' title="bbox 1904 2957 3367 3028">
    <p class='ocr_par' dir='ltr' id='par_1_75' title="bbox 1904 2957 3367 3028">
     <span class='ocr_line' id='line_1_75' title="bbox 1904 2957 3367 3028; baseline 0 -18"><span class='ocrx_word' id='word_1_503' title='bbox 1904 2960 2050 3011; x_wconf 79' lang='lat' dir='ltr'><strong>conis</strong></span> <span class='ocrx_word' id='word_1_504' title='bbox 2079 2972 2170 3025; x_wconf 86' lang='lat' dir='ltr'><strong>per</strong></span> <span class='ocrx_word' id='word_1_505' title='bbox 2205 2967 2372 3011; x_wconf 83' lang='lat' dir='ltr'><strong>totum</strong></span> <span class='ocrx_word' id='word_1_506' title='bbox 2397 2957 2595 3019; x_wconf 81' lang='lat' dir='ltr'><strong>urbem,</strong></span> <span class='ocrx_word' id='word_1_507' title='bbox 2639 2958 2695 3009; x_wconf 82' lang='lat' dir='ltr'><strong>in</strong></span> <span class='ocrx_word' id='word_1_508' title='bbox 2723 2957 2946 3010; x_wconf 82' lang='lat' dir='ltr'><strong>Domino</strong></span> <span class='ocrx_word' id='word_1_509' title='bbox 2973 2957 3198 3011; x_wconf 79' lang='lat' dir='ltr'><strong>salutem</strong></span> <span class='ocrx_word' id='word_1_510' title='bbox 3234 2957 3367 3028; x_wconf 80' lang='grc'>(55).</span> 
     </span>
    </p>
   </div>
   <div class='ocr_carea' id='block_1_76' title="bbox 1907 3207 3408 3276">
    <p class='ocr_par' dir='ltr' id='par_1_76' title="bbox 1907 3207 3408 3276">
     <span class='ocr_line' id='line_1_76' title="bbox 1907 3207 3408 3276; baseline 0 -14"><span class='ocrx_word' id='word_1_511' title='bbox 1907 3207 2076 3262; x_wconf 88' lang='lat' dir='ltr'><strong>Nobis</strong></span> <span class='ocrx_word' id='word_1_512' title='bbox 2099 3209 2357 3263; x_wconf 88' lang='lat' dir='ltr'><strong>omnibus</strong></span> <span class='ocrx_word' id='word_1_513' title='bbox 2390 3223 2559 3262; x_wconf 85' lang='lat' dir='ltr'><strong>unum</strong></span> <span class='ocrx_word' id='word_1_514' title='bbox 2599 3209 2656 3262; x_wconf 91' lang='lat' dir='ltr'><strong>in</strong></span> <span class='ocrx_word' id='word_1_515' title='bbox 2710 3209 2891 3263; x_wconf 89' lang='lat' dir='ltr'><strong>locum</strong></span> <span class='ocrx_word' id='word_1_516' title='bbox 2925 3224 2992 3263; x_wconf 85' lang='lat' dir='ltr'><strong>ex</strong></span> <span class='ocrx_word' id='word_1_517' title='bbox 3025 3209 3256 3263; x_wconf 87' lang='lat' dir='ltr'><strong>diversis</strong></span> <span class='ocrx_word' id='word_1_518' title='bbox 3277 3223 3408 3276; x_wconf 85' lang='lat' dir='ltr'><strong>pro-</strong></span> 
     </span>
    </p>
   </div>
   <div class='ocr_carea' id='block_1_77' title="bbox 1838 3299 3407 3370">
    <p class='ocr_par' dir='ltr' id='par_1_77' title="bbox 1838 3299 3407 3370">
     <span class='ocr_line' id='line_1_77' title="bbox 1838 3299 3407 3370; baseline 0.002 -19"><span class='ocrx_word' id='word_1_519' title='bbox 1838 3299 2054 3363; x_wconf 90' lang='lat' dir='ltr'><strong>vinciis,</strong></span> <span class='ocrx_word' id='word_1_520' title='bbox 2111 3299 2176 3352; x_wconf 89' lang='lat' dir='ltr'><strong>ad</strong></span> <span class='ocrx_word' id='word_1_521' title='bbox 2249 3315 2500 3370; x_wconf 90' lang='lat' dir='ltr'><strong>magnam</strong></span> <span class='ocrx_word' id='word_1_522' title='bbox 2561 3299 2963 3354; x_wconf 86' lang='lat' dir='ltr'><strong>solemnitatem</strong></span> <span class='ocrx_word' id='word_1_523' title='bbox 3023 3299 3407 3370; x_wconf 78' lang='lat' dir='ltr'><strong>congregatis,</strong></span> 
     </span>
    </p>
   </div>
   <div class='ocr_carea' id='block_1_78' title="bbox 1837 3387 3410 3459">
    <p class='ocr_par' dir='ltr' id='par_1_78' title="bbox 1837 3387 3410 3459">
     <span class='ocr_line' id='line_1_78' title="bbox 1837 3387 3410 3459; baseline 0 -16"><span class='ocrx_word' id='word_1_524' title='bbox 1837 3405 2002 3458; x_wconf 90' lang='lat' dir='ltr'><strong>quam</strong></span> <span class='ocrx_word' id='word_1_525' title='bbox 2030 3389 2426 3444; x_wconf 86' lang='lat' dir='ltr'><strong>celebravimus</strong></span> <span class='ocrx_word' id='word_1_526' title='bbox 2460 3390 2515 3443; x_wconf 91' lang='lat' dir='ltr'><strong>in</strong></span> <span class='ocrx_word' id='word_1_527' title='bbox 2568 3387 2917 3444; x_wconf 89' lang='lat' dir='ltr'><strong>Dedicatione</strong></span> <span class='ocrx_word' id='word_1_528' title='bbox 2939 3388 3184 3459; x_wconf 84' lang='lat' dir='ltr'><strong>Martyrii</strong></span> <span class='ocrx_word' id='word_1_529' title='bbox 3217 3390 3410 3443; x_wconf 88' lang='lat' dir='ltr'><strong>Salva-</strong></span> 
     </span>
    </p>
   </div>
   <div class='ocr_carea' id='block_1_79' title="bbox 1841 3480 3410 3551">
    <p class='ocr_par' dir='ltr' id='par_1_79' title="bbox 1841 3480 3410 3551">
     <span class='ocr_line' id='line_1_79' title="bbox 1841 3480 3410 3551; baseline 0 -15"><span class='ocrx_word' id='word_1_530' title='bbox 1841 3482 1994 3545; x_wconf 90' lang='lat' dir='ltr'><strong>toris,</strong></span> <span class='ocrx_word' id='word_1_531' title='bbox 2022 3495 2052 3533; x_wconf 90' lang='lat' dir='ltr'><strong>a</strong></span> <span class='ocrx_word' id='word_1_532' title='bbox 2082 3480 2498 3551; x_wconf 84' lang='lat' dir='ltr'><strong>religiosissimo</strong></span> <span class='ocrx_word' id='word_1_533' title='bbox 2532 3481 2857 3550; x_wconf 89' lang='lat' dir='ltr'><strong>imperatore</strong></span> <span class='ocrx_word' id='word_1_534' title='bbox 2911 3481 3293 3549; x_wconf 87' lang='lat' dir='ltr'><strong>Constantino,</strong></span> <span class='ocrx_word' id='word_1_535' title='bbox 3351 3482 3410 3536; x_wconf 89' lang='lat' dir='ltr'><strong>in</strong></span> 
     </span>
    </p>
   </div>
   <div class='ocr_carea' id='block_1_80' title="bbox 1839 3569 3411 3641">
    <p class='ocr_par' dir='ltr' id='par_1_80' title="bbox 1839 3569 3411 3641">
     <span class='ocr_line' id='line_1_80' title="bbox 1839 3569 3411 3641; baseline 0.001 -16"><span class='ocrx_word' id='word_1_536' title='bbox 1839 3572 2100 3626; x_wconf 88' lang='lat' dir='ltr'><strong>honorem</strong></span> <span class='ocrx_word' id='word_1_537' title='bbox 2131 3569 2374 3624; x_wconf 89' lang='lat' dir='ltr'><strong>omnium</strong></span> <span class='ocrx_word' id='word_1_538' title='bbox 2429 3571 2776 3639; x_wconf 83' lang='lat' dir='ltr'><strong>imperatoris</strong></span> <span class='ocrx_word' id='word_1_539' title='bbox 2811 3569 2907 3625; x_wconf 91' lang='lat' dir='ltr'><strong>Dei</strong></span> <span class='ocrx_word' id='word_1_540' title='bbox 2968 3579 3024 3626; x_wconf 89' lang='lat' dir='ltr'><strong>et</strong></span> <span class='ocrx_word' id='word_1_541' title='bbox 3057 3570 3266 3626; x_wconf 85' lang='lat' dir='ltr'><strong>Christi</strong></span> <span class='ocrx_word' id='word_1_542' title='bbox 3288 3571 3411 3641; x_wconf 83' lang='lat' dir='ltr'><strong>ejus</strong></span> 
     </span>
    </p>
   </div>
   <div class='ocr_carea' id='block_1_81' title="bbox 1839 3661 3410 3732">
    <p class='ocr_par' dir='ltr' id='par_1_81' title="bbox 1839 3661 3410 3732">
     <span class='ocr_line' id='line_1_81' title="bbox 1839 3661 3410 3732; baseline 0.003 -19"><span class='ocrx_word' id='word_1_543' title='bbox 1839 3661 2100 3726; x_wconf 77' lang='lat' dir='ltr'><strong>excitati,</strong></span> <span class='ocrx_word' id='word_1_544' title='bbox 2137 3661 2407 3732; x_wconf 74' lang='lat' dir='ltr'><strong>ingentem</strong></span> <span class='ocrx_word' id='word_1_545' title='bbox 2432 3661 2603 3715; x_wconf 87' lang='lat' dir='ltr'><strong>animi</strong></span> <span class='ocrx_word' id='word_1_546' title='bbox 2646 3662 2980 3731; x_wconf 86' lang='lat' dir='ltr'><strong>voluptatem</strong></span> <span class='ocrx_word' id='word_1_547' title='bbox 3011 3663 3211 3718; x_wconf 87' lang='lat' dir='ltr'><strong>Christi</strong></span> <span class='ocrx_word' id='word_1_548' title='bbox 3235 3664 3410 3732; x_wconf 86' lang='lat' dir='ltr'><strong>gratia</strong></span> 
     </span>
    </p>
   </div>
   <div class='ocr_carea' id='block_1_82' title="bbox 1841 3752 3412 3823">
    <p class='ocr_par' dir='ltr' id='par_1_82' title="bbox 1841 3752 3412 3823">
     <span class='ocr_line' id='line_1_82' title="bbox 1841 3752 3412 3823; baseline -0.001 -14"><span class='ocrx_word' id='word_1_549' title='bbox 1841 3753 2039 3819; x_wconf 91' lang='lat' dir='ltr'><strong>attulit,</strong></span> <span class='ocrx_word' id='word_1_550' title='bbox 2079 3768 2242 3823; x_wconf 90' lang='lat' dir='ltr'><strong>quam</strong></span> <span class='ocrx_word' id='word_1_551' title='bbox 2300 3752 2460 3807; x_wconf 91' lang='lat' dir='ltr'><strong>nobis</strong></span> <span class='ocrx_word' id='word_1_552' title='bbox 2528 3752 2643 3822; x_wconf 89' lang='lat' dir='ltr'><strong>ipse</strong></span> <span class='ocrx_word' id='word_1_553' title='bbox 2699 3767 2915 3822; x_wconf 89' lang='lat' dir='ltr'><strong>quoque</strong></span> <span class='ocrx_word' id='word_1_554' title='bbox 2965 3753 3412 3823; x_wconf 87' lang='lat' dir='ltr'><strong>religiosissimus</strong></span> 
     </span>
    </p>
   </div>
   <div class='ocr_carea' id='block_1_83' title="bbox 1839 3844 3412 3916">
    <p class='ocr_par' dir='ltr' id='par_1_83' title="bbox 1839 3844 3412 3916">
     <span class='ocr_line' id='line_1_83' title="bbox 1839 3844 3412 3916; baseline -0.001 -15"><span class='ocrx_word' id='word_1_555' title='bbox 1839 3847 2136 3916; x_wconf 89' lang='lat' dir='ltr'><strong>imperator</strong></span> <span class='ocrx_word' id='word_1_556' title='bbox 2154 3861 2248 3914; x_wconf 93' lang='lat' dir='ltr'><strong>per</strong></span> <span class='ocrx_word' id='word_1_557' title='bbox 2275 3844 2526 3915; x_wconf 89' lang='lat' dir='ltr'><strong>pr0prias</strong></span> <span class='ocrx_word' id='word_1_558' title='bbox 2542 3844 2690 3900; x_wconf 91' lang='lat' dir='ltr'><strong>dedit</strong></span> <span class='ocrx_word' id='word_1_559' title='bbox 2715 3845 2944 3910; x_wconf 85' lang='lat' dir='ltr'><strong>litteras,</strong></span> <span class='ocrx_word' id='word_1_560' title='bbox 2964 3861 3066 3900; x_wconf 93' lang='lat' dir='ltr'><strong>nos</strong></span> <span class='ocrx_word' id='word_1_561' title='bbox 3090 3844 3155 3898; x_wconf 86' lang='lat' dir='ltr'><strong>ad</strong></span> <span class='ocrx_word' id='word_1_562' title='bbox 3173 3845 3412 3900; x_wconf 78' lang='lat' dir='ltr'><strong>olliciun.</strong></span> 
     </span>
    </p>
   </div>
   <div class='ocr_carea' id='block_1_84' title="bbox 1839 3934 3412 3992">
    <p class='ocr_par' dir='ltr' id='par_1_84' title="bbox 1839 3934 3412 3992">
     <span class='ocr_line' id='line_1_84' title="bbox 1839 3934 3412 3992; baseline 0 -2"><span class='ocrx_word' id='word_1_563' title='bbox 1839 3939 2131 3992; x_wconf 88' lang='lat' dir='ltr'><strong>hortatus:</strong></span> <span class='ocrx_word' id='word_1_564' title='bbox 2163 3953 2286 3991; x_wconf 92' lang='lat' dir='ltr'><strong>cum</strong></span> <span class='ocrx_word' id='word_1_565' title='bbox 2323 3951 2539 3990; x_wconf 89' lang='lat' dir='ltr'><strong>omnem</strong></span> <span class='ocrx_word' id='word_1_566' title='bbox 2601 3935 2859 3990; x_wconf 83' lang='lat' dir='ltr'><strong>invidiam</strong></span> <span class='ocrx_word' id='word_1_567' title='bbox 2919 3936 2990 3990; x_wconf 89' lang='lat' dir='ltr'><strong>ab</strong></span> <span class='ocrx_word' id='word_1_568' title='bbox 3045 3934 3284 3990; x_wconf 82' lang='lat' dir='ltr'><strong>Ecclesia</strong></span> <span class='ocrx_word' id='word_1_569' title='bbox 3316 3934 3412 3990; x_wconf 90' lang='lat' dir='ltr'><strong>Dei</strong></span> 
     </span>
    </p>
   </div>
   <div class='ocr_carea' id='block_1_85' title="bbox 1839 4026 3412 4100">
    <p class='ocr_par' dir='ltr' id='par_1_85' title="bbox 1839 4026 3412 4100">
     <span class='ocr_line' id='line_1_85' title="bbox 1839 4026 3412 4100; baseline -0.001 -16"><span class='ocrx_word' id='word_1_570' title='bbox 1839 4031 2109 4100; x_wconf 73' lang='lat' dir='ltr'><strong>eiecisset,</strong></span> <span class='ocrx_word' id='word_1_571' title='bbox 2167 4038 2222 4084; x_wconf 88' lang='lat' dir='ltr'><strong>et</strong></span> <span class='ocrx_word' id='word_1_572' title='bbox 2263 4043 2426 4083; x_wconf 91' lang='lat' dir='ltr'><strong>omne</strong></span> <span class='ocrx_word' id='word_1_573' title='bbox 2475 4028 2660 4082; x_wconf 91' lang='lat' dir='ltr'><strong>odium</strong></span> <span class='ocrx_word' id='word_1_574' title='bbox 2703 4026 2892 4097; x_wconf 88' lang='lat' dir='ltr'><strong>procul</strong></span> <span class='ocrx_word' id='word_1_575' title='bbox 2950 4026 3241 4096; x_wconf 75' lang='lat' dir='ltr'><strong>abegisset,</strong></span> <span class='ocrx_word' id='word_1_576' title='bbox 3302 4042 3412 4096; x_wconf 89' lang='lat' dir='ltr'><strong>quo</strong></span> 
     </span>
    </p>
   </div>
   <div class='ocr_carea' id='block_1_86' title="bbox 1838 4119 3412 4191">
    <p class='ocr_par' dir='ltr' id='par_1_86' title="bbox 1838 4119 3412 4191">
     <span class='ocr_line' id='line_1_86' title="bbox 1838 4119 3412 4191; baseline -0.002 -14"><span class='ocrx_word' id='word_1_577' title='bbox 1838 4122 2042 4178; x_wconf 88' lang='lat' dir='ltr'><strong>Christi</strong></span> <span class='ocrx_word' id='word_1_578' title='bbox 2086 4123 2328 4176; x_wconf 90' lang='lat' dir='ltr'><strong>membra</strong></span> <span class='ocrx_word' id='word_1_579' title='bbox 2354 4121 2468 4191; x_wconf 86' lang='lat' dir='ltr'><strong>jam</strong></span> <span class='ocrx_word' id='word_1_580' title='bbox 2507 4121 2715 4190; x_wconf 90' lang='lat' dir='ltr'><strong>pridem</strong></span> <span class='ocrx_word' id='word_1_581' title='bbox 2747 4119 3130 4188; x_wconf 86' lang='lat' dir='ltr'><strong>dissidebant;</strong></span> <span class='ocrx_word' id='word_1_582' title='bbox 3169 4126 3230 4174; x_wconf 92' lang='lat' dir='ltr'><strong>ut</strong></span> <span class='ocrx_word' id='word_1_583' title='bbox 3281 4119 3412 4174; x_wconf 83' lang='lat' dir='ltr'><strong>sim-</strong></span> 
     </span>
    </p>
   </div>
   <div class='ocr_carea' id='block_1_87' title="bbox 1839 4202 3412 4283">
    <p class='ocr_par' dir='ltr' id='par_1_87' title="bbox 1839 4202 3412 4283">
     <span class='ocr_line' id='line_1_87' title="bbox 1839 4202 3412 4283; baseline 0 -19"><span class='ocrx_word' id='word_1_584' title='bbox 1839 4212 1964 4282; x_wconf 87' lang='lat' dir='ltr'><strong>plici</strong></span> <span class='ocrx_word' id='word_1_585' title='bbox 1994 4221 2048 4266; x_wconf 91' lang='lat' dir='ltr'><strong>et</strong></span> <span class='ocrx_word' id='word_1_586' title='bbox 2075 4211 2303 4281; x_wconf 79' lang='lat' dir='ltr'><strong>paciﬁca</strong></span> <span class='ocrx_word' id='word_1_587' title='bbox 2355 4211 2540 4265; x_wconf 90' lang='lat' dir='ltr'><strong>animo</strong></span> <span class='ocrx_word' id='word_1_588' title='bbox 2592 4209 2786 4283; x_wconf 77' lang='lat' dir='ltr'><strong>Arium</strong></span> <span class='ocrx_word' id='word_1_589' title='bbox 2827 4202 2950 4264; x_wconf 76' lang='lat' dir='ltr'><strong>cuin</strong></span> <span class='ocrx_word' id='word_1_590' title='bbox 2994 4210 3110 4265; x_wconf 91' lang='lat' dir='ltr'><strong>suis</strong></span> <span class='ocrx_word' id='word_1_591' title='bbox 3141 4209 3412 4279; x_wconf 87' lang='lat' dir='ltr'><strong>recipere-</strong></span> 
     </span>
    </p>
   </div>
   <div class='ocr_carea' id='block_1_88' title="bbox 1840 4300 3412 4373">
    <p class='ocr_par' dir='ltr' id='par_1_88' title="bbox 1840 4300 3412 4373">
     <span class='ocr_line' id='line_1_88' title="bbox 1840 4300 3412 4373; baseline -0.003 -15"><span class='ocrx_word' id='word_1_592' title='bbox 1840 4319 1996 4369; x_wconf 90' lang='lat' dir='ltr'><strong>mus;</strong></span> <span class='ocrx_word' id='word_1_593' title='bbox 2047 4303 2284 4373; x_wconf 80' lang='lat' dir='ltr'><strong>quos&#39;ad</strong></span> <span class='ocrx_word' id='word_1_594' title='bbox 2319 4302 2540 4372; x_wconf 89' lang='lat' dir='ltr'><strong>aliquod</strong></span> <span class='ocrx_word' id='word_1_595' title='bbox 2573 4301 2836 4372; x_wconf 89' lang='lat' dir='ltr'><strong>temporis</strong></span> <span class='ocrx_word' id='word_1_596' title='bbox 2888 4301 3125 4370; x_wconf 88' lang='lat' dir='ltr'><strong>spatium</strong></span> <span class='ocrx_word' id='word_1_597' title='bbox 3153 4303 3305 4356; x_wconf 91' lang='lat' dir='ltr'><strong>omni</strong></span> <span class='ocrx_word' id='word_1_598' title='bbox 3334 4300 3412 4354; x_wconf 84' lang='lat' dir='ltr'><strong>in-</strong></span> 
     </span>
    </p>
   </div>
   <div class='ocr_carea' id='block_1_89' title="bbox 145 4392 1727 4478">
    <p class='ocr_par' dir='ltr' id='par_1_89' title="bbox 145 4392 1727 4468">
     <span class='ocr_line' id='line_1_89' title="bbox 145 4392 1727 4468; baseline -0.006 -14"><span class='ocrx_word' id='word_1_599' title='bbox 145 4397 352 4468; x_wconf 78' lang='grc' dir='ltr'>καιρὸν</span> <span class='ocrx_word' id='word_1_600' title='bbox 378 4399 407 4450; x_wconf 88' lang='grc' dir='ltr'><strong>ό</strong></span> <span class='ocrx_word' id='word_1_601' title='bbox 437 4395 724 4466; x_wconf 85' lang='grc' dir='ltr'>μισόκαλος</span> <span class='ocrx_word' id='word_1_602' title='bbox 752 4394 944 4463; x_wconf 76' lang='grc' dir='ltr'>φθόνος</span> <span class='ocrx_word' id='word_1_603' title='bbox 971 4394 1076 4458; x_wconf 81' lang='grc' dir='ltr'><strong>ἔξω</strong></span> <span class='ocrx_word' id='word_1_604' title='bbox 1099 4392 1350 4463; x_wconf 81' lang='grc' dir='ltr'>γενέσθαι</span> <span class='ocrx_word' id='word_1_605' title='bbox 1375 4392 1475 4462; x_wconf 88' lang='grc' dir='ltr'><strong>τῆς</strong></span> <span class='ocrx_word' id='word_1_606' title='bbox 1513 4393 1727 4464; x_wconf 86' lang='grc' dir='ltr'>Ἐκκλη-</span> 
     </span>
    </p>
   </div>
   <div class='ocr_carea' id='block_1_90' title="bbox 1844 4392 3413 4478">
    <p class='ocr_par' dir='ltr' id='par_1_90' title="bbox 1844 4393 3413 4451">
     <span class='ocr_line' id='line_1_90' title="bbox 1844 4393 3413 4451; baseline -0.001 -1"><span class='ocrx_word' id='word_1_607' title='bbox 1844 4395 1980 4451; x_wconf 79' lang='lat' dir='ltr'><strong>festa</strong></span> <span class='ocrx_word' id='word_1_608' title='bbox 2007 4396 2152 4450; x_wconf 90' lang='lat' dir='ltr'><strong>bono</strong></span> <span class='ocrx_word' id='word_1_609' title='bbox 2173 4394 2377 4449; x_wconf 89' lang='lat' dir='ltr'><strong>invidia</strong></span> <span class='ocrx_word' id='word_1_610' title='bbox 2438 4403 2592 4449; x_wconf 83' lang='lat' dir='ltr'><strong>extra</strong></span> <span class='ocrx_word' id='word_1_611' title='bbox 2641 4393 2941 4450; x_wconf 89' lang='lat' dir='ltr'><strong>Ecclesiam</strong></span> <span class='ocrx_word' id='word_1_612' title='bbox 2999 4393 3248 4449; x_wconf 87' lang='lat' dir='ltr'><strong>detinuit.</strong></span> <span class='ocrx_word' id='word_1_613' title='bbox 3303 4393 3413 4448; x_wconf 89' lang='lat' dir='ltr'><strong>lmo</strong></span> 
     </span>
    </p>
   </div>
   <div class='ocr_carea' id='block_1_91' title="bbox 148 4484 1734 4560">
    <p class='ocr_par' dir='ltr' id='par_1_91' title="bbox 148 4484 1734 4560">
     <span class='ocr_line' id='line_1_91' title="bbox 148 4484 1734 4560; baseline -0.004 -16"><span class='ocrx_word' id='word_1_614' title='bbox 148 4491 283 4553; x_wconf 82' lang='grc' dir='ltr'>σίας</span> <span class='ocrx_word' id='word_1_615' title='bbox 315 4487 626 4560; x_wconf 79' lang='grc' dir='ltr'>εἰργάσατο.</span> <span class='ocrx_word' id='word_1_616' title='bbox 665 4487 992 4558; x_wconf 83' lang='grc' dir='ltr'>Ἐμαρτύρει</span> <span class='ocrx_word' id='word_1_617' title='bbox 1027 4485 1083 4538; x_wconf 85' lang='grc' dir='ltr'>δὲ</span> <span class='ocrx_word' id='word_1_618' title='bbox 1113 4488 1226 4548; x_wconf 81' lang='grc' dir='ltr'>τοῖς</span> <span class='ocrx_word' id='word_1_619' title='bbox 1280 4484 1535 4556; x_wconf 87' lang='grc' dir='ltr'>ἀνδράσιν</span> <span class='ocrx_word' id='word_1_620' title='bbox 1565 4487 1592 4538; x_wconf 88' lang='grc' dir='ltr'><strong>ό</strong></span> <span class='ocrx_word' id='word_1_621' title='bbox 1617 4485 1734 4537; x_wconf 93' lang='grc' dir='ltr'>θεο-</span> 
     </span>
    </p>
   </div>
   <div class='ocr_carea' id='block_1_92' title="bbox 149 4575 1741 4653">
    <p class='ocr_par' dir='ltr' id='par_1_92' title="bbox 149 4575 1741 4653">
     <span class='ocr_line' id='line_1_92' title="bbox 149 4575 1741 4653; baseline -0.003 -20"><span class='ocrx_word' id='word_1_622' title='bbox 149 4581 480 4653; x_wconf 75' lang='grc' dir='ltr'>φιλέστατος</span> <span class='ocrx_word' id='word_1_623' title='bbox 505 4579 760 4650; x_wconf 71' lang='grc' dir='ltr'>βασιλεὺς</span> <span class='ocrx_word' id='word_1_624' title='bbox 786 4577 872 4630; x_wconf 82' lang='grc' dir='ltr'>διὰ</span> <span class='ocrx_word' id='word_1_625' title='bbox 900 4578 998 4648; x_wconf 84' lang='grc' dir='ltr'><strong>τῆς</strong></span> <span class='ocrx_word' id='word_1_626' title='bbox 1020 4576 1306 4645; x_wconf 73' lang='grc' dir='ltr'>ἐπιπολῆς</span> <span class='ocrx_word' id='word_1_627' title='bbox 1332 4575 1565 4638; x_wconf 87' lang='grc' dir='ltr'>πίστεως</span> <span class='ocrx_word' id='word_1_628' title='bbox 1587 4575 1741 4646; x_wconf 90' lang='grc' dir='ltr'>ὀρθο-</span> 
     </span>
    </p>
   </div>
   <div class='ocr_carea' id='block_1_93' title="bbox 146 4667 1738 4744">
    <p class='ocr_par' dir='ltr' id='par_1_93' title="bbox 146 4667 1738 4744">
     <span class='ocr_line' id='line_1_93' title="bbox 146 4667 1738 4744; baseline -0.005 -17"><span class='ocrx_word' id='word_1_629' title='bbox 146 4675 376 4744; x_wconf 87' lang='grc' dir='ltr'>τομξαν,</span> <span class='ocrx_word' id='word_1_630' title='bbox 405 4673 472 4742; x_wconf 77' lang='grc' dir='ltr'>ἢν</span> <span class='ocrx_word' id='word_1_631' title='bbox 496 4674 626 4743; x_wconf 88' lang='grc' dir='ltr'>παρ’</span> <span class='ocrx_word' id='word_1_632' title='bbox 656 4670 836 4724; x_wconf 81' lang='grc' dir='ltr'>αὐτῶν</span> <span class='ocrx_word' id='word_1_633' title='bbox 872 4668 1196 4739; x_wconf 86' lang='grc' dir='ltr'>πυθόμενος,</span> <span class='ocrx_word' id='word_1_634' title='bbox 1225 4667 1385 4731; x_wconf 82' lang='grc' dir='ltr'>αὑτός</span> <span class='ocrx_word' id='word_1_635' title='bbox 1420 4685 1479 4720; x_wconf 89' lang='grc' dir='ltr'><strong>τε</strong></span> <span class='ocrx_word' id='word_1_636' title='bbox 1512 4668 1577 4720; x_wconf 86' lang='grc' dir='ltr'>δι’</span> <span class='ocrx_word' id='word_1_637' title='bbox 1610 4668 1738 4720; x_wconf 79' lang='grc' dir='ltr'>ἑαυ-</span> 
     </span>
    </p>
   </div>
   <div class='ocr_carea' id='block_1_94' title="bbox 147 4759 1737 4836">
    <p class='ocr_par' dir='ltr' id='par_1_94' title="bbox 147 4759 1737 4836">
     <span class='ocr_line' id='line_1_94' title="bbox 147 4759 1737 4836; baseline -0.007 -14"><span class='ocrx_word' id='word_1_638' title='bbox 147 4767 252 4823; x_wconf 86' lang='grc' dir='ltr'><strong>τοῦ</strong></span> <span class='ocrx_word' id='word_1_639' title='bbox 293 4765 446 4836; x_wconf 79' lang='grc' dir='ltr'>παρὰ</span> <span class='ocrx_word' id='word_1_640' title='bbox 482 4763 662 4835; x_wconf 78' lang='grc' dir='ltr'>ζώσης</span> <span class='ocrx_word' id='word_1_641' title='bbox 713 4761 896 4832; x_wconf 85' lang='grc' dir='ltr'>φωνῆς</span> <span class='ocrx_word' id='word_1_642' title='bbox 924 4761 1101 4815; x_wconf 80' lang='grc' dir='ltr'>αὐτῶν</span> <span class='ocrx_word' id='word_1_643' title='bbox 1139 4760 1376 4822; x_wconf 87' lang='grc' dir='ltr'>ἀκούσας</span> <span class='ocrx_word' id='word_1_644' title='bbox 1425 4759 1737 4826; x_wconf 78' lang='grc' dir='ltr'>ἀπεδέξατο,</span> 
     </span>
    </p>
   </div>
   <div class='ocr_carea' id='block_1_95' title="bbox 147 4850 1739 4932">
    <p class='ocr_par' dir='ltr' id='par_1_95' title="bbox 147 4850 1739 4932">
     <span class='ocr_line' id='line_1_95' title="bbox 147 4850 1739 4932; baseline -0.006 -19"><span class='ocrx_word' id='word_1_645' title='bbox 147 4862 293 4932; x_wconf 77' lang='grc' dir='ltr'>ἡμῖν</span> <span class='ocrx_word' id='word_1_646' title='bbox 329 4876 390 4911; x_wconf 88' lang='grc' dir='ltr'><strong>τε</strong></span> <span class='ocrx_word' id='word_1_647' title='bbox 417 4856 653 4928; x_wconf 78' lang='grc' dir='ltr'>φανερὰν</span> <span class='ocrx_word' id='word_1_648' title='bbox 683 4857 1069 4926; x_wconf 86' lang='grc' dir='ltr'>κατεστήσατο,</span> <span class='ocrx_word' id='word_1_649' title='bbox 1112 4850 1384 4915; x_wconf 82' lang='grc' dir='ltr'>ὑποτάξας</span> <span class='ocrx_word' id='word_1_650' title='bbox 1406 4854 1518 4915; x_wconf 84' lang='grc' dir='ltr'>τοῖς</span> <span class='ocrx_word' id='word_1_651' title='bbox 1547 4851 1739 4906; x_wconf 76' lang='grc' dir='ltr'>ἑαυτοῦ</span> 
     </span>
    </p>
   </div>
   <div class='ocr_carea' id='block_1_96' title="bbox 233 5061 1021 5134">
    <p class='ocr_par' dir='ltr' id='par_1_96' title="bbox 233 5061 1021 5134">
     <span class='ocr_line' id='line_1_96' title="bbox 233 5061 1021 5134; baseline -0.008 -16"><span class='ocrx_word' id='word_1_652' title='bbox 233 5063 348 5134; x_wconf 69' lang='lat' dir='ltr'><strong>(i9)</strong></span> <span class='ocrx_word' id='word_1_653' title='bbox 384 5061 540 5132; x_wconf 82' lang='lat' dir='ltr'><strong>Reg.,</strong></span> <span class='ocrx_word' id='word_1_654' title='bbox 566 5062 1021 5134; x_wconf 83' lang='grc' dir='ltr'>συγκροτήσουσι.</span> 
     </span>
    </p>
   </div>
   <div class='ocr_carea' id='block_1_97' title="bbox 231 5125 1740 5205">
    <p class='ocr_par' dir='ltr' id='par_1_97' title="bbox 231 5125 1740 5205">
     <span class='ocr_line' id='line_1_97' title="bbox 231 5125 1740 5205; baseline -0.006 -17"><span class='ocrx_word' id='word_1_655' title='bbox 231 5125 348 5205; x_wconf 76' lang='grc'>(50)</span> <span class='ocrx_word' id='word_1_656' title='bbox 371 5125 618 5205; x_wconf 70' lang='lat' dir='ltr'><strong>Artemas</strong></span> <span class='ocrx_word' id='word_1_657' title='bbox 646 5125 1056 5205; x_wconf 55' lang='lat' dir='ltr'><strong>sejrAr‘temop.</strong></span> <span class='ocrx_word' id='word_1_658' title='bbox 1086 5129 1363 5205; x_wconf 67' lang='lat' dir='ltr'><strong>Christum</strong></span> <span class='ocrx_word' id='word_1_659' title='bbox 1397 5141 1606 5205; x_wconf 74' lang='lat' dir='ltr'><strong>merum</strong></span> <span class='ocrx_word' id='word_1_660' title='bbox 1638 5125 1740 5179; x_wconf 91' lang='lat' dir='ltr'><strong>ho-</strong></span> 
     </span>
    </p>
   </div>
   <div class='ocr_carea' id='block_1_98' title="bbox 151 5197 1738 5272">
    <p class='ocr_par' dir='ltr' id='par_1_98' title="bbox 151 5197 1738 5272">
     <span class='ocr_line' id='line_1_98' title="bbox 151 5197 1738 5272; baseline -0.009 -10"><span class='ocrx_word' id='word_1_661' title='bbox 151 5197 366 5262; x_wconf 79' lang='lat' dir='ltr'><strong>minem</strong></span> <span class='ocrx_word' id='word_1_662' title='bbox 399 5203 643 5272; x_wconf 86' lang='lat' dir='ltr'><strong>putabat.</strong></span> <span class='ocrx_word' id='word_1_663' title='bbox 676 5201 814 5257; x_wconf 81' lang='lat' dir='ltr'><strong>Vide</strong></span> <span class='ocrx_word' id='word_1_664' title='bbox 851 5199 1053 5256; x_wconf 82' lang='lat' dir='ltr'><strong>Euseb.</strong></span> <span class='ocrx_word' id='word_1_665' title='bbox 1089 5198 1294 5252; x_wconf 81' lang='lat' dir='ltr'><strong>Hister.</strong></span> <span class='ocrx_word' id='word_1_666' title='bbox 1327 5197 1512 5252; x_wconf 85' lang='lat' dir='ltr'><strong>eccles.</strong></span> <span class='ocrx_word' id='word_1_667' title='bbox 1542 5197 1634 5250; x_wconf 90' lang='lat' dir='ltr'><strong>lib.</strong></span> <span class='ocrx_word' id='word_1_668' title='bbox 1663 5212 1738 5259; x_wconf 78' lang='lat' dir='ltr'><strong>vr,</strong></span> 
     </span>
    </p>
   </div>
   <div class='ocr_carea' id='block_1_99' title="bbox 151 5274 450 5348">
    <p class='ocr_par' dir='ltr' id='par_1_99' title="bbox 151 5274 450 5348">
     <span class='ocr_line' id='line_1_99' title="bbox 151 5274 450 5348; baseline 0 0"><span class='ocrx_word' id='word_1_669' title='bbox 151 5292 287 5348; x_wconf 59' lang='lat' dir='ltr'><strong>Pagi</strong></span> 
     </span>
    </p>
   </div>
   <div class='ocr_carea' id='block_1_100' title="bbox 256 5342 596 5414">
    <p class='ocr_par' dir='ltr' id='par_1_100' title="bbox 256 5342 596 5414">
     <span class='ocr_line' id='line_1_100' title="bbox 256 5342 596 5414; baseline -0.009 0"><span class='ocrx_word' id='word_1_670' title='bbox 256 5344 351 5414; x_wconf 74' lang='grc' dir='ltr'>δι)</span> <span class='ocrx_word' id='word_1_671' title='bbox 377 5342 453 5414; x_wconf 63' lang='grc' dir='ltr'>με</span> <span class='ocrx_word' id='word_1_672' title='bbox 483 5342 596 5411; x_wconf 73' lang='lat' dir='ltr'><strong>Res</strong></span> 
     </span>
    </p>
   </div>
   <div class='ocr_carea' id='block_1_101' title="bbox 255 5410 1216 5485">
    <p class='ocr_par' dir='ltr' id='par_1_101' title="bbox 255 5410 1216 5485">
     <span class='ocr_line' id='line_1_101' title="bbox 255 5410 1216 5485; baseline -0.008 -16"><span class='ocrx_word' id='word_1_673' title='bbox 255 5410 348 5485; x_wconf 73' lang='lat'><strong>52)</strong></span> <span class='ocrx_word' id='word_1_674' title='bbox 375 5413 533 5485; x_wconf 52' lang='lat' dir='ltr'><strong>138g“</strong></span> <span class='ocrx_word' id='word_1_675' title='bbox 564 5410 992 5485; x_wconf 59' lang='lat' dir='ltr'><strong>£aut€av._Editi,</strong></span> <span class='ocrx_word' id='word_1_676' title='bbox 1019 5410 1216 5485; x_wconf 53' lang='grc' dir='ltr'><strong>αιῖιτῶντ</strong></span> 
     </span>
    </p>
   </div>
   <div class='ocr_carea' id='block_1_102' title="bbox 234 5477 1744 5564">
    <p class='ocr_par' dir='ltr' id='par_1_102' title="bbox 234 5477 1744 5564">
     <span class='ocr_line' id='line_1_102' title="bbox 234 5477 1744 5564; baseline -0.008 -23"><span class='ocrx_word' id='word_1_677' title='bbox 234 5477 354 5556; x_wconf 77' lang='grc'>(55)</span> <span class='ocrx_word' id='word_1_678' title='bbox 387 5477 543 5564; x_wconf 48' lang='grc' dir='ltr'>βοᾷ..</span> <span class='ocrx_word' id='word_1_679' title='bbox 581 5481 1190 5564; x_wconf 41' lang='grc' dir='ltr'>ὲν-ςτῇθίερουσαλήμ..</span> <span class='ocrx_word' id='word_1_680' title='bbox 1211 5477 1450 5564; x_wconf 83' lang='lat' dir='ltr'><strong>Epistola</strong></span> <span class='ocrx_word' id='word_1_681' title='bbox 1494 5491 1744 5564; x_wconf 55' lang='lat' dir='ltr'><strong>verese-</strong></span> 
     </span>
    </p>
   </div>
   <div class='ocr_carea' id='block_1_103' title="bbox 155 5547 1741 5628">
    <p class='ocr_par' dir='ltr' id='par_1_103' title="bbox 155 5547 1741 5628">
     <span class='ocr_line' id='line_1_103' title="bbox 155 5547 1741 5628; baseline -0.008 -15"><span class='ocrx_word' id='word_1_682' title='bbox 155 5547 347 5628; x_wconf 60' lang='lat' dir='ltr'><strong>quens</strong></span> <span class='ocrx_word' id='word_1_683' title='bbox 394 5547 812 5621; x_wconf 55' lang='lat' dir='ltr'><strong>habeturlit&#39;ém</strong></span> <span class='ocrx_word' id='word_1_684' title='bbox 858 5547 914 5606; x_wconf 83' lang='lat' dir='ltr'><strong>in</strong></span> <span class='ocrx_word' id='word_1_685' title='bbox 966 5547 1226 5622; x_wconf 74' lang='lat' dir='ltr'><strong>Apologia</strong></span> <span class='ocrx_word' id='word_1_686' title='bbox 1259 5547 1454 5604; x_wconf 76' lang='lat' dir='ltr'><strong>contra</strong></span> <span class='ocrx_word' id='word_1_687' title='bbox 1487 5547 1741 5610; x_wconf 88' lang='lat' dir='ltr'><strong>Arianos,</strong></span> 
     </span>
    </p>
   </div>
   <div class='ocr_carea' id='block_1_104' title="bbox 155 5646 1746 5765">
    <p class='ocr_par' dir='ltr' id='par_1_104' title="bbox 155 5646 1746 5765">
     <span class='ocr_line' id='line_1_104' title="bbox 155 5646 1746 5765; baseline -0.009 -12"><span class='ocrx_word' id='word_1_688' title='bbox 155 5646 217 5700; x_wconf 38' lang='lat' dir='ltr'><strong>po</strong></span> <span class='ocrx_word' id='word_1_689' title='bbox 393 5694 552 5765; x_wconf 60' lang='lat' dir='ltr'><strong>Reg,</strong></span> <span class='ocrx_word' id='word_1_690' title='bbox 585 5694 678 5748; x_wconf 73' lang='grc' dir='ltr'>καὶ</span> <span class='ocrx_word' id='word_1_691' title='bbox 709 5695 829 5765; x_wconf 81' lang='grc' dir='ltr'>ταῖς</span> <span class='ocrx_word' id='word_1_692' title='bbox 873 5706 984 5765; x_wconf 85' lang='lat' dir='ltr'><strong>n_on</strong></span> <span class='ocrx_word' id='word_1_693' title='bbox 1034 5691 1196 5744; x_wconf 90' lang='lat' dir='ltr'><strong>male.</strong></span> <span class='ocrx_word' id='word_1_694' title='bbox 1230 5688 1482 5765; x_wconf 81' lang='lat' dir='ltr'><strong>Editi_et_</strong></span> <span class='ocrx_word' id='word_1_695' title='bbox 1507 5686 1620 5748; x_wconf 79' lang='lat' dir='ltr'><strong>alii,</strong></span> <span class='ocrx_word' id='word_1_696' title='bbox 1649 5687 1746 5739; x_wconf 76' lang='grc' dir='ltr'><strong>καὶ</strong></span> 
     </span>
    </p>
   </div>
   <div class='ocr_carea' id='block_1_105' title="bbox 600 5337 1561 5400">
    <p class='ocr_par' dir='ltr' id='par_1_105' title="bbox 600 5337 1561 5400">
     <span class='ocr_line' id='line_1_105' title="bbox 600 5337 1561 5400; baseline -0.008 -4"><span class='ocrx_word' id='word_1_697' title='bbox 600 5382 614 5396; x_wconf 93' lang='grc'><strong>.</strong></span> <span class='ocrx_word' id='word_1_698' title='bbox 649 5349 702 5396; x_wconf 87' lang='lat' dir='ltr'><strong>et</strong></span> <span class='ocrx_word' id='word_1_699' title='bbox 723 5340 888 5395; x_wconf 85' lang='lat' dir='ltr'><strong>Basil.</strong></span> <span class='ocrx_word' id='word_1_700' title='bbox 921 5339 1062 5396; x_wconf 91' lang='lat' dir='ltr'><strong>Editi</strong></span> <span class='ocrx_word' id='word_1_701' title='bbox 1095 5341 1235 5394; x_wconf 90' lang='lat' dir='ltr'><strong>male</strong></span> <span class='ocrx_word' id='word_1_702' title='bbox 1259 5337 1561 5400; x_wconf 77' lang='grc' dir='ltr'>ὲπίσαντες.</span> 
     </span>
    </p>
   </div>
   <div class='ocr_carea' id='block_1_106' title="bbox 156 5751 1767 5833">
    <p class='ocr_par' dir='ltr' id='par_1_106' title="bbox 156 5751 1767 5833">
     <span class='ocr_line' id='line_1_106' title="bbox 156 5751 1767 5833; baseline -0.008 -9"><span class='ocrx_word' id='word_1_703' title='bbox 327 5751 390 5821; x_wconf 72' lang='lat' dir='ltr'><strong>Et</strong></span> <span class='ocrx_word' id='word_1_704' title='bbox 430 5751 507 5822; x_wconf 59' lang='lat' dir='ltr'><strong>ita</strong></span> <span class='ocrx_word' id='word_1_705' title='bbox 539 5751 709 5821; x_wconf 80' lang='lat' dir='ltr'><strong>liabet</strong></span> <span class='ocrx_word' id='word_1_706' title='bbox 741 5751 857 5832; x_wconf 76' lang='lat' dir='ltr'><strong>ipse</strong></span> <span class='ocrx_word' id='word_1_707' title='bbox 898 5761 1030 5833; x_wconf 82' lang='lat' dir='ltr'><strong>Reg.</strong></span> <span class='ocrx_word' id='word_1_708' title='bbox 1068 5774 1228 5830; x_wconf 91' lang='lat' dir='ltr'><strong>supra</strong></span> <span class='ocrx_word' id='word_1_709' title='bbox 1265 5758 1520 5829; x_wconf 79' lang='lat' dir='ltr'><strong>Apologia</strong></span> <span class='ocrx_word' id='word_1_710' title='bbox 1559 5751 1767 5812; x_wconf 74' lang='lat' dir='ltr'><strong>contra</strong></span> 
     </span>
    </p>
   </div>
   <div class='ocr_carea' id='block_1_107' title="bbox 1843 4482 3414 4555">
    <p class='ocr_par' dir='ltr' id='par_1_107' title="bbox 1843 4482 3414 4555">
     <span class='ocr_line' id='line_1_107' title="bbox 1843 4482 3414 4555; baseline -0.003 -16"><span class='ocrx_word' id='word_1_711' title='bbox 1843 4485 1958 4555; x_wconf 90' lang='lat' dir='ltr'><strong>ipse</strong></span> <span class='ocrx_word' id='word_1_712' title='bbox 1984 4484 2429 4553; x_wconf 85' lang='lat' dir='ltr'><strong>religiosissimus</strong></span> <span class='ocrx_word' id='word_1_713' title='bbox 2480 4483 2775 4552; x_wconf 88' lang='lat' dir='ltr'><strong>imperator</strong></span> <span class='ocrx_word' id='word_1_714' title='bbox 2811 4497 2906 4551; x_wconf 90' lang='lat' dir='ltr'><strong>per</strong></span> <span class='ocrx_word' id='word_1_715' title='bbox 2943 4482 3227 4551; x_wconf 90' lang='lat' dir='ltr'><strong>epistolam</strong></span> <span class='ocrx_word' id='word_1_716' title='bbox 3258 4496 3414 4536; x_wconf 90' lang='lat' dir='ltr'><strong>suam</strong></span> 
     </span>
    </p>
   </div>
   <div class='ocr_carea' id='block_1_108' title="bbox 1843 4573 3413 4645">
    <p class='ocr_par' dir='ltr' id='par_1_108' title="bbox 1843 4573 3413 4645">
     <span class='ocr_line' id='line_1_108' title="bbox 1843 4573 3413 4645; baseline -0.003 -16"><span class='ocrx_word' id='word_1_717' title='bbox 1843 4575 2157 4645; x_wconf 82' lang='lat' dir='ltr'><strong>hujusmodi</strong></span> <span class='ocrx_word' id='word_1_718' title='bbox 2185 4575 2425 4628; x_wconf 85' lang='lat' dir='ltr'><strong>virorum</strong></span> <span class='ocrx_word' id='word_1_719' title='bbox 2454 4582 2658 4626; x_wconf 87' lang='lat' dir='ltr'><strong>rectam</strong></span> <span class='ocrx_word' id='word_1_720' title='bbox 2695 4588 2818 4627; x_wconf 84' lang='lat' dir='ltr'><strong>esse</strong></span> <span class='ocrx_word' id='word_1_721' title='bbox 2848 4573 3008 4626; x_wconf 86' lang='lat' dir='ltr'><strong>ﬁdem</strong></span> <span class='ocrx_word' id='word_1_722' title='bbox 3035 4579 3266 4626; x_wconf 88' lang='lat' dir='ltr'><strong>testatus</strong></span> <span class='ocrx_word' id='word_1_723' title='bbox 3287 4581 3370 4626; x_wconf 87' lang='lat' dir='ltr'><strong>est</strong></span> <span class='ocrx_word' id='word_1_724' title='bbox 3398 4589 3413 4625; x_wconf 89' lang='lat'><strong>:</strong></span> 
     </span>
    </p>
   </div>
   <div class='ocr_carea' id='block_1_109' title="bbox 1840 4661 3413 4734">
    <p class='ocr_par' dir='ltr' id='par_1_109' title="bbox 1840 4661 3413 4734">
     <span class='ocr_line' id='line_1_109' title="bbox 1840 4661 3413 4734; baseline -0.001 -15"><span class='ocrx_word' id='word_1_725' title='bbox 1840 4680 2006 4734; x_wconf 87' lang='lat' dir='ltr'><strong>quam</strong></span> <span class='ocrx_word' id='word_1_726' title='bbox 2037 4665 2152 4734; x_wconf 89' lang='lat' dir='ltr'><strong>ipse</strong></span> <span class='ocrx_word' id='word_1_727' title='bbox 2173 4664 2373 4717; x_wconf 90' lang='lat' dir='ltr'><strong>abillis</strong></span> <span class='ocrx_word' id='word_1_728' title='bbox 2419 4663 2749 4725; x_wconf 87' lang='lat' dir='ltr'><strong>sciscitatus,</strong></span> <span class='ocrx_word' id='word_1_729' title='bbox 2795 4662 2915 4715; x_wconf 90' lang='lat' dir='ltr'><strong>viva</strong></span> <span class='ocrx_word' id='word_1_730' title='bbox 2950 4676 3082 4716; x_wconf 87' lang='lat' dir='ltr'><strong>voce</strong></span> <span class='ocrx_word' id='word_1_731' title='bbox 3131 4661 3413 4730; x_wconf 86' lang='lat' dir='ltr'><strong>loquentes</strong></span> 
     </span>
    </p>
   </div>
   <div class='ocr_carea' id='block_1_110' title="bbox 1841 4753 3413 4823">
    <p class='ocr_par' dir='ltr' id='par_1_110' title="bbox 1841 4753 3413 4823">
     <span class='ocr_line' id='line_1_110' title="bbox 1841 4753 3413 4823; baseline -0.002 -13"><span class='ocrx_word' id='word_1_732' title='bbox 1841 4771 1965 4810; x_wconf 90' lang='lat' dir='ltr'><strong>cum</strong></span> <span class='ocrx_word' id='word_1_733' title='bbox 1999 4755 2264 4819; x_wconf 87' lang='lat' dir='ltr'><strong>audisset,</strong></span> <span class='ocrx_word' id='word_1_734' title='bbox 2293 4769 2323 4808; x_wconf 92' lang='lat' dir='ltr'><strong>a</strong></span> <span class='ocrx_word' id='word_1_735' title='bbox 2355 4769 2415 4808; x_wconf 89' lang='lat' dir='ltr'><strong>se</strong></span> <span class='ocrx_word' id='word_1_736' title='bbox 2437 4753 2792 4823; x_wconf 85' lang='lat' dir='ltr'><strong>approbatam</strong></span> <span class='ocrx_word' id='word_1_737' title='bbox 2816 4753 2973 4808; x_wconf 91' lang='lat' dir='ltr'><strong>nobis</strong></span> <span class='ocrx_word' id='word_1_738' title='bbox 3004 4753 3286 4818; x_wconf 82' lang='lat' dir='ltr'><strong>indicavit,</strong></span> <span class='ocrx_word' id='word_1_739' title='bbox 3323 4754 3413 4808; x_wconf 91' lang='lat' dir='ltr'><strong>lit-</strong></span> 
     </span>
    </p>
   </div>
   <div class='ocr_carea' id='block_1_111' title="bbox 1845 4843 3398 4918">
    <p class='ocr_par' dir='ltr' id='par_1_111' title="bbox 1845 4843 3398 4918">
     <span class='ocr_line' id='line_1_111' title="bbox 1845 4843 3398 4918; baseline -0.002 -16"><span class='ocrx_word' id='word_1_740' title='bbox 1845 4848 2082 4918; x_wconf 84' lang='lat' dir='ltr'><strong>terisque</strong></span> <span class='ocrx_word' id='word_1_741' title='bbox 2109 4847 2226 4902; x_wconf 91' lang='lat' dir='ltr'><strong>suis</strong></span> <span class='ocrx_word' id='word_1_742' title='bbox 2269 4861 2460 4901; x_wconf 86' lang='lat' dir='ltr'><strong>sanam</strong></span> <span class='ocrx_word' id='word_1_743' title='bbox 2490 4846 2731 4899; x_wconf 87' lang='lat' dir='ltr'><strong>virorum</strong></span> <span class='ocrx_word' id='word_1_744' title='bbox 2788 4843 2914 4899; x_wconf 88' lang='lat' dir='ltr'><strong>ﬁdei</strong></span> <span class='ocrx_word' id='word_1_745' title='bbox 2958 4843 3248 4898; x_wconf 79' lang='lat' dir='ltr'><strong>formulam</strong></span> <span class='ocrx_word' id='word_1_746' title='bbox 3294 4846 3398 4900; x_wconf 92' lang='lat' dir='ltr'><strong>sub</strong></span> 
     </span>
    </p>
   </div>
   <div class='ocr_carea' id='block_1_112' title="bbox 1845 5045 3412 5117">
    <p class='ocr_par' dir='ltr' id='par_1_112' title="bbox 1845 5045 3412 5117">
     <span class='ocr_line' id='line_1_112' title="bbox 1845 5045 3412 5117; baseline -0.003 -12"><span class='ocrx_word' id='word_1_747' title='bbox 1845 5054 2098 5105; x_wconf 81' lang='lat' dir='ltr'><strong>Arianos.</strong></span> <span class='ocrx_word' id='word_1_748' title='bbox 2129 5049 2271 5104; x_wconf 82' lang='lat' dir='ltr'><strong>Infra</strong></span> <span class='ocrx_word' id='word_1_749' title='bbox 2296 5048 2427 5117; x_wconf 87' lang='lat' dir='ltr'><strong>Reg.</strong></span> <span class='ocrx_word' id='word_1_750' title='bbox 2454 5058 2508 5104; x_wconf 87' lang='lat' dir='ltr'><strong>et</strong></span> <span class='ocrx_word' id='word_1_751' title='bbox 2527 5049 2714 5114; x_wconf 87' lang='lat' dir='ltr'><strong>Basil.,</strong></span> <span class='ocrx_word' id='word_1_752' title='bbox 2741 5047 3083 5117; x_wconf 79' lang='grc' dir='ltr'>οἰκουμένην.</span> <span class='ocrx_word' id='word_1_753' title='bbox 3110 5045 3250 5099; x_wconf 85' lang='lat' dir='ltr'><strong>Editi</strong></span> <span class='ocrx_word' id='word_1_754' title='bbox 3279 5046 3412 5100; x_wconf 81' lang='lat' dir='ltr'><strong>male</strong></span> 
     </span>
    </p>
   </div>
   <div class='ocr_carea' id='block_1_113' title="bbox 1842 5122 2240 5210">
    <p class='ocr_par' dir='ltr' id='par_1_113' title="bbox 1842 5122 2240 5210">
     <span class='ocr_line' id='line_1_113' title="bbox 1842 5122 2240 5210; baseline -0.005 -34"><span class='ocrx_word' id='word_1_755' title='bbox 1842 5122 2240 5210; x_wconf 54' lang='grc' dir='ltr'>οἰκουμενικήν.</span> 
     </span>
     <span class='ocr_line' id='line_1_114' title="bbox 1922 5189 2240 5210; baseline 0 0"><span class='ocrx_word' id='word_1_756' title='bbox 1922 5196 1931 5210; x_wconf 93' lang='lat' dir='ltr'><strong>l</strong></span> <span class='ocrx_word' id='word_1_757' title='bbox 1944 5193 1971 5210; x_wconf 81' lang='grc' dir='ltr'>ν</span> <span class='ocrx_word' id='word_1_758' title='bbox 2019 5197 2028 5210; x_wconf 81' lang='grc' dir='ltr'><strong>ι</strong></span> <span class='ocrx_word' id='word_1_759' title='bbox 2059 5191 2096 5210; x_wconf 84' lang='grc' dir='ltr'><strong>Ι.</strong></span> <span class='ocrx_word' id='word_1_760' title='bbox 2112 5209 2125 5210; x_wconf 32' lang='grc' dir='ltr'><em>κ</em></span> <span class='ocrx_word' id='word_1_761' title='bbox 2175 5189 2211 5210; x_wconf 86' lang='lat' dir='ltr'><strong>n</strong></span> <span class='ocrx_word' id='word_1_762' title='bbox 2228 5207 2240 5210; x_wconf 84' lang='lat'>_</span> 
     </span>
    </p>
   </div>
   <div class='ocr_carea' id='block_1_114' title="bbox 1918 5185 3407 5261">
    <p class='ocr_par' dir='ltr' id='par_1_114' title="bbox 1918 5185 3407 5261">
     <span class='ocr_line' id='line_1_115' title="bbox 1918 5185 3407 5261; baseline -0.005 -14"><span class='ocrx_word' id='word_1_763' title='bbox 1918 5185 2032 5261; x_wconf 74' lang='lat'><strong>(53)</strong></span> <span class='ocrx_word' id='word_1_764' title='bbox 2059 5191 2135 5244; x_wconf 85' lang='lat' dir='ltr'><strong>Ita</strong></span> <span class='ocrx_word' id='word_1_765' title='bbox 2172 5185 2372 5261; x_wconf 78' lang='lat' dir='ltr'><strong>Regius</strong></span> <span class='ocrx_word' id='word_1_766' title='bbox 2410 5188 2597 5261; x_wconf 82' lang='lat' dir='ltr'><strong>probe.</strong></span> <span class='ocrx_word' id='word_1_767' title='bbox 2621 5186 2798 5261; x_wconf 73' lang='lat' dir='ltr'><strong>Editi,</strong></span> <span class='ocrx_word' id='word_1_768' title='bbox 2817 5185 3195 5242; x_wconf 83' lang='grc' dir='ltr'>Κωνσταντίου</span> <span class='ocrx_word' id='word_1_769' title='bbox 3225 5201 3407 5261; x_wconf 60' lang='grc' dir='ltr'>ῃειζμεεο</span> 
     </span>
    </p>
   </div>
   <div class='ocr_carea' id='block_1_115' title="bbox 1843 5257 3413 5317">
    <p class='ocr_par' dir='ltr' id='par_1_115' title="bbox 1843 5257 3413 5317">
     <span class='ocr_line' id='line_1_116' title="bbox 1843 5257 3413 5317; baseline -0.007 0"><span class='ocrx_word' id='word_1_770' title='bbox 1843 5257 1982 5317; x_wconf 86' lang='lat' dir='ltr'><strong>ram.</strong></span> <span class='ocrx_word' id='word_1_771' title='bbox 2013 5257 2068 5315; x_wconf 90' lang='lat' dir='ltr'><strong>ln</strong></span> <span class='ocrx_word' id='word_1_772' title='bbox 2107 5257 2276 5316; x_wconf 45' lang='lat' dir='ltr'><strong>Basili</strong></span> <span class='ocrx_word' id='word_1_773' title='bbox 2299 5257 2426 5314; x_wconf 81' lang='lat' dir='ltr'><strong>vero</strong></span> <span class='ocrx_word' id='word_1_774' title='bbox 2467 5260 2538 5313; x_wconf 91' lang='lat' dir='ltr'><strong>ita</strong></span> <span class='ocrx_word' id='word_1_775' title='bbox 2584 5259 2956 5312; x_wconf 88' lang='lat' dir='ltr'><strong>abbreviatum</strong></span> <span class='ocrx_word' id='word_1_776' title='bbox 2990 5266 3074 5310; x_wconf 90' lang='lat' dir='ltr'><strong>est</strong></span> <span class='ocrx_word' id='word_1_777' title='bbox 3097 5267 3156 5309; x_wconf 90' lang='lat' dir='ltr'><strong>ut</strong></span> <span class='ocrx_word' id='word_1_778' title='bbox 3178 5257 3413 5316; x_wconf 79' lang='lat' dir='ltr'><strong>nescias,</strong></span> 
     </span>
    </p>
   </div>
   <div class='ocr_carea' id='block_1_116' title="bbox 1842 5325 3415 5398">
    <p class='ocr_par' dir='ltr' id='par_1_116' title="bbox 1842 5325 3415 5398">
     <span class='ocr_line' id='line_1_117' title="bbox 1842 5325 3415 5398; baseline -0.005 -13"><span class='ocrx_word' id='word_1_779' title='bbox 1842 5332 2252 5385; x_wconf 84' lang='grc' dir='ltr'>Κωνσταντίνου</span> <span class='ocrx_word' id='word_1_780' title='bbox 2285 5347 2352 5384; x_wconf 84' lang='lat' dir='ltr'><strong>an</strong></span> <span class='ocrx_word' id='word_1_781' title='bbox 2392 5329 2769 5383; x_wconf 86' lang='grc' dir='ltr'>Κωνσταντίου</span> <span class='ocrx_word' id='word_1_782' title='bbox 2804 5329 2875 5382; x_wconf 89' lang='lat' dir='ltr'><strong>sit</strong></span> <span class='ocrx_word' id='word_1_783' title='bbox 2886 5327 3214 5398; x_wconf 59' lang='lat' dir='ltr'><strong>Jegendum.</strong></span> <span class='ocrx_word' id='word_1_784' title='bbox 3276 5325 3415 5378; x_wconf 79' lang='lat' dir='ltr'><strong>Infra</strong></span> 
     </span>
    </p>
   </div>
   <div class='ocr_carea' id='block_1_117' title="bbox 1845 5396 3401 5471">
    <p class='ocr_par' dir='ltr' id='par_1_117' title="bbox 1845 5396 3401 5471">
     <span class='ocr_line' id='line_1_118' title="bbox 1845 5396 3401 5471; baseline -0.006 -15"><span class='ocrx_word' id='word_1_785' title='bbox 1845 5402 2068 5471; x_wconf 81' lang='lat' dir='ltr'><strong>Regius,</strong></span> <span class='ocrx_word' id='word_1_786' title='bbox 2095 5401 2627 5462; x_wconf 84' lang='grc' dir='ltr'>κατασκευασθέντος</span> <span class='ocrx_word' id='word_1_787' title='bbox 2669 5407 2835 5454; x_wconf 83' lang='lat' dir='ltr'><strong>recte.</strong></span> <span class='ocrx_word' id='word_1_788' title='bbox 2865 5396 3050 5468; x_wconf 74' lang='grc' dir='ltr'><strong>⁵Ειιιίιί,</strong></span> <span class='ocrx_word' id='word_1_789' title='bbox 3078 5411 3401 5450; x_wconf 81' lang='grc' dir='ltr'>κατασκευα-</span> 
     </span>
    </p>
   </div>
   <div class='ocr_carea' id='block_1_118' title="bbox 1847 5473 3408 5665">
    <p class='ocr_par' dir='ltr' id='par_1_118' title="bbox 1847 5473 3408 5665">
     <span class='ocr_line' id='line_1_119' title="bbox 1847 5473 3408 5665; baseline -0.006 -68"><span class='ocrx_word' id='word_1_790' title='bbox 1847 5473 2238 5613; x_wconf 57' lang='grc' dir='ltr'>σθῗὲἓῗςὲυρη</span> <span class='ocrx_word' id='word_1_791' title='bbox 2355 5540 2479 5608; x_wconf 78' lang='grc'><strong>157,</strong></span> <span class='ocrx_word' id='word_1_792' title='bbox 2520 5539 2717 5611; x_wconf 86' lang='lat' dir='ltr'><strong>legitur</strong></span> <span class='ocrx_word' id='word_1_793' title='bbox 2751 5541 2784 5609; x_wconf 80' lang='grc' dir='ltr'><strong>ἡ</strong></span> <span class='ocrx_word' id='word_1_794' title='bbox 2814 5537 2908 5592; x_wconf 89' lang='grc' dir='ltr'><strong>τοῦ</strong></span> <span class='ocrx_word' id='word_1_795' title='bbox 2955 5536 3090 5591; x_wconf 85' lang='grc' dir='ltr'>Θεοῦ</span> <span class='ocrx_word' id='word_1_796' title='bbox 3133 5536 3292 5608; x_wconf 85' lang='grc' dir='ltr'>χάρις</span> <span class='ocrx_word' id='word_1_797' title='bbox 3335 5535 3408 5588; x_wconf 54' lang='lat' dir='ltr'><strong>ev.</strong></span> 
     </span>
     <span class='ocr_line' id='line_1_120' title="bbox 1847 5608 3408 5665; baseline -0.003 0"><span class='ocrx_word' id='word_1_798' title='bbox 1847 5613 2119 5665; x_wconf 78' lang='grc' dir='ltr'>εποίησεν.</span> <span class='ocrx_word' id='word_1_799' title='bbox 2150 5613 2249 5665; x_wconf 80' lang='grc' dir='ltr'><strong>αὐτ</strong></span> <span class='ocrx_word' id='word_1_800' title='bbox 2283 5632 2309 5665; x_wconf 76' lang='grc' dir='ltr'><strong>ε</strong></span> <span class='ocrx_word' id='word_1_801' title='bbox 2336 5629 2418 5665; x_wconf 87' lang='grc' dir='ltr'>τε.</span> <span class='ocrx_word' id='word_1_802' title='bbox 2456 5612 2548 5665; x_wconf 90' lang='lat' dir='ltr'><strong>sed</strong></span> <span class='ocrx_word' id='word_1_803' title='bbox 2594 5611 2685 5665; x_wconf 92' lang='lat' dir='ltr'><strong>hic</strong></span> <span class='ocrx_word' id='word_1_804' title='bbox 2723 5610 2955 5665; x_wconf 88' lang='lat' dir='ltr'><strong>lucidior</strong></span> <span class='ocrx_word' id='word_1_805' title='bbox 2987 5617 3072 5665; x_wconf 90' lang='lat' dir='ltr'><strong>est</strong></span> <span class='ocrx_word' id='word_1_806' title='bbox 3101 5608 3408 5665; x_wconf 65' lang='lat' dir='ltr'><strong>nle‘niorant</strong></span> 
     </span>
    </p>
   </div>
   <div class='ocr_carea' id='block_1_119' title="bbox 1847 5610 3416 5683">
    <p class='ocr_par' dir='ltr' id='par_1_119' title="bbox 1847 5610 3416 5683">
     <span class='ocr_line' id='line_1_121' title="bbox 1847 5610 3416 5683; baseline -0.003 -17"><span class='ocrx_word' id='word_1_807' title='bbox 1847 5610 2119 5683; x_wconf 73' lang='grc' dir='ltr'>εποίησεν,</span> <span class='ocrx_word' id='word_1_808' title='bbox 2145 5610 2309 5676; x_wconf 67' lang='grc' dir='ltr'>αὑτός</span> <span class='ocrx_word' id='word_1_809' title='bbox 2336 5629 2418 5676; x_wconf 89' lang='grc' dir='ltr'><strong>τε,</strong></span> <span class='ocrx_word' id='word_1_810' title='bbox 2456 5612 2548 5668; x_wconf 91' lang='lat' dir='ltr'><strong>sed</strong></span> <span class='ocrx_word' id='word_1_811' title='bbox 2585 5610 2685 5683; x_wconf 79' lang='lat' dir='ltr'><strong>hic</strong></span> <span class='ocrx_word' id='word_1_812' title='bbox 2723 5610 2955 5666; x_wconf 88' lang='lat' dir='ltr'><strong>lucidior</strong></span> <span class='ocrx_word' id='word_1_813' title='bbox 2987 5617 3072 5665; x_wconf 90' lang='lat' dir='ltr'><strong>est</strong></span> <span class='ocrx_word' id='word_1_814' title='bbox 3101 5610 3416 5677; x_wconf 68' lang='lat' dir='ltr'><strong>ple‘niorqae</strong></span> 
     </span>
    </p>
   </div>
   <div class='ocr_carea' id='block_1_120' title="bbox 1849 5681 2732 5743">
    <p class='ocr_par' dir='ltr' id='par_1_120' title="bbox 1849 5681 2732 5743">
     <span class='ocr_line' id='line_1_122' title="bbox 1849 5681 2732 5743; baseline -0.003 -3"><span class='ocrx_word' id='word_1_815' title='bbox 1849 5681 2136 5743; x_wconf 82' lang='lat' dir='ltr'><strong>sententia,</strong></span> <span class='ocrx_word' id='word_1_816' title='bbox 2163 5692 2224 5736; x_wconf 83' lang='lat' dir='ltr'><strong>ut</strong></span> <span class='ocrx_word' id='word_1_817' title='bbox 2243 5697 2406 5738; x_wconf 87' lang='lat' dir='ltr'><strong>nemo</strong></span> <span class='ocrx_word' id='word_1_818' title='bbox 2431 5698 2538 5736; x_wconf 89' lang='lat' dir='ltr'><strong>non</strong></span> <span class='ocrx_word' id='word_1_819' title='bbox 2565 5681 2732 5738; x_wconf 83' lang='lat' dir='ltr'><strong>videt.</strong></span> 
     </span>
    </p>
   </div>
   <div class='ocr_carea' id='block_1_121' title="bbox 1921 5751 2600 5824">
    <p class='ocr_par' dir='ltr' id='par_1_121' title="bbox 1921 5751 2600 5824">
     <span class='ocr_line' id='line_1_123' title="bbox 1921 5751 2600 5824; baseline 0.001 -19"><span class='ocrx_word' id='word_1_820' title='bbox 1921 5752 2034 5824; x_wconf 83' lang='grc'>(57)</span> <span class='ocrx_word' id='word_1_821' title='bbox 2067 5751 2282 5824; x_wconf 87' lang='lat' dir='ltr'><strong>Scripta</strong></span> <span class='ocrx_word' id='word_1_822' title='bbox 2308 5769 2452 5810; x_wconf 89' lang='lat' dir='ltr'><strong>anno</strong></span> <span class='ocrx_word' id='word_1_823' title='bbox 2478 5752 2600 5809; x_wconf 76' lang='lat'><strong>555.</strong></span> 
     </span>
    </p>
   </div>
  </div>
