  <div class='ocr_page' id='page_1' title='image "/cluster/home/n/w/nwhite01/storage/ocr_20150623/26/nnc1.0046978577/375.png"; bbox 0 0 3822 6226; ppageno 0'>
   <div class='ocr_carea' id='block_1_1' title="bbox 394 302 500 359">
    <p class='ocr_par' dir='ltr' id='par_1_1' title="bbox 394 302 500 359">
     <span class='ocr_line' id='line_1_1' title="bbox 394 302 500 359; baseline 0.009 -1"><span class='ocrx_word' id='word_1_1' title='bbox 394 302 500 359; x_wconf 82' lang='grc'><strong>719</strong></span> 
     </span>
    </p>
   </div>
   <div class='ocr_carea' id='block_1_2' title="bbox 959 271 3026 353">
    <p class='ocr_par' dir='ltr' id='par_1_2' title="bbox 959 271 3026 353">
     <span class='ocr_line' id='line_1_2' title="bbox 959 271 3026 353; baseline -0.002 0"><span class='ocrx_word' id='word_1_2' title='bbox 959 297 1019 353; x_wconf 90' lang='lat' dir='ltr'><strong>S.</strong></span> <span class='ocrx_word' id='word_1_3' title='bbox 1057 292 1425 351; x_wconf 81' lang='lat' dir='ltr'><strong>ATHANASII</strong></span> <span class='ocrx_word' id='word_1_4' title='bbox 1464 293 1616 349; x_wconf 77' lang='lat' dir='ltr'><strong>OPP.</strong></span> <span class='ocrx_word' id='word_1_5' title='bbox 1659 271 1918 348; x_wconf 12' lang='lat' dir='ltr'><strong>PARSil.</strong></span> <span class='ocrx_word' id='word_1_6' title='bbox 1961 324 2026 334; x_wconf 88' lang='lat'><strong><em>—</em></strong></span> <span class='ocrx_word' id='word_1_7' title='bbox 2063 291 2435 350; x_wconf 80' lang='lat' dir='ltr'><strong>HlSTORlCA</strong></span> <span class='ocrx_word' id='word_1_8' title='bbox 2476 292 2561 349; x_wconf 84' lang='lat' dir='ltr'><strong>ET</strong></span> <span class='ocrx_word' id='word_1_9' title='bbox 2601 291 3026 349; x_wconf 73' lang='lat' dir='ltr'><strong>DOGMATICA.</strong></span> 
     </span>
    </p>
   </div>
   <div class='ocr_carea' id='block_1_3' title="bbox 3539 295 3651 351">
    <p class='ocr_par' dir='ltr' id='par_1_3' title="bbox 3539 295 3651 351">
     <span class='ocr_line' id='line_1_3' title="bbox 3539 295 3651 351; baseline 0.018 -2"><span class='ocrx_word' id='word_1_10' title='bbox 3539 295 3651 351; x_wconf 67' lang='lat'><strong>720</strong></span> 
     </span>
    </p>
   </div>
   <div class='ocr_carea' id='block_1_4' title="bbox 388 414 1963 494">
    <p class='ocr_par' dir='ltr' id='par_1_4' title="bbox 388 419 1959 494">
     <span class='ocr_line' id='line_1_4' title="bbox 388 419 1959 494; baseline -0.001 -18"><span class='ocrx_word' id='word_1_11' title='bbox 388 420 592 494; x_wconf 71' lang='lat' dir='ltr'><strong>junxit,</strong></span> <span class='ocrx_word' id='word_1_12' title='bbox 620 434 786 491; x_wconf 91' lang='lat' dir='ltr'><strong>quam</strong></span> <span class='ocrx_word' id='word_1_13' title='bbox 817 432 919 473; x_wconf 92' lang='lat' dir='ltr'><strong>nos</strong></span> <span class='ocrx_word' id='word_1_14' title='bbox 953 432 1146 473; x_wconf 91' lang='lat' dir='ltr'><strong>omnes</strong></span> <span class='ocrx_word' id='word_1_15' title='bbox 1186 424 1390 472; x_wconf 89' lang='lat' dir='ltr'><strong>rectam</strong></span> <span class='ocrx_word' id='word_1_16' title='bbox 1425 427 1480 474; x_wconf 89' lang='lat' dir='ltr'><strong>et</strong></span> <span class='ocrx_word' id='word_1_17' title='bbox 1528 419 1959 476; x_wconf 72' lang='lat' dir='ltr'><strong>ecclesiasticam</strong></span> 
     </span>
    </p>
   </div>
   <div class='ocr_carea' id='block_1_5' title="bbox 2086 414 3649 494">
    <p class='ocr_par' dir='ltr' id='par_1_5' title="bbox 2086 414 3649 493">
     <span class='ocr_line' id='line_1_5' title="bbox 2086 414 3649 493; baseline 0 -19"><span class='ocrx_word' id='word_1_18' title='bbox 2086 420 2385 493; x_wconf 63' lang='grc' dir='ltr'>ξράμμασιν</span> <span class='ocrx_word' id='word_1_19' title='bbox 2414 418 2684 491; x_wconf 73' lang='grc' dir='ltr'>ἔγγραφον</span> <span class='ocrx_word' id='word_1_20' title='bbox 2701 417 2802 490; x_wconf 84' lang='grc' dir='ltr'>τὴν</span> <span class='ocrx_word' id='word_1_21' title='bbox 2820 416 2930 471; x_wconf 83' lang='grc' dir='ltr'>τῶν</span> <span class='ocrx_word' id='word_1_22' title='bbox 2959 414 3167 488; x_wconf 80' lang='grc' dir='ltr'>ἀνδρῶν</span> <span class='ocrx_word' id='word_1_23' title='bbox 3186 415 3488 487; x_wconf 78' lang='grc' dir='ltr'>ὀρθοδοξίαν</span> <span class='ocrx_word' id='word_1_24' title='bbox 3504 416 3649 491; x_wconf 80' lang='grc'>(58),</span> 
     </span>
    </p>
   </div>
   <div class='ocr_carea' id='block_1_6' title="bbox 390 507 1961 583">
    <p class='ocr_par' dir='ltr' id='par_1_6' title="bbox 390 507 1961 583">
     <span class='ocr_line' id='line_1_6' title="bbox 390 507 1961 583; baseline -0.003 -13"><span class='ocrx_word' id='word_1_25' title='bbox 390 527 515 571; x_wconf 82' lang='lat' dir='ltr'><strong>esse</strong></span> <span class='ocrx_word' id='word_1_26' title='bbox 542 511 886 583; x_wconf 78' lang='lat' dir='ltr'><strong>agnovimus.</strong></span> <span class='ocrx_word' id='word_1_27' title='bbox 938 507 1006 563; x_wconf 91' lang='lat' dir='ltr'><strong>Et</strong></span> <span class='ocrx_word' id='word_1_28' title='bbox 1046 508 1172 578; x_wconf 89' lang='lat' dir='ltr'><strong>jure</strong></span> <span class='ocrx_word' id='word_1_29' title='bbox 1214 507 1434 578; x_wconf 87' lang='lat' dir='ltr'><strong>quidem</strong></span> <span class='ocrx_word' id='word_1_30' title='bbox 1470 509 1788 565; x_wconf 80' lang='lat' dir='ltr'><strong>hortabatur</strong></span> <span class='ocrx_word' id='word_1_31' title='bbox 1811 511 1961 566; x_wconf 87' lang='lat' dir='ltr'><strong>viros</strong></span> 
     </span>
    </p>
   </div>
   <div class='ocr_carea' id='block_1_7' title="bbox 390 599 1967 675">
    <p class='ocr_par' dir='ltr' id='par_1_7' title="bbox 390 599 1967 675">
     <span class='ocr_line' id='line_1_7' title="bbox 390 599 1967 675; baseline -0.001 -14"><span class='ocrx_word' id='word_1_32' title='bbox 390 603 592 675; x_wconf 84' lang='lat' dir='ltr'><strong>suscipi</strong></span> <span class='ocrx_word' id='word_1_33' title='bbox 623 611 676 657; x_wconf 92' lang='lat' dir='ltr'><strong>et</strong></span> <span class='ocrx_word' id='word_1_34' title='bbox 702 602 958 658; x_wconf 71' lang='lat' dir='ltr'><strong>Ecclesiae</strong></span> <span class='ocrx_word' id='word_1_35' title='bbox 981 599 1077 657; x_wconf 85' lang='lat' dir='ltr'><strong>Dei</strong></span> <span class='ocrx_word' id='word_1_36' title='bbox 1104 603 1383 674; x_wconf 80' lang='lat' dir='ltr'><strong>conjungi,</strong></span> <span class='ocrx_word' id='word_1_37' title='bbox 1431 610 1491 657; x_wconf 94' lang='lat' dir='ltr'><strong>ut</strong></span> <span class='ocrx_word' id='word_1_38' title='bbox 1522 602 1681 657; x_wconf 86' lang='lat' dir='ltr'><strong>vobis</strong></span> <span class='ocrx_word' id='word_1_39' title='bbox 1708 617 1776 658; x_wconf 84' lang='lat' dir='ltr'><strong>ex</strong></span> <span class='ocrx_word' id='word_1_40' title='bbox 1815 603 1967 674; x_wconf 88' lang='lat' dir='ltr'><strong>ejus—</strong></span> 
     </span>
    </p>
   </div>
   <div class='ocr_carea' id='block_1_8' title="bbox 390 694 1962 767">
    <p class='ocr_par' dir='ltr' id='par_1_8' title="bbox 390 694 1962 767">
     <span class='ocr_line' id='line_1_8' title="bbox 390 694 1962 767; baseline -0.003 -15"><span class='ocrx_word' id='word_1_41' title='bbox 390 697 510 752; x_wconf 88' lang='lat' dir='ltr'><strong>dem</strong></span> <span class='ocrx_word' id='word_1_42' title='bbox 538 696 779 767; x_wconf 77' lang='lat' dir='ltr'><strong>epistolze</strong></span> <span class='ocrx_word' id='word_1_43' title='bbox 798 695 1117 765; x_wconf 85' lang='lat' dir='ltr'><strong>exemplari,</strong></span> <span class='ocrx_word' id='word_1_44' title='bbox 1167 708 1330 767; x_wconf 88' lang='lat' dir='ltr'><strong>quam</strong></span> <span class='ocrx_word' id='word_1_45' title='bbox 1364 710 1465 749; x_wconf 88' lang='lat' dir='ltr'><strong>nos</strong></span> <span class='ocrx_word' id='word_1_46' title='bbox 1490 694 1555 749; x_wconf 90' lang='lat' dir='ltr'><strong>ad</strong></span> <span class='ocrx_word' id='word_1_47' title='bbox 1584 694 1839 765; x_wconf 75' lang='lat' dir='ltr'><strong>pietatem</strong></span> <span class='ocrx_word' id='word_1_48' title='bbox 1868 709 1962 749; x_wconf 87' lang='lat' dir='ltr'><strong>ve-</strong></span> 
     </span>
    </p>
   </div>
   <div class='ocr_carea' id='block_1_9' title="bbox 389 787 1959 858">
    <p class='ocr_par' dir='ltr' id='par_1_9' title="bbox 389 787 1959 858">
     <span class='ocr_line' id='line_1_9' title="bbox 389 787 1959 858; baseline -0.001 -14"><span class='ocrx_word' id='word_1_49' title='bbox 389 798 557 844; x_wconf 81' lang='lat' dir='ltr'><strong>stram</strong></span> <span class='ocrx_word' id='word_1_50' title='bbox 586 789 859 853; x_wconf 87' lang='lat' dir='ltr'><strong>misimus,</strong></span> <span class='ocrx_word' id='word_1_51' title='bbox 912 797 1103 844; x_wconf 89' lang='lat' dir='ltr'><strong>notum</strong></span> <span class='ocrx_word' id='word_1_52' title='bbox 1131 790 1255 845; x_wconf 87' lang='lat' dir='ltr'><strong>erit.</strong></span> <span class='ocrx_word' id='word_1_53' title='bbox 1302 788 1592 844; x_wconf 88' lang='lat' dir='ltr'><strong>Credimus</strong></span> <span class='ocrx_word' id='word_1_54' title='bbox 1623 787 1781 844; x_wconf 85' lang='lat' dir='ltr'><strong>vobis</strong></span> <span class='ocrx_word' id='word_1_55' title='bbox 1804 787 1959 858; x_wconf 90' lang='lat' dir='ltr'><strong>ipsis,</strong></span> 
     </span>
    </p>
   </div>
   <div class='ocr_carea' id='block_1_10' title="bbox 389 881 1966 952">
    <p class='ocr_par' dir='ltr' id='par_1_10' title="bbox 389 881 1966 952">
     <span class='ocr_line' id='line_1_10' title="bbox 389 881 1966 952; baseline -0.001 -16"><span class='ocrx_word' id='word_1_56' title='bbox 389 889 574 952; x_wconf 88' lang='lat' dir='ltr'><strong>utpote</strong></span> <span class='ocrx_word' id='word_1_57' title='bbox 596 881 815 952; x_wconf 89' lang='lat' dir='ltr'><strong>propria</strong></span> <span class='ocrx_word' id='word_1_58' title='bbox 844 882 1013 937; x_wconf 88' lang='lat' dir='ltr'><strong>vestri</strong></span> <span class='ocrx_word' id='word_1_59' title='bbox 1055 881 1304 952; x_wconf 91' lang='lat' dir='ltr'><strong>corporis</strong></span> <span class='ocrx_word' id='word_1_60' title='bbox 1333 882 1576 937; x_wconf 90' lang='lat' dir='ltr'><strong>membra</strong></span> <span class='ocrx_word' id='word_1_61' title='bbox 1598 881 1966 951; x_wconf 88' lang='lat' dir='ltr'><strong>recuperanti-</strong></span> 
     </span>
    </p>
   </div>
   <div class='ocr_carea' id='block_1_11' title="bbox 389 970 1962 1044">
    <p class='ocr_par' dir='ltr' id='par_1_11' title="bbox 389 970 1962 1044">
     <span class='ocr_line' id='line_1_11' title="bbox 389 970 1962 1044; baseline -0.003 -15"><span class='ocrx_word' id='word_1_62' title='bbox 389 974 511 1041; x_wconf 88' lang='lat' dir='ltr'><strong>bus,</strong></span> <span class='ocrx_word' id='word_1_63' title='bbox 559 987 820 1044; x_wconf 80' lang='lat' dir='ltr'><strong>magnum</strong></span> <span class='ocrx_word' id='word_1_64' title='bbox 864 970 981 1027; x_wconf 79' lang='lat' dir='ltr'><strong>fore</strong></span> <span class='ocrx_word' id='word_1_65' title='bbox 1033 972 1294 1043; x_wconf 79' lang='lat' dir='ltr'><strong>gaudium</strong></span> <span class='ocrx_word' id='word_1_66' title='bbox 1353 972 1707 1044; x_wconf 65' lang='lat' dir='ltr'><strong>laetitiamque</strong></span> <span class='ocrx_word' id='word_1_67' title='bbox 1758 992 1772 1028; x_wconf 93' lang='lat'>:</span> <span class='ocrx_word' id='word_1_68' title='bbox 1832 971 1962 1027; x_wconf 88' lang='lat' dir='ltr'><strong>dum</strong></span> 
     </span>
    </p>
   </div>
   <div class='ocr_carea' id='block_1_12' title="bbox 389 1062 1965 1133">
    <p class='ocr_par' dir='ltr' id='par_1_12' title="bbox 389 1062 1965 1133">
     <span class='ocr_line' id='line_1_12' title="bbox 389 1062 1965 1133; baseline -0.003 -13"><span class='ocrx_word' id='word_1_69' title='bbox 389 1074 565 1121; x_wconf 84' lang='lat' dir='ltr'><strong>vestra</strong></span> <span class='ocrx_word' id='word_1_70' title='bbox 588 1064 819 1128; x_wconf 80' lang='lat' dir='ltr'><strong>viscera,</strong></span> <span class='ocrx_word' id='word_1_71' title='bbox 850 1071 1063 1119; x_wconf 86' lang='lat' dir='ltr'><strong>vestros</strong></span> <span class='ocrx_word' id='word_1_72' title='bbox 1122 1062 1318 1119; x_wconf 80' lang='lat' dir='ltr'><strong>fratres</strong></span> <span class='ocrx_word' id='word_1_73' title='bbox 1348 1071 1403 1118; x_wconf 91' lang='lat' dir='ltr'><strong>et</strong></span> <span class='ocrx_word' id='word_1_74' title='bbox 1455 1072 1638 1133; x_wconf 88' lang='lat' dir='ltr'><strong>patres</strong></span> <span class='ocrx_word' id='word_1_75' title='bbox 1670 1062 1965 1133; x_wconf 74' lang='lat' dir='ltr'><strong>agnoscitis</strong></span> 
     </span>
    </p>
   </div>
   <div class='ocr_carea' id='block_1_13' title="bbox 389 1153 1964 1229">
    <p class='ocr_par' dir='ltr' id='par_1_13' title="bbox 389 1153 1964 1229">
     <span class='ocr_line' id='line_1_13' title="bbox 389 1153 1964 1229; baseline -0.005 -14"><span class='ocrx_word' id='word_1_76' title='bbox 389 1157 547 1229; x_wconf 75' lang='lat'><strong>587</strong></span> <span class='ocrx_word' id='word_1_77' title='bbox 581 1163 636 1212; x_wconf 91' lang='lat' dir='ltr'><strong>et</strong></span> <span class='ocrx_word' id='word_1_78' title='bbox 680 1155 974 1227; x_wconf 88' lang='lat' dir='ltr'><strong>recipitis;</strong></span> <span class='ocrx_word' id='word_1_79' title='bbox 1035 1155 1237 1226; x_wconf 89' lang='lat' dir='ltr'><strong>quippe</strong></span> <span class='ocrx_word' id='word_1_80' title='bbox 1290 1170 1402 1210; x_wconf 90' lang='lat' dir='ltr'><strong>non</strong></span> <span class='ocrx_word' id='word_1_81' title='bbox 1453 1156 1633 1211; x_wconf 91' lang='lat' dir='ltr'><strong>solum</strong></span> <span class='ocrx_word' id='word_1_82' title='bbox 1661 1153 1964 1226; x_wconf 87' lang='lat' dir='ltr'><strong>presbyteri</strong></span> 
     </span>
    </p>
   </div>
   <div class='ocr_carea' id='block_1_14' title="bbox 389 1243 1965 1317">
    <p class='ocr_par' dir='ltr' id='par_1_14' title="bbox 389 1243 1965 1317">
     <span class='ocr_line' id='line_1_14' title="bbox 389 1243 1965 1317; baseline -0.001 -17"><span class='ocrx_word' id='word_1_83' title='bbox 389 1247 500 1300; x_wconf 80' lang='lat' dir='ltr'><strong>Arii</strong></span> <span class='ocrx_word' id='word_1_84' title='bbox 557 1260 841 1317; x_wconf 82' lang='lat' dir='ltr'><strong>sequaces,</strong></span> <span class='ocrx_word' id='word_1_85' title='bbox 894 1246 990 1301; x_wconf 91' lang='lat' dir='ltr'><strong>sed</strong></span> <span class='ocrx_word' id='word_1_86' title='bbox 1048 1246 1229 1301; x_wconf 89' lang='lat' dir='ltr'><strong>omnis</strong></span> <span class='ocrx_word' id='word_1_87' title='bbox 1276 1244 1513 1315; x_wconf 91' lang='lat' dir='ltr'><strong>populus</strong></span> <span class='ocrx_word' id='word_1_88' title='bbox 1561 1253 1615 1300; x_wconf 93' lang='lat' dir='ltr'><strong>et</strong></span> <span class='ocrx_word' id='word_1_89' title='bbox 1668 1243 1965 1299; x_wconf 85' lang='lat' dir='ltr'><strong>multitudo</strong></span> 
     </span>
    </p>
   </div>
   <div class='ocr_carea' id='block_1_15' title="bbox 389 1334 1966 1406">
    <p class='ocr_par' dir='ltr' id='par_1_15' title="bbox 389 1334 1966 1406">
     <span class='ocr_line' id='line_1_15' title="bbox 389 1334 1966 1406; baseline -0.003 -13"><span class='ocrx_word' id='word_1_90' title='bbox 389 1338 644 1394; x_wconf 87' lang='lat' dir='ltr'><strong>universa</strong></span> <span class='ocrx_word' id='word_1_91' title='bbox 672 1336 828 1392; x_wconf 91' lang='lat' dir='ltr'><strong>vobis</strong></span> <span class='ocrx_word' id='word_1_92' title='bbox 858 1337 1192 1404; x_wconf 84' lang='lat' dir='ltr'><strong>restituitur,</strong></span> <span class='ocrx_word' id='word_1_93' title='bbox 1225 1351 1347 1406; x_wconf 74' lang='lat' dir='ltr'><strong>quae</strong></span> <span class='ocrx_word' id='word_1_94' title='bbox 1378 1351 1543 1406; x_wconf 85' lang='lat' dir='ltr'><strong>supra</strong></span> <span class='ocrx_word' id='word_1_95' title='bbox 1574 1336 1847 1391; x_wconf 88' lang='lat' dir='ltr'><strong>dictorum</strong></span> <span class='ocrx_word' id='word_1_96' title='bbox 1889 1334 1966 1388; x_wconf 84' lang='lat' dir='ltr'><strong>vi-</strong></span> 
     </span>
    </p>
   </div>
   <div class='ocr_carea' id='block_1_16' title="bbox 301 1426 1968 1498">
    <p class='ocr_par' dir='ltr' id='par_1_16' title="bbox 301 1426 1968 1498">
     <span class='ocr_line' id='line_1_16' title="bbox 301 1426 1968 1498; baseline 0.002 -19"><span class='ocrx_word' id='word_1_97' title='bbox 301 1467 312 1479; x_wconf 83' lang='lat'><strong>.</strong></span> <span class='ocrx_word' id='word_1_98' title='bbox 390 1442 576 1484; x_wconf 87' lang='lat' dir='ltr'><strong>rorum</strong></span> <span class='ocrx_word' id='word_1_99' title='bbox 636 1428 924 1484; x_wconf 89' lang='lat' dir='ltr'><strong>occasione</strong></span> <span class='ocrx_word' id='word_1_100' title='bbox 958 1427 1173 1498; x_wconf 87' lang='lat' dir='ltr'><strong>jamdiu</strong></span> <span class='ocrx_word' id='word_1_101' title='bbox 1214 1443 1246 1483; x_wconf 90' lang='lat' dir='ltr'><strong>a</strong></span> <span class='ocrx_word' id='word_1_102' title='bbox 1300 1427 1461 1483; x_wconf 89' lang='lat' dir='ltr'><strong>vobis</strong></span> <span class='ocrx_word' id='word_1_103' title='bbox 1533 1427 1851 1483; x_wconf 87' lang='lat' dir='ltr'><strong>dissidebat.</strong></span> <span class='ocrx_word' id='word_1_104' title='bbox 1899 1426 1968 1482; x_wconf 89' lang='lat' dir='ltr'><strong>Et</strong></span> 
     </span>
    </p>
   </div>
   <div class='ocr_carea' id='block_1_17' title="bbox 391 1519 1962 1591">
    <p class='ocr_par' dir='ltr' id='par_1_17' title="bbox 391 1519 1962 1591">
     <span class='ocr_line' id='line_1_17' title="bbox 391 1519 1962 1591; baseline -0.001 -14"><span class='ocrx_word' id='word_1_105' title='bbox 391 1534 581 1577; x_wconf 79' lang='lat' dir='ltr'><strong>revera</strong></span> <span class='ocrx_word' id='word_1_106' title='bbox 617 1520 772 1577; x_wconf 88' lang='lat' dir='ltr'><strong>decet</strong></span> <span class='ocrx_word' id='word_1_107' title='bbox 800 1534 922 1587; x_wconf 88' lang='lat' dir='ltr'><strong>vos,</strong></span> <span class='ocrx_word' id='word_1_108' title='bbox 961 1519 1032 1575; x_wconf 87' lang='lat' dir='ltr'><strong>iis</strong></span> <span class='ocrx_word' id='word_1_109' title='bbox 1058 1521 1351 1591; x_wconf 88' lang='lat' dir='ltr'><strong>compertis</strong></span> <span class='ocrx_word' id='word_1_110' title='bbox 1375 1535 1498 1591; x_wconf 68' lang='lat' dir='ltr'><strong>qua:</strong></span> <span class='ocrx_word' id='word_1_111' title='bbox 1521 1520 1611 1576; x_wconf 91' lang='lat' dir='ltr'><strong>hic</strong></span> <span class='ocrx_word' id='word_1_112' title='bbox 1649 1531 1769 1575; x_wconf 88' lang='lat' dir='ltr'><strong>acta</strong></span> <span class='ocrx_word' id='word_1_113' title='bbox 1810 1529 1962 1585; x_wconf 89' lang='lat' dir='ltr'><strong>sunt,</strong></span> 
     </span>
    </p>
   </div>
   <div class='ocr_carea' id='block_1_18' title="bbox 391 1611 1964 1682">
    <p class='ocr_par' dir='ltr' id='par_1_18' title="bbox 391 1611 1964 1682">
     <span class='ocr_line' id='line_1_18' title="bbox 391 1611 1964 1682; baseline 0.001 -15"><span class='ocrx_word' id='word_1_114' title='bbox 391 1626 582 1682; x_wconf 86' lang='lat' dir='ltr'><strong>nempe</strong></span> <span class='ocrx_word' id='word_1_115' title='bbox 616 1612 767 1667; x_wconf 89' lang='lat' dir='ltr'><strong>viros</strong></span> <span class='ocrx_word' id='word_1_116' title='bbox 822 1611 943 1667; x_wconf 87' lang='lat' dir='ltr'><strong>illos</strong></span> <span class='ocrx_word' id='word_1_117' title='bbox 989 1611 1277 1667; x_wconf 90' lang='lat' dir='ltr'><strong>nobiscum</strong></span> <span class='ocrx_word' id='word_1_118' title='bbox 1315 1614 1774 1678; x_wconf 85' lang='lat' dir='ltr'><strong>communicasse,</strong></span> <span class='ocrx_word' id='word_1_119' title='bbox 1837 1622 1892 1668; x_wconf 90' lang='lat' dir='ltr'><strong>et</strong></span> <span class='ocrx_word' id='word_1_120' title='bbox 1934 1628 1964 1667; x_wconf 90' lang='lat' dir='ltr'><strong>a</strong></span> 
     </span>
    </p>
   </div>
   <div class='ocr_carea' id='block_1_19' title="bbox 392 1701 1962 1775">
    <p class='ocr_par' dir='ltr' id='par_1_19' title="bbox 392 1701 1962 1775">
     <span class='ocr_line' id='line_1_19' title="bbox 392 1701 1962 1775; baseline -0.001 -17"><span class='ocrx_word' id='word_1_121' title='bbox 392 1713 537 1758; x_wconf 77' lang='lat' dir='ltr'><strong>tanta</strong></span> <span class='ocrx_word' id='word_1_122' title='bbox 577 1717 733 1758; x_wconf 88' lang='lat' dir='ltr'><strong>sacra</strong></span> <span class='ocrx_word' id='word_1_123' title='bbox 762 1703 972 1775; x_wconf 87' lang='lat' dir='ltr'><strong>synodo</strong></span> <span class='ocrx_word' id='word_1_124' title='bbox 995 1711 1243 1773; x_wconf 89' lang='lat' dir='ltr'><strong>receptos</strong></span> <span class='ocrx_word' id='word_1_125' title='bbox 1292 1701 1494 1770; x_wconf 81' lang='lat' dir='ltr'><strong>fuisse,</strong></span> <span class='ocrx_word' id='word_1_126' title='bbox 1525 1703 1962 1773; x_wconf 86' lang='lat' dir='ltr'><strong>conjunctionem</strong></span> 
     </span>
    </p>
   </div>
   <div class='ocr_carea' id='block_1_20' title="bbox 390 1779 2039 1863">
    <p class='ocr_par' dir='ltr' id='par_1_20' title="bbox 390 1779 2039 1863">
     <span class='ocr_line' id='line_1_20' title="bbox 390 1779 2039 1863; baseline -0.001 -16"><span class='ocrx_word' id='word_1_127' title='bbox 390 1801 442 1848; x_wconf 87' lang='lat' dir='ltr'><strong>et</strong></span> <span class='ocrx_word' id='word_1_128' title='bbox 467 1807 657 1863; x_wconf 90' lang='lat' dir='ltr'><strong>pacem</strong></span> <span class='ocrx_word' id='word_1_129' title='bbox 689 1807 815 1848; x_wconf 90' lang='lat' dir='ltr'><strong>cum</strong></span> <span class='ocrx_word' id='word_1_130' title='bbox 859 1793 1096 1863; x_wconf 88' lang='lat' dir='ltr'><strong>propriis</strong></span> <span class='ocrx_word' id='word_1_131' title='bbox 1146 1793 1410 1848; x_wconf 87' lang='lat' dir='ltr'><strong>membris</strong></span> <span class='ocrx_word' id='word_1_132' title='bbox 1460 1793 1822 1848; x_wconf 88' lang='lat' dir='ltr'><strong>libentissime</strong></span> <span class='ocrx_word' id='word_1_133' title='bbox 1848 1808 1965 1846; x_wconf 85' lang='lat' dir='ltr'><strong>am-</strong></span> <span class='ocrx_word' id='word_1_134' title='bbox 1996 1779 2039 1833; x_wconf 81' lang='grc' dir='ltr'>Β</span> 
     </span>
    </p>
   </div>
   <div class='ocr_carea' id='block_1_21' title="bbox 375 1882 1957 1955">
    <p class='ocr_par' dir='ltr' id='par_1_21' title="bbox 375 1882 1957 1955">
     <span class='ocr_line' id='line_1_21' title="bbox 375 1882 1957 1955; baseline -0.002 -15"><span class='ocrx_word' id='word_1_135' title='bbox 375 1885 589 1955; x_wconf 85' lang='lat' dir='ltr'><strong>plecti:</strong></span> <span class='ocrx_word' id='word_1_136' title='bbox 648 1900 773 1940; x_wconf 90' lang='lat' dir='ltr'><strong>cum</strong></span> <span class='ocrx_word' id='word_1_137' title='bbox 808 1884 1155 1954; x_wconf 89' lang='lat' dir='ltr'><strong>potissimum</strong></span> <span class='ocrx_word' id='word_1_138' title='bbox 1208 1882 1344 1939; x_wconf 84' lang='lat' dir='ltr'><strong>ﬁdes</strong></span> <span class='ocrx_word' id='word_1_139' title='bbox 1403 1884 1473 1939; x_wconf 90' lang='lat' dir='ltr'><strong>ab</strong></span> <span class='ocrx_word' id='word_1_140' title='bbox 1521 1884 1629 1939; x_wconf 89' lang='lat' dir='ltr'><strong>illis</strong></span> <span class='ocrx_word' id='word_1_141' title='bbox 1688 1885 1957 1953; x_wconf 79' lang='lat' dir='ltr'><strong>exposita,</strong></span> 
     </span>
    </p>
   </div>
   <div class='ocr_carea' id='block_1_22' title="bbox 390 1975 1955 2048">
    <p class='ocr_par' dir='ltr' id='par_1_22' title="bbox 390 1975 1955 2048">
     <span class='ocr_line' id='line_1_22' title="bbox 390 1975 1955 2048; baseline -0.003 -16"><span class='ocrx_word' id='word_1_142' title='bbox 390 1976 742 2048; x_wconf 67' lang='lat' dir='ltr'><strong>apostolicam</strong></span> <span class='ocrx_word' id='word_1_143' title='bbox 788 1975 1138 2030; x_wconf 84' lang='lat' dir='ltr'><strong>traditionem</strong></span> <span class='ocrx_word' id='word_1_144' title='bbox 1187 1983 1352 2044; x_wconf 89' lang='lat' dir='ltr'><strong>atque</strong></span> <span class='ocrx_word' id='word_1_145' title='bbox 1403 1975 1710 2029; x_wconf 89' lang='lat' dir='ltr'><strong>doctrinam</strong></span> <span class='ocrx_word' id='word_1_146' title='bbox 1739 1975 1808 2029; x_wconf 92' lang='lat' dir='ltr'><strong>ab</strong></span> <span class='ocrx_word' id='word_1_147' title='bbox 1831 1990 1955 2029; x_wconf 87' lang='lat' dir='ltr'><strong>om-</strong></span> 
     </span>
    </p>
   </div>
   <div class='ocr_carea' id='block_1_23' title="bbox 390 2066 1963 2139">
    <p class='ocr_par' dir='ltr' id='par_1_23' title="bbox 390 2066 1963 2139">
     <span class='ocr_line' id='line_1_23' title="bbox 390 2066 1963 2139; baseline -0.001 -16"><span class='ocrx_word' id='word_1_148' title='bbox 390 2071 546 2124; x_wconf 87' lang='lat' dir='ltr'><strong>nibus</strong></span> <span class='ocrx_word' id='word_1_149' title='bbox 613 2068 970 2139; x_wconf 87' lang='lat' dir='ltr'><strong>approbatam</strong></span> <span class='ocrx_word' id='word_1_150' title='bbox 995 2106 1011 2132; x_wconf 90' lang='lat'><strong>,</strong></span> <span class='ocrx_word' id='word_1_151' title='bbox 1101 2066 1311 2137; x_wconf 89' lang='lat' dir='ltr'><strong>absque</strong></span> <span class='ocrx_word' id='word_1_152' title='bbox 1389 2067 1742 2123; x_wconf 86' lang='lat' dir='ltr'><strong>contentione</strong></span> <span class='ocrx_word' id='word_1_153' title='bbox 1826 2083 1963 2124; x_wconf 88' lang='lat' dir='ltr'><strong>con-</strong></span> 
     </span>
    </p>
   </div>
   <div class='ocr_carea' id='block_1_24' title="bbox 379 2168 582 2217">
    <p class='ocr_par' dir='ltr' id='par_1_24' title="bbox 379 2168 582 2217">
     <span class='ocr_line' id='line_1_24' title="bbox 379 2168 582 2217; baseline -0.015 0"><span class='ocrx_word' id='word_1_154' title='bbox 379 2168 582 2217; x_wconf 52' lang='grc' dir='ltr'>δεινοί.</span> 
     </span>
    </p>
   </div>
   <div class='ocr_carea' id='block_1_25' title="bbox 2063 502 3655 584">
    <p class='ocr_par' dir='ltr' id='par_1_25' title="bbox 2063 502 3655 584">
     <span class='ocr_line' id='line_1_25' title="bbox 2063 502 3655 584; baseline -0.001 -20"><span class='ocrx_word' id='word_1_155' title='bbox 2063 514 2130 584; x_wconf 77' lang='grc' dir='ltr'>ἢν</span> <span class='ocrx_word' id='word_1_156' title='bbox 2158 511 2476 582; x_wconf 75' lang='grc' dir='ltr'><strong>ἐπέγνωμεν</strong></span> <span class='ocrx_word' id='word_1_157' title='bbox 2504 511 2554 564; x_wconf 84' lang='grc' dir='ltr'><strong>οἰ</strong></span> <span class='ocrx_word' id='word_1_158' title='bbox 2592 510 2792 574; x_wconf 86' lang='grc' dir='ltr'>πάντες</span> <span class='ocrx_word' id='word_1_159' title='bbox 2822 508 2947 580; x_wconf 84' lang='grc' dir='ltr'><strong>ὑγιῆ</strong></span> <span class='ocrx_word' id='word_1_160' title='bbox 2997 525 3058 561; x_wconf 88' lang='grc' dir='ltr'><strong>τε</strong></span> <span class='ocrx_word' id='word_1_161' title='bbox 3091 502 3257 562; x_wconf 80' lang='grc' dir='ltr'>οὖσαν</span> <span class='ocrx_word' id='word_1_162' title='bbox 3313 508 3405 561; x_wconf 80' lang='grc' dir='ltr'><strong>καὶ</strong></span> <span class='ocrx_word' id='word_1_163' title='bbox 3450 510 3655 582; x_wconf 74' lang='grc' dir='ltr'>ἐκκλη-</span> 
     </span>
    </p>
   </div>
   <div class='ocr_carea' id='block_1_26' title="bbox 2064 600 3654 674">
    <p class='ocr_par' dir='ltr' id='par_1_26' title="bbox 2064 600 3654 674">
     <span class='ocr_line' id='line_1_26' title="bbox 2064 600 3654 674; baseline 0.001 -18"><span class='ocrx_word' id='word_1_164' title='bbox 2064 604 2368 674; x_wconf 85' lang='grc' dir='ltr'>σιαστικήν.</span> <span class='ocrx_word' id='word_1_165' title='bbox 2398 602 2508 657; x_wconf 76' lang='grc' dir='ltr'><strong>Καὶ</strong></span> <span class='ocrx_word' id='word_1_166' title='bbox 2540 602 2771 666; x_wconf 81' lang='grc' dir='ltr'><strong>εἰκότως</strong></span> <span class='ocrx_word' id='word_1_167' title='bbox 2799 600 3101 672; x_wconf 76' lang='grc' dir='ltr'><strong>παρεκάλει</strong></span> <span class='ocrx_word' id='word_1_168' title='bbox 3134 601 3260 665; x_wconf 76' lang='grc' dir='ltr'>τοὺς</span> <span class='ocrx_word' id='word_1_169' title='bbox 3285 600 3482 672; x_wconf 78' lang='grc' dir='ltr'>ἄνδρας</span> <span class='ocrx_word' id='word_1_170' title='bbox 3511 603 3654 659; x_wconf 83' lang='grc' dir='ltr'>ὑπο-</span> 
     </span>
    </p>
   </div>
   <div class='ocr_carea' id='block_1_27' title="bbox 2062 693 3652 771">
    <p class='ocr_par' dir='ltr' id='par_1_27' title="bbox 2062 693 3652 771">
     <span class='ocr_line' id='line_1_27' title="bbox 2062 693 3652 771; baseline 0.003 -24"><span class='ocrx_word' id='word_1_171' title='bbox 2062 693 2315 766; x_wconf 83' lang='grc' dir='ltr'>δεχθῆναι</span> <span class='ocrx_word' id='word_1_172' title='bbox 2332 695 2426 748; x_wconf 74' lang='grc' dir='ltr'>καὶ</span> <span class='ocrx_word' id='word_1_173' title='bbox 2445 693 2708 766; x_wconf 84' lang='grc' dir='ltr'>ἐνωθῆναι</span> <span class='ocrx_word' id='word_1_174' title='bbox 2730 696 2797 766; x_wconf 79' lang='grc' dir='ltr'>τῇ</span> <span class='ocrx_word' id='word_1_175' title='bbox 2829 693 3125 767; x_wconf 75' lang='grc' dir='ltr'>Ἐκκλησία</span> <span class='ocrx_word' id='word_1_176' title='bbox 3157 694 3251 748; x_wconf 84' lang='grc' dir='ltr'>τοῦ</span> <span class='ocrx_word' id='word_1_177' title='bbox 3274 694 3428 763; x_wconf 81' lang='grc' dir='ltr'>Θεοῦ,</span> <span class='ocrx_word' id='word_1_178' title='bbox 3449 696 3652 771; x_wconf 83' lang='grc' dir='ltr'>ὥσπερ</span> 
     </span>
    </p>
   </div>
   <div class='ocr_carea' id='block_1_28' title="bbox 2063 782 3651 862">
    <p class='ocr_par' dir='ltr' id='par_1_28' title="bbox 2063 782 3651 862">
     <span class='ocr_line' id='line_1_28' title="bbox 2063 782 3651 862; baseline 0.003 -23"><span class='ocrx_word' id='word_1_179' title='bbox 2063 782 2155 840; x_wconf 76' lang='grc' dir='ltr'><strong>οὖν</strong></span> <span class='ocrx_word' id='word_1_180' title='bbox 2188 786 2283 840; x_wconf 74' lang='grc' dir='ltr'><strong>καὶ</strong></span> <span class='ocrx_word' id='word_1_181' title='bbox 2326 785 2480 840; x_wconf 75' lang='grc' dir='ltr'>αὐτοὶ</span> <span class='ocrx_word' id='word_1_182' title='bbox 2532 786 2597 838; x_wconf 89' lang='grc' dir='ltr'><strong>ἐκ</strong></span> <span class='ocrx_word' id='word_1_183' title='bbox 2645 784 2754 838; x_wconf 85' lang='grc' dir='ltr'>τῶν</span> <span class='ocrx_word' id='word_1_184' title='bbox 2814 785 3081 839; x_wconf 88' lang='grc' dir='ltr'>ἰσοτύπων</span> <span class='ocrx_word' id='word_1_185' title='bbox 3128 786 3241 858; x_wconf 81' lang='grc'>(59)</span> <span class='ocrx_word' id='word_1_186' title='bbox 3280 788 3489 843; x_wconf 81' lang='grc' dir='ltr'><strong>εἴσεσθε</strong></span> <span class='ocrx_word' id='word_1_187' title='bbox 3540 791 3651 862; x_wconf 84' lang='grc' dir='ltr'>τῆς</span> 
     </span>
    </p>
   </div>
   <div class='ocr_carea' id='block_1_29' title="bbox 2063 873 3650 953">
    <p class='ocr_par' dir='ltr' id='par_1_29' title="bbox 2063 873 3650 953">
     <span class='ocr_line' id='line_1_29' title="bbox 2063 873 3650 953; baseline 0.004 -21"><span class='ocrx_word' id='word_1_188' title='bbox 2063 879 2234 950; x_wconf 81' lang='grc' dir='ltr'>αὐτῆς</span> <span class='ocrx_word' id='word_1_189' title='bbox 2258 878 2566 950; x_wconf 64' lang='grc' dir='ltr'>ἐπιπολῆς,</span> <span class='ocrx_word' id='word_1_190' title='bbox 2615 873 2684 951; x_wconf 79' lang='grc' dir='ltr'>ἦς</span> <span class='ocrx_word' id='word_1_191' title='bbox 2714 879 2849 950; x_wconf 80' lang='grc' dir='ltr'>πρὸς</span> <span class='ocrx_word' id='word_1_192' title='bbox 2898 878 2995 951; x_wconf 86' lang='grc' dir='ltr'><strong>τὴν</strong></span> <span class='ocrx_word' id='word_1_193' title='bbox 3026 879 3300 953; x_wconf 79' lang='grc' dir='ltr'><strong>ὑμετέραν</strong></span> <span class='ocrx_word' id='word_1_194' title='bbox 3354 882 3650 939; x_wconf 76' lang='grc' dir='ltr'>εὐλάϐειαν</span> 
     </span>
    </p>
   </div>
   <div class='ocr_carea' id='block_1_30' title="bbox 2063 970 3647 1048">
    <p class='ocr_par' dir='ltr' id='par_1_30' title="bbox 2063 970 3647 1048">
     <span class='ocr_line' id='line_1_30' title="bbox 2063 970 3647 1048; baseline 0.004 -23"><span class='ocrx_word' id='word_1_195' title='bbox 2063 971 2503 1042; x_wconf 71' lang='grc' dir='ltr'>διεπεμψάμεθα.</span> <span class='ocrx_word' id='word_1_196' title='bbox 2535 970 2892 1043; x_wconf 85' lang='grc' dir='ltr'>Πιστεύομεν,</span> <span class='ocrx_word' id='word_1_197' title='bbox 2920 972 3003 1026; x_wconf 78' lang='grc' dir='ltr'>ὅτι</span> <span class='ocrx_word' id='word_1_198' title='bbox 3032 972 3128 1026; x_wconf 73' lang='grc' dir='ltr'>καὶ</span> <span class='ocrx_word' id='word_1_199' title='bbox 3150 973 3279 1044; x_wconf 83' lang='grc' dir='ltr'>ὑμῖν</span> <span class='ocrx_word' id='word_1_200' title='bbox 3324 975 3509 1040; x_wconf 81' lang='grc' dir='ltr'>αὐτοῖς</span> <span class='ocrx_word' id='word_1_201' title='bbox 3530 976 3647 1048; x_wconf 84' lang='grc'>(60)</span> 
     </span>
    </p>
   </div>
   <div class='ocr_carea' id='block_1_31' title="bbox 2064 1062 3652 1135">
    <p class='ocr_par' dir='ltr' id='par_1_31' title="bbox 2064 1062 3652 1135">
     <span class='ocr_line' id='line_1_31' title="bbox 2064 1062 3652 1135; baseline 0.004 -19"><span class='ocrx_word' id='word_1_202' title='bbox 2064 1063 2140 1127; x_wconf 87' lang='grc' dir='ltr'>ὼς</span> <span class='ocrx_word' id='word_1_203' title='bbox 2187 1062 2253 1117; x_wconf 80' lang='grc' dir='ltr'>ἂν</span> <span class='ocrx_word' id='word_1_204' title='bbox 2281 1062 2349 1117; x_wconf 85' lang='grc' dir='ltr'><strong>τὰ</strong></span> <span class='ocrx_word' id='word_1_205' title='bbox 2383 1064 2559 1116; x_wconf 85' lang='grc' dir='ltr'>οἰκεῖα</span> <span class='ocrx_word' id='word_1_206' title='bbox 2613 1062 2748 1134; x_wconf 84' lang='grc' dir='ltr'><strong>μέλη</strong></span> <span class='ocrx_word' id='word_1_207' title='bbox 2788 1062 2881 1116; x_wconf 82' lang='grc' dir='ltr'>τοῦ</span> <span class='ocrx_word' id='word_1_208' title='bbox 2917 1062 3183 1134; x_wconf 80' lang='grc' dir='ltr'><strong>ὑμετέρου</strong></span> <span class='ocrx_word' id='word_1_209' title='bbox 3231 1063 3483 1135; x_wconf 82' lang='grc' dir='ltr'>σώματος</span> <span class='ocrx_word' id='word_1_210' title='bbox 3514 1068 3652 1122; x_wconf 76' lang='grc' dir='ltr'>ἁπο-</span> 
     </span>
    </p>
   </div>
   <div class='ocr_carea' id='block_1_32' title="bbox 2065 1151 3648 1227">
    <p class='ocr_par' dir='ltr' id='par_1_32' title="bbox 2065 1151 3648 1227">
     <span class='ocr_line' id='line_1_32' title="bbox 2065 1151 3648 1227; baseline 0.004 -23"><span class='ocrx_word' id='word_1_211' title='bbox 2065 1151 2419 1223; x_wconf 78' lang='grc' dir='ltr'>λαμϐάνουσι,</span> <span class='ocrx_word' id='word_1_212' title='bbox 2450 1152 2660 1223; x_wconf 78' lang='grc' dir='ltr'><strong>μεγάλη</strong></span> <span class='ocrx_word' id='word_1_213' title='bbox 2681 1153 2826 1224; x_wconf 78' lang='grc' dir='ltr'>χαρὰ</span> <span class='ocrx_word' id='word_1_214' title='bbox 2874 1152 2969 1206; x_wconf 75' lang='grc' dir='ltr'><strong>καὶ</strong></span> <span class='ocrx_word' id='word_1_215' title='bbox 3002 1152 3307 1227; x_wconf 75' lang='grc' dir='ltr'>εὐφροσύνη</span> <span class='ocrx_word' id='word_1_216' title='bbox 3332 1156 3648 1227; x_wconf 86' lang='grc' dir='ltr'>γενήσεται,</span> 
     </span>
    </p>
   </div>
   <div class='ocr_carea' id='block_1_33' title="bbox 2064 1242 3649 1316">
    <p class='ocr_par' dir='ltr' id='par_1_33' title="bbox 2064 1242 3649 1316">
     <span class='ocr_line' id='line_1_33' title="bbox 2064 1242 3649 1316; baseline 0.004 -20"><span class='ocrx_word' id='word_1_217' title='bbox 2064 1242 2131 1296; x_wconf 84' lang='grc' dir='ltr'>τὰ</span> <span class='ocrx_word' id='word_1_218' title='bbox 2163 1243 2371 1297; x_wconf 80' lang='grc' dir='ltr'>ἑαυτῶν</span> <span class='ocrx_word' id='word_1_219' title='bbox 2407 1242 2690 1314; x_wconf 89' lang='grc' dir='ltr'>σπλάγχνα</span> <span class='ocrx_word' id='word_1_220' title='bbox 2731 1245 2826 1298; x_wconf 75' lang='grc' dir='ltr'><strong>καὶ</strong></span> <span class='ocrx_word' id='word_1_221' title='bbox 2865 1245 2991 1308; x_wconf 82' lang='grc' dir='ltr'>τοὺς</span> <span class='ocrx_word' id='word_1_222' title='bbox 3046 1244 3255 1300; x_wconf 84' lang='grc' dir='ltr'>ἐαυτῶν</span> <span class='ocrx_word' id='word_1_223' title='bbox 3300 1245 3563 1316; x_wconf 78' lang='grc' dir='ltr'>ἀδελφούς</span> <span class='ocrx_word' id='word_1_224' title='bbox 3584 1264 3649 1302; x_wconf 81' lang='grc' dir='ltr'><strong>τε</strong></span> 
     </span>
    </p>
   </div>
   <div class='ocr_carea' id='block_1_34' title="bbox 2066 1335 3648 1409">
    <p class='ocr_par' dir='ltr' id='par_1_34' title="bbox 2066 1335 3648 1409">
     <span class='ocr_line' id='line_1_34' title="bbox 2066 1335 3648 1409; baseline 0.003 -20"><span class='ocrx_word' id='word_1_225' title='bbox 2066 1337 2161 1389; x_wconf 73' lang='grc' dir='ltr'><strong>καὶ</strong></span> <span class='ocrx_word' id='word_1_226' title='bbox 2192 1336 2432 1407; x_wconf 81' lang='grc' dir='ltr'>πατέρας</span> <span class='ocrx_word' id='word_1_227' title='bbox 2459 1335 2785 1407; x_wconf 77' lang='grc' dir='ltr'>γνωρίζουσί</span> <span class='ocrx_word' id='word_1_228' title='bbox 2820 1353 2881 1390; x_wconf 91' lang='grc' dir='ltr'><strong>τε</strong></span> <span class='ocrx_word' id='word_1_229' title='bbox 2910 1337 3005 1390; x_wconf 78' lang='grc' dir='ltr'><strong>καὶ</strong></span> <span class='ocrx_word' id='word_1_230' title='bbox 3053 1336 3557 1409; x_wconf 77' lang='grc' dir='ltr'>άπολαμὸάνουσιν·</span> <span class='ocrx_word' id='word_1_231' title='bbox 3583 1342 3648 1394; x_wconf 81' lang='grc' dir='ltr'><strong>οὐ</strong></span> 
     </span>
    </p>
   </div>
   <div class='ocr_carea' id='block_1_35' title="bbox 2069 1428 3651 1502">
    <p class='ocr_par' dir='ltr' id='par_1_35' title="bbox 2069 1428 3651 1502">
     <span class='ocr_line' id='line_1_35' title="bbox 2069 1428 3651 1502; baseline 0.003 -21"><span class='ocrx_word' id='word_1_232' title='bbox 2069 1428 2226 1499; x_wconf 89' lang='grc' dir='ltr'>μόνον</span> <span class='ocrx_word' id='word_1_233' title='bbox 2265 1428 2373 1482; x_wconf 85' lang='grc' dir='ltr'><strong>τῶν</strong></span> <span class='ocrx_word' id='word_1_234' title='bbox 2411 1428 2795 1500; x_wconf 82' lang='grc' dir='ltr'>πρεσϐυτέρων</span> <span class='ocrx_word' id='word_1_235' title='bbox 2816 1428 2924 1483; x_wconf 83' lang='grc' dir='ltr'><strong>τῶν</strong></span> <span class='ocrx_word' id='word_1_236' title='bbox 2954 1430 3081 1500; x_wconf 77' lang='grc' dir='ltr'>περὶ</span> <span class='ocrx_word' id='word_1_237' title='bbox 3107 1431 3322 1502; x_wconf 77' lang='grc' dir='ltr'>’Ἄρειον</span> <span class='ocrx_word' id='word_1_238' title='bbox 3355 1431 3651 1487; x_wconf 77' lang='grc' dir='ltr'>ἀποδοθέν-</span> 
     </span>
    </p>
   </div>
   <div class='ocr_carea' id='block_1_36' title="bbox 2064 1519 3653 1595">
    <p class='ocr_par' dir='ltr' id='par_1_36' title="bbox 2064 1519 3653 1595">
     <span class='ocr_line' id='line_1_36' title="bbox 2064 1519 3653 1595; baseline 0.003 -23"><span class='ocrx_word' id='word_1_239' title='bbox 2064 1537 2172 1574; x_wconf 92' lang='grc' dir='ltr'><strong>των</strong></span> <span class='ocrx_word' id='word_1_240' title='bbox 2199 1520 2351 1591; x_wconf 84' lang='grc' dir='ltr'>ὑμῖν,</span> <span class='ocrx_word' id='word_1_241' title='bbox 2393 1519 2530 1574; x_wconf 79' lang='grc' dir='ltr'>ἀλλὰ</span> <span class='ocrx_word' id='word_1_242' title='bbox 2559 1520 2651 1573; x_wconf 80' lang='grc' dir='ltr'><strong>καὶ</strong></span> <span class='ocrx_word' id='word_1_243' title='bbox 2700 1520 2900 1586; x_wconf 81' lang='grc' dir='ltr'>παντὸς</span> <span class='ocrx_word' id='word_1_244' title='bbox 2948 1519 3043 1574; x_wconf 81' lang='grc' dir='ltr'>τοῦ</span> <span class='ocrx_word' id='word_1_245' title='bbox 3070 1520 3200 1574; x_wconf 78' lang='grc' dir='ltr'>λαοῦ</span> <span class='ocrx_word' id='word_1_246' title='bbox 3248 1523 3342 1578; x_wconf 74' lang='grc' dir='ltr'>καὶ</span> <span class='ocrx_word' id='word_1_247' title='bbox 3375 1523 3479 1595; x_wconf 86' lang='grc' dir='ltr'>τῆς</span> <span class='ocrx_word' id='word_1_248' title='bbox 3511 1523 3653 1595; x_wconf 84' lang='grc' dir='ltr'>πλη-</span> 
     </span>
    </p>
   </div>
   <div class='ocr_carea' id='block_1_37' title="bbox 2066 1612 3653 1688">
    <p class='ocr_par' dir='ltr' id='par_1_37' title="bbox 2066 1612 3653 1688">
     <span class='ocr_line' id='line_1_37' title="bbox 2066 1612 3653 1688; baseline 0.002 -21"><span class='ocrx_word' id='word_1_249' title='bbox 2066 1613 2192 1678; x_wconf 89' lang='grc' dir='ltr'>θύος</span> <span class='ocrx_word' id='word_1_250' title='bbox 2247 1614 2485 1685; x_wconf 85' lang='grc' dir='ltr'>ἁπάσης,</span> <span class='ocrx_word' id='word_1_251' title='bbox 2534 1613 2569 1684; x_wconf 74' lang='grc' dir='ltr'><strong>ἢ</strong></span> <span class='ocrx_word' id='word_1_252' title='bbox 2600 1614 2869 1685; x_wconf 83' lang='grc' dir='ltr'>προφάσει</span> <span class='ocrx_word' id='word_1_253' title='bbox 2910 1612 3021 1667; x_wconf 81' lang='grc' dir='ltr'><strong>τῶν</strong></span> <span class='ocrx_word' id='word_1_254' title='bbox 3073 1615 3378 1688; x_wconf 82' lang='grc' dir='ltr'>εἰρημένων</span> <span class='ocrx_word' id='word_1_255' title='bbox 3438 1616 3653 1688; x_wconf 78' lang='grc' dir='ltr'>άνδριῖιν</span> 
     </span>
    </p>
   </div>
   <div class='ocr_carea' id='block_1_38' title="bbox 2072 1704 3657 1780">
    <p class='ocr_par' dir='ltr' id='par_1_38' title="bbox 2072 1704 3657 1780">
     <span class='ocr_line' id='line_1_38' title="bbox 2072 1704 3657 1780; baseline 0.004 -23"><span class='ocrx_word' id='word_1_256' title='bbox 2072 1704 2268 1776; x_wconf 80' lang='grc' dir='ltr'>μακρῷ</span> <span class='ocrx_word' id='word_1_257' title='bbox 2292 1704 2470 1777; x_wconf 84' lang='grc' dir='ltr'>χρόνῳ</span> <span class='ocrx_word' id='word_1_258' title='bbox 2490 1705 2620 1776; x_wconf 89' lang='grc' dir='ltr'>παρ’</span> <span class='ocrx_word' id='word_1_259' title='bbox 2644 1704 2771 1776; x_wconf 84' lang='grc' dir='ltr'>ὑμῖν</span> <span class='ocrx_word' id='word_1_260' title='bbox 2803 1705 3101 1778; x_wconf 84' lang='grc' dir='ltr'>διειστήκει</span> <span class='ocrx_word' id='word_1_261' title='bbox 3130 1706 3266 1778; x_wconf 81' lang='grc'>(61).</span> <span class='ocrx_word' id='word_1_262' title='bbox 3297 1708 3407 1762; x_wconf 78' lang='grc' dir='ltr'>Καὶ</span> <span class='ocrx_word' id='word_1_263' title='bbox 3448 1708 3657 1780; x_wconf 88' lang='grc' dir='ltr'>πρέπει</span> 
     </span>
    </p>
   </div>
   <div class='ocr_carea' id='block_1_39' title="bbox 2069 1794 3660 1869">
    <p class='ocr_par' dir='ltr' id='par_1_39' title="bbox 2069 1794 3660 1869">
     <span class='ocr_line' id='line_1_39' title="bbox 2069 1794 3660 1869; baseline 0.004 -21"><span class='ocrx_word' id='word_1_264' title='bbox 2069 1812 2134 1865; x_wconf 91' lang='grc' dir='ltr'><strong>γε</strong></span> <span class='ocrx_word' id='word_1_265' title='bbox 2162 1794 2377 1868; x_wconf 79' lang='grc' dir='ltr'>άληθῶς</span> <span class='ocrx_word' id='word_1_266' title='bbox 2428 1795 2654 1865; x_wconf 85' lang='grc' dir='ltr'>γνόντας</span> <span class='ocrx_word' id='word_1_267' title='bbox 2708 1797 2852 1866; x_wconf 79' lang='grc' dir='ltr'>ὑμᾶς</span> <span class='ocrx_word' id='word_1_268' title='bbox 2891 1796 2961 1850; x_wconf 82' lang='grc' dir='ltr'><strong>τά</strong></span> <span class='ocrx_word' id='word_1_269' title='bbox 3016 1798 3400 1869; x_wconf 86' lang='grc' dir='ltr'>πεπραγμένα,</span> <span class='ocrx_word' id='word_1_270' title='bbox 3454 1802 3552 1854; x_wconf 77' lang='grc' dir='ltr'>καὶ</span> <span class='ocrx_word' id='word_1_271' title='bbox 3576 1800 3660 1864; x_wconf 82' lang='grc' dir='ltr'>ὡς</span> 
     </span>
    </p>
   </div>
   <div class='ocr_carea' id='block_1_40' title="bbox 2068 1884 3662 1957">
    <p class='ocr_par' dir='ltr' id='par_1_40' title="bbox 2068 1884 3662 1957">
     <span class='ocr_line' id='line_1_40' title="bbox 2068 1884 3662 1957; baseline 0.003 -19"><span class='ocrx_word' id='word_1_272' title='bbox 2068 1884 2432 1956; x_wconf 79' lang='grc' dir='ltr'>ἐκοινώνησαν</span> <span class='ocrx_word' id='word_1_273' title='bbox 2475 1886 2524 1938; x_wconf 90' lang='grc' dir='ltr'><strong>οἰ</strong></span> <span class='ocrx_word' id='word_1_274' title='bbox 2581 1884 2795 1956; x_wconf 79' lang='grc' dir='ltr'>ἄνδρες,</span> <span class='ocrx_word' id='word_1_275' title='bbox 2849 1884 3261 1956; x_wconf 77' lang='grc' dir='ltr'>παρεδέχθησαν</span> <span class='ocrx_word' id='word_1_276' title='bbox 3308 1904 3367 1940; x_wconf 89' lang='grc' dir='ltr'><strong>τε</strong></span> <span class='ocrx_word' id='word_1_277' title='bbox 3420 1886 3528 1939; x_wconf 79' lang='grc' dir='ltr'>ὑπὸ</span> <span class='ocrx_word' id='word_1_278' title='bbox 3554 1886 3662 1957; x_wconf 80' lang='grc' dir='ltr'>τῆς</span> 
     </span>
    </p>
   </div>
   <div class='ocr_carea' id='block_1_41' title="bbox 2067 1973 3663 2046">
    <p class='ocr_par' dir='ltr' id='par_1_41' title="bbox 2067 1973 3663 2046">
     <span class='ocr_line' id='line_1_41' title="bbox 2067 1973 3663 2046; baseline 0.001 -19"><span class='ocrx_word' id='word_1_279' title='bbox 2067 1974 2336 2045; x_wconf 83' lang='grc' dir='ltr'>τοσαύτης</span> <span class='ocrx_word' id='word_1_280' title='bbox 2386 1973 2545 2044; x_wconf 82' lang='grc' dir='ltr'>ἁγίας</span> <span class='ocrx_word' id='word_1_281' title='bbox 2582 1974 2832 2041; x_wconf 84' lang='grc' dir='ltr'>συνόδου,</span> <span class='ocrx_word' id='word_1_282' title='bbox 2875 1973 3261 2046; x_wconf 83' lang='grc' dir='ltr'>προθυμότατα</span> <span class='ocrx_word' id='word_1_283' title='bbox 3313 1975 3410 2031; x_wconf 70' lang='grc' dir='ltr'><strong>καὶ</strong></span> <span class='ocrx_word' id='word_1_284' title='bbox 3456 1976 3663 2038; x_wconf 78' lang='grc' dir='ltr'>αὐτοὺς</span> 
     </span>
    </p>
   </div>
   <div class='ocr_carea' id='block_1_42' title="bbox 2071 2065 3661 2140">
    <p class='ocr_par' dir='ltr' id='par_1_42' title="bbox 2071 2065 3661 2140">
     <span class='ocr_line' id='line_1_42' title="bbox 2071 2065 3661 2140; baseline -0.002 -18"><span class='ocrx_word' id='word_1_285' title='bbox 2071 2066 2421 2122; x_wconf 83' lang='grc' dir='ltr'>ἀσπάσασθαι</span> <span class='ocrx_word' id='word_1_286' title='bbox 2464 2067 2565 2139; x_wconf 82' lang='grc' dir='ltr'>τὴν</span> <span class='ocrx_word' id='word_1_287' title='bbox 2615 2066 2750 2139; x_wconf 76' lang='grc' dir='ltr'>πρὸς</span> <span class='ocrx_word' id='word_1_288' title='bbox 2789 2065 2861 2120; x_wconf 83' lang='grc' dir='ltr'>τὰ</span> <span class='ocrx_word' id='word_1_289' title='bbox 2887 2068 3061 2120; x_wconf 84' lang='grc' dir='ltr'>οἰκεῖα</span> <span class='ocrx_word' id='word_1_290' title='bbox 3114 2067 3249 2140; x_wconf 87' lang='grc' dir='ltr'>μέλη</span> <span class='ocrx_word' id='word_1_291' title='bbox 3282 2067 3576 2136; x_wconf 86' lang='grc' dir='ltr'>συνάφειάν</span> <span class='ocrx_word' id='word_1_292' title='bbox 3596 2083 3661 2119; x_wconf 89' lang='grc' dir='ltr'><strong>τε</strong></span> 
     </span>
    </p>
   </div>
   <div class='ocr_carea' id='block_1_43' title="bbox 2073 2158 3663 2233">
    <p class='ocr_par' dir='ltr' id='par_1_43' title="bbox 2073 2158 3663 2233">
     <span class='ocr_line' id='line_1_43' title="bbox 2073 2158 3663 2233; baseline -0.001 -18"><span class='ocrx_word' id='word_1_293' title='bbox 2073 2161 2169 2215; x_wconf 51' lang='grc' dir='ltr'><strong>καὶ¹</strong></span> <span class='ocrx_word' id='word_1_294' title='bbox 2200 2161 2422 2233; x_wconf 80' lang='grc' dir='ltr'>εἰρήνην</span> <span class='ocrx_word' id='word_1_295' title='bbox 2446 2161 2527 2215; x_wconf 78' lang='grc' dir='ltr'><strong>ὅτι</strong></span> <span class='ocrx_word' id='word_1_296' title='bbox 2563 2160 2813 2233; x_wconf 26' lang='grc' dir='ltr'>μάλιστα,</span> <span class='ocrx_word' id='word_1_297' title='bbox 2832 2161 2902 2215; x_wconf 78' lang='grc' dir='ltr'>τὰ</span> <span class='ocrx_word' id='word_1_298' title='bbox 2947 2161 3044 2232; x_wconf 82' lang='grc' dir='ltr'>τῆς</span> <span class='ocrx_word' id='word_1_299' title='bbox 3088 2161 3402 2232; x_wconf 87' lang='grc' dir='ltr'>ἐκτεθείσης</span> <span class='ocrx_word' id='word_1_300' title='bbox 3433 2160 3524 2214; x_wconf 85' lang='grc' dir='ltr'><strong>ὑπ’</strong></span> <span class='ocrx_word' id='word_1_301' title='bbox 3556 2158 3663 2213; x_wconf 82' lang='grc' dir='ltr'>αὐ-</span> 
     </span>
    </p>
   </div>
   <div class='ocr_carea' id='block_1_44' title="bbox 393 2246 3664 2327">
    <p class='ocr_par' dir='ltr' id='par_1_44' title="bbox 393 2246 3664 2327">
     <span class='ocr_line' id='line_1_44' title="bbox 393 2246 3664 2327; baseline -0.001 -20"><span class='ocrx_word' id='word_1_302' title='bbox 393 2253 494 2320; x_wconf 67' lang='grc' dir='ltr'><strong>τῶν</strong></span> <span class='ocrx_word' id='word_1_303' title='bbox 540 2252 776 2315; x_wconf 82' lang='grc' dir='ltr'>πίστεως</span> <span class='ocrx_word' id='word_1_304' title='bbox 832 2249 1246 2321; x_wconf 85' lang='grc' dir='ltr'>ἀναμφήριστον</span> <span class='ocrx_word' id='word_1_305' title='bbox 1302 2246 1463 2314; x_wconf 80' lang='grc' dir='ltr'>σώζει</span> <span class='ocrx_word' id='word_1_306' title='bbox 1503 2248 1602 2322; x_wconf 83' lang='grc' dir='ltr'><strong>τὴν</strong></span> <span class='ocrx_word' id='word_1_307' title='bbox 1650 2248 1804 2320; x_wconf 74' lang='grc' dir='ltr'>παρὰ</span> <span class='ocrx_word' id='word_1_308' title='bbox 1857 2251 1971 2314; x_wconf 87' lang='grc' dir='ltr'>τοῖς</span> <span class='ocrx_word' id='word_1_309' title='bbox 2007 2253 2172 2305; x_wconf 80' lang='grc' dir='ltr'>πᾶσιν</span> <span class='ocrx_word' id='word_1_310' title='bbox 2218 2251 2655 2325; x_wconf 81' lang='grc' dir='ltr'>ὁμολογουμένην</span> <span class='ocrx_word' id='word_1_311' title='bbox 2698 2252 3061 2327; x_wconf 83' lang='grc' dir='ltr'>άποστολικὴν</span> <span class='ocrx_word' id='word_1_312' title='bbox 3113 2252 3409 2324; x_wconf 76' lang='grc' dir='ltr'>παράδοσιν</span> <span class='ocrx_word' id='word_1_313' title='bbox 3448 2268 3511 2306; x_wconf 90' lang='grc' dir='ltr'><strong>τε</strong></span> <span class='ocrx_word' id='word_1_314' title='bbox 3562 2251 3664 2306; x_wconf 78' lang='grc' dir='ltr'>καὶ</span> 
     </span>
    </p>
   </div>
   <div class='ocr_carea' id='block_1_45' title="bbox 389 2341 895 2413">
    <p class='ocr_par' dir='ltr' id='par_1_45' title="bbox 389 2341 895 2413">
     <span class='ocr_line' id='line_1_45' title="bbox 389 2341 895 2413; baseline 0 -17"><span class='ocrx_word' id='word_1_315' title='bbox 389 2341 733 2401; x_wconf 78' lang='grc' dir='ltr'>διδασκαλίαν</span> <span class='ocrx_word' id='word_1_316' title='bbox 764 2341 871 2413; x_wconf 76' lang='grc'>(62)</span> <span class='ocrx_word' id='word_1_317' title='bbox 882 2382 895 2396; x_wconf 94' lang='grc'><strong>.</strong></span> 
     </span>
    </p>
   </div>
   <div class='ocr_carea' id='block_1_46' title="bbox 402 2433 1965 2506">
    <p class='ocr_par' dir='ltr' id='par_1_46' title="bbox 402 2433 1965 2506">
     <span class='ocr_line' id='line_1_46' title="bbox 402 2433 1965 2506; baseline -0.001 -14"><span class='ocrx_word' id='word_1_318' title='bbox 402 2458 405 2459; x_wconf 49' lang='grc' dir='ltr'><strong>ν</strong></span> <span class='ocrx_word' id='word_1_319' title='bbox 455 2437 548 2492; x_wconf 73' lang='grc'><strong>9-2.</strong></span> <span class='ocrx_word' id='word_1_320' title='bbox 582 2434 696 2492; x_wconf 82' lang='lat' dir='ltr'><strong>Hoc</strong></span> <span class='ocrx_word' id='word_1_321' title='bbox 730 2434 838 2490; x_wconf 90' lang='lat' dir='ltr'><strong>illis</strong></span> <span class='ocrx_word' id='word_1_322' title='bbox 872 2433 975 2489; x_wconf 80' lang='lat' dir='ltr'><strong>fuit</strong></span> <span class='ocrx_word' id='word_1_323' title='bbox 1000 2433 1336 2506; x_wconf 87' lang='lat' dir='ltr'><strong>synodorum</strong></span> <span class='ocrx_word' id='word_1_324' title='bbox 1364 2434 1651 2490; x_wconf 80' lang='lat' dir='ltr'><strong>exordium</strong></span> <span class='ocrx_word' id='word_1_325' title='bbox 1679 2477 1695 2502; x_wconf 93' lang='lat'><strong>,</strong></span> <span class='ocrx_word' id='word_1_326' title='bbox 1728 2434 1822 2492; x_wconf 92' lang='lat' dir='ltr'><strong>ubi</strong></span> <span class='ocrx_word' id='word_1_327' title='bbox 1853 2435 1965 2491; x_wconf 92' lang='lat' dir='ltr'><strong>cito</strong></span> 
     </span>
    </p>
   </div>
   <div class='ocr_carea' id='block_1_47' title="bbox 377 2525 1965 2599">
    <p class='ocr_par' dir='ltr' id='par_1_47' title="bbox 377 2525 1965 2599">
     <span class='ocr_line' id='line_1_47' title="bbox 377 2525 1965 2599; baseline -0.002 -13"><span class='ocrx_word' id='word_1_328' title='bbox 377 2530 678 2587; x_wconf 63' lang='lat' dir='ltr'><strong>«consilium</strong></span> <span class='ocrx_word' id='word_1_329' title='bbox 706 2543 868 2583; x_wconf 91' lang='lat' dir='ltr'><strong>suum</strong></span> <span class='ocrx_word' id='word_1_330' title='bbox 897 2527 1076 2596; x_wconf 85' lang='lat' dir='ltr'><strong>palam</strong></span> <span class='ocrx_word' id='word_1_331' title='bbox 1124 2525 1340 2592; x_wconf 78' lang='lat' dir='ltr'><strong>fecere,</strong></span> <span class='ocrx_word' id='word_1_332' title='bbox 1388 2541 1491 2583; x_wconf 82' lang='lat' dir='ltr'><strong>nec</strong></span> <span class='ocrx_word' id='word_1_333' title='bbox 1536 2527 1816 2583; x_wconf 88' lang='lat' dir='ltr'><strong>occultare</strong></span> <span class='ocrx_word' id='word_1_334' title='bbox 1863 2542 1965 2599; x_wconf 88' lang='lat' dir='ltr'><strong>po—</strong></span> 
     </span>
    </p>
   </div>
   <div class='ocr_carea' id='block_1_48' title="bbox 379 2619 1967 2679">
    <p class='ocr_par' dir='ltr' id='par_1_48' title="bbox 379 2619 1967 2679">
     <span class='ocr_line' id='line_1_48' title="bbox 379 2619 1967 2679; baseline -0.004 0"><span class='ocrx_word' id='word_1_335' title='bbox 379 2631 630 2679; x_wconf 89' lang='lat' dir='ltr'><strong>tuerunt.</strong></span> <span class='ocrx_word' id='word_1_336' title='bbox 694 2620 830 2676; x_wconf 86' lang='lat' dir='ltr'><strong>Cum</strong></span> <span class='ocrx_word' id='word_1_337' title='bbox 881 2620 1026 2675; x_wconf 89' lang='lat' dir='ltr'><strong>enim</strong></span> <span class='ocrx_word' id='word_1_338' title='bbox 1076 2620 1323 2675; x_wconf 89' lang='lat' dir='ltr'><strong>dicerent</strong></span> <span class='ocrx_word' id='word_1_339' title='bbox 1355 2619 1697 2676; x_wconf 88' lang='lat' dir='ltr'><strong>eliminatam</strong></span> <span class='ocrx_word' id='word_1_340' title='bbox 1748 2634 1967 2674; x_wconf 90' lang='lat' dir='ltr'><strong>omnem</strong></span> 
     </span>
    </p>
   </div>
   <div class='ocr_carea' id='block_1_49' title="bbox 390 2710 1968 2780">
    <p class='ocr_par' dir='ltr' id='par_1_49' title="bbox 390 2710 1968 2780">
     <span class='ocr_line' id='line_1_49' title="bbox 390 2710 1968 2780; baseline -0.003 -12"><span class='ocrx_word' id='word_1_341' title='bbox 390 2712 652 2768; x_wconf 79' lang='lat' dir='ltr'><strong>invidiam</strong></span> <span class='ocrx_word' id='word_1_342' title='bbox 689 2710 891 2776; x_wconf 80' lang='lat' dir='ltr'><strong>fuisse,</strong></span> <span class='ocrx_word' id='word_1_343' title='bbox 918 2719 1002 2774; x_wconf 90' lang='lat' dir='ltr'><strong>et,</strong></span> <span class='ocrx_word' id='word_1_344' title='bbox 1031 2721 1322 2780; x_wconf 86' lang='lat' dir='ltr'><strong>postquam</strong></span> <span class='ocrx_word' id='word_1_345' title='bbox 1355 2710 1694 2767; x_wconf 81' lang='lat' dir='ltr'><strong>Athanasius</strong></span> <span class='ocrx_word' id='word_1_346' title='bbox 1725 2710 1968 2765; x_wconf 74' lang='lat' dir='ltr'><strong>Alexan-</strong></span> 
     </span>
    </p>
   </div>
   <div class='ocr_carea' id='block_1_50' title="bbox 384 2800 1969 2873">
    <p class='ocr_par' dir='ltr' id='par_1_50' title="bbox 384 2800 1969 2873">
     <span class='ocr_line' id='line_1_50' title="bbox 384 2800 1969 2873; baseline -0.003 -13"><span class='ocrx_word' id='word_1_347' title='bbox 384 2803 523 2860; x_wconf 66' lang='lat' dir='ltr'><strong>driae.</strong></span> <span class='ocrx_word' id='word_1_348' title='bbox 546 2802 837 2873; x_wconf 90' lang='lat' dir='ltr'><strong>episcopus</strong></span> <span class='ocrx_word' id='word_1_349' title='bbox 870 2801 925 2854; x_wconf 90' lang='lat' dir='ltr'><strong>in</strong></span> <span class='ocrx_word' id='word_1_350' title='bbox 950 2801 1206 2856; x_wconf 80' lang='lat' dir='ltr'><strong>exsilium</strong></span> <span class='ocrx_word' id='word_1_351' title='bbox 1239 2800 1445 2856; x_wconf 88' lang='lat' dir='ltr'><strong>missus</strong></span> <span class='ocrx_word' id='word_1_352' title='bbox 1474 2809 1639 2868; x_wconf 91' lang='lat' dir='ltr'><strong>esset,</strong></span> <span class='ocrx_word' id='word_1_353' title='bbox 1665 2800 1969 2857; x_wconf 89' lang='lat' dir='ltr'><strong>scriberent</strong></span> 
     </span>
    </p>
   </div>
   <div class='ocr_carea' id='block_1_51' title="bbox 386 2893 1967 2966">
    <p class='ocr_par' dir='ltr' id='par_1_51' title="bbox 386 2893 1967 2966">
     <span class='ocr_line' id='line_1_51' title="bbox 386 2893 1967 2966; baseline -0.003 -14"><span class='ocrx_word' id='word_1_354' title='bbox 386 2904 641 2966; x_wconf 82' lang='lat' dir='ltr'><strong>Oporterc</strong></span> <span class='ocrx_word' id='word_1_355' title='bbox 655 2895 847 2948; x_wconf 84' lang='lat' dir='ltr'><strong>Arium</strong></span> <span class='ocrx_word' id='word_1_356' title='bbox 869 2909 995 2950; x_wconf 90' lang='lat' dir='ltr'><strong>cum</strong></span> <span class='ocrx_word' id='word_1_357' title='bbox 1017 2893 1135 2949; x_wconf 90' lang='lat' dir='ltr'><strong>suis</strong></span> <span class='ocrx_word' id='word_1_358' title='bbox 1155 2894 1391 2963; x_wconf 87' lang='lat' dir='ltr'><strong>suscipi;</strong></span> <span class='ocrx_word' id='word_1_359' title='bbox 1433 2893 1592 2962; x_wconf 89' lang='lat' dir='ltr'><strong>plane</strong></span> <span class='ocrx_word' id='word_1_360' title='bbox 1611 2893 1967 2950; x_wconf 86' lang='lat' dir='ltr'><strong>ostenderunt</strong></span> 
     </span>
    </p>
   </div>
   <div class='ocr_carea' id='block_1_52' title="bbox 388 2985 1967 3061">
    <p class='ocr_par' dir='ltr' id='par_1_52' title="bbox 388 2985 1967 3061">
     <span class='ocr_line' id='line_1_52' title="bbox 388 2985 1967 3061; baseline -0.003 -16"><span class='ocrx_word' id='word_1_361' title='bbox 388 3002 473 3053; x_wconf 72' lang='lat' dir='ltr'><strong>se,</strong></span> <span class='ocrx_word' id='word_1_362' title='bbox 490 3002 555 3042; x_wconf 88' lang='lat' dir='ltr'><strong>ea</strong></span> <span class='ocrx_word' id='word_1_363' title='bbox 570 2986 637 3061; x_wconf 82' lang='lat' dir='ltr'><strong>de</strong></span> <span class='ocrx_word' id='word_1_364' title='bbox 651 3000 840 3053; x_wconf 86' lang='lat' dir='ltr'><strong>causa,</strong></span> <span class='ocrx_word' id='word_1_365' title='bbox 858 2985 1161 3041; x_wconf 84' lang='lat' dir='ltr'><strong>Athanasio</strong></span> <span class='ocrx_word' id='word_1_366' title='bbox 1184 2993 1238 3040; x_wconf 88' lang='lat' dir='ltr'><strong>et</strong></span> <span class='ocrx_word' id='word_1_367' title='bbox 1261 2985 1384 3040; x_wconf 90' lang='lat' dir='ltr'><strong>aliis</strong></span> <span class='ocrx_word' id='word_1_368' title='bbox 1408 2986 1666 3041; x_wconf 87' lang='lat' dir='ltr'><strong>omnibus</strong></span> <span class='ocrx_word' id='word_1_369' title='bbox 1693 2985 1967 3056; x_wconf 87' lang='lat' dir='ltr'><strong>episcopis</strong></span> 
     </span>
    </p>
   </div>
   <div class='ocr_carea' id='block_1_53' title="bbox 2131 2430 3664 2506">
    <p class='ocr_par' dir='ltr' id='par_1_53' title="bbox 2131 2430 3664 2506">
     <span class='ocr_line' id='line_1_53' title="bbox 2131 2430 3664 2506; baseline 0.003 -19"><span class='ocrx_word' id='word_1_370' title='bbox 2131 2432 2224 2487; x_wconf 71' lang='lat'><strong>22.</strong></span> <span class='ocrx_word' id='word_1_371' title='bbox 2255 2431 2408 2503; x_wconf 74' lang='grc' dir='ltr'>Αὕτη</span> <span class='ocrx_word' id='word_1_372' title='bbox 2434 2430 2544 2485; x_wconf 86' lang='grc' dir='ltr'><strong>τῶν</strong></span> <span class='ocrx_word' id='word_1_373' title='bbox 2568 2431 2801 2487; x_wconf 84' lang='grc' dir='ltr'>συνόδων</span> <span class='ocrx_word' id='word_1_374' title='bbox 2843 2432 3023 2487; x_wconf 82' lang='grc' dir='ltr'>αὐτῶν</span> <span class='ocrx_word' id='word_1_375' title='bbox 3052 2433 3085 2504; x_wconf 87' lang='grc' dir='ltr'><strong>ή</strong></span> <span class='ocrx_word' id='word_1_376' title='bbox 3128 2434 3271 2506; x_wconf 80' lang='grc' dir='ltr'>ἀρχὴ</span> <span class='ocrx_word' id='word_1_377' title='bbox 3322 2434 3569 2505; x_wconf 86' lang='grc' dir='ltr'>γέγονεν,</span> <span class='ocrx_word' id='word_1_378' title='bbox 3600 2438 3664 2491; x_wconf 88' lang='grc' dir='ltr'><strong>ἐν</strong></span> 
     </span>
    </p>
   </div>
   <div class='ocr_carea' id='block_1_54' title="bbox 2063 2517 3662 2599">
    <p class='ocr_par' dir='ltr' id='par_1_54' title="bbox 2063 2517 3662 2599">
     <span class='ocr_line' id='line_1_54' title="bbox 2063 2517 3662 2599; baseline 0.003 -23"><span class='ocrx_word' id='word_1_379' title='bbox 2063 2517 2220 2599; x_wconf 77' lang='grc' dir='ltr'>ἦκαὶ</span> <span class='ocrx_word' id='word_1_380' title='bbox 2266 2520 2365 2593; x_wconf 83' lang='grc' dir='ltr'>τὴν</span> <span class='ocrx_word' id='word_1_381' title='bbox 2421 2521 2740 2595; x_wconf 90' lang='grc' dir='ltr'>προαίρεσιν</span> <span class='ocrx_word' id='word_1_382' title='bbox 2790 2520 3003 2577; x_wconf 78' lang='grc' dir='ltr'>ἑαυτῶν</span> <span class='ocrx_word' id='word_1_383' title='bbox 3052 2524 3262 2594; x_wconf 88' lang='grc' dir='ltr'>ταχέως</span> <span class='ocrx_word' id='word_1_384' title='bbox 3310 2525 3662 2596; x_wconf 78' lang='grc' dir='ltr'>ἐξήγγειλαν,</span> 
     </span>
    </p>
   </div>
   <div class='ocr_carea' id='block_1_55' title="bbox 2066 2614 3668 2691">
    <p class='ocr_par' dir='ltr' id='par_1_55' title="bbox 2066 2614 3668 2691">
     <span class='ocr_line' id='line_1_55' title="bbox 2066 2614 3668 2691; baseline -0.005 -21"><span class='ocrx_word' id='word_1_385' title='bbox 2066 2617 2161 2670; x_wconf 75' lang='grc' dir='ltr'>κα).</span> <span class='ocrx_word' id='word_1_386' title='bbox 2186 2617 2288 2669; x_wconf 79' lang='grc' dir='ltr'><strong>οὐκ</strong></span> <span class='ocrx_word' id='word_1_387' title='bbox 2308 2614 2654 2686; x_wconf 70' lang='grc' dir='ltr'>ἠδυνήθησαν</span> <span class='ocrx_word' id='word_1_388' title='bbox 2684 2614 2911 2686; x_wconf 76' lang='grc' dir='ltr'>κρύψαι.</span> <span class='ocrx_word' id='word_1_389' title='bbox 2960 2615 3256 2689; x_wconf 84' lang='grc' dir='ltr'>Εἰρηκότες</span> <span class='ocrx_word' id='word_1_390' title='bbox 3318 2617 3428 2688; x_wconf 87' lang='grc' dir='ltr'><strong>γάρ</strong></span> <span class='ocrx_word' id='word_1_391' title='bbox 3469 2620 3668 2691; x_wconf 55' lang='lat' dir='ltr'><strong>sequ-</strong></span> 
     </span>
    </p>
   </div>
   <div class='ocr_carea' id='block_1_56' title="bbox 2069 2704 3665 2780">
    <p class='ocr_par' dir='ltr' id='par_1_56' title="bbox 2069 2704 3665 2780">
     <span class='ocr_line' id='line_1_56' title="bbox 2069 2704 3665 2780; baseline 0.002 -20"><span class='ocrx_word' id='word_1_392' title='bbox 2069 2706 2193 2760; x_wconf 88' lang='grc' dir='ltr'>σθαι</span> <span class='ocrx_word' id='word_1_393' title='bbox 2232 2705 2345 2777; x_wconf 82' lang='grc'>(65)</span> <span class='ocrx_word' id='word_1_394' title='bbox 2373 2704 2549 2759; x_wconf 86' lang='grc' dir='ltr'>πάντα</span> <span class='ocrx_word' id='word_1_395' title='bbox 2579 2704 2790 2774; x_wconf 84' lang='grc' dir='ltr'>φθόνον,</span> <span class='ocrx_word' id='word_1_396' title='bbox 2813 2705 2909 2759; x_wconf 75' lang='grc' dir='ltr'><strong>καὶ</strong></span> <span class='ocrx_word' id='word_1_397' title='bbox 2938 2705 3076 2777; x_wconf 83' lang='grc' dir='ltr'>μετὰ</span> <span class='ocrx_word' id='word_1_398' title='bbox 3099 2706 3157 2760; x_wconf 89' lang='grc' dir='ltr'><strong>τὸ</strong></span> <span class='ocrx_word' id='word_1_399' title='bbox 3187 2706 3534 2780; x_wconf 78' lang='grc' dir='ltr'>ἐξορισθῆναι</span> <span class='ocrx_word' id='word_1_400' title='bbox 3565 2708 3665 2763; x_wconf 78' lang='grc' dir='ltr'>τὸν</span> 
     </span>
    </p>
   </div>
   <div class='ocr_carea' id='block_1_57' title="bbox 2071 2794 3665 2872">
    <p class='ocr_par' dir='ltr' id='par_1_57' title="bbox 2071 2794 3665 2872">
     <span class='ocr_line' id='line_1_57' title="bbox 2071 2794 3665 2872; baseline 0.005 -22"><span class='ocrx_word' id='word_1_401' title='bbox 2071 2796 2370 2850; x_wconf 82' lang='grc' dir='ltr'>ἐπίσκοπον</span> <span class='ocrx_word' id='word_1_402' title='bbox 2394 2797 2493 2869; x_wconf 87' lang='grc' dir='ltr'>τῆς</span> <span class='ocrx_word' id='word_1_403' title='bbox 2530 2794 2932 2870; x_wconf 82' lang='grc' dir='ltr'>Ἀλεξανδρείας</span> <span class='ocrx_word' id='word_1_404' title='bbox 2977 2797 3316 2863; x_wconf 84' lang='grc' dir='ltr'>Ἀθανάσιον,</span> <span class='ocrx_word' id='word_1_405' title='bbox 3351 2802 3665 2872; x_wconf 84' lang='grc' dir='ltr'>γράφοντες</span> 
     </span>
    </p>
   </div>
   <div class='ocr_carea' id='block_1_58' title="bbox 2074 2888 3659 2963">
    <p class='ocr_par' dir='ltr' id='par_1_58' title="bbox 2074 2888 3659 2963">
     <span class='ocr_line' id='line_1_58' title="bbox 2074 2888 3659 2963; baseline 0.004 -20"><span class='ocrx_word' id='word_1_406' title='bbox 2074 2889 2184 2943; x_wconf 87' lang='grc' dir='ltr'>δεῖν</span> <span class='ocrx_word' id='word_1_407' title='bbox 2225 2888 2481 2960; x_wconf 79' lang='grc' dir='ltr'>δεχθῆναι</span> <span class='ocrx_word' id='word_1_408' title='bbox 2511 2890 2728 2960; x_wconf 81' lang='grc' dir='ltr'>Ἀρειον</span> <span class='ocrx_word' id='word_1_409' title='bbox 2769 2889 2863 2943; x_wconf 80' lang='grc' dir='ltr'>καὶ</span> <span class='ocrx_word' id='word_1_410' title='bbox 2897 2890 3026 2954; x_wconf 82' lang='grc' dir='ltr'>τοὺς</span> <span class='ocrx_word' id='word_1_411' title='bbox 3085 2892 3182 2944; x_wconf 71' lang='grc' dir='ltr'><strong>σὺν</strong></span> <span class='ocrx_word' id='word_1_412' title='bbox 3218 2892 3389 2963; x_wconf 75' lang='grc' dir='ltr'>αὐτῷ,</span> <span class='ocrx_word' id='word_1_413' title='bbox 3423 2893 3659 2961; x_wconf 78' lang='grc' dir='ltr'>ἔδειξαν,</span> 
     </span>
    </p>
   </div>
   <div class='ocr_carea' id='block_1_59' title="bbox 2074 2978 3665 3055">
    <p class='ocr_par' dir='ltr' id='par_1_59' title="bbox 2074 2978 3665 3055">
     <span class='ocr_line' id='line_1_59' title="bbox 2074 2978 3665 3055; baseline 0.004 -21"><span class='ocrx_word' id='word_1_414' title='bbox 2074 2982 2156 3034; x_wconf 85' lang='grc' dir='ltr'>ὅτι</span> <span class='ocrx_word' id='word_1_415' title='bbox 2183 2979 2271 3034; x_wconf 81' lang='grc' dir='ltr'>διὰ</span> <span class='ocrx_word' id='word_1_416' title='bbox 2313 2978 2472 3034; x_wconf 82' lang='grc' dir='ltr'>τοῦτο</span> <span class='ocrx_word' id='word_1_417' title='bbox 2520 2979 2667 3051; x_wconf 83' lang='grc' dir='ltr'>αὐτῷ</span> <span class='ocrx_word' id='word_1_418' title='bbox 2711 2996 2770 3033; x_wconf 90' lang='grc' dir='ltr'><strong>τε</strong></span> <span class='ocrx_word' id='word_1_419' title='bbox 2798 2979 2875 3052; x_wconf 83' lang='grc' dir='ltr'>τῷ</span> <span class='ocrx_word' id='word_1_420' title='bbox 2925 2980 3034 3053; x_wconf 75' lang='grc'>(64)</span> <span class='ocrx_word' id='word_1_421' title='bbox 3077 2981 3378 3055; x_wconf 82' lang='grc' dir='ltr'>Ἀθανασίῳ</span> <span class='ocrx_word' id='word_1_422' title='bbox 3428 2986 3665 3040; x_wconf 77' lang='grc' dir='ltr'>ἐπεϐού-</span> 
     </span>
    </p>
   </div>
   <div class='ocr_carea' id='block_1_60' title="bbox 386 3070 1963 3151">
    <p class='ocr_par' dir='ltr' id='par_1_60' title="bbox 386 3078 1963 3151">
     <span class='ocr_line' id='line_1_60' title="bbox 386 3078 1963 3151; baseline -0.003 -13"><span class='ocrx_word' id='word_1_423' title='bbox 386 3083 496 3139; x_wconf 71' lang='grc' dir='ltr'><strong>εἰὺί</strong></span> <span class='ocrx_word' id='word_1_424' title='bbox 517 3079 949 3150; x_wconf 79' lang='lat' dir='ltr'><strong>repugnantibus</strong></span> <span class='ocrx_word' id='word_1_425' title='bbox 970 3079 1200 3134; x_wconf 87' lang='lat' dir='ltr'><strong>insidias</strong></span> <span class='ocrx_word' id='word_1_426' title='bbox 1228 3078 1520 3141; x_wconf 79' lang='lat' dir='ltr'><strong>struxisse,</strong></span> <span class='ocrx_word' id='word_1_427' title='bbox 1550 3086 1608 3132; x_wconf 94' lang='lat' dir='ltr'><strong>ut</strong></span> <span class='ocrx_word' id='word_1_428' title='bbox 1629 3079 1817 3151; x_wconf 83' lang='lat' dir='ltr'><strong>Arium</strong></span> <span class='ocrx_word' id='word_1_429' title='bbox 1841 3094 1963 3134; x_wconf 86' lang='lat' dir='ltr'><strong>cum</strong></span> 
     </span>
    </p>
   </div>
   <div class='ocr_carea' id='block_1_61' title="bbox 2086 3070 3665 3151">
    <p class='ocr_par' dir='ltr' id='par_1_61' title="bbox 2086 3070 3665 3139">
     <span class='ocr_line' id='line_1_61' title="bbox 2086 3070 3665 3139; baseline 0.005 -14"><span class='ocrx_word' id='word_1_430' title='bbox 2086 3075 2251 3137; x_wconf 67' lang='grc' dir='ltr'>λευον,</span> <span class='ocrx_word' id='word_1_431' title='bbox 2292 3072 2388 3126; x_wconf 72' lang='grc' dir='ltr'><strong>καὶ</strong></span> <span class='ocrx_word' id='word_1_432' title='bbox 2415 3073 2527 3133; x_wconf 82' lang='grc' dir='ltr'>τοῖς</span> <span class='ocrx_word' id='word_1_433' title='bbox 2554 3070 2733 3135; x_wconf 82' lang='grc' dir='ltr'>ἄλλοις</span> <span class='ocrx_word' id='word_1_434' title='bbox 2762 3072 2926 3125; x_wconf 82' lang='grc' dir='ltr'>πᾶσιν</span> <span class='ocrx_word' id='word_1_435' title='bbox 2966 3073 3288 3138; x_wconf 75' lang='grc' dir='ltr'>ἐπισκόποις</span> <span class='ocrx_word' id='word_1_436' title='bbox 3308 3077 3423 3139; x_wconf 88' lang='grc' dir='ltr'>τοῖς</span> <span class='ocrx_word' id='word_1_437' title='bbox 3445 3078 3665 3132; x_wconf 85' lang='grc' dir='ltr'>ἀντιλέ-</span> 
     </span>
    </p>
   </div>
   <div class='ocr_carea' id='block_1_62' title="bbox 387 3170 1971 3241">
    <p class='ocr_par' dir='ltr' id='par_1_62' title="bbox 387 3170 1971 3241">
     <span class='ocr_line' id='line_1_62' title="bbox 387 3170 1971 3241; baseline -0.003 -11"><span class='ocrx_word' id='word_1_438' title='bbox 387 3173 560 3230; x_wconf 81' lang='lat' dir='ltr'><strong>sociis</strong></span> <span class='ocrx_word' id='word_1_439' title='bbox 586 3173 910 3241; x_wconf 86' lang='lat' dir='ltr'><strong>reciperent,</strong></span> <span class='ocrx_word' id='word_1_440' title='bbox 946 3170 1310 3240; x_wconf 65' lang='lat' dir='ltr'><strong>baeresimque</strong></span> <span class='ocrx_word' id='word_1_441' title='bbox 1344 3170 1756 3226; x_wconf 90' lang='lat' dir='ltr'><strong>introducerent</strong></span> <span class='ocrx_word' id='word_1_442' title='bbox 1779 3172 1832 3225; x_wconf 88' lang='lat' dir='ltr'><strong>in</strong></span> <span class='ocrx_word' id='word_1_443' title='bbox 1866 3170 1971 3226; x_wconf 84' lang='lat' dir='ltr'><strong>Ec-</strong></span> 
     </span>
    </p>
   </div>
   <div class='ocr_carea' id='block_1_63' title="bbox 386 3261 1972 3333">
    <p class='ocr_par' dir='ltr' id='par_1_63' title="bbox 386 3261 1972 3333">
     <span class='ocr_line' id='line_1_63' title="bbox 386 3261 1972 3333; baseline 0 -14"><span class='ocrx_word' id='word_1_444' title='bbox 386 3264 636 3330; x_wconf 86' lang='lat' dir='ltr'><strong>clesiam,</strong></span> <span class='ocrx_word' id='word_1_445' title='bbox 660 3271 715 3317; x_wconf 88' lang='lat' dir='ltr'><strong>et</strong></span> <span class='ocrx_word' id='word_1_446' title='bbox 734 3276 1050 3333; x_wconf 87' lang='lat' dir='ltr'><strong>quanquam</strong></span> <span class='ocrx_word' id='word_1_447' title='bbox 1089 3275 1282 3317; x_wconf 91' lang='lat' dir='ltr'><strong>omnes</strong></span> <span class='ocrx_word' id='word_1_448' title='bbox 1306 3275 1504 3330; x_wconf 86' lang='lat' dir='ltr'><strong>pravas</strong></span> <span class='ocrx_word' id='word_1_449' title='bbox 1525 3261 1641 3316; x_wconf 86' lang='lat' dir='ltr'><strong>Arii</strong></span> <span class='ocrx_word' id='word_1_450' title='bbox 1673 3262 1972 3319; x_wconf 88' lang='lat' dir='ltr'><strong>sententias</strong></span> 
     </span>
    </p>
   </div>
   <div class='ocr_carea' id='block_1_64' title="bbox 392 3352 1973 3428">
    <p class='ocr_par' dir='ltr' id='par_1_64' title="bbox 392 3352 1973 3428">
     <span class='ocr_line' id='line_1_64' title="bbox 392 3352 1973 3428; baseline -0.003 -16"><span class='ocrx_word' id='word_1_451' title='bbox 392 3358 448 3412; x_wconf 88' lang='lat' dir='ltr'><strong>in</strong></span> <span class='ocrx_word' id='word_1_452' title='bbox 478 3357 570 3411; x_wconf 88' lang='lat' dir='ltr'><strong>illa</strong></span> <span class='ocrx_word' id='word_1_453' title='bbox 603 3356 817 3428; x_wconf 81' lang='lat' dir='ltr'><strong>synodo</strong></span> <span class='ocrx_word' id='word_1_454' title='bbox 846 3353 1184 3418; x_wconf 86' lang='lat' dir='ltr'><strong>laudassent,</strong></span> <span class='ocrx_word' id='word_1_455' title='bbox 1219 3364 1274 3407; x_wconf 91' lang='lat' dir='ltr'><strong>et</strong></span> <span class='ocrx_word' id='word_1_456' title='bbox 1301 3352 1369 3407; x_wconf 85' lang='lat' dir='ltr'><strong>ad</strong></span> <span class='ocrx_word' id='word_1_457' title='bbox 1397 3353 1843 3408; x_wconf 90' lang='lat' dir='ltr'><strong>communionem</strong></span> <span class='ocrx_word' id='word_1_458' title='bbox 1876 3368 1973 3409; x_wconf 90' lang='lat' dir='ltr'><strong>eos</strong></span> 
     </span>
    </p>
   </div>
   <div class='ocr_carea' id='block_1_65' title="bbox 392 3443 1970 3516">
    <p class='ocr_par' dir='ltr' id='par_1_65' title="bbox 392 3443 1970 3516">
     <span class='ocr_line' id='line_1_65' title="bbox 392 3443 1970 3516; baseline -0.003 -13"><span class='ocrx_word' id='word_1_459' title='bbox 392 3448 606 3503; x_wconf 84' lang='lat' dir='ltr'><strong>admitti</strong></span> <span class='ocrx_word' id='word_1_460' title='bbox 629 3447 973 3512; x_wconf 88' lang='lat' dir='ltr'><strong>statuissent,</strong></span> <span class='ocrx_word' id='word_1_461' title='bbox 992 3444 1141 3516; x_wconf 89' lang='lat' dir='ltr'><strong>quod</strong></span> <span class='ocrx_word' id='word_1_462' title='bbox 1162 3445 1276 3515; x_wconf 88' lang='lat' dir='ltr'><strong>jam</strong></span> <span class='ocrx_word' id='word_1_463' title='bbox 1296 3444 1365 3499; x_wconf 91' lang='lat' dir='ltr'><strong>ab</strong></span> <span class='ocrx_word' id='word_1_464' title='bbox 1382 3445 1517 3514; x_wconf 90' lang='lat' dir='ltr'><strong>ipsis</strong></span> <span class='ocrx_word' id='word_1_465' title='bbox 1540 3443 1741 3499; x_wconf 81' lang='lat' dir='ltr'><strong>factum</strong></span> <span class='ocrx_word' id='word_1_466' title='bbox 1761 3444 1970 3512; x_wconf 80' lang='lat' dir='ltr'><strong>fuerat;</strong></span> 
     </span>
    </p>
   </div>
   <div class='ocr_carea' id='block_1_66' title="bbox 391 3536 1974 3609">
    <p class='ocr_par' dir='ltr' id='par_1_66' title="bbox 391 3536 1974 3609">
     <span class='ocr_line' id='line_1_66' title="bbox 391 3536 1974 3609; baseline -0.003 -14"><span class='ocrx_word' id='word_1_467' title='bbox 391 3549 633 3597; x_wconf 84' lang='lat' dir='ltr'><strong>attamen</strong></span> <span class='ocrx_word' id='word_1_468' title='bbox 658 3539 763 3593; x_wconf 88' lang='lat' dir='ltr'><strong>rati</strong></span> <span class='ocrx_word' id='word_1_469' title='bbox 792 3537 999 3609; x_wconf 86' lang='lat' dir='ltr'><strong>aliquid</strong></span> <span class='ocrx_word' id='word_1_470' title='bbox 1029 3536 1211 3592; x_wconf 89' lang='lat' dir='ltr'><strong>adhuc</strong></span> <span class='ocrx_word' id='word_1_471' title='bbox 1236 3536 1305 3590; x_wconf 85' lang='lat' dir='ltr'><strong>ad</strong></span> <span class='ocrx_word' id='word_1_472' title='bbox 1328 3550 1489 3591; x_wconf 90' lang='lat' dir='ltr'><strong>suum</strong></span> <span class='ocrx_word' id='word_1_473' title='bbox 1519 3536 1857 3605; x_wconf 88' lang='lat' dir='ltr'><strong>propositum</strong></span> <span class='ocrx_word' id='word_1_474' title='bbox 1879 3536 1974 3591; x_wconf 90' lang='lat' dir='ltr'><strong>de-</strong></span> 
     </span>
    </p>
   </div>
   <div class='ocr_carea' id='block_1_67' title="bbox 393 3625 1971 3701">
    <p class='ocr_par' dir='ltr' id='par_1_67' title="bbox 393 3625 1971 3701">
     <span class='ocr_line' id='line_1_67' title="bbox 393 3625 1971 3701; baseline -0.005 -12"><span class='ocrx_word' id='word_1_475' title='bbox 393 3633 649 3700; x_wconf 87' lang='lat' dir='ltr'><strong>siderari,</strong></span> <span class='ocrx_word' id='word_1_476' title='bbox 679 3630 984 3687; x_wconf 68' lang='lat' dir='ltr'><strong>Antiochia:</strong></span> <span class='ocrx_word' id='word_1_477' title='bbox 1009 3628 1277 3701; x_wconf 86' lang='lat' dir='ltr'><strong>synodum</strong></span> <span class='ocrx_word' id='word_1_478' title='bbox 1308 3627 1535 3683; x_wconf 88' lang='lat' dir='ltr'><strong>obtentu</strong></span> <span class='ocrx_word' id='word_1_479' title='bbox 1568 3625 1971 3693; x_wconf 69' lang='lat' dir='ltr'><strong>Encaaniorunt,</strong></span> 
     </span>
    </p>
   </div>
   <div class='ocr_carea' id='block_1_68' title="bbox 396 3719 1973 3795">
    <p class='ocr_par' dir='ltr' id='par_1_68' title="bbox 396 3719 1973 3795">
     <span class='ocr_line' id='line_1_68' title="bbox 396 3719 1973 3795; baseline -0.003 -17"><span class='ocrx_word' id='word_1_480' title='bbox 396 3735 454 3781; x_wconf 92' lang='lat' dir='ltr'><strong>ut</strong></span> <span class='ocrx_word' id='word_1_481' title='bbox 484 3732 719 3792; x_wconf 87' lang='lat' dir='ltr'><strong>vocant,</strong></span> <span class='ocrx_word' id='word_1_482' title='bbox 767 3729 1081 3795; x_wconf 77' lang='lat' dir='ltr'><strong>coegerunt.</strong></span> <span class='ocrx_word' id='word_1_483' title='bbox 1117 3719 1186 3776; x_wconf 85' lang='lat' dir='ltr'><strong>Et</strong></span> <span class='ocrx_word' id='word_1_484' title='bbox 1211 3719 1340 3791; x_wconf 86' lang='lat' dir='ltr'><strong>quia</strong></span> <span class='ocrx_word' id='word_1_485' title='bbox 1374 3734 1589 3790; x_wconf 88' lang='lat' dir='ltr'><strong>semper</strong></span> <span class='ocrx_word' id='word_1_486' title='bbox 1619 3720 1688 3774; x_wconf 89' lang='lat' dir='ltr'><strong>ab</strong></span> <span class='ocrx_word' id='word_1_487' title='bbox 1716 3719 1973 3775; x_wconf 90' lang='lat' dir='ltr'><strong>omnibus</strong></span> 
     </span>
    </p>
   </div>
   <div class='ocr_carea' id='block_1_69' title="bbox 394 3809 1977 3882">
    <p class='ocr_par' dir='ltr' id='par_1_69' title="bbox 394 3809 1977 3882">
     <span class='ocr_line' id='line_1_69' title="bbox 394 3809 1977 3882; baseline -0.007 -7"><span class='ocrx_word' id='word_1_488' title='bbox 394 3818 462 3875; x_wconf 88' lang='lat' dir='ltr'><strong>de</strong></span> <span class='ocrx_word' id='word_1_489' title='bbox 491 3816 687 3873; x_wconf 67' lang='lat' dir='ltr'><strong>haeresi</strong></span> <span class='ocrx_word' id='word_1_490' title='bbox 723 3816 1124 3873; x_wconf 86' lang='lat' dir='ltr'><strong>accusabantur</strong></span> <span class='ocrx_word' id='word_1_491' title='bbox 1148 3853 1165 3882; x_wconf 94' lang='lat'><strong>,</strong></span> <span class='ocrx_word' id='word_1_492' title='bbox 1200 3812 1308 3868; x_wconf 86' lang='lat' dir='ltr'><strong>alia</strong></span> <span class='ocrx_word' id='word_1_493' title='bbox 1333 3809 1456 3867; x_wconf 90' lang='lat' dir='ltr'><strong>aliis</strong></span> <span class='ocrx_word' id='word_1_494' title='bbox 1486 3811 1832 3881; x_wconf 85' lang='lat' dir='ltr'><strong>diversisque</strong></span> <span class='ocrx_word' id='word_1_495' title='bbox 1861 3825 1977 3865; x_wconf 82' lang='lat' dir='ltr'><strong>mo-</strong></span> 
     </span>
    </p>
   </div>
   <div class='ocr_carea' id='block_1_70' title="bbox 393 3901 1972 3983">
    <p class='ocr_par' dir='ltr' id='par_1_70' title="bbox 393 3901 1972 3983">
     <span class='ocr_line' id='line_1_70' title="bbox 393 3901 1972 3983; baseline -0.006 -19"><span class='ocrx_word' id='word_1_496' title='bbox 393 3909 480 3964; x_wconf 87' lang='lat' dir='ltr'><strong>dis</strong></span> <span class='ocrx_word' id='word_1_497' title='bbox 504 3907 707 3978; x_wconf 89' lang='lat' dir='ltr'><strong>scripta</strong></span> <span class='ocrx_word' id='word_1_498' title='bbox 734 3907 1042 3963; x_wconf 87' lang='lat' dir='ltr'><strong>ediderunt.</strong></span> <span class='ocrx_word' id='word_1_499' title='bbox 1077 3904 1138 3983; x_wconf 85' lang='lat' dir='ltr'><strong>In</strong></span> <span class='ocrx_word' id='word_1_500' title='bbox 1169 3904 1354 3975; x_wconf 87' lang='lat' dir='ltr'><strong>aliqua</strong></span> <span class='ocrx_word' id='word_1_501' title='bbox 1390 3910 1573 3957; x_wconf 85' lang='lat' dir='ltr'><strong>autem</strong></span> <span class='ocrx_word' id='word_1_502' title='bbox 1610 3901 1972 3973; x_wconf 81' lang='lat' dir='ltr'><strong>epistolarum</strong></span> 
     </span>
    </p>
   </div>
   <div class='ocr_carea' id='block_1_71' title="bbox 393 3999 1207 4069">
    <p class='ocr_par' dir='ltr' id='par_1_71' title="bbox 393 3999 1207 4069">
     <span class='ocr_line' id='line_1_71' title="bbox 393 3999 1207 4069; baseline -0.002 -12"><span class='ocrx_word' id='word_1_503' title='bbox 393 4015 621 4058; x_wconf 74' lang='lat' dir='ltr'><strong>suarum</strong></span> <span class='ocrx_word' id='word_1_504' title='bbox 649 3999 764 4054; x_wconf 60' lang='lat' dir='ltr'><strong>hate</strong></span> <span class='ocrx_word' id='word_1_505' title='bbox 791 3999 1207 4069; x_wconf 84' lang='lat' dir='ltr'><strong>conscripsere:</strong></span> 
     </span>
    </p>
   </div>
   <div class='ocr_carea' id='block_1_72' title="bbox 470 4255 1976 4331">
    <p class='ocr_par' dir='ltr' id='par_1_72' title="bbox 470 4255 1976 4331">
     <span class='ocr_line' id='line_1_72' title="bbox 470 4255 1976 4331; baseline 0.002 -18"><span class='ocrx_word' id='word_1_506' title='bbox 470 4280 490 4313; x_wconf 73' lang='grc' dir='ltr'><strong>ι</strong></span> <span class='ocrx_word' id='word_1_507' title='bbox 520 4258 630 4316; x_wconf 83' lang='lat' dir='ltr'><strong>Nos</strong></span> <span class='ocrx_word' id='word_1_508' title='bbox 680 4276 860 4331; x_wconf 87' lang='lat' dir='ltr'><strong>neque</strong></span> <span class='ocrx_word' id='word_1_509' title='bbox 908 4255 1025 4316; x_wconf 79' lang='lat' dir='ltr'><strong>Arii</strong></span> <span class='ocrx_word' id='word_1_510' title='bbox 1058 4270 1355 4318; x_wconf 85' lang='lat' dir='ltr'><strong>sectatores</strong></span> <span class='ocrx_word' id='word_1_511' title='bbox 1398 4262 1641 4322; x_wconf 73' lang='lat' dir='ltr'><strong>fuimus.</strong></span> <span class='ocrx_word' id='word_1_512' title='bbox 1698 4261 1976 4331; x_wconf 83' lang='lat' dir='ltr'><strong>quomodo</strong></span> 
     </span>
    </p>
   </div>
   <div class='ocr_carea' id='block_1_73' title="bbox 393 4352 1976 4425">
    <p class='ocr_par' dir='ltr' id='par_1_73' title="bbox 393 4352 1976 4425">
     <span class='ocr_line' id='line_1_73' title="bbox 393 4352 1976 4425; baseline 0.001 -18"><span class='ocrx_word' id='word_1_513' title='bbox 393 4352 542 4408; x_wconf 79' lang='lat' dir='ltr'><strong>enim</strong></span> <span class='ocrx_word' id='word_1_514' title='bbox 592 4352 835 4423; x_wconf 89' lang='lat' dir='ltr'><strong>episcopi</strong></span> <span class='ocrx_word' id='word_1_515' title='bbox 889 4352 1263 4424; x_wconf 87' lang='lat' dir='ltr'><strong>presbyterum</strong></span> <span class='ocrx_word' id='word_1_516' title='bbox 1330 4353 1733 4425; x_wconf 85' lang='lat' dir='ltr'><strong>sequeremur?</strong></span> <span class='ocrx_word' id='word_1_517' title='bbox 1798 4367 1976 4423; x_wconf 88' lang='lat' dir='ltr'><strong>neque</strong></span> 
     </span>
    </p>
   </div>
   <div class='ocr_carea' id='block_1_74' title="bbox 2073 3157 3664 3241">
    <p class='ocr_par' dir='ltr' id='par_1_74' title="bbox 2073 3157 3664 3241">
     <span class='ocr_line' id='line_1_74' title="bbox 2073 3157 3664 3241; baseline 0.008 -30"><span class='ocrx_word' id='word_1_518' title='bbox 2073 3175 2261 3228; x_wconf 89' lang='grc' dir='ltr'>γουσιν</span> <span class='ocrx_word' id='word_1_519' title='bbox 2321 3159 2504 3223; x_wconf 82' lang='grc' dir='ltr'>αὐτοῖς</span> <span class='ocrx_word' id='word_1_520' title='bbox 2546 3157 2962 3224; x_wconf 76' lang='grc' dir='ltr'>ἐπεϐούλευσαν,</span> <span class='ocrx_word' id='word_1_521' title='bbox 3018 3161 3161 3234; x_wconf 80' lang='grc' dir='ltr'>ὑπὲρ</span> <span class='ocrx_word' id='word_1_522' title='bbox 3212 3163 3307 3217; x_wconf 81' lang='grc' dir='ltr'>τοῦ</span> <span class='ocrx_word' id='word_1_523' title='bbox 3370 3167 3498 3230; x_wconf 80' lang='grc' dir='ltr'>τοὺς</span> <span class='ocrx_word' id='word_1_524' title='bbox 3529 3170 3664 3241; x_wconf 73' lang='grc' dir='ltr'>περὶ</span> 
     </span>
    </p>
   </div>
   <div class='ocr_carea' id='block_1_75' title="bbox 2077 3244 3667 3332">
    <p class='ocr_par' dir='ltr' id='par_1_75' title="bbox 2077 3244 3667 3332">
     <span class='ocr_line' id='line_1_75' title="bbox 2077 3244 3667 3332; baseline 0.008 -33"><span class='ocrx_word' id='word_1_525' title='bbox 2077 3247 2294 3319; x_wconf 73' lang='grc' dir='ltr'>Ἄρειον</span> <span class='ocrx_word' id='word_1_526' title='bbox 2322 3244 2595 3311; x_wconf 80' lang='grc' dir='ltr'>δέξασθαι,</span> <span class='ocrx_word' id='word_1_527' title='bbox 2626 3247 2723 3302; x_wconf 77' lang='grc' dir='ltr'>καὶ</span> <span class='ocrx_word' id='word_1_528' title='bbox 2772 3248 3111 3321; x_wconf 60' lang='grc' dir='ltr'>τὴνναῖρεσιν</span> <span class='ocrx_word' id='word_1_529' title='bbox 3148 3253 3228 3317; x_wconf 85' lang='grc' dir='ltr'><strong>εἰς</strong></span> <span class='ocrx_word' id='word_1_530' title='bbox 3279 3254 3377 3326; x_wconf 83' lang='grc' dir='ltr'>τὴν</span> <span class='ocrx_word' id='word_1_531' title='bbox 3436 3257 3667 3332; x_wconf 82' lang='grc' dir='ltr'>Ἐκκλη-</span> 
     </span>
    </p>
   </div>
   <div class='ocr_carea' id='block_1_76' title="bbox 2076 3338 3663 3423">
    <p class='ocr_par' dir='ltr' id='par_1_76' title="bbox 2076 3338 3663 3423">
     <span class='ocr_line' id='line_1_76' title="bbox 2076 3338 3663 3423; baseline 0.009 -32"><span class='ocrx_word' id='word_1_532' title='bbox 2076 3338 2195 3393; x_wconf 87' lang='grc' dir='ltr'>σίαν</span> <span class='ocrx_word' id='word_1_533' title='bbox 2219 3341 2551 3409; x_wconf 79' lang='grc' dir='ltr'>εἰσαγαγεῖν·</span> <span class='ocrx_word' id='word_1_534' title='bbox 2576 3340 2669 3393; x_wconf 82' lang='grc' dir='ltr'>καὶ</span> <span class='ocrx_word' id='word_1_535' title='bbox 2724 3340 2774 3394; x_wconf 85' lang='grc' dir='ltr'><strong>εἰ</strong></span> <span class='ocrx_word' id='word_1_536' title='bbox 2812 3343 2905 3396; x_wconf 73' lang='grc' dir='ltr'><strong>καὶ</strong></span> <span class='ocrx_word' id='word_1_537' title='bbox 2938 3344 3116 3398; x_wconf 82' lang='grc' dir='ltr'>πᾶσαν</span> <span class='ocrx_word' id='word_1_538' title='bbox 3157 3344 3269 3419; x_wconf 85' lang='grc'>(65)</span> <span class='ocrx_word' id='word_1_539' title='bbox 3298 3348 3396 3420; x_wconf 81' lang='grc' dir='ltr'>τὴν</span> <span class='ocrx_word' id='word_1_540' title='bbox 3447 3350 3663 3423; x_wconf 83' lang='grc' dir='ltr'>’Λρείου</span> 
     </span>
    </p>
   </div>
   <div class='ocr_carea' id='block_1_77' title="bbox 2075 3435 3664 3513">
    <p class='ocr_par' dir='ltr' id='par_1_77' title="bbox 2075 3435 3664 3513">
     <span class='ocr_line' id='line_1_77' title="bbox 2075 3435 3664 3513; baseline 0.009 -25"><span class='ocrx_word' id='word_1_541' title='bbox 2075 3435 2495 3512; x_wconf 73' lang='grc' dir='ltr'>κακοφροσύνην</span> <span class='ocrx_word' id='word_1_542' title='bbox 2533 3437 2805 3510; x_wconf 83' lang='grc' dir='ltr'>ἐπῄνεσαν</span> <span class='ocrx_word' id='word_1_543' title='bbox 2827 3439 2884 3492; x_wconf 87' lang='grc' dir='ltr'><strong>ἐν</strong></span> <span class='ocrx_word' id='word_1_544' title='bbox 2909 3439 3100 3513; x_wconf 84' lang='grc' dir='ltr'>ταύτῃ,</span> <span class='ocrx_word' id='word_1_545' title='bbox 3133 3442 3229 3496; x_wconf 73' lang='grc' dir='ltr'><strong>καὶ</strong></span> <span class='ocrx_word' id='word_1_546' title='bbox 3258 3444 3340 3506; x_wconf 85' lang='grc' dir='ltr'><strong>εἰς</strong></span> <span class='ocrx_word' id='word_1_547' title='bbox 3368 3448 3664 3502; x_wconf 81' lang='grc' dir='ltr'>κοινωνίαν</span> 
     </span>
    </p>
   </div>
   <div class='ocr_carea' id='block_1_78' title="bbox 2076 3526 3666 3608">
    <p class='ocr_par' dir='ltr' id='par_1_78' title="bbox 2076 3526 3666 3608">
     <span class='ocr_line' id='line_1_78' title="bbox 2076 3526 3666 3608; baseline 0.009 -29"><span class='ocrx_word' id='word_1_548' title='bbox 2076 3526 2414 3599; x_wconf 78' lang='grc' dir='ltr'>προσέταξαν</span> <span class='ocrx_word' id='word_1_549' title='bbox 2444 3529 2639 3593; x_wconf 79' lang='grc' dir='ltr'>αὐτοὺς</span> <span class='ocrx_word' id='word_1_550' title='bbox 2685 3529 2961 3601; x_wconf 83' lang='grc' dir='ltr'>δεχθῆναι,</span> <span class='ocrx_word' id='word_1_551' title='bbox 2996 3531 3151 3586; x_wconf 76' lang='grc' dir='ltr'>αὐτοὶ</span> <span class='ocrx_word' id='word_1_552' title='bbox 3178 3534 3448 3608; x_wconf 81' lang='grc' dir='ltr'>πρότερον</span> <span class='ocrx_word' id='word_1_553' title='bbox 3497 3537 3666 3593; x_wconf 81' lang='grc' dir='ltr'>τοῦτο</span> 
     </span>
    </p>
   </div>
   <div class='ocr_carea' id='block_1_79' title="bbox 2076 3620 3666 3703">
    <p class='ocr_par' dir='ltr' id='par_1_79' title="bbox 2076 3620 3666 3703">
     <span class='ocr_line' id='line_1_79' title="bbox 2076 3620 3666 3703; baseline 0.006 -31"><span class='ocrx_word' id='word_1_554' title='bbox 2076 3620 2423 3691; x_wconf 62' lang='grc' dir='ltr'>ποιήσαντες</span> <span class='ocrx_word' id='word_1_555' title='bbox 2449 3622 2597 3689; x_wconf 82' lang='grc' dir='ltr'>ὅμως</span> <span class='ocrx_word' id='word_1_556' title='bbox 2625 3622 2916 3694; x_wconf 80' lang='grc' dir='ltr'>ἡγούμενοι</span> <span class='ocrx_word' id='word_1_557' title='bbox 2937 3622 3147 3703; x_wconf 85' lang='grc' dir='ltr'>λείπειν</span> <span class='ocrx_word' id='word_1_558' title='bbox 3179 3626 3363 3691; x_wconf 85' lang='grc' dir='ltr'>αὐτοῖς</span> <span class='ocrx_word' id='word_1_559' title='bbox 3391 3625 3494 3694; x_wconf 78' lang='grc' dir='ltr'>ἔτι,</span> <span class='ocrx_word' id='word_1_560' title='bbox 3519 3631 3666 3701; x_wconf 84' lang='grc' dir='ltr'>πρὸς</span> 
     </span>
    </p>
   </div>
   <div class='ocr_carea' id='block_1_80' title="bbox 2075 3710 3664 3789">
    <p class='ocr_par' dir='ltr' id='par_1_80' title="bbox 2075 3710 3664 3789">
     <span class='ocr_line' id='line_1_80' title="bbox 2075 3710 3664 3789; baseline 0.008 -25"><span class='ocrx_word' id='word_1_561' title='bbox 2075 3711 2104 3764; x_wconf 83' lang='grc' dir='ltr'><em>ὃ</em></span> <span class='ocrx_word' id='word_1_562' title='bbox 2153 3710 2464 3782; x_wconf 86' lang='grc' dir='ltr'>βούλονται,</span> <span class='ocrx_word' id='word_1_563' title='bbox 2518 3714 2905 3787; x_wconf 84' lang='grc' dir='ltr'>συγκροτοῢσιν</span> <span class='ocrx_word' id='word_1_564' title='bbox 2958 3716 3016 3771; x_wconf 79' lang='grc' dir='ltr'>ἓν</span> <span class='ocrx_word' id='word_1_565' title='bbox 3084 3716 3384 3789; x_wconf 75' lang='grc' dir='ltr'>Ἀντιοχείᾳ</span> <span class='ocrx_word' id='word_1_566' title='bbox 3438 3719 3664 3776; x_wconf 82' lang='grc' dir='ltr'>σύνοδον</span> 
     </span>
    </p>
   </div>
   <div class='ocr_carea' id='block_1_81' title="bbox 2078 3802 3666 3883">
    <p class='ocr_par' dir='ltr' id='par_1_81' title="bbox 2078 3802 3666 3883">
     <span class='ocr_line' id='line_1_81' title="bbox 2078 3802 3666 3883; baseline 0.009 -28"><span class='ocrx_word' id='word_1_567' title='bbox 2078 3803 2346 3872; x_wconf 73' lang='grc' dir='ltr'>προφάσει</span> <span class='ocrx_word' id='word_1_568' title='bbox 2373 3802 2482 3857; x_wconf 84' lang='grc' dir='ltr'><strong>τῶν</strong></span> <span class='ocrx_word' id='word_1_569' title='bbox 2522 3804 2828 3876; x_wconf 88' lang='grc' dir='ltr'>λεγομένων</span> <span class='ocrx_word' id='word_1_570' title='bbox 2860 3806 3197 3876; x_wconf 86' lang='grc' dir='ltr'>Ἐγκαινίων·</span> <span class='ocrx_word' id='word_1_571' title='bbox 3230 3811 3324 3864; x_wconf 79' lang='grc' dir='ltr'><strong>καί</strong></span> <span class='ocrx_word' id='word_1_572' title='bbox 3353 3811 3541 3883; x_wconf 82' lang='grc' dir='ltr'>ἐπειδὴ</span> <span class='ocrx_word' id='word_1_573' title='bbox 3570 3814 3666 3869; x_wconf 73' lang='grc' dir='ltr'>ἀεὶ</span> 
     </span>
    </p>
   </div>
   <div class='ocr_carea' id='block_1_82' title="bbox 2077 3894 3666 3978">
    <p class='ocr_par' dir='ltr' id='par_1_82' title="bbox 2077 3894 3666 3978">
     <span class='ocr_line' id='line_1_82' title="bbox 2077 3894 3666 3978; baseline 0.008 -31"><span class='ocrx_word' id='word_1_574' title='bbox 2077 3894 2182 3948; x_wconf 81' lang='grc' dir='ltr'>ὑπὸ</span> <span class='ocrx_word' id='word_1_575' title='bbox 2204 3896 2426 3950; x_wconf 85' lang='grc' dir='ltr'>πάντων</span> <span class='ocrx_word' id='word_1_576' title='bbox 2467 3895 2867 3970; x_wconf 79' lang='grc' dir='ltr'>κατηγοροῦντο</span> <span class='ocrx_word' id='word_1_577' title='bbox 2904 3900 3033 3972; x_wconf 77' lang='grc' dir='ltr'>περὶ</span> <span class='ocrx_word' id='word_1_578' title='bbox 3079 3901 3179 3973; x_wconf 84' lang='grc' dir='ltr'>τῆς</span> <span class='ocrx_word' id='word_1_579' title='bbox 3213 3902 3497 3973; x_wconf 83' lang='grc' dir='ltr'>αἱρέσεως,</span> <span class='ocrx_word' id='word_1_580' title='bbox 3526 3906 3666 3978; x_wconf 84' lang='grc' dir='ltr'>γρά-</span> 
     </span>
    </p>
   </div>
   <div class='ocr_carea' id='block_1_83' title="bbox 2077 3986 3666 4060">
    <p class='ocr_par' dir='ltr' id='par_1_83' title="bbox 2077 3986 3666 4060">
     <span class='ocr_line' id='line_1_83' title="bbox 2077 3986 3666 4060; baseline 0.009 -21"><span class='ocrx_word' id='word_1_581' title='bbox 2077 4004 2236 4056; x_wconf 81' lang='grc' dir='ltr'>φουσι</span> <span class='ocrx_word' id='word_1_582' title='bbox 2260 3986 2550 4058; x_wconf 85' lang='grc' dir='ltr'>διαφόρως,</span> <span class='ocrx_word' id='word_1_583' title='bbox 2594 3988 2663 4044; x_wconf 82' lang='grc' dir='ltr'>τὰ</span> <span class='ocrx_word' id='word_1_584' title='bbox 2710 3989 2810 4060; x_wconf 86' lang='grc' dir='ltr'>μὲν</span> <span class='ocrx_word' id='word_1_585' title='bbox 2837 3988 3030 4054; x_wconf 74' lang='grc' dir='ltr'>οὕτως,</span> <span class='ocrx_word' id='word_1_586' title='bbox 3061 3990 3130 4046; x_wconf 82' lang='grc' dir='ltr'><strong>τά</strong></span> <span class='ocrx_word' id='word_1_587' title='bbox 3160 3991 3218 4045; x_wconf 88' lang='grc' dir='ltr'>δὲ</span> <span class='ocrx_word' id='word_1_588' title='bbox 3250 3994 3492 4059; x_wconf 82' lang='grc' dir='ltr'>ἐκείνως.</span> <span class='ocrx_word' id='word_1_589' title='bbox 3546 3998 3666 4055; x_wconf 74' lang='grc' dir='ltr'><strong>Καὶ</strong></span> 
     </span>
    </p>
   </div>
   <div class='ocr_carea' id='block_1_84' title="bbox 2077 4080 3664 4158">
    <p class='ocr_par' dir='ltr' id='par_1_84' title="bbox 2077 4080 3664 4158">
     <span class='ocr_line' id='line_1_84' title="bbox 2077 4080 3664 4158; baseline 0.009 -27"><span class='ocrx_word' id='word_1_590' title='bbox 2077 4080 2146 4133; x_wconf 78' lang='grc' dir='ltr'>τὰ</span> <span class='ocrx_word' id='word_1_591' title='bbox 2173 4080 2270 4150; x_wconf 83' lang='grc' dir='ltr'><strong>μὲν</strong></span> <span class='ocrx_word' id='word_1_592' title='bbox 2320 4080 2380 4135; x_wconf 83' lang='grc' dir='ltr'><strong>ἐν</strong></span> <span class='ocrx_word' id='word_1_593' title='bbox 2410 4083 2511 4153; x_wconf 80' lang='grc' dir='ltr'>μιᾷ</span> <span class='ocrx_word' id='word_1_594' title='bbox 2535 4081 2789 4155; x_wconf 79' lang='grc' dir='ltr'>ἐπιστολῇ</span> <span class='ocrx_word' id='word_1_595' title='bbox 2838 4085 3118 4156; x_wconf 79' lang='grc' dir='ltr'>γραφέντα</span> <span class='ocrx_word' id='word_1_596' title='bbox 3164 4089 3294 4158; x_wconf 83' lang='grc' dir='ltr'>παρ’</span> <span class='ocrx_word' id='word_1_597' title='bbox 3322 4088 3505 4144; x_wconf 80' lang='grc' dir='ltr'>αὐτῶν</span> <span class='ocrx_word' id='word_1_598' title='bbox 3540 4092 3664 4147; x_wconf 85' lang='grc' dir='ltr'>ἐστι</span> 
     </span>
    </p>
   </div>
   <div class='ocr_carea' id='block_1_85' title="bbox 2076 4188 2281 4226">
    <p class='ocr_par' dir='ltr' id='par_1_85' title="bbox 2076 4188 2281 4226">
     <span class='ocr_line' id='line_1_85' title="bbox 2076 4188 2281 4226; baseline 0 -1"><span class='ocrx_word' id='word_1_599' title='bbox 2076 4188 2249 4226; x_wconf 86' lang='grc' dir='ltr'>ταυτα</span> <span class='ocrx_word' id='word_1_600' title='bbox 2267 4190 2281 4203; x_wconf 81' lang='grc'><strong><em>⁵</em></strong></span> 
     </span>
    </p>
   </div>
   <div class='ocr_carea' id='block_1_86' title="bbox 2151 4264 3667 4346">
    <p class='ocr_par' dir='ltr' id='par_1_86' title="bbox 2151 4264 3667 4346">
     <span class='ocr_line' id='line_1_86' title="bbox 2151 4264 3667 4346; baseline 0.01 -28"><span class='ocrx_word' id='word_1_601' title='bbox 2151 4264 2260 4336; x_wconf 88' lang='grc'>(66)</span> <span class='ocrx_word' id='word_1_602' title='bbox 2283 4283 2303 4317; x_wconf 76' lang='grc' dir='ltr'><strong>ι</strong></span> <span class='ocrx_word' id='word_1_603' title='bbox 2337 4264 2527 4337; x_wconf 82' lang='grc' dir='ltr'>Ἡμεῖς</span> <span class='ocrx_word' id='word_1_604' title='bbox 2564 4265 2674 4338; x_wconf 85' lang='grc'>(67)</span> <span class='ocrx_word' id='word_1_605' title='bbox 2708 4266 2831 4322; x_wconf 75' lang='grc' dir='ltr'>οὔτε</span> <span class='ocrx_word' id='word_1_606' title='bbox 2862 4269 3144 4327; x_wconf 85' lang='grc' dir='ltr'>ἀκόλουθοι</span> <span class='ocrx_word' id='word_1_607' title='bbox 3184 4273 3393 4345; x_wconf 84' lang='grc' dir='ltr'>Ἀρείου</span> <span class='ocrx_word' id='word_1_608' title='bbox 3437 4275 3667 4346; x_wconf 79' lang='grc' dir='ltr'>γεγόνα-</span> 
     </span>
    </p>
   </div>
   <div class='ocr_carea' id='block_1_87' title="bbox 2081 4356 3664 4440">
    <p class='ocr_par' dir='ltr' id='par_1_87' title="bbox 2081 4356 3664 4440">
     <span class='ocr_line' id='line_1_87' title="bbox 2081 4356 3664 4440; baseline 0.009 -32"><span class='ocrx_word' id='word_1_609' title='bbox 2081 4373 2199 4427; x_wconf 78' lang='grc' dir='ltr'>μενο</span> <span class='ocrx_word' id='word_1_610' title='bbox 2226 4356 2343 4422; x_wconf 87' lang='grc' dir='ltr'><strong>πῶς</strong></span> <span class='ocrx_word' id='word_1_611' title='bbox 2363 4357 2470 4430; x_wconf 80' lang='grc' dir='ltr'>γὰρ</span> <span class='ocrx_word' id='word_1_612' title='bbox 2498 4358 2781 4415; x_wconf 88' lang='grc' dir='ltr'>ἐπίσκοποι</span> <span class='ocrx_word' id='word_1_613' title='bbox 2810 4360 2962 4426; x_wconf 76' lang='grc' dir='ltr'>ὄντες</span> <span class='ocrx_word' id='word_1_614' title='bbox 2988 4362 3385 4436; x_wconf 73' lang='grc' dir='ltr'>ἀκολουθοῦμέν</span> <span class='ocrx_word' id='word_1_615' title='bbox 3414 4369 3664 4440; x_wconf 79' lang='grc' dir='ltr'>πρεσϐυ-</span> 
     </span>
    </p>
   </div>
   <div class='ocr_carea' id='block_1_88' title="bbox 395 4443 1963 4533">
    <p class='ocr_par' dir='ltr' id='par_1_88' title="bbox 395 4443 1963 4515">
     <span class='ocr_line' id='line_1_88' title="bbox 395 4443 1963 4515; baseline 0.001 -17"><span class='ocrx_word' id='word_1_616' title='bbox 395 4444 559 4499; x_wconf 89' lang='lat' dir='ltr'><strong>aliam</strong></span> <span class='ocrx_word' id='word_1_617' title='bbox 587 4443 776 4510; x_wconf 82' lang='lat' dir='ltr'><strong>ﬁdem,</strong></span> <span class='ocrx_word' id='word_1_618' title='bbox 806 4452 1001 4514; x_wconf 67' lang='lat' dir='ltr'><strong>praeter</strong></span> <span class='ocrx_word' id='word_1_619' title='bbox 1031 4459 1153 4499; x_wconf 89' lang='lat' dir='ltr'><strong>eam</strong></span> <span class='ocrx_word' id='word_1_620' title='bbox 1185 4460 1309 4515; x_wconf 73' lang='lat' dir='ltr'><strong>qua:</strong></span> <span class='ocrx_word' id='word_1_621' title='bbox 1336 4446 1407 4500; x_wconf 90' lang='lat' dir='ltr'><strong>ab</strong></span> <span class='ocrx_word' id='word_1_622' title='bbox 1438 4445 1596 4500; x_wconf 91' lang='lat' dir='ltr'><strong>initio</strong></span> <span class='ocrx_word' id='word_1_623' title='bbox 1623 4444 1823 4500; x_wconf 88' lang='lat' dir='ltr'><strong>tradita</strong></span> <span class='ocrx_word' id='word_1_624' title='bbox 1867 4451 1963 4510; x_wconf 88' lang='lat' dir='ltr'><strong>est,</strong></span> 
     </span>
    </p>
   </div>
   <div class='ocr_carea' id='block_1_89' title="bbox 2086 4443 3663 4533">
    <p class='ocr_par' dir='ltr' id='par_1_89' title="bbox 2086 4448 3663 4533">
     <span class='ocr_line' id='line_1_89' title="bbox 2086 4448 3663 4533; baseline 0.002 -30"><span class='ocrx_word' id='word_1_625' title='bbox 2086 4450 2253 4522; x_wconf 84' lang='grc' dir='ltr'>τέρῳ;</span> <span class='ocrx_word' id='word_1_626' title='bbox 2279 4448 2401 4504; x_wconf 72' lang='grc' dir='ltr'>οὔτε</span> <span class='ocrx_word' id='word_1_627' title='bbox 2429 4449 2595 4523; x_wconf 79' lang='grc' dir='ltr'>ἄλλην</span> <span class='ocrx_word' id='word_1_628' title='bbox 2627 4452 2749 4506; x_wconf 83' lang='grc' dir='ltr'>τινὰ</span> <span class='ocrx_word' id='word_1_629' title='bbox 2803 4453 2986 4508; x_wconf 86' lang='grc' dir='ltr'>πίστιν</span> <span class='ocrx_word' id='word_1_630' title='bbox 3037 4455 3190 4528; x_wconf 84' lang='grc' dir='ltr'>παρὰ</span> <span class='ocrx_word' id='word_1_631' title='bbox 3240 4458 3338 4529; x_wconf 82' lang='grc' dir='ltr'><strong>τὴν</strong></span> <span class='ocrx_word' id='word_1_632' title='bbox 3386 4458 3446 4526; x_wconf 77' lang='grc' dir='ltr'>ἐξ</span> <span class='ocrx_word' id='word_1_633' title='bbox 3476 4461 3663 4533; x_wconf 77' lang='grc' dir='ltr'>ἀρχῆς</span> 
     </span>
    </p>
   </div>
   <div class='ocr_carea' id='block_1_90' title="bbox 396 4533 1972 4607">
    <p class='ocr_par' dir='ltr' id='par_1_90' title="bbox 396 4533 1972 4607">
     <span class='ocr_line' id='line_1_90' title="bbox 396 4533 1972 4607; baseline 0.001 -17"><span class='ocrx_word' id='word_1_634' title='bbox 396 4535 722 4606; x_wconf 82' lang='lat' dir='ltr'><strong>recepimus.</strong></span> <span class='ocrx_word' id='word_1_635' title='bbox 746 4533 1007 4601; x_wconf 84' lang='lat' dir='ltr'><strong>Quinimo</strong></span> <span class='ocrx_word' id='word_1_636' title='bbox 1027 4550 1129 4591; x_wconf 92' lang='lat' dir='ltr'><strong>nos</strong></span> <span class='ocrx_word' id='word_1_637' title='bbox 1150 4536 1271 4606; x_wconf 83' lang='lat' dir='ltr'><strong>ejus</strong></span> <span class='ocrx_word' id='word_1_638' title='bbox 1292 4536 1396 4591; x_wconf 84' lang='lat' dir='ltr'><strong>ﬁde</strong></span> <span class='ocrx_word' id='word_1_639' title='bbox 1421 4536 1754 4602; x_wconf 80' lang='lat' dir='ltr'><strong>examinata,</strong></span> <span class='ocrx_word' id='word_1_640' title='bbox 1783 4536 1972 4607; x_wconf 82' lang='lat' dir='ltr'><strong>explo-</strong></span> 
     </span>
    </p>
   </div>
   <div class='ocr_carea' id='block_1_91' title="bbox 395 4627 1971 4699">
    <p class='ocr_par' dir='ltr' id='par_1_91' title="bbox 395 4627 1971 4699">
     <span class='ocr_line' id='line_1_91' title="bbox 395 4627 1971 4699; baseline 0 -17"><span class='ocrx_word' id='word_1_641' title='bbox 395 4638 646 4699; x_wconf 87' lang='lat' dir='ltr'><strong>rataque,</strong></span> <span class='ocrx_word' id='word_1_642' title='bbox 662 4643 787 4684; x_wconf 90' lang='lat' dir='ltr'><strong>eum</strong></span> <span class='ocrx_word' id='word_1_643' title='bbox 804 4628 988 4698; x_wconf 90' lang='lat' dir='ltr'><strong>potius</strong></span> <span class='ocrx_word' id='word_1_644' title='bbox 1003 4627 1345 4694; x_wconf 88' lang='lat' dir='ltr'><strong>admisimus,</strong></span> <span class='ocrx_word' id='word_1_645' title='bbox 1367 4644 1531 4699; x_wconf 90' lang='lat' dir='ltr'><strong>quam</strong></span> <span class='ocrx_word' id='word_1_646' title='bbox 1554 4629 1728 4684; x_wconf 88' lang='lat' dir='ltr'><strong>secuti</strong></span> <span class='ocrx_word' id='word_1_647' title='bbox 1746 4643 1971 4683; x_wconf 87' lang='lat' dir='ltr'><strong>sumus:</strong></span> 
     </span>
    </p>
   </div>
   <div class='ocr_carea' id='block_1_92' title="bbox 469 4806 1976 4879">
    <p class='ocr_par' dir='ltr' id='par_1_92' title="bbox 469 4806 1976 4879">
     <span class='ocr_line' id='line_1_92' title="bbox 469 4806 1976 4879; baseline -0.001 -15"><span class='ocrx_word' id='word_1_648' title='bbox 469 4809 582 4879; x_wconf 83' lang='lat'><strong>(58)</strong></span> <span class='ocrx_word' id='word_1_649' title='bbox 615 4807 738 4862; x_wconf 79' lang='grc' dir='ltr'><strong>Τῶν</strong></span> <span class='ocrx_word' id='word_1_650' title='bbox 750 4806 986 4876; x_wconf 81' lang='grc' dir='ltr'><strong>ἀνδρῶν</strong></span> <span class='ocrx_word' id='word_1_651' title='bbox 999 4808 1369 4876; x_wconf 78' lang='grc' dir='ltr'>όρθοδοξίαν.</span> <span class='ocrx_word' id='word_1_652' title='bbox 1390 4808 1444 4864; x_wconf 91' lang='lat' dir='ltr'><strong>In</strong></span> <span class='ocrx_word' id='word_1_653' title='bbox 1465 4810 1578 4866; x_wconf 68' lang='lat' dir='ltr'><strong>haec</strong></span> <span class='ocrx_word' id='word_1_654' title='bbox 1601 4811 1761 4865; x_wconf 88' lang='lat' dir='ltr'><strong>verba</strong></span> <span class='ocrx_word' id='word_1_655' title='bbox 1777 4809 1976 4865; x_wconf 86' lang='lat' dir='ltr'><strong>desinit</strong></span> 
     </span>
    </p>
   </div>
   <div class='ocr_carea' id='block_1_93' title="bbox 396 4879 1974 5002">
    <p class='ocr_par' dir='ltr' id='par_1_93' title="bbox 396 4879 1974 5002">
     <span class='ocr_line' id='line_1_93' title="bbox 396 4879 1974 5002; baseline 0.001 -69"><span class='ocrx_word' id='word_1_656' title='bbox 396 4880 731 5002; x_wconf 45' lang='lat' dir='ltr'><strong>Attiwlttasius</strong></span> <span class='ocrx_word' id='word_1_657' title='bbox 771 4894 940 4949; x_wconf 88' lang='lat' dir='ltr'><strong>supra</strong></span> <span class='ocrx_word' id='word_1_658' title='bbox 986 4893 1110 4950; x_wconf 70' lang='lat' dir='ltr'><strong>pag.</strong></span> <span class='ocrx_word' id='word_1_659' title='bbox 1152 4879 1291 4944; x_wconf 82' lang='grc'><strong>157,</strong></span> <span class='ocrx_word' id='word_1_660' title='bbox 1341 4880 1430 4936; x_wconf 86' lang='lat' dir='ltr'><strong>ubi</strong></span> <span class='ocrx_word' id='word_1_661' title='bbox 1479 4897 1587 4936; x_wconf 92' lang='lat' dir='ltr'><strong>non</strong></span> <span class='ocrx_word' id='word_1_662' title='bbox 1624 4891 1710 4937; x_wconf 88' lang='lat' dir='ltr'><strong>est</strong></span> <span class='ocrx_word' id='word_1_663' title='bbox 1759 4881 1974 4951; x_wconf 79' lang='lat' dir='ltr'><strong>integra</strong></span> 
     </span>
     <span class='ocr_line' id='line_1_94' title="bbox 396 4965 647 5002; baseline 0 0"><span class='ocrx_word' id='word_1_664' title='bbox 396 4965 514 5002; x_wconf 78' lang='lat' dir='ltr'><strong>eois</strong></span> <span class='ocrx_word' id='word_1_665' title='bbox 633 4989 647 5002; x_wconf 95' lang='lat'><strong>.</strong></span> 
     </span>
    </p>
   </div>
   <div class='ocr_carea' id='block_1_94' title="bbox 396 4959 647 5005">
    <p class='ocr_par' dir='ltr' id='par_1_94' title="bbox 396 4959 647 5005">
     <span class='ocr_line' id='line_1_95' title="bbox 396 4959 647 5005; baseline -0.016 0"><span class='ocrx_word' id='word_1_666' title='bbox 396 4959 647 5005; x_wconf 79' lang='lat' dir='ltr'><strong>epistola.</strong></span> 
     </span>
    </p>
   </div>
   <div class='ocr_carea' id='block_1_95' title="bbox 431 4966 1937 5090">
    <p class='ocr_par' dir='ltr' id='par_1_95' title="bbox 431 4966 1937 5090">
     <span class='ocr_line' id='line_1_96' title="bbox 431 4966 1937 5090; baseline 0.001 -17"><span class='ocrx_word' id='word_1_667' title='bbox 431 4966 730 5090; x_wconf 47' lang='lat' dir='ltr'><strong>92553))l31c.</strong></span> <span class='ocrx_word' id='word_1_668' title='bbox 758 5017 888 5086; x_wconf 70' lang='lat' dir='ltr'><strong>Reg.</strong></span> <span class='ocrx_word' id='word_1_669' title='bbox 917 5025 973 5073; x_wconf 91' lang='lat' dir='ltr'><strong>et</strong></span> <span class='ocrx_word' id='word_1_670' title='bbox 1002 5017 1167 5090; x_wconf 88' lang='lat' dir='ltr'><strong>Basil.</strong></span> <span class='ocrx_word' id='word_1_671' title='bbox 1199 5018 1343 5074; x_wconf 89' lang='lat' dir='ltr'><strong>Editi</strong></span> <span class='ocrx_word' id='word_1_672' title='bbox 1369 5036 1499 5090; x_wconf 86' lang='lat' dir='ltr'><strong>vero</strong></span> <span class='ocrx_word' id='word_1_673' title='bbox 1526 5019 1625 5090; x_wconf 81' lang='grc' dir='ltr'>τῆς</span> <span class='ocrx_word' id='word_1_674' title='bbox 1656 5018 1937 5090; x_wconf 84' lang='grc' dir='ltr'>ἰσοτύπης.</span> 
     </span>
    </p>
   </div>
   <div class='ocr_carea' id='block_1_96' title="bbox 469 5088 1973 5210">
    <p class='ocr_par' dir='ltr' id='par_1_96' title="bbox 469 5088 1973 5210">
     <span class='ocr_line' id='line_1_97' title="bbox 469 5088 1973 5210; baseline 0 -66"><span class='ocrx_word' id='word_1_675' title='bbox 469 5088 578 5171; x_wconf 60' lang='grc' dir='ltr'>(ϐυ)</span> <span class='ocrx_word' id='word_1_676' title='bbox 608 5088 763 5173; x_wconf 47' lang='grc' dir='ltr'><strong>ΚΘΕ...</strong></span> <span class='ocrx_word' id='word_1_677' title='bbox 792 5091 888 5142; x_wconf 68' lang='grc' dir='ltr'><strong>καὶ</strong></span> <span class='ocrx_word' id='word_1_678' title='bbox 915 5090 1044 5210; x_wconf 54' lang='grc' dir='ltr'>ἰὲμῖν</span> <span class='ocrx_word' id='word_1_679' title='bbox 1068 5089 1164 5143; x_wconf 74' lang='grc' dir='ltr'>καὶ</span> <span class='ocrx_word' id='word_1_680' title='bbox 1193 5090 1394 5172; x_wconf 73' lang='grc' dir='ltr'>αὐτοῖς.</span> <span class='ocrx_word' id='word_1_681' title='bbox 1430 5089 1552 5145; x_wconf 76' lang='lat' dir='ltr'><strong>Mox</strong></span> <span class='ocrx_word' id='word_1_682' title='bbox 1584 5088 1787 5161; x_wconf 77' lang='lat' dir='ltr'><strong>Regius</strong></span> <span class='ocrx_word' id='word_1_683' title='bbox 1813 5088 1973 5159; x_wconf 81' lang='lat' dir='ltr'><strong>quem</strong></span> 
     </span>
     <span class='ocr_line' id='line_1_98' title="bbox 469 5159 1833 5210; baseline 0 0"><span class='ocrx_word' id='word_1_684' title='bbox 469 5175 678 5210; x_wconf 80' lang='lat' dir='ltr'><strong>nunnur</strong></span> <span class='ocrx_word' id='word_1_685' title='bbox 707 5159 924 5210; x_wconf 80' lang='grc' dir='ltr'>απολαυ.</span> <span class='ocrx_word' id='word_1_686' title='bbox 966 5176 1168 5210; x_wconf 90' lang='grc' dir='ltr'>ανουσι.</span> <span class='ocrx_word' id='word_1_687' title='bbox 1200 5159 1362 5210; x_wconf 80' lang='lat' dir='ltr'><strong>Editi.</strong></span> <span class='ocrx_word' id='word_1_688' title='bbox 1389 5160 1833 5210; x_wconf 74' lang='grc' dir='ltr'>ἀπολαμϐάνωσι.</span> 
     </span>
    </p>
   </div>
   <div class='ocr_carea' id='block_1_97' title="bbox 395 5159 1833 5233">
    <p class='ocr_par' dir='ltr' id='par_1_97' title="bbox 395 5159 1833 5233">
     <span class='ocr_line' id='line_1_99' title="bbox 395 5159 1833 5233; baseline -0.001 -16"><span class='ocrx_word' id='word_1_689' title='bbox 395 5159 678 5233; x_wconf 67' lang='lat' dir='ltr'><strong>sequimur</strong></span> <span class='ocrx_word' id='word_1_690' title='bbox 707 5159 1168 5233; x_wconf 62' lang='grc' dir='ltr'>ἁπολαμδάνουσι.</span> <span class='ocrx_word' id='word_1_691' title='bbox 1200 5159 1833 5233; x_wconf 76' lang='grc' dir='ltr'>Ειιὶιί,,ἀπολαμ6ἆνωσι.</span> 
     </span>
    </p>
   </div>
   <div class='ocr_carea' id='block_1_98' title="bbox 469 5227 1089 5301">
    <p class='ocr_par' dir='ltr' id='par_1_98' title="bbox 469 5227 1089 5301">
     <span class='ocr_line' id='line_1_100' title="bbox 469 5227 1089 5301; baseline 0 -17"><span class='ocrx_word' id='word_1_692' title='bbox 469 5227 582 5299; x_wconf 88' lang='lat'><strong>(6|)</strong></span> <span class='ocrx_word' id='word_1_693' title='bbox 614 5229 772 5301; x_wconf 69' lang='lat' dir='ltr'><strong>Beg.,</strong></span> <span class='ocrx_word' id='word_1_694' title='bbox 802 5227 1089 5301; x_wconf 85' lang='grc' dir='ltr'>διιστήκει.</span> 
     </span>
    </p>
   </div>
   <div class='ocr_carea' id='block_1_99' title="bbox 321 5298 1977 5372">
    <p class='ocr_par' dir='ltr' id='par_1_99' title="bbox 321 5298 1977 5372">
     <span class='ocr_line' id='line_1_101' title="bbox 321 5298 1977 5372; baseline -0.001 -17"><span class='ocrx_word' id='word_1_695' title='bbox 321 5364 327 5368; x_wconf 29' lang='grc' dir='ltr'>ν</span> <span class='ocrx_word' id='word_1_696' title='bbox 432 5370 443 5372; x_wconf 24' lang='grc' dir='ltr'><strong>Α</strong></span> <span class='ocrx_word' id='word_1_697' title='bbox 470 5301 581 5372; x_wconf 74' lang='grc'>(62)</span> <span class='ocrx_word' id='word_1_698' title='bbox 613 5298 744 5355; x_wconf 86' lang='lat' dir='ltr'><strong>Post</strong></span> <span class='ocrx_word' id='word_1_699' title='bbox 781 5302 896 5355; x_wconf 80' lang='lat' dir='ltr'><strong>haec</strong></span> <span class='ocrx_word' id='word_1_700' title='bbox 925 5298 979 5354; x_wconf 84' lang='lat' dir='ltr'><strong>in</strong></span> <span class='ocrx_word' id='word_1_701' title='bbox 1006 5301 1137 5372; x_wconf 79' lang='lat' dir='ltr'><strong>edit.</strong></span> <span class='ocrx_word' id='word_1_702' title='bbox 1175 5298 1351 5372; x_wconf 85' lang='lat' dir='ltr'><strong>Paris.</strong></span> <span class='ocrx_word' id='word_1_703' title='bbox 1379 5300 1624 5372; x_wconf 72' lang='lat' dir='ltr'><strong>sequitur</strong></span> <span class='ocrx_word' id='word_1_704' title='bbox 1644 5298 1816 5354; x_wconf 79' lang='grc' dir='ltr'>ταῦτα</span> <span class='ocrx_word' id='word_1_705' title='bbox 1848 5300 1977 5353; x_wconf 84' lang='grc' dir='ltr'>σύν-</span> 
     </span>
    </p>
   </div>
   <div class='ocr_carea' id='block_1_100' title="bbox 396 5368 1974 5441">
    <p class='ocr_par' dir='ltr' id='par_1_100' title="bbox 396 5368 1974 5441">
     <span class='ocr_line' id='line_1_102' title="bbox 396 5368 1974 5441; baseline 0.001 -17"><span class='ocrx_word' id='word_1_706' title='bbox 396 5368 716 5441; x_wconf 66' lang='grc' dir='ltr'>οδος,’(ιυω</span> <span class='ocrx_word' id='word_1_707' title='bbox 774 5373 935 5426; x_wconf 88' lang='lat' dir='ltr'><strong>verba</strong></span> <span class='ocrx_word' id='word_1_708' title='bbox 962 5368 1197 5441; x_wconf 71' lang='lat' dir='ltr'><strong>desunt</strong></span> <span class='ocrx_word' id='word_1_709' title='bbox 1236 5371 1290 5425; x_wconf 89' lang='lat' dir='ltr'><strong>in</strong></span> <span class='ocrx_word' id='word_1_710' title='bbox 1336 5368 1473 5426; x_wconf 62' lang='lat' dir='ltr'><strong>edit.</strong></span> <span class='ocrx_word' id='word_1_711' title='bbox 1518 5369 1780 5441; x_wconf 80' lang='lat' dir='ltr'><strong>Comtnel.</strong></span> <span class='ocrx_word' id='word_1_712' title='bbox 1828 5379 1883 5425; x_wconf 92' lang='lat' dir='ltr'><strong>et</strong></span> <span class='ocrx_word' id='word_1_713' title='bbox 1922 5373 1974 5425; x_wconf 90' lang='lat' dir='ltr'><strong>in</strong></span> 
     </span>
    </p>
   </div>
   <div class='ocr_carea' id='block_1_101' title="bbox 396 5439 1974 5564">
    <p class='ocr_par' dir='ltr' id='par_1_101' title="bbox 396 5439 1974 5564">
     <span class='ocr_line' id='line_1_103' title="bbox 396 5439 1974 5564; baseline 0 -70"><span class='ocrx_word' id='word_1_714' title='bbox 396 5439 653 5564; x_wconf 50' lang='lat' dir='ltr'><strong>amnibus</strong></span> <span class='ocrx_word' id='word_1_715' title='bbox 697 5440 1106 5512; x_wconf 81' lang='lat' dir='ltr'><strong>manuscriptis.</strong></span> <span class='ocrx_word' id='word_1_716' title='bbox 1149 5439 1274 5497; x_wconf 77' lang='lat' dir='ltr'><strong>Mox</strong></span> <span class='ocrx_word' id='word_1_717' title='bbox 1316 5443 1352 5513; x_wconf 85' lang='grc' dir='ltr'><strong>ή</strong></span> <span class='ocrx_word' id='word_1_718' title='bbox 1395 5449 1522 5496; x_wconf 85' lang='lat' dir='ltr'><strong>ante</strong></span> <span class='ocrx_word' id='word_1_719' title='bbox 1550 5442 1690 5513; x_wconf 82' lang='grc' dir='ltr'>ἀρχή</span> <span class='ocrx_word' id='word_1_720' title='bbox 1724 5440 1876 5497; x_wconf 86' lang='lat' dir='ltr'><strong>deest</strong></span> <span class='ocrx_word' id='word_1_721' title='bbox 1920 5441 1974 5496; x_wconf 90' lang='lat' dir='ltr'><strong>in</strong></span> 
     </span>
     <span class='ocr_line' id='line_1_104' title="bbox 479 5527 533 5564; baseline 0 0"><span class='ocrx_word' id='word_1_722' title='bbox 479 5527 533 5564; x_wconf 77' lang='grc' dir='ltr'><strong>ιτ.</strong></span> 
     </span>
    </p>
   </div>
   <div class='ocr_carea' id='block_1_102' title="bbox 446 5526 533 5566">
    <p class='ocr_par' dir='ltr' id='par_1_102' title="bbox 446 5526 533 5566">
     <span class='ocr_line' id='line_1_105' title="bbox 446 5526 533 5566; baseline 0 0"><span class='ocrx_word' id='word_1_723' title='bbox 446 5526 533 5566; x_wconf 75' lang='lat' dir='ltr'><strong>ea.</strong></span> 
     </span>
    </p>
   </div>
   <div class='ocr_carea' id='block_1_103' title="bbox 470 5527 1118 5653">
    <p class='ocr_par' dir='ltr' id='par_1_103' title="bbox 470 5527 1118 5653">
     <span class='ocr_line' id='line_1_106' title="bbox 470 5527 1118 5653; baseline -0.009 -11"><span class='ocrx_word' id='word_1_724' title='bbox 470 5527 583 5653; x_wconf 41' lang='grc' dir='ltr'>ὃὸ)</span> <span class='ocrx_word' id='word_1_725' title='bbox 607 5580 766 5653; x_wconf 73' lang='lat' dir='ltr'><strong>lleg..</strong></span> <span class='ocrx_word' id='word_1_726' title='bbox 800 5579 1118 5653; x_wconf 80' lang='grc' dir='ltr'>ἐξηλάσθαι.</span> 
     </span>
    </p>
   </div>
   <div class='ocr_carea' id='block_1_104' title="bbox 469 5651 1404 5724">
    <p class='ocr_par' dir='ltr' id='par_1_104' title="bbox 469 5651 1404 5724">
     <span class='ocr_line' id='line_1_107' title="bbox 469 5651 1404 5724; baseline 0.004 -20"><span class='ocrx_word' id='word_1_727' title='bbox 469 5651 579 5721; x_wconf 66' lang='grc'>(64)</span> <span class='ocrx_word' id='word_1_728' title='bbox 606 5651 679 5724; x_wconf 76' lang='lat' dir='ltr'><strong>Ita</strong></span> <span class='ocrx_word' id='word_1_729' title='bbox 708 5652 840 5722; x_wconf 71' lang='lat' dir='ltr'><strong>Reg.</strong></span> <span class='ocrx_word' id='word_1_730' title='bbox 869 5651 922 5705; x_wconf 88' lang='lat' dir='ltr'><strong>in</strong></span> <span class='ocrx_word' id='word_1_731' title='bbox 947 5652 1108 5724; x_wconf 86' lang='lat' dir='ltr'><strong>editis</strong></span> <span class='ocrx_word' id='word_1_732' title='bbox 1128 5652 1207 5724; x_wconf 82' lang='grc' dir='ltr'>τῷ</span> <span class='ocrx_word' id='word_1_733' title='bbox 1232 5651 1404 5708; x_wconf 81' lang='lat' dir='ltr'><strong>deest.</strong></span> 
     </span>
    </p>
   </div>
   <div class='ocr_carea' id='block_1_105' title="bbox 462 5722 1678 5789">
    <p class='ocr_par' dir='ltr' id='par_1_105' title="bbox 462 5722 1678 5789">
     <span class='ocr_line' id='line_1_108' title="bbox 462 5722 1678 5789; baseline -0.002 -9"><span class='ocrx_word' id='word_1_734' title='bbox 462 5724 584 5784; x_wconf 72' lang='grc'>165)</span> <span class='ocrx_word' id='word_1_735' title='bbox 619 5722 747 5788; x_wconf 72' lang='lat' dir='ltr'><strong>Reg.</strong></span> <span class='ocrx_word' id='word_1_736' title='bbox 781 5723 1019 5777; x_wconf 87' lang='lat' dir='ltr'><strong>secunda</strong></span> <span class='ocrx_word' id='word_1_737' title='bbox 1049 5722 1214 5779; x_wconf 85' lang='lat' dir='ltr'><strong>manu</strong></span> <span class='ocrx_word' id='word_1_738' title='bbox 1244 5724 1337 5778; x_wconf 74' lang='grc' dir='ltr'>καὶ</span> <span class='ocrx_word' id='word_1_739' title='bbox 1370 5726 1448 5788; x_wconf 86' lang='grc' dir='ltr'><strong>εἰς</strong></span> <span class='ocrx_word' id='word_1_740' title='bbox 1482 5723 1678 5789; x_wconf 80' lang='grc' dir='ltr'>πάσας.</span> 
     </span>
    </p>
   </div>
   <div class='ocr_carea' id='block_1_106' title="bbox 2077 4541 3661 4617">
    <p class='ocr_par' dir='ltr' id='par_1_106' title="bbox 2077 4541 3661 4617">
     <span class='ocr_line' id='line_1_109' title="bbox 2077 4541 3661 4617; baseline 0.008 -23"><span class='ocrx_word' id='word_1_741' title='bbox 2077 4542 2470 4614; x_wconf 88' lang='grc' dir='ltr'>παραδοθεῖσαν</span> <span class='ocrx_word' id='word_1_742' title='bbox 2501 4541 2610 4614; x_wconf 87' lang='grc'>(68)</span> <span class='ocrx_word' id='word_1_743' title='bbox 2642 4542 2959 4615; x_wconf 85' lang='grc' dir='ltr'>ἐδεξάμεθα.</span> <span class='ocrx_word' id='word_1_744' title='bbox 3004 4546 3161 4602; x_wconf 83' lang='grc' dir='ltr'>Ἀλλά</span> <span class='ocrx_word' id='word_1_745' title='bbox 3208 4549 3304 4603; x_wconf 75' lang='grc' dir='ltr'>καὶ</span> <span class='ocrx_word' id='word_1_746' title='bbox 3355 4551 3509 4605; x_wconf 83' lang='grc' dir='ltr'>αὐτοὶ</span> <span class='ocrx_word' id='word_1_747' title='bbox 3567 4553 3661 4617; x_wconf 83' lang='grc' dir='ltr'><strong>ἐξ-</strong></span> 
     </span>
    </p>
   </div>
   <div class='ocr_carea' id='block_1_107' title="bbox 2077 4633 3659 4713">
    <p class='ocr_par' dir='ltr' id='par_1_107' title="bbox 2077 4633 3659 4713">
     <span class='ocr_line' id='line_1_110' title="bbox 2077 4633 3659 4713; baseline 0.006 -26"><span class='ocrx_word' id='word_1_748' title='bbox 2077 4635 2299 4688; x_wconf 77' lang='grc' dir='ltr'>ετασταὶ</span> <span class='ocrx_word' id='word_1_749' title='bbox 2319 4635 2414 4689; x_wconf 75' lang='grc' dir='ltr'>καὶ</span> <span class='ocrx_word' id='word_1_750' title='bbox 2434 4633 2759 4705; x_wconf 78' lang='grc' dir='ltr'>δοκιμασταὶ</span> <span class='ocrx_word' id='word_1_751' title='bbox 2773 4636 2871 4706; x_wconf 86' lang='grc' dir='ltr'><strong>τῆς</strong></span> <span class='ocrx_word' id='word_1_752' title='bbox 2901 4636 3137 4702; x_wconf 84' lang='grc' dir='ltr'>πίστεως</span> <span class='ocrx_word' id='word_1_753' title='bbox 3158 4637 3323 4693; x_wconf 80' lang='grc' dir='ltr'>αὐτοῦ</span> <span class='ocrx_word' id='word_1_754' title='bbox 3348 4641 3659 4713; x_wconf 87' lang='grc' dir='ltr'>γενόμενοι,</span> 
     </span>
    </p>
   </div>
   <div class='ocr_carea' id='block_1_108' title="bbox 2150 4814 3436 4886">
    <p class='ocr_par' dir='ltr' id='par_1_108' title="bbox 2150 4814 3436 4886">
     <span class='ocr_line' id='line_1_111' title="bbox 2150 4814 3436 4886; baseline 0.005 -20"><span class='ocrx_word' id='word_1_755' title='bbox 2150 4814 2260 4886; x_wconf 69' lang='grc'>(66)</span> <span class='ocrx_word' id='word_1_756' title='bbox 2291 4814 2468 4886; x_wconf 68' lang='lat' dir='ltr'><strong>Prima</strong></span> <span class='ocrx_word' id='word_1_757' title='bbox 2497 4815 2616 4886; x_wconf 75' lang='lat' dir='ltr'><strong>ﬁdei</strong></span> <span class='ocrx_word' id='word_1_758' title='bbox 2651 4814 2882 4870; x_wconf 79' lang='lat' dir='ltr'><strong>formula</strong></span> <span class='ocrx_word' id='word_1_759' title='bbox 2912 4818 3112 4886; x_wconf 86' lang='lat' dir='ltr'><strong>scripta</strong></span> <span class='ocrx_word' id='word_1_760' title='bbox 3137 4833 3283 4873; x_wconf 89' lang='lat' dir='ltr'><strong>anno</strong></span> <span class='ocrx_word' id='word_1_761' title='bbox 3311 4819 3436 4874; x_wconf 72' lang='lat'><strong>&#39;5“.</strong></span> 
     </span>
    </p>
   </div>
   <div class='ocr_carea' id='block_1_109' title="bbox 2150 4884 3659 4964">
    <p class='ocr_par' dir='ltr' id='par_1_109' title="bbox 2150 4884 3659 4964">
     <span class='ocr_line' id='line_1_112' title="bbox 2150 4884 3659 4964; baseline 0.005 -26"><span class='ocrx_word' id='word_1_762' title='bbox 2150 4884 2262 4964; x_wconf 54' lang='grc' dir='ltr'>(ϐλ)</span> <span class='ocrx_word' id='word_1_763' title='bbox 2294 4884 2508 4964; x_wconf 79' lang='lat' dir='ltr'><strong>ln_edit.</strong></span> <span class='ocrx_word' id='word_1_764' title='bbox 2548 4884 2723 4964; x_wconf 57' lang='lat' dir='ltr'><strong>Paris:</strong></span> <span class='ocrx_word' id='word_1_765' title='bbox 2756 4886 2988 4964; x_wconf 65' lang='lat' dir='ltr'><strong>habetur</strong></span> <span class='ocrx_word' id='word_1_766' title='bbox 3018 4884 3107 4943; x_wconf 85' lang='lat' dir='ltr'><strong>hic</strong></span> <span class='ocrx_word' id='word_1_767' title='bbox 3135 4889 3497 4964; x_wconf 67' lang='lat' dir='ltr'><strong>titttltts,_T&amp;iv</strong></span> <span class='ocrx_word' id='word_1_768' title='bbox 3524 4893 3659 4964; x_wconf 81' lang='grc' dir='ltr'>περὶ</span> 
     </span>
    </p>
   </div>
   <div class='ocr_carea' id='block_1_110' title="bbox 2077 4954 3659 5027">
    <p class='ocr_par' dir='ltr' id='par_1_110' title="bbox 2077 4954 3659 5027">
     <span class='ocr_line' id='line_1_113' title="bbox 2077 4954 3659 5027; baseline 0.006 -19"><span class='ocrx_word' id='word_1_769' title='bbox 2077 4954 2334 5027; x_wconf 59' lang='lat' dir='ltr'><strong>motam</strong></span> <span class='ocrx_word' id='word_1_770' title='bbox 2358 4955 2639 5026; x_wconf 86' lang='grc' dir='ltr'>ἐπιστολή,</span> <span class='ocrx_word' id='word_1_771' title='bbox 2675 4956 2743 5010; x_wconf 87' lang='lat' dir='ltr'><strong>al)</strong></span> <span class='ocrx_word' id='word_1_772' title='bbox 2777 4957 3077 5011; x_wconf 86' lang='lat' dir='ltr'><strong>editoribus</strong></span> <span class='ocrx_word' id='word_1_773' title='bbox 3119 4960 3213 5027; x_wconf 82' lang='lat' dir='ltr'><strong>qui</strong></span> <span class='ocrx_word' id='word_1_774' title='bbox 3252 4961 3424 5014; x_wconf 89' lang='lat' dir='ltr'><strong>titulis</strong></span> <span class='ocrx_word' id='word_1_775' title='bbox 3466 4954 3659 5017; x_wconf 79' lang='lat' dir='ltr'><strong>omnia</strong></span> 
     </span>
    </p>
   </div>
   <div class='ocr_carea' id='block_1_111' title="bbox 2078 5025 3655 5098">
    <p class='ocr_par' dir='ltr' id='par_1_111' title="bbox 2078 5025 3655 5098">
     <span class='ocr_line' id='line_1_114' title="bbox 2078 5025 3655 5098; baseline 0.003 -19"><span class='ocrx_word' id='word_1_776' title='bbox 2078 5025 2367 5098; x_wconf 81' lang='lat' dir='ltr'><strong>inl&#39;erciere</strong></span> <span class='ocrx_word' id='word_1_777' title='bbox 2408 5025 2653 5098; x_wconf 73' lang='lat' dir='ltr'><strong>additus;</strong></span> <span class='ocrx_word' id='word_1_778' title='bbox 2676 5027 2728 5079; x_wconf 89' lang='lat' dir='ltr'><strong>in</strong></span> <span class='ocrx_word' id='word_1_779' title='bbox 2760 5028 2922 5098; x_wconf 78' lang='lat' dir='ltr'><strong>nullis</strong></span> <span class='ocrx_word' id='word_1_780' title='bbox 2947 5028 3090 5081; x_wconf 83' lang='lat' dir='ltr'><strong>enim</strong></span> <span class='ocrx_word' id='word_1_781' title='bbox 3122 5025 3404 5085; x_wconf 84' lang='lat' dir='ltr'><strong>codicibus</strong></span> <span class='ocrx_word' id='word_1_782' title='bbox 3433 5031 3655 5098; x_wconf 68' lang='lat' dir='ltr'><strong>legitur,</strong></span> 
     </span>
    </p>
   </div>
   <div class='ocr_carea' id='block_1_112' title="bbox 2079 5095 3657 5170">
    <p class='ocr_par' dir='ltr' id='par_1_112' title="bbox 2079 5095 3657 5170">
     <span class='ocr_line' id='line_1_115' title="bbox 2079 5095 3657 5170; baseline 0.004 -22"><span class='ocrx_word' id='word_1_783' title='bbox 2079 5111 2256 5165; x_wconf 79' lang='lat' dir='ltr'><strong>neth</strong></span> <span class='ocrx_word' id='word_1_784' title='bbox 2303 5095 2356 5148; x_wconf 91' lang='lat' dir='ltr'><strong>in</strong></span> <span class='ocrx_word' id='word_1_785' title='bbox 2400 5095 2531 5170; x_wconf 76' lang='lat' dir='ltr'><strong>edit.</strong></span> <span class='ocrx_word' id='word_1_786' title='bbox 2566 5096 2955 5170; x_wconf 63' lang='lat' dir='ltr'><strong>Comm_._Haec</strong></span> <span class='ocrx_word' id='word_1_787' title='bbox 3008 5113 3172 5170; x_wconf 77' lang='lat' dir='ltr'><strong>porro</strong></span> <span class='ocrx_word' id='word_1_788' title='bbox 3208 5100 3329 5170; x_wconf 68' lang='lat' dir='ltr'><strong>Iidei</strong></span> <span class='ocrx_word' id='word_1_789' title='bbox 3378 5095 3657 5170; x_wconf 64' lang='lat' dir='ltr'><strong>professio</strong></span> 
     </span>
    </p>
   </div>
   <div class='ocr_carea' id='block_1_113' title="bbox 2078 5165 3655 5238">
    <p class='ocr_par' dir='ltr' id='par_1_113' title="bbox 2078 5165 3655 5238">
     <span class='ocr_line' id='line_1_116' title="bbox 2078 5165 3655 5238; baseline 0.004 -19"><span class='ocrx_word' id='word_1_790' title='bbox 2078 5176 2261 5238; x_wconf 81' lang='lat' dir='ltr'><strong>exstat</strong></span> <span class='ocrx_word' id='word_1_791' title='bbox 2283 5165 2420 5235; x_wconf 88' lang='lat' dir='ltr'><strong>apud</strong></span> <span class='ocrx_word' id='word_1_792' title='bbox 2451 5166 2728 5220; x_wconf 80' lang='lat' dir='ltr'><strong>Socratem</strong></span> <span class='ocrx_word' id='word_1_793' title='bbox 2755 5167 2846 5220; x_wconf 89' lang='lat' dir='ltr'><strong>lib.</strong></span> <span class='ocrx_word' id='word_1_794' title='bbox 2879 5183 2937 5231; x_wconf 88' lang='grc' dir='ltr'><strong>ιι,</strong></span> <span class='ocrx_word' id='word_1_795' title='bbox 2962 5165 3082 5237; x_wconf 79' lang='lat' dir='ltr'><strong>cap.</strong></span> <span class='ocrx_word' id='word_1_796' title='bbox 3108 5168 3208 5235; x_wconf 74' lang='lat' dir='ltr'><strong>i0;</strong></span> <span class='ocrx_word' id='word_1_797' title='bbox 3231 5165 3454 5238; x_wconf 76' lang='lat' dir='ltr'><strong>Niceph.</strong></span> <span class='ocrx_word' id='word_1_798' title='bbox 3481 5171 3575 5225; x_wconf 87' lang='lat' dir='ltr'><strong>lib.</strong></span> <span class='ocrx_word' id='word_1_799' title='bbox 3599 5189 3655 5233; x_wconf 71' lang='grc' dir='ltr'><strong>κ,</strong></span> 
     </span>
    </p>
   </div>
   <div class='ocr_carea' id='block_1_114' title="bbox 2079 5237 3652 5307">
    <p class='ocr_par' dir='ltr' id='par_1_114' title="bbox 2079 5237 3652 5307">
     <span class='ocr_line' id='line_1_117' title="bbox 2079 5237 3652 5307; baseline 0.003 -18"><span class='ocrx_word' id='word_1_800' title='bbox 2079 5250 2198 5307; x_wconf 82' lang='lat' dir='ltr'><strong>cap.</strong></span> <span class='ocrx_word' id='word_1_801' title='bbox 2233 5237 2286 5299; x_wconf 81' lang='lat'><strong>5,</strong></span> <span class='ocrx_word' id='word_1_802' title='bbox 2322 5244 2378 5290; x_wconf 86' lang='lat' dir='ltr'><strong>et</strong></span> <span class='ocrx_word' id='word_1_803' title='bbox 2405 5237 2585 5307; x_wconf 77' lang='lat' dir='ltr'><strong>quoad</strong></span> <span class='ocrx_word' id='word_1_804' title='bbox 2612 5239 2936 5307; x_wconf 64' lang='lat' dir='ltr'><strong>sententiam</strong></span> <span class='ocrx_word' id='word_1_805' title='bbox 2967 5246 3178 5292; x_wconf 88' lang='lat' dir='ltr'><strong>tantum</strong></span> <span class='ocrx_word' id='word_1_806' title='bbox 3205 5240 3347 5307; x_wconf 85' lang='lat' dir='ltr'><strong>apud</strong></span> <span class='ocrx_word' id='word_1_807' title='bbox 3366 5237 3652 5294; x_wconf 68' lang='lat' dir='ltr'><strong>Theudor.</strong></span> 
     </span>
    </p>
   </div>
   <div class='ocr_carea' id='block_1_115' title="bbox 2079 5304 3654 5382">
    <p class='ocr_par' dir='ltr' id='par_1_115' title="bbox 2079 5304 3654 5382">
     <span class='ocr_line' id='line_1_118' title="bbox 2079 5304 3654 5382; baseline 0.003 -24"><span class='ocrx_word' id='word_1_808' title='bbox 2079 5304 2172 5360; x_wconf 82' lang='lat' dir='ltr'><strong>lib.</strong></span> <span class='ocrx_word' id='word_1_809' title='bbox 2206 5322 2286 5370; x_wconf 88' lang='grc' dir='ltr'>ιιι,</span> <span class='ocrx_word' id='word_1_810' title='bbox 2315 5320 2435 5382; x_wconf 72' lang='lat' dir='ltr'><strong>cap.</strong></span> <span class='ocrx_word' id='word_1_811' title='bbox 2464 5306 2516 5358; x_wconf 78' lang='lat'><strong>5.</strong></span> <span class='ocrx_word' id='word_1_812' title='bbox 2549 5304 2690 5360; x_wconf 79' lang='lat' dir='ltr'><strong>Infra</strong></span> <span class='ocrx_word' id='word_1_813' title='bbox 2729 5305 3041 5382; x_wconf 77' lang='lat' dir='ltr'><strong>Socrat._et</strong></span> <span class='ocrx_word' id='word_1_814' title='bbox 3082 5304 3305 5378; x_wconf 78' lang='lat' dir='ltr'><strong>Niceph.</strong></span> <span class='ocrx_word' id='word_1_815' title='bbox 3332 5310 3654 5382; x_wconf 20' lang='grc' dir='ltr'>λάκολουθή-</span> 
     </span>
    </p>
   </div>
   <div class='ocr_carea' id='block_1_116' title="bbox 2079 5374 3655 5449">
    <p class='ocr_par' dir='ltr' id='par_1_116' title="bbox 2079 5374 3655 5449">
     <span class='ocr_line' id='line_1_119' title="bbox 2079 5374 3655 5449; baseline 0.005 -22"><span class='ocrx_word' id='word_1_816' title='bbox 2079 5392 2263 5449; x_wconf 56' lang='grc' dir='ltr'>σομεν,</span> <span class='ocrx_word' id='word_1_817' title='bbox 2289 5374 2745 5449; x_wconf 20' lang='grc' dir='ltr'>Αυοονθνθεοιιιιιε</span> <span class='ocrx_word' id='word_1_818' title='bbox 2805 5378 2893 5432; x_wconf 91' lang='lat' dir='ltr'><strong>hic</strong></span> <span class='ocrx_word' id='word_1_819' title='bbox 2941 5378 3008 5431; x_wconf 88' lang='lat' dir='ltr'><strong>de</strong></span> <span class='ocrx_word' id='word_1_820' title='bbox 3061 5374 3269 5449; x_wconf 79' lang='lat' dir='ltr'><strong>synodo</strong></span> <span class='ocrx_word' id='word_1_821' title='bbox 3314 5374 3655 5435; x_wconf 82' lang='lat' dir='ltr'><strong>Antiochena</strong></span> 
     </span>
    </p>
   </div>
   <div class='ocr_carea' id='block_1_117' title="bbox 2078 5444 3656 5516">
    <p class='ocr_par' dir='ltr' id='par_1_117' title="bbox 2078 5444 3656 5516">
     <span class='ocr_line' id='line_1_120' title="bbox 2078 5444 3656 5516; baseline 0.004 -17"><span class='ocrx_word' id='word_1_822' title='bbox 2078 5444 2169 5500; x_wconf 87' lang='lat' dir='ltr'><strong>an.</strong></span> <span class='ocrx_word' id='word_1_823' title='bbox 2204 5447 2301 5500; x_wconf 77' lang='lat' dir='ltr'><strong>5H</strong></span> <span class='ocrx_word' id='word_1_824' title='bbox 2340 5461 2519 5516; x_wconf 79' lang='lat' dir='ltr'><strong>agere.</strong></span> <span class='ocrx_word' id='word_1_825' title='bbox 2554 5444 2658 5501; x_wconf 85' lang='lat' dir='ltr'><strong>Sed</strong></span> <span class='ocrx_word' id='word_1_826' title='bbox 2689 5463 2811 5501; x_wconf 89' lang='lat' dir='ltr'><strong>cum</strong></span> <span class='ocrx_word' id='word_1_827' title='bbox 2844 5444 3107 5502; x_wconf 48' lang='lat' dir='ltr'><strong>notarum‘</strong></span> <span class='ocrx_word' id='word_1_828' title='bbox 3128 5449 3387 5505; x_wconf 85' lang='lat' dir='ltr'><strong>harumce</strong></span> <span class='ocrx_word' id='word_1_829' title='bbox 3414 5450 3656 5505; x_wconf 71' lang='lat' dir='ltr'><strong>brevitas</strong></span> 
     </span>
    </p>
   </div>
   <div class='ocr_carea' id='block_1_118' title="bbox 2076 5518 3653 5586">
    <p class='ocr_par' dir='ltr' id='par_1_118' title="bbox 2076 5518 3653 5586">
     <span class='ocr_line' id='line_1_121' title="bbox 2076 5518 3653 5586; baseline 0.004 -17"><span class='ocrx_word' id='word_1_830' title='bbox 2076 5531 2191 5570; x_wconf 86' lang='lat' dir='ltr'><strong>rem</strong></span> <span class='ocrx_word' id='word_1_831' title='bbox 2227 5524 2428 5570; x_wconf 87' lang='lat' dir='ltr'><strong>tantam</strong></span> <span class='ocrx_word' id='word_1_832' title='bbox 2473 5532 2665 5584; x_wconf 80' lang='lat' dir='ltr'><strong>capere</strong></span> <span class='ocrx_word' id='word_1_833' title='bbox 2705 5527 2969 5586; x_wconf 82' lang='lat' dir='ltr'><strong>nequeat,</strong></span> <span class='ocrx_word' id='word_1_834' title='bbox 3015 5518 3083 5572; x_wconf 86' lang='lat' dir='ltr'><strong>ad</strong></span> <span class='ocrx_word' id='word_1_835' title='bbox 3124 5521 3290 5573; x_wconf 80' lang='lat' dir='ltr'><strong>vitam</strong></span> <span class='ocrx_word' id='word_1_836' title='bbox 3335 5521 3653 5586; x_wconf 84' lang='lat' dir='ltr'><strong>Athanasii,</strong></span> 
     </span>
    </p>
   </div>
   <div class='ocr_carea' id='block_1_119' title="bbox 2079 5586 3417 5656">
    <p class='ocr_par' dir='ltr' id='par_1_119' title="bbox 2079 5586 3417 5656">
     <span class='ocr_line' id='line_1_122' title="bbox 2079 5586 3417 5656; baseline 0.004 -18"><span class='ocrx_word' id='word_1_837' title='bbox 2079 5586 2168 5639; x_wconf 92' lang='lat' dir='ltr'><strong>ubi</strong></span> <span class='ocrx_word' id='word_1_838' title='bbox 2209 5601 2308 5656; x_wconf 14' lang='lat' dir='ltr'><strong>res;</strong></span> <span class='ocrx_word' id='word_1_839' title='bbox 2326 5587 2626 5656; x_wconf 78' lang='lat' dir='ltr'><strong>necessarie</strong></span> <span class='ocrx_word' id='word_1_840' title='bbox 2654 5596 3035 5656; x_wconf 75' lang='lat' dir='ltr'><strong>pertractatur,</strong></span> <span class='ocrx_word' id='word_1_841' title='bbox 3072 5592 3417 5644; x_wconf 73' lang='lat' dir='ltr'><strong>remittimus.</strong></span> 
     </span>
    </p>
   </div>
   <div class='ocr_carea' id='block_1_120' title="bbox 2149 5654 3656 5725">
    <p class='ocr_par' dir='ltr' id='par_1_120' title="bbox 2149 5654 3656 5725">
     <span class='ocr_line' id='line_1_123' title="bbox 2149 5654 3656 5725; baseline 0.003 -16"><span class='ocrx_word' id='word_1_842' title='bbox 2149 5654 2260 5725; x_wconf 79' lang='lat'><strong>(68)</strong></span> <span class='ocrx_word' id='word_1_843' title='bbox 2287 5654 2437 5710; x_wconf 87' lang='lat' dir='ltr'><strong>Socr.</strong></span> <span class='ocrx_word' id='word_1_844' title='bbox 2463 5666 2517 5709; x_wconf 89' lang='lat' dir='ltr'><strong>et</strong></span> <span class='ocrx_word' id='word_1_845' title='bbox 2538 5654 2786 5725; x_wconf 64' lang='lat' dir='ltr'><strong>Niceph.,</strong></span> <span class='ocrx_word' id='word_1_846' title='bbox 2813 5658 3145 5713; x_wconf 83' lang='grc' dir='ltr'>ἐκτεθεῖσαν.</span> <span class='ocrx_word' id='word_1_847' title='bbox 3182 5660 3303 5716; x_wconf 79' lang='lat' dir='ltr'><strong>Mox</strong></span> <span class='ocrx_word' id='word_1_848' title='bbox 3333 5661 3489 5715; x_wconf 81' lang='lat' dir='ltr'><strong>Socr.</strong></span> <span class='ocrx_word' id='word_1_849' title='bbox 3509 5660 3656 5713; x_wconf 74' lang='grc' dir='ltr'>Ἀλλ’</span> 
     </span>
    </p>
   </div>
   <div class='ocr_carea' id='block_1_121' title="bbox 2079 5725 3034 5798">
    <p class='ocr_par' dir='ltr' id='par_1_121' title="bbox 2079 5725 3034 5798">
     <span class='ocr_line' id='line_1_124' title="bbox 2079 5725 3034 5798; baseline 0.004 -20"><span class='ocrx_word' id='word_1_850' title='bbox 2079 5728 2255 5797; x_wconf 75' lang='grc' dir='ltr'>ἡμεῖς,</span> <span class='ocrx_word' id='word_1_851' title='bbox 2284 5725 2503 5797; x_wconf 71' lang='lat' dir='ltr'><strong>Merph.</strong></span> <span class='ocrx_word' id='word_1_852' title='bbox 2545 5726 2701 5781; x_wconf 72' lang='grc' dir='ltr'>Ἀλλέι</span> <span class='ocrx_word' id='word_1_853' title='bbox 2729 5727 2826 5780; x_wconf 74' lang='grc' dir='ltr'>«καὶ</span> <span class='ocrx_word' id='word_1_854' title='bbox 2854 5731 3034 5798; x_wconf 72' lang='grc' dir='ltr'>ἡμεῖς.</span> 
     </span>
    </p>
   </div>
  </div>
