3822 6226
220 360 327 416 721

1608 361 1694 418 ns
1735 341 2057 421 svuoms.’

3355 369 3465 426 722

224 474 430 546 μῶςλον
450 469 609 528 αὐτὸν
665 458 1084 548 προσηκάμεθα,
1137 478 1283 549 ἢπερ
1328 477 1791 550 ἡκολουθήσαμεν·

1902 477 2044 548 quod
2078 492 2143 532 ex
2182 476 2362 535 verbis
2415 477 2620 536 nostris
2667 453 2932 550 cognituri
2963 479 3115 535 estis.
3178 479 3261 535 Ab
3309 480 3468 540 initio

218 563 499 634 γνώσεσθε
519 565 576 619 δὲ
601 565 709 618 ἀπὸ
729 567 836 618 τῶν
858 566 1185 639 λεγομένων.
1224 569 1636 640 Μεμαθήκαμεν
1691 570 1798 644 γὰρ

217 652 284 721 ἐξ
347 656 544 727 ἀρχῆς,
590 658 668 722 εἰς
714 658 808 711 ἕνα
836 659 968 713 Θεὸν
1035 658 1125 714 τὸν
1183 661 1290 714 τῶν
1333 660 1469 716 ὅλων
1522 662 1655 717 Θεὸν
1710 681 1800 717 πι-

221 747 440 801 στεύειν
473 747 606 820 (69),
637 747 728 803 τὸν
749 751 966 806 πάντων
988 753 1194 824 νοητῶν
1217 772 1276 807 τε
1299 757 1390 810 καὶ
1420 757 1690 828 αἰσθητῶν
1713 759 1801 830 δη-

224 839 486 910 μιουργόν
514 857 574 893 τε
596 841 688 894 καὶ
721 845 1044 914 προνοητήν’
1070 847 1162 899 καὶ
1186 849 1265 910 εἰς
1293 848 1386 901 ἕνα
1410 849 1536 902 Υίὸν
1559 848 1652 902 τοῦ
1664 849 1796 903 Θεοῦ

221 929 511 1010 μονογενῆ,
562 931 669 1002 πρὸ
709 933 922 987 πάντων
949 934 1156 990 αἰώνων
1201 921 1530 1010 ὑπάρχοιῗτα,
1559 941 1653 995 καὶ
1683 958 1798 995 συνο

216 1005 352 1070 όν’τα
402 1019 482 1089 τῷ
524 1024 872 1094 γεγεννηκότι
932 1027 1092 1080 αὑτὸν
1130 1028 1239 1100 (70)
1283 1005 1480 1103 Πατρὶ,
1527 1033 1594 1086 δι’
1632 1029 1692 1086 οὗ
1729 1034 1798 1088 τὰ

219 1107 405 1162 πάντα
423 1109 656 1178 ἐγένετο,
687 1113 756 1166 τά
801 1130 859 1166 τε
889 1115 1056 1185 ὁρατά
1092 1117 1185 1171 καὶ
1211 1118 1280 1172 τά
1326 1121 1549 1192 ἀόρατα,
1589 1123 1679 1177 τὸν
1704 1125 1800 1178 καὶ

218 1199 310 1250 ἐπ’
339 1200 586 1270 ἐσχάτων
615 1204 834 1275 ἡμερῶν
863 1209 983 1259 κατ’
1013 1208 1256 1263 εὐδοκίαν
1282 1210 1376 1264 τοῦ
1429 1214 1642 1286 Πατρὸς
1669 1232 1798 1269 κατ-

218 1289 469 1356 ελθόντα,
513 1295 605 1348 καὶ
659 1296 837 1367 σάρκα
864 1298 928 1351 ἐκ
959 1300 1058 1371 τῆς
1104 1301 1378 1373 Παρθένου
1435 1304 1546 1374 (71)
1593 1307 1800 1378 ἀνειλη-

218 1380 388 1447 φότα,
411 1382 504 1435 καὶ
530 1385 709 1438 πᾶσαν
739 1387 838 1458 τὴν
879 1389 1150 1461 πατρικὴν
1181 1390 1348 1444 αὐτοῦ
1373 1391 1623 1464 βούλησιν
1669 1412 1795 1449 συν-

219 1473 725 1545 εκπεπληρωκότα,
787 1481 1133 1546 πεπονθέναι,
1196 1486 1288 1538 καὶ
1331 1485 1646 1559 ἐγηγέρθαι,
1704 1492 1797 1544 καὶ

217 1565 596 1654 είςᾹούρανοὺς
626 1569 1026 1641 ἀνεληλυθέναι,
1055 1575 1150 1627 καὶ
1185 1577 1244 1629 ἐν
1280 1576 1428 1649 δεξιᾷ
1454 1579 1546 1633 τοῦ
1585 1582 1796 1654 Πατρὸς

219 1651 567 1721 καθέζεσθαι,
595 1658 691 1711 καὶ
729 1659 887 1714 πάλιν
921 1663 1032 1732 (72)
1062 1666 1352 1736 ἐρχόμενον
1383 1672 1560 1740 κρῖναι
1590 1651 1794 1738 ζῶντας

220 1745 316 1797 καὶ
367 1750 614 1820 νεκροὺς,
666 1753 758 1805 καὶ
779 1753 1101 1825 διαμένοντα
1141 1758 1362 1828 βασιλέα
1395 1765 1489 1816 καὶ
1535 1763 1666 1818 Θεὸν
1714 1768 1795 1830 εἰς

216 1837 347 1930 τους
383 1839 604 1903 αίῶνας.
636 1843 967 1917 Πιστεύομεν
987 1847 1044 1903 δὲ
1069 1851 1161 1903 καὶ
1188 1853 1265 1915 εἰς
1291 1853 1353 1906 τὸ
1379 1853 1532 1924 ἆγιον
1547 1857 1790 1930 Πνεῦμω

219 1925 352 2020 εἰδὲ
377 1927 461 1982 δεῖ
487 1933 822 2002 προσθεῖναι,
881 1939 1207 2011 πιστεύομεν
1263 1944 1357 1997 καὶ
1413 1948 1542 2018 περὶ
1596 1925 1794 2020 σαρκὸς

215 2019 569 2089 ἀναστάσεως
598 2027 690 2080 καὶ
715 2027 861 2101 ζωῆς
887 2035 1161 2090 αἰωνίου.»

288 2113 380 2167 25.
421 2116 488 2168 Ἀ
511 2117 568 2170 δὲ
599 2120 694 2171 καὶ
722 2121 777 2174 ἐν
807 2123 969 2196 ἑτέρᾳ
1025 2128 1280 2202 ἐπιστολῇ
1319 2131 1568 2206 δεύτερον
1600 2137 1658 2190 ἐν
1684 2141 1796 2204 τοῖς

217 2205 402 2271 αὐτοῖς
435 2209 764 2277 Ἐγκαινίοις
805 2216 1124 2282 ἐκτίθενται,
1182 2225 1538 2294 μεταγνόντες
1574 2230 1672 2300 μὲν
1703 2233 1797 2285 ἐπὶ

215 2300 333 2389 τοῖς
366 2301 671 2371 προτέροις,
721 2307 1104 2379 ἐπινοήσαντες
1134 2311 1190 2366 δὲ
1221 2317 1506 2389 καινότερά
1555 2337 1676 2375 τινα
1703 2326 1798 2380 καὶ

215 2386 461 2455 πλείονα,
493 2391 608 2446 ἐστι
638 2395 830 2450 ταῦτα’

294 2502 313 2534 ‹
340 2483 673 2579 Πιστεύομεν
696 2488 906 2564 (75-74)
931 2493 1234 2562 ἀκολούθως
1261 2501 1326 2571 τῇ
1358 2501 1685 2579 εὐαγγελικῇ
1703 2508 1798 2562 καὶ

214 2572 548 2647 ἀποστολικῇ
572 2580 866 2650 παραδόσει
909 2587 990 2649 εἰς
1037 2587 1133 2640 ’ἐνα
1165 2589 1298 2643 Θεὸν
1351 2593 1568 2668 Πατέρα
1601 2572 1797 2652 παντο-

215 2664 484 2761 κράτορα,
514 2667 604 2761 τὸν
627 2669 736 2723 τῶν
791 2672 926 2727 ὅλων
974 2675 1305 2750 δημιουργόν
1334 2699 1392 2736 τε
1442 2664 1534 2739 κοὶι
1567 2689 1798 2761 ποιητὴν

215 2755 312 2808 καὶ
337 2759 642 2829 προνοητὴν
665 2761 797 2832 (73),
838 2764 896 2831 ἐξ
925 2761 986 2821 οὗ
1016 2767 1086 2821 τὰ
1118 2769 1315 2825 πάνταο
1351 2775 1446 2828 καὶ
1473 2777 1553 2840 εἰς
1575 2755 1797 2833 ἕνα

223 2862 340 2944 ριον
375 2849 583 2944 Ἰησούν
605 2853 859 2944 Χριστὸν,
886 2857 978 2910 τὸν
1015 2859 1146 2915 Υίὸν
1177 2864 1363 2930 αὐτοῦ,
1393 2867 1484 2921 τὸν
1534 2875 1796 2944 μονογενῆ

217 2935 375 3034 Θεὸν,
409 2935 565 3034 διξξοῦ
624 2943 692 2998 τὰ
744 2947 956 3014 πάντα,
1000 2950 1092 3005 τὸν
1154 2955 1484 3027 γεννηθέντα
1533 2935 1638 3034 πρὸ
1675 2935 1796 3019 τῶν

213 3027 432 3125 αἰώνων
454 3032 566 3104 (76)
594 3037 658 3089 ἐκ
692 3037 786 3107 τοῦ
815 3040 1045 3112 Πατρὸς,
1075 3043 1208 3100 Θεὸν
1266 3049 1331 3103 ἐκ
1383 3051 1538 3119 Θεοῦ,
1576 3027 1711 3111 ’ὅλον
1737 3058 1796 3125 ἐξ

1900 583 2135 638 namque
2167 569 2477 634 didicimus,
2511 571 2565 624 in
2598 586 2769 624 unum
2799 579 2854 626 et
2882 571 3261 626 universorum
3291 571 3465 631 Deum

1899 656 2142 721 credere,
2171 658 2414 712 omnium
2444 658 2862 730 intelligibilium
2889 669 2942 714 et
2974 660 3314 718 sensibilium
3342 664 3466 735 opi-

1901 748 2053 804 ficem
2089 759 2140 804 et
2168 751 2522 820 provisorem.
2554 749 2621 805 Et
2652 752 2706 805 in
2747 767 2919 807 unum
2948 751 3148 808 Filium
3193 752 3289 809 Dei
3338 755 3465 810 uni-

1899 839 2161 910 genitum,
2186 841 2280 910 qui
2308 849 2431 895 ante
2461 843 2644 897 omnia
2677 842 2874 898 saecula
2899 843 3129 910 exsistit,
3158 855 3210 900 et
3240 861 3348 900 una
3373 862 3467 902 ex-

1899 938 2008 984 stat
2036 945 2160 986 cum
2199 945 2265 986 eo
2297 931 2390 1001 qui
2434 946 2492 986 se
2521 931 2888 1002 genuitPatre
2915 949 2930 1000 ;
2959 949 3055 1004 per
3099 949 3260 1005 quem
3299 935 3462 991 etiam

1898 1021 2080 1074 omnia
2114 1021 2253 1077 facta
2285 1030 2433 1086 sunt,
2459 1022 2695 1077 visibilia
2717 1032 2769 1077 et
2794 1023 3084 1079 invisibilia
3112 1043 3126 1091 ;
3151 1026 3244 1095 qui
3275 1027 3463 1083 novis-

1898 1109 2052 1164 simis
2084 1109 2294 1176 diebus,
2327 1112 2623 1166 secundum
2652 1111 2826 1168 Patris
2855 1116 3207 1182 voluntatem,
3233 1117 3463 1172 descen-

1897 1201 1995 1266 dit,
2023 1209 2078 1256 et
2106 1217 2325 1256 carnem
2355 1217 2418 1257 ex
2441 1201 2664 1273 Virgine
2695 1205 3030 1274 assumpsit;
3054 1206 3148 1276 qui
3177 1218 3461 1277 postquam

1895 1300 2178 1362 paternam
2228 1293 2348 1364 ejus
2392 1294 2729 1350 voluntatem
2774 1296 3218 1366 adimplevisset,
3266 1313 3465 1366 passus

1897 1392 2000 1448 est,
2033 1392 2085 1439 et
2117 1387 2448 1450 resurrexit,
2478 1387 2532 1440 in
2568 1388 2738 1443 caelos
2771 1389 3048 1454 ascendit,
3079 1401 3132 1444 et
3157 1389 3214 1444 in
3245 1389 3466 1446 dextera

1895 1475 2077 1532 Patris
2098 1478 2248 1532 sedet
2275 1494 2289 1543 ;
2317 1488 2374 1533 et
2392 1495 2614 1534 rursum
2641 1489 2906 1536 venturus
2933 1490 3016 1537 est
3037 1482 3283 1551 judicare
3313 1484 3466 1538 vivos

1895 1577 1952 1622 et
1996 1578 2245 1622 mortuos
2271 1607 2286 1632 ,
2323 1579 2376 1623 et
2407 1578 2696 1640 permanet
2726 1587 2827 1626 rex
2872 1579 2926 1627 et
2973 1572 3114 1629 Deus
3149 1573 3204 1628 in
3245 1576 3465 1630 saecula.
3551 1603 3564 1617 ι

1894 1657 2192 1716 Ονεᾶίηιυε.
2223 1676 2440 1731 quoque
2467 1662 2521 1716 in
2553 1661 2819 1733 Spiritum
2855 1672 3127 1721 sanctum.
3189 1665 3256 1720 Et
3284 1667 3330 1722 si
3365 1667 3468 1724 hoc

1896 1751 2092 1806 addere
2129 1761 2423 1822 oporteat:
2458 1755 2736 1812 credimus
2788 1758 2970 1812 carnis
3007 1759 3465 1816 resurrectionem

1833 1820 1872 1875 Β
1897 1851 1950 1896 et
1978 1843 2141 1898 vitam
2167 1820 2449 1900 aeternam.
2493 1865 2512 1897 ›

1965 2132 2054 2188 2'5.
2089 2133 2399 2202 iterumque
2433 2132 2489 2187 in
2516 2132 2625 2188 alia
2653 2132 2880 2204 epistola
2925 2132 3238 2188 earumdem
3278 2131 3468 2186 Encas-

1897 2241 2113 2280 morum
2143 2235 2386 2297 tempore
2410 2266 2428 2292 ,
2457 2218 2580 2282 cum
2605 2226 2849 2296 priorum
2880 2225 3165 2296 paeniteret
3187 2266 3204 2292 ,
3238 2239 3302 2280 ac
3327 2240 3464 2280 nova

1897 2321 2142 2390 quaedam
2169 2327 2223 2375 et
2247 2320 2404 2392 plura
2430 2321 2832 2392 excogitassent
2851 2362 2867 2386 ,
2899 2321 3016 2376 haec
3043 2319 3259 2376 edidere
3289 2338 3303 2374 :

1973 2513 1991 2548 ι
2023 2496 2311 2554 Credimus
2359 2498 2516 2569 juxta
2578 2499 2943 2570 evangelicam
2999 2505 3054 2552 et
3109 2497 3464 2567 apostolicam

1897 2587 2243 2643 traditionem
2279 2589 2335 2642 in
2362 2604 2532 2643 unum
2561 2586 2731 2643 Deum
2765 2586 2980 2642 Patrem
3007 2586 3463 2656 omnipotentem:

1899 2678 2141 2732 omnium
2177 2695 2360 2733 rerum
2389 2678 2726 2734 conditorem
2765 2688 2820 2732 et
2847 2677 3095 2748 Opiﬁcem
3136 2685 3190 2732 et
3221 2678 3468 2746 proviso-

1901 2785 2048 2835 rem;
2082 2785 2179 2840 per
2217 2785 2376 2840 quem
2412 2770 2616 2824 omnia.
2671 2768 2738 2822 Et
2767 2769 2822 2824 in
2855 2785 3025 2824 unum
3059 2768 3344 2822 Dominum
3378 2767 3469 2823 Je-

1897 2876 2018 2916 sum
2051 2861 2329 2916 Christum
2352 2861 2550 2915 Filium
2584 2861 2724 2931 ejus,
2760 2861 3097 2932 unigenitum
3127 2859 3298 2916 Deum
3325 2901 3340 2926 ,
3373 2877 3468 2932 per

1897 2965 2056 3019 quem
2081 2951 2264 3004 omnia
2291 2967 2305 3013 ;
2331 2951 2572 3020 genitum
2606 2949 2772 3020 588
2803 2965 2869 3004 ex
2898 2948 3060 3005 Patre
3089 2959 3215 3004 ante
3245 2951 3465 3016 Saecula,

1899 3037 2066 3093 Deum
2095 3054 2161 3093 ex
2185 3027 2327 3105 Deo,
2355 3047 2528 3093 totum
2569 3053 2637 3093 ex
2677 3047 2792 3093 toto
2811 3077 2827 3103 ,
2854 3039 3029 3094 solum
3052 3054 3120 3094 ex
3153 3039 3270 3094 solo
3295 3079 3309 3103 ,
3343 3055 3469 3109 per-

217 3121 363 3217 όλου,
395 3126 552 3194 μόνον
577 3131 641 3181 ἐκ
665 3131 847 3200 μόνου,
885 3134 1087 3189 τέλειον
1128 3140 1192 3192 ἐκ
1215 3141 1440 3210 τελείου,
1477 3145 1700 3217 βασιλέα
1732 3121 1791 3206 ἐκ

1902 3129 2099 3185 fectum
2125 3147 2189 3186 ex
2223 3130 2460 3200 perfecto
2479 3170 2495 3194 ,
2525 3146 2706 3202 regem
2752 3146 2820 3186 ex
2847 3146 2974 3203 rege
2997 3171 3012 3197 ,
3069 3131 3357 3187 Dominum
3399 3147 3468 3186 ex

221 3212 508 3311 βασιλέως,
563 3221 770 3294 Κύριον
804 3225 912 3281 ἀπὸ
955 3232 1160 3302 Κυρίου
1188 3233 1321 3308 (77),
1375 3212 1550 3308 Advov
1595 3240 1794 3311 ζῶντα,

219 3306 410 3374 σοφίαν
436 3307 635 3401 ζῶσαν,
671 3316 784 3383 φῶς
806 3317 1076 3389 ἀληθινὸν,
1097 3325 1234 3392 ὁδὸν,
1263 3306 1540 3401 ἀλήθειαν,
1566 3306 1798 3390 ἀνάσταζ

221 3411 326 3462 σιν,
361 3400 615 3469 ποιμένα,
647 3402 836 3477 θύραν,
870 3409 1137 3480 ἀτρεπτόν
1185 3434 1246 3470 τε
1279 3400 1373 3473 καί
1418 3423 1802 3480 ἀναλλοίωτονο-

216 3481 320 3551 τῆς
350 3481 602 3556 θεότητος
625 3488 760 3561 (78),
795 3494 984 3559 οὐσίας
1036 3515 1095 3550 τε
1126 3500 1220 3554 καὶ
1265 3501 1455 3574 βουλῆς
1496 3508 1590 3561 καὶ
1637 3509 1796 3566 δυνά-

221 3589 388 3668 μεως,
414 3576 505 3628 καὶ
527 3576 690 3650 δόξης
713 3581 805 3634 τοῦ
849 3585 1062 3657 Πατρὸς
1116 3591 1530 3663 ἀπαράλλακτον
1587 3599 1791 3668 εἰκόνα,

217 3663 310 3716 τὸν
354 3669 697 3738 πρωτότοκον
753 3675 932 3748 πάσης
984 3679 1214 3745 κτίσεως
1243 3683 1386 3755 (79),
1433 3687 1525 3742 τὸν
1579 3691 1706 3745 ὄντα
1736 3663 1794 3746 ἐν

217 3757 378 3853 ἀρχῇ-
557 3763 646 3816 τὸν
675 3764 826 3830 Θεὸν,
882 3770 1055 3839 Λόγον
1084 3773 1216 3827 Θεὸν
1241 3777 1382 3831 κατὰ
1422 3779 1483 3832 τὸ
1509 3783 1793 3853 εἰρημένον

217 3849 276 3900 ἐν
306 3849 387 3918 τῷ
413 3851 748 3926 Εὐαγγελίῳο
815 3878 833 3911 ι
870 3862 978 3914 Καὶ
1006 3863 1137 3926 Θεὸς
1164 3861 1233 3937 ἦν
1277 3869 1316 3921 ό·
1343 3871 1534 3939 Λόγος·
1561 3849 1588 3924 ⁷ι
1730 3870 1790 3929 οὗ

214 3939 491 4037 τὰπάντα
519 3946 751 4037 ἐγένετο,
777 3952 870 4005 καί
905 3956 962 4007 ἐν
990 3949 1034 4024 ᾧ
1071 3957 1138 4011 τά
1167 3959 1340 4014 πάντα
1368 3964 1681 4037 συνέστηκε’
1698 3968 1800 4025 τὸν,

212 4029 304 4080 ἐπ’
342 4031 586 4101 ἐσχάτων
638 4036 746 4091 τῶν
795 4042 1014 4115 ἡμερῶν
1066 4047 1388 4105 κατελθόντα
1415 4029 1640 4120 ἄνωθεν,
1695 4059 1793 4112 καὶ

212 4123 542 4194 γεννηθέντα
569 4128 634 4182 ἐκ
661 4130 938 4201 Παρθένου
972 4137 1112 4190 κατά
1143 4138 1240 4203 τὰς
1270 4141 1512 4212 Γραφάς,
1557 4148 1650 4200 καὶ
1697 4148 1790 4203 ἄν·

213 4212 437 4310 θρωπον
461 4219 748 4310 γενόμενον
776 4223 1154 4301 (80)·νμεσίτην
1183 4231 1314 4286 Θεοῦ
1339 4237 1433 4288 καὶ
1464 4237 1785 4310 ἀνθρώπων,

215 4304 514 4398 ἀπόστολόν
535 4326 594 4361 τε
619 4310 720 4380 τῆς
747 4312 980 4379 πίστεως
1027 4317 1203 4388 ἡμῶν,
1254 4323 1348 4375 καὶ
1401 4304 1644 4396 ἀρχηγὸν
1687 4304 1785 4398 τῆς

213 4396 384 4491 ζωῆς,
410 4399 484 4464 ὣς
512 4417 694 4473 φησιν,
728 4405 807 4459 ὅτι
844 4427 863 4458 ι
897 4409 1264 4484 Καταὸέσηκα
1297 4417 1360 4468 ἐκ
1388 4415 1480 4469 τοῦ
1531 4396 1782 4491 οὐρανού,

209 4489 315 4559 οὐχ
348 4491 434 4543 ἵνα
463 4493 602 4546 ποιῶ
628 4495 690 4548 τὸ
716 4495 928 4568 θέλημα
957 4500 1017 4554 τὸ
1048 4503 1199 4574 ἐμὸν,
1221 4504 1356 4560 ἀλλὰ
1373 4507 1433 4560 τὸ
1462 4489 1673 4581 θέλημα
1695 4510 1792 4570 τοῦ

287 4652 308 4683 ⁵
331 4649 490 4706 Joan.
525 4668 565 4719 ι,
600 4653 649 4708 1.
728 4657 749 4688 ⁸
774 4657 933 4717 Joan.
967 4679 1038 4728 Vl,
1075 4663 1164 4719 58.

1899 3221 2130 3278 Domino
2151 3265 2166 3290 ,
2195 3221 2430 3279 Verbum
2461 3223 2668 3288 vivens,
2698 3225 3020 3294 sapientiam
3053 3225 3344 3290 viventem,
3376 3239 3468 3278 ve-

1896 3330 2013 3369 ram
2040 3315 2238 3378 lucem,
2265 3314 2408 3368 viam
2427 3356 2443 3382 ,
2469 3314 2751 3370 veritatem
2769 3355 2785 3382 ,
2843 3313 3302 3369 resurrectionem
3320 3355 3334 3378 ,
3363 3328 3464 3383 pa-

1898 3417 2118 3472 storem,
2151 3415 2386 3478 portam,
2411 3423 2509 3463 nec
2536 3406 2824 3462 mutationi
2856 3421 2958 3460 nec
2980 3404 3324 3461 conversioni
3364 3403 3464 3458 ob—

1896 3497 2117 3551 noxium
2148 3538 2162 3560 ,
2193 3505 2431 3567 paternae
2460 3497 2759 3553 divinitatis
2783 3539 2798 3563 ,
2835 3497 3150 3553 substantia:
3177 3538 3192 3563 ,
3226 3496 3463 3559 consilii,

1894 3588 2180 3657 potestatis
2205 3596 2259 3642 et
2289 3588 2474 3659 gloriae
2513 3586 2570 3641 in
2601 3586 2752 3641 nullo
2784 3586 3106 3642 dissimilem
3145 3587 3462 3656 imaginem,

1893 3678 2310 3748 primogenitum
2344 3677 2522 3732 omnis
2567 3685 2830 3732 creatura:
2858 3694 2872 3743 ;
2901 3677 2993 3748 qui
3025 3687 3142 3732 erat
3175 3679 3228 3732 in
3260 3678 3467 3748 princi-

1893 3769 1984 3840 pio
2011 3769 2150 3838 apud
2174 3768 2340 3823 Deum
2370 3787 2386 3836 ;
2412 3767 2583 3823 Deum
2607 3766 2846 3823 Verbum
2869 3809 2883 3833 ,
2918 3779 2980 3823 ut
3006 3769 3267 3838 scriptum
3297 3776 3380 3823 cst
3408 3767 3464 3823 in

1892 3860 2182 3931 Evangelia
2207 3861 2226 3893 ⁸
2249 3878 2262 3914 :
2289 3878 2309 3913 ‹
2329 3859 2395 3914 Et
2411 3859 2554 3916 Deus
2575 3869 2694 3916 erat
2709 3859 2945 3916 Verbum
2966 3879 2981 3928 ;
3008 3880 3026 3913 ι
3053 3875 3318 3930 perquem
3345 3874 3466 3914 om-

1891 3954 1984 4010 nia
2029 3953 2170 4009 facta
2205 3963 2333 4010 sunt
2356 3999 2386 4022 ,_
2430 3963 2486 4010 et
2531 3955 2589 4009 in
2621 3954 2954 4025 quoomnia
2988 3954 3297 4009 consistunt
3326 3969 3341 4019 ;
3369 3951 3465 4021 qui

1891 4047 2204 4103 novissimis
2235 4047 2426 4102 diebus
2455 4044 2738 4102 descendit
2769 4045 3001 4116 desuper
3027 4084 3042 4110 ,
3090 4052 3255 4099 natus
3285 4052 3368 4098 est
3397 4058 3464 4097 ex

1891 4137 2114 4208 Virgine
2139 4137 2440 4192 secundum
2482 4135 2815 4206 Scripturas,
2849 4144 2903 4190 et
2929 4135 3094 4189 homo
3127 4133 3304 4189 factus
3333 4140 3418 4187 est
3447 4150 3462 4186 :

1888 4228 2155 4282 mediator
2189 4226 2283 4281 Dei
2313 4235 2366 4282 et
2397 4227 2679 4282 hominum
2703 4265 2718 4291 ,
2757 4225 3039 4296 apostolus
3085 4223 3208 4279 tidei
3241 4231 3461 4287 nostrae,

1886 4331 1940 4378 et
1976 4329 2170 4377 auctor
2200 4321 2356 4385 vitae,
2393 4330 2454 4374 ut
2498 4319 2614 4390 ipse
2661 4320 2778 4374 ait:
2823 4338 2841 4371 ι
2877 4317 3141 4374 Descendi
3189 4316 3256 4372 de
3303 4315 3463 4379 caelo,

1889 4431 2000 4470 non
2050 4422 2111 4469 ut
2160 4413 2355 4469 faciam
2380 4414 2720 4469 voluntatem
2752 4428 2930 4468 meam
2954 4452 2968 4476 ,
2999 4411 3093 4467 sed
3126 4411 3464 4465 voluntatem

1898 4507 2017 4578 ejus
2043 4505 2138 4577 qui
2168 4506 2316 4561 misit
2341 4520 2428 4561 me
2452 4507 2473 4537 ⁶
2493 4521 2519 4558 έτ
2556 4505 2704 4578 »ημὶ
2733 4520 2929 4576 passus
2956 4513 3038 4560 est
3060 4519 3161 4576 pro
3193 4503 3382 4570 nobis,
3409 4509 3465 4557 et

287 4790 401 4866 (69)
433 4789 623 4866 Socr.,
642 4795 722 4858 εἰς
749 4794 844 4850 ’ένα
881 4795 972 4848 τὸν
1002 4795 1111 4849 τῶν
1151 4795 1286 4850 ὅλων
1323 4797 1456 4850 Θεὸν
1488 4794 1778 4850 πιστεύειν.

1958 4789 2068 4866 (75)
2106 4789 2193 4866 Ita
2223 4790 2353 4864 Reg.
2403 4803 2457 4849 et
2482 4793 2672 4858 Basil.,
2703 4803 2756 4866 et
2790 4794 2869 4866 sic
2913 4793 3042 4866 legit
3084 4793 3329 4851 Nannius
3360 4797 3454 4866 qui

210 4861 462 4929 Niceplt.,
494 4865 574 4926 εἰς
601 4864 696 4917 ἕνα
725 4867 858 4919 Θεὸν
889 4866 980 4918 τὸν
1006 4866 1116 4919 τῶν
1148 4868 1285 4920 ὅλων
1318 4867 1610 4920 πιστεύειν.

287 4931 401 5006 (70)
429 4931 766 5006 Nicephorys
793 4935 977 4990 αὑτοῦ.
1011 4935 1210 4990 Ibidem
1238 4936 1439 5006 Regius
1457 4978 1472 5000 ,
1510 4936 1782 5000 Socrates,

207 4999 526 5070 Nicephor.,
562 4999 633 5056 δι’
659 4999 719 5058 οὗ
751 5007 844 5058 καὶ
887 5006 974 5060 τά.
1010 5007 1069 5060 In
1115 5008 1273 5062 editis
1313 4999 1404 5059 ξαι
1456 4999 1624 5062 deest.
1662 4999 1786 5060 Mox

207 5071 438 5195 aegrius,
473 5071 705 5138 Socrat.,
725 5073 972 5147 Nicepb.,
1006 5076 1114 5130 τῶν
1147 5077 1242 5131 καὶ
1274 5076 1381 5131 ἐπ’.
1415 5077 1470 5131 ln
1497 5078 1658 5133 editis
1693 5076 1786 5129 τὸν

286 5210 400 5288 (71)
433 5211 646 5288 Socrat.
678 5224 732 5270 et
770 5213 1016 5288 Niceplt.,
1050 5219 1112 5270 ἐκ
1161 5217 1260 5288 τῆς
1294 5217 1454 5287 ἁγίας
1483 5217 1784 5288 Παρθένου.

207 5281 390 5359 Paulo
410 5294 531 5359 p_os_t
557 5284 767 5359 Socrat.
802 5296 854 5359 et
881 5281 1130 5359 Niccpli.,
1155 5281 1445 5359 τὴν-αύτοῦ
1482 5281 1696 5359 βουλήν.

276 5351 594 5474 1(72)Πιὶιλιν
639 5358 792 5412 deest
841 5357 897 5409 in
947 5351 1123 5412 Socr.
1152 5351 1558 5429 et'Niccpli.'ln
1595 5351 1787 5413 iisdem

299 5438 354 5474 ra
393 5435 512 5474 post
541 5427 885 5474 πιστεύομεν-
915 5427 971 5474 δέ
1005 5430 1173 5474 deest-

207 5423 377 5497 infr_a_
393 5435 512 5497 p_o_st
529 5427 886 5497 ἐπιστεύομεν,
915 5427 971 5480 δέ
1005 5430 1173 5483 deest.

287 5492 495 5561 (75-74)
523 5492 780 5568 Secunda
804 5498 924 5552 tidei
959 5497 1197 5568 formula
1215 5498 1414 5568 scripta
1471 5512 1614 5568 adpo
1661 5497 1784 5552 '5“.

205 5561 404 5638 [Exstat
427 5566 568 5638 apud
599 5566 754 5638 Socr.
777 5568 869 5638 lib.
902 5582 961 5630 ιι,
994 5583 1110 5636 cap.
1142 5567 1230 5635 10,
1266 5561 1491 5638 ειόρυὰ
1526 5561 1788 5623 Hilarium

209 5633 291 5686 De
313 5636 530 5720 agundis
556 5651 687 5720 pag.
716 5636 875 5720 ll6_8,
894 5633 1222 5720 quam—teste
1250 5633 1552 5720 Sozo'meno
1575 5640 1665 5693 lib.
1705 5653 1787 5703 ill,

204 5717 332 5778 cap.
380 5703 436 5778 62
479 5703 694 5778 aiellant
739 5703 928 5761 Ariani
961 5724 1017 5763 se
1048 5711 1308 5778 reperisse
1339 5713 1596 5778 scriptam
1626 5724 1789 5764 manu

206 5773 382 5842 ipsius
416 5773 642 5831 aniatti
677 5778 948 5848 martyris.

1886 4859 2131 4936 vertit'et
2150 4859 2555 4936 Procuratorem
2576 4872 2675 4936 ,et
2701 4864 2951 4936 similiter
2968 4859 3218 4936 'ililarius
3243 4866 3336 4936 qui
3366 4859 3462 4920 lia-

1886 4932 1992 4992 bet,
2019 4941 2066 4984 et
2092 4930 2437 4987 Provisorem.
2470 4934 2526 4987 In
2552 4935 2711 4988 editis
2738 4935 2838 4986 hoc
2865 4935 3067 4987 deerat.
3093 4930 3291 4990 Ibidem
3320 4936 3456 4991 haec.

1866 4999 1944 5073 ἐξ
1983 4995 2046 5073 οὗ
2089 5002 2156 5054 τὰ
2186 5003 2363 5057 πάντα
2396 5006 2593 5058 absunt
2619 5019 2650 5058 a
2685 5002 2926 5056 Socrate.
2972 5003 3115 5058 Infra
3146 5014 3269 5073 post
3299 5005 3367 5058 δι’
3396 5001 3458 5058 οὗ

1883 5071 1952 5124 τὰ
1981 5072 2176 5135 πάντα,
2205 5075 2362 5127 habet
2393 5073 2664 5135 Socrates,
2695 5074 2926 5141 ἐγένετο.

1957 5142 2066 5215 (76)
2101 5141 2223 5197 llaec
2250 5145 2353 5215 πρὸ
2386 5145 2492 5200 τῶν
2525 5142 2736 5198 αἰώνων
2767 5158 2871 5196 non
2903 5143 3284 5213 exprimuntur
3310 5145 3458 5214 apud

1887 5211 2172 5265 Hilarium.

1957 5282 2070 5353 (77)
2097 5281 2188 5336 Sic
2213 5281 2342 5354 Reg.
2374 5292 2429 5338 et
2448 5283 2602 5339 Socr.
2634 5281 2798 5354 Editi,
2832 5286 2894 5336 ἐκ
2921 5283 3148 5354 Κυρίου.
3173 5283 3294 5340 Mox
3323 5285 3459 5350 ζῶν-

1885 5369 1953 5406 τα
1970 5351 1988 5416 ⁷,
2023 5351 2132 5406 non
2166 5351 2484 5422 exprimitur
2517 5354 2659 5422 apud
2703 5351 2989 5422 Hilarium.
3013 5351 3193 5410 'Socr.
3243 5357 3455 5422 σοφίαν,

1887 5421 2703 5495 (tribuetAllilar._gsapientiam,
2740 5425 2924 5478 vitam.
2953 5421 3122 5479 Paulo
3147 5436 3272 5495 post
3298 5421 3455 5484 Socr.

1887 5492 2003 5546 ὁδὸν
2028 5493 2306 5558 ἀληθείας.
2332 5492 2570 5549 Hilarius
2594 5495 2732 5547 riam
2760 5511 2954 5548 veram.

1960 5511 2003 5545 >ν
2028 5511 2095 5545 aut
2139 5511 2306 5558 υειας.
2332 5511 2570 5549 mtartus
2594 5511 2732 5547 vtam
2760 5511 2844 5546 ver

1960 5561 2070 5635 (78)
2100 5511 2282 5635 ἔθεε-η
2311 5564 2408 5635 τὴν
2440 5565 2538 5634 τῆς
2574 5563 2845 5635 θεότητος.

2103 5633 2176 5708 [ta
2210 5633 2342 5708 Reg.
2366 5633 2602 5708 ὀι-βοείῃ
2632 5633 2769 5708 Editi
2804 5649 2950 5700 vero,
2979 5637 3076 5708 τῆς
3103 5638 3349 5701 κτίσεως.

1964 5703 2073 5773 (80)
2105 5703 2196 5757 Sit:
2231 5705 2390 5757 habet
2422 5704 2690 5757 Hilarius:
2717 5703 2782 5755 Et
2816 5722 2980 5771 agnas
3011 5703 3184 5774 ﬂictus
3213 5719 3308 5769 est,
3348 5724 3456 5760 me»

1894 5774 2071 5828 diutor
2103 5773 2199 5828 Dei
2233 5783 2279 5828 et
2309 5776 2574 5828 Itamirum:
2602 5773 3150 5845 jn'a’dcstitmtusﬁdei
3185 5787 3419 5835 ποιῆτε..
