3822 6226
343 310 449 368 725

912 308 970 365 S.
1011 307 1391 365 ATHANASll
1425 309 1578 366 OPP.
1613 311 1813 368 PARS.
1856 309 1898 365 Ι.
1933 340 2001 351 -
2026 307 2402 365 HISTORICA
2440 307 2530 362 ΕΤ
2564 307 2985 367 DOGMATICA.

3492 304 3609 360 πει

343 427 641 485 resurrexit
664 425 826 481 tertia
870 424 961 479 die
989 443 1004 478 :
1035 432 1089 479 et
1114 423 1358 479 ascendit
1385 424 1442 478 in
1470 423 1668 479 caelum
1695 464 1710 489 ,
1743 423 1912 479 sedet-

2056 419 2329 491 έμψαντός
2351 436 2441 492 με·
2480 439 2498 472 ι
2527 420 2619 473 τὸν
2657 420 2898 474 παθόντα
2954 417 3097 491 ὑπὲρ
3126 416 3307 489 ήμῶν,
3337 416 3434 470 καὶ
3463 417 3612 471 ἀνα-

342 535 453 590 que
498 518 568 573 ad
616 518 890 573 dexteram
924 514 1101 571 Patris
1136 534 1149 570 :
1184 524 1240 569 et
1290 515 1487 570 iterum
1520 524 1783 570 venturus
1828 523 1914 571 est

342 625 471 664 cum
505 608 674 677 gloria
702 615 757 662 et
784 603 1080 675 potestate,
1103 605 1354 676 judicare
1377 606 1531 660 vivos
1560 615 1613 661 et
1640 614 1909 661 mortuos.

344 701 412 756 Et
436 701 492 755 in
522 700 783 769 Spiritum
810 706 1057 754 sanctum
1083 738 1098 763 ,
1134 686 1235 767 qui
1259 698 1328 752 ad
1357 699 1788 754 consolationem
1809 739 1824 763 ,
1860 706 1915 752 et

345 791 826 846 sanetiticationem
853 830 867 854 ,
922 798 979 844 et
1028 788 1098 844 ad
1148 789 1511 844 initiationem
1567 788 1916 845 credentibus

343 881 525 946 datur,
556 881 696 936 sicut
722 889 777 935 et
804 879 1066 935 Dominus
1094 888 1283 936 noster
1310 878 1473 935 Jesus
1497 879 1751 936 Christus
1774 895 1908 950 prae-

344 973 486 1044 cepit
504 972 786 1041 discipulis
807 971 994 1027 dicens
1026 991 1041 1027 :
1075 991 1094 1023 ι
1124 970 1328 1026 Euntes
1358 972 1546 1027 docete
1574 987 1765 1027 omnes
1786 987 1917 1043 geu-

344 1074 450 1129 tes,
482 1063 820 1133 baptizantes
851 1077 978 1128 eos,
1012 1062 1067 1115 in
1098 1063 1319 1117 nomine
1345 1060 1560 1129 Patris,
1588 1072 1641 1117 et
1671 1062 1829 1128 Filii,
1864 1072 1918 1118 et

350 1151 591 1223 Spiritus
631 1153 806 1208 sancti
840 1152 883 1206 ⁷.
921 1171 941 1204 ι
980 1151 1178 1218 Patris,
1226 1153 1431 1208 scilicet
1459 1168 1587 1209 vere
1611 1151 1787 1208 Patris
1820 1171 1835 1221 ;
1864 1162 1919 1209 et

345 1245 472 1300 Filii
531 1261 655 1299 vere
689 1244 938 1312 Filii;et
992 1244 1229 1315 Spiritus
1280 1248 1456 1301 sancti
1506 1262 1630 1301 vere
1680 1246 1918 1318 Spiritus

347 1338 525 1395 sancti
558 1356 573 1404 ;
606 1338 920 1392 nominibus
951 1353 1060 1392 non
1092 1346 1295 1392 temere
1340 1347 1432 1393 aut
1461 1337 1727 1392 inutiliter
1771 1338 1919 1407 posi-

346 1434 439 1501 tis,
460 1432 552 1487 sed
575 1440 828 1487 accurate
850 1430 1125 1501 propriam
1147 1430 1486 1500 singulorum
1513 1430 1608 1500 qui
1631 1430 1921 1484 nominan-

347 1533 439 1579 tur
465 1523 820 1595 hypostasim,
847 1524 1092 1577 ordinem
1117 1531 1170 1577 et
1194 1523 1421 1592 gloriam
1448 1522 1919 1591 signiﬁcantibus;

349 1613 487 1668 adeo
516 1622 575 1667 ut
604 1612 880 1683 hypostasi
913 1611 1132 1682 quidem
1164 1612 1266 1665 tria
1316 1612 1426 1666 sint
1452 1629 1468 1678 ;
1500 1612 1794 1667 concordia
1824 1626 1923 1665 au-

348 1708 481 1763 tem,
504 1714 697 1752 unum.
727 1697 879 1754 Hanc
908 1698 1072 1770 igitur
1106 1706 1351 1755 tenentes
1383 1698 1566 1767 ﬁdem,
1590 1715 1821 1770 eamque
1852 1700 1921 1755 ab

349 1790 505 1844 initio
550 1789 617 1843 ad
665 1790 826 1844 linem
876 1805 1051 1859 usque
1081 1790 1135 1845 in
1164 1799 1457 1861 conspectu
1500 1790 1595 1847 Dei
1637 1801 1691 1846 et
1716 1791 1919 1847 Christi
1950 1775 1994 1833 Β

347 1890 669 1944 servantes,
719 1895 940 1949 pravam
987 1894 1204 1935 omnem
1254 1880 1564 1936 haereticam
1615 1882 1920 1937 doctrinam

347 1972 695 2027 anathemate
741 1971 1086 2027 damnamus.
1142 1971 1208 2026 Et
1246 1972 1293 2027 si
1335 1973 1461 2042 quis
1496 1981 1691 2042 praeter
1729 1988 1921 2029 sanam

347 2072 664 2132 sectamque
713 2062 1121 2133 Scripturarum
1171 2063 1332 2119 ﬁdem
1382 2064 1663 2132 docuerit',
1709 2065 1919 2131 dicens,

350 2161 445 2207 aut
480 2161 692 2222 tempus
711 2194 726 2218 ,
752 2164 845 2206 aut
876 2168 1072 2219 aevum,
1105 2161 1198 2208 aut
1228 2155 1485 2209 saeculum
1510 2194 1526 2218 ,
1553 2170 1691 2221 esse,
1718 2157 1804 2210 vel
1829 2172 1924 2209 ex-

348 2245 591 2311 Stitisse,
645 2243 960 2314 priusquam
1009 2243 1182 2300 Filius
1235 2245 1573 2315 gigneretur,
1633 2247 1922 2301 anathema

349 2345 494 2389 esto.
525 2332 595 2386 Et
622 2333 668 2389 si
691 2335 814 2404 quis
847 2334 1044 2388 dixerit
1073 2333 1269 2388 Filium
1300 2347 1606 2390 creaturam
1633 2377 1648 2402 ,
1672 2345 1728 2390 ut
1756 2351 1923 2390 unam

344 2437 414 2480 ‘ex
442 2425 729 2491 creaturis,
755 2433 849 2479 aut
880 2426 1145 2495 genitum,
1172 2433 1230 2478 ut
1260 2441 1433 2480 unum
1466 2441 1530 2480 ex
1562 2426 1760 2497 genitis
1784 2467 1800 2492 ,
1828 2434 1923 2480 aut

348 2516 625 2586 opiﬁcium
646 2558 661 2581 ,
693 2524 755 2570 ut
788 2532 957 2570 unum
987 2531 1054 2569 ex
1080 2515 1311 2584 opiﬁciis
1331 2556 1347 2581 ,
1386 2531 1561 2586 neque
1602 2516 1818 2587 singula
1864 2523 1924 2570 ut

348 2607 546 2663 divinae
575 2606 873 2676 Scriptura:
904 2607 1276 2671 tradiderunt,
1337 2614 1500 2677 prout
1542 2608 1734 2661 ordine
1780 2606 1922 2661 dicta

351 2710 500 2765 sunt,
532 2700 848 2770 proﬁteatur
874 2716 888 2765 ;
913 2707 1007 2753 aut
1029 2700 1075 2755 si
1103 2699 1305 2768 aliquid
1338 2698 1605 2763 docuerit,
1635 2708 1727 2752 aut
1754 2714 1923 2753 evan-

351 2792 696 2862 gelizaverit.
732 2799 930 2860 pra'ter
975 2791 1027 2846 id
1058 2791 1204 2862 quod
1255 2790 1601 2861 accepimus,
1634 2791 1922 2847 anathema

350 2891 491 2936 esto.
528 2880 641 2936 Nos
671 2883 815 2936 enim
844 2882 1027 2936 omnia
1056 2898 1176 2952 quae
1207 2883 1378 2938 sacris
1409 2883 1464 2936 in
1493 2881 1792 2953 Scripturis
1814 2892 1924 2939 tra-

351 2974 591 3040 duntur,
622 2990 745 3027 cum
777 2989 808 3028 a
843 2974 1123 3043 prophetis
1152 2982 1265 3028 tum
1292 2974 1361 3028 ab
1389 2974 1670 3045 apostolis,
1700 2991 1826 3031 vere
1859 2992 1922 3032 ac

351 3064 604 3133 religiose
629 3065 902 3119 credimus
936 3073 1339 3137 sectamurque.
1371 3084 1388 3115 ι

2018 513 2218 567 στάντα
2247 512 2357 585 (81)
2392 514 2456 583 τῇ
2486 513 2642 583 τρίτη
2672 512 2877 583 ἡμέρᾳ·
2923 512 3018 566 καὶ
3073 509 3367 564 ἀνελθόντα
3407 510 3490 573 είς
3510 508 3615 563 οὺ-

2018 607 2232 677 ρανοὺς,
2258 606 2352 659 καὶ
2386 604 2720 658 καθεσθέντα
2769 606 2827 657 ὲν
2881 603 3032 675 δεξιᾷ
3092 602 3189 656 τοῦ
3217 600 3452 673 Πατρός·
3507 601 3614 654 καὶ

2016 697 2178 750 πάλιν
2205 697 2497 768 ἐρχόμενον
2549 695 2685 767 μετὰ
2712 694 2869 766 δόξης
2924 696 3018 748 καὶ
3060 694 3363 764 δυνάμεως,
3419 694 3611 762 κρῖναι

2017 788 2226 853 ζῶντας
2249 790 2343 844 καὶ
2368 789 2614 861 νεκρούς·
2645 790 2739 842 καὶ
2781 791 2860 852 είς
2892 788 2952 840 τὸ
2984 786 3210 858 Πνεῦμα
3238 786 3300 840 τὸ
3331 786 3506 855 άγιον,
3539 784 3610 837 τὺ

2017 886 2100 946 εἰς
2137 883 2501 955 παράκλησιν,
2555 884 2650 936 καὶ
2696 882 2986 953 άγιασμὸν,
3035 881 3132 934 καὶ
3169 878 3447 932 τελείωσιν
3488 879 3613 940 τοῖς

2017 976 2331 1030 πιστεύουσι
2395 976 2689 1047 διδόμενον,
2757 972 2940 1037 καθὼς
2991 973 3087 1027 καὶ
3138 972 3168 1024 ό
3197 970 3402 1042 Κύριος
3445 968 3611 1039 ἡμῶν

2031 1068 2236 1138 Ἰησοῦς
2290 1068 2523 1139 Χριστὸς
2582 1066 2862 1132 διετάξατο
2918 1069 3031 1129 τοῖς
3070 1064 3340 1136 μαθηταῖς
3403 1060 3605 1130 λέγων·

2025 1182 2043 1213 ι
2078 1160 2460 1233 Πορευθέντες,
2500 1159 2874 1231 μαθητεύσατε
2907 1159 3084 1213 πάντα
3111 1156 3182 1210 τά
3229 1156 3380 1226 ἔθνη,
3413 1152 3616 1224 βαπτί-

2020 1249 2201 1315 ζοντες
2236 1253 2432 1316 αὐτοὺς
2489 1254 2570 1315 εἰς
2619 1251 2681 1304 τὸ
2726 1250 2898 1322 ὄνομα
2940 1249 3035 1303 τοῦ
3091 1246 3326 1320 Πατρὸς,
3383 1245 3478 1298 καὶ
3507 1243 3612 1297 τοῦ

2020 1341 2174 1407 Υίοῦ,
2208 1343 2300 1395 καὶ
2328 1341 2423 1394 τοῦ
2456 1342 2609 1411 ἁγίου
2656 1342 2993 1413 Πνεύματος·
3022 1359 3041 1392 ι
3092 1338 3335 1410 δηλονότι
3371 1334 3610 1406 Πατρὺς,

2020 1434 2237 1504 ἀληθῶς
2269 1434 2380 1504 (82)
2413 1434 2627 1506 Πατρὸς
2659 1434 2830 1499 ὄντος,
2867 1432 3001 1486 Υἱοῦ
3027 1433 3085 1485 δὲ
3119 1429 3335 1501 άληθῶς
3360 1427 3496 1482 Υἱοῦ
3520 1428 3611 1480 ὅν-

2020 1545 2131 1591 τος,
2158 1526 2250 1580 τοῦ
2282 1527 2338 1580 δὲ
2367 1528 2521 1594 ἁγίου
2548 1526 2863 1596 Πνεύματος
2919 1523 3134 1595 ἀληθῶς
3169 1522 3324 1592 ἀγίου
3355 1520 3616 1590 Πνεύμα-

2022 1636 2112 1681 τος
2134 1618 2305 1684 ὄντος,
2333 1618 2443 1672 τῶν
2464 1618 2745 1688 ὀνομάτων
2771 1619 2870 1688 οὐχ
2898 1615 3083 1679 άπλῶς
3109 1614 3230 1668 οὐδὲ
3280 1611 3467 1683 ἀργῶς
3498 1626 3619 1664 κει-

2027 1705 2222 1770 μένων,
2255 1705 2392 1759 ἀλλά
2418 1706 2790 1776 σημαινόντων
2826 1703 3072 1776 ἀκριϐῶς
3114 1703 3213 1774 τὴν
3237 1701 3443 1755 οἰκείαν
3479 1698 3616 1752 ἐκά-

2023 1814 2147 1851 στου
2178 1797 2286 1849 τῶν
2306 1797 2720 1868 ὀνομαζομένων
2752 1796 3049 1850 ὑπόστασιν
3076 1812 3137 1848 τε
3190 1794 3287 1848 καὶ
3332 1791 3487 1859 τάξιν
3515 1789 3619 1846 καὶ

2024 1886 2201 1951 δόξαν·
2236 1887 2312 1950 ὡς
2338 1883 2479 1940 εἷναι
2509 1889 2574 1958 τῇ
2606 1888 2702 1957 μὲν
2744 1887 3039 1940 ὑποστάσει
3090 1885 3240 1957 τρία,
3283 1886 3350 1955 τῇ
3382 1883 3438 1936 δὲ
3469 1899 3619 1952 συμ-

2024 1978 2198 2049 φωνίᾳ
2229 1978 2306 2031 ἓν.
2347 1979 2565 2048 Ταύτην
2597 1974 2689 2031 οὖν
2745 1978 2959 2048 ἔχοντες
3010 1976 3106 2048 τὴν
3167 1976 3373 2041 πίστιν,
3430 1974 3527 2027 καὶ
3553 1971 3620 2039 ἐξ

2023 2069 2195 2139 ἀρχῆς
2229 2069 2322 2121 καὶ
2346 2068 2506 2138 μέχρι
2534 2067 2719 2129 τέλους
2741 2066 2954 2136 ἔχοντες
2985 2064 3216 2118 ένώπιον
3236 2061 3331 2115 τοῦ
3348 2061 3485 2114 Θεοῦ
3498 2059 3619 2131 (85)

2023 2158 2117 2211 καὶ
2136 2156 2230 2210 τοῦ
2261 2158 2516 2228 Χριστοῦ,
2571 2158 2750 2211 πᾶσαν
2803 2157 3086 2227 αἱρετικὴν
3137 2150 3457 2216 κακοδοξίαν
3481 2153 3621 2205 ἀνα-

2024 2248 2402 2321 θεματίζομεν.
2431 2250 2541 2303 Καὶ
2567 2250 2726 2313 εἴτις
2757 2251 2907 2322 παρά
2934 2247 3034 2320 τὴν
3068 2247 3199 2317 ὑγιῆ
3230 2245 3340 2299 τῶν
3372 2245 3617 2315 Γραφῶν

2023 2341 2186 2414 ὀρθὴν
2220 2342 2400 2395 πίστιν
2425 2340 2684 2405 διδάσκει,
2710 2340 2885 2408 λέγων
2914 2339 2948 2410 ἢ
2983 2338 3173 2410 χρόνον
3232 2336 3368 2407 (84),
3417 2336 3451 2407 ἦ
3488 2351 3619 2390 και-

2024 2434 2138 2506 ρὸν,
2168 2433 2201 2503 ἢ
2238 2433 2431 2493 αἰῶνα,
2465 2432 2498 2504 ἢ
2526 2428 2685 2496 εἶναι,
2713 2432 2747 2501 ἢ
2797 2431 3100 2500 γεγονέναι,
3149 2428 3256 2500 πρὸ
3293 2426 3387 2481 τοῦ
3413 2442 3617 2497 γεννη-
3696 2430 3701 2433 λ

2024 2525 2181 2597 θῆναι
2205 2527 2295 2580 τὸν
2319 2525 2471 2588 Υἱὸν,
2498 2524 2747 2595 ἀνάθεμα
2782 2523 2945 2578 έστω.
2976 2523 3088 2577 Καὶ
3144 2521 3199 2575 εί
3222 2539 3306 2585 τις
3354 2519 3502 2587 λέγει
3524 2519 3623 2572 τὸν

2024 2602 2415 2689 Υίὸνκτίσμα,
2440 2617 2516 2681 ὡς
2562 2617 2618 2671 ἒν
2655 2616 2765 2669 τῶν
2813 2615 3149 2686 κτισμάτων,
3183 2613 3217 2684 ἦ
3252 2613 3504 2682 γέννημα
3532 2609 3621 2674 ὡς

2024 2708 2081 2761 ἓν
2107 2708 2215 2762 τῶν
2237 2709 2593 2780 γεννημάτων
2613 2708 2747 2778 (85),
2764 2708 2798 2778 ἢ
2828 2707 3063 2779 ποίημα,
3076 2707 3152 2770 ὼς
3172 2706 3230 2761 ἓν
3252 2704 3359 2758 τῶν
3384 2701 3628 2774 ποιημά-

2022 2816 2151 2864 των,
2187 2800 2282 2853 καὶ
2323 2799 2396 2871 μὴ
2422 2800 2497 2864 ὡς
2526 2802 2581 2854 αἱ
2622 2800 2761 2854 θεῖαι
2794 2800 3009 2871 Γραφαὶ
3066 2796 3480 2868 παραδέδωκαν,
3509 2792 3627 2849 τῶν

2024 2890 2436 2961 προειρημένων
2459 2891 2690 2945 ἕκαστον
2712 2891 2805 2960 ἀφ’
2836 2890 3088 2943 ἑκάστου·
3130 2887 3165 2956 ἢ
3211 2887 3266 2940 εῐ
3289 2903 3341 2938 τι
3366 2885 3495 2939 άλλο
3534 2882 3623 2936 δι·-

2023 2981 2236 3045 δάσκει,
2263 2982 2296 3054 ἢ
2326 2983 2759 3052 εὐαγγελίζεται,
2813 2981 2942 3052 παρ’
2986 2980 3015 3033 ὃ
3059 2977 3461 3049 παρελάϐομεν,
3484 2974 3627 3029 ἀνά-

2025 3072 2167 3143 θεμα-
2199 3072 2360 3126 ἔστω·
2404 3072 2589 3144 Ἡμεῖς
2621 3074 2731 3145 γὰρ
2752 3074 2888 3127 πᾶσι
2913 3072 3026 3134 τοῖς
3059 3073 3123 3124 ὲκ
3148 3068 3258 3121 τῶν
3292 3066 3454 3121 θείων
3482 3064 3627 3136 Γρα-

352 3155 470 3226 φῶν
523 3154 967 3226 ποραδεδομένοις
1021 3155 1125 3210 ὑπό
1152 3173 1211 3209 τε
1237 3155 1532 3228 προφητῶν
1556 3157 1650 3210 καὶ
1678 3157 1990 3215 ἀποστόλων
2040 3163 2308 3235 ἀληθινῶς
2342 3183 2403 3218 τε
2433 3168 2529 3219 καὶ
2554 3165 2807 3238 ὲμφόόως
2837 3163 2948 3236 (86)
2997 3163 3092 3216 καὶ
3151 3158 3480 3229 πιστεύομεν
3524 3159 3627 3213 καὶ

352 3245 643 3299 ἀκολουθοῦ
651 3264 769 3316 μεν,
821 3264 840 3298 ι

422 3339 510 3393 24.
541 3337 961 3407 Theophronius
1010 3352 1173 3408 porro
1205 3337 1426 3408 quidam
1461 3339 1751 3411 episcopus
1782 3339 1922 3412 Tya—

2093 3341 2183 3394 24.
2214 3342 2324 3394 Καὶ
2345 3341 2665 3413 Θεοφρόνιος
2699 3339 2757 3394 δέ
2793 3355 2877 3402 τις
2910 3337 3209 3399 ἐπίσκοπος
3237 3334 3464 3389 Τυάνων
3500 3336 3625 3407 (87)

351 3430 557 3494 nensis,
589 3429 728 3483 hanc
759 3428 882 3483 lidei
902 3427 1189 3483 formulam
1219 3446 1250 3482 ιι
1278 3443 1339 3483 se
1360 3431 1715 3499 compositam
1743 3446 1927 3485 coram

351 3520 606 3575 omnibus
641 3519 964 3589 proposuit,
996 3520 1119 3586 cui,
1167 3519 1408 3575 hominis
1446 3522 1744 3591 approbata
1799 3523 1927 3592 ﬁde,

354 3613 800 3682 subscripserunt
833 3628 1024 3668 omnes
1055 3631 1068 3667 :

429 3726 446 3757 ι
473 3703 633 3761 Novit
657 3704 819 3771 Deus,
851 3720 1014 3775 quem
1041 3714 1232 3761 testem
1264 3705 1319 3760 in
1356 3707 1603 3762 animam
1632 3724 1808 3765 meam
1830 3710 1929 3776 ad-

352 3812 516 3864 voco,
548 3813 635 3851 me
665 3797 738 3851 ita
770 3798 1014 3861 credere,
1046 3796 1276 3863 scilicet,
1307 3798 1362 3851 in
1392 3815 1561 3853 unum
1605 3798 1775 3854 Deum
1819 3800 1927 3855 Pa-

348 3900 488 3944 trem
547 3890 1015 3958 omnipotentem,
1076 3891 1460 3946 universorum
1513 3902 1815 3947 creatorem
1871 3901 1928 3948 et

349 3983 617 4037 factorem
644 4022 660 4046 ,
706 3998 774 4037 ex
818 3998 929 4054 quo
957 3983 1163 4037 omnia.
1192 3982 1282 4054 .Et
1312 3983 1366 4036 in
1394 3981 1591 4038 Filium
1644 3983 1763 4053 ejus
1804 3984 1929 4039 uni-

349 4074 590 4144 genitum
617 4114 630 4138 ,
660 4072 831 4128 Deum
855 4114 871 4139 ,
906 4071 1145 4128 Verbum
1165 4114 1182 4139 ,
1214 4075 1510 4142 potentiam
1533 4112 1550 4136 ,
1578 4074 1923 4143 sapientiam,

350 4164 642 4220 Dominum
672 4173 921 4225 nostrum
950 4163 1135 4219 Jesum
1162 4164 1467 4228 Christum,
1494 4180 1591 4234 per
1612 4181 1774 4235 quem
1806 4180 1926 4219 om-

350 4259 439 4312 nia
463 4299 478 4321 ,
508 4272 577 4311 ex
605 4256 768 4311 Patre
796 4264 982 4311 natum
1017 4266 1142 4310 ante
1169 4256 1389 4320 saecula,
1422 4254 1593 4310 Deum
1627 4255 1923 4325 perlectum

348 4366 416 4405 ex
444 4349 554 4404 Deo
585 4348 823 4417 perfecto
854 4366 868 4414 ;
900 4348 998 4418 qui
1032 4359 1117 4404 est
1153 4348 1295 4417 apud
1327 4346 1497 4402 Deum
1525 4348 1581 4402 in
1607 4348 1920 4419 hypostasi;

349 4443 443 4511 qui
468 4442 521 4495 in
555 4441 869 4497 novissimis
903 4441 1096 4497 diebus
1121 4440 1433 4503 descendit,
1477 4449 1531 4494 et
1559 4450 1721 4494 natus
1754 4450 1924 4496 estex

349 4532 574 4605 Virgine
592 4575 607 4600 ,
638 4534 940 4590 secundum
965 4532 1278 4603 Scripturas
1304 4573 1321 4600 ,
1353 4531 1519 4603 589
1546 4532 1711 4588 homo
1744 4534 1922 4592 factus

349 4636 456 4691 est,
484 4642 681 4696 passus
702 4636 807 4693 est,
835 4627 1134 4684 resurrexit
1155 4641 1187 4682 a
1214 4625 1448 4681 mortuis
1467 4666 1483 4692 ,
1513 4634 1568 4681 et
1592 4628 1837 4683 ascendit
1862 4630 1920 4685 in

2031 3432 2243 3497 συνθεὶς
2285 3433 2381 3485 καὶ
2430 3433 2591 3497 αὐτὸς
2638 3429 2851 3495 ἐξέθετο
2884 3428 2986 3498 τὴν
3046 3427 3230 3481 πίστιν
3284 3426 3489 3496 ταύτην
3522 3427 3630 3498 ἐμ-

2029 3524 2264 3595 προσθεν
2292 3524 2400 3577 τῶν
2425 3524 2664 3583 πάντων,
2760 3519 2854 3573 καὶ
2880 3519 3080 3581 πάντες
3109 3516 3458 3589 ὑπέγραψαν,
3483 3518 3629 3572 ἀπο-

2025 3615 2308 3685 δεξάμενοι
2338 3614 2437 3686 τὴν
2463 3612 2556 3666 τοῦ
2585 3610 2872 3682 ἀνθρώπου
2901 3608 3082 3685 πίστιν
3105 3624 3120 3638 ·

2099 3707 2208 3780 (88)
2240 3727 2258 3758 ι
2293 3702 2444 3760 Οἶδεν
2477 3706 2505 3757 ὁ
2551 3704 2705 3769 Θεὸς,
2767 3703 2826 3755 ὃν
2879 3700 3137 3773 μάρτυρα
3171 3698 3319 3753 καλῶ
3372 3700 3470 3752 ἐπὶ
3519 3698 3628 3770 τὴν

2027 3800 2167 3873 ἐμὴν
2195 3797 2392 3869 ψυχὴν,
2440 3797 2522 3850 ὄτι
2557 3794 2730 3858 οὕτως
2773 3791 3035 3846 πιστεύω·
3090 3792 3170 3854 είς
3217 3790 3351 3844 Θεὸν
3400 3790 3629 3860 Πατέρα

2027 3891 2464 3962 παντοκράτορα,
2497 3887 2588 3940 τὸν
2613 3885 2720 3939 τῶν
2752 3884 2889 3938 ὅλων
2911 3884 3134 3953 κτίστην
3155 3882 3250 3935 καὶ
3276 3881 3531 3953 ποιητὴν,
3548 3880 3626 3949 ἐξ

2025 3981 2086 4039 οῦ
2114 3984 2181 4037 τά
2208 3983 2404 4036 πάντα·
2431 3982 2523 4035 καὶ
2556 3981 2634 4042 εἰς
2665 3979 2755 4031 τὸν
2788 3977 2918 4031 Υἱὸν
2973 3975 3139 4029 αὐτοῦ
3175 3976 3264 4029 τὸν
3329 3975 3625 4046 μονογενῆ,

2026 4076 2156 4131 Θεὸν
2181 4076 2315 4145 (89),
2342 4073 2535 4142 Λόγον,
2571 4071 2802 4141 δύναμιν
2856 4068 2953 4121 καὶ
3014 4068 3231 4137 σοφίαν,
3280 4067 3372 4120 τὸν
3409 4066 3623 4138 Κύριον

2024 4169 2185 4241 ἡμῶν
2218 4168 2424 4239 Ἰησοῦν
2454 4165 2706 4238 Χριστὸν,
2757 4162 2824 4217 δι’
2850 4156 2912 4217 οὗ
2952 4160 3021 4214 τὰ
3073 4162 3273 4222 πάντα,
3303 4159 3394 4212 τὸν
3427 4174 3627 4228 γεννη-

2027 4260 2187 4314 θέντα
2220 4262 2284 4312 ὲκ
2310 4258 2401 4311 τοῦ
2432 4258 2643 4331 Πατρὸς
2677 4256 2787 4328 πρὸ
2833 4253 2940 4308 τῶν
2969 4251 3201 4316 αἰώνων,
3236 4251 3369 4303 Θεὸν
3408 4249 3621 4303 τέλειον

2026 4355 2090 4406 ἐκ
2121 4352 2255 4406 Θεοῦ
2279 4351 2508 4413 τελείου,
2539 4351 2633 4404 καὶ¹
2678 4349 2808 4403 ὄντα
2860 4346 2995 4420 πρὸς
3021 4344 3112 4398 τὸν
3138 4343 3269 4397 Θεὸν
3295 4344 3352 4394 ἐν
3377 4342 3624 4395 ὑποστά-

2028 4460 2128 4496 σει·
2164 4445 2248 4497 ὲπ⁸
2278 4443 2520 4513 ἐσχάτων
2548 4442 2604 4495 δὲ
2627 4441 2735 4494 τῶν
2761 4440 2984 4512 ἡμερῶν
3008 4434 3361 4497 κατελθόντα,
3381 4434 3477 4486 καὶ
3500 4450 3625 4501 γεν-

2025 4536 2254 4606 νηθέντα
2287 4537 2351 4588 ὲκ
2380 4536 2481 4605 τῆς
2512 4534 2791 4606 Παρθένου
2843 4531 2985 4585 κατά
3037 4528 3134 4592 τὰς
3176 4526 3414 4597 Γραφάς,
3461 4526 3624 4593 ἐναν-

2025 4628 2390 4701 θρωπήσαντα
2409 4669 2424 4694 ,
2488 4627 2759 4690 παθόντα,
2824 4623 2920 4678 καὶ
2988 4620 3295 4676 ἀναστάντα
3354 4617 3463 4670 ἀπὸ
3505 4616 3622 4670 τῶν

348 4717 517 4771 melos
536 4756 552 4781 ,
584 4715 840 4784 sedetque
870 4716 937 4770 ad
963 4715 1243 4770 dexteram
1270 4712 1450 4769 Patris
1477 4715 1586 4771 sui.
1635 4714 1702 4770 Et
1727 4718 1922 4774 iterum

2056 4719 2275 4792 νεκρῶν,
2334 4720 2429 4773 καὶ
2492 4718 2783 4773 ἀνελθόντα
2852 4716 2932 4779 είς
2984 4714 3111 4775 τοὺς
3166 4709 3462 4781 οὐρανοὺς,
3522 4707 3623 4760 καὶ

350 4817 615 4862 venturus
643 4817 727 4862 est
753 4822 877 4862 cum
913 4806 1084 4878 gloria
1114 4814 1170 4862 et
1199 4814 1468 4876 potestate
1490 4848 1506 4872 ,
1554 4808 1801 4878 judicare
1846 4812 1930 4866 vi-

348 4914 449 4956 vos
475 4909 529 4955 et
560 4908 807 4955 mortuos
831 4940 846 4962 ,
882 4908 1175 4970 manetque
1205 4900 1262 4954 in
1296 4899 1514 4955 saecula.
1565 4899 1632 4955 Et
1662 4902 1720 4956 in
1753 4900 1927 4973 Spiri—

463 4991 484 5022 "
523 4989 716 5045 Matth.
748 5005 944 5055 xxviii,
980 4989 1069 5045 l9.

422 5085 536 5155 (8|)
573 5084 728 5140 Socr.
761 5093 885 5155 post
927 5084 1259 5148 ἀναστάντα,
1302 5084 1516 5155 repetit,
1565 5083 1707 5155 ὑπὲρ
1753 5082 1929 5155 ἡμῶν.

350 5152 533 5240 Hilar.
559 5171 686 5240 vero
723 5174 735 5208 :
762 5152 877 5221 'Qui
909 5171 1096 5225 passus
1126 5167 1201 5209 est
1234 5165 1281 5208 et
1320 5152 1611 5208 resurrexit
1651 5152 1746 5221 pro
1778 5152 1968 5231 nobis.

351 5226 822 5369 ter(‘8g)d8:crates
856 5295 954 5369 his
985 5292 1256 5369 ἀληθινῶς
1287 5293 1470 5355 habet,
1505 5290 1931 5369 lertioﬁqutbg,

351 5363 523 5422 ιη’ξὴ
566 5366 733 5435 Regio
782 5366 1046 5433 habetur,
1078 5363 1245 5434 quod
1294 5375 1629 5435 postremum
1670 5363 1725 5416 in
1766 5363 1934 5435 editis

351 5441 523 5493 deest.
579 5431 724 5492 Infra
774 5435 976 5506 Regius
1017 5431 1073 5491 et
1120 5431 1411 5501 Socrates,
1468 5433 1718 5486 ἑκάστου.
1766 5431 1931 5498 Editi,

353 5509 713 5633 ἑκῗὲῗξξλιίωο
755 5576 1020 5630 habentur
1068 5575 1209 5645 apud
1254 5572 1478 5645 Niceph.
1520 5572 1614 5645 lib.
1648 5588 1700 5637 χ,
1725 5586 1844 5645 cap.
1873 5568 1928 5635 5,

353 5664 478 5717 pag.
509 5647 632 5717 68D.
660 5646 863 5717 Ibidem
908 5641 1336 5717 δοοτ.,’ἔχοντες
1363 5641 1463 5714 τὴν
1490 5644 1672 5697 πίστιν
1700 5641 1928 5696 ἐνώπιον

353 5715 447 5772 τοῦ
482 5716 639 5777 Θεοῦ,
665 5716 885 5771 omissis
911 5715 1248 5770 intermediis

426 5788 539 5850 (84)
579 5789 649 5841 Ἢ
679 5786 869 5852 γρόνον
913 5785 1065 5842 deest
1108 5786 1163 5842 in
1200 5784 1445 5842 Socrate.
1476 5783 1600 5841 Mox
1626 5783 1789 5852 idem,
1823 5781 1930 5848 πρὸ

2038 4812 2370 4866 καθεσθέντα
2386 4813 2450 4864 ὲκ
2476 4810 2662 4875 δεξιῶν
2689 4808 2785 4863 τοῦ
2835 4806 3047 4878 Πατρὸς
3094 4802 3281 4857 αὐτοῦ·
3327 4800 3419 4853 καὶ
3450 4799 3623 4852 πάλιν

2036 4905 2329 4976 ἐρχόμενον
2362 4902 2499 4973 μετά
2524 4901 2681 4973 δόξης
2704 4901 2799 4954 κα)¹
2836 4898 3117 4970 δυνάμεως
3178 4897 3360 4949 κρῖναι
3401 4891 3618 4956 ζῶντας

2644 5018 2677 5037 δ

2039 5080 2133 5134 τοῦ
2164 5081 2255 5134 τὸν
2280 5081 2428 5145 Υἰόν,
2459 5081 2666 5135 omisso
2697 5077 3043 5149 γεννηθῆναι.

2112 5150 2227 5221 (85)
2258 5150 2332 5206 lta
2368 5144 2499 5219 Heg.
2537 5152 2624 5204 cui
2656 5144 3131 5221 consentitgii‘ilar.
3165 5144 3306 5221 Editi
3326 5183 3342 5207 ,
3372 5145 3481 5221 τῶν
3506 5162 3619 5199 κτι-

2042 5215 2287 5307 σμάτων,
2320 5221 2414 5302 καὶ
2445 5215 2521 5307 μὴ
2555 5221 2629 5307 di;
2651 5221 2730 5284 αἱ,
2753 5218 2975 5307 omissis
3002 5215 3355 5307 interpositis.
3394 5218 3612 5307 δοθείη.

2040 5284 2156 5346 haec
2182 5293 2412 5354 omittit,
2510 5284 2739 5360 ποίημα,
2774 5289 2850 5350 ὡς
2895 5286 2954 5340 ἓν
2982 5286 3089 5339 τῶν
3118 5286 3453 5356 ποιημάτων.
3487 5284 3616 5340 Mox

2043 5360 2279 5438 SperatL2
2297 5378 2455 5438 grape;
2487 5358 2716 5438 εδώκασι
2748 5358 2856 5438 τῶν
2893 5355 3305 5438 προειρημένων
3327 5354 3551 5409 ἕκαστα·
3576 5355 3611 5418 ἦ

2041 5432 2096 5484 ετ
2118 5449 2202 5494 τις
2229 5427 2463 5497 mage:
2490 5431 2561 5483 ita
2590 5430 2718 5498 legit
2756 5427 3012 5498 Hilarius.

2109 5492 2219 5570 (86)
2254 5492 2434 5561 Socin,
2464 5492 2741 5569 ἐμφανῶς.
2765 5498 2889 5553 Mox
2920 5496 3049 5566 Reg.
3078 5492 3487 5564 ἀκολουθῶμεν.

2131 5572 2221 5640 87)
2250 5570 2385 5640 Beg.
2409 5571 2667 5640 Τοιάνων.

2109 5574 2221 5707 (87)
2256 5574 2385 5640 Reg.
2409 5574 2667 5623 Τοιάνων.

2131 5643 2220 5711 88)
2247 5639 2429 5711 Tertia
2466 5641 2586 5711 Iidei
2615 5637 2846 5711 formula
2885 5636 3086 5711 scripta
3116 5648 3262 5711 anno
3289 5632 3416 5689 542.

2111 5704 2221 5784 (89)
2252 5710 2385 5784 Reg.
2417 5710 2549 5765 Θεὸν
2571 5708 2761 5781 Λόγον,
2797 5704 3259 5778 absque'virgula.
