3822 6226
162 338 288 399 ’725

1574 333 1663 388 DE
1699 329 2008 390 SYNODIS.

3317 324 3422 384 726

177 459 276 510 καὶ
288 456 540 526 νεκροὺς,
560 455 655 508 καὶ
701 452 931 524 μένοντα
959 453 1038 515 εἰς
1060 453 1185 515 τοὺς
1213 450 1431 515 αἰῶνας
1468 451 1665 516 xciet;
1699 451 1761 504 τὸ

1883 469 1978 506 um
2023 460 2267 508 sanetum
2297 489 2313 516 ,
2369 447 2788 511 consolatorem,
2847 443 3107 514 Spiritum
3157 445 3422 512 veritatis,

179 549 412 619 Πνεῦμα
441 547 613 612 ἆγιον,
642 545 732 598 τὸν
758 542 1134 614 Παράκλητον,
1169 542 1228 594 τὸ
1258 541 1484 614 πνεῦμα
1503 543 1602 614 τῆς
1625 543 1758 614 ἀλη-

181 637 418 701 θείας,οὸ
446 636 542 689 καὶ
585 635 673 688 διὰ
701 633 795 688 τοῦ
841 634 1122 704 προφήτου
1159 633 1520 704 ἐπηγγείλατο
1568 635 1596 686 ὁ
1628 634 1761 696 Θεὸς

181 726 394 797 ὲκχέειν
424 727 517 778 ἐπὶ
539 725 664 788 τοὺς
688 723 891 776 ἑαυτοῦ·
913 723 1151 794 δούλους,
1183 724 1277 777 καὶ
1306 725 1334 776 ὁ
1362 722 1564 794 Κύριος
1591 725 1762 794 ἐπηγ-

180 820 400 889 γείλατο
431 819 643 888 πέμψαι
683 820 795 881 τοῖς
831 817 1022 870 ἑαυτοῦ
1075 817 1361 889 μαθηταῖς,
1396 815 1424 867 ὃ
1466 818 1558 869 καί
1594 816 1764 886 ἐπεμ-

179 912 303 981 ψεν,
332 910 411 974 ὡς
437 913 492 964 αἱ
536 909 771 986 Πράξεις
801 910 908 963 τῶν
936 909 1244 963 ἀποστόλων
1279 908 1661 980 μαρτυροῦσιν.
1698 909 1762 962 Εἰ

181 1004 239 1056 δέ
259 1021 344 1066 τις
375 1003 525 1072 παρὰ
555 1003 758 1072 ταύτην
807 1003 906 1072 τὴν
950 1003 1131 1054 πίστιν
1176 1001 1433 1064 διδάσκει,
1496 1001 1528 1070 ἢ
1563 1000 1672 1071 ἔχει
1705 1003 1764 1054 έν

183 1095 388 1165 έαυτῷ,
415 1093 662 1164 ἀνάθεμα
713 1093 871 1146 ἔστω·
923 1095 1018 1147 καὶ
1073 1092 1392 1163 Μαρκέλλου
1431 1091 1526 1146 τοῦ
1568 1093 1763 1161 Ἀγκύ-

187 1201 310 1254 ρας,
343 1184 378 1255 ἢ
401 1183 708 1247 Σαϐελλίου,
747 1182 800 1252 ἢ·
840 1181 1054 1236 Παύλου
1087 1183 1182 1236 τοῦ
1217 1183 1594 1254 Σαμοσατέως,
1643 1183 1768 1237 ἀνά-

186 1276 332 1346 θεμα
370 1275 510 1329 ἔστω
561 1276 654 1330 καὶ
706 1275 887 1339 αὐτὸς,
944 1275 1039 1330 καὶ
1079 1275 1275 1339 πάντες
1313 1275 1361 1328 οἱ
1390 1275 1766 1340 κοινωνοῦντες

187 1367 342 1438 αὐτῷ
375 1368 510 1438 (90).
525 1387 544 1418 ι

257 1456 352 1510 25.
372 1455 484 1526 (9·1)
511 1452 691 1509 Ἦσαν
709 1455 766 1508 δὲ
789 1455 840 1508 οἰ
866 1453 1206 1518 συνελθόντες
1227 1456 1283 1509 ὲν
1310 1457 1422 1520 τοῖς
1450 1456 1770 1525 Ἐγκαινίοις

189 1546 483 1600 ἐπίσκοποι
535 1547 880 1617 ἐνενήκοντα,
944 1546 1178 1618 ὑπατείᾳ
1244 1547 1616 1617 Μαρκελλίνου
1678 1549 1772 1602 καὶ

192 1639 487 1710 Προὸίνου,
513 1638 834 1701 ἰνδικτιῶνος
854 1639 934 1705 ιδ’,
958 1639 1086 1691 ἐκεῖ
1103 1638 1253 1702 ὄντος
1278 1639 1650 1693 Κωνσταντίου
1677 1639 1769 1693 τοῦ

188 1735 576 1788 ἀσεϐεστάτου.
608 1732 794 1786 Ταῦτα
850 1733 1155 1804 πράξαντες
1217 1735 1274 1786 έν
1313 1733 1612 1804 Ἀντιοχείᾳ
1661 1735 1772 1796 τοῖς

1861 560 2024 615 quem
2057 559 2154 614 per
2193 541 2511 614 preph'etam
2559 538 2808 610 promisit
2857 536 3000 593 Deus
3036 553 3094 593 se
3122 537 3424 595 eﬁ‘usurum

1863 652 2028 706 super
2055 651 2242 691 servos
2270 649 2400 690 suos
2422 635 2466 699 ⁸,
2498 642 2552 688 et
2576 632 2839 688 Dominus
2860 631 3111 703 promisit
3132 647 3192 688 se
3219 633 3425 689 missu-

1861 745 1982 783 rum
2015 728 2130 784 suis
2155 727 2435 796 discipulis
2459 728 2502 791 ',
2535 741 2694 795 quem
2726 726 2890 780 etiam
2921 724 3102 790 misit,
3137 733 3193 780 ut
3218 734 3424 781 testan-

1863 827 1954 873 tur
1991 819 2360 888 apostolorum
2392 817 2527 873 Acta
2557 818 2620 872 ¹⁶.
2681 817 2738 872 Si
2785 818 2908 887 quis
2939 827 3119 873 autem
3146 820 3424 890 quidpiam

1864 923 2059 980 praeter
2088 911 2230 968 hanc
2274 911 2432 966 ﬁdem
2468 911 2659 975 docet,
2690 919 2784 964 aut
2803 911 2943 965 intra
2975 927 3034 968 se
3061 913 3263 977 sentit,
3295 929 3425 968 ana-

1864 1005 2055 1065 thema,
2097 1013 2233 1059 esto.
2302 1002 2369 1058 Et
2416 1003 2512 1073 qui
2561 1018 2684 1056 cum
2727 1001 2980 1058 Marcello
3016 1004 3241 1077 Ancyra:
3268 1046 3284 1072 ,
3332 1016 3446 1064 aut.

1868 1093 2104 1152 Sabellio
2126 1137 2142 1162 ,
2175 1095 2259 1150 vel
2287 1094 2457 1152 Paulo
2485 1093 2854 1152 Samosatensi
2893 1095 3056 1150 sentit
3081 1136 3096 1158 ,
3139 1097 3450 1157 anathema.

1868 1189 1915 1244 is
1945 1203 2163 1260 quoque
2186 1188 2276 1254 sit,
2309 1196 2362 1242 et
2380 1187 2692 1257 quicunque
2721 1200 2844 1240 cum
2869 1201 2936 1241 eo
2965 1189 3424 1243 communicant.)

1871 1473 1886 1487 '
1942 1471 2032 1525 25.
2066 1469 2236 1525 Porro
2257 1469 2356 1540 qui
2383 1468 2451 1523 ad
2486 1466 2743 1522 Encamia
2769 1475 3141 1522 convenerant
3171 1467 3435 1538 episcopi,

1872 1561 2167 1631 nonaginta
2197 1573 2428 1614 numero
2471 1565 2648 1622 erant,
2685 1572 2831 1612 coss.
2877 1556 3191 1612 Marcellino
3221 1566 3274 1612 et
3301 1555 3437 1612 Pro-

1874 1653 2026 1717 hino,
2059 1651 2358 1709 indictione
2388 1651 2475 1715 M,
2504 1664 2628 1703 cum
2655 1649 2731 1704 ibi
2755 1657 2900 1704 esset
2920 1649 3278 1719 impiissimus
3297 1649 3441 1714 Con-

1875 1745 2131 1800 stantius.
2164 1741 2289 1798 Haec
2314 1757 2437 1797 cum
2465 1740 2768 1795 Antiochia:
2787 1739 3167 1795 Encaeniorum
3198 1749 3443 1810 tempore

203 1825 556 1893 Ἐγκαινίοις,
588 1803 908 1893 νομίσαντες
962 1824 1020 1877 δὲ
1051 1823 1126 1895 μὴ
1147 1823 1366 1886 τελείως
1397 1803 1730 1896 γεγραφέναι
1749 1864 1763 1888 ,

1883 1836 2200 1906 gessissent,
2238 1834 2344 1888 rati
2397 1849 2455 1888 se
2510 1833 2753 1886 nondum
2806 1831 3044 1900 perfecte
3082 1831 3240 1886 [idem
3283 1848 3442 1886 suam

191 1917 540 1988 ῥεμϐομένην
567 1917 623 1971 δὲ
645 1919 744 1987 τὴν
767 1917 1002 1970 διάνοιαν
1023 1915 1258 1986 ἔχοντες,
1290 1913 1444 1980 αὖθις
1466 1916 1626 1971 πάλιν
1653 1935 1768 1970 συν-

190 2009 434 2062 τιθέασιν
457 2010 584 2063 ἄλλο
609 2011 839 2080 γράμμα
871 2008 1028 2080 δῆθεν
1071 2009 1200 2080 περ).
1224 2008 1456 2072 πίστεως
1505 2009 1642 2080 μετά
1673 2008 1776 2082 μῆτ

191 2117 290 2164 νας
351 2101 584 2168 ὀλίγους,
647 2103 742 2155 καὶ
787 2100 1204 2156 ἀποστέλλουσιν
1257 2101 1337 2164 εἰς
1399 2101 1500 2165 τὰς
1550 2101 1775 2166 Γαλλίας

193 2194 526 2266 Νάρκισσον,
560 2195 760 2266 Μάριν,
787 2193 1059 2264 Θεόδωρον
1102 2193 1197 2246 καὶ
1234 2193 1481 2264 Μάρκον.
1519 2194 1775 2247 Κάκεῖνοι

194 2287 270 2350 ὡς
292 2287 401 2339 ἀπὸ
429 2286 647 2339 συνόδου
681 2285 1021 2356 πεμφθέντες
1054 2284 1408 2338 ἐπιδεδώκασι
1441 2283 1518 2356 τῷ
1545 2284 1645 2355 τῆς
1675 2303 1777 2356 μα-

195 2378 395 2449 καρίας
427 2378 649 2448 μνήμης
696 2377 1013 2432 Κώνσταντι
1056 2375 1134 2448 τῷ
1188 2376 1501 2448 Αὐγούστῳ,
1532 2378 1628 2431 καὶ
1666 2382 1776 2442 τοῖς

194 2472 313 2523 ἐκεῖ
340 2472 496 2532 πᾶσι,
519 2470 689 2523 ταῦτα
709 2487 722 2499 ·

273 2561 387 2630 (92)
418 2579 438 2613 ‹
469 2561 804 2632 Πιστεύομεν
833 2563 913 2625 εἰς
945 2562 1041 2616 ἕνα
1071 2561 1203 2616 Θεὸν
1228 2563 1362 2634 (95),
1397 2561 1616 2632 Πατέρα
1643 2577 1776 2614 παν-

195 2653 524 2726 τοκράτορα,
563 2654 789 2725 κτίστην
823 2655 918 2707 καὶ
945 2654 1175 2724 ποιητὴν
1215 2655 1324 2708 τῶν
1354 2655 1591 2716 πάντων,
1621 2653 1681 2716 ἐξ
1716 2645 1776 2707 οῦ

199 2747 350 2799 πᾶσα
404 2744 614 2816 πατριά
648 2748 706 2798 ὲν
763 2745 1012 2816 οὐρανοῖς
1048 2747 1142 2798 καὶ
1173 2746 1266 2797 ὲπί
1298 2745 1402 2815 γῆς
1430 2744 1776 2814 ὀνομάζεταιο

199 2841 296 2893 καί
320 2840 402 2902 εἰς
429 2840 520 2892 τὸν
549 2838 814 2909 μονογενῆ
840 2837 1004 2891 αὑτοῦ
1065 2838 1194 2891 Υἰὸν
1239 2839 1329 2891 τὸν
1380 2839 1583 2909 Κύριον
1621 2837 1778 2908 ἡμῶν

210 2930 420 3003 Ἰησοῦν
456 2930 711 3003 Χριστὸν,
736 2931 827 2984 τὸν
852 2931 956 3002 πρὸ
979 2929 1195 2984 πάντων
1221 2930 1328 2983 τῶν
1362 2930 1571 2985 αἰώνων
1600 2932 1664 2984 ὲκ
1685 2929 1776 2984 τοῦ

199 3022 415 3094 Πατρδς
443 3021 788 3092 γεννηθέντα·
842 3021 973 3075 Θεὸν
1017 3023 1080 3076 ὲκ
1120 3021 1274 3084 Θεοῦ,
1314 3022 1428 3090 φῶς
1476 3025 1540 3075 ὲκ
1580 3023 1773 3090 φωτός·

1877 1929 2186 1997 scripsisse,
2227 1934 2411 1995 utpote
2451 1923 2733 1978 ﬂuctuanti
2765 1931 2945 1978 mente
2975 1923 3185 1992 praediti
3220 1941 3235 1988 ;
3293 1923 3443 1978 aliud

1877 2019 2057 2073 denuo
2107 2005 2276 2072 ed'unt
2314 2016 2381 2071 de
2422 2015 2526 2069 ﬁde
2558 2013 2882 2082 rescriptum
2921 2013 3112 2082 paucis
3144 2013 3442 2081 interjectis

1877 2109 2160 2164 mensibus
2193 2125 2208 2162 :
2242 2116 2404 2177 atque
2445 2105 2786 2166 Narcissum,
2827 2105 3023 2168 Μαι-1η,
3070 2102 3453 2168 Theodorum,

1875 2210 1930 2256 et
1973 2200 2216 2255 Marcum
2260 2201 2317 2254 in
2358 2199 2562 2255 Gallias
2605 2200 2825 2255 mittunt
2862 2217 2874 2252 :
2930 2196 3023 2266 qui
3055 2196 3223 2266 ,quasi
3277 2211 3308 2248 a
3353 2210 3452 2266 sy.

1876 2291 2021 2351 nodo
2055 2292 2240 2363 legati,
2277 2291 2394 2347 hate
2423 2292 2597 2347 beatae
2637 2291 2916 2346 memoria
2944 2289 3230 2344 Constanti
3254 2290 3452 2360 Λαίῳ-ι

1878 2394 1983 2450 sto,
2012 2397 2066 2442 et
2089 2386 2300 2441 caeteris
2331 2385 2425 2456 qui
2451 2385 2698 2451 aderant,
2740 2383 3078 2439 tradiderunt
3105 2401 3116 2435 :

1955 2562 2284 2617 «Credimus
2316 2562 2384 2615 "in
2425 2577 2594 2616 unum
2630 2561 2825 2626 Deum,
2851 2556 3065 2612 Patrem
3098 2557 3446 2627 omnipoten-

1880 2665 2012 2720 tem,
2043 2655 2384 2710 conditorem
2425 2664 2479 2708 et
2502 2654 2763 2708 factorem
2805 2654 3071 2716 omnium,
3103 2665 3302 2719 exquo
3329 2665 3449 2703 om-

1877 2735 1964 2800 nis
2013 2744 2313 2814 paternitas
2345 2743 2399 2797 in
2445 2743 2599 2798 melis
2627 2753 2681 2796 et
2715 2743 2770 2796 in
2801 2751 2962 2797 terra,
2999 2741 3330 2796 nominatur.
3384 2738 3452 2794 Et

1881 2837 1938 2891 in
1969 2836 2309 2906 unigenitum
2340 2834 2460 2904 ejus
2514 2833 2712 2890 Filium
2750 2833 3038 2888 Dominum
3079 2841 3326 2886 nostrum
3361 2828 3454 2885 Je-

1881 2945 2002 2985 snm
2053 2929 2334 2984 Christum
2363 2967 2379 2993 ,
2426 2934 2553 2984 ante
2591 2925 2775 2981 omnia
2819 2925 3017 2980 saecula
3051 2939 3116 2979 ex
3149 2923 3313 2977 Patre
3353 2937 3452 2977 na-

1882 3031 1996 3076 tum
2033 3038 2048 3086 ;
2083 3019 2250 3074 Deum
2292 3035 2358 3074 ex
2385 3017 2517 3083 Deo,
2550 3020 2731 3073 lumen
2760 3034 2826 3072 ex
2857 3018 3061 3072 lumine
3094 3034 3107 3081 ;
3142 3033 3237 3086 per
3282 3031 3449 3086 quem

200 3115 269 3169 δι’
296 3109 358 3170 οὖ
388 3114 603 3184 ἐγένετο
637 3113 703 3168 τὰ
729 3113 904 3168 πάντα
933 3116 992 3168 έν
1011 3117 1124 3178 τοῖς
1154 3114 1402 3186 οὐρανοῖς
1429 3115 1523 3168 καί
1555 3113 1647 3167 ἐπὶ
1681 3113 1777 3183 τῆς

1883 3117 2066 3173 omnia
2098 3115 2239 3171 facta
2284 3123 2414 3171 sunt
2439 3115 2494 3168 in
2523 3113 2678 3169 cmlis
2717 3120 2772 3167 et
2821 3111 2877 3166 in
2911 3121 3051 3166 terra
3087 3151 3100 3175 ,
3130 3110 3366 3166 visibilia
3395 3119 3451 3164 et

201 3208 307 3278 γῆς
336 3207 470 3277 (94),
495 3208 565 3260 τά
590 3207 760 3278 ὁρατά
789 3209 881 3260 καὶ
922 3207 988 3260 τὰ
1017 3207 1242 3279 ἀόρατα·
1292 3207 1464 3274 Λόγον
1501 3206 1650 3267 ὄντα,
1690 3207 1782 3258 κα).

206 3297 418 3364 σοφίαν,
449 3295 544 3348 καὶ
580 3295 828 3365 δύναμιν,
870 3297 964 3349 καὶ
992 3294 1157 3366 ζωὴν,
1211 3295 1304 3347 καὶ
1341 3295 1457 3364 φῶς
1510 3295 1779 3366 ἀληθινόψ

204 3387 298 3442 τὸν
324 3388 409 3440 ἐπ’
447 3387 690 3457 ἐσχάτων
733 3387 840 3439 τῶν
899 3387 1120 3458 ἡμερῶν
1161 3387 1228 3440 δι’
1259 3388 1406 3457 ἡμᾶς
1441 3387 1786 3459 ὲνανθρωπή-

208 3497 400 3544 σαντα,
441 3483 535 3534 καὶ
555 3481 880 3551 γεννηθέντα
921 3483 986 3534 ὲκ
1007 3483 1108 3550 τῆς
1157 3481 1318 3547 ἁγίας
1352 3478 1649 3550 Παρθένου,
1695 3479 1785 3531 τὸν

208 3574 613 3646 σταυρωθέντα,
637 3576 732 3629 κα).
761 3574 1116 3638 ἀποθανόντα,
1148 3574 1240 3627 καὶ
1265 3573 1522 3642 ταφέντα’
1547 3573 1638 3626 καί
1659 3574 1787 3625 ἀνα-

209 3667 412 3720 στάντα
432 3669 496 3719 ἐκ
528 3667 736 3738 νεκρῶν
758 3670 826 3739 τῇ
850 3669 1010 3740 τρίτῃ
1040 3669 1243 3740 ἡμέρᾳ,
1269 3670 1364 3722 καὶ
1413 3667 1787 3737 ἀναληφθέντα

207 3761 289 3822 εἰς
318 3759 545 3829 οὐρανὸν
577 3759 712 3832 (95),
741 3763 834 3814 κα)⁸
885 3761 1220 3816 καθεσθέντα
1265 3762 1323 3815 ὲν
1369 3761 1514 3831 δεξιᾷ
1558 3759 1651 3812 τοῦ
1685 3761 1789 3813 Πα-

206 3849 355 3920 τρόςο
387 3851 480 3904 καὶ
506 3851 799 3921 ἐρχόμενον
819 3853 910 3904 ἐ.πί
940 3852 1218 3922 συντελείᾳ
1261 3851 1354 3904 τοῦ
1385 3851 1576 3914 αἰῶνος
1609 3852 1787 3921 κρῖναι

207 3942 417 4007 ζῶντας
451 3943 544 3995 καί⁴
567 3944 812 4014 νεκροὺς,
854 3944 946 3996 κα)⁴
999 3942 1286 3998 ἀποδοῦναι
1313 3942 1526 4012 ἑκάστῳ
1551 3941 1690 3994 κατὰ
1720 3939 1790 3992 τὰ

207 4032 348 4104 ἔργα
377 4033 564 4086 αὐτοῦ’
586 4025 648 4085 οὗ
680 4035 712 4103 ή
746 4033 989 4102 βασιλεία
1013 4032 1348 4094 ἁκατάλυτος
1378 4031 1486 4103 (96)
1518 4025 1790 4083 οὖσα-δια-

211 4126 364 4196 μένει
396 4127 476 4189 εἰς
508 4126 644 4197 τοὺς.
669 4126 928 4197 ἀπείρους
957 4127 1175 4188 αἰῶνας.
1212 4127 1404 4179 Ἔσται
1439 4123 1548 4194 γὰρ
1569 4121 1791 4186 καθεζό-

211 4235 375 4288 μενος
421 4219 478 4269 ὲν
522 4217 670 4288 δεξιᾷ
698 4218 791 4271 τοῦ
827 4220 1058 4290 [Iam-pag,
1111 4219 1169 4270 ού
1211 4217 1369 4288 μόνον
1414 4217 1470 4268 ὲν
1503 4213 1582 4285 τῷ
1634 4213 1789 4266 αἰῶνι

204 4307 408 4378 τούτῳ,
438 4307 573 4361 ἀλλά
604 4309 696 4362 καί
720 4310 780 4361 έν
835 4309 912 4379 τῷ
948 4310 1208 4380 μέλλοντι·
1242 4310 1338 4362 καὶ
1391 4310 1471 4371 εἰς
1532 4306 1593 4359 τὸ
1637 4305 1790 4374 ἆγιον

206 4399 461 4469 Πνεῦμα,
493 4402 757 4464 τουτέστι,
784 4401 873 4454 τὸν
906 4401 1260 4473 Παράκλητον
1292 4401 1422 4472 (97)⁸
1461 4402 1596 4470 ὅπερ
1623 4401 1794 4464 ἐπαγ-

1884 3209 2180 3264 invisibilia
2210 3219 2228 3274 ‘;
2263 3207 2354 3278 qui
2390 3215 2475 3262 est
2523 3205 2780 3267 Verbum,
2818 3204 3104 3274 sapientia,
3154 3203 3397 3272 potentia
3432 3241 3449 3264 ,

1883 3302 1994 3355 vita
2023 3311 2076 3354 et
2104 3301 2194 3354 lux
2226 3315 2374 3353 vera.
2404 3297 2509 3364 Qui
2553 3297 2607 3351 in
2648 3295 2968 3350 novissimis
3000 3294 3196 3349 diebus
3226 3301 3453 3362 propter

1885 3408 1987 3447 nos
2037 3391 2202 3446 homo
2253 3389 2451 3451 factus,
2488 3396 2543 3442 et
2578 3396 2742 3442 natus
2772 3395 2857 3440 est
2886 3401 2954 3440 ex
2987 3394 3174 3440 sancta
3208 3382 3451 3454 Virgine,

1885 3480 2180 3533 cruciﬁxus
2208 3479 2394 3541 etiam,
2433 3485 2682 3531 mortuus
2727 3485 2780 3529 et
2809 3475 3054 3545 sepultus
3099 3481 3223 3537 est;
3269 3482 3322 3526 et
3361 3486 3452 3526 re-

1886 3571 2128 3626 surrexit
2152 3585 2216 3624 ex
2259 3570 2489 3624 mortuis
2519 3568 2676 3623 tertia
2711 3565 2820 3632 die,
2850 3576 2904 3620 et
2932 3573 3248 3632 assumptus
3287 3571 3372 3618 est
3393 3563 3449 3616 in

1887 3667 2109 3732 cmlum,
2144 3665 2403 3732 sedetque
2433 3663 2498 3717 ad
2541 3662 2819 3717 dexteram
2851 3659 3048 3714 Patris.
3095 3656 3160 3711 Et
3192 3665 3456 3710 venturus

1886 3764 1968 3810 est
2017 3755 2073 3809 in
2125 3754 2598 3810 consummatione
2651 3750 2836 3804 saeculi
2884 3748 3134 3818 judicare
3181 3746 3336 3801 vivos
3401 3754 3458 3798 et

1888 3854 2132 3901 mortuos
2159 3886 2174 3911 ,
2225 3853 2278 3899 et
2320 3843 2545 3898 reddere
2596 3839 2894 3909 unicuique
2933 3837 3231 3894 secundum
3289 3851 3455 3905 opera

1888 3951 1987 3990 sua
2020 3954 2035 4001 ;
2063 3934 2219 4003 cujus
2257 3948 2484 4004 regnum
2522 3930 2933 3986 interminatum
2967 3935 3250 3996 permanet
3285 3927 3338 3978 in
3373 3925 3457 3978 in-

1888 4028 2041 4081 ﬁnita
2090 4024 2308 4080 saecula.
2361 4022 2580 4078 Sedebit
2627 4019 2771 4075 enim
2821 4019 2888 4072 ad
2937 4016 3215 4072 dexteram
3253 4015 3456 4079 Patris,

1889 4136 1996 4175 non
2027 4118 2204 4174 solum
2237 4117 2289 4170 in
2321 4116 2424 4170 hoc
2453 4115 2674 4178 saeculo,
2717 4113 2812 4167 sed
2861 4113 3024 4166 etiam
3065 4111 3119 4164 in
3153 4110 3353 4162 futuro.
3389 4107 3456 4160 Et

1891 4213 1945 4264 in
1997 4210 2260 4280 Spiritum
2296 4219 2567 4272 sanctum,
2615 4206 2668 4260 id
2713 4213 2817 4268 est,
2857 4202 3193 4257 Paracletum
3231 4217 3246 4267 ;
3291 4215 3453 4268 quem

1891 4302 2154 4371 apostolis
2184 4300 2478 4372 pollicitus,
2507 4306 2634 4368 post
2663 4313 2823 4351 suum
2868 4295 2934 4349 ad
2967 4293 3135 4348 caelos
3170 4305 3456 4346 ascensum

1892 4390 2062 4454 misit,
2099 4399 2159 4443 ut
2215 4390 2434 4443 doceret
2494 4389 2616 4442 illos
2669 4396 2724 4441 et
2764 4393 3073 4456 suggereret
3107 4381 3330 4443 omnia;
3365 4393 3462 4447 per

206 4467 532 4560 “redditave;
564 4493 674 4554 τοῖς
706 4467 1038 4554 ἀποστόλοις,
1071 4467 1208 4560 μετά
1261 4467 1361 4561 τὴν
1385 4467 1487 4552 ἐἰς
1533 4467 1777 4558 ούρανοὺς

1897 4497 2060 4550 quem
2109 4479 2801 4536 etiamsanctiﬁcahuntur
2847 4476 3042 4528 anima:
3089 4473 3304 4526 illorum
3365 4467 3460 4537 qui

207 4579 378 4633 αὑτοῦ
411 4579 594 4634 ἄνοδον
619 4580 924 4640 ἀπέστειλε,
953 4580 1157 4646 διδάξαι
1203 4581 1396 4644 αὐτοὺς
1423 4580 1515 4633 καί
1544 4578 1786 4649 ὑπομνῆ-

210 4691 306 4727 σαι
332 4674 529 4728 πάντα’
562 4675 629 4728 δι’
661 4667 723 4727 οὗ
748 4675 842 4728 καί.
871 4674 1289 4751 ἀγιασθήσονται
1333 4673 1525 4727 αἰτῶν
1562 4672 1795 4742 εἰλικρι-.

285 4809 307 4838 ⁸
340 4806 458 4865 Joel
495 4824 570 4872 ιι,
607 4809 697 4864 28.
773 4812 794 4842 ⁸
829 4807 1110 4872 ,Ιυιιτιηςια
1140 4808 1228 4869 26.
1306 4807 1350 4839 ¹⁰
1388 4805 1506 4861 Act.
1545 4819 1603 4858 ιι.

286 4966 402 5037 (90)
437 4965 574 5037 Post
619 4967 734 5037 haac
777 4961 1488 5037 addideruntParisicnses
1515 4959 1581 5013 de
1612 4973 1796 5022 more,

209 5031 393 5107 ταῦτα
421 5035 748 5107 Θεοφρόνιος
771 5075 786 5098 ,
817 5051 939 5107 qua:
985 5049 1093 5088 non
1120 5034 1390 5090 habentur
1434 5031 1491 5085 in
1519 5044 1650 5084 mss.
1686 5043 1788 5082 nec

212 5108 324 5162 nisi
353 5106 581 5169 Latine,
600 5107 656 5160 in
688 5106 818 5161 edit.
847 5106 1060 5162 Comm.

289 5177 404 5248 (91)
443 5175 519 5232 De
546 5166 638 5248 his
676 5177 799 5230 vide
850 5174 1064 5248 Socr-at.
1115 5174 1400 5248 lib._ii,_c.
1433 5167 1522 5237 18,
1561 5166 1782 5224 Sozom.

213 5242 318 5302 lib.
353 5242 433 5313 ιιί,
467 5262 515 5300 c.
540 5246 596 5306 5,
632 5257 686 5300 et
710 5262 833 5312 quae
859 5246 1098 5299 diximus
1128 5247 1181 5298 in
1211 5242 1431 5296 Monito.

293 5307 430 5384 (92)
462 5315 667 5382 Quarta
722 5307 842 5370 {idei
911 5315 1155 5369 formula.
1205 5313 1425 5384 scripta_
1463 5324 1606 5384 anno
1653 5307 1776 5384 541.

289 5379 401 5459 (95)
427 5379 504 5459 ni
541 5387 672 5459 edit.
704 5385 1023 5459 Parisiensa
1052 5379 1373 5459 praepositus
1402 5380 1504 5434 fuit
1535 5379 1622 5459 hic
1651 5379 1782 5431 titu-

211 5449 326 5521 ιιιές
351 5449 512 5538 tri-Pe
543 5457 778 5538 πίστεφς
803 5449 1080 5538 ὁμιλεῖίά
1114 5449 1338 5538 ίιὺίέιίω
1357 5459 1541 5538 ,ςξειει
1564 5449 1778 5538 lamas-

212 5518 324 5584 nee
355 5518 460 5582 nisi
493 5525 684 5580 Latine
715 5518 771 5580 in
792 5518 921 5582 edit.
955 5518 1167 5580 Comm.
1204 5522 1326 5578 llaec
1355 5521 1478 5576 iidei
1510 5518 1799 5574 confessio.

215 5599 451 5659 habetur
477 5596 620 5665 apud
664 5595 819 5651 Socr.
854 5595 944 5649 lib.
981 5612 1056 5662 ir,
1081 5611 1129 5650 c.
1161 5595 1250 5650 18.
1285 5591 1351 5665 Et
1380 5590 1522 5660 apud
1556 5587 1780 5665 Niceph.

213 5657 314 5723 lib.
338 5685 412 5730 ιιι,
440 5684 489 5722 c.
512 5657 604 5720 11).
643 5666 797 5720 Socr.
832 5666 882 5718 in
909 5657 1492 5730 edit.Chrislophors.,
1523 5657 1780 5730 πιστεύω,

213 5742 272 5795 in
323 5727 634 5802 Valesiana,
668 5735 1014 5807 πιστεύομεν.
1061 5735 1200 5789 Infra
1255 5727 1384 5803 Reg.
1421 5731 1575 5786 Socr.
1607 5739 1659 5784 ct
1692 5727 1784 5780 Ni-

1893 4575 2105 4636 sincere
2159 4576 2211 4630 in
2271 4574 2450 4644 ipsum
2490 4571 2836 4628 crediderint.
2870 4567 2996 4623 lllos
3033 4575 3212 4620 autem
3252 4561 3346 4632 qui
3374 4559 3461 4615 di-

1894 4680 2048 4733 cunt,
2084 4684 2152 4724 ex
2178 4683 2288 4723 non
2325 4665 2666 4722 exstantibus
2705 4663 2928 4729 Filium,
2953 4669 3046 4716 aut
3083 4674 3151 4714 ex
3187 4657 3294 4710 alia
3329 4653 3462 4709 sub-

1883 4955 2039 5024 ceph.
2065 4994 2082 5018 ,
2132 4949 2362 5020 ποιητὴν
2409 4947 2516 5001 τῶν
2566 4946 2801 5006 πάντων.
2857 4942 2999 4998 Editi
3022 4983 3038 5008 ,
3077 4943 3304 5014 ποιητὴν
3349 4941 3460 4996 τῶν

1883 5158 2095 5220 Comm.
2127 5161 2288 5228 male,
2316 5158 2535 5229 nisi};
2559 5158 2680 5228 γῆς.

1958 5235 2070 5304 (95)
2113 5222 2284 5285 ὃθεν.⁷
2301 5239 2354 5284 et
2392 5222 2642 5297 Niceth
2684 5227 2778 5279 καὶ⁴
2816 5222 3177 5294 ἀνεληλυθότα
3219 5224 3298 5285 εἰς
3329 5223 3457 5285 τοὺς

1925 5303 2148 5336 ξιιμ-..Λύρ-
2220 5299 2338 5336 “nr
2383 5299 2542 5336 iirlnm
2589 5309 2640 5336 μι
2686 5295 2797 5336 Ωρσ
2831 5335 2839 5336 ,
2905 5292 3254 5336 γηθσττθέντα-
3293 5291 3455 5336 Edili'.

1886 5291 2169 5376 οὐρανούς.
2219 5299 2351 5360 Mox,
2383 5291 2543 5356 iideni
2589 5309 2644 5350 et
2685 5295 2842 5364 Reg.,
2905 5291 3256 5374 καθεσθέντα.
3292 5291 3456 5372 Editi',

1889 5374 2271 5461 καθεζόμενον.
2319 5369 2489 5424 Paulo
2522 5377 2644 5438 post
2675 5365 2886 5420 Socrat.
2919 5377 2970 5418 et
2997 5363 3311 5434 Nicephor.,
3347 5378 3456 5414 των

1891 5448 2330 5582 αἰῖέῶᾌυωω.
2360 5519 2413 5564 el.
2444 5508 2755 5582 Iiicephon,
2789 5506 3225 5582 ἀκατάπαυστος.

1965 5571 2074 5654 (97)
2117 5584 2332 5654 Socrat.
2367 5571 2780 5654 et_Ni£e'ph_or.,
2818 5578 2908 5630 καὶ
2939 5577 3019 5640 εἰς
3044 5575 3104 5628 τὸ
3138 5571 3361 5642 Πνεῦμα
3392 5571 3483 5628 τὸ.

1892 5647 2065 5718 ἀγίον,
2093 5652 2362 5715 τουτέστι,
2396 5651 2486 5704 τὸν
2515 5647 2888 5721 Παρακλητον.
