3822 6226
375 256 501 334 γει

937 274 994 330 S.
1037 275 1412 332 ATHANASII
1452 276 1601 333 OPP.
1643 277 1824 333 PARS
1853 278 1894 333 l.
1926 262 1995 318 ὶ-
2031 267 2409 336 HlS’l‘DRlCA
2445 277 2534 334 ΕΤ
2572 274 2992 334 DOGMATICA.

3499 272 3604 328 728

370 385 595 456 stantia,
624 402 809 450 etnon
835 408 901 448 ex
925 393 1036 448 Deo
1063 408 1184 450 esse
1207 410 1221 446 :
1253 401 1327 462 et,
1352 392 1454 448 fuit
1484 394 1928 464 aliquando‘tem-

2052 398 2145 464 νῶς
2169 401 2249 462 εἰς
2278 398 2436 452 αὑτὸν
2468 394 2903 452 πεπιστευκότων
2934 391 3123 463 ψυχαί.
3169 391 3308 455 Τοὺς
3343 390 3401 444 δὲ
3433 390 3617 460 λέγον-

368 505 496 561 prs,
539 504 648 558 quo
691 502 802 543 non
831 494 971 553 erat,
1013 486 1223 542 alienos
1257 488 1505 557 agnoscit
1550 486 1796 544 Ecclesia
1840 504 1938 545 ca-

367 578 422 631 th
433 576 591 631 alica.
643 595 665 626 ι

431 745 524 804 26.
558 747 687 813 Sed,
717 749 875 820 quasi
895 765 954 805 se
980 750 1174 807 horum
1208 752 1515 823 pmniteret,
1542 769 1761 809 rursum
1810 763 1936 823 post

367 848 481 893 tres
509 853 682 894 annos
708 840 999 895 concilium
1030 857 1189 895 suum
1214 852 1528 915 coegerunt,
1558 846 1939 915 miseruntque

362 929 694 992 Eudoxium,
724 928 1070 1001 Martyrium,
1118 940 1173 986 et
1209 931 1609 999 Macedonium,
1642 935 1696 989 in
1746 934 1936 991 Cilicia

362 1017 678 1090 episcopum
699 1061 714 1085 ,
747 1037 871 1076 cum
907 1022 1084 1092 iisque
1110 1023 1247 1079 alios
1277 1025 1568 1095 quosdam,
1605 1027 1658 1080 in
1701 1025 1933 1093 Italiam,

361 1108 459 1180 qui
489 1111 612 1167 ﬁ'dei
641 1110 946 1176 formulam,
965 1113 1217 1182 plurimis
1246 1116 1611 1187 conscriptam
1636 1117 1931 1183 deferrent,

363 1201 663 1271 multisque
698 1202 1081 1261 additameutis
1115 1207 1415 1262 auctiorem
1466 1223 1630 1277 quam
1679 1210 1932 1278 superio-

362 1307 453 1346 res
483 1308 497 1357 ;
530 1308 655 1346 nam
686 1293 845 1363 quasi
895 1296 1201 1351 recentiora
1228 1297 1474 1367 quaedam
1506 1299 1931 1370 excogitassent,

363 1381 480 1436 haec
511 1397 695 1436 secum
733 1382 987 1439 attulere.

434 1470 477 1527 ι.
518 1492 537 1525 ι
560 1472 848 1529 Credimus
901 1474 958 1529 in
1008 1491 1175 1529 unum
1212 1475 1404 1543 Deum,
1440 1477 1655 1533 Patrem
1682 1481 1934 1551 omnipo-

362 1573 589 1631 tentem,
638 1575 942 1622 creatorem
974 1576 1026 1622 et
1060 1566 1322 1623 factorem
1372 1571 1617 1625 omnium
1647 1612 1661 1636 ,
1698 1586 1764 1626 ex
1823 1589 1933 1643 quo

364 1657 544 1713 omnis
570 1659 870 1727 paternitas
898 1660 952 1713 in
983 1659 1123 1715 coelo
1152 1668 1208 1716 et
1239 1661 1294 1714 iu
1322 1669 1466 1715 terra
1501 1665 1835 1718 nominatur.
1868 1663 1933 1718 Et

361 1747 419 1801 in
455 1748 795 1819 unigenitum
824 1749 945 1820 ejus
976 1750 1176 1807 Filium
1217 1752 1511 1808 Dominum
1548 1764 1795 1809 nostrum
1840 1753 1933 1811 Je—
1965 1756 2006 1812 Β

362 1853 483 1892 sum
511 1838 817 1907 Christum,
851 1841 1013 1913 59o
1059 1851 1186 1898 ante
1229 1844 1415 1899 omnia
1453 1846 1649 1899 saecula
1677 1862 1744 1901 ex
1773 1845 1934 1902 Patre

360 1937 549 1983 natum
580 1948 595 1984 :
627 1929 798 1985 Deum
831 1947 898 1986 ex
930 1931 1060 1997 Deo,
1096 1933 1280 1987 lumen
1302 1949 1370 1989 ex
1393 1934 1747 2013 lumine,.per
1769 1950 1932 2005 quem

361 2020 547 2072 omnia
575 2017 713 2074 facta
741 2031 890 2086 sunt,
931 2021 984 2074 in
1019 2022 1174 2077 caelis
1218 2031 1272 2077 et
1310 2023 1366 2077 in
1420 2033 1584 2089 terra,
1613 2025 1850 2079 visibilia
1878 2034 1933 2081 et

358 2109 700 2179 invisibilia;
734 2113 828 2182 qui
878 2121 963 2168 est
1018 2111 1277 2177 Verbum,
1332 2116 1621 2185 sapientia,
1666 2116 1931 2185 potentia,

288 2211 297 2215 "
358 2203 469 2258 vita
496 2212 551 2258 et
582 2203 674 2258 lux
707 2220 858 2260 vera.
893 2205 996 2272 Qui
1031 2205 1086 2259 iu
1117 2207 1436 2263 novissimis
1486 2208 1680 2264 diebus
1711 2218 1931 2279 propter

359 2309 463 2349 nos
487 2294 651 2350 homo
676 2293 855 2351 factus
885 2307 991 2363 est,
1030 2306 1086 2352 et
1124 2310 1286 2354 natus
1320 2307 1403 2353 est
1429 2314 1497 2354 ex
1524 2310 1713 2355 sancta
1744 2298 1927 2372 Virgi-

358 2402 449 2450 ne,
478 2388 794 2456 cruciiixus,
824 2399 1076 2446 mortuus
1116 2400 1170 2446 et
1202 2392 1445 2462 sepultus
1479 2410 1494 2459 ;
1536 2400 1592 2449 et
1630 2395 1931 2450 resurrexit

357 2496 424 2534 ex
463 2481 695 2536 mortuis
726 2482 885 2536 tertia
912 2482 1020 2550 die,
1053 2492 1108 2539 et
1136 2495 1454 2556 assumptus
1478 2494 1562 2542 est
1608 2485 1664 2540 in
1703 2487 1927 2554 coelum,

358 2571 619 2642 sedetque
640 2573 708 2628 ad
739 2574 1017 2630 dexteram
1050 2574 1265 2645 Patris;
1317 2580 1411 2649 qui
1451 2588 1713 2634 venturus
1756 2588 1841 2634 est
1873 2579 1930 2634 in

358 2665 830 2721 consummatione
876 2666 1058 2721 saeculi
1088 2667 1340 2737 judicare
1384 2668 1537 2723 vivos
1566 2680 1618 2725 et
1658 2678 1924 2736 mortuos,

357 2764 413 2809 et
438 2755 664 2811 reddere
703 2756 1001 2826 unicuique
1041 2759 1341 2814 secundum
1371 2775 1537 2830 opera
1583 2776 1684 2816 sua
1717 2780 1732 2829 ;
1767 2761 1928 2831 cujus

358 2863 591 2919 regnum
626 2847 1033 2906 interminatam
1062 2860 1343 2923 permanet
1373 2852 1428 2907 in
1460 2852 1671 2909 inﬁnita
1708 2854 1927 2909 saecula.

360 2940 525 2994 Sedet
563 2940 710 2995 enim
749 2941 815 2996 ad
860 2942 1141 2997 dexteram
1177 2942 1356 2999 Patris
1383 2960 1491 2999 non
1521 2946 1697 3000 solum
1739 2944 1794 2999 in
1826 2943 1929 3000 hoc

359 3032 582 3097 saeculo,
619 3047 809 3086 verum
831 3033 995 3087 etiam
1025 3034 1081 3088 in
1111 3034 1315 3090 futuro.
1345 3035 1632 3092 Credimus
1658 3036 1821 3091 etiam
1871 3036 1925 3089 in

361 3121 629 3190 Spiritum
678 3131 952 3191 sanctum,
986 3124 1091 3180 hoc
1127 3135 1214 3182 est
1265 3126 1321 3180 in
1371 3125 1734 3194 Paracletum,
1764 3141 1928 3196 quem
1956 3122 1999 3180 C

359 3211 622 3280 apostolis
650 3212 923 3281 pollicitus
969 3224 1093 3283 post
1127 3230 1288 3270 suum
1319 3215 1376 3270 in
1424 3217 1594 3271 caelos
1639 3231 1926 3271 ascensum

359 3303 528 3367 misit,
573 3312 632 3357 ut
679 3304 900 3360 doceret
949 3305 1073 3360 illos
1114 3315 1167 3362 et
1203 3315 1520 3378 suggereret
1571 3307 1754 3363 omnia
1779 3348 1796 3373 ,
1832 3324 1930 3378 per

362 3410 524 3465 quem
559 3396 725 3450 etiam
760 3396 1247 3461 sanctificabuntur
1268 3402 1467 3456 animae
1485 3414 1675 3455 eorum
1703 3400 1798 3471 qui
1824 3399 1934 3454 sin-

355 3501 477 3542 cere
513 3487 567 3542 in
607 3488 757 3543 illum
785 3489 1133 3545 crediderint.

424 3794 487 3850 ll.
524 3813 543 3848 ι
572 3794 700 3852 illos
725 3805 907 3851 autem
938 3797 1032 3866 qui
1052 3796 1242 3852 dicunt
1260 3793 1458 3851 Filium
1484 3812 1552 3851 ex
1571 3812 1680 3853 non
1703 3806 1925 3852 exstan-

355 3887 522 3954 tibus,
551 3896 647 3942 aut
674 3903 741 3944 ex
774 3889 881 3943 alia
928 3887 1232 3942 substantia
1256 3928 1273 3954 ,
1325 3901 1436 3942 non
1471 3895 1652 3949 autem
1696 3902 1765 3942 ex
1817 3886 1930 3942 Deo

349 3994 512 4047 esse;
574 3987 671 4034 aut
703 3988 918 4049 tempus
947 3978 1245 4049 aliquando
1303 3978 1391 4033 vel
1441 3978 1701 4034 saeculqu
1753 3977 1929 4035 fuisse

349 4087 478 4128 cum
512 4088 621 4127 non
660 4081 825 4137 esset,
881 4072 1088 4128 alienos
1132 4071 1384 4142 agnoscit
1423 4072 1695 4127 catholica
1742 4071 1930 4127 Eccle-

350 4161 455 4216 sia.
489 4160 754 4217 Similiter
801 4177 899 4218 eos
954 4161 1049 4231 qui
1087 4160 1281 4217 dicunt
1326 4168 1440 4216 tres
1487 4159 1630 4216 Deos
1655 4176 1797 4227 esse,
1833 4170 1928 4215 aut

348 4251 630 4308 Christum
663 4269 772 4308 non
817 4268 943 4310 esse
977 4252 1148 4309 Deum
1181 4271 1198 4308 :
1234 4260 1331 4308 aut
1372 4267 1498 4307 eum
1547 4262 1675 4307 ante
1725 4255 1926 4310 saecula

349 4358 528 4414 neque
551 4344 832 4399 Christum
864 4359 1007 4412 esse,
1038 4359 1216 4413 neque
1250 4342 1452 4399 Filium
1477 4342 1573 4399 Dei
1601 4363 1618 4399 ι
1651 4353 1746 4399 aut
1769 4360 1925 4400 eum-

347 4435 471 4491 dem
497 4450 621 4492 esse
645 4434 862 4491 Patrem
914 4447 1079 4506 atque
1115 4433 1316 4491 Filium
1358 4436 1444 4491 vel
1487 4435 1751 4506 Spiritum
1790 4453 1922 4493 san-
1957 4457 2003 4514 υ

417 4611 728 4684 (98)_Qua3
776 4612 1323 4684 sequebanturhic,
1379 4612 1533 4675 τέλος
1574 4612 1779 4684 ταύτης
1823 4612 1926 4683 τῆς

346 4681 639 4753 ὁμολογίας
664 4721 679 4744 ,
722 4682 904 4753 addita
939 4698 969 4737 a
1008 4681 1419 4753 Parisiensibus
1441 4681 1743 4737 editoribus
1769 4722 1784 4745 ,
1824 4681 1925 4736 ex-

389 4750 553 4806 uncta
599 4760 744 4805 sunt.
779 4750 896 4807 Non
935 4753 1081 4807 enim
1113 4752 1384 4807 habentur
1409 4752 1462 4805 in
1493 4768 1654 4816 mss.,
1683 4768 1785 4806 nec
1818 4753 1925 4807 nisi

394 4823 542 4875 atiue
574 4821 628 4892 in
670 4822 801 4876 edit.
832 4823 1098 4892 Commel.
1146 4821 1289 4877 Infra
1312 4863 1330 4889 ,
1357 4822 1520 4885 αὑτός
1564 4834 1687 4892 post
1715 4822 1925 4887 διδάξαι

348 4893 505 4963 abest
539 4907 583 4963 a7
600 4890 813 4963 Socrat.
842 4902 896 4963 et
918 4891 1211 4963 Nicephor.

420 4962 533 5031 (99)
553 4962 753 5026 Quinta
784 4962 909 5017 fidei
934 4960 1170 5017 formula
1191 4962 1390 5031 scripta
1415 4977 1560 5017 anno
1573 4962 1678 5017 544
1693 4963 1773 5017 vel
1790 4964 1920 5018 545.

348 5030 475 5086 Haec
518 5030 664 5086 item
721 5031 843 5102 ﬁdei
926 5031 1195 5102 professio
1290 5030 1469 5088 exstat
1515 5035 1657 5102 apud
1710 5034 1922 5088 Socrat.

346 5103 423 5158 lib
476 5117 710 5172 tu,_cap.
745 5101 835 5172 l9,
861 5112 917 5157 et
946 5103 1091 5171 apud
1120 5101 1408 5172 Nicephor.
1437 5103 1533 5157 lib.
1558 5101 1645 5163 ix,
1672 5119 1793 5172 cap.
1834 5104 1922 5158 11.

420 5172 498 5241 (1)
539 5170 758 5228 Titulus
793 5170 999 5227 Latine
1034 5170 1269 5241 primum
1323 5174 1377 5226 in
1427 5174 1555 5226 edit.
1603 5170 1816 5227 Comin.
1870 5184 1925 5228 et

345 5243 841 5317 Graeceposteain
862 5244 992 5317 edit.
1026 5243 1329 5317 Parisieus.
1350 5244 1604 5317 praatixus
1629 5244 1726 5309 sic,
1760 5244 1923 5315 ἑτέρα

345 5312 447 5384 τῆς
494 5313 731 5376 πίστεως
758 5313 1050 5384 ὁμολογία,
1103 5315 1157 5367 in
1199 5314 1364 5369 nullis
1404 5313 1634 5367 habetur
1666 5328 1797 5368 mss.
1830 5312 1925 5368 ex-

345 5395 695 5453 punctusque
721 5399 753 5437 a
783 5384 939 5439 nobis
962 5394 1064 5438 est.

342 5450 363 5578 ὲ
418 5452 494 5574 ᾖ)
533 5450 655 5576 Tal}:
697 5452 851 5510 deest
892 5455 946 5509 in
994 5453 1128 5525 Reg.
1150 5492 1166 5519 ,
1198 5452 1317 5509 haec
1347 5450 1456 5506 τῶν
1483 5450 1695 5508 αἰώνων
1726 5452 1924 5510 desunt

365 5536 403 5577 ιι
484 5538 597 5578 men
640 5540 722 5578 or.

484 5538 722 5578 lCPDDOI'.

416 5539 761 5665 (gics'gmiq
779 5594 837 5665 tv
861 5595 974 5656 τοῖς
992 5593 1262 5665 οὐρανοῖς.
1281 5591 1404 5648 Mox
1429 5592 1501 5648 τά
1524 5580 1674 5649 deest
1698 5592 1750 5647 in
1786 5592 1916 5665 Reg.

414 5662 494 5734 (4)
535 5662 773 5734 Socrat,
803 5663 890 5734 ἐπ’
919 5662 1169 5734 ἐσχάτου.

416 5731 497 5803 (5)
537 5733 612 5787 Ita
648 5732 800 5803 Reg.,
836 5731 1075 5791 Soeriet
1108 5733 1333 5805 Niceph.
1377 5731 1434 5788 ln
1468 5734 1628 5792 editis
1671 5735 1782 5790 inec
1817 5736 1911 5790 καὶ

2043 508 2141 556 τας
2165 490 2225 557 ἐξ
2244 492 2343 545 οὐκ
2379 490 2545 543 ὄντων
2571 488 2662 541 τὸν
2691 487 2838 551 Υἱὸν,
2873 486 2906 557 ἢ
2934 485 2991 552 ἐξ
3022 483 3212 556 ἐτέρας
3245 484 3616 550 ὑποστάσεως,

2042 582 2140 634 καὶ
2171 581 2246 652 μὴ
2270 582 2335 635 ὲκ
2359 579 2451 634 τοῦ
2478 578 2632 632 Θεοῦ’
2691 578 2806 643 καὶ,
2843 573 2952 632 Ἦν
2986 593 3117 631 ποτε
3156 576 3367 648 χρόνος,
3393 576 3483 629 ὅτε
3516 576 3620 631 οὐκ

2044 666 2131 741 ἦν,
2169 671 2480 742 ἀλλοτρίους
2512 665 2648 723 οἶδεν
2678 670 2713 740 ἡ
2737 666 2996 739 καθολικὴ
3044 665 3339 736 Ἐκκλησία
3371 665 3540 739 (98).»

2110 762 2200 818 26.
2252 764 2375 816 Ἐπὶ
2410 762 2618 826 τούτοις
2651 760 2837 833 ὥσπερ
2872 759 3255 832 μεταγνόντες,
3301 759 3619 829 συλλέγουαι

2042 854 2203 910 πάλιν
2236 855 2295 908 τὸ
2325 854 2596 926 συνέδριον
2640 853 2846 907 ἑαυτῶν
2872 853 3008 924 μετά
3032 851 3127 923 ἐτη
3154 852 3302 923 τρία,
3333 853 3427 911 καὶ
3474 852 3618 908 ἀπο-

2044 947 2349 1002 στέλλουσιν
2382 946 2652 1012 Εὐδόξιον,
2675 944 3007 1018 Μαρτύριον,
3044 945 3137 998 καὶ
3165 944 3495 999 Μακεδόνων
3523 941 3621 1001 τὸν

2041 1039 2150 1093 ἀπὸ
2178 1039 2451 1104 Κιλικίας,
2472 1039 2568 1094 καὶ
2605 1040 2701 1093 σὺν
2738 1039 2921 1102 αὐτοῖς
2959 1038 3176 1111 ἐτέρους
3220 1037 3372 1101 τινὰς
3422 1040 3502 1103 εἰς
3548 1039 3621 1095 τὰ

2042 1131 2186 1204 μέρη
2210 1133 2309 1204 τῆς
2341 1131 2592 1197 Ἰταλίας,
2649 1130 3024 1204 ἀποφέροντας
3080 1131 3263 1185 πίστιν
3290 1130 3380 1184 διὰ
3406 1130 3621 1185 πολλῶν

2039 1225 2367 1293 γραφεῖσαν,
2412 1221 2729 1295 προσθήκας
2788 1239 2849 1274 τε
2883 1221 3111 1292 ἔχουσαν
3173 1220 3432 1286 πλείστας
3465 1221 3622 1292 παρὰ

2038 1314 2138 1379 τὰς
2171 1314 2460 1387 προτέρας·
2484 1314 2559 1377 ὡς
2581 1313 2690 1385 γὰρ
2718 1312 3006 1385 καινότερα
3041 1330 3163 1367 τινα
3208 1314 3618 1384 ἐπινοήσαντες,

2039 1407 2211 1477 ἁπεδή
2219 1424 2293 1479 μη
2300 1424 2397 1460 σαν
2430 1406 2643 1478 ἔχοντες
2678 1404 2873 1461 ταῦτα.

2110 1498 2219 1570 (99)
2253 1500 2298 1553 Ι.
2337 1518 2356 1550 ι
2392 1497 2725 1569 Πιστεύομεν
2751 1498 2830 1561 εἰς
2857 1497 2955 1550 ἕνα
2976 1496 3129 1561 Θεὸν,
3163 1495 3385 1569 Πατέρα
3415 1512 3622 1551 παντο-

2037 1590 2280 1662 κράτορα
2312 1589 2409 1662 (1),
2442 1591 2668 1663 κτίστην
2718 1590 2815 1644 καὶ
2855 1588 3083 1660 ποιητὴν
3127 1587 3234 1641 τῶν
3269 1588 3510 1654 πάντων,
3558 1586 3625 1654 ἐξ

2038 1676 2099 1737 οὗ
2131 1682 2280 1735 πᾶσα
2308 1680 2516 1754 πατριὰ
2545 1682 2604 1735 ὲν
2633 1677 2848 1752 οὐρανῷ
2878 1679 2973 1732 καὶ
3015 1679 3110 1732 ἐπὶ
3137 1679 3241 1749 γῆς
3269 1677 3617 1749 ὀνομάζεται·

2035 1772 2130 1826 xui.
2149 1775 2228 1838 εἰς
2251 1773 2342 1829 τὸν
2383 1775 2646 1845 μονογενῆ
2691 1770 2856 1826 αὐτοῦ
2885 1770 3014 1827 Υίὸν
3059 1772 3149 1827 τὸν
3193 1771 3397 1845 Κύριον
3456 1771 3624 1845 ἡμῶν

2050 1864 2255 1936 Ἰησοῦν
2280 1865 2533 1939 Χριστὸν,
2570 1867 2662 1919 τὸν
2686 1866 2792 1938 πρὸ
2823 1866 3040 1920 πάντων
3063 1864 3172 1918 τῶν
3199 1863 3276 1936 (Ξ)
3309 1862 3519 1919 αἰώνων
3548 1864 3621 1918 ἐκ

2034 1954 2129 2010 τοῦ
2150 1957 2359 2027 Πατρὸς
2389 1956 2734 2028 γεννηθέντα,
2763 1957 2895 2010 Θεὸν
2923 1960 2988 2012 ὲκ
3009 1953 3165 2021 Θεοῦ,
3186 1955 3301 2024 φῶς
3331 1957 3396 2009 ὲκ
3415 1954 3622 2024 φωτὸς,

2034 2047 2100 2100 δι’
2129 2041 2189 2101 οῦ
2219 2048 2438 2118 ἐγένετο
2470 2047 2540 2102 τὰ
2590 2048 2766 2103 πάντα
2793 2050 2850 2102 ὲν
2886 2049 3133 2121 οὐρανοῖς
3178 2045 3251 2118 (5)
3298 2045 3393 2100 καὶ
3422 2045 3493 2099 τὰ
3520 2048 3624 2101 ἐπὶ

2034 2141 2131 2212 τῆς
2157 2140 2281 2212 γῆς,
2316 2140 2385 2195 τά
2427 2140 2598 2213 ὁρατά
2629 2142 2723 2195 καί¹
2779 2141 2849 2196 τὰ
2877 2141 3103 2213 ἀόραταο
3139 2141 3311 2209 Λόγον
3343 2139 3475 2193 ὄντα
3519 2139 3622 2193 καὶ

2035 2233 2253 2303 σοφίαν,
2276 2235 2371 2288 καὶ
2416 2234 2667 2306 δύναμιν,
2701 2236 2796 2289 καὶ
2851 2234 3018 2308 ζωὴν,
3042 2235 3133 2288 καὶ
3174 2233 3289 2303 φῶς
3334 2231 3616 2305 ἀληθινόν

2031 2316 2123 2378 τὸν
2147 2326 2233 2379 ἐπ’
2269 2326 2511 2399 ἐσχάτων
2536 2326 2613 2397 (ὁ)
2641 2326 2748 2381 τῶν
2794 2326 3016 2398 ἡμερῶν
3048 2326 3116 2380 δι’
3168 2327 3314 2398 ἡμᾶς
3341 2324 3620 2397 ἐνανθρω-

2033 2416 2299 2487 στήσαντα,
2360 2417 2456 2471 καὶ
2505 2417 2832 2487 γεννηθέντα
2884 2419 2949 2471 ὲκ
2974 2418 3074 2488 τῆς
3121 2417 3281 2486 ἁγίας
3309 2415 3616 2488 Παρθένου,

2034 2507 2433 2577 σταυρωθέντα,
2462 2508 2557 2563 κα)⁵
2587 2509 2946 2575 ἀποθανόντα,
2982 2510 3076 2564 καὶ
3122 2510 3357 2579 ταφέντα
3381 2508 3483 2577 (5),
3515 2508 3618 2563 καὶ

2032 2597 2338 2654 ἀναστάντα
2363 2602 2427 2654 ὲκ
2453 2599 2562 2654 τῶν
2587 2600 2795 2673 νεκρῶν
2828 2605 2896 2673 τῇ
2939 2602 3096 2675 τρίτῃ
3121 2601 3324 2673 ἡμέρᾳ,
3356 2601 3452 2654 καὶ
3481 2601 3621 2654 ἀνα-

2032 2684 2305 2756 ληφθέντα
2324 2690 2404 2754 εἰς
2431 2689 2680 2761 οὐρανὸν,
2713 2691 2807 2744 καὶ
2834 2690 3164 2746 καθεσθέντα
3189 2693 3254 2745 ὲκ
3296 2689 3486 2755 δεξιῶν
3513 2687 3619 2743 τοῦ

2033 2777 2262 2848 Πατρός·
2289 2779 2383 2833 καὶ
2409 2780 2701 2853 ἐρχόμενον
2731 2781 2825 2835 ἐπὶ
2855 2780 3136 2853 συντελείᾳ
3181 2780 3275 2834 τοῦ
3309 2780 3505 2844 αἰῶνος
3528 2778 3617 2853 (6)

2032 2876 2214 2945 κρῖναι
2240 2874 2446 2940 ζῶντας
2483 2877 2578 2930 καὶ
2631 2877 2881 2946 νεκροὺς,
2916 2875 3012 2932 καὶ
3060 2875 3349 2930 ἀποδοῦναι
3396 2875 3622 2945 ἑκάστῳ

2032 2967 2176 3023 κατὰ
2200 2953 2432 3038 τά,ἐργα
2457 2965 2645 3021 αὐτοῦ’
2699 2961 2762 3020 οῦ
2813 2968 2847 3038 ή
2898 2967 3144 3038 βασιλεία
3193 2967 3618 3029 ἀκατάπαυστος

2033 3055 2167 3113 οὖσα
2192 3057 2435 3129 διαμένει
2457 3059 2538 3122 εἰς
2558 3059 2685 3121 τοὺς
2716 3058 2980 3128 ἀπείρους
3021 3055 3241 3118 αἰῶνας.
3301 3053 3615 3119 Καθέξεται
3662 3058 3670 3067 “

2031 3150 2141 3222 ¹γὰρ
2166 3151 2222 3204 ἐν
2248 3147 2396 3220 δεξιᾷ
2433 3149 2527 3203 τοῦ
2556 3148 2788 3221 Πατρὸς,
2818 3148 2881 3202 οὔ
2916 3151 3076 3219 μόνον
3117 3148 3175 3200 ὲν
3201 3146 3280 3217 τῷ
3311 3145 3468 3200 αἰῶνι
3495 3144 3617 3201 τοῦ-

2030 3261 2129 3314 τῳ,
2160 3243 2296 3297 ἀλλά
2319 3243 2413 3296 κα)⁸
2444 3244 2502 3295 ὲν
2531 3241 2608 3313 τῷ
2645 3241 2909 3313 μέλλοντι.
2932 3238 3267 3309 Πιστεύομεν
3289 3237 3363 3309 (Ἰ)
3394 3238 3491 3291 κα)⁵
3528 3238 3617 3302 εἰς

2029 3338 2091 3392 τὸ
2119 3335 2342 3408 Πνεῦμα
2372 3336 2434 3389 τὸ
2459 3336 2634 3404 ἅγιον,
2662 3332 2927 3397 τουτέστι,
2955 3332 3046 3384 τὸν
3072 3329 3451 3401 Παράκλητον,
3469 3329 3615 3401 ὅπερ

2030 3429 2495 3501 ἐπαγγειλάμενος
2518 3430 2631 3492 τοῖς
2667 3425 2983 3490 ἀποστόλοις
3020 3424 3158 3496 μετὰ
3188 3424 3286 3495 τὴν
3337 3424 3419 3486 εἰς
3444 3422 3616 3493 οὐρα-

2031 3523 2120 3577 νὸν
2162 3523 2366 3587 ἄνοδον,
2408 3519 2689 3575 ἀπέστειλε
2713 3517 2922 3583 διδάξαι
2946 3516 3141 3580 αὐτοὺς
3174 3515 3269 3570 καὶ
3296 3514 3613 3586 ὑπομνῆσαι

2030 3614 2231 3679 πάντα,
2262 3613 2329 3667 δι’
2355 3604 2415 3666 οὗ
2439 3612 2535 3665 καὶ
2554 3608 2980 3681 ἁγιασθήσονται
3035 3606 3110 3679 (8)
3143 3608 3198 3662 αἰ
3242 3604 3352 3661 τῶν
3382 3604 3614 3679 εἰλικρι-

2030 3705 2137 3769 νῶς
2162 3706 2242 3768 εἰς
2265 3704 2425 3757 αὐτὸν
2449 3701 2892 3756 πεπιστευκότων
2911 3699 3100 3772 ψυχαί.

2100 3793 2165 3849 I-l.
2208 3814 2226 3846 ι
2253 3794 2390 3858 Τοὺς
2415 3793 2472 3846 δὲ
2491 3792 2748 3862 λέγοντας
2775 3791 2835 3859 ἐξ
2864 3792 2967 3846 οὐκ
3009 3791 3177 3844 ὅντων
3213 3791 3306 3844 τὸν
3339 3788 3468 3842 Υἰὸν
3490 3789 3608 3861 (9),

2030 3885 2148 3958 ἥὲξ
2179 3886 2371 3958 ἑτέρας
2391 3885 2760 3948 ὑποστάσεως,
2800 3884 2894 3936 καὶ
2961 3882 3037 3953 μὴ
3067 3883 3131 3935 ἐκ
3173 3879 3267 3934 τοῦ
3321 3877 3479 3945 Θεοῦ,
3511 3880 3610 3933 κα)⁵

2030 3980 2113 4032 ὅτι
2140 3973 2207 4049 ἦν
2234 3977 2422 4049 χρόνος
2440 3978 2592 4041 ποτὲ,
2618 3976 2653 4048 ἦ
2703 3975 2859 4039 αἰὼν,
2896 3975 2987 4028 ὅτε
3030 3975 3105 4045 μὴ
3168 3969 3259 4045 ἦν,
3294 3971 3614 4044 ἀλλοτρίους

2029 4066 2168 4124 οἶδεν
2197 4071 2231 4140 ἡ
2265 4069 2523 4141 καθολικὴ
2551 4068 2660 4140 (10)
2703 4068 2798 4121 καὶ
2846 4065 2975 4135 ἁγία
3024 4066 3336 4137 Ἐκκλησία.
3377 4063 3612 4135 Ὁμοίως

2031 4161 2125 4215 καὶ
2156 4162 2282 4224 τοὺς
2305 4160 2561 4229 λέγοντας
2589 4162 2739 4230 τρεῖς
2772 4153 2912 4211 εἶναι
2943 4156 3131 4224 Θεοὺς,
3163 4156 3197 4228 ἢ
3248 4155 3339 4210 τὸν
3370 4153 3609 4227 Χριστὸν

2033 4250 2108 4321 μὴ
2130 4246 2266 4305 εἶναι
2291 4251 2441 4316 Θεὸν,
2465 4251 2499 4321 ἢ
2534 4250 2639 4321 πρὸ
2665 4249 2771 4303 τῶν
2799 4247 3009 4303 αἰώνων
3037 4248 3176 4319 μήτε
3206 4245 3442 4319 Χριστὸν
3466 4246 3608 4318 μήτε

2029 4341 2157 4396 Υἰὸν
2183 4341 2344 4395 αὐτὸν
2368 4337 2508 4397 εἶναι
2533 4340 2693 4406 Θεοῦ,
2713 4342 2747 4412 ἢ
2784 4341 2873 4396 τὸν
2902 4339 3061 4394 αὑτὸν
3094 4336 3231 4393 εἶναι
3267 4337 3488 4408 Πατέρα
3512 4337 3609 4391 καὶ

2031 4432 2180 4499 Υἱὸν,
2214 4432 2248 4504 ἢ
2277 4433 2428 4502 ἅγιον
2458 4431 2681 4505 Πνεῦμα
2714 4432 2844 4504 (11)⁸
2879 4431 2913 4504 ἢ
2949 4432 3242 4503 ἀγέννητον
3281 4430 3432 4494 Υἱὸν,
3458 4430 3492 4502 ἢ
3521 4429 3605 4484 ὅτι

2028 4613 2267 4682 ταφέντα
2288 4611 2503 4682 desunt.
2529 4610 2671 4664 Infra
2686 4608 2790 4682 ,τόν
2813 4619 2938 4682 ante
2963 4609 3187 4680 οὐρανόν
3210 4607 3361 4664 deest
3384 4606 3438 4661 in
3466 4605 3601 4677 Reg.

2032 4679 2187 4739 Socr.
2218 4680 2442 4751 Niceph.
2479 4680 2535 4734 ln
2568 4681 2728 4734 editis
2756 4679 3004 4751 habetur.

2102 4752 2180 4825 (6)
2205 4745 2367 4825 Socr:
2380 4761 2438 4825 et
2454 4751 2706 4825 Niceph.,
2725 4749 2835 4825 τῶν
2859 4748 3093 4825 αἰῴνωνἶ
3113 4746 3284 4825 Paulo
3304 4755 3440 4825 post
3466 4745 3600 4825 [3333.

2032 4817 2188 4878 Socr.
2208 4822 2457 4891 Niceph.,
2483 4817 2625 4873 κατά
2647 4820 2714 4874 τά
2743 4818 2984 4891 ἔργω-1η
3012 4818 3261 4891 οόίιίε-τά
3289 4818 3459 4891 deest.
3479 4817 3605 4872 Mox

2029 4892 2157 4957 τούς
2185 4903 2312 4963 ante
2339 4886 2601 4963 ἀπείρους
2630 4886 2792 4963 deest;
2806 4891 2859 4942 iu
2892 4888 3071 4963 Socr._
3079 4899 3139 4963 et
3167 4886 3393 4963 N_ice_ph_.

2102 4964 2179 5032 (7)
2214 4962 2347 5017 Post
2391 4956 2716 5032 πιστεύομεν
2760 4958 2914 5032 Socr.
2945 4968 3000 5012 et
3027 4956 3250 5027 Niceph.
3290 4957 3493 5011 habent
3521 4956 3601 5012 δε.

2030 5029 2168 5107 Mos:
2184 5033 2368 5107 iidem,
2398 5032 2594 5107 εἰς-τὸν
2622 5029 3003 5107 Παράκληιτρν-
3194 5106 3199 5107 ί
3413 5094 3448 5107 ,,

2102 5103 2179 5172 (8)
2218 5095 2371 5188 Sper.
2406 5112 2459 5156 et
2483 5095 2744 5171 Niceph.,
2774 5095 3121 5169 ἁγιάζονται,
3152 5106 3208 5152 et
3244 5110 3373 5151 mox
3412 5095 3603 5161 iidem,

2030 5189 2414 5227 πιστευοντων.

2101 5248 2176 5311 (ν)
2219 5244 2375 5297 Socr.
2405 5251 2458 5295 et
2486 5238 2737 5308 Niceph.,
2764 5240 2855 5311 τὸν
2878 5238 3025 5311 Υἱόν,
3044 5237 3267 5311 rectius,
3286 5242 3348 5290 ut
3363 5235 3602 5301 videtur,

2030 5307 2194 5384 quam
2224 5313 2354 5384 editi
2384 5323 2437 5366 et
2468 5326 2601 5384 mss.
2624 5307 2731 5384 qui
2764 5310 2968 5384 habent
2984 5307 3139 5384 856v:

2131 5383 2214 5456 10)
2250 5382 2405 5456 Socr.
2440 5394 2494 5435 et
2523 5375 2771 5456 N_i_c_eph_.,
2809 5382 2842 5451 ὴ
2875 5378 3006 5456 ἁγία
3038 5375 3318 5456 καθολικη.

2131 5443 2214 5518 11)
2253 5455 2413 5509 Socr.
2457 5459 2510 5506 et
2552 5443 2802 5518 Niceph.,
2829 5443 2945 5501 ’καὶ
2979 5448 3132 5515 ἆγιον
3166 5443 3428 5518 Πνεῦμα,
3452 5443 3602 5518 Infra

2234 5523 2363 5577 aris.
2396 5520 2552 5575 Socr.
2584 5530 2640 5575 et
2671 5515 2895 5589 Niceph.
2923 5558 2938 5583 ,
2977 5519 3011 5588 ή
3042 5517 3171 5585 ἁγία
3203 5517 3298 5570 καὶ
3318 5515 3604 5588 καθολικὴ

2234 5594 2358 5640 ισία.
2394 5590 2539 5640 Εάίι.
2580 5606 2706 5640 vero
2730 5589 2946 5640 Comm.
2969 5598 3023 5640 et
3047 5587 3205 5640 item.
3247 5590 3281 5640 ἡ
3312 5586 3441 5640 ἁγία
3469 5585 3604 5640 καθ-

3347 5602 3441 5656 για
3469 5602 3606 5640 καυ-

2028 5527 2159 5579 edit.
2189 5527 2363 5577 Paris.
2396 5527 2552 5575 Socr.
2584 5530 2640 5575 et
2671 5527 2895 5589 Niceph.
2923 5558 2938 5583 ,
2977 5527 3011 5588 η
3042 5527 3171 5585 ἁγία
3203 5527 3282 5570 κατ

2042 5594 2358 5659 Ἐκκλησία.
2394 5590 2539 5647 Edit.
2580 5606 2706 5648 vero
2730 5589 2946 5645 Comm.
2969 5598 3023 5643 et
3047 5587 3205 5658 Reg.,
3247 5590 3282 5659 ἡ

2028 5666 2182 5737 ολικὴ
2216 5663 2396 5718 Ἐκκλ.
