3822 6226
263 328 376 386 79.9

1645 329 1734 384 DE
1775 327 2068 384 SYNODIS

3407 322 3512 382 75)

257 448 322 499 οὗ
375 421 650 516 βουλήσει.
675 442 797 497 οὐδὲ
844 441 1058 514 θελήσει
1115 442 1373 514 ἐγέννησε
1417 443 1446 495 ό
1505 443 1696 515 Πατὴρ
1752 444 1842 497 τὸν

1962 455 2092 498 :tum
2126 461 2142 498 :
2183 451 2277 498 aut
2304 442 2603 514 ingenitum
2631 459 2752 500 esse
2774 441 2972 499 Filium
3008 461 3022 498 :
3053 443 3136 497 vel
3160 440 3374 498 Patrem
3404 460 3511 499 non

259 536 428 602 Υἱὸν,
509 532 893 604 ἀναθεματίζει
950 534 984 603 ἡ
1051 531 1182 600 ἁγία
1240 533 1334 585 καὶ
1400 531 1661 602 καθολικὴ
1725 532 1846 585 Ἐκ-

261 628 486 700 κλησία.
1639 645 1646 656 ι

337 718 426 773 Ill.
473 739 491 769 ι
514 717 651 772 Οὔτε
673 716 781 790 γὰρ
806 715 865 783 ἐξ
892 717 992 768 οὐκ
1017 715 1186 769 όντων
1209 715 1299 769 τὸν
1314 715 1442 768 Υἱὸν
1473 714 1650 784 λέγειν
1683 715 1851 784 ἀσφα-

257 809 376 874 λὲς,
404 809 528 862 ἐπεὶ
553 807 802 878 μηδαμοῦ
851 804 1010 859 τοῦτο
1045 805 1155 858 τῶν
1194 805 1566 860 θεοπνεύστων
1618 804 1849 875 Γραφῶν

261 903 491 974 φέρεται
518 900 629 972 (12)
656 901 783 971 περὶ
833 898 1018 961 αὐτοῦ,
1069 896 1192 950 οὗτε
1237 896 1341 970 μὴν
1379 897 1439 962 ἐξ
1483 897 1676 968 ἐτέρας
1705 897 1850 960 τινὸς

262 994 619 1055 ὑποστάσεως
655 990 806 1062 παρὰ
831 990 921 1043 τὸν
944 988 1164 1062 Πατέρα
1199 989 1696 1060 προϋποκειμένης
1735 987 1848 1041 ἀλλ’

261 1089 331 1140 ἐκ
359 1085 520 1156 μόνου
545 1083 638 1136 τοῦ
666 1081 803 1136 Θεοῦ
828 1081 1067 1152 γνησίως
1089 1080 1250 1134 αὐτὸν
1295 1079 1655 1150 γεγεννῆσθαι
1681 1079 1850 1152 διορι-

264 1177 476 1250 ζόμεθα
511 1175 642 1245 (15)’
686 1175 782 1228 Ἕν
811 1173 920 1246 γὰρ
970 1173 1032 1226 τὸ
1058 1165 1348 1244 ἀγέννητον
1383 1173 1476 1226 καὶ
1504 1173 1737 1243 ἄναρχον
1758 1172 1850 1225 τὸν

263 1266 506 1342 Χριστοῦ
534 1267 754 1338 Πατέρα
780 1268 808 1319 ό
857 1265 1001 1329 θεῖος
1049 1264 1291 1319 διδάσκει
1323 1264 1501 1334 λόγος.
1563 1263 1704 1317 Ἀλλ’
1729 1262 1851 1316 οὐδὲ

263 1364 352 1426 τὸ,
373 1359 442 1433 ἦν
471 1378 625 1424 ποτε,
653 1361 740 1414 ὅτε
760 1359 859 1413 οὐκ
886 1355 974 1430 ἦν,
1022 1357 1080 1424 ἐξ
1113 1357 1375 1429 ἀγράφων
1422 1354 1736 1426 ἐπισφαλῶς
1766 1355 1853 1408 λέ-

265 1467 466 1520 γοντας
493 1449 627 1518 (14),
675 1447 923 1519 χρονικόν
978 1464 1031 1500 τι
1086 1446 1360 1518 διάστημα
1417 1445 1851 1518 προενθυμητέον

264 1543 458 1609 αὑτοῦ,
481 1541 595 1595 ἀλλ’
625 1540 657 1611 ἢ
695 1540 851 1609 μόνον
884 1539 974 1592 τὸν
1017 1539 1261 1610 ἀχρόνως
1311 1537 1472 1592 αὐτὸν
1491 1536 1854 1606 γεγεννηκότα

263 1633 422 1688 Θεόν·
454 1633 549 1686 καὶ
581 1631 762 1702 χρόνοι
795 1629 904 1701 γὰρ
933 1630 1027 1683 καὶ
1057 1629 1251 1692 αἰῶνες
1283 1629 1538 1697 γεγόνασι
1567 1628 1632 1680 δι’
1661 1627 1845 1680 αὑτοῦ.

267 1723 408 1778 Οὔτε
447 1721 553 1794 μὴν
580 1721 910 1792 συνάναρχον
969 1721 1066 1774 καὶ
1117 1719 1508 1790 συναγέννητον
1555 1718 1634 1788 τῷ
1675 1718 1852 1788 Πατρὶ

1949 535 2178 591 arbitrio
2211 551 2312 590 suo
2346 544 2441 589 aut
2477 536 2760 590 voluntate
2806 535 3060 607 genuisse
3089 533 3287 589 Filium
3318 552 3332 602 ;
3380 549 3515 590 ana-

1952 629 2194 682 themate
2219 627 2348 682 ferit
2375 637 2559 682 sancta
2586 637 2638 681 et
2673 627 2942 683 catholica
2966 626 3229 682 Ecclesia.

2020 717 2105 776 Ill.
2148 737 2166 768 ι
2186 717 2370 788 Neque
2394 720 2538 774 enim
2568 727 2742 773 tutum
2774 727 2856 773 est
2883 718 3065 773 dicere
3088 717 3284 772 Filium
3309 733 3376 772 ex
3405 732 3513 772 non

1949 810 2291 864 exstantibus
2319 825 2456 870 esse,
2485 825 2608 864 cum
2639 825 2910 879 nusquam
2939 809 3245 864 divinarum
3277 810 3518 879 Scriptu-

1949 917 2136 954 rarum
2167 902 2268 954 hoc
2295 900 2361 955 de
2393 901 2511 970 ipso
2541 899 2748 954 feratur
2777 919 2790 954 :
2822 901 2905 955 vel
2930 916 2994 954 ex
3025 901 3129 954 alia
3173 901 3323 970 prius
3369 901 3516 955 exsi-

1951 999 2126 1048 stente
2153 993 2456 1046 substantia
2481 1007 2603 1060 qua:
2632 990 2810 1046 Patris
2833 1008 2939 1046 non
2974 1001 3152 1057 esset;
3177 993 3269 1046 sed
3303 1008 3369 1046 ex
3399 993 3516 1047 solo

1950 1081 2062 1136 Deo
2084 1096 2208 1136 eum
2242 1096 2364 1136 vere
2386 1081 2625 1152 genitura
2653 1096 2776 1136 esse
2798 1081 3090 1136 deﬁnimus
3119 1099 3134 1147 ;
3168 1097 3336 1135 unum
3367 1083 3514 1135 enim

1952 1173 2255 1242 ingenitum
2309 1181 2364 1228 et
2415 1173 2535 1228 sine
2572 1172 2838 1242 principio
2897 1172 3102 1226 Christi
3149 1170 3363 1226 Patrem
3396 1188 3518 1226 esse

1951 1267 2172 1321 divinus
2205 1281 2386 1321 sermo
2409 1264 2584 1321 docet.
2617 1263 2721 1319 Sed
2752 1278 2927 1333 neque
2951 1278 3046 1319 eos
3071 1263 3163 1333 qui
3201 1265 3335 1317 citra
3368 1262 3518 1317 Scri-

1951 1367 2122 1427 pturae
2158 1357 2533 1412 auctoritatem
2572 1365 2775 1411 temere
2828 1355 3022 1411 dicunt
3077 1371 3090 1406 :
3148 1353 3276 1408 Erat
3305 1366 3517 1424 tempus

1951 1464 2074 1502 eum
2106 1463 2214 1503 non
2243 1457 2408 1511 esset,
2463 1447 2683 1517 aliquod
2721 1447 2984 1517 temporis
3020 1447 3255 1516 spatium
3299 1457 3516 1501 antece-

1951 1540 2085 1594 dens
2118 1539 2355 1608 cogitare
2384 1547 2636 1610 oportet;
2677 1539 2771 1593 sed
2822 1539 2997 1593 solum
3052 1537 3220 1591 Deum
3256 1539 3346 1607 qui
3399 1540 3517 1592 sine

1952 1640 2191 1699 tempore
2219 1631 2370 1685 illum
2406 1631 2614 1701 genuit.
2649 1630 2918 1700 Tempora
2940 1631 3086 1686 enim
3119 1641 3173 1685 et
3199 1631 3397 1686 saaeula
3423 1647 3518 1700 per

1954 1721 2102 1776 illum
2157 1720 2300 1777 facta
2355 1731 2502 1776 sunt.
2537 1720 2724 1792 Neque
2780 1723 2906 1777 item
2960 1722 3385 1776 existimandum
3434 1731 3518 1776 est

262 1814 360 1867 τὸν
377 1813 510 1890 ,Υἱὸν
542 1808 681 1865 εἶναι
717 1811 1018 1880 νομιστέον·
1047 1809 1377 1880 συνανάρχου
1431 1810 1540 1880 γάρ
1589 1810 1682 1863 καὶ
1727 1826 1846 1862 συν-

1962 1812 2147 1868 Filium
2176 1829 2284 1869 una
2315 1830 2440 1870 eum
2483 1813 2643 1869 Patre
2698 1828 2806 1867 non
2854 1814 3094 1884 genitum
3147 1823 3199 1868 et
3249 1814 3517 1883 principio

271 1906 570 1976 αγεννήτου
599 1903 772 1966 οὐδεὶς
799 1901 1004 1972 κυρίως
1030 1901 1214 1972 πατὴρ
1258 1901 1291 1972 ἦ
1339 1901 1452 1965 υἱὸς
1503 1899 1844 1972 λεχθήσεται.

287 1995 450 2050 Ἀλλὰ
472 1995 563 2048 τὸν
593 1995 690 2065 μὲν
715 1993 933 2063 Πατέρα
964 1993 1122 2064 μόνον
1151 1991 1384 2064 ἄναρχον
1413 1992 1540 2047 ὄντα
1557 1993 1652 2046 καὶ
1687 1991 1848 2060 ἀγέν-

266 2105 432 2160 νητον
457 2087 568 2158 (15)
603 2086 988 2156 γεγεννηκέναι
1029 2085 1351 2155 ἀνεφίκτως,
1385 2086 1478 2138 καὶ
1516 2087 1680 2140 πᾶσιν
1711 2087 1847 2138 ἀκαο

266 2180 557 2251 ταλὴπτως
610 2177 870 2246 οἴδαμεν·
915 2176 1006 2228 τὸν
1062 2176 1118 2229 δὲ
1175 2176 1302 2229 Υἱὸν
1347 2175 1702 2246 γεγεννῆσθαι
1743 2173 1851 2246 πρό

267 2271 503 2333 αἰώνων,
535 2271 630 2324 καὶ
664 2269 858 2340 μηκέτι
891 2268 1092 2340 ὁμοίως
1124 2267 1203 2338 τῷ
1230 2268 1405 2338 Πατρ).
1429 2267 1724 2338 ἀγέννητον
1773 2262 1851 2318 εἷ-

268 2379 358 2417 ναι
382 2363 477 2415 καὶ
510 2361 692 2426 αὑτὸν,
723 2360 838 2414 ἀλλ’
866 2359 1040 2431 ἀρχὴν
1067 2359 1212 2429 ἔχειν
1245 2359 1336 2412 τὸν
1373 2359 1708 2429 γεννήσαντα
1735 2359 1850 2411 Πα-

268 2452 429 2527 τέρα·
453 2452 663 2524 κεφαλὴ
694 2451 804 2524 γὰρ
829 2451 1064 2523 Χριστοῦ
1088 2453 1116 2503 ό
1145 2450 1296 2514 Θεός.

344 2718 431 2774 ιν.
443 2741 460 2772 ι
475 2717 610 2774 Οὔτε
630 2719 736 2792 μὴν
754 2718 879 2790 τρία
893 2715 1279 2790 ὁμολογοῦντες
1299 2716 1597 2788 πράγματα
1615 2716 1712 2772 καὶ
1725 2717 1850 2788 τρία

272 2811 566 2883 πρόσωπα,
585 2810 680 2864 τοῦ
712 2811 945 2882 Πατρὸς,
975 2811 1070 2864 καὶ
1099 2808 1195 2863 τοῦ
1231 2808 1386 2874 Υἰοῦ,
1432 2809 1526 2863 καὶ
1567 2809 1660 2863 τοῦ
1694 2811 1850 2878 ἁγίου

273 2902 589 2973 Πνεύματος
611 2903 750 2956 κατά
775 2901 874 2965 τὰς
902 2901 1146 2973 Γραφάς,
1189 2903 1337 2972 τρεῖς
1384 2901 1473 2954 διὰ
1519 2900 1678 2972 τοῦτο
1726 2903 1852 2966 τοὺς

272 2995 442 3058 Θεοὺς
469 2994 750 3063 ποιοῦμενο
783 2991 968 3063 ἐπειδὴ
996 2992 1088 3045 τὸν
1112 2991 1373 3062 αὐτοτελῆ
1417 2991 1512 3044 καὶ
1558 2990 1850 3061 ἀγέννητον

274 3086 505 3159 ἀναρχόν
529 3102 590 3138 τε
617 3085 709 3138 καὶ
738 3084 965 3156 ἀόρατον
994 3083 1125 3137 Θεὸν
1156 3082 1252 3136 ἕνα
1297 3083 1458 3154 μόνον
1517 3080 1736 3153 οἴδαμεν
1761 3081 1850 3134 τὸν

273 3136 783 3248 ὀεξξῖᾴιὴᾴτέρᾷ
806 3136 913 3230 ⁸τοῦ
937 3136 1310 3245 Μονογενοῦςξ
1321 3175 1414 3228 τὸν
1459 3175 1620 3246 μόνον
1640 3136 1652 3153 ι
1669 3175 1766 3245 μὲν
1792 3172 1851 3238 ἐξ
1876 3136 1922 3197 c

274 3267 469 3322 ἑαυτοῦ
521 3266 581 3319 τὸ
632 3261 772 3320 εἶναι
825 3265 1037 3335 ἔχοντα,
1073 3266 1232 3337 μόνον
1269 3265 1324 3319 δὲ
1355 3263 1465 3338 (16)
1511 3266 1627 3328 τοῖς
1676 3263 1853 3329 ἄλλοις

275 3360 443 3428 πᾶσιν
499 3357 746 3426 ἀφθόνως
780 3357 937 3412 τοῦτο
981 3357 1356 3428 χαριζόμενον.
1403 3353 1540 3410 Οὔτε
1585 3355 1714 3426 μὴν,
1749 3353 1848 3410 ἕνα

273 3450 408 3503 Θεὸν
437 3449 595 3520 μόνον
627 3449 876 3517 λέγοντες
907 3443 1045 3502 εἶναι
1072 3448 1164 3502 τὸν
1184 3447 1278 3502 τοῦ
1311 3447 1516 3520 Κυρίου
1550 3448 1582 3517 ἡ
1592 3445 1707 3516 μῶν
1749 3449 1854 3519 ’1η-

275 3539 372 3594 σοῦ
431 3539 667 3612 Χριστοῦ
730 3539 972 3610 Πατέρα,
1006 3538 1096 3593 τὸν
1151 3539 1311 3610 μόνον
1374 3539 1704 3612 ἀγέννητον,
1764 3541 1854 3594 διὰ

273 3631 436 3686 τοῦτο
469 3629 778 3703 ἀρνούμεθα
823 3630 918 3683 καὶ
963 3629 1058 3683 τὸν
1104 3629 1340 3700 Χριστὸν
1384 3629 1516 3683 Θεὸν
1576 3627 1712 3685 εἶναι
1750 3631 1855 3705 πρὸ

276 3722 490 3778 αἰώνων
525 3723 655 3793 (17)·
681 3722 852 3776 ὁποῖοί
877 3723 1012 3774 εἰσιν
1033 3722 1084 3774 οἱ
1109 3721 1218 3775 ἀπὸ
1233 3721 1447 3775 Παύλου
1480 3721 1576 3776 τοῦ
1604 3725 1855 3794 Σαμοσα-

271 3817 436 3879 τέως,
468 3814 692 3886 ὕστερον
725 3814 886 3868 αὑτὸν
910 3812 1047 3884 μετά
1079 3813 1180 3884 τὴν
1201 3811 1607 3885 ἐνανθρώπησιν
1639 3817 1704 3868 ἐκ
1725 3831 1856 3886 προ-

275 3908 454 3976 κοπῆς
478 3904 890 3976 τεθεοποιῆσθαι
939 3904 1205 3973 λέγοντες,
1259 3904 1338 3976 τῷ
1363 3905 1461 3976 τὴν
1493 3905 1654 3974 φύσιν
1703 3904 1854 3974 ψιλὸν

275 3997 561 4069 ἄνθρωπον
589 3997 886 4066 γεγονέναι.
914 3996 1148 4066 Οἴδαμεν
1170 3995 1281 4066 γὰρ
1321 3997 1416 4050 καὶ
1463 3996 1644 4061 αὑτὸν,
1678 3999 1728 4049 εἰ
1758 3997 1852 4050 καὶ

275 4090 643 4146 ὑποτέτακται
674 4088 753 4160 τῷ
781 4089 958 4161 Πατρὶ
984 4087 1080 4142 καὶ
1124 4087 1201 4158 τῷ
1227 4087 1346 4159 Θεῷ
1403 4088 1534 4160 (18),
1560 4088 1673 4144 ἀλλ’
1707 4090 1855 4160 ὅμως

277 4181 385 4252 πρὸ
412 4180 621 4236 αἰώνων
653 4179 980 4252 γεννηθέντα
1016 4179 1081 4232 ἐκ
1111 4179 1205 4232 τοῦ
1226 4177 1385 4243 Θεοῦ,
1418 4179 1549 4232 Θεὸν
1583 4178 1726 4233 κατὰ
1764 4179 1857 4249 φῦ-

276 4286 365 4328 σιν
388 4271 590 4325 τέλειον
644 4266 784 4325 εῖναι
843 4271 940 4324 καὶ
967 4269 1162 4342 ἀληθῆ,
1194 4270 1288 4324 καὶ
1323 4270 1398 4342 μὴ
1443 4270 1504 4336 ἐξ
1554 4271 1855 4343 ἀνθρώπων

281 4361 422 4433 μετά
440 4360 615 4415 ταῦτα
660 4361 812 4425 Θεὸν,
871 4361 988 4414 ἀλλ’
1039 4363 1103 4414 ἐκ
1153 4360 1288 4414 Θεοῦ
1343 4362 1761 4434 ἐνανθρωπῆσαι
1788 4365 1857 4420 δι’

279 4454 449 4524 ἡμᾶς,
488 4454 582 4506 καὶ
610 4453 876 4523 μηδέποτε
909 4452 1293 4506 ἀπολωλεκότα
1323 4454 1386 4507 τὸ
1419 4450 1557 4508 εἶναι
1581 4455 1712 4528 (19).

356 4541 418 4597 ν.
458 4561 478 4594 ε
501 4543 909 4614 Βδελυσσόμεθα
928 4543 986 4597 δὲ
1012 4545 1147 4615 πρὸς
1176 4544 1386 4609 τούτοις
1413 4546 1506 4600 καὶ
1523 4546 1852 4617 ἀναθεματί-

278 4636 446 4706 ζομεν
467 4635 562 4688 καὶ
587 4636 713 4699 τοὺς
735 4635 904 4703 Λόγον
929 4635 1028 4706 μὲν
1051 4637 1209 4707 μόνον
1227 4637 1388 4691 αὐτὸν
1413 4638 1569 4708 ψιλὸν
1595 4640 1691 4692 τοῦ
1715 4640 1850 4694 Θεοῦ

278 4728 376 4783 καὶ
403 4727 750 4800 ἀνύπαρκτον
779 4727 1126 4793 ἐπιπλάστως
1153 4728 1467 4794 καλοῦντας,
1504 4733 1562 4786 ἐν
1587 4731 1758 4804 ἑτέρῳ
1792 4733 1853 4787 τὸ

277 4815 423 4900 εἶναι
456 4819 649 4890 ἔχοντα
685 4820 820 4890 (20),
847 4819 944 4874 νῦν
979 4821 1078 4891 μὲν
1101 4821 1177 4884 ὡς
1214 4821 1304 4875 τὸν
1333 4823 1663 4893 προφορικὸν
1701 4823 1854 4893 λεγόσ

281 4928 440 4982 μενον
469 4911 574 4964 ὑπό
599 4927 781 4975 τινων,
816 4910 911 4965 νῦν
942 4910 998 4964 δὲ
1027 4912 1102 4976 ὡς
1134 4911 1223 4966 τὸν
1245 4911 1544 4969 ἐνδιάθετον
1570 4932 1584 4944 ·
1615 4916 1847 4986 Χριστὸν

391 5021 432 5053 ¹¹
473 5020 644 5077 lCor.
673 5036 750 5090 ιι,
777 5021 829 5075 5.

350 5179 462 5251 (12)
493 5177 654 5251 _Socr.
683 5177 1008 5251 et_Niceph.,
1040 5179 1360 5251 ἐμφέρεται.

351 5250 464 5320 (15)
488 5249 644 5304 Socr.
669 5259 724 5304 et
748 5245 1001 5318 Niceph.,
1028 5245 1408 5320 διδασκόμεθα.
1439 5245 1563 5302 Mox
1589 5247 1838 5320 Niceph.,

277 5321 374 5373 ἓνα
403 5320 516 5389 γὰρ
530 5321 631 5389 ,τὸν
663 5321 974 5389 ἀγέννητον.

351 5387 749 5462 (MiNicephL,
785 5393 898 5453 τοῖς
939 5388 1000 5453 ἐξ
1025 5389 1290 5462 ἀγράφων
1328 5387 1639 5458 ἐπισφαλῶς
1666 5388 1853 5458 λέγου-

279 5477 387 5524 σιν,
417 5459 492 5522 ὡς
523 5459 794 5530 χρονικόν.

351 5529 467 5596 (15)
508 5527 660 5585 8661⁸.
693 5537 749 5583 et
776 5528 1024 5598 Niceph.,
1059 5530 1153 5582 καὶ
1188 5527 1493 5598 ἀνέφικτον.
1543 5528 1686 5584 infra
1717 5528 1850 5598 Reg.

277 5601 410 5671 edit.
451 5598 665 5654 Comm.
714 5599 870 5671 Socr.
915 5607 972 5654 et
995 5598 1244 5670 Niceph.,
1271 5600 1647 5671 γεγεννῆσθαι.
1694 5600 1835 5655 Edit.

278 5668 479 5731 Paris.,
501 5670 851 5741 γεγενῆσθαι.

351 5741 461 5810 (16)
501 5739 576 5794 lta
603 5738 734 5810 Reg.
784 5740 936 5795 Sorr.
965 5750 1016 5795 et
1041 5738 1262 5809 Niceph.
1308 5740 1363 5796 In
1399 5742 1557 5797 editis
1583 5743 1637 5795 δέ
1672 5744 1820 5797 deest

1949 1915 2222 1975 expertem
2251 1922 2266 1970 ;
2292 1905 2488 1975 quippe
2511 1904 2672 1958 simul
2701 1920 2809 1958 non
2840 1904 3004 1974 geniti
3033 1913 3086 1958 et
3116 1905 3384 1975 principio
3413 1921 3506 1959 ea-

1950 1995 2138 2060 rentis,
2181 2006 2340 2050 nemo
2383 1997 2600 2066 proprie
2661 2006 2813 2066 pater
2846 2005 2940 2051 aut
2970 1996 3116 2052 lilius
3161 1997 3267 2052 dici
3299 1999 3513 2066 poterit.

1953 2087 2056 2142 Sed
2081 2087 2297 2143 Patrem
2333 2089 2426 2158 qui
2458 2089 2610 2144 solus
2637 2089 2906 2159 principio
2934 2106 3128 2144 carens
3157 2101 3210 2144 et
3240 2090 3518 2160 ingenitus

1949 2190 2052 2246 est,
2096 2180 2260 2235 modo
2295 2180 2554 2235 ineffabili
2589 2189 2644 2235 et
2680 2182 2938 2237 omnibus
2982 2182 3518 2253 incompreliensibili

1951 2271 2205 2343 genuisse
2243 2273 2518 2328 novimus.
2547 2271 2744 2327 Filium
2776 2283 2956 2327 autem
2988 2282 3114 2328 ante
3140 2279 3339 2330 szecula
3368 2276 3519 2346 geni-

1950 2373 2067 2418 tum
2099 2363 2287 2427 fuisse,
2327 2380 2427 2420 nec
2476 2366 2701 2434 proinde
2752 2366 2898 2420 velut
2934 2364 3146 2420 Patrem
3173 2367 3349 2436 ipsum
3383 2383 3522 2436 quo-

1948 2470 2056 2524 que
2083 2455 2383 2526 ingenitum
2416 2471 2578 2522 esse;
2612 2456 2705 2510 sed
2753 2457 3086 2526 pi‘incipium
3139 2457 3360 2518 habere,
3413 2457 3518 2512 Pa-

1952 2555 2088 2601 trem
2123 2562 2318 2616 nempe
2376 2547 2468 2617 qui
2523 2563 2581 2602 se
2635 2547 2881 2618 genuit:
2936 2555 3100 2618 caput
3128 2549 3272 2603 enim
3314 2549 3520 2604 Christi

1951 2636 2096 2692 Deus
2129 2638 2196 2693 ".

2023 2728 2112 2782 ιν.
2147 2748 2166 2780 ‹
2194 2726 2303 2784 Nec
2331 2738 2510 2785 tamen
2543 2743 2670 2799 qum
2717 2739 2827 2786 tres
2873 2745 2962 2785 res
3015 2739 3069 2786 et
3112 2740 3219 2788 tres
3261 2746 3522 2803 personas

1952 2819 2157 2886 Patris,
2184 2830 2241 2876 et
2268 2819 2412 2888 Filii,
2445 2831 2500 2876 et
2545 2822 2781 2892 Spiritus
2811 2824 2982 2877 sancti
3025 2825 3324 2879 secundum
3377 2824 3526 2880 Seri-

1951 2921 2141 2982 pturas
2165 2913 2512 2979 conﬁtemur,
2553 2913 2676 2968 ideo
2720 2921 2833 2969 tres
2872 2914 3004 2970 deos
3043 2914 3294 2971 facimus.
3340 2910 3522 2971 Unum

1952 3007 2097 3061 enim
2139 3007 2316 3062 solum
2343 3022 2408 3062 ex
2439 3006 2621 3077 seipso
2658 3006 2980 3077 perfectum,
3016 3007 3338 3079 ingenitum,
3372 3011 3524 3078 prin-

1953 3098 2096 3168 cipio
2153 3108 2470 3166 carentem,
2529 3110 2584 3154 et
2623 3099 2948 3154 invisibiiem
2995 3100 3164 3154 Deum
3224 3101 3520 3168 novimus,

1955 3189 2123 3244 Deum
2161 3200 2213 3244 et
2261 3187 2480 3245 Patrem
2535 3189 2832 3263 Unigeniti,
2867 3192 2960 3261 qui
3009 3193 3162 3247 solus
3220 3207 3287 3246 ex
3343 3194 3524 3262 seipse

1953 3282 2115 3337 habet
2135 3297 2275 3348 esse,
2307 3283 2459 3338 solus
2481 3284 2702 3353 copiose
2736 3283 2868 3338 illud
2909 3283 3031 3338 aliis
3069 3284 3317 3353 largitur.
3349 3283 3523 3342 Porro

1955 3375 2169 3429 tametsi
2206 3391 2375 3428 unum
2407 3373 2578 3430 Deum
2635 3375 2814 3429 solum
2869 3375 3104 3430 dicimus
3141 3373 3358 3430 Patrem
3416 3376 3524 3432 Do—

1953 3465 2086 3520 mini
2121 3465 2293 3532 nostri
2341 3463 2472 3521 Jcsu
2521 3465 2746 3531 Christi,
2789 3465 2964 3520 solum
3002 3465 3304 3536 ingenitum
3341 3507 3356 3530 ,
3411 3485 3519 3524 non

1955 3560 2072 3614 ideo
2087 3575 2346 3628 negamus
2358 3561 2633 3616 Christum
2653 3576 2871 3632 quoque
2893 3559 3061 3615 Deum
3079 3577 3200 3617 esse
3217 3573 3341 3618 ante
3358 3581 3526 3618 smeu-

1954 3651 2003 3704 la
2033 3659 2142 3704 :xut
2177 3650 2383 3706 faciunt
2404 3651 2559 3722 591
2589 3651 2738 3706 Pauli
2776 3649 3177 3707 Samosatensis
3228 3653 3478 3721 discipuli
3509 3696 3522 3714 ,

1954 3741 2282 3798 aﬂirmantes
2327 3757 2454 3798 eum
2504 3751 2629 3813 post
2669 3741 3128 3809 incarnationem,
3167 3759 3230 3796 ex
3273 3744 3522 3813 profectu

1954 3833 2124 3889 Deum
2157 3833 2356 3889 factum
2378 3849 2521 3899 esse,
2551 3841 2844 3904 postquam
2881 3843 3076 3890 natura
3103 3834 3333 3904 simplex
3356 3833 3524 3890 homo

1954 3921 2131 3978 factus
2177 3922 2390 3979 fuisset.
2427 3922 2642 3978 Scimus
2679 3924 2825 3978 enim
2873 3938 3000 3978 eum
3028 3964 3046 3990 ,
3087 3923 3340 3994 quamvis
3372 3922 3524 3978 Patri

1954 4023 2008 4069 et
2035 4013 2144 4069 Deo
2177 4013 2455 4084 subjectus
2487 4014 2576 4076 sit,
2605 4023 2733 4069 ante
2786 4014 2983 4069 saecula
3011 4023 3190 4069 tamen
3223 4029 3254 4068 a
3288 4012 3398 4069 Deo
3428 4030 3524 4084 ge-

1956 4107 2150 4170 nitum,
2181 4105 2351 4160 Deum
2395 4106 2696 4162 secundum
2737 4116 2986 4160 naturam
3010 4105 3304 4176 perfectum
3339 4113 3393 4160 et
3427 4119 3524 4160 ve-

1955 4213 2075 4253 rum
2109 4213 2250 4262 esse,
2283 4213 2458 4268 neque
2500 4214 2566 4253 ex
2597 4197 2818 4252 homine
2855 4205 3042 4266 postea
3079 4196 3247 4251 Deum
3269 4236 3284 4260 ,
3326 4195 3418 4250 sed
3457 4213 3525 4250 ex

1957 4289 2069 4345 Deo
2097 4291 2378 4346 hominem
2409 4299 2636 4361 propter
2665 4307 2766 4346 nos
2796 4288 3001 4346 factum
3025 4304 3168 4355 esse,
3216 4303 3393 4359 neque
3421 4303 3524 4342 un-

1954 4397 2121 4452 quam
2152 4398 2275 4438 esse
2299 4383 2587 4439 desivisse.

2036 4553 2096 4609 V.
2133 4573 2153 4606 ι
2174 4553 2542 4609 Exsecramur
2567 4561 2828 4622 praeterea
2857 4563 2910 4608 et
2932 4551 3276 4607 anathemate
3300 4548 3527 4602 damna-

1957 4659 2081 4700 mus
2105 4659 2224 4707 eos,
2265 4644 2357 4713 qui
2393 4643 2545 4697 illum
2575 4643 2754 4698 solum
2789 4659 2854 4698 ac
2891 4642 3120 4713 simplex
3154 4640 3249 4696 Dei
3280 4638 3524 4694 Verbum

1958 4749 2067 4789 non
2101 4733 2432 4799 subsistens,
2460 4733 2606 4802 quod
2636 4733 2690 4786 in
2716 4733 2823 4787 alio
2849 4749 3002 4788 suam
3029 4731 3402 4788 exsistentiam
3427 4729 3525 4782 ba—

1957 4825 2101 4892 beat,
2125 4825 2264 4882 falso
2293 4827 2590 4895 appellant,
2621 4826 2878 4895 quodque
2912 4823 3074 4878 modo
3120 4824 3268 4878 velut
3297 4819 3524 4892 prolati-

1954 4917 2087 4970 tium
2120 4931 2151 4970 a
2176 4915 2502 4986 quibusdam
2546 4915 2768 4980 dicitur,
2802 4913 2967 4969 modo
3018 4914 3293 4968 internum
3341 4911 3523 4966 nomi-

1947 5178 2276 5252 MoxiSocn,
2312 5182 2557 5250 ἀφθόνως
2587 5181 2653 5252 τὸ
2676 5197 2808 5252 ειναι
2841 5181 3230 5252 παρεχόμενον.
3260 5179 3486 5250 Niceplt.
3506 5220 3521 5246 ,

1950 5246 2574 5324 ἀφθόνως-χαριζόμενον
2606 5251 2671 5324 τὸ
2698 5246 2855 5304 εἶναι.

2023 5320 2136 5388 (17)
2177 5320 2332 5376 Secr.
2359 5320 2688 5389 etNicepln.
2726 5321 3068 5390 προαιὼνιον.

2056 5392 2138 5461 18)
2172 5393 2262 5462 Τῷ
2294 5394 2542 5447 deletum:
2571 5393 2624 5445 in
2671 5389 2799 5462 Reg.
2839 5393 2992 5462 deest
3031 5391 3171 5460 apud
3216 5389 3335 5446 Nic.
3375 5389 3519 5455 Mox,

1958 5459 2064 5532 πρὸ
2097 5459 2304 5532 αἰώνων
2331 5462 2650 5532 deestaputl
2686 5459 2838 5516 Socr.
2864 5471 2918 5515 et
2949 5459 3172 5532 Niceph.

2031 5531 2142 5605 (19)
2171 5531 2328 5605 Sper.
2361 5545 2414 5588 et
2455 5531 2598 5599 Nie.,
2625 5532 2718 5585 καὶ
2754 5531 3108 5605 μηδεπώποτε
3141 5531 3520 5585 ἀπολωλεκότα

1942 5601 2002 5654 τὸ
2027 5598 2163 5655 εἶναι
2191 5603 2341 5656 Θεόν.

2017 5673 2128 5745 (20)
2161 5672 2251 5729 Sic
2287 5675 2416 5746 Reg.
2447 5675 2600 5730 Socr.
2632 5683 2684 5730 et
2713 5671 2934 5745 Niceph.
2965 5671 3104 5729 Editi
3139 5688 3291 5736 vero,
3319 5671 3511 5743 ἔχοντι.
