3822 6226
298 259 395 320 75!

860 263 918 320 s.
957 263 1329 322 ATHANASII
1367 268 1518 324 OPP.
1559 267 1738 326 rans
1775 249 1879 323 1.":

1988 264 2330 332 IISTORICA
2359 262 2445 317 ΕΤ
2487 253 2910 318 ΒΟΟΜΑΤΙΟΞ

3409 253 3520 317 732

300 387 480 431 natur.
509 376 789 433 Christum
830 388 1011 434 autem
1053 382 1230 450 ipsum
1274 391 1328 437 et
1372 384 1567 439 Filium
1594 385 1712 450 Dei,
1745 401 1864 439 me-

1988 383 2023 434 ἱὲ
2061 383 2241 446 αὑτὸν,
2276 382 2370 434 xui
2400 380 2528 434 Υἱὺν
2569 379 2660 433 τοῦ
2695 378 2852 443 Θεοῦ,
2884 377 2980 431 xui.
3029 380 3275 451 μεσίτην,
3322 381 3417 433 xui
3461 383 3541 433 εί-

299 468 592 535 diat’orem,
618 480 671 523 et
698 469 988 539 imaginem
1014 470 1131 538 Dei,
1161 489 1268 527 non
1299 473 1470 530 fuisse
1508 486 1633 530 ante
1666 477 1867 531 saecula

299 561 668 627 contendunt;
719 561 814 616 sed
854 576 920 616 eo
963 570 1206 633 tempore
1255 564 1534 622 Christum
1586 569 1764 638 ipsum
1814 577 1870 623 et

301 652 500 708 Filium
533 652 625 706 Dei
651 651 855 708 factum
888 670 1029 722 esse,
1056 671 1123 710 ex
1151 672 1262 726 quo
1285 667 1529 713 nostram
1558 675 1778 714 carnem
1803 675 1868 714 ex

303 741 530 813 Virgine
577 745 896 818 assumpsit,
943 760 1053 799 non
1098 746 1324 816 integris
1367 748 1566 803 abhinc
1609 750 1870 818 quadrin-

302 835 479 906 gentis
533 836 714 890 annis.
761 834 842 890 Ex
886 851 952 890 eo
982 837 1128 891 enim
1162 846 1403 907 tempore
1454 840 1666 893 initium
1718 841 1872 910 regni

303 925 563 981 habuisse
609 925 890 982 Christum
933 927 1270 982 contendunt
1305 947 1317 981 :
1359 937 1415 982 et
1457 930 1562 983 hoc
1601 945 1827 998 regnum
1853 970 1870 996 ,

302 1025 428 1085 post
455 1017 986 1072 consummationem
1019 1028 1072 1073 et
1108 1019 1400 1089 judicium,
1443 1019 1608 1074 ﬁnem
1650 1021 1869 1075 habitu-

303 1122 450 1161 rum.

382 1196 473 1252 VI.
527 1216 550 1250 ι
593 1196 921 1267 Huiusmodi
978 1207 1108 1255 sunt
1151 1206 1447 1254 sectatores
1500 1197 1775 1265 Marcelli,
1819 1207 1875 1253 et

308 1287 520 1344 Scotini
550 1288 1098 1360 Ancyrogalatarum,
1133 1291 1228 1361 qui
1265 1289 1470 1346 Christi
1503 1299 1629 1345 ante
1673 1291 1870 1346 saecula

305 1362 683 1435 exsistentiain
712 1388 768 1434 et
797 1380 1161 1446 divinitatem,
1189 1381 1416 1451 ejusque
1441 1389 1758 1450 perpetuum
1784 1396 1872 1436 re-

308 1487 476 1542 gnum
503 1487 627 1526 cum
656 1469 860 1525 Iudaeis
887 1472 1223 1546 inticiantur,
1257 1479 1318 1525 ut
1341 1472 1714 1525 monarchiam
1743 1486 1876 1526 con-

309 1561 537 1616 stituere
590 1561 898 1616 videantur.
941 1561 1157 1616 Scimus
1210 1562 1355 1616 enim
1397 1578 1556 1627 eum,
1601 1577 1710 1616 non
1755 1577 1877 1618 esse

307 1652 574 1706 duntaxat
602 1652 898 1722 prolatum,
929 1660 979 1706 et
1028 1652 1301 1705 internum
1349 1651 1445 1706 Dei
1489 1649 1746 1716 Verbum,
1778 1652 1875 1706 sed

1971 473 2103 526 κόνα
2131 472 2224 524 τοῦ
2265 471 2400 524 Θεοῦ
2434 469 2506 540 μὴ
2541 465 2676 522 εἶναι
2710 469 2827 539 (21),
2857 469 2964 538 πρὸ
2997 469 3205 522 αἰώνων
3241 469 3493 533 θέλοντας
3519 485 3536 500 ⁸

1971 565 2084 618 ἀλλ’
2116 566 2180 616 ὲκ
2207 563 2331 614 τότε
2363 561 2595 632 Χριστὸν
2630 560 2792 613 αὑτὸν
2826 561 3104 628 γεγονέναι
3137 563 3230 614 xui.
3276 562 3402 615 Υίὸν
3448 562 3538 615 τοῦ

1970 657 2105 710 Θεοῦ
2145 655 2277 727 (22),
2328 655 2386 722 ἐξ
2431 649 2492 709 οὗ
2535 652 2632 724 τὴν
2683 653 2956 723 ἡμετέραν
3001 656 3066 706 ὲκ
3109 654 3208 722 τῆς
3261 653 3538 724 Παρθένου

1973 750 2150 819 σάρκα
2187 747 2441 816 ἀνείληφε
2470 788 2484 810 ,
2539 746 2644 816 πρὸ
2689 743 3052 813 τετρακοσίων
3090 745 3188 813 οὐχ
3233 743 3344 814 (25)
3406 745 3541 797 ὅλων

1971 838 2126 890 ἐτῶν.
2175 838 2269 890 Ἐκ
2296 837 2415 889 τότε
2442 835 2551 906 γὰρ
2603 835 2695 888 τὸν
2753 834 2986 904 Χριστὸν
3029 834 3202 904 ἀρχὴν
3266 834 3543 904 βασιλείας

1973 928 2264 998 ἐσχηκέναι
2321 927 2596 980 ἐθέλουσι·
2650 926 2745 978 xui.
2796 925 2947 987 τέλος
2986 923 3128 988 ἕξειν
3182 925 3352 996 αὐτὴν
3429 925 3542 996 (24)

1978 1021 2118 1091 μετὰ
2150 1021 2246 1091 τὴν
2282 1020 2590 1074 συντέλειαν
2625 1019 2717 1072 xui.
2743 1019 2842 1089 τὴν
2863 1017 3063 1087 κρίσιν.

2044 1199 2133 1254 VI.
2171 1219 2198 1250 «ς
2216 1198 2454 1252 Τοιοῦτοι
2491 1198 2554 1250 δέ
2573 1199 2708 1250 εἰσιν
2733 1196 2784 1250 οἱ
2822 1195 2930 1249 ἀπὸ
2955 1193 3270 1266 Μαρκέλλου
3293 1194 3385 1248 xui.
3415 1194 3550 1246 Σκο-

1972 1292 2149 1346 τεινοῦ
2174 1290 2283 1362 (25)
2316 1289 2424 1342 τῶν
2469 1286 2976 1359 Ἀγκυρογαλατῶν,
3003 1286 3053 1339 οῖ
3082 1287 3182 1357 τὴν
3220 1284 3547 1356 πρωιὼνιον

1976 1383 2207 1457 ὓπαρξιν
2224 1381 2316 1436 τοῦ
2334 1379 2592 1453 Χριστοῦ,
2607 1379 2700 1433 xui.
2721 1378 2819 1450 τὴν
2849 1376 3211 1447 θεότητα,,καὶ
3226 1375 3322 1446 τὴν
3334 1377 3552 1429 ἀτελεύο

1973 1490 2133 1543 τητον
2158 1470 2320 1524 αὑτοῦ
2342 1468 2612 1539 βασιλείαν
2627 1467 2824 1538 ὁμοίως
2842 1465 3111 1528 Ἰουδαίοις
3134 1465 3435 1527 ἀθετοῦσιν,
3455 1464 3551 1518 ἐπὶ

1975 1567 2248 1639 προφάσει
2283 1565 2374 1619 τοῦ
2405 1564 2752 1618 συνίστασθαι
2779 1562 2951 1614 δοκεῖν
2995 1563 3062 1631 τῇ
3105 1559 3371 1630 μοναρχία
3409 1558 3552 1629 (26).

1981 1661 2166 1730 Ἴσμεν
2186 1657 2295 1728 γὰρ
2320 1657 2478 1710 αὐτὸν
2497 1658 2677 1726 ἡμεῖς,
2690 1655 2788 1725 οὐχ
2809 1653 2993 1716 ἁπλῶς
3007 1652 3175 1720 Λόγον
3191 1649 3551 1721 προφορικὸν,

308 1745 495 1799 vivum
542 1744 711 1797 Deum
766 1743 1005 1800 Verbum
1045 1760 1142 1814 per
1183 1759 1243 1800 se
1285 1745 1628 1808 subsistens,
1673 1743 1878 1814 Deique

1988 1750 2010 1819 ἢ
2037 1724 2334 1806 ἐνδιάθετον
2360 1747 2454 1800 τοῦ
2487 1724 2643 1807 Θεοῦ,
2671 1724 2806 1798 ἀλλά
2838 1745 3012 1810 ζῶντα
3044 1744 3176 1796 Θεὸν
3217 1742 3384 1810 Λόγον
3427 1741 3552 1795 καθ’

310 1829 509 1886 Filium
552 1842 606 1888 et
643 1831 953 1897 Christum,
997 1848 1230 1903 eumque
1271 1843 1396 1887 ante
1445 1834 1629 1887 omnia
1680 1835 1878 1888 saecula

307 1937 421 1979 non
446 1939 542 1993 per
576 1925 745 1979 solam
777 1925 1174 1994 praescientiam
1202 1925 1365 1980 simul
1398 1941 1523 1980 cum
1563 1925 1719 1980 Patre
1756 1942 1881 1981 exs-

313 2015 512 2080 titisse,
537 2025 590 2070 et
614 2032 738 2070 cum
772 2019 865 2071 illo
887 2027 1164 2072 versatum
1187 2018 1378 2084 fuisse,
1406 2019 1616 2088 ipsique
1642 2017 1708 2072 ad
1733 2033 1882 2073 crea-

315 2106 522 2158 tionem
572 2107 816 2160 omnium
860 2107 1158 2162 visibilium
1207 2109 1322 2163 sive
1371 2108 1728 2164 invisibilium
1777 2110 1882 2163 mi-

312 2194 598 2250 nistrasse.
637 2195 735 2252 Hie
780 2198 925 2251 enim
971 2207 1055 2253 est
1090 2199 1179 2253 cui
1218 2198 1379 2253 Pater
1409 2200 1591 2254 dixit:
1642 2219 1666 2251 ι
1690 2199 1882 2256 Facia-

311 2301 437 2341 mus
474 2286 750 2342 hominem
789 2289 856 2342 ad
893 2289 1184 2359 imaginem
1233 2300 1288 2345 et
1325 2291 1735 2346 similitudinem
1782 2307 1882 2345 no-

317 2384 490 2432 stram
522 2378 620 2433 “.3
653 2379 755 2444 Qui
785 2381 1112 2449 patriarchis
1143 2381 1281 2436 facie
1298 2383 1364 2436 ad
1389 2381 1581 2438 faciem
1609 2385 1762 2438 visus
1777 2393 1888 2449 est,

313 2470 409 2540 qui
445 2470 618 2540 legem
652 2471 818 2535 dedit,
853 2481 905 2526 et
939 2473 1158 2528 locutus
1195 2480 1277 2528 est
1314 2489 1408 2542 per
1443 2476 1755 2544 prophetas.
1789 2476 1882 2545 qui

316 2561 536 2616 tandem
573 2562 736 2618 homo
767 2563 943 2618 factus
974 2574 1079 2630 est,
1107 2573 1161 2619 et
1186 2565 1399 2620 Patrem
1438 2583 1596 2621 suum
1629 2567 1884 2621 omnibus

315 2651 634 2708 hominibus
660 2654 1032 2709 manifestavit
1059 2675 1071 2710 :
1107 2656 1201 2726 qui
1232 2668 1420 2725 regnat
1451 2657 1506 2710 in
1533 2657 1750 2711 inﬁnita.
1778 2674 1883 2712 sae-

316 2744 462 2799 cula.
492 2743 706 2799 Nullam
739 2747 884 2800 enim
910 2762 1106 2801 novam
1142 2747 1462 2818 dignitatem
1493 2750 1701 2818 accepit
1727 2748 1885 2803 Chri-

318 2844 440 2893 stus
467 2855 480 2891 :
508 2838 601 2892 sed
628 2852 753 2892 eum
779 2846 937 2893 antea
956 2838 1252 2908 perfectum
1276 2837 1560 2909 Patrisque
1583 2855 1676 2910 per
1701 2840 1884 2894 ontnia

316 2929 554 2986 similem
585 2946 711 2987 esse
743 2932 1043 2987 credimus.

1980 1840 2169 1894 ἑαυτὸν
2185 1840 2517 1910 ὑπάρχοντα,
2545 1839 2639 1892 xui
2659 1837 2784 1891 Υἱὸν
2819 1837 2953 1890 Θεοῦ
2985 1837 3078 1890 xui
3095 1837 3347 1907 Χριστὸν,
3366 1835 3459 1888 xui.
3485 1836 3554 1888 οὐ

1980 1931 2404 2004 προγνωστικῶς
2435 1929 2660 1983 συνόντα
2694 1931 2788 1982 xui.
2815 1928 3254 1999 συνδιατρίϐοντα
3283 1929 3388 1999 πρὸ
3421 1926 3557 1980 αἰὼ-

1980 2042 2084 2078 νων
2106 2023 2183 2094 τῷ
2208 2021 2398 2075 ἑαυτοῦ
2431 2023 2627 2091 Πατρί,
2653 2021 2746 2074 xui.
2775 2021 2912 2090 πρὸς
2939 2022 3117 2073 πᾶσαν
3154 2019 3556 2089 διακονησάμεο

1980 2133 2069 2168 νον
2091 2114 2235 2185 αὐτῷ
2262 2113 2360 2184 τὴν
2377 2113 2758 2184 δημιουργίαν,
2787 2114 2894 2165 εἴτε
2920 2111 3030 2164 τῶν
3055 2111 3275 2181 ὁρατῶν
3299 2112 3408 2164 εἴτε
3441 2110 3557 2164 τῶν

1980 2205 2225 2277 ἀοράτων
2259 2204 2390 2275 (27).
2423 2197 2588 2266 Οὗτος
2619 2202 2726 2274 γάρ
2755 2204 2891 2267 ἐστι,
2919 2202 3054 2272 πρὸς
3093 2201 3150 2255 ὃν
3181 2197 3330 2253 εἶπεν
3371 2202 3399 2253 ὁ
3433 2201 3557 2252 Παε-

1980 2296 2108 2367 τὴρν
2137 2298 2239 2361 δτι,
2287 2294 2649 2364 «Ποιήσωμεν
2694 2293 2980 2364 ἄνθρωπον
3029 2292 3149 2345 κατ’
3200 2292 3384 2345 εἰκόνα
3409 2293 3554 2362 ἠμε-

1980 2391 2145 2459 τέραν
2177 2391 2269 2443 xui.
2305 2390 2426 2442 καθ’
2449 2389 2726 2461 ὁμοίωσιν
2755 2407 2773 2439 ι
2814 2389 2842 2440 ὁ
2889 2385 2985 2438 xui
3024 2387 3137 2448 τοῖς
3186 2385 3559 2455 πατριάρχαις

1983 2480 2424 2553 αύτοπροσώπως
2453 2480 2639 2551 ὀφθεὶς
2669 2479 2802 2550 (28),
2838 2476 3083 2538 δεδωκὼς
3125 2475 3216 2529 τὸν
3249 2475 3432 2545 νόμον,
3458 2474 3560 2527 xui.

1983 2572 2218 2642 λαλήσας
2245 2572 2334 2624 διὰ
2357 2571 2463 2625 τῶν
2502 2569 2814 2642 προφητῶν,
2851 2569 2944 2622 xui
2984 2567 3052 2620 τά
3091 2567 3371 2619 τελευταῖα
3408 2567 3561 2617 έναν-

1986 2662 2300 2734 θρωπήσας,
2337 2661 2430 2714 xui.
2459 2663 2550 2714 τὸν
2573 2659 2766 2714 ἑαυτοῦ
2802 2659 3022 2730 Πατέρα
3050 2659 3214 2710 πᾶσιν
3243 2655 3557 2725 ἀνθρώποις

1986 2751 2325 2822 φανερῶσας,
2373 2752 2468 2803 xui.
2515 2750 2810 2821 βασιλεύων
2864 2750 2943 2811 εἰς
2987 2748 3115 2808 τοὺς
3163 2745 3560 2816 ἀτελευτήτους

1985 2843 2206 2906 αἰῶνας.
2241 2843 2405 2897 Οὐδὲν
2435 2842 2543 2913 γὰρ
2575 2843 2883 2914 πρόσφατον
2918 2841 2947 2892 ὁ
2997 2838 3229 2912 Χριστὸς
3263 2837 3558 2909 προσείλη-

1987 2953 2084 3004 φεν
2109 2935 2344 3006 ἀξίωμα,
2375 2935 2488 2988 ἀλλ’
2523 2933 2728 2987 ἀνωθεν
2771 2932 2975 2985 τέλειον
3012 2930 3192 2994 αὑτὸν,
3221 2930 3314 2982 xui.
3342 2929 3420 2999 τῷ
3447 2930 3562 2981 Πα-

1911 3058 1954 3115 C
1988 3031 2076 3102 τρὶ
2102 3029 2240 3083 κατὰ
2273 3030 2448 3082 πάντα
2478 3029 2660 3099 ὅμοιον
2692 3023 2828 3079 εἶναι
2859 3022 3321 3094 πεπιστεύκαμεν.

389 3105 501 3161 VII.
546 3127 564 3159 ‹
588 3106 714 3163 Illos
753 3122 882 3162 vero
922 3107 1017 3176 qui
1053 3105 1244 3160 dicunt
1275 3104 1492 3160 Patrem
1524 3114 1578 3159 et
1607 3104 1802 3160 Filium
1831 3113 1879 3160 et

2057 3121 2170 3176 Vll.
2213 3140 2232 3172 ι
2258 3122 2368 3174 Καὶ
2400 3122 2524 3184 τοὺς
2571 3120 2826 3186 λέγοντας
2864 3117 2918 3169 δὲ
2961 3116 3050 3170 τὸν
3083 3116 3242 3169 αὐτὸν
3275 3110 3414 3167 εἶναι
3439 3114 3561 3166 Πα-

320 3199 586 3270 Spiritum
623 3211 872 3254 sanctum
905 3197 1158 3252 eumdem
1191 3212 1350 3262 esse;
1386 3195 1496 3252 tria
1521 3197 1635 3252 haec
1666 3198 1879 3251 nomina

1988 3214 2118 3284 τέρα
2146 3213 2240 3265 xui.
2272 3211 2398 3263 Υίὸν
2428 3213 2520 3264 xui.
2559 3210 2710 3278 ἆγιον
2739 3207 2980 3278 Πνεῦμα,
3019 3205 3141 3259 καθ’
3178 3205 3295 3268 ἑνὸς
3330 3204 3426 3256 καὶ
3463 3203 3561 3256 τοῦ

322 3293 391 3348 de
419 3308 526 3346 una
555 3291 853 3361 eademque
889 3306 948 3345 re
976 3305 1040 3345 ac
1066 3305 1300 3360 persona
1330 3289 1494 3359 impie
1535 3290 1879 3359 accipientes,

1988 3303 2150 3358 αὑτοῦ
2184 3301 2505 3375 πράγματός
2538 3317 2596 3353 τε
2628 3301 2722 3353 xui
2755 3297 3043 3370 προσώπου
3067 3298 3135 3350 τὰ
3164 3296 3291 3367 τρία
3317 3295 3563 3366 ὀνόματα

319 3385 518 3440 merito
539 3385 608 3438 ab
631 3383 873 3438 Ecclesia
905 3384 1301 3453 proscribimus
1340 3400 1356 3437 :
1395 3399 1460 3438 eo
1490 3383 1636 3452 quod
1671 3381 1879 3437 Patrem

1988 3394 2198 3458 ἀσεϐῶς
2225 3392 2684 3465 ὲκλαμϐἀνοντας,
2715 3391 2937 3452 εἰκότως
2974 3387 3432 3460 ἀποκηρύσσομεν
3457 3385 3563 3454 τῆς

319 3479 412 3550 qui
453 3494 554 3534 nec
576 3477 985 3548 comprehendi,
1023 3492 1125 3532 nec
1152 3478 1264 3547 pati
1295 3485 1491 3548 potest,
1529 3481 1879 3547 comprehen-

2000 3486 2356 3557 Ἐκκλησίας·
2403 3485 2484 3537 ὅτι
2529 3483 2618 3536 τὸν
2667 3480 2946 3552 ἀχώρητον
2978 3481 3071 3532 καὶ
3114 3477 3299 3546 ἀπαθῆ
3337 3476 3565 3546 Πατέρα

325 3571 470 3626 sioni
493 3579 546 3624 et
569 3570 818 3640 passioni
844 3585 940 3639 per
977 3571 1407 3624 incarnationem
1433 3571 1728 3642 subjiciam
1754 3589 1768 3638 ;
1799 3587 1879 3626 cu-

1989 3577 2232 3649 χωρητὺν
2262 3577 2376 3647 ἆμα
2426 3575 2519 3628 xui.
2560 3573 2799 3643 παθητὸν
2844 3572 2932 3625 διά
2962 3572 3058 3641 τῆς
3099 3569 3563 3638 ἐνανθρωπήσεως

323 3663 568 3734 jusmodi
596 3672 725 3718 sunt
747 3663 840 3733 qui
871 3663 1013 3733 apud
1040 3661 1264 3717 Latinos
1294 3662 1721 3733 Patropassiani,
1745 3667 1887 3735 apud

324 3771 427 3812 nos
461 3755 756 3810 Sabelliani
790 3765 1074 3810 vocantur.
1109 3753 1220 3811 Nos
1253 3758 1395 3810 enim
1423 3757 1631 3813 scimus
1665 3757 1886 3812 Patrem

325 3849 421 3920 qui
456 3847 628 3914 misit,
670 3847 726 3902 in
771 3848 991 3917 propria
1030 3847 1387 3903 immutabilis
1426 3849 1732 3904 divinitatis.
1756 3865 1890 3905 con-

324 3940 532 3996 ditione
574 3940 965 4010 permansisse.
1017 3938 1299 3994 Christum
1333 3948 1511 3994 autem
1547 3940 1640 4010 qui
1689 3939 1892 3996 missus

324 4041 432 4095 est,
465 4031 864 4088 lncarnationis
898 4031 1210 4100 implevisse
1233 4032 1718 4101 dispensationem.

399 4211 534 4267 VIII.
576 4230 594 4263 ι
619 4211 864 4283 Itemque
893 4214 1016 4268 illos
1040 4213 1133 4282 qui
1161 4227 1376 4268 summa
1407 4212 1682 4283 impietate
1705 4211 1895 4266 dicunt

325 4319 434 4360 non
460 4304 692 4358 arbitrio
712 4319 889 4374 neque
911 4306 1190 4360 voluntate
1212 4304 1410 4358 Filium
1431 4305 1672 4375 genitum
1698 4303 1888 4359 fuisse:

1991 3665 2366 3719 ὑποτίθενται·
2397 3663 2628 3717 τοιοῦτοι
2666 3663 2774 3733 γάρ
2820 3663 2958 3714 εἰσιν
2995 3661 3044 3713 οί
3089 3656 3585 3729 Πατροπασσιανοὶ-

1994 3759 2092 3831 μὲν
2128 3758 2279 3829 παρά
2343 3756 2636 3827 Ῥωμαίοις
2667 3797 2680 3821 ,
2740 3753 3083 3808 Σαϐελλιανοὶ
3135 3752 3190 3804 δὲ
3236 3750 3562 3818 καλούμενοι

1991 3851 2119 3921 παρ’
2151 3851 2301 3920 ἡμῖν.
2329 3849 2563 3918 Οἴδαμεν
2592 3847 2700 3918 γάρ
2726 3848 2888 3917 ἡμεῖς
2917 3845 3007 3896 τὸν
3039 3845 3134 3915 μὲν
3161 3841 3561 3896 ἀποστείλαντα

1991 3941 2210 4011 Πατέρα
2241 3942 2298 3994 ὲν
2334 3939 2411 4010 τῷ
2440 3938 2624 4008 οἰκείῳ
2649 3938 2746 4006 τῆς
2770 3934 3126 3990 ἀναλλοιώτου
3161 3933 3413 4002 θεότητος
3440 3929 3564 4001 ήθει

1995 4034 2384 4106 μεμενηκέναι,
2421 4031 2510 4085 τὸν
2547 4031 2602 4083 δὲ
2635 4028 3004 4084 ἀποσταλέντα
3043 4026 3274 4098 Χριστὸν
3323 4024 3421 4095 τὴν
3459 4022 3564 4093 τῆς

1992 4126 2457 4198 ὲνανθρωπήσεως
2489 4122 2797 4192 οἰκονομίαν
2831 4118 3272 4190 πεπληρωκέναι.

2071 4216 2206 4272 VIII.
2245 4217 2462 4286 «Ὅμως
2483 4214 2539 4266 δὲ
2568 4213 2809 4272 καὶτοὺς
2831 4211 2889 4263 οὐ
2927 4209 3174 4280 βουλήσει
3196 4205 3316 4259 οὐδὲ
3348 4204 3564 4274 θελήσει

1995 4307 2352 4379 γεγεννῆσθαι
2397 4304 2508 4377 (29)
2553 4305 2644 4358 τὸν
2689 4303 2815 4356 Υἰὸν
2862 4301 3148 4372 εἰρηκότας
3209 4295 3561 4359 ἀνευλαϐῶς,

326 4395 747 4450 involuntariam
786 4405 841 4450 et
883 4397 1110 4450 invitam
1168 4396 1463 4465 quamdam
1514 4397 1879 4452 necessitaten

1997 4401 2239 4470 ἀνάγκην
2271 4399 2326 4452 δὲ
2350 4396 2588 4466 δηλονότι
2616 4394 2909 4465 ἀϐούλητον
2937 4394 3030 4444 xui.
3059 4388 3419 4461 ἀπροαίρετον
3460 4403 3561 4438 πε-

327 4485 440 4541 Βεο
467 4487 867 4551 attribuentes;
913 4487 988 4541 ita
1031 4495 1090 4541 ut
1139 4488 1332 4542 nolens
1381 4488 1631 4557 genuerit
1668 4487 1879 4555 Filium,

2001 4491 2364 4564 ριτεθεικότας
2394 4488 2473 4559 τῷ
2510 4487 2629 4558 Θεῷ
2654 4526 2670 4550 ,
2707 4488 2794 4540 ἵνα
2841 4486 2986 4539 ἄκων
3014 4483 3250 4555 γεννήσῃ
3291 4479 3382 4533 τὸν
3411 4478 3561 4545 Υίὺν,

326 4578 690 4647 impiissimos
715 4587 769 4633 et
796 4578 864 4633 ab
888 4577 1130 4634 Ecclesia
1158 4579 1367 4634 alienos
1394 4595 1714 4644 censemus;
1747 4597 1879 4651 quor

1993 4581 2446 4643 δυσσεϐεστάτους
2475 4581 2568 4634 xui
2596 4581 2692 4651 τῆς
2736 4577 3058 4648 Ἐκκλησίας
3093 4574 3273 4639 ξένους
3310 4570 3567 4640 ἐπιγινώ-

327 4682 526 4742 prazter
557 4685 876 4725 communes
923 4670 990 4725 de
1038 4670 1150 4725 Deo
1183 4672 1514 4739 sententias,
1551 4672 1662 4727 imo
1705 4685 1879 4729 contra

1999 4690 2200 4744 σκομεν
2229 4670 2336 4743 (50)
2364 4689 2376 4702 ο
2408 4673 2487 4724 ὅτι
2524 4687 2583 4723 τε
2616 4669 2768 4741 παρὰ
2793 4669 2890 4732 τάς
2918 4666 3102 4728 κοινὰς
3145 4666 3272 4739 περὶ
3301 4662 3435 4718 Θεοῦ
3473 4664 3567 4714 ὲν-

325 4771 566 4818 mentem
593 4759 887 4831 Scripturze
911 4761 1172 4817 divinitus
1195 4762 1495 4834 inspirata},
1524 4763 1801 4834 ejusmodi
1828 4767 1879 4820 dt

1997 4768 2165 4833 νοίας,
2199 4767 2292 4820 καὶ
2316 4765 2378 4836 δὴ
2412 4765 2506 4818 xui.
2533 4763 2681 4837 παρά
2709 4762 2770 4816 τὸ
2801 4761 3045 4832 βούλημα
3078 4761 3178 4831 τῆς
3207 4756 3569 4813 θεοπνεύστου

402 4905 446 4935 ¹²
478 4903 675 4960 Cenes.
704 4917 745 4967 ι,
767 4900 839 4956 26

397 5059 509 5130 (21)
539 5058 786 5130 Niceph.,
814 5056 913 5128 μὲν
938 5052 1076 5130 εἶναι
1102 5057 1264 5130 male.

426 5130 517 5200 22)
548 5125 838 5200 Eusebium
867 5129 988 5182 vide
1101 5125 1433 5200 Marcellum.

425 5195 515 5270 25)
543 5200 698 5270 Apud
739 5197 894 5270 Socr.
930 5207 982 5251 et
1013 5195 1281 5270 Nic.,ebx
1318 5199 1486 5270 deest,
1517 5200 1699 5270 minus
1733 5206 1895 5270 recte.

403 5267 516 5341 (24)
549 5267 624 5323 Ita
658 5270 789 5340 Reg.
820 5267 1030 5324 Socrat.
1077 5277 1130 5321 et
1166 5267 1284 5324 Nic.
1333 5268 1496 5336 Editi,
1533 5268 1691 5322 αὐτόν
1721 5268 1899 5322 minus
2073 5267 2183 5342 (28)
2216 5267 2368 5342 Socr.
2392 5277 2453 5342 et
2479 5267 2620 5342 Nic.,
2648 5267 2707 5327 ὂς
2750 5304 2762 5316 .
2807 5302 2821 5315 .
2867 5304 2880 5317 .
2926 5300 2939 5312 .
2980 5267 3160 5332 ὢφθη.
3265 5330 3360 5342 Μ,

329 5330 510 5395 recte:
739 5330 768 5340 ⁷
1481 5330 1492 5336 ’
2003 5405 2026 5407 _
2073 5330 2184 5407 (29)
2220 5336 2310 5389 Sic
2343 5337 2484 5407 edit.
2519 5336 2729 5390 Comm.
2778 5344 2832 5387 et
2862 5330 3052 5387 omnes
3084 5330 3218 5387 mss.
3264 5330 3409 5386 Edit.
3438 5345 3574 5386 vero

405 5410 517 5484 (25)
549 5410 640 5465 Sic
665 5409 794 5484 ed_it.
824 5408 1040 5484 Comm.
1065 5416 1118 5462 et
1147 5423 1335 5484 omnes
1359 5408 1708 5484 man‘nscripli
1737 5407 1872 5484 codd

2000 5405 2201 5484 Paria.
2224 5406 2576 5484 ,γεγεχῆσθαξο
3005 5471 3044 5484 ..
3065 5472 3098 5484 ..
3130 5471 3142 5483 .

333 5469 663 5552 ﬁdit/vero
717 5479 1039 5552 Parisiensis
1082 5495 1148 5532 ex
1176 5479 1400 5552 Socrate
1452 5478 1532 5534 sic
1569 5469 1896 5552 emendavit,
2008 5475 2189 5552 __(50_i
2222 5469 2318 5530 Sic
2356 5469 2494 5552 Reg.
2540 5478 2694 5552 Socr.
2741 5483 2804 5552 e_t_
2831 5471 2955 5552 Nic.
3005 5471 3167 5552 Eiliti,
3198 5469 3571 5552 γινώσκομεν;

329 5550 577 5604 Φοτεινοῦ
601 5551 756 5620 quasi
786 5550 1039 5620 mendum
1069 5556 1232 5603 esset.
1257 5551 1325 5602 At
1349 5548 1625 5604 Σκοτεινόν
1649 5557 1879 5604 vocatun

2007 5539 2126 5600 Mox
2155 5546 2308 5620 Reg,
2343 5539 2552 5620 καινάς,
2581 5542 2967 5620 Ψείε.]ὴίιίειιι
2991 5542 3140 5620 editi,
3163 5541 3258 5594 τοῦ
3289 5540 3413 5608 περὶ
3433 5539 3572 5593 Θεοῦ

332 5609 709 5676 existimamus
741 5635 838 5688 per
867 5619 1225 5688 antiphrasin.
1294 5687 1332 5688 η
2007 5618 2165 5682 male,
2193 5609 2468 5672 toﬁ'deest
2499 5617 2550 5670 in
2587 5613 2715 5685 Reg.
2753 5614 2906 5668 Socr.
2932 5621 2986 5666 et
3015 5609 3130 5665 Nic.

405 5691 516 5760 (26)
553 5692 664 5762 Τὴν
697 5687 990 5760 μοναρχίαν
1024 5688 1176 5743 Socr.
1210 5697 1262 5743 et
1289 5687 1406 5743 Nic.,

2069 5055 2180 5124 (27)
2219 5057 2371 5110 Socr.
2407 5067 2460 5110 et
2484 5054 2625 5117 Nic.,
2648 5051 2756 5106 τῶν
2786 5051 3183 5124 ἀοράτων,,ἀλλ“
3210 5051 3572 5124 ένυπόσ-τατον

2004 5113 2173 5195 Λόγον
2209 5127 2337 5180 ὅντα
2369 5126 2462 5179 τοῦ
2511 5113 2719 5195 Πατρός
2743 5164 2758 5188 ,
2791 5113 2882 5195 χαὶ
2920 5113 3052 5175 Θεὸν
3094 5125 3157 5176 ὲκ
3200 5119 3357 5174 Θεοῦ.
3399 5113 3570 5186 Οὗτος

1997 5191 2115 5268 γάρ
2137 5200 2250 5268 ἐστι
2281 5197 2416 5266 πρὸς
2445 5191 2701 5268 διν-εἷπεν,
2734 5202 2816 5247 etc

2073 5259 2183 5335 (28)
2216 5259 2368 5320 Socr.
2400 5277 2453 5321 et
2479 5265 2620 5329 Nic.,
2648 5264 2707 5327 ὃς
2750 5304 2762 5316 .
2807 5302 2821 5315 .
2867 5304 2880 5317 .
2926 5300 2939 5312 .
2980 5259 3160 5332 ὤφθη.
