3822 6226
219 273 353 330 755

1628 287 1716 344 DE
1755 289 2066 348 SYNODIS.

3405 299 3510 357 754

224 390 498 487 Γραφῆς,
531 394 758 451 τοιαῦτα
797 399 1164 470 τετολμήκασι
1214 405 1342 478 περὶ
1389 404 1551 459 αὑτοῦ
1594 406 1817 479 διορίσα⁴

1935 410 2028 465 illo
2063 411 2183 466 ausi
2210 411 2319 466 sint
2348 411 2596 468 delinire.
2627 411 2738 469 Nos
2767 413 2916 469 enim
2941 392 3114 470 Deum
3146 414 3251 472 sibi
3274 415 3377 487 ipsi
3407 418 3515 471 im-

224 481 392 536 σθαι.
425 486 820 559 Δύτοκρέιτορα
845 489 954 561 γάρ
983 495 1145 562 ἡμεῖς
1175 495 1266 548 τὸν
1295 497 1430 550 Θεὸν
1459 498 1553 550 καὶ
1587 498 1699 570 (51)
1723 500 1832 554 Κύ-

225 591 364 644 ριον
390 576 556 630 αὑτὸν
595 579 1055 648 έαυτοῦἐίδότες,
1086 585 1358 650 έκουσίως-
1389 588 1550 642 αὑτὸν
1580 590 1674 642 καὶ
1713 590 1833 644 έθε-

224 664 439 738 λοντὴν
469 670 560 722 τὸν
588 670 715 722 Υἱὸν
748 675 1134 746 γεγεννηκέναι
1164 677 1402 743 εὐσεϐῶς
1429 679 1829 752 ὑπειλήφαμεν.

227 759 603 825 Πιστεύοντες
635 762 690 814 δὲ
744 763 1000 833 ὲμφόδως
1051 766 1162 838 (52)
1207 769 1302 821 καὶ
1345 769 1423 840 τῷ
1466 771 1594 843 περὶ
1636 769 1832 825 ἑαυτοῦ

226 849 490 919 λέγοντι·
531 871 550 903 ι
581 853 787 924 Κύριος
835 855 1019 908 ἔκτισέ
1068 875 1135 928 με
1165 859 1339 930 ἀρχὴν
1369 860 1506 914 ὁδῶν
1537 863 1704 916 αὐτοῦ
1751 865 1833 928 είς

229 943 389 1015 ἔργα
417 945 606 1011 αὐτοῦ,
633 965 652 998 ι
692 948 791 1018 οὐχ
822 947 1025 1018 ὁμοίως
1056 951 1220 1004 αὐτὸν
1246 953 1358 1016 τοῖς
1389 953 1455 1006 δι’
1485 954 1647 1008 αὑτοῦ
1678 973 1832 1024 γενο-

236 1037 436 1106 μένοις
472 1038 764 1108 κτίσμασιν
808 1040 841 1110 ἢ
883 1043 1153 1112 ποιήμασι
1196 1047 1526 1118 γεγενῆσθαι
1572 1048 1829 1121 νοοῦμεν.

249 1129 483 1193 Ἀσεὸὲς
508 1129 618 1201 γὰρ
643 1131 738 1184 καὶ
771 1131 873 1201 τῆς
903 1133 1366 1209 έκκλησιαστικῆς
1395 1138 1634 1204 πίστεως
1677 1140 1835 1194 ἀλλό-

229 1237 399 1291 τριον
425 1221 488 1273 τὸ
519 1221 610 1274 τὸν
639 1223 866 1294 κτίστην
888 1227 1002 1287 τοῖς
1030 1227 1099 1278 δι’
1127 1227 1292 1281 αὑτοῦ
1323 1231 1704 1302 κεκτισμένοις
1719 1232 1831 1305 (55)

229 1313 551 1385 δημιουργή
562 1331 693 1384 μασι
722 1313 1112 1386 παραϐάλλειν,
1159 1320 1254 1373 καὶ
1283 1320 1375 1374 τὸν
1407 1323 1569 1376 αὐτὸν
1599 1324 1701 1395 τῆς
1737 1340 1834 1392 γι-

234 1405 453 1469 νέσεως
474 1408 587 1470 τοῖς
615 1406 795 1471 ἄλλοις
821 1408 1025 1480 τρόπον
1056 1409 1203 1481 ἔχειν
1235 1413 1331 1466 καὶ
1374 1415 1536 1470 αὐτὸν
1566 1417 1830 1488 νομίζειν.

236 1497 432 1551 Μόνον
463 1496 573 1568 γὰρ
615 1499 710 1553 καὶ
757 1500 935 1570 μόνως
965 1501 1058 1555 τὸν
1108 1506 1374 1577 μονογενῆ
1407 1507 1537 1561 Υἱὸν
1575 1510 1838 1582 γεγεννῆο

236 1591 378 1644 σθαι
414 1591 528 1662 (54)
569 1593 807 1662 γνησίως
835 1609 896 1646 τε
934 1593 1030 1650 καὶ
1069 1595 1286 1668 ἀληθῶς
1311 1599 1654 1656 διδάσκουσιν
1683 1603 1834 1674 ἡμᾶς

233 1690 302 1742 αἱ
335 1688 479 1741 θεῖαι
515 1689 753 1759 Γραφαί.

1933 511 2237 571 perantem,
2257 519 2321 559 ac
2346 506 2431 560 sui
2449 504 2741 561 Dominum
2768 515 3147 577 agnoscentes,
3168 524 3293 564 eum
3319 518 3516 578 sponte

1935 611 2000 650 ac
2042 596 2212 651 libere
2251 595 2450 651 Filium
2480 599 2738 669 genuisse
2772 599 2860 668 pie
2899 616 3209 656 censemus.
3241 598 3415 655 Porro
3443 600 3515 663 Ii-

1935 695 2020 742 cet
2046 703 2170 742 cum
2202 688 2397 742 timore
2429 689 2720 743 credamus
2763 689 2842 743 illi
2877 689 2944 745 de
2977 705 3037 746 se
3065 689 3266 746 dicenti
3300 709 3314 745 :
3363 709 3383 742 ι
3407 689 3517 746 Do-

1936 778 2119 833 minus
2141 781 2348 833 creavit
2375 795 2463 834 me
2498 779 2826 848 principium
2861 779 3021 851 592
3047 782 3256 835 viarum
3286 797 3516 838 suarum

1935 869 2003 923 ad
2033 885 2200 938 opera
2231 885 2330 923 sua
2361 870 2436 935 ¹³;
2468 889 2486 921 ι
2511 885 2615 924 non
2643 879 2822 925 tamen
2849 888 2958 941 quo
2982 873 3145 927 modo
3169 882 3434 928 creaturae
3457 880 3516 930 et

1937 961 2155 1030 opiﬁcia
2182 962 2251 1016 ab
2274 962 2368 1015 illo
2405 961 2544 1016 facta
2594 969 2744 1029 sunt,
2789 965 2983 1017 eodem
3023 971 3078 1019 et
3115 965 3269 1019 illum
3303 964 3515 1022 factum

1934 1065 2055 1106 esse
2104 1051 2485 1122 intelligimus.
2522 1049 2756 1121 lmpium
2797 1054 2947 1107 enim
2986 1062 3090 1119 est,
3137 1064 3192 1109 et
3235 1055 3304 1109 ab
3338 1055 3516 1110 eccle-

1935 1143 2159 1201 siastica
2203 1144 2310 1199 ﬁde
2346 1144 2586 1199 alienum
2609 1185 2624 1210 ,
2662 1155 2969 1200 creatorem
3007 1161 3133 1200 cum
3166 1146 3332 1202 rebus
3375 1163 3517 1217 quas

1936 1240 2147 1294 creavit
2172 1237 2441 1306 conferre,
2472 1247 2527 1294 et
2549 1239 2742 1294 eodem
2768 1239 3138 1311 generationis
3167 1240 3331 1296 modo
3353 1249 3518 1311 atque

1937 1332 2075 1388 alias
2107 1339 2391 1386 creaturas
2413 1331 2568 1386 illum
2600 1332 2809 1387 editum
2843 1347 2966 1388 esse
2994 1332 3277 1387 arbitrari.
3305 1332 3519 1404 Quippe

1935 1425 2279 1495 unigenitum
2304 1423 2530 1492 Filium,
2561 1441 2734 1480 unum
2763 1433 2820 1481 et
2845 1425 3011 1479 unice
3041 1425 3290 1496 genitum
3319 1424 3517 1494 fuisse,

1937 1531 2195 1588 germane
2215 1533 2281 1574 ac
2307 1533 2436 1574 vere
2465 1518 2666 1574 docent
2699 1532 2801 1574 nos
2831 1516 3033 1573 divinae
3069 1516 3390 1588 Scripturae.

317 1782 413 1834 ΙΧ.
444 1799 462 1832 ι
488 1781 627 1833 Ἀλλ’
655 1783 776 1836 οὐδὲ
795 1781 887 1837 τὸν
918 1783 1048 1838 Υίὸν
1079 1783 1201 1838 καθ’
1230 1785 1421 1850 ἑαυτὸν
1445 1781 1604 1853 εἶναι,
1640 1786 1738 1860 ζῇν
1776 1806 1817 1842 τε

1991 1780 2103 1860 ΞΙΧ.
2136 1799 2156 1834 ι
2189 1779 2296 1836 Sed
2324 1794 2505 1852 neque
2542 1780 2766 1835 tametsi
2793 1778 3030 1834 dicimus
3061 1777 3265 1833 Filium
3308 1795 3407 1850 per
3430 1793 3519 1836 se-

234 1873 336 1926 καὶ
372 1873 639 1945 ὑπάρχειν
666 1875 868 1946 ὁμοίως
905 1875 982 1946 τῷ
1022 1876 1198 1948 Πατρὶ
1238 1877 1508 1946 λέγοντες,
1552 1879 1640 1933 διὰ
1672 1879 1831 1933 τοῦτο

235 1964 554 2034 χωρίζομεν
585 1967 747 2020 αὑτὸν
784 1965 876 2020 τοῦ
916 1968 1151 2039 Πατρὸς,
1191 1969 1390 2034 τόπους
1436 1970 1548 2042 (55)
1592 1971 1686 2024 καὶ
1712 1971 1830 2024 δια-

237 2058 499 2126 στήματα
524 2075 645 2112 τινα
679 2059 882 2129 μεταξὺ
914 2059 1016 2130 τῆς
1047 2061 1341 2130 συναφείας
1371 2062 1546 2117 αὐτῶν
1587 2081 1832 2135 σωματι-

232 2148 359 2213 κῶς
381 2149 744 2216 ἐπινοοῦντες.
799 2153 1250 2225 Πεπιστεύκαμεν
1296 2154 1406 2226 γὰρ
1455 2156 1830 2226 ἀμεσιτεύτως

233 2241 442 2304 αὐτοὺς
476 2243 572 2295 καὶ
619 2243 956 2309 ἀδιαστάτως
984 2244 1233 2317 ἀλλήλοις
1269 2246 1379 2318 (56)
1432 2248 1828 2319 ὲπισυνῆφθαι,

235 2335 338 2386 καὶ
373 2335 709 2407 ἀχωρίστους
734 2337 999 2409 ὑπάρχειν
1028 2337 1238 2391 ἑαυτῶν
1262 2354 1274 2367 ·
1305 2339 1428 2392 ὅλου
1463 2340 1561 2410 μὲν
1583 2339 1678 2393 τοῦ
1710 2343 1829 2394 Πα-

233 2427 372 2497 τρὸς
424 2429 873 2499 ὲνστερνισμένου
920 2429 1012 2482 τὸν
1060 2429 1221 2495 Υίὸν,
1269 2430 1391 2484 ὅλου
1429 2431 1487 2485 δὲ
1544 2431 1640 2484 τοῦ
1698 2431 1827 2485 Υἱοῦ

234 2519 448 2591 ὲξηρτη
458 2521 620 2590 μένου
637 2522 730 2574 καὶ
753 2523 1199 2592 προσπεφυκότος
1221 2523 1297 2594 τῷ
1317 2525 1511 2598 Πατρὶ,
1546 2526 1640 2579 καὶ
1663 2526 1828 2597 μόνου

233 2615 356 2674 τοῖς
389 2611 662 2683 πατρῴοις
698 2613 917 2677 κόλποις
940 2615 1352 2686 ἀναπαυομένου
1393 2617 1659 2687 διηνεκῶς
1692 2617 1825 2689 (57).

235 2704 600 2768 Πιστεύοντες
620 2699 712 2757 οὖν
739 2707 819 2769 είς
847 2706 946 2776 τὴν
975 2707 1287 2760 παντέλειον
1308 2707 1513 2778 Τριάδα
1541 2708 1639 2781 τὴν
1658 2711 1830 2779 ἁγιω-

235 2798 435 2866 τάτην,
467 2797 744 2850 τουτέστιν
776 2799 856 2860 είς
873 2798 963 2850 τὸν
984 2798 1222 2868 Πατέρα,
1236 2798 1331 2850 καὶ
1349 2799 1429 2861 εἰς
1453 2799 1542 2852 τὸν
1559 2799 1712 2864 Υίὸν,
1736 2801 1829 2854 καὶ

233 2890 322 2952 εἰς
352 2889 413 2940 τὸ
443 2888 666 2959 Πνεῦμα
695 2888 757 2942 τὸ
778 2888 953 2956 ἅγιον,
989 2891 1083 2942 καὶ
1105 2889 1236 2942 Θεὸν
1263 2888 1360 2960 μὲν
1386 2889 1475 2943 τὸν
1497 2892 1717 2964 Πατέρα
1741 2891 1828 2947 λέ·-

233 2998 453 3050 γοντες,
466 2979 597 3034 Θεὸν
617 2981 673 3034 δὲ
693 2982 787 3034 καὶ
806 2981 896 3034 τὸν
912 2981 1060 3045 Υίὸν,
1077 2982 1138 3034 οὑ
1156 2981 1250 3035 δύο
1265 2981 1487 3046 τούτους
1507 2983 1694 3048 Θεοὺς,
1713 2983 1828 3038 ἀλλ’

235 3073 298 3126 ἓν
359 3072 732 3146 ὁμολογοῦμεν
783 3074 882 3145 τῆς
935 3074 1187 3144 θεότητος
1237 3073 1489 3146 ἀξίωμα,
1554 3077 1648 3130 καὶ
1701 3077 1828 3147 μίαν

1933 1858 2112 1944 ipsum
2143 1888 2285 1937 esse,
2316 1872 2498 1927 vivere
2530 1887 2595 1926 ac
2625 1870 2947 1936 subsistere,
2976 1871 3202 1941 perinde
3224 1879 3388 1940 atque
3415 1871 3520 1926 Pa-

1931 1980 2094 2035 trem,
2115 1969 2266 2022 illum
2299 1967 2505 2022 idcirco
2539 1983 2571 2020 a
2602 1964 2763 2020 Patre
2789 1981 3130 2035 separamus,
3167 1965 3343 2036 spatia
3376 1981 3520 2036 quae-

1932 2061 2058 2115 dam
2088 2068 2143 2115 et
2188 2060 2472 2114 intervalla
2513 2058 2717 2129 quibus
2757 2056 3020 2127 disjnncti
3071 2066 3200 2113 sunt
3241 2057 3517 2126 corporali

1933 2152 2096 2207 modo
2121 2151 2506 2221 intelligentes.
2537 2149 2826 2205 Credimus
2856 2150 3025 2214 enim,
3050 2164 3147 2204 eos
3172 2148 3378 2218 absque
3403 2147 3516 2203 ullo

1933 2243 2118 2299 medio
2143 2251 2198 2297 et
2225 2243 2525 2297 interstitio
2565 2242 2894 2312 conjunctos
2924 2257 3068 2309 esse,
3097 2256 3199 2296 nec
3222 2257 3252 2296 a
3286 2256 3345 2296 se
3372 2239 3518 2295 invi-

1932 2350 2050 2390 cem
2089 2350 2254 2405 posse
2297 2335 2571 2390 ullatenus
2603 2335 2846 2405 separari
2883 2355 2896 2390 :
2936 2336 3011 2390 ita
3055 2344 3115 2389 ut
3153 2344 3302 2390 totus
3353 2333 3518 2390 Pater

1929 2425 2130 2480 Filium
2164 2427 2221 2480 in
2253 2426 2377 2481 sinu
2411 2441 2514 2480 suo
2541 2427 2962 2497 complectatur,
2999 2440 3053 2482 et
3084 2435 3233 2482 totus
3272 2425 3447 2482 Filius
3483 2443 3518 2483 a
3606 2438 3612 2446 '

1929 2516 2090 2572 Patre
2119 2519 2371 2588 pendeat,
2391 2518 2468 2572 illi
2495 2519 2790 2586 adhaareat,
2814 2520 3075 2590 solusque
3106 2520 3160 2574 in
3184 2519 3361 2574 Patris
3387 2521 3515 2574 sinu

1930 2621 2194 2682 perpetuo
2225 2612 2606 2682 conquiescat.
2638 2612 2938 2667 Credentes
2975 2612 3143 2682 igitur
3173 2613 3226 2666 in
3265 2612 3514 2683 undique

1929 2701 2226 2773 perfectam
2261 2711 2316 2758 et
2359 2703 2768 2760 sanctissimam
2815 2701 3138 2758 Trinitatem
3164 2743 3180 2767 ,
3219 2704 3272 2758 id
3320 2713 3404 2759 cst
3455 2704 3513 2758 in

1929 2795 2169 2860 Patrem,
2199 2805 2256 2851 et
2289 2795 2344 2850 in
2377 2795 2602 2862 Filium,
2622 2796 2750 2851 etin
2778 2793 3044 2865 Spiritum
3076 2804 3326 2851 sanctum
3348 2814 3361 2851 :
3384 2811 3512 2851 cum

1930 2886 2102 2944 Deum
2138 2887 2358 2942 Patrem
2386 2928 2401 2954 ,
2453 2885 2625 2942 Deum
2668 2888 2795 2942 item
2847 2885 3049 2941 Filium
3089 2886 3349 2951 dicimus,
3401 2905 3512 2943 non

1930 2985 2053 3052 hos,
2087 2984 2227 3040 duos
2262 2982 2436 3051 Deos,
2481 2983 2576 3040 sed
2628 2998 2795 3038 unam
2835 2983 3163 3039 conﬁtemur
3209 2983 3516 3040 divinitatis

1930 3078 2276 3150 dignitatem,
2304 3088 2359 3132 et
2395 3092 2560 3132 unam
2585 3075 2894 3130 absolutam
2926 3075 3080 3146 regni
3105 3076 3457 3130 concordiam
3490 3093 3508 3143 ;

235 3164 452 3236 ἀκριϐῆ
479 3165 578 3238 τῆς
621 3163 896 3234 βασιλείας
938 3164 1038 3249 τὴν
1079 3165 1399 3236 συμφωνίαν
1443 3164 1554 3238 (58)
1587 3181 1603 3215 °.
1660 3184 1817 3220 παντ-

1934 3147 2014 3226 ita
2038 3179 2101 3226 ut
2133 3171 2283 3226 solus
2313 3169 2477 3224 Pater
2505 3168 2761 3226 omnibus
2783 3169 3032 3234 omnino,
3064 3177 3119 3222 et
3147 3169 3248 3238 ipsi
3294 3184 3516 3239 quoque

234 3252 538 3326 αρχοῦντος
563 3256 660 3326 μὲν
694 3255 920 3310 καθόλου
947 3255 1184 3322 πάντων,
1218 3256 1315 3309 καὶ
1351 3255 1515 3310 αὐτοῦ
1549 3255 1641 3310 τοῦ
1678 3256 1829 3324 Υἱοῦ,

239 3347 407 3417 μόνου
448 3345 541 3399 τοῦ
586 3348 835 3418 Πατρόςο
865 3345 960 3401 τοῦ
991 3348 1049 3401 δὲ
1089 3345 1221 3400 Υἱοῦ
1258 3348 1702 3420 ὑποτεταγμένου
1751 3348 1831 3420 τῷ

235 3439 420 3510 Πατρί
443 3455 457 3469 ο
480 3439 636 3502 ἐκτὸς
664 3439 721 3492 δὲ
748 3437 912 3493 αὑτοῦ
943 3439 1161 3492 πάντων
1195 3441 1311 3510 μετ’
1333 3440 1496 3494 αὑτὸν
1521 3439 1830 3510 βασιλεύον-

232 3546 332 3592 τος
384 3528 495 3582 τῶν
548 3529 619 3583 δι’
665 3529 829 3583 αὐτοῦ
882 3529 1212 3601 γενομένων,
1260 3535 1357 3584 καὶ
1403 3532 1502 3604 τὴν
1529 3531 1622 3585 τοῦ
1672 3533 1830 3602 ἁγίου

236 3619 562 3689 Πνεύματος
602 3621 765 3692 χάριν
812 3621 1064 3691 ἀφθόνως
1100 3623 1214 3685 τοῖς
1262 3623 1440 3692 ἁγίοις
1483 3623 1828 3695 δωρουμένου

235 3711 497 3783 πατρικῷ
554 3712 877 3784 βουλήματι.
929 3711 1084 3766 Οὕτω
1135 3713 1246 3782 γὰρ
1287 3714 1379 3768 τὸν
1426 3716 1554 3787 περὶ
1596 3715 1696 3786 τῆς
1750 3717 1830 3781 είς

234 3807 480 3880 Χριστὸν
536 3807 834 3878 μοναρχίας
897 3807 1246 3862 συνίστασθαι
1312 3807 1470 3877 λόγον
1521 3809 1830 3879 παρέδοσαν

231 3903 375 3973 ἡμῖν
407 3900 457 3951 οί
492 3900 628 3970 ἱεροὶ
653 3898 822 3968 λόγοι.

285 3992 411 4056 ,ΧΑ
437 3990 624 4044 Ταῦτα
667 3989 1094 4062 ἠναγκάσθημεν
1141 3991 1282 4063 μετὰ
1328 3992 1428 4064 τὴν
1475 3994 1534 4046 ὲν
1591 3993 1824 4067 ἐπιτομῇ

241 4084 672 4157 προεκτεθεῖσαν
723 4083 906 4137 πίστιν
969 4083 1306 4155 πλατύτερον
1355 4085 1826 4158 έπεξεργάσασθαι

237 4177 301 4226 οὐ
335 4173 478 4226 κατὰ
523 4173 784 4245 περιττὴν
824 4172 1158 4244 φιλοτιμίαν,
1201 4175 1316 4229 ἀλλ’
1359 4176 1446 4229 ἵνα
1498 4179 1678 4230 πᾶσαν
1725 4177 1824 4250 τὴν

237 4267 340 4336 τῆς
369 4265 641 4336 ἡμετέρας
676 4264 996 4336 ὑπολήψεως
1044 4264 1332 4338 ἀλλοτρίαν
1386 4268 1822 4340 ἀνακαθάρωμεν

238 4355 475 4424 ὑποψίαν
510 4354 660 4427 παρά
689 4358 801 4418 τοῖς
833 4353 902 4408 τὰ
933 4354 1053 4408 καθ’
1081 4357 1231 4426 ἡμᾶς
1261 4355 1536 4425 ἀγνοοῦσι,
1568 4358 1662 4412 καὶ
1677 4359 1820 4428 γνῶ-

237 4467 324 4502 σιν
353 4448 571 4502 οἱκατὰ
612 4448 710 4519 τὴν
743 4448 894 4502 δύσιν
938 4447 1162 4515 πάντες,
1197 4447 1332 4520 όμοῦ
1371 4451 1468 4521 μὲν
1510 4451 1612 4522 τῆς
1658 4469 1820 4506 συκο-

237 4541 470 4613 φαντίας
500 4539 606 4593 τῶν
645 4540 969 4612 ἑτεροδόξων
992 4541 1094 4611 τὴν
1126 4541 1418 4608 ἀναίδειαν,
1445 4545 1582 4616 όμοῦ
1620 4545 1678 4601 δὲ
1709 4545 1819 4600 τῶν

313 4681 357 4711 ³³
386 4677 547 4734 Prov.
576 4695 698 4746 vni,
720 4679 810 4732 22.

310 4837 424 4905 (5i)
453 4837 562 4890 Καί
592 4837 741 4892 deest
786 4836 840 4891 in
866 4834 1030 4906 Socr.
1081 4832 1228 4890 Infra
1266 4833 1409 4889 idem
1457 4842 1512 4888 et
1554 4831 1695 4898 Nic.,
1724 4833 1817 4886 καὶ

237 4907 542 5048 θέῖἕέῧαέίο
583 4976 714 5100 Reg.
756 4975 912 5032 Socr.
941 4973 1061 5031 Nic.
1099 4974 1242 5030 Edit.
1273 4990 1404 5028 vero
1444 4974 1682 5038 Comm.,
1718 4975 1817 5046 ἐμ-

237 5049 438 5100 ωόσωε.
483 5047 622 5100 Edit.
708 5049 985 5100 arisiens..
1016 5045 1297 5100 ἐμφόϐιος.
1326 5045 1461 5099 Ibid.
1509 5043 1720 5100 Socrat.
1766 5054 1817 5100 et

237 5043 438 5118 φόσως.
483 5047 622 5102 Edit.
663 5043 1297 5118 Parisiens.,_épc966toq.
1326 5045 1461 5118 I_bi_d.
1509 5043 1720 5118 Socrat.
1753 5043 1821 5100 et

1931 3262 2072 3319 Filio
2096 3263 2410 3318 dominetur
2439 3280 2454 3329 ;
2489 3260 2664 3317 Filius
2710 3276 2842 3316 vero
2887 3261 3037 3316 Patri
3073 3259 3421 3330 subjiciatur,
3456 3270 3513 3316 et

1933 3356 2025 3411 illo
2052 3365 2278 3424 excepto
2313 3354 2569 3409 omnibus
2597 3361 2720 3423 post
2751 3354 2904 3407 illum
2947 3354 3262 3408 dominetur
3295 3368 3418 3420 quae
3441 3353 3512 3408 ab

1931 3448 2050 3518 ipso
2081 3448 2222 3502 facta
2251 3454 2379 3500 sunt
2414 3463 2429 3512 ;
2464 3454 2519 3499 et
2553 3443 2792 3514 Spiritus
2835 3447 3012 3500 sancti
3049 3444 3280 3514 gratiam
3326 3443 3510 3499 Patris

1930 3541 2232 3605 voluntate,
2269 3538 2476 3594 sanctis
2509 3537 2715 3592 all‘atim
2755 3537 3039 3606 largiatur.
3086 3535 3178 3592 Sic
3206 3537 3351 3592 enim
3389 3536 3513 3606 ejus

1930 3647 2053 3704 quae
2089 3633 2142 3686 in
2187 3630 2407 3686 Christo
2439 3636 2523 3684 est
2553 3629 2888 3684 monarchiae
2916 3628 3187 3685 rationem
3231 3639 3510 3695 constare,

1930 3741 2087 3782 sacra
2119 3724 2278 3779 nobis
2307 3723 2524 3793 eloquia
2553 3720 2916 3778 tradiderunt.

1995 3991 2069 4046 X.
2109 3989 2280 4046 «llaec
2322 3989 2497 4046 coacti
2549 4004 2763 4056 sumus,
2809 3995 2935 4058 post
2977 3985 3134 4041 tidem
3175 3985 3507 4056 compendio

1929 4084 2164 4139 antehac
2191 4083 2417 4148 editam,
2435 4082 2610 4137 fusius
2635 4082 2929 4151 explicare,
2955 4096 3064 4134 non
3097 4079 3370 4148 superﬂua
3391 4095 3511 4134 am-

1931 4174 2140 4229 bitione
2169 4174 2421 4245 impulsi,
2449 4173 2545 4229 sed
2579 4181 2640 4227 ut
2673 4172 2904 4226 alienam
2929 4185 3147 4225 omnem
3175 4170 3243 4224 de
3273 4170 3376 4226 lide
3404 4186 3508 4226 no-

1927 4274 2042 4323 stra
2089 4267 2460 4336 suspicionem
2511 4265 2854 4327 levaremus,
2905 4278 3098 4318 eorum
3143 4262 3382 4316 maxime
3413 4263 3508 4332 qui

1925 4377 2109 4416 rerum
2143 4370 2457 4417 nostrarum
2491 4358 2729 4429 imperiti
2767 4364 2917 4421 sunt,
2941 4364 3107 4424 utque
3131 4353 3508 4410 Occidentales

1923 4468 2114 4508 omnes
2127 4469 2248 4508 cum
2263 4452 2699 4506 adversariorum
2715 4447 3080 4520 sycophantiae
3096 4446 3508 4516 impudentiam,

1927 4553 2041 4599 tum
2073 4543 2441 4600 Orientalium
2469 4541 2900 4599 ecclesiasticam
2934 4539 2988 4593 in
3018 4537 3251 4594 Domino
3282 4546 3505 4593 senten-

1925 4833 2141 4897 τόπους.
2176 4831 2310 4904 Ibid.
2357 4832 2670 4904 Niceplior.,
2712 4835 2909 4897 τόπους
2939 4832 2999 4904 δεῖ
3035 4832 3144 4886 καί.
3191 4829 3332 4884 Infra
3371 4829 3500 4904 Reg.

1927 4904 2082 4959 Socr.
2126 4913 2180 4958 et
2211 4902 2524 4974 Nicephori,
2571 4903 2917 4975 σωματικῶς.
2963 4902 3126 4967 Editi,
3178 4902 3504 4972 σωματικῶν

1922 4990 2226 5044 perperam.

1993 5045 2106 5104 (56)
2133 5043 2334 5113 Regius
2364 5045 2554 5114 codex.
2595 5043 2896 5114 διαστάτως
2927 5043 3176 5114 ἀλλήλοις
3207 5059 3221 5094 :
3251 5041 3403 5098 deest
3429 5041 3499 5096 il-

238 5113 488 5186 Niceph..
518 5119 578 5189 τὸ
614 5119 743 5189 περὶ
782 5117 946 5173 αὑτοῦ
986 5113 1299 5187 λεγόμενον.
1337 5114 1474 5170 Ibid.
1516 5114 1648 5186 Reg.
1694 5125 1817 5186 post

1934 5114 2097 5189 rud‘in
2126 5115 2279 5189 Socr:
2307 5125 2360 5168 et
2385 5113 2674 5189 l‘jicepbor.
2702 5113 2820 5167 Mox
2851 5114 3010 5189 iidem
3038 5113 3178 5189 610v;

236 5190 447 5258 λέγοντι
483 5188 642 5242 habet
669 5188 772 5243 ὅτι.

311 5253 427 5327 (55)
459 5257 550 5312 Sic
579 5273 770 5312 omnes
797 5273 929 5313 mss.
963 5266 1014 5327 et
1035 5255 1186 5310 editi.
1223 5253 1464 5327 Socr.get
1497 5253 1813 5327 Niceplior.,

237 5325 596 5452 ὲκτισιῇένοις.
631 5328 800 5383 Paulo
832 5338 953 5396 post
984 5325 1163 5382 Socr..
1205 5328 1318 5388 τοῖς
1351 5325 1651 5396 ἀλλοτρίοις
1689 5326 1816 5395 τρό-

238 5417 357 5454 πον.
460 5415 530 5453 ox
575 5397 733 5454 Rea”
764 5397 858 5452 ml
885 5397 1068 5453 αὐτόν.
1096 5396 1370 5451 Particula
1414 5395 1506 5449 καί
1553 5397 1604 5449 in
1655 5397 1815 5452 editis

237 5472 408 5525 deest.

1993 5185 2107 5257 (57)
2135 5185 2211 5241 Ita
2243 5182 2374 5255 Reg.
2407 5181 2570 5257 Editi,
2602 5184 3104 5257 érratvajtauonévou.
3127 5181 3329 5257 Totum
3353 5182 3501 5257 hunc

1917 5253 2096 5311 locum
2129 5258 2210 5312 sic
2247 5253 2446 5311 habent
2485 5253 2638 5309 Socr.
2673 5263 2727 5326 et.
2769 5253 3015 5326 Nicepli.,
3055 5255 3150 5308 καὶ
3194 5253 3498 5326 μόνον-τοϊς

1914 5327 2188 5399 πατρῴοις
2223 5326 2442 5389 κόλποις
2481 5323 2913 5399 ἀναπαυόμενον.
2935 5324 3122 5399 ΔΡιιιιιο
3157 5323 3280 5399 pbst
3309 5323 3496 5399 iidem,

460 5415 530 5453 οι
575 5397 733 5469 Reg.,
764 5391 858 5452 ml
885 5397 1068 5453 αὐτόν.
1096 5396 1370 5451 Particula
1414 5391 1529 5449 καί’
1553 5397 1604 5449 in
1655 5391 1815 5452 editis

1934 5391 2244 5469 ιγιωτὰτην,
2278 5399 2370 5450 τὸν
2403 5395 2623 5469 Πατέρα
2651 5391 2903 5469 λέγοντες
2925 5395 3085 5469 Θεὸν,
3110 5391 3203 5469 καὶ
3230 5395 3323 5450 τὸν
3345 5391 3494 5469 Υἰὸνλ,

1921 5465 1984 5538 οὐ
2035 5468 2129 5521 δύο
2164 5465 2388 5530 τούτους
2414 5465 2601 5538 Θεοὸς,
2638 5465 2752 5519 ἀλλ’
2780 5466 2875 5538 ἕνα
2917 5466 3310 5538 ὁμολογοῦμεν,
3355 5466 3495 5535 μετὰ

309 5540 424 5610 (54)
456 5537 530 5593 Ita
565 5538 699 5610 Reg.
735 5547 790 5610 et
833 5539 996 5610 Basil.
1045 5538 1199 5610 liene.
1233 5536 1381 5610 _Editi
1415 5552 1554 5610 cuni
1579 5534 1733 5610 Socr.
1761 5544 1817 5591 et

1934 5537 2086 5610 Nic.,r
2114 5539 2276 5610 κατὰ)
2301 5538 2360 5590 τὸ
2387 5538 2483 5610 τῇς
2512 5536 2762 5610 θεότητος
2784 5536 2918 5610 ἀξίω

238 5603 440 5679 Νἰὶτρριι
474 5651 488 5673 ,
512 5603 860 5678 γεγενῆσθαι.
903 5609 1023 5662 Mox
1059 5608 1192 5678 Reg.
1228 5606 1384 5662 Socr.
1412 5615 1466 5661 et
1495 5603 1810 5676 Nicephor.,

237 5683 402 5751 ἡμᾶς.
443 5681 610 5751 Ιοζιῖἰιὶ,
629 5680 774 5749 ὑμᾶς
797 5696 1096 5751 βντβοτδῐὶνέ

309 5751 426 5822 (55)
463 5749 553 5805 Sic
582 5746 714 5821 Reg.
749 5746 908 5805 Socr.
937 5759 989 5804 ct
1025 5747 1248 5818 Niccpb.
1278 5750 1336 5803 In
1377 5746 1535 5804 editis
1569 5761 1720 5802 vero.
1749 5747 1807 5800 οὐ

1986 5556 2077 5600 ic.,
2114 5556 2276 5606 κατα)
2301 5556 2360 5590 το
2387 5556 2483 5607 της
2512 5556 2762 5607 υεοτητος
2784 5556 2918 5600 αςιω
2966 5556 3021 5592 α.

1985 5609 2099 5677 (58)
2131 5608 2366 5680 Socr_._ct
2394 5606 2533 5680 Nic..
2562 5607 2876 5677 συνάφειαν.
2902 5556 3021 5665 Ὰῗοκ
3057 5607 3220 5680 μόνου
3263 5605 3411 5662 deest
3437 5606 3494 5660 in

1919 5678 2142 5735 Socrate
2169 5688 2220 5736 et
2255 5677 2576 5748 Nicephoro
