3822 6226
329 269 462 342 ’πε

918 285 978 341 S.
1018 282 1392 340 ATHANASII
1430 283 1580 340 OPP.
1623 285 1804 342 PARS
1835 286 1874 341 l.
1915 317 1986 328 —
2015 285 2385 340 HlSTORlCA
2420 285 2508 340 ET
2545 285 2965 344 DOGMATICA.

3512 290 3646 345 736

355 403 513 469 tiam,
547 401 886 472 exploratam
915 399 1172 464 habeant,
1204 399 1530 469 sinceroque
1560 400 1821 456 divinitus
1851 401 1930 454 in-

2055 399 2362 453 ινατολικῶν
2403 400 2463 452 τὸ
2506 401 2956 472 ἐκκλησιαστικὸν
2988 405 3046 456 ὲν
3076 405 3266 476 Κυριῳ
3308 405 3422 478 (59)
3474 407 3650 475 φρό-

354 496 690 566 spiratarum
740 494 1148 560 Scripturarum
1182 492 1496 548 testimonio
1527 494 1928 562 confirmatam,

362 588 508 659 apud
533 603 631 643 eos
664 588 757 657 qui
794 596 975 642 mente
1006 586 1230 640 minime
1261 601 1513 655 perversa
1546 596 1692 640 sunt.
1732 605 1752 638 ι

337 733 340 736 .
427 681 519 734 '27.
545 679 650 734 Sed
677 694 856 749 neque
883 679 965 734 his
995 687 1262 734 steterunt
1291 696 1304 732 :
1338 678 1530 731 iterum
1559 693 1794 746 namque
1825 675 1942 730 Sir-i

352 771 451 824 mii
493 770 757 823 adversus
800 768 1098 822 Photinum
1143 768 1342 834 coacti,
1375 768 1536 821 aliain
1575 767 1696 822 ﬁdei
1723 767 1934 821 formu-

350 860 461 915 lam
497 861 808 929 ediderunt,
845 877 953 915 non
987 861 1059 914 ita
1090 862 1383 930 prolixam,
1420 875 1594 930 neque
1632 869 1711 914 tot
1752 861 1932 915 verbis

354 957 724 1027 conscriptam
767 976 782 1011 :
821 957 916 1011 sed
949 956 1202 1026 plurimis
1237 955 1518 1016 detractis,
1560 955 1666 1008 alia
1704 954 1930 1008 addide-

350 1058 503 1115 runt,
536 1049 702 1103 veluti
733 1049 860 1103 ea'a
890 1047 1220 1118 quibusdam
1264 1047 1366 1102 sibi
1403 1047 1816 1118 suggerentibus
1840 1062 1930 1102 ac-

350 1141 648 1210 cepissent.

431 1249 451 1284 ι
475 1231 764 1287 Credimus
797 1232 853 1285 in
891 1246 1061 1285 unum
1102 1229 1293 1295 Deum,
1331 1229 1550 1284 Patrem
1586 1229 1932 1299 omnipoten-

353 1330 486 1386 tem,
507 1331 808 1376 creatorem
839 1330 894 1374 et
923 1319 1184 1375 factorem
1210 1320 1456 1374 omnium
1485 1341 1496 1375 :
1525 1335 1592 1376 ex
1612 1336 1722 1390 quo
1753 1319 1931 1374 omnis

353 1411 656 1480 paternitas
692 1411 744 1464 in
787 1410 927 1465 caelo
981 1419 1036 1464 et
1083 1410 1136 1464 in
1187 1419 1331 1464 terra
1372 1410 1706 1465 nominatur.
1757 1408 1824 1463 Et
1876 1409 1932 1463 in

352 1503 695 1572 unigenitum
717 1502 837 1571 ejus
863 1500 1086 1567 Filium,
1121 1500 1412 1554 Dominum
1464 1511 1712 1556 nostrum
1743 1499 1928 1554 Jesum

353 1592 630 1648 Christum
668 1635 683 1658 ,
737 1608 804 1648 ex
852 1591 1013 1647 Patre
1063 1602 1250 1646 natum
1303 1603 1427 1647 ante
1463 1593 1645 1646 omnia
1683 1592 1878 1648 saecula
1914 1610 1928 1646 :

353 1681 525 1736 Deum
555 1699 621 1737 ex
668 1683 801 1745 Deo,
833 1683 1020 1737 lumen
1063 1697 1132 1736 ex
1168 1683 1397 1747 lumine,
1430 1699 1528 1753 per
1555 1699 1715 1753 quem
1747 1684 1931 1738 omnia

352 1774 497 1829 facta
539 1784 687 1838 sunt,
731 1789 853 1844 quae
880 1774 934 1828 in
968 1775 1124 1829 cmlis
1171 1783 1226 1829 et
1252 1790 1374 1844 quae
1399 1775 1454 1828 in
1491 1787 1662 1839 terra,
1695 1775 1930 1829 visibilia
1963 1755 2006 1810 Β

352 1877 409 1922 et
432 1868 744 1922 invisibilia.
771 1865 872 1933 Qui
899 1865 1139 1920 Verbum
1160 1874 1246 1920 est
1266 1875 1320 1921 et
1351 1866 1642 1935 sapientia,
1661 1867 1754 1921 lux
1778 1882 1929 1933 vera,

352 1967 408 2011 et
437 1959 542 2010 vita
573 1975 587 2023 ;
615 1959 706 2026 qui
736 1957 789 2010 in
822 1957 1139 2012 novissimis
1170 1957 1360 2011 diebus
1395 1967 1611 2026 propter
1644 1973 1745 2012 nos
1770 1959 1931 2013 homo

355 2047 531 2101 factus
560 2057 676 2113 est;
709 2056 980 2114 natusque
1012 2062 1078 2102 ex
1120 2056 1306 2101 sancta
1341 2045 1585 2116 Virgine,
1614 2048 1930 2109 cruciﬁxus.

353 2147 606 2192 mortuus
647 2146 703 2191 et
750 2139 997 2207 sepultus
1033 2155 1048 2203 ;
1107 2140 1201 2208 qui
1246 2139 1552 2218 resurrexit
1590 2155 1658 2193 ex
1699 2140 1933 2193 mortuis

353 2231 517 2283 tertia
545 2229 654 2292 die,
683 2239 735 2282 et
771 2239 1089 2299 assumptus
1116 2240 1202 2284 est
1227 2231 1282 2284 in
1313 2231 1537 2293 ccelum,
1569 2231 1829 2301 sedetque
1863 2231 1934 2286 ad

354 2322 632 2377 dexteram
659 2321 856 2376 Patris.
899 2320 965 2374 Et
992 2331 1253 2377 venturus
1284 2323 1444 2394 593
1479 2333 1562 2378 est
1594 2324 1648 2377 in
1682 2339 1935 2378 consum-

353 2412 597 2465 matione
631 2411 815 2466 saeculi
847 2411 1097 2480 judicare
1141 2412 1295 2467 vivos
1339 2421 1392 2466 et
1428 2422 1694 2476 mortuos,
1727 2422 1780 2467 et
1813 2415 1934 2467 red-

353 2503 484 2558 dere
514 2502 813 2573 unicuique
843 2503 1144 2558 secundum
1178 2520 1344 2574 Opera
1379 2521 1498 2569 sua,
1527 2505 1684 2575 cujus
1705 2521 1931 2575 regnum

351 2602 675 2664 perpetuum
709 2604 992 2664 permanet
1022 2597 1076 2649 in
1122 2596 1336 2650 inlinita
1369 2597 1587 2651 saecula.
1632 2596 1750 2649 Erit
1787 2598 1932 2650 enim

353 2687 550 2742 sedens
583 2687 651 2741 ad
680 2687 962 2742 dexteram
989 2686 1190 2752 Patris,
1225 2705 1332 2742 non
1367 2689 1542 2743 solum
1585 2689 1638 2742 in
1684 2690 1788 2743 hoc
1833 2704 1934 2743 sae-

354 2778 502 2842 culo,
534 2778 629 2833 sed
660 2778 827 2832 etiam
863 2779 919 2832 in
950 2777 1156 2833 futuro.
1193 2778 1259 2832 Et
1286 2780 1338 2832 in
1367 2777 1629 2847 Spiritum
1660 2787 1930 2840 sanctum,

359 2868 469 2922 hoc
493 2877 595 2933 est,
625 2867 964 2923 Paracletum
998 2909 1012 2932 ,
1045 2887 1207 2940 quem
1240 2871 1504 2940 apostolis
1528 2871 1820 2939 pollicitus,
1852 2886 1932 2934 se,

353 2968 481 3027 post
527 2975 826 3016 ascensum.
853 2977 1013 3016 suum
1066 2962 1118 3014 in
1167 2963 1358 3029 caelos,
1398 2963 1720 3028 missurum,
1764 2963 1931 3025 misit,

355 3061 416 3106 ut
439 3051 661 3106 doceret
685 3067 782 3106 eos
809 3061 865 3106 et
903 3062 1215 3123 suggereret
1243 3055 1324 3108 eis
1352 3055 1534 3108 omnia
1574 3069 1590 3119 ;
1649 3069 1743 3122 per
1769 3068 1930 3122 quem

356 3158 552 3198 omnes
585 3144 802 3210 animae,
827 3161 949 3215 quae
979 3149 1034 3199 in
1060 3161 1183 3200 eum
1212 3145 1422 3200 sincere
1451 3146 1700 3209 credunt,
1729 3144 1934 3200 sancti-
1961 3154 2006 3215 ε

356 3234 614 3290 ﬁcantur.

2031 510 2199 564 νημα,
2236 495 2678 564 μαρτυρούμενον
2723 495 2996 560 ἁϐιάστως
3047 497 3152 550 ὑπὸ
3193 498 3302 551 τῶν
3343 498 3645 555 θεοπνεύ-

2033 597 2170 632 στων
2193 579 2443 649 Γραφῶν,
2471 581 2620 652 παρὰ
2647 585 2760 645 τοῖς
2789 581 3165 654 ἀδιαστρόφοις
3194 583 3329 656 (40).
3366 604 3388 638 ι

2029 676 2048 729 ,‘
2102 672 2193 727 27.
2229 672 2365 724 Ἀλλ’
2402 672 2521 724 οὐδὲ
2561 672 2769 737 τούτοις
2803 675 3081 744 ἐνέμειναν
3121 692 3134 705 ·
3180 677 3344 732 πάλιν
3382 677 3503 751 γὰρ
3560 677 3638 734 ἐν

2032 765 2241 836 Σιρμίῳ
2283 764 2623 828 συνελθόντες
2653 765 2796 820 κατά
2832 768 3118 834 Φωτεινοῦ,
3141 769 3262 823 τότε
3298 771 3636 842 συνέθηκαν

2030 853 2185 920 αὖθις
2214 855 2414 921 πίστιν,
2448 857 2630 910 οὐκέτι
2655 858 2752 929 μὲν
2783 858 2926 912 οὕτω
2965 861 3294 932 σχοινοτενῆ,
3327 864 3450 917 οὐδὲ
3477 882 3632 918 τοσ-

2031 946 2202 1018 αύτην
2233 950 2346 1011 τοῖς
2389 949 2659 1018 ῥήμασιν·
2696 949 2984 1018 ἀφελόντες
3027 951 3083 1004 δὲ
3114 953 3184 1005 τά
3219 953 3446 1008 πλεῖστα
3517 959 3630 1010 καὶ

2032 1039 2359 1111 προσθέντες
2388 1040 2524 1094 ἄλλα
2555 1082 2570 1106 ,
2619 1039 2809 1112 ὥσπερ
2850 1043 2909 1109 ἐξ
2955 1043 3225 1116 ὑποὸολῆς
3256 1047 3410 1118 παρά
3441 1065 3631 1102 τινων

2031 1130 2378 1195 ἀκούσαντες,
2405 1131 2648 1202 ἔγραψαν
2668 1132 2861 1187 ταῦτα.

2105 1222 2213 1293 (41)
2255 1241 2273 1273 ι
2299 1223 2631 1294 Πιστεύομεν
2673 1226 2753 1288 εἰς
2802 1225 2899 1279 ἕνα
2942 1226 3095 1294 Θεὸν,
3131 1227 3352 1300 Πατέρα
3398 1246 3628 1284 παντο-

2033 1313 2294 1384 κράτορα,
2324 1314 2415 1366 τὸν
2453 1314 2677 1385 κτίστην
2709 1316 2803 1368 καὶ
2833 1317 3064 1389 ποιητὴν
3109 1317 3219 1370 τῶν
3269 1320 3511 1385 πάντων,
3551 1321 3627 1386 ἐξ

2031 1397 2092 1458 οὗ
2125 1406 2273 1458 πᾶσα
2296 1408 2501 1477 πατριὰ
2529 1408 2586 1460 ὲν
2609 1407 2821 1480 οὐρανῷ
2847 1407 2958 1478 (42)
2994 1409 3087 1462 καὶ
3114 1411 3207 1463 ἐπὶ
3250 1410 3355 1480 γῆς
3397 1413 3616 1482 ὀνομά-

2034 1494 2183 1560 ζεται
2202 1513 2216 1528 ’
2258 1497 2352 1549 καὶ
2384 1499 2465 1560 εἰς
2495 1497 2586 1550 τὸν
2615 1499 2878 1570 μονογενῆ
2913 1500 3076 1554 αὐτοῦ
3106 1501 3233 1556 Υίὸν
3277 1503 3367 1556 τὸν
3396 1504 3622 1575 Κύριον

2035 1587 2193 1658 ήμῶν
2234 1587 2439 1660 Ἰησοῦν
2486 1591 2578 1644 τὸν
2628 1592 2894 1664 Χριστὸν,
2946 1592 3037 1645 τὸν
3087 1593 3193 1664 πρὸ
3236 1595 3454 1648 πάντων
3495 1596 3622 1650 τῶν

2036 1675 2246 1729 αἰώνων
2275 1679 2340 1732 ἐκ
2366 1677 2460 1731 τοῦ
2499 1680 2713 1751 Πατρὸς
2755 1681 3082 1753 γεννηθέντα
3110 1699 3124 1714 ο
3164 1683 3294 1736 Θεὸν
3330 1685 3395 1738 ὲκ
3442 1685 3620 1751 Θεοῦ,

2035 1766 2150 1834 φῶς
2183 1769 2247 1821 ἐκ
2272 1769 2466 1839 φωτὸς,
2500 1772 2568 1824 δι’
2615 1765 2677 1824 οῦ
2717 1773 2932 1842 ἐγένετο
2960 1774 3029 1829 τὰ
3063 1775 3263 1839 πάντα,
3292 1777 3360 1830 τά
3386 1795 3446 1830 τε
3491 1779 3639 1850 (45).

2034 1861 2092 1913 ὲν
2119 1865 2230 1925 τοῖς
2261 1863 2508 1934 οὐρανοῖς
2540 1865 2634 1918 καὶ
2655 1864 2722 1918 τὰ
2760 1866 2851 1918 ἐπὶ
2881 1866 2979 1937 τῆς
3024 1867 3146 1938 γῆς,
3183 1867 3253 1920 τά
3297 1869 3466 1940 ὁρατά
3513 1873 3622 1924 καὶ

2035 1952 2102 2005 τὰ
2134 1955 2360 2024 ἀόραταο
2395 1956 2564 2025 Λόγον
2591 1955 2718 2009 ὄντα
2752 1957 2843 2010 καὶ
2875 1957 3088 2027 σοφίαν,
3128 1961 3224 2013 καὶ
3265 1959 3380 2029 φῶς
3419 1961 3621 2033 ἀληθι-

2034 2045 2144 2111 νὸν,
2177 2047 2271 2099 καὶ
2317 2047 2492 2118 ζωήν·
2540 2048 2632 2100 τὸν
2678 2049 2763 2100 ἐπ’
2819 2050 3061 2118 ἐσχάτων
3107 2049 3215 2104 τῶν
3265 2052 3489 2122 ἡμερῶν
3541 2051 3617 2105 δι’

2035 2138 2182 2208 ἡμᾶς
2210 2137 2705 2210 ὲνανθρωπήσαντα
2725 2156 2738 2168 ·
2762 2139 2854 2190 καὶ
2879 2139 3205 2210 γεννηθέντα
3231 2141 3296 2194 ὲκ
3320 2141 3419 2211 τῆς
3443 2143 3618 2210 ἁγίας

2034 2226 2335 2298 Παρθένου,
2377 2229 2472 2280 καὶ
2512 2229 2925 2300 σταυρωθέντα,
2966 2231 3058 2284 καὶ
3103 2230 3477 2299 ἀποθανόντα,
3511 2235 3616 2288 καὶ

2031 2321 2270 2389 ταφέντα
2299 2337 2314 2350 ο
2351 2321 2444 2374 καὶ
2470 2322 2775 2374 ἀναστάντα
2803 2324 2867 2375 ἐκ
2905 2322 3114 2394 νεκρῶν
3143 2327 3208 2396 τῇ
3247 2325 3406 2398 τρίτῃ
3454 2326 3607 2396 ἡμέε-

2036 2429 2126 2482 ρᾳ,
2175 2412 2270 2464 καὶ
2311 2412 2686 2482 ἀναληφθέντα
2733 2415 2813 2476 είς
2855 2414 3117 2484 οὐρανὸν,
3167 2417 3260 2470 καὶ
3314 2417 3617 2471 καθεσθέν-

2033 2519 2100 2554 τα
2131 2501 2238 2572 (44)
2280 2505 2338 2555 ἐν
2374 2503 2524 2575 δεξιᾷ
2573 2504 2667 2557 τοῦ
2715 2505 2963 2576 Πατρόςο
3023 2508 3115 2559 καὶ
3159 2508 3451 2579 ἐρχόμενον
3511 2511 3615 2563 ἐπὶ

2036 2593 2312 2665 συντελείᾳ
2365 2595 2458 2647 τοῦ
2499 2595 2689 2660 αἰῶνος
2736 2599 2918 2668 κρῖναι
2967 2596 3174 2663 ζῶντας
3203 2601 3296 2653 καὶ
3333 2601 3566 2672 νεκροὺς
3591 2639 3612 2668 ,

2036 2687 2130 2740 καὶ
2200 2687 2493 2741 ἀποδοῦναι
2561 2688 2776 2759 ἑκάστῳ
2844 2689 2986 2743 κατά
3053 2689 3123 2744 τὰ
3192 2691 3328 2763 ἔργα
3390 2692 3560 2746 αὑτοῦ
3593 2710 3610 2725 ο

2033 2770 2159 2848 οῦή
2209 2777 2485 2847 βασιλεία,
2540 2779 2962 2844 ἀκατάπαυστος
3015 2778 3182 2847 οὖσα,
3231 2783 3476 2854 διαμένει
3525 2785 3612 2848 εἰς

2034 2874 2160 2936 τοὺς
2231 2872 2489 2944 ἀπείρους
2544 2874 2778 2938 αἰῶνας·
2845 2875 2998 2928 ἔσται
3060 2875 3168 2946 γὰρ
3242 2875 3612 2946 καθεζόμενος

2035 2963 2093 3013 ἐν
2120 2961 2267 3033 δεξιᾷ
2310 2963 2404 3016 τοῦ
2437 2965 2670 3036 Πατρὸς,
2699 2967 2757 3018 οὐ
2797 2965 2958 3036 μόνον
2987 2969 3045 3020 ὲν
3079 2967 3156 3038 τῷ
3200 2967 3353 3020 αἰῶνι
3391 2967 3601 3039 τούτῳ,

2037 3053 2174 3107 ἀλλά
2227 3054 2319 3107 καὶ
2355 3055 2412 3107 ὲν
2452 3054 2531 3125 τῷ
2576 3055 2859 3125 μέλλοντι·
2914 3059 3008 3110 καὶ
3059 3059 3138 3120 εἰς
3167 3057 3229 3110 τὸ
3276 3056 3501 3128 Πνεῦμα
3548 3058 3615 3112 τὸ

2037 3145 2212 3212 ἅγιον,
2254 3147 2498 3200 τουτέστι
2537 3148 2630 3201 τὸν
2691 3147 3046 3220 Παράκλητον
3075 3189 3090 3213 ,
3145 3151 3283 3221 ὅπερ
3333 3151 3612 3218 ,ἐπαγγει-

2039 3236 2270 3309 λάμενος
2304 3241 2414 3304 τοῖς
2458 3240 2774 3305 ἀποστόλοις
2811 3281 2826 3304 ,
2874 3241 3014 3312 μετά
3068 3241 3165 3313 τὴν
3223 3245 3302 3306 εἰς
3347 3242 3613 3312 οὐρανοὺς

357 3328 524 3383 αὑτοῦ
557 3331 739 3385 ἄνοδον
768 3330 1103 3396 ἀποστεῖλαι,
1133 3330 1338 3394 διδάξαι
1377 3331 1471 3384 καὶ
1503 3329 1816 3401 ὑπομνῆσαι
1857 3327 2055 3393 αὐτοὺς
2087 3331 2265 3384 πάντα
2291 3371 2307 3397 ,
2359 3332 2602 3403 ἔπεμψεο
2669 3334 2736 3388 δι’
2779 3326 2840 3386 οὗ
2882 3337 2976 3387 καὶ
3034 3333 3352 3402 ἀγιάζονται
3398 3336 3455 3388 αἱ
3500 3337 3626 3391 τῶν.

357 3428 666 3500 εἰλικρινῶς
699 3432 778 3493 εἰς
809 3430 972 3482 αὐτὸν
1005 3413 1445 3482 πεπιστευκότων
1481 3427 1668 3497 ψυχαί.

428 3539 472 3596 ι.
508 3559 526 3590 ι
552 3538 661 3594 Eos
684 3555 847 3609 porro
875 3541 968 3610 qui
997 3541 1206 3603 dicunt,
1238 3540 1434 3594 Filium
1464 3556 1530 3594 ex
1563 3556 1669 3594 non
1715 3549 1936 3595 exstan-

357 3632 528 3696 tibus,
571 3640 666 3686 aut
698 3647 762 3686 ex
793 3631 900 3686 alia
933 3633 1266 3699 substantia,
1295 3641 1350 3687 et
1383 3649 1493 3687 non
1523 3649 1588 3686 ex
1624 3633 1736 3687 Deo
1768 3648 1888 3688 esse
1918 3649 1932 3686 :

359 3732 457 3777 aut
482 3733 694 3791 tempus
727 3723 812 3776 vel
841 3723 1100 3778 saeculqu
1139 3725 1308 3778 fuisse
1325 3738 1448 3778 cum
1483 3723 1790 3788 exsisteret,
1805 3722 1937 3777 alie-

359 3828 462 3868 nos
492 3830 522 3866 a
557 3829 615 3868 se
636 3815 883 3883 agnoscit
909 3824 1098 3869 sancta
1128 3823 1183 3868 et
1205 3815 1471 3868 catholica
1499 3813 1765 3869 Ecclesia.

429 3904 491 3958 ll.
534 3924 552 3956 ι
577 3904 775 3960 lterum
805 3922 935 3977 ergo
964 3908 1240 3962 dicimus:
1272 3907 1330 3961 Si
1354 3908 1479 3976 quis
1511 3906 1726 3963 Patrem
1762 3917 1817 3964 et
1841 3907 1935 3962 Fi-

361 3994 492 4050 lium
528 3996 666 4051 duos
692 3995 830 4051 Deos
867 3998 1022 4061 dicit,
1061 3998 1349 4052 anathema
1379 4006 1519 4053 esto.

432 4088 520 4144 Ill.
568 4108 584 4140 ι
617 4089 751 4146 Etsi
798 4092 945 4160 quis,
981 4107 1106 4146 cum
1152 4091 1297 4146 dicat
1337 4090 1507 4146 Deum
1553 4091 1852 4154 Christum,
1883 4099 1938 4146 et

360 4193 488 4238 ante
511 4182 709 4238 saecula
740 4181 836 4236 Dei
876 4181 1075 4236 Filium
1119 4198 1266 4245 esse,
1307 4183 1558 4237 eumdem
1605 4199 1710 4236 non
1759 4184 1932 4237 conti--

361 4287 541 4332 teatur
554 4277 618 4330 ad
646 4276 977 4331 creationem
1007 4275 1387 4330 universorum
1410 4273 1554 4330 Patri
1573 4275 1932 4340 ministrasse,

365 4369 652 4422 anathema
679 4377 817 4422 esto.

432 4481 524 4536 ιν.
571 4500 590 4533 ι
636 4481 694 4536 Si
749 4481 872 4550 quis
932 4480 1236 4553 ingenitum
1299 4481 1450 4536 illum
1484 4523 1498 4546 ,
1573 4491 1667 4536 aut
1727 4490 1935 4550 partem
1967 4467 2013 4521 Ῑ)

361 4572 483 4644 ejus
517 4588 584 4626 ex
607 4571 777 4626 Maria
810 4579 999 4626 natum
1031 4572 1212 4627 dicere
1239 4573 1404 4640 ausit,
1436 4574 1722 4627 anathema
1764 4581 1902 4627 esto.

444 4755 508 4810 V.
545 4774 562 4801 ι
598 4754 655 4809 Si
706 4754 833 4825 quis
878 4753 1181 4810 secundum
1228 4752 1628 4822 praescicntiam
1665 4761 1792 4806 ante
1825 4749 1938 4804 Ma-

440 4957 551 5025 (59)
594 4958 684 5028 Ἐν
713 4957 904 5028 Κυρίῳ
932 4954 1085 5010 deest
1135 4954 1274 5024 apud
1307 4952 1535 5023 Niceph.
1583 4952 1738 5007 Socr.
1781 4952 1944 5006 habet

369 5032 427 5084 ὲν
464 5027 702 5084 Χοιστῶ.

771 5105 825 5150 et
844 5094 990 5159 Nic.,
1023 5095 1152 5166 παρ’
1183 5093 1366 5166 αὐτοῖς
1391 5092 1945 5166 ἀδιαστρόφως.-ριιαε

370 5161 756 5237 Sequi-bantur,
791 5167 942 5230 τέλος
981 5161 1186 5236 ταύτης
1229 5165 1328 5233 τῆς
1365 5161 1678 5237 ὁμολογίας,
1719 5179 1749 5216 a
1793 5161 1944 5237 Pari-

372 5234 645 5295 siensihus
695 5239 762 5292 de
811 5253 963 5290 more
1019 5234 1220 5301 addita,
1269 5234 1652 5304 eprnximus,
1687 5234 1831 5304 quod
1888 5234 1940 5286 in

369 5311 533 5379 nujlis
567 5310 812 5367 leuantur
839 5308 1134 5379 codicibus.

447 5374 559 5436 λιι)
593 5379 752 5433 Sexta
788 5379 908 5432 Iidei
942 5377 1172 5432 formula
1214 5377 1414 5442 scripta
1452 5390 1596 5427 anno
1632 5374 1754 5427 551.
1785 5403 1853 5412 --
1881 5375 1941 5427 In

371 5450 500 5504 edit.
535 5449 731 5510 Paris.,
776 5447 940 5518 ἑτέρα
979 5449 1076 5518 τῆς
1106 5449 1339 5510 πίστεως
1363 5445 1640 5513 ὁμολογία,
1675 5460 1943 5518 quaecum

372 5521 569 5573 desunt
592 5520 643 5571 in
673 5519 802 5572 edit.
833 5515 1044 5572 Comm.
1082 5529 1137 5572 et
1165 5520 1218 5573 in
1251 5519 1504 5570 omnibus
1538 5515 1943 5584 manuscriptis,

375 5590 577 5644 omissa
613 5599 756 5643 sunt.
804 5586 929 5641 Haec
963 5588 1084 5642 lidei
1129 5587 1404 5642 confessio
1432 5594 1613 5639 exstat
1653 5585 1793 5653 apud
1841 5584 1945 5639 So»

377 5671 577 5714 cratem
613 5660 752 5712 libro
785 5675 844 5717 ιι,
881 5674 999 5724 cap.
1029 5659 1127 5720 '50,
1163 5659 1305 5725 apud
1345 5656 1707 5725 Nicephormn
1738 5655 1831 5708 lib.
1867 5672 1942 5720 lx,

377 5745 498 5798 cap.
526 5729 613 5795 51,
645 5741 697 5783 et
725 5728 866 5798 apud
904 5727 1164 5783 Hilarium
1192 5725 1263 5781 De
1287 5727 1519 5795 synudts,
1549 5725 1650 5780 col.
1688 5726 1816 5778 H74

2107 3543 2151 3594 Ῑ.
2193 3558 2211 3590 ι
2237 3540 2375 3603 Τοὺς
2413 3539 2470 3592 δὲ
2521 3538 2776 3607 λέγοντας
2815 3537 2875 3604 ὲξ
2913 3539 3013 3592 οὐκ
3039 3538 3208 3592 ὄντων
3235 3539 3328 3592 τὸν
3364 3540 3494 3595 Υἱὸν
3517 3579 3534 3605 ,

2035 3633 2097 3696 ἐξ
2129 3632 2322 3702 ἐτέρας
2343 3632 2715 3695 ὑποστάσεως,
2749 3631 2844 3684 καὶ
2887 3631 2960 3701 μὴ
2987 3633 3050 3684 ὲκ
3077 3630 3172 3684 τοῦ
3199 3630 3356 3698 Θεοῦ,
3393 3633 3488 3684 καὶ
3525 3633 3609 3685 ὅτι

2034 3723 2104 3798 ἦν
2146 3726 2338 3796 χρόνος
2379 3724 2412 3795 ἢ
2462 3723 2616 3787 αἰὼν,
2664 3725 2752 3778 ὅτε
2799 3725 2902 3778 οὐκ
2938 3719 3026 3794 ἦν,
3069 3722 3381 3795 ἀλλοτρίους
3409 3720 3545 3778 οἶδεν
3570 3727 3604 3796 ή

2038 3817 2170 3887 ἁγία
2201 3817 2295 3870 καὶ
2322 3815 2432 3885 (45)
2471 3815 2732 3886 καθολικὴ
2778 3814 3098 3885 Ἐκκλησία.

2107 3909 2176 3964 Il.
2216 3926 2234 3958 ‹
2269 3906 2439 3959 Πάλιν
2473 3901 2565 3960 οῦν
2593 3906 2824 3976 ἐροῦμεν
2850 3923 2864 3936 ·
2911 3905 2980 3958 Εἴ
3014 3923 3100 3970 τις
3141 3906 3232 3959 τὸν
3263 3906 3485 3978 Πατέρα
3517 3908 3628 3965 καὶ,

2037 3998 2129 4052 τὸν
2151 3999 2280 4052 Υίόν
2307 3996 2400 4050 δύο
2429 3997 2576 4066 λέγει
2613 3997 2801 4060 Θεοὺς,
2829 3997 3075 4066 ἀνάθεμα
3113 3994 3271 4049 ἔστω.

2111 4091 2204 4144 ΠΙ.
2241 4108 2260 4141 ¢
2281 4090 2391 4142 Καὶ
2423 4088 2596 4153 εἴτις,
2621 4088 2795 4156 λέγων
2821 4088 2952 4141 Θεὸν
2974 4087 3064 4142 τὸν
3089 4087 3326 4159 Χριστὸν
3353 4089 3460 4160 πρὸ
3483 4088 3624 4142 (1.ἰὼ-Δ

2041 4198 2147 4235 νων
2175 4179 2285 4251 (46)
2317 4179 2444 4233 Υίὸν
2474 4179 2568 4232 τοῦ
2598 4177 2756 4241 Θεοῦ,
2795 4179 3180 4248 ὑπουργηκότα
3209 4178 3289 4248 τῷ
3317 4179 3492 4250 Πατρὶ
3530 4180 3606 4242 εἰς

2038 4275 2140 4346 τὴν
2171 4273 2282 4329 τῶν
2308 4273 2444 4328 ὅλων
2485 4273 2846 4344 δημιουργίαν
2883 4273 2958 4342 μὴ
3003 4271 3311 4343 ὁμολογοίη,
3366 4271 3608 4344 ἀνάθεμα

2039 4366 2200 4420 ἔστω.

2113 4479 2203 4535 IV.
2245 4500 2263 4530 α
2283 4482 2351 4534 Εἴ
2366 4498 2450 4544 τις
2483 4481 2572 4534 τὸν
2607 4480 2895 4549 ἀγέννητον
2927 4479 3060 4550 (47),
3087 4479 3120 4550 ἢ
3159 4479 3326 4551 μέρος
3353 4477 3518 4532 αὐτοῦ
3546 4481 3605 4532 ὲκ

2039 4572 2257 4642 Μαρίας
2305 4571 2482 4640 λέγειν
2532 4570 2864 4640 γεγενῆσθαι
2914 4570 3026 4642 (48)
3079 4570 3255 4642 τολμᾷ
3283 4611 3299 4636 ,
3357 4571 3600 4644 ἀνάθεμα

2040 4662 2196 4716 ἔστω.

2112 4755 2179 4809 V.
2218 4774 2236 4805 ι
2263 4754 2328 4810 Εἰ
2357 4773 2441 4820 τις
2475 4755 2616 4809 κατά
2645 4755 2952 4827 πρόγνωσιν
2978 4757 3083 4828 πρὸ
3109 4755 3328 4828 Μαρίας
3353 4755 3502 4826 λέγει
3523 4758 3608 4813 τὸν

2115 4955 2226 5028 (όὲ)
2261 4954 2416 5028 Socr.
2448 4966 2501 5010 et
2526 4955 2668 5028 Nic”
2707 4958 2764 5009 ὲν
2795 4958 3060 5028 οὐρανοῖς.

2113 5027 2224 5095 (45)
2254 5027 2325 5078 Τε
2348 5028 2501 5098 deest
2528 5028 2580 5079 in
2615 5027 2768 5081 Socr.
2795 5036 2849 5082 et
2864 5025 3098 5098 'Niceph.
3125 5025 3269 5082 Infra
3297 5025 3394 5082 καὶ
3426 5027 3610 5098 σοφίαν

2043 5094 2360 5164 deestaputl
2386 5094 2770 5164 Nicephorum.

2114 5165 2224 5230 (Η)
2259 5165 2413 5220 Socr.
2441 5176 2495 5220 et
2528 5166 2842 5236 Nicephor.,
2869 5168 3185 5222 καθίσαντα.

2118 5236 2227 5304 (45)
2269 5236 2324 5288 In
2363 5236 2530 5305 Regio
2564 5239 2657 5291 καί
2684 5239 2854 5294 deest.

2117 5307 2227 5375 (46)
2266 5305 2514 5375 Niceph.,
2543 5307 2885 5374 προαιὼνιον.

2116 5379 2226 5450 (47)
2269 5376 2469 5450 [legitis
2500 5389 2554 5433 et
2576 5379 2738 5433 Basil.
2773 5380 3036 5450 ἀγένητον
3065 5379 3245 5432 minus
3266 5386 3440 5450 recte.

2118 5448 2229 5517 (48)
2274 5447 2364 5503 Sic
2391 5465 2523 5503 mss.
2546 5461 2599 5502 et
2622 5451 2748 5504 editi
2776 5446 2985 5503 omnes.
3007 5449 3163 5504 Socr.
3190 5459 3238 5502 et
3263 5446 3582 5516 Νἰιιρρίιηγε

2045 5519 2353 5589 γεννῆσθαι,
2383 5527 2436 5571 ct
2467 5520 2539 5573 ita
2575 5520 2858 5586 legendum
2906 5521 3135 5574 videtur.
3169 5519 3290 5573 Mox
3327 5517 3528 5589 Socr-at.
3560 5525 3610 5569 ct

2045 5587 2384 5662 Μοεςιιιη-εί
2422 5607 2505 5662 τις
2549 5591 2690 5645 κατὰ
2744 5591 3050 5662 πρόγνωσιν
3082 5591 3173 5645 τὸν
3204 5594 3266 5644 ὲκ
3298 5587 3533 5659 Μαρίας,
3560 5597 3608 5640 et

2049 5662 2120 5714 ita
2149 5660 2277 5730 legit
2303 5659 2437 5714 Hilat
2455 5661 2559 5715 ius.
