3822 6226
255 276 374 333 757

1619 271 1706 325 DE
1747 270 2052 327 SYNODIS.

3390 274 3493 329 758

252 391 395 446 Υἰὸν
419 386 583 456 εἶναι,
619 391 712 445 καὶ
757 391 832 462 μὴ
865 390 970 462 πρὸ
1009 392 1221 445 αἰώνων
1262 390 1328 442 ὲκ
1360 387 1452 441 τοῦ
1491 388 1702 458 Πατρὸς
1733 404 1826 456 γε-

1960 387 2060 441 iam
2087 387 2286 443 Filium
2315 403 2437 444 esse
2469 387 2620 453 dicit,
2653 396 2708 444 et
2739 403 2847 442 non
2888 396 3014 443 ante
3039 386 3235 444 saecula
3279 401 3347 441 ex
3383 385 3492 441 Pa-

249 481 592 551 γεννήμένον
625 480 759 551 πρὸς
783 481 874 533 τὸν
907 481 1038 534 Θεὸν
1072 476 1233 546 εἶναι,
1269 479 1362 532 καὶ
1389 478 1455 531 δι’
1480 478 1645 532 αὐτοῦ
1669 494 1828 546 γεγε-

247 571 456 643 νῆσθαι
486 571 554 624 τὰ
583 572 778 634 πάντα,
804 571 1050 641 ἀνάθεμα
1078 571 1237 624 ἔστω.

338 660 422 714 VI.
463 679 481 712 ι
507 660 574 714 Εἴ
604 677 689 724 τις
729 661 828 732 τὴν
856 659 1044 714 οὐσίαν
1087 660 1180 713 τοῦ
1210 656 1345 712 Θεοῦ
1379 655 1758 720 πλατύνεσθαι,
1792 653 1827 728 ἢ

251 751 648 806 συστέλλεσθαι
679 751 896 820 φάσκοι,
928 749 1179 821 ἀνάθεμα
1205 749 1364 802 ἔστω.

339 843 451 897 VII.
498 843 606 896 «Εἴ
641 859 725 906 τις
758 842 1164 912 πλατυνομένην
1202 841 1299 911 τὴν
1329 839 1514 892 οὐσίαν
1557 837 1649 891 τοῦ
1694 835 1828 891 Θεοῦ

247 936 354 990 τὸν
383 936 512 990 Υίὸν
560 935 708 1004 λέγοι
749 937 942 1000 ποιεῖν,
985 934 1018 1006 ἦ
1051 935 1143 986 τὸν
1172 933 1484 1004 πλατυσμὸν
1515 932 1612 1002 τῆς
1643 930 1830 993 οὐσίας

248 1028 427 1082 αὑτοῦ
461 1028 586 1080 Υῐὸν
618 1026 896 1098 ὀνομάζοι,
926 1025 1171 1096 ἀνάθεμα
1202 1024 1359 1078 ἔστω.

333 1119 474 1174 VIII.
511 1119 620 1190 (49)
655 1138 674 1170 ι
698 1119 766 1172 Εἴ
788 1135 872 1182 τις
902 1117 1204 1171 ἐνδιάθετον
1247 1115 1280 1187 ἢ
1313 1113 1641 1187 προφορικὸν
1673 1112 1830 1183 λόγον

248 1211 408 1279 λέγει
436 1210 527 1263 τὸν
559 1211 685 1264 Υἰὸν
712 1210 804 1264 τοῦ
833 1209 989 1274 Θεοῦ,
1024 1209 1268 1280 ἀνάθεμα
1289 1208 1446 1262 ἔστω.

331 1300 427 1353 IX.
469 1319 488 1352 ι
512 1301 579 1353 Εἴ
606 1318 688 1364 τις
716 1300 1000 1372 ἄνθρωπον
1031 1300 1187 1370 μόνον
1217 1299 1364 1367 λέγει
1395 1298 1484 1352 τὸν
1516 1299 1580 1350 ὲκ
1615 1295 1830 1368 Μαρίας

249 1391 414 1454 Υἱὸν,
437 1391 686 1462 ἀνάθεμα
715 1391 873 1445 ἔστω.
899 1417 901 1420 ⁴

333 1485 403 1538 Χ.
461 1501 480 1535 ι
514 1483 582 1536 El’
609 1500 693 1547 τις
727 1483 858 1536 Θεὸν
907 1484 1002 1538 καὶ
1034 1483 1320 1555 ἄνθρωπον
1361 1480 1452 1535 τὸν
1497 1481 1562 1534 ὲκ
1612 1478 1832 1552 Μαρίας

249 1573 457 1641 λέγων,
492 1574 629 1627 Θεὸν
661 1575 752 1627 τὸν
776 1575 1068 1646 ἀγέννητον
1107 1574 1248 1628 οὕτω
1277 1574 1388 1627 νοεῖ
1412 1572 1544 1644 (50),
1585 1571 1831 1643 ἀνάθεμα

249 1665 424 1720 ἔστω.

1933 488 2012 534 tre
2035 481 2278 550 genitum
2308 481 2448 550 apud
2481 481 2648 534 Deum
2671 495 2812 546 esse,
2845 495 2908 534 ac
2940 495 3038 550 per
3069 495 3195 533 eum
3229 493 3336 532 non
3369 492 3490 532 om-

1929 573 2018 626 nia
2052 571 2218 626 Inisse
2247 571 2408 638 facta,
2436 572 2724 626 anathema
2751 572 2841 626 sit.

2001 663 2088 718 VI.
2121 685 2138 717 ι
2166 664 2220 718 Si
2253 666 2378 735 quis
2413 665 2508 719 Dei
2551 666 2912 721 substantiam
2949 663 3187 730 dilatari,
3229 670 3325 719 aut
3360 678 3494 718 con-

1929 757 2072 810 trahi
2103 757 2320 823 dixerit,
2351 757 2641 811 anathema
2673 757 2760 811 sit.

2000 845 2112 902 Vll.
2156 866 2174 899 ι
2214 847 2271 901 Si
2300 849 2422 918 quis
2447 850 2732 903 dilatatam
2765 847 2860 902 Dei
2895 849 3254 904 substantiam
3291 843 3490 903 Filium

1929 936 2106 993 facere
2132 939 2349 1005 dixerit,
2378 949 2471 994 aut
2491 940 2863 994 dilatationem
2899 940 3218 996 substantia:
3246 941 3366 1011 ejus
3398 935 3492 992 Fi-

1928 1030 2061 1084 lium
2092 1031 2356 1096 nominet,
2382 1031 2672 1085 anathema
2703 1041 2841 1086 esto.

1999 1119 2138 1175 VIII.
2181 1139 2199 1172 ι
2231 1121 2288 1174 Si
2340 1122 2464 1190 quis
2505 1122 2778 1176 internum
2825 1131 2920 1176 aut
2973 1123 3327 1192 prolatitium,
3374 1137 3496 1177 esse

1932 1211 2023 1266 Dei
2050 1211 2246 1265 Filium
2278 1213 2494 1277 dixerit,
2530 1213 2819 1268 anathema
2842 1213 2930 1268 sit.

2001 1302 2091 1356 IX.
2129 1322 2148 1354 ι
2175 1302 2231 1356 Si
2263 1304 2386 1373 quis
2419 1302 2619 1356 Filium
2661 1319 2726 1358 ex
2762 1303 2934 1358 Maria
2973 1313 3184 1371 natum,
3212 1305 3490 1359 hominem

1931 1404 2140 1449 tantum
2163 1409 2285 1449 esse
2307 1393 2475 1456 dicat,
2504 1393 2792 1448 anathema
2823 1394 2914 1449 sit.

1998 1485 2068 1540 X.
2124 1505 2143 1537 ι
2190 1485 2247 1540 Si
2293 1485 2418 1556 quis
2463 1484 2634 1539 Deum
2684 1493 2738 1540 et
2788 1485 3063 1540 hominem
3093 1500 3160 1540 ex
3193 1483 3359 1538 Maria
3399 1499 3498 1538 na-

1933 1585 2067 1642 tum,
2119 1575 2290 1631 Deum
2332 1574 2637 1646 ingenitum
2684 1574 2866 1645 ipsum
2918 1574 3225 1645 intelligat,
3268 1575 3497 1628 anathe-

1932 1685 2019 1724 ma
2042 1669 2131 1724 sit.

327 1757 424 1810 ΧΙ.
479 1756 591 1810 «Εἴ
617 1775 700 1822 τις
739 1757 822 1822 τὸ,
876 1775 897 1810 ι
962 1757 1102 1827 Ἐγὼ
1149 1758 1280 1821 Θεὸς
1308 1757 1546 1829 πρῶτος,
1595 1757 1690 1810 καὶ
1718 1754 1829 1824 ἐγὼ

1997 1759 2089 1814 Xl.
2129 1779 2146 1811 ι
2175 1757 2231 1813 Si
2265 1759 2390 1830 quis
2421 1758 2552 1813 illud
2577 1799 2591 1824 ,
2631 1775 2650 1809 (
2674 1755 2789 1828 Ego
2821 1757 2964 1813 Deus
3005 1759 3218 1828 primus
3244 1797 3260 1822 ,
3303 1767 3358 1813 et
3393 1773 3496 1829 ego

253 1849 401 1920 μετά
424 1847 616 1915 ταῦτα,
641 1851 735 1902 καὶ
760 1850 898 1922 πλὴν
927 1850 1060 1922 ἐμοῦ
1089 1851 1188 1904 οὐκ
1213 1850 1327 1904 ἔστι
1348 1850 1499 1915 Θεὸς,
1525 1868 1542 1902 ι
1571 1850 1658 1902 ἐπ’
1683 1849 1833 1903 ἀναι-

249 1941 410 2012 ρέσει
441 1939 672 1994 εἰδώλων
704 1941 799 1996 καὶ
829 1941 938 1996 τῶν
985 1943 1061 2014 μὴ
1111 1941 1279 1997 ὄντων
1324 1942 1461 1996 θεῶν
1501 1941 1791 2013 εἰρημένον
1813 1981 1828 2008 ,

248 2031 347 2083 ἔπ’
372 2031 646 2103 ἀναιρέσει
672 2033 766 2086 τοῦ
801 2032 1139 2102 Μονογενοῦς
1167 2033 1273 2106 πρὸ
1299 2033 1509 2088 αίώνων
1535 2032 1670 2086 Θεοῦ
1699 2035 1829 2087 Ἰου-

249 2121 462 2186 δαϊκῶς
499 2123 862 2195 ἐκλαμϐάνοι,
897 2125 1145 2194 ἀνάθεμα
1178 2125 1338 2179 ἔστω.

326 2215 449 2266 XII.
493 2233 510 2265 ι
532 2201 602 2267 Εἴ
622 2233 706 2280 τις
735 2215 817 2280 τὸ,
854 2234 875 2268 ι
915 2217 972 2270 '0
998 2217 1168 2286 Λόγος
1199 2215 1335 2288 σὰρξ
1356 2215 1590 2284 ἐγένετο,
1622 2234 1642 2267 ›
1671 2215 1832 2270 ἀκού-

253 2321 358 2369 ων,
388 2306 478 2360 τὸν
502 2307 671 2378 Λόγον
713 2309 792 2372 εἰς
827 2309 1006 2381 σάρκα
1046 2307 1477 2380 μεταϐεϐλῆσθαι
1519 2307 1746 2379 νομίζοι,
1794 2308 1829 2382 ἢ

251 2397 466 2470 τροπὴν
495 2399 950 2470 ὑπομεμενηκότα
992 2399 1338 2472 ἀνειληφέναι
1386 2399 1485 2471 τὴν
1530 2399 1710 2470 σάρκα
1745 2398 1834 2454 λέ-

263 2505 346 2558 ξοι
381 2489 517 2559 (51),
551 2489 800 2561 ἀνάθεμα
827 2489 988 2545 ἔστω.

330 2583 476 2636 XIII.
517 2601 537 2635 ι
564 2582 633 2636 Εἴ
657 2599 761 2647 τις,
792 2583 880 2637 τὸν
911 2582 1175 2655 μονογενῆ
1199 2583 1326 2636 Υἱὸν
1355 2579 1450 2636 τοῦ
1480 2581 1614 2636 Θεοῦ
1643 2585 1834 2638 ἐσταυ-

247 2685 512 2746 ρωμενον
543 2675 775 2741 ἀκούων,
807 2675 904 2746 τὴν
932 2674 1160 2745 θεότητα
1182 2673 1344 2727 αὑτοῦ
1390 2673 1499 2745 (52)
1535 2673 1762 2746 φθοράν,
1794 2673 1830 2745 ἢ

255 2767 456 2831 πάθος,
488 2766 773 2839 ἤτροπὴν,
810 2768 844 2837 ἢ
892 2767 1136 2840 μείωσιν,
1175 2767 1210 2839 ἢ
1244 2766 1524 2839 ἀναίρεσιν
1558 2767 1835 2840 ὑπομεμε-

253 2857 486 2928 νηκέναι
513 2857 680 2927 λέγοι,
709 2857 955 2929 ἀνάθεμα
986 2857 1146 2912 ἔστω.

330 2942 478 2999 XIV.
519 2962 538 2996 ι
566 2945 633 2999 El
666 2963 749 3009 τις
795 2945 876 3009 τὸ,
929 2964 948 2998 ι
977 2947 1302 3018 Ποιήσωμεν
1351 2947 1655 3019 ἄνθρωπον,
1685 2967 1704 2998 ι
1759 2946 1835 3018 μὴ

1931 1857 2118 1917 postea
2149 1857 2204 1900 et
2230 1857 2424 1916 praeter
2453 1861 2539 1900 me
2559 1861 2665 1899 non
2695 1855 2779 1900 est
2809 1845 2952 1901 Deus
2971 1847 3036 1911 “,
3061 1866 3078 1898 ι
3116 1849 3259 1916 quod
3287 1849 3353 1901 ad
3385 1849 3498 1902 ido-

1930 1939 2128 2004 lorum,
2162 1939 2532 2007 falsorumque
2565 1938 2793 1993 deorum
2823 1939 3236 1994 subversionem
3287 1941 3492 1994 dictum

1928 2041 2034 2096 est,
2071 2030 2483 2087 subversionem
2527 2029 2825 2100 Unigcniti,
2868 2040 2993 2085 ante
3021 2032 3218 2085 sazcula
3247 2030 3363 2097 Dei,
3392 2029 3495 2086 Ju-

1931 2121 2086 2177 daico
2117 2138 2266 2177 more
2295 2125 2549 2194 accipiat,
2574 2123 2862 2178 anathema
2898 2124 2988 2177 sit.

2001 2204 2116 2270 XII.
2176 2233 2195 2266 ι
2228 2213 2286 2268 Si
2337 2217 2462 2286 quis
2515 2216 2692 2280 illud,
2755 2233 2774 2266 ι
2813 2213 3046 2269 Verbum
3107 2231 3236 2271 caro
3285 2215 3491 2274 factum

1935 2322 1956 2357 ι
1977 2315 2060 2360 est
2079 2305 2144 2370 ¹⁸,
2177 2323 2196 2357 ι
2220 2306 2468 2373 audiens,
2487 2303 2725 2361 Verbum
2755 2305 2809 2360 in
2830 2321 3050 2361 carnem
3082 2318 3348 2362 mutatum
3374 2325 3495 2364 esse

1930 2397 2250 2463 existimet,
2299 2406 2394 2452 aut
2441 2398 2801 2452 mutationem
2838 2398 3133 2468 quamdam
3166 2439 3181 2464 ,
3224 2398 3280 2453 in
3335 2415 3494 2455 assu—

1932 2490 2128 2544 mendo
2152 2505 2394 2555 carnem,
2431 2505 2653 2560 passum
2687 2503 2811 2544 esse
2842 2490 3006 2554 dicat,
3042 2490 3333 2546 anathema
3367 2493 3454 2546 sit.

1999 2579 2138 2635 XIII.
2193 2599 2212 2632 ι
2246 2579 2304 2635 Si
2354 2582 2479 2652 quis
2528 2581 2866 2652 unigenitum
2904 2581 3103 2636 Filium
3137 2581 3234 2637 Dei
3286 2584 3498 2639 cruciﬁ-

1932 2688 2061 2726 xum
2089 2670 2337 2737 audiens,
2378 2672 2715 2727 divinitatem
2757 2671 2876 2741 ejus
2903 2673 3327 2743 corruptionem,
3367 2690 3496 2745 pas-

1934 2763 2139 2818 sionem
2166 2801 2181 2827 ,
2235 2764 2590 2818 mutationem
2619 2803 2635 2831 ,
2697 2763 3117 2818 diminutionem
3151 2773 3246 2820 aut
3282 2766 3498 2821 destru-

1934 2856 2165 2911 ctionem
2198 2856 2434 2911 subiisse
2461 2855 2628 2919 dicat,
2660 2856 2949 2910 anathema
2985 2857 3072 2911 sit.

2004 2945 2144 3003 XIV.
2192 2966 2212 2998 ι
2253 2947 2310 3000 Si
2338 2947 2461 3016 quis
2489 2946 2642 3012 illud,
2693 2964 2712 2996 ι
2742 2945 3033 3002 Faciamus
3065 2947 3339 3004 hominem
3373 2950 3438 3015 “,
3472 2969 3490 3000 ›

251 3034 353 3088 τὸν
386 3035 606 3106 Πατέρα
649 3036 785 3107 πρὸς
812 3037 903 3090 τὸν
946 3037 1074 3092 Υἱὸν
1111 3037 1287 3106 λέγειν
1307 3077 1322 3102 ,
1365 3038 1478 3092 ἀλλ’
1512 3039 1671 3093 αὑτὸν
1699 3038 1829 3110 πρὸς

1960 3055 2044 3094 non
2073 3038 2285 3094 Patrem
2329 3038 2486 3111 Filio,
2520 3040 2614 3094 sed
2646 3040 2750 3095 sibi
2777 3040 2880 3110 ipsi
2911 3039 3080 3096 Deum
3118 3041 3322 3097 dixisse
3353 3042 3497 3097 aliir-
3563 3103 3568 3106 _

255 3124 456 3178 ἑαυτὸν
487 3124 633 3201 λέγοι
663 3127 754 3180 τὸν
788 3128 918 3182 Θεὸν
955 3129 1256 3201 εἰρηκέναι,
1285 3129 1532 3200 ἀνάθεμα
1565 3129 1724 3184 ἔστω.

333 3213 455 3268 XV.
492 3217 602 3290 (55)
638 3235 655 3268 ι
679 3218 748 3270 EI
769 3235 852 3282 τις
880 3218 953 3290 μὴ
985 3219 1076 3274 τὸν
1109 3219 1235 3273 Υἱὸν
1264 3220 1410 3290 λέγοι
1446 3220 1538 3274 τὸν
1586 3221 1836 3293 ’Λϐραάμ

253 3308 558 3379 ἑωρᾶσθαι,
588 3309 722 3363 ἀλλά
751 3310 842 3363 τὸν
869 3310 1159 3382 ἀγέννητον
1187 3310 1341 3377 Θεὸν,
1374 3311 1408 3382 ἢ
1449 3311 1615 3382 μέρος
1643 3311 1830 3369 αὑτοῦ.

253 3400 517 3470 ἀνάθεμα
551 3400 711 3454 ἔστω.

336 3484 480 3538 XVl.
515 3505 534 3538 ι
556 3487 622 3540 EI
644 3505 728 3551 τις
752 3487 829 3559 τῷ
862 3489 1054 3543 Ἰακὼϐ
1084 3489 1158 3561 μὴ
1183 3491 1274 3545 τὸν
1297 3490 1426 3545 Υίὸν
1451 3490 1528 3554 ὡς
1553 3489 1835 3561 ἄνθρωπον

259 3577 682 3643 πεπαλαικέναι,
736 3579 871 3634 ἀλλά
917 3581 1009 3634 τὸν
1057 3581 1352 3654 ἀγέννητον
1383 3581 1536 3647 Θεὸν,
1588 3581 1622 3652 ἢ
1671 3582 1836 3654 μέρος

257 3667 622 3740 αὖτοέιηλέγοι,
652 3669 900 3740 ἀνάθεμα
935 3669 1094 3724 ἔστω.

338 3761 503 3815 XVII.
544 3781 563 3815 ι
581 3764 650 3817 Et
675 3781 758 3827 τις
783 3764 868 3828 τὸ,
898 3783 917 3815 ι
941 3761 1168 3833 Ἕϐρεξε
1197 3761 1401 3834 Κύριος
1421 3761 1534 3836 πῦρ
1556 3763 1705 3837 παρὰ
1724 3765 1838 3818 Κυ-

267 3871 285 3902 ι
323 3851 464 3922 ρίου,
496 3870 515 3903 ι
559 3851 633 3924 μὴ
659 3853 751 3906 ἐπὶ
773 3852 868 3907 τοῦ
898 3854 1112 3925 Πατρὸς
1145 3855 1240 3908 καὶ
1269 3853 1363 3908 τοῦ
1403 3853 1533 3907 Υἱοῦ
1562 3854 1838 3926 ἐκλαμϐά-

259 3962 369 4006 νοι,
397 3944 512 3998 ἀλλ’
551 3945 712 3999 αὑτὸν
763 3949 894 4019 παρ’
928 3947 1120 4002 ἑαυτοῦ
1163 3946 1309 4016 λέγει
1349 3946 1682 4018 βεϐρεχέναι,
1708 3947 1840 4002 ἀνά-

261 4036 325 4087 (ia
336 4052 411 4104 μα
435 4035 606 4089 ἔστω·
638 4037 823 4110 ἔϐρεξε
852 4037 960 4111 γὰρ
990 4038 1192 4110 Κύριος
1217 4039 1246 4092 ό
1280 4038 1408 4103 Υἱὸς
1436 4037 1590 4110 παρά
1629 4039 1834 4110 Κυρίου

260 4125 363 4178 τοῦ
391 4125 624 4197 Πατρός.

342 4217 528 4272 XVIII.
566 4238 584 4270 ι
609 4220 676 4274 Et
699 4237 802 4286 τις,
833 4221 1044 4276 ἀκούων
1081 4222 1284 4296 Κύριον
1326 4221 1418 4275 τὸν
1455 4221 1698 4295 Πατέρα,
1743 4223 1839 4277 καὶ

263 4310 359 4362 τὸν
407 4310 533 4364 Υἰὸν
560 4311 784 4382 Κύριον,
835 4315 930 4366 καὶ
963 4314 1167 4386 Κύριον
1212 4314 1303 4366 τὸν
1331 4313 1554 4385 Πατέρα
1598 4315 1692 4366 καὶ
1745 4314 1838 4368 τὸν

264 4403 398 4454 Υἱὸν
423 4441 437 4464 ,
469 4402 586 4455 ἐπεὶ
626 4404 829 4474 Κύριος
863 4405 927 4458 ὲκ
956 4407 1158 4477 Κυρίου
1187 4405 1318 4476 (54),
1346 4405 1438 4458 δύο
1473 4405 1618 4474 λέγει
1647 4405 1834 4471 Θεοὺς,

1935 3129 2182 3193 maverit,
2218 3130 2506 3184 anathema
2539 3130 2630 3185 sit.

2003 3219 2122 3274 XV.
2169 3240 2187 3273 ι
2222 3219 2280 3275 Si
2305 3222 2430 3292 quis
2464 3221 2660 3277 dixerit
2689 3222 2967 3277 Abraham
3005 3239 3114 3278 non
3161 3225 3365 3281 vidisse
3404 3225 3498 3281 Fi-

1935 3312 2089 3376 lium,
2127 3313 2220 3368 sed
2252 3313 2550 3384 ingenitum
2587 3312 2760 3369 Deum
2799 3325 2895 3369 aut
2941 3325 3149 3386 partem
3191 3319 3330 3388 ejus,
3365 3332 3499 3374 ana-

1936 3405 2117 3459 thema
2150 3405 2239 3460 sit.

2003 3492 2143 3550 XVI.
2195 3513 2214 3546 ι
2246 3493 2303 3549 Si
2337 3495 2460 3564 quis
2499 3509 2626 3550 cum
2664 3493 2868 3552 Iacobo
2901 3512 3008 3552 non
3042 3496 3240 3552 Filium
3291 3499 3350 3554 ut
3403 3502 3499 3556 ho-

1935 3582 2138 3638 minem
2165 3585 2515 3639 colluctatum
2537 3601 2659 3642 esse
2680 3587 2844 3653 dicat,
2867 3587 2960 3642 sed
2981 3588 3280 3656 ingenitum
3302 3589 3497 3659 Deum,

1935 3684 2026 3729 aut
2052 3681 2258 3744 partem
2285 3677 2426 3747 ejus,
2456 3678 2745 3733 anathema
2775 3679 2864 3734 sit.

2006 3763 2170 3820 XVII.
2217 3783 2237 3817 ι
2269 3765 2326 3819 Si
2367 3768 2498 3835 quis
2529 3766 2680 3833 illud,
2723 3783 2744 3818 ι
2772 3765 2920 3821 Pluit
2957 3764 3222 3822 Dominus
3250 3783 3280 3822 a
3317 3766 3500 3824 Domi-

1942 3874 1962 3907 ι
1985 3871 2056 3910 no
2083 3857 2148 3924 ",
2173 3875 2194 3910 ι
2219 3871 2327 3910 non
2362 3857 2430 3911 de
2455 3856 2616 3912 Patre
2641 3872 2706 3913 ac
2740 3855 2879 3911 Filio
2907 3857 3159 3927 accipiat,
3196 3859 3286 3914 sed
3319 3860 3495 3930 ipsum

1935 3963 1966 4002 a
2009 3947 2187 4018 seipso
2229 3949 2436 4018 pluisse
2467 3949 2637 4015 dicat,
2683 3950 2972 4004 anathema
3024 3949 3144 4006 sit:
3186 3951 3324 4020 pluit
3349 3953 3494 4008 enim

1935 4037 2106 4095 Filius
2140 4038 2429 4110 Dominus,
2457 4055 2490 4095 a
2516 4039 2748 4096 Domino
2771 4039 2952 4096 Patre.

2003 4219 2193 4275 XVIII.
2233 4237 2252 4271 ι
2283 4218 2342 4273 Si
2391 4218 2516 4288 quis
2571 4218 2800 4274 audiens
2852 4217 3145 4274 Dominum
3197 4218 3412 4276 Patrem
3446 4232 3502 4277 et

1937 4314 2226 4369 Dominum
2256 4312 2477 4379 Filium,
2516 4321 2612 4366 ant
2642 4311 2930 4366 Dominum
2960 4309 3174 4366 Patrem
3207 4310 3500 4380 etFilium,

1936 4404 2098 4477 594
2113 4405 2255 4476 quod
2282 4403 2546 4460 Dominus
2574 4419 2637 4459 ex
2659 4403 2889 4460 Domino
2911 4405 3002 4468 sit,
3019 4407 3158 4460 duos
3175 4406 3316 4461 dicat
3336 4404 3499 4474 Deos,

267 4493 520 4564 ἀνάθεμα
541 4493 698 4550 ἔστω.
728 4499 802 4550 Οὐ
834 4496 942 4568 γὰρ
975 4499 1340 4569 συντάσσομεν
1368 4497 1497 4551 Υίὸν
1531 4496 1611 4566 τῷ
1641 4497 1829 4568 Πατρὶ,

1960 4501 2227 4552 matbema
2259 4505 2396 4550 esto.
2446 4493 2565 4548 Non
2615 4496 2758 4549 enim
2787 4494 2983 4550 Filium
3012 4512 3360 4567 exaequamns
3391 4497 3502 4553 Paw

267 4585 388 4638 ἀλλ’
432 4587 868 4658 ὑποτεταγμένον
902 4589 978 4659 τῷ
1015 4589 1210 4660 Πατρί.
1253 4586 1394 4642 Οὔτε
1433 4587 1540 4658 γὰρ
1574 4586 1840 4657 κατῆλθεν

269 4679 365 4732 ἐπὶ
395 4678 602 4749 Σόδομα
619 4680 730 4751 (55)
749 4680 876 4734 ἀνευ
895 4681 1087 4753 βουλῆς
1106 4681 1200 4735 τοῦ
1219 4680 1454 4752 Πατρὸς,
1474 4680 1596 4734 οὔτε
1623 4679 1840 4751 ἔϐρεξεν

269 4770 366 4837 ἀφ’
385 4768 600 4837 ἑαυτοῦ,
617 4769 754 4824 ἀλλά
793 4773 942 4844 παρὰ
969 4772 1172 4844 Κυρίου
1192 4813 1206 4838 ,
1233 4771 1616 4836 αὐθεντοῦντος
1639 4772 1840 4844 δηλαδὴ

1933 4589 2028 4653 tri,
2057 4588 2151 4642 sed
2181 4587 2458 4642 subditum
2489 4587 2566 4641 illi
2598 4602 2718 4642 esse
2741 4587 3110 4658 intelligimus.
3141 4587 3326 4668 Neque
3349 4589 3496 4644 enim

1936 4681 2056 4736 sine
2097 4680 2374 4735 voluntate
2415 4678 2593 4733 Patris
2631 4679 2910 4733 descendit
2959 4678 3253 4734 Sodomam
3276 4720 3290 4744 ,
3324 4695 3500 4750 neque

1936 4771 2074 4842 pluit
2098 4785 2130 4824 a
2163 4769 2478 4838 semetipso,
2507 4769 2599 4824 sed
2624 4784 2654 4824 a
2688 4768 2941 4834 Domino,
2973 4770 3026 4824 id
3053 4780 3136 4826 est
3189 4786 3287 4840 per
3315 4781 3503 4827 aucto-

343 4885 388 4916 “
428 4881 534 4938 Isa.
573 4898 717 4948 XLIV,
745 4882 800 4938 6.
879 4885 922 4916 “
957 4885 1115 4940 Joan.
1154 4901 1193 4952 ι,
1232 4884 1319 4939 14.
1403 4885 1448 4915 ¹⁶
1486 4882 1623 4939 Gen.
1660 4900 1700 4948 ι,
1744 4884 1829 4938 ‘26.

1998 4881 2133 4937 Gen.
2165 4896 2280 4946 xix,
2313 4879 2406 4934 24.

343 5070 457 5154 (ῳ)
495 5071 572 5154 Ita
608 5066 1067 5154 _Regius._Totns
1106 5063 1832 5154 hic“anathematismusuin

270 5133 449 5197 editis'
476 5142 644 5195 deest.
684 5133 895 5193 Socrat.
950 5151 1077 5191 vero
1121 5147 1176 5189 et
1206 5133 1452 5202 Nieeph.,
1501 5133 1833 5204 npocpoptzdv

271 5212 445 5279 Λόγον
474 5209 620 5278 λέγοι
648 5209 738 5264 τὸν
767 5208 914 5271 Υἱόν,
943 5217 998 5262 et
1021 5207 1094 5279 ita
1132 5207 1259 5279 Legit
1281 5204 1720 5279 Ililarius,_qualn
1755 5205 1833 5259 le-

269 5274 509 5336 ctionem
531 5274 685 5350 sequi
713 5280 890 5350 visum
920 5288 1021 5350 est.
1045 5275 1101 5329 In
1130 5274 1297 5350 Regio
1321 5275 1507 5350 Λόγον⁸
1518 5275 1690 5350 deest.

342 5351 456 5420 (50)
500 5341 709 5404 δορί-οι.
737 5357 799 5420 et
825 5348 1071 5417 Niceph.,
1099 5341 1279 5420 αὐτόν.
1317 5344 1420 5420 Sed
1446 5341 1833 5420 Hilariusetim

268 5411 574 5474 Athanasio
597 5420 744 5488 legit.
775 5411 1019 5489 Sequens
1047 5416 1532 5470 anathematismus
1559 5411 1700 5482 apud
1736 5411 1834 5466 Hi-

269 5492 468 5546 larium
500 5499 584 5544 est
613 5506 763 5544 xxm.
958 5545 962 5550 ,

344 5561 458 5630 (51)
497 5561 658 5630 Λέγοι
685 5563 836 5616 deest
863 5559 916 5613 in
948 5551 1492 5623 Soerat.etNiceph.,
1517 5555 1612 5608 sed
1636 5552 1833 5607 lectum

268 5629 474 5704 funal)
501 5629 727 5704 IIilario.
907 5700 920 5704 _
981 5698 992 5704 _
1150 5699 1160 5704 _
1256 5695 1276 5704 Α
1327 5695 1338 5704 ,
1571 5695 1584 5704 ,
1660 5692 1685 5702 ,
1739 5691 1799 5704 ,,,

235 5751 243 5756 ,
339 5701 456 5775 (52)
498 5699 706 5755 Socrat.
743 5715 851 5754 non
907 5698 1068 5754 habet
1112 5699 1208 5767 τὴν
1253 5695 1480 5751 θεότητα
1525 5692 1710 5749 αὐτοῦ.
1738 5691 1830 5747 Ni-

1935 5063 2114 5133 ceph.,
2144 5062 2284 5134 x_a't&
2310 5061 2407 5134 τὴν
2435 5062 2686 5134 θεότητα.

2007 5132 2121 5204 (55)
2161 5132 2332 5188 Totus
2365 5132 2468 5188 hic
2511 5132 2995 5189 anathematismus
3033 5135 3186 5191 deest
3212 5135 3354 5206 apud
3398 5135 3498 5193 Ni-

1934 5206 2117 5344 “(sl/2)
2159 5271 2381 5346 Socrat.
2403 5283 2458 5328 et
2498 5271 2746 5346 Niceph.,
2794 5275 2888 5328 καὶ
2921 5274 3123 5346 Κύριον
3155 5277 3248 5331 τὸν
3278 5278 3498 5346 Πατέρα

2008 5295 2117 5344 (σο)
2160 5295 2369 5328 δυοῖσι.
2403 5295 2458 5328 et
2499 5295 2746 5344 mcepn.,
2794 5295 2888 5328 και
2922 5295 3123 5346 Κύριον
3155 5295 3248 5331 τον
3278 5295 3423 5332 uate
3463 5297 3498 5333 α

1939 5347 2033 5419 καὶ
2059 5346 2150 5419 τὸν
2174 5345 2300 5419 Υίὸν
2329 5344 2494 5407 εἴποι,
2521 5346 2612 5398 καὶ
2645 5345 2844 5419 Κύριος
2879 5347 2942 5398 ὲκ
2969 5346 3173 5417 Κυρίου
3192 5347 3386 5416 λέγων,

1939 5413 2084 5482 λέγοι
2108 5414 2294 5476 Θεούς.
2732 5413 2750 5446 δ

2013 5486 2139 5559 (55).
2168 5486 2461 5559 Socrat.__et
2501 5485 2784 5559 hicephor.
2815 5485 3174 5559 minusrecte
3223 5486 3372 5559 οῦτει-
3393 5487 3501 5559 γὰρ

1942 5554 2207 5626 κατῆλθεν
2236 5558 2314 5618 εἰς
2340 5557 2518 5625 σῶμα,
2551 5556 2830 5609 nobiscum
2863 5556 2988 5627 legit
3010 5555 3245 5612 Hilarius
3277 5577 3288 5610 :
3322 5554 3501 5630 Neque

1942 5627 2076 5678 enim
2105 5625 2367 5678 descendit
2400 5628 2452 5678 in
2489 5624 2792 5678 Sodommn.

1940 5642 2076 5679 emm
2105 5641 2367 5680 aescendit
2400 5643 2452 5678 ιη
2489 5641 2792 5680 δοαοιηιιηι.
