3822 6226
290 189 393 247 ἹΞΘ

783 197 796 219 ⁵
848 195 904 252 S.
945 199 1314 260 ATHANASII
1352 203 1501 262 OPP.
1532 203 1713 260 PARS
1750 205 1793 260 l.
1827 233 1898 246 —
1936 200 2306 258 HISTORICA
2339 199 2429 256 ET
2469 197 2885 256 DOGMATICA.

3410 198 3521 253 740

270 320 488 376 ritatem
520 321 731 389 Patris;
765 339 944 396 neque
992 329 1144 384 sedet
1188 332 1255 387 ad
1297 334 1572 394 dexteram
1612 339 1791 399 Patris
1818 358 1843 398 a

1973 323 2042 379 τοῦ
2092 323 2304 395 Πατρός
2329 341 2342 353 ·
2378 322 2502 376 οὕτε
2541 321 2772 392 κάθηται
2821 322 2884 373 ἐκ
2928 316 3116 383 δεξιῶν
3154 317 3248 388 ἀφ’
3298 320 3523 388 ἑαυτοῦ,

263 413 582 484 semetipso,
623 417 716 470 sed
759 420 911 474 audit
947 419 1164 478 Patrem
1205 425 1471 485 dicentem
1513 449 1528 486 :
1576 451 1596 486 ι
1643 433 1781 492 Sede
1815 446 1849 493 a

269 523 292 557 ι
337 505 544 563 dextris
582 511 717 565 meis
758 511 820 562 ¹⁸.
871 531 890 563 ›

354 599 496 654 XIX.
537 617 557 652 ι
592 598 649 652 Si
699 597 825 668 quis
873 595 1089 651 Patrem
1141 603 1194 650 et
1229 593 1428 648 Filium
1487 601 1543 649 et
1583 593 1848 665 Spiritum

283 701 555 757 sanctum,
586 705 750 744 unam
780 703 1071 760 personam
1102 687 1270 754 dicat,
1301 687 1592 742 anathema
1632 687 1722 743 sit.

356 875 473 930 XX.
515 893 534 926 ι
571 873 626 928 Si
657 872 783 944 quis
821 869 1086 942 Spiritum
1119 877 1369 924 sanctum
1396 868 1738 923 Paracletum
1767 867 1852 923 di-

283 983 433 1032 cens,
471 967 768 1037 ingenitum
812 962 983 1017 Deum
1016 963 1232 1028 dixerit,
1260 962 1551 1016 anathema
1586 961 1675 1014 sit.

351 1057 492 1112 XXI.
531 1075 550 1109 ι
586 1056 643 1110 Si
683 1057 808 1125 quis
833 1096 847 1120 ,
885 1063 946 1108 ut
1001 1071 1101 1109 nos
1139 1053 1325 1108 docuit
1379 1051 1646 1105 Dominus
1674 1091 1688 1115 ,
1741 1066 1850 1105 non

283 1151 450 1204 alium
489 1148 829 1202 Paracletum
858 1145 1006 1200 dicat
1041 1153 1238 1215 prater
1265 1143 1488 1207 Filium,
1524 1143 1848 1196 dixitenim:

287 1258 307 1291 ι
342 1242 408 1295 Ει
439 1239 607 1294 alium
644 1237 986 1292 Paracletum
1039 1237 1217 1290 mittet
1253 1235 1410 1290 vobis
1451 1234 1609 1290 Pater
1638 1275 1653 1301 ,
1689 1250 1850 1305 quem

286 1350 307 1384 ι
341 1348 443 1401 ego
481 1331 684 1402 rogabo
712 1331 777 1397 ¹⁹,
811 1349 828 1381 ›
868 1330 1156 1384 anathema
1185 1328 1276 1384 sit.

351 1426 516 1481 XXII.
563 1445 582 1476 ι
617 1427 675 1480 Si
722 1426 845 1496 quis
879 1424 1142 1494 Spiritum
1199 1432 1448 1480 sanctum
1489 1431 1697 1494 partem
1747 1421 1851 1477 Pa-

285 1520 384 1574 tris
415 1528 510 1573 aut
538 1518 660 1573 Filii
693 1517 912 1582 dixerit,
956 1517 1244 1571 anathema
1280 1517 1372 1571 sit.

349 1611 536 1668 XXIII.
581 1631 599 1663 (
633 1611 688 1666 Si
736 1612 860 1682 quis
897 1610 1113 1665 Patrem
1157 1619 1212 1666 et
1254 1610 1450 1664 Filium
1496 1618 1551 1664 et
1590 1607 1849 1682 Spiritum

281 1714 531 1762 sanctum
567 1713 676 1760 tres
705 1704 847 1761 Deos
877 1703 1095 1769 dixerit,
1130 1703 1421 1758 anathema
1447 1703 1539 1757 sit.

349 1887 540 1943 XXIV.
578 1907 597 1939 ι
629 1887 686 1942 Si
726 1888 852 1958 quis
886 1888 1168 1942 voluntate
1211 1885 1328 1952 Dei,
1355 1895 1415 1940 ut
1457 1899 1621 1939 unam
1659 1899 1725 1938 ex
1763 1899 1851 1940 rc-

281 1983 386 2038 bus
421 1982 579 2037 factis
621 1981 822 2035 Filium
850 1979 945 2034 Dei
973 1977 1174 2034 factum
1212 1993 1335 2033 esse
1373 1976 1591 2040 dixerit,
1622 1976 1852 2031 anathe-

276 2088 365 2128 ma
393 2074 482 2126 sit.

351 2162 516 2218 XXV.
558 2181 578 2214 ι
613 2161 668 2217 Si
701 2161 826 2232 quis
859 2159 1056 2216 Filium
1099 2175 1208 2215 non
1247 2160 1463 2216 volente
1494 2159 1655 2215 Patre
1694 2158 1848 2228 geni-

276 2265 392 2310 tum
427 2268 547 2310 esse
583 2253 747 2316 dicat,
781 2253 1074 2307 anathema
1123 2252 1216 2308 sit.
1258 2250 1377 2307 Non
1435 2254 1581 2308 enim
1625 2261 1849 2306 coactus

274 2343 453 2407 Pater,
481 2343 566 2398 vel
603 2343 842 2397 naturali
891 2341 1217 2397 necessitate
1255 2344 1475 2408 ductus,
1509 2358 1633 2397 cum
1684 2341 1851 2396 nollet

273 2435 461 2506 genuit
489 2433 689 2489 Filium
726 2453 740 2488 :
782 2433 877 2490 sed
904 2434 1072 2489 simul
1102 2450 1167 2489 ac
1194 2435 1389 2501 voluit,
1425 2435 1545 2490 sine
1574 2443 1846 2505 tempore,

273 2537 329 2583 et
355 2527 476 2583 sine
510 2527 768 2597 passione
805 2540 872 2580 ex
901 2539 959 2580 se
988 2525 1230 2596 genitum
1264 2525 1416 2581 illum
1449 2525 1635 2582 edidit.

345 2695 539 2752 XXVI.
575 2715 596 2749 ι
624 2697 682 2752 Si
733 2698 860 2768 quis
911 2698 1214 2768 ingenitum
1251 2708 1305 2754 et
1345 2699 1612 2770 principio
1657 2714 1849 2754 caren-

276 2797 383 2842 tem
413 2789 613 2844 dixerit
641 2788 838 2844 Filium
865 2829 881 2848 .
917 2789 994 2844 ita
1030 2799 1089 2845 ut
1129 2791 1239 2845 duo
1277 2791 1549 2861 principio
1581 2793 1846 2856 carentia,

272 2891 331 2933 et
357 2879 467 2933 duo
513 2879 754 2950 ingenita
798 2881 944 2935 dicat
974 2922 990 2948 ,
1025 2881 1274 2952 duosque
1307 2880 1447 2937 Deos
1484 2881 1670 2946 faciat,
1717 2897 1848 2935 ana-

277 2972 462 3025 thema
502 2971 591 3026 sit.
631 2970 808 3041 Caput
846 2972 990 3026 enim
1040 2973 1186 3043 quod
1221 2982 1304 3028 est
1346 2974 1672 3043 principium
1728 2987 1846 3027 om-

273 3063 426 3118 nium
448 3061 627 3117 Filius
658 3037 743 3118 est
771 3081 787 3131 ;
843 3073 1005 3134 caput
1051 3037 1183 3120 vero
1211 3037 1364 3134 quod
1402 3074 1486 3120 est
1515 3037 1840 3135 principium
1871 3037 1913 3094 θ’

275 3154 502 3219 Christi,
534 3152 679 3209 Deus
706 3165 828 3221 est;
869 3156 943 3208 ita
982 3155 1126 3209 enim
1157 3156 1222 3210 ad
1264 3171 1457 3218 unum,
1497 3158 1590 3227 qui
1618 3168 1701 3212 est
1727 3158 1843 3212 sine

271 3246 542 3317 principio
593 3247 838 3301 omnium
880 3247 1232 3318 principium,
1276 3250 1460 3303 omnia
1505 3265 1600 3319 per
1644 3248 1842 3303 Filium

271 3336 361 3408 pie
388 3335 704 3391 referimus.

343 3426 553 3482 XXVII.
591 3446 612 3480 ι
641 3427 708 3481 Et
739 3428 938 3482 iterum
970 3428 1383 3484 Christianismi
1409 3429 1732 3484 sententiam
1763 3444 1846 3483 ac-

269 3528 460 3574 curate
485 3527 821 3590 exponentes
848 3520 1118 3576 dicimus:
1154 3520 1212 3574 Si
1238 3520 1364 3590 quis
1394 3521 1670 3589 negaverit
1693 3519 1849 3575 Chri-

270 3621 416 3666 stum
441 3608 637 3674 Deum,
679 3609 877 3665 Filium
911 3610 1005 3666 Dei
1036 3626 1159 3666 esse
1189 3620 1318 3665 ante
1363 3613 1583 3679 saecula,
1614 3622 1667 3666 et
1701 3611 1846 3666 Patri

267 3702 342 3756 ad
377 3702 760 3757 universorum
813 3703 1148 3758 creationem
1186 3704 1577 3770 ministrasse;
1632 3704 1726 3758 sed
1778 3720 1846 3758 ex

267 3807 382 3861 quo
411 3799 656 3863 tempore
707 3808 776 3847 ex
818 3792 991 3848 Maria
1021 3795 1238 3864 genitus
1284 3804 1367 3849 est
1397 3835 1412 3861 ,
1465 3793 1743 3850 Christum
1783 3809 1848 3850 ac

269 3881 470 3937 Filium
495 3883 829 3953 appellatum
866 3883 1060 3954 fuisse,
1095 3892 1151 3939 et
1192 3895 1324 3941 tunc
1365 3885 1634 3956 incepisse
1673 3885 1844 3941 Deum

268 3989 412 4041 esse,
441 3976 730 4029 anathema
769 3976 858 4030 sit.
901 3993 922 4029 ι

345 4065 438 4121 28.
469 4064 569 4122 llis
624 4067 881 4122 omnibus
931 4067 1189 4137 rejectis,
1245 4067 1408 4138 quasi
1465 4071 1847 4137 przestantiora

269 4159 696 4229 excogitaSsent,
747 4159 873 4214 ﬁdei
923 4159 1228 4215 doctrinam
1279 4158 1683 4232 formulamque
1736 4175 1848 4220 sta-

273 4257 454 4316 tuunt,
507 4258 561 4304 et
593 4249 712 4304 haec
740 4247 929 4303 Sirmii
959 4247 1153 4304 Latine
1180 4250 1470 4316 scribunt,
1506 4268 1626 4322 quae
1663 4253 1848 4311 Graece

272 4342 540 4399 translata
570 4349 700 4397 sunt
737 4359 751 4395 :

347 4452 370 4488 ι
397 4434 535 4489 Cum
565 4433 828 4488 nonnulla
856 4439 1142 4504 putaretur
1175 4447 1298 4489 esse
1338 4433 1407 4489 de
1435 4433 1540 4490 ﬁde
1569 4435 1840 4507 discepta-

343 4592 390 4626 “
427 4589 577 4645 Psal.
604 4606 716 4658 crx,
744 4591 798 4647 I.
896 4591 918 4623 ⁸
956 4590 1115 4647 Joan.
1152 4607 1270 4657 xxv,
1294 4591 1362 4646 I6

343 4732 457 4806 (56)
474 4729 556 4806 In
575 4731 1139 4806 editis_Athanasii_et
1163 4732 1219 4786 in
1246 4731 1674 4806 m_ss._m_ale__hic
1698 4731 1842 4806 lege-

273 4800 446 4860 natur
463 4801 711 4873 ἀνάθεμα
743 4801 903 4867 ἔστω,
933 4801 1079 4873 quod
1125 4817 1253 4857 cum
1284 4802 1426 4858 desit
1459 4803 1514 4857 in
1538 4800 1776 4872 Νἰοθριιῖ
1789 4810 1844 4857 et

273 4874 502 4937 Hilario,
531 4881 873 4942 expunctum
895 4883 998 4928 est.

345 4943 458 5014 (57)
496 4940 714 5014 _Soct‘at.
742 4951 806 5014 et
829 4940 1082 5014 Niceph.,
1112 4941 1282 5014 λέγοι.

342 5011 478 5085 (58)
495 5011 696 5084 Regius
742 5012 888 5085 λέγει
948 5011 1120 5085 solus.
1163 5011 1382 5085 Infra__6
1432 5012 1636 5085 Κύριος
1666 5011 1844 5085 deest

272 5081 753 5173 apudﬁocr'atem,
780 5081 937 5153 cujus
983 5083 1104 5138 loco
1132 5084 1274 5154 apud
1307 5081 1538 5154 Niceph.
1577 5083 1773 5153 legitur
1805 5083 1840 5154 ή

271 5155 300 5207 Ι
317 5155 695 5306 ρέἵῖὶῗξὶθείυε
723 5223 894 5306 solus,
917 5223 1085 5292 λέγει.
1119 5221 1242 5278 Mox
1269 5221 1482 5280 Socrat.
1510 5231 1565 5278 et
1589 5221 1838 5291 Niceph.,

178 5361 180 5364 ν
271 5293 428 5359 ωςίὲν
456 5293 564 5346 τῶν
584 5293 932 5364 ζτισμάτων.

346 5364 458 5436 (60)
497 5363 572 5436 Ita
599 5361 738 5436 Reg.
763 5363 971 5419 Socrat.
998 5372 1053 5420 et
1076 5361 1300 5436 Niceph.
1333 5361 1474 5436 Εὐξξί
1502 5377 1652 5436 vero,
1680 5379 1839 5432 γεγε-

275 5430 486 5507 νῆσθσίι.
512 5433 635 5488 Mox
663 5433 900 5507 Socrat.,
933 5435 1168 5505 φυσικῆς
1202 5430 1376 5500 αὖθις.
1407 5430 1629 5504 Niceph.
1671 5430 1842 5488 totum

275 5504 422 5560 hunc
448 5504 626 5558 locum
661 5505 899 5558 invertit.

346 5575 457 5645 (6|)
499 5573 630 5646 Reg.
650 5572 876 5646 Socrat.
909 5583 963 5631 et
990 5574 1238 5646 Niceph.,
1266 5575 1341 5640 ὡς
1366 5574 1464 5628 οὐκ
1483 5573 1691 5646 ἢθελεν.
1717 5572 1844 5629 Edi-

273 5642 336 5714 Ii,
357 5642 446 5710 ’ὡς
479 5645 578 5698 οὐκ
591 5642 888 5715 ἠθέλησεν.

1949 416 2065 471 ἀλλ’
2122 416 2308 470 ἀκούει
2365 415 2615 484 λέγοντος
2669 413 2764 467 τοῦ
2819 411 3031 482 Πατρός
3069 427 3083 440 ·
3155 429 3175 462 ι
3217 411 3401 465 Κάθου
3459 414 3524 466 ἐκ

1953 527 1972 561 ι
2010 508 2197 575 δεξιῶν
2223 525 2322 579 μου
2360 507 2492 579 (56).
2529 525 2568 558 ι·

2018 602 2162 655 ΧΙΧ.
2210 621 2228 652 ι
2249 601 2317 654 Εἴ
2342 617 2425 664 τις
2465 598 2555 653 τὸν
2587 597 2840 668 Πατέρα,
2885 595 2980 649 καὶ
3015 595 3108 650 τὸν
3143 595 3293 660 Υἱὸν,
3334 593 3433 647 καὶ
3466 594 3527 647 τὸ

1950 696 2103 760 ἆγιον
2160 694 2387 766 Πνεῦμα
2437 691 2496 747 ἓν
2546 692 2837 762 πρόσωπον
2885 689 3032 757 λέγει
3077 688 3226 759 (57),
3273 688 3529 757 ἀνάθεμα

1942 787 2108 840 ἔστω.

2021 876 2139 931 XX.
2181 877 2292 930 «Εἴ
2320 893 2426 941 τις,
2478 873 2540 926 τὸ
2589 871 2816 943 Πνεῦμα
2859 871 2922 924 τὸ
2963 871 3116 940 ἅγιον
3167 866 3530 939 Παράκλητον

1949 970 2143 1039 λέγων,
2165 970 2256 1022 τὸν
2284 953 2575 1039 ἀγέννητον
2596 967 2744 1035 λέγοι
2769 965 2900 1018 Θεὸν
2929 965 3064 1035 (58),
3095 963 3342 1032 ἀνάθεμα
3364 961 3524 1013 ἔστω.

2023 1061 2163 1116 XXI.
2201 1081 2219 1114 ι
2247 1063 2315 1116 Et
2341 1079 2446 1125 τις,
2478 1060 2554 1123 ὡς
2583 1058 2822 1123 ἐδίδαξεν
2856 1059 3001 1129 ἡμᾶς
3025 1059 3054 1109 ὁ
3079 1055 3302 1126 Κύριος,
3331 1054 3407 1125 μὴ
3433 1053 3528 1106 ἆλ-

1949 1155 2040 1208 λον
2076 1154 2225 1223 λέγοι
2271 1153 2360 1206 τὸν
2409 1153 2765 1223 Παράκλητον
2815 1150 2966 1222 παρά
3003 1151 3096 1202 τὸν
3127 1149 3285 1202 Υἱόνο
3334 1149 3526 1218 εἴρηκε

1951 1246 2060 1318 γάρ
2087 1264 2100 1276 ·
2141 1264 2159 1296 ι
2193 1245 2304 1298 Καὶ
2336 1243 2881 1321 ἀλλονὶΠαράκλητον
2918 1242 3122 1312 πέμψει
3157 1241 3285 1311 ὑμῖν
3328 1242 3356 1292 6
3408 1239 3527 1291 Πα-

1957 1360 1976 1392 ι
2013 1341 2136 1412 τὴρ,
2167 1339 2226 1392 ὃν
2251 1341 2509 1410 ἐρωτήσω
2541 1336 2673 1406 ἐγὼ,
2694 1356 2712 1389 ι
2754 1337 3000 1406 ἀνάθεμα
3033 1335 3192 1387 ἔστω.

2020 1432 2188 1484 X-Xll.
2220 1449 2238 1480 ι
2265 1431 2332 1483 Ei’
2355 1447 2438 1492 τις
2461 1429 2522 1482 τὸ
2543 1427 2766 1498 Πνεῦμα
2789 1427 2850 1480 τὸ
2879 1428 3033 1495 ἆγιον
3059 1427 3222 1497 μέρος
3251 1424 3400 1493 λέγοι
3429 1420 3525 1475 τοῦ

1949 1521 2183 1593 Πατρὸς,
2211 1521 2245 1592 ἢ
2277 1521 2368 1574 τοῦ
2400 1519 2552 1585 Υἱοῦ,
2579 1519 2826 1590 ἀνάθεμα
2853 1517 3010 1570 ἔστω.

2022 1614 2215 1666 XXIII.
2255 1629 2273 1662 ι
2299 1611 2366 1664 EI
2393 1628 2478 1674 τις
2505 1611 2599 1663 τὸν
2627 1609 2868 1681 Πατέρα,
2903 1608 2998 1662 καὶ
3023 1607 3113 1660 τὸν
3149 1605 3299 1671 Υἱὸν,
3335 1605 3431 1658 καὶ
3465 1608 3531 1661 τὸ

1878 1684 1922 1739 Β
1953 1706 2106 1775 ἆγιον
2151 1703 2376 1776 Πνεῦμα
2431 1706 2581 1776 τρεῖς
2651 1702 2799 1770 λέγοι
2835 1701 2946 1773 (59)
2997 1700 3202 1763 Θεοὺς,
3274 1699 3530 1770 ἀνάθεμα

1859 1833 1862 1836 ~
1947 1795 2109 1848 ἔστω.

1957 1922 1962 1926 ~
2019 1886 2203 1942 XXIV.
2241 1905 2260 1938 ι
2286 1886 2354 1940 Εἴ
2372 1903 2457 1949 τις
2488 1885 2737 1957 βουλήσει
2763 1882 2859 1937 τοῦ
2885 1883 3018 1937 Θεοῦ
3049 1883 3124 1947 ὡς
3147 1883 3204 1937 ἓν
3225 1883 3333 1936 τῶν
3361 1899 3525 1952 ποιη-

1951 1981 2137 2053 μάτων
2169 1979 2450 2050 γεγονέναι
2477 1977 2628 2046 λέγοι
2657 1977 2748 2032 τὸν
2776 1977 2903 2030 Υἱὸν
2946 1974 3041 2029 τοῦ
3074 1974 3229 2037 Θεοῦ,
3274 1974 3528 2045 ἀνάθεμα

1948 2074 2110 2128 ἔστω.

2017 2163 2186 2220 X-XV.
2228 2183 2247 2215 ι
2271 2165 2339 2217 Εἴ
2369 2179 2452 2226 τις
2498 2160 2572 2232 μὴ
2615 2160 2939 2231 θελήσαντος
2973 2159 3068 2212 τοῦ
3098 2159 3310 2230 Πατρὸς
3337 2175 3528 2228 γεγεν-

1946 2259 2143 2331 νῆσθαι
2166 2256 2275 2328 (60)
2303 2255 2450 2324 λέγοι
2489 2255 2578 2307 τὸν
2620 2253 2772 2316 Υἱὸν,
2819 2251 3069 2322 ἀνάθεμα
3103 2251 3262 2303 ἐστω.
3304 2251 3380 2302 Οὐ
3414 2251 3527 2320 γὰρ

1948 2350 2188 2422 βιασθεὶς
2221 2350 2248 2402 6
2278 2343 2470 2419 Πατὴρ
2507 2345 2612 2398 ὑπὸ
2639 2345 2884 2415 ἀνάγκης
2922 2344 3153 2414 φυσικῆς
3192 2340 3399 2412 ἀχθεὶς,
3447 2341 3527 2405 ὡς

1945 2443 2046 2495 οὐκ
2077 2439 2267 2512 ήθελεν
2310 2436 2458 2508 (61),
2507 2435 2764 2506 ἐγέννησε
2809 2433 2899 2487 τὸν
2943 2434 3090 2498 Υἱὸν,
3146 2432 3259 2486 ἀλλ’
3306 2433 3424 2503 ἅμα
3462 2449 3527 2486 τι

1945 2532 2240 2604 ἠϐουλήθη,
2275 2532 2369 2583 καὶ
2407 2529 2652 2601 ἀχρόνως
2701 2527 2794 2581 καὶ
2832 2513 3059 2589 ἀπαθῶς
3103 2525 3161 2592 ἐξ
3202 2523 3395 2578 ἐαυτοῦ
3429 2524 3529 2578 αῦ-

1946 2623 2034 2677 τὸν
2066 2623 2330 2693 γεννήσας
2363 2617 2635 2683 ἐπέδειξεν
2670 2614 2802 2690 (62).

2020 2711 2209 2768 XXVI.
2253 2713 2359 2766 «Εἴ
2391 2729 2477 2775 τις
2517 2711 2812 2780 ἀγέννητον
2849 2711 2943 2763 καὶ
2973 2710 3205 2778 ἄναρχον
3244 2708 3394 2777 λέγοι
3433 2708 3527 2762 τὸν

1946 2806 2095 2869 Υἱὸν,
2136 2806 2210 2864 ὡς
2234 2805 2328 2858 δύο
2361 2805 2573 2873 ἀναρχα
2601 2803 2696 2856 καὶ
2745 2801 2837 2854 δύο
2885 2803 3156 2872 ἀγέννητα
3196 2801 3393 2870 λέγων,
3429 2803 3526 2854 καὶ

1945 2900 2038 2954 δύο
2069 2899 2236 2952 ποιῶν
2285 2898 2452 2960 Θεοὺς
2481 2935 2495 2960 ,
2543 2894 2793 2965 ἀνάθεμα
2825 2894 2985 2947 ἔστω.
3039 2893 3264 2964 Κεφαλὴ
3315 2893 3456 2964 γὰρ,
3494 2893 3524 2946 ὃ

1946 2992 2095 3044 ἐστιν
2122 2989 2263 3061 ἀρχὴ
2286 2989 2522 3052 πάντων,
2550 2989 2579 3041 6
2618 2987 2746 3051 Υἱός
2767 3005 2779 3018 ’
2808 2985 3017 3058 κεφαλὴ
3044 2985 3121 3049 δὲ,
3152 2986 3180 3039 ὃ
3203 2987 3350 3037 ἐστιν
3377 2984 3524 3054 ἀρχὴ

1945 3079 2038 3133 τοῦ
2070 3076 2328 3151 Χριστοῦ,
2363 3079 2392 3130 6
2421 3077 2554 3139 Θεός
2580 3075 2712 3146 (65)⁶
2759 3074 2903 3128 οὕτω
2939 3073 3046 3146 γὰρ
3085 3073 3165 3137 εξς
3199 3073 3324 3144 μίαν
3350 3073 3523 3144 ἀναρ-

1947 3189 2042 3243 χον
2069 3171 2178 3224 τῶν
2201 3171 2337 3225 ὅλων
2360 3168 2536 3241 ἀρχὴν
2561 3168 2630 3220 δι’
2655 3165 2786 3220 Υἱοῦ
2818 3165 3057 3230 εὐσεϐῶς
3097 3164 3166 3218 τά
3200 3164 3376 3217 πάντα
3426 3163 3526 3217 ἀν-

1947 3263 2169 3334 άγομεν.

2014 3440 2232 3495 XXVII.
2277 3459 2296 3492 ι
2337 3440 2446 3493 Καὶ
2490 3437 2653 3492 πάλιν
2703 3431 3210 3505 συνδιακριὸοῦντες
3255 3430 3364 3501 (66)
3427 3430 3524 3482 τοῦ

1945 3529 2370 3606 Χριστιανισμοῦ
2403 3531 2501 3601 τὴν
2525 3529 2734 3582 ἔννοιαν
2761 3527 3013 3596 λέγομεν,
3044 3525 3147 3589 ὅτι,
3170 3521 3241 3576 Εἴ
3279 3539 3375 3584 τις·
3397 3523 3529 3590 Χρι-

1949 3627 2071 3678 στὸν
2096 3625 2226 3678 Θεὸν
2252 3625 2380 3677 Υἱὸν
2413 3622 2506 3675 τοῦ
2535 3620 2668 3674 Θεοῦ
2691 3618 3016 3690 προαιὼνιον
3035 3617 3183 3679 ὄντα,
3211 3616 3304 3668 καὶ
3327 3615 3526 3684 ὑπουρ-

1946 3715 2156 3786 γηκότα
2177 3713 2255 3784 τῷ
2284 3712 2462 3784 Πατρὶ
2486 3714 2565 3775 εἰς
2597 3711 2696 3782 τὴν
2727 3708 2833 3760 τῶν
2878 3706 3015 3760 ὅλων
3047 3702 3409 3774 δημιουργίαν
3446 3703 3522 3771 μὴ

1947 3807 2127 3875 λέγοι⁶
2155 3804 2272 3857 ἀλλ’
2305 3803 2364 3868 ἐξ
2401 3797 2460 3857 οὗ
2499 3805 2562 3856 ἐκ
2600 3800 2820 3872 Μαρίας
2854 3798 3137 3868 ἐγεννήθη,
3174 3798 3239 3850 ἐκ
3267 3797 3389 3849 τότε
3429 3796 3524 3849 καὶ

1945 3896 2182 3968 Χριστὸν
2201 3896 2294 3949 καὶ
2316 3894 2443 3947 Υἱὸν
2477 3891 2792 3963 κεκλῆσθαι,
2815 3891 2908 3944 καὶ¹
2933 3890 3106 3962 ἀρχὴν
3129 3887 3408 3959 εἰληφέναι
3425 3885 3523 3940 τοῦ

1947 3987 2078 4041 Θεὸν
2107 3983 2263 4051 εἶναι,
2289 3985 2536 4056 ἀνάθεμα
2559 3985 2697 4037 ἔστω
2725 3983 2890 4055 (65).ι

2017 4079 2108 4134 28.
2140 4077 2326 4132 Ταῦτα
2358 4077 2536 4130 πάντα
2557 4075 2945 4148 παρωσάμενοι
2964 4087 2981 4104 ⁶
3031 4071 3125 4125 καὶ
3163 4069 3353 4140 ὥσπερ
3398 4066 3520 4139 βελ-

1948 4172 2100 4225 τίονα
2122 4170 2528 4241 ἐπινοήσαντες,
2564 4166 2981 4238 δογματίζουσιν
3007 4164 3173 4232 ἄλλην
3198 4162 3400 4224 πίστιν,
3428 4159 3524 4213 καὶ

1948 4263 2217 4332 γράφουσι
2239 4259 2411 4314 ταῦτα
2439 4262 2496 4313 ἐν
2531 4260 2741 4331 Σιρμίῳ
2774 4255 3070 4326 Ῥωμαϊστὶ
3107 4255 3224 4325 μὲν,
3258 4254 3524 4323 ἑρμηνευ-

1878 4385 1922 4440 D
1950 4354 2110 4408 θέντα
2132 4353 2191 4406 δὲ
2226 4352 2541 4423 Ἑλληνιστί·

2023 4444 2134 4515 (66)
2173 4461 2192 4494 ι
2233 4443 2450 4514 Ἐπειδὴ
2480 4443 2609 4515 περὶ
2633 4441 2870 4502 πίστεως
2903 4437 3050 4502 ἔδοξέ
3089 4453 3209 4488 τινα
3238 4431 3523 4501 διάσκεψιν

2019 4730 2130 4802 (62)
2173 4731 2408 4795 Socrat.,
2440 4731 2738 4796 ἀπέδειξεν.
2767 4729 3070 4802 Posthanc
3098 4744 3284 4802 vocem
3315 4729 3445 4802 editi
3470 4741 3527 4785 et

1949 4799 2163 4858 codices
2195 4803 2496 4864 Athanasii.
2528 4803 2764 4870 itemque
2790 4801 2919 4855 editi
2954 4799 3107 4870 Sqqr.
3135 4800 3524 4870 addunt,6vd-

1950 4872 2090 4940 θεμα
2115 4872 2273 4926 ἔστω.
2310 4873 2413 4926 Sed
2444 4873 2557 4926 haec
2589 4868 2712 4925 cum
2743 4871 2923 4924 absint
2958 4885 2988 4923 a
3016 4869 3242 4938 Niceph.
3266 4879 3320 4924 et
3346 4868 3521 4924 Hilar.

1947 4943 2196 5010 maleque
2222 4943 2395 5010 posita
2422 4944 2549 5003 sint,
2581 4941 2965 5008 expunximus.

2019 5007 2130 5082 (65)
2173 5007 2386 5066 socrat.
2413 5022 2466 5066 et
2497 5007 2747 5082 Niceph.,
2777 5010 3002 5082 Κεφαλὴ
3022 5008 3131 5080 γάρ
3157 5010 3270 5082 ἐστι
3298 5007 3524 5082 ξαὶ-ἀρ-

1943 5077 2262 5152 χήπάντων
2286 5085 2315 5136 6
2345 5083 2491 5144 Υἱός.
2519 5077 2844 5151 Nicéph.,'0
2873 5077 3043 5141 856:,“
3069 5077 3277 5148 κεφαλὴ
3312 5077 3369 5130 δέ
3402 5077 3526 5131 ἐστι

1944 5152 2310 5224 τοῦᾼΧριστοῦ
2338 5155 2367 5205 6
2388 5152 2540 5224 Θεός.

2018 5216 2141 5293 (64)
2173 5221 2387 5277 Socrat.
2419 5232 2473 5293 et
2493 5221 2742 5290 Niceph.,
2769 5216 2861 5276 οὖν
2886 5216 3529 5293 διακριϐοῦντεςη-Ριιιιξο

1985 5287 2072 5345 ost
2094 5287 2306 5346 Socrat.
2339 5304 2391 5347 et
2422 5287 2672 5355 Niceph.,
2710 5294 2790 5345 ὅτι
2841 5291 2894 5344 εἴ
2931 5287 3028 5354 τις
3046 5289 3279 5360 Χριστὸν
3316 5287 3528 5358 Ἰησοῦν

1999 5362 2210 5436 ἱὸν-τοῦ
2230 5361 2365 5415 Θεοῦ
2399 5363 2505 5436 πρὸ
2533 5361 2742 5436 gldiva
2772 5362 2920 5416 ὅντα.

2023 5431 2134 5502 (65)
2177 5430 2390 5486 Socrat.
2439 5426 2494 5486 et
2540 5429 2765 5501 Niceph.
2802 5442 2924 5502 post
2955 5431 3201 5501 ἀνάθεμα
3252 5427 3396 5481 ἔστω
3421 5426 3523 5481 ad-

1948 5502 2103 5564 dunt,
2133 5502 2207 5564 ὼς
2235 5504 2264 5554 6
2290 5502 2657 5572 Σαμοσατεύς.

2023 5572 2134 5641 (66)
2176 5564 2417 5641 Septima
2451 5573 2570 5626 ﬁdei
2613 5564 2887 5628 confessio
2915 5587 3058 5626 anno
3085 5570 3211 5624 557.
3244 5567 3368 5622 Haec
3393 5564 3521 5641 fidei

1952 5640 2183 5698 formula
2203 5640 2391 5698 Latine
2419 5645 2653 5714 primum
2672 5644 2873 5713 scripta
2901 5643 3099 5709 fuit,ut
3125 5641 3351 5695 habetur
3376 5640 3522 5706 apud
