3822 6226
210 235 306 292 741

1588 235 1675 288 DE
1715 233 2020 292 SYNODIS.

3352 237 3456 291 7S2

208 351 488 422 γενέσθαι,
536 352 706 405 πάντα
739 349 998 419 ἀσφαλῶς
1042 348 1278 422 ὲζητήθη
1313 351 1406 405 καὶ
1457 350 1771 422 διηρευνήθη

1887 352 1984 414 tio,
2017 351 2303 422 diligenter
2353 349 2534 404 omnia
2575 349 2717 419 apud
2767 347 3029 404 Sirmium
3065 357 3290 404 tractata
3323 360 3459 407 sunt

206 447 263 498 ὲν
294 443 375 515 τῷ
403 443 614 515 Σιρμίῳ
647 442 739 495 ἐπὶ
773 446 1045 514 παρουσίᾳ.
1084 442 1400 506 Οὐάλεντος,
1438 445 1532 496 καὶ
1572 444 1785 514 Οὐρσα-

207 536 346 603 κίου,
392 536 495 589 καὶ
531 535 850 606 Γερμινίου,
900 535 994 586 καὶ
1037 533 1145 586 τῶν
1187 535 1406 588 λοιπῶν.
1445 535 1785 605 Συνέστηκεν

207 628 300 680 ἕνα
333 625 472 678 Θεὸν
514 619 651 677 εἶναι
695 623 914 694 Πατέρα
957 625 1370 694 παντοκράτορα
1419 624 1552 694 (67),
1602 623 1786 687 καθὼς

208 717 374 779 καὶέν
395 716 548 788 πάσῃ
569 718 634 786 τῇ
660 716 952 789 οἰκουμένῃ
973 715 1420 784 καταγγέλλεταν
1455 717 1549 770 καὶ
1578 717 1675 772 ἕνα
1697 735 1787 788 μο-

203 811 398 880 νογενῆ
416 810 548 862 Υίὸν
575 807 758 872 αὑτοῦ,
777 807 867 860 τὸν
898 809 1103 879 Κύριον
1119 807 1276 878 ἡμῶν
1306 809 1508 880 Ἰησοῦν
1525 810 1777 881 Χριστὸν,

205 902 264 967 ἐξ
288 901 459 955 αὐτοῦ
484 901 586 970 πρὸ
602 900 711 952 τῶν
746 898 957 952 αἰώνων
977 899 1325 969 γεννηθέντα.
1349 900 1451 953 Δύο
1463 901 1629 964 Θεοὺς
1667 901 1777 972 (68)

209 993 281 1062 μὴ
329 991 531 1062 χρῆναι
567 990 775 1058 λέγειν·
821 989 1006 1059 ἐπειδὴ
1041 988 1202 1052 αὐτὸς
1243 991 1271 1042 6
1315 989 1516 1060 Κύριος
1549 990 1736 1062 εἴρηκε
1762 1008 1776 1020 ο

213 1101 231 1134 ι
255 1081 572 1152 Πορεύομαι
592 1080 727 1151 πρὸς
756 1081 846 1133 τὸν
867 1081 1088 1152 Πατέρα
1120 1098 1218 1151 μου
1244 1081 1338 1135 καὶ
1359 1082 1578 1152 Πατέρα
1605 1082 1777 1152 ὑμῶν,

213 1196 229 1221 ι
253 1173 347 1225 καὶ
363 1173 500 1226 Θεόν
529 1189 627 1243 μου
654 1173 746 1226 καὶ
760 1172 890 1224 Θεὸν
913 1171 1086 1242 ὑμῶν.
1112 1192 1130 1223 ι
1152 1174 1250 1227 Διά
1272 1173 1425 1227 τοῦτο
1449 1175 1541 1227 καὶ
1565 1175 1780 1228 πάντων

209 1265 338 1328 Θεός
375 1266 516 1329 ἐστι,
552 1264 733 1328 καθὼς
765 1267 857 1319 καὶ
893 1267 922 1318 6
968 1267 1286 1330 Ἀπόστολος
1327 1265 1562 1332 ἐδίδαξεν
1583 1286 1595 1298 ·
1652 1289 1669 1319 ι
1703 1265 1779 1322 Ἦ

213 1377 231 1408 ι
266 1357 537 1410 Ἰουδαίων
572 1357 748 1427 μόνων
778 1359 806 1410 6
837 1358 991 1424 Θεὸς,
1018 1360 1140 1430 οὐχὶ
1169 1360 1262 1413 καὶ
1288 1358 1454 1412 ἐθνῶν
1495 1376 1508 1424 ;
1544 1361 1652 1413 Ναὶ
1685 1362 1778 1414 καὶ

215 1467 233 1498 ι
265 1449 435 1501 ἐθνῶν
453 1466 468 1479 ο
497 1450 726 1520 ἐπείπερ
753 1446 833 1513 εἷς
859 1451 886 1502 6
912 1451 1063 1516 Θεὸς,
1093 1451 1153 1514 ὃς
1177 1450 1453 1504 δικαιώσει
1478 1452 1776 1522 περιτομὴν

214 1558 233 1590 ‹
263 1541 326 1592 ἐκ
362 1539 622 1604 πίστεως,
656 1542 749 1593 καὶ
778 1541 1140 1613 ἀκροϐυστίαν
1181 1543 1268 1595 διὰ
1289 1542 1522 1607 πίστεως
1563 1544 1672 1616 (69)
1705 1561 1718 1575 ·
1750 1565 1769 1598 ι

1897 453 1952 499 et
1980 444 2250 508 discussa,
2297 443 2656 514 praesentibus
2687 441 2932 503 Valente,
2961 440 3208 509 Ursacio,
3241 443 3458 497 Germl-

1887 536 1980 589 nio
2013 545 2066 590 et
2103 536 2333 590 caeteris.
2375 535 2553 590 Unum
2610 544 2824 590 constat
2865 535 3032 588 Deum
3089 550 3210 590 esse
3246 544 3301 590 et
3351 533 3460 590 Pa-

1887 637 2021 681 trem
2055 629 2504 697 omnipotentem,
2541 637 2600 682 ut
2643 629 2722 682 sic
2770 643 2865 697 per
2911 628 3226 683 universum
3263 628 3453 682 orbem

1886 720 2142 774 creditur.
2179 719 2245 773 Et
2282 720 2502 774 unicum
2547 719 2745 774 Filium
2789 719 2908 790 ejus
2941 718 3126 774 Jesum
3174 718 3454 776 Christum

1887 809 2176 864 Dominum
2215 810 2548 867 Salvatorem
2585 820 2855 876 nostrum,
2895 826 2962 865 ex
3009 811 3128 880 ipso
3171 822 3296 866 ante
3336 827 3442 866 sae-

1885 902 2002 956 cula
2040 903 2302 971 genitum.
2342 902 2488 957 Duos
2522 911 2701 956 autem
2742 901 2884 957 Deos
2916 918 3016 957 nec
3045 918 3204 970 posse
3235 918 3334 956 nec
3353 904 3448 956 de-

1884 991 2012 1044 berc
2042 991 2346 1059 przcdicari,
2378 992 2506 1060 quia
2536 991 2652 1060 ipse
2684 989 2948 1045 Dominus
2993 991 3133 1044 dixit
3159 1009 3173 1045 :
3204 1010 3222 1042 ι
3255 992 3348 1045 Ilio
3383 992 3450 1044 ad

1889 1100 1908 1132 ι
1948 1080 2163 1135 Patrem
2196 1098 2375 1136 meum
2401 1091 2455 1137 et
2481 1083 2546 1136 ad
2597 1081 2814 1136 Patrem
2869 1092 3134 1149 vestrum,
3175 1084 3240 1138 ad
3280 1083 3452 1138 Deum

1890 1191 1908 1223 ι
1943 1187 2122 1226 meum
2141 1181 2194 1227 et
2212 1174 2279 1227 ad
2298 1172 2466 1227 Deum
2487 1184 2729 1227 vestrum
2760 1174 2825 1227 '°.
2853 1192 2871 1224 ›
2895 1173 3021 1227 Ideo
3043 1174 3284 1228 omnium
3310 1173 3454 1228 Deus

1883 1281 2026 1318 unus
2057 1272 2160 1330 est,
2188 1265 2332 1319 sicut
2367 1265 2664 1334 Apostolus
2702 1266 2886 1320 docuit
2915 1284 2928 1319 :
2977 1284 2995 1316 ι
3025 1264 3107 1319 An
3139 1265 3452 1321 Judzeorum

1888 1374 1904 1405 ι
1946 1355 2085 1410 Deus
2124 1355 2380 1408 tantum?
2428 1371 2610 1410 nonne
2639 1364 2694 1410 et
2718 1357 2960 1427 gentium
2991 1357 3013 1409 ?
3051 1357 3167 1412 Imo
3217 1367 3272 1411 et
3321 1372 3453 1426 gen-

1887 1465 1905 1497 ι
1945 1448 2101 1501 tium.
2123 1445 2391 1512 Quoniam
2421 1448 2642 1517 quidem
2670 1464 2813 1503 unus
2843 1457 2927 1503 est
2954 1447 3120 1513 Deus,
3143 1450 3235 1519 qui
3259 1449 3456 1518 justiﬁ-

1887 1557 1905 1588 ε
1943 1547 2030 1594 cat
2057 1540 2531 1594 circumcisionem
2571 1556 2638 1595 ex
2659 1541 2786 1605 ﬁde,
2821 1549 2877 1595 et
2901 1542 3224 1611 prmputium
3257 1558 3353 1610 per
3385 1543 3450 1596 ﬁ-

208 1631 300 1684 καὶ
325 1631 410 1691 ΐτὰ
457 1632 556 1702 μὲν
601 1632 763 1686 λοιπὰ
805 1634 981 1687 πάντα
1032 1637 1332 1705 συμφωνεῖ,
1381 1635 1474 1687 καὶ
1521 1636 1771 1706 οὐδεμίαν

1886 1650 1904 1681 ‹
1945 1633 2064 1687 dem
2093 1633 2173 1699 ²²;
2203 1651 2221 1683 ι
2242 1633 2334 1687 sed
2359 1641 2412 1686 ει
2428 1642 2622 1688 caetera
2645 1642 3015 1688 convenerunt
3049 1648 3145 1687 nec
3170 1634 3334 1687 ullam
3355 1633 3453 1688 ha-

208 1722 318 1793 ἔχει
346 1699 700 1794 ἀμφιϐολίαν.
735 1725 950 1797 Ἐπειδὴ
977 1726 1032 1778 δὲ
1063 1699 1290 1789 πὸὶξλοὺς
1311 1744 1461 1790 τινας
1489 1730 1628 1781 κινεῖ
1646 1699 1771 1799 περὶ

1885 1723 2008 1776 bere
2036 1732 2328 1793 potuerunt
2356 1723 2799 1793 discrepantiam.
2831 1722 2990 1788 Quod
3019 1737 3148 1778 vero
3181 1723 3448 1792 quosdam

205 1819 302 1888 τῆς
339 1808 647 1891 λεγομένης
693 1818 990 1889 Ῥωμαϊστὶ
1035 1819 1132 1888 μὲν
1194 1818 1579 1882 σουϐσταντίας
1631 1818 1775 1890 (70),

220 1908 520 1978 Ἑλληνιστὶ
544 1910 599 1963 δὲ
630 1910 928 1980 λεγομένης
959 1909 1163 1974 οὐσίας,
1188 1911 1486 1976 τουτέστιν,
1518 1912 1604 1965 ἵνα
1630 1913 1780 1984 ἀκρι-

210 2000 460 2072 ϐέστερον
487 2001 724 2072 γνωσθῇ,
748 2002 808 2054 τὸ
832 2001 1132 2073 ὀμοούσιον,
1167 2002 1278 2073 ἢτὸ
1294 2002 1580 2072 λεγόμενον
1595 2005 1777 2074 ὁμοιο-

209 2088 382 2143 οὐσιον
439 2090 556 2162 (71)
581 2109 594 2122 ·
631 2092 690 2145 οὐ
727 2092 832 2162 χρή
866 2108 987 2144 τινα
1018 2091 1220 2144 τούτων
1253 2091 1526 2155 παντελῶς
1558 2094 1777 2163 μνήμην

210 2181 471 2248 γίνεσθαι,
516 2183 636 2235 οὐδὲ
677 2183 804 2254 περὶ
844 2182 1048 2236 τούτων
1101 2182 1407 2254 ἐξηγεῖσθαι
1443 2184 1499 2235 ὲν
1543 2185 1609 2253 τῇ
1656 2184 1777 2236 Ἐκ-

211 2274 404 2346 κλησίᾳ
427 2273 520 2327 διὰ
542 2274 745 2344 ταύτην
779 2275 878 2348 τὴν
910 2275 1108 2338 αἰτίαν,
1139 2277 1232 2328 καὶ
1253 2274 1339 2328 διὰ
1360 2275 1548 2330 τοῦτον
1584 2275 1674 2328 τὸν
1699 2275 1778 2328 λοι

210 2365 422 2434 γισμὸν,
467 2365 551 2418 ὅτι
598 2366 657 2417 ἐν
704 2367 824 2429 ταῖς
873 2366 1045 2429 θείαις
1080 2366 1321 2438 Γραφαῐς
1350 2367 1410 2418 οὐ
1471 2365 1775 2436 γέγραπται

213 2459 580 2528 περὶτούτων
607 2476 622 2490 ο
670 2459 763 2512 καὶ
809 2461 890 2513 ὅτι
927 2458 1097 2513 ταῦτα
1150 2459 1288 2530 ὑπὲρ
1341 2457 1438 2530 τὴν
1476 2458 1776 2530 ἀνθρώπων

210 2548 403 2615 γνῶσιν
428 2550 642 2603 καὶτὸν
671 2548 970 2621 ἀνθρώπων
997 2550 1121 2604 νοῦν
1161 2552 1274 2603 ἐστι
1300 2566 1316 2582 ’
1351 2550 1444 2602 καὶ
1477 2551 1559 2604 ὅτι
1599 2551 1777 2614 οὐδεὶς

211 2639 421 2694 δύναται
449 2641 551 2714 τὴν
579 2643 770 2711 γενεὰν
795 2641 888 2695 τοῦ
917 2640 1046 2695 Υίοῦ
1072 2641 1454 2713 διηγήσασθαι,
1484 2641 1662 2706 καθὼς
1693 2643 1777 2712 γέ-

211 2749 476 2803 γραπται·
529 2754 547 2786 ι
568 2734 677 2806 Τὴν
702 2734 894 2803 γενεὰν
916 2734 1026 2805 (72)
1068 2734 1233 2789 αὐτοῦ
1262 2733 1340 2797 τίς
1373 2735 1691 2806 διηγήσεται
1713 2752 1726 2800 ;
1750 2755 1768 2791 ι

211 2824 377 2878 Μόνον
401 2825 515 2896 γὰρ
539 2825 732 2879 εἰδέναι
761 2826 850 2878 τὸν
883 2827 1104 2897 Πατέρα
1127 2827 1356 2898 φανερόν
1383 2829 1519 2895 ἐστι,
1551 2829 1667 2892 πῶς
1684 2829 1773 2882 τὸν

213 2914 333 2968 ἱτίὸν
365 2919 648 2988 ἐγέννησε,
689 2917 782 2971 καὶ
821 2917 982 2970 πάλιν
1017 2918 1106 2971 τὸν
1141 2919 1286 2982 Υἱὸν,
1330 2909 1447 2982 πῶς
1481 2919 1640 2983 αὐτὸς
1678 2937 1771 2988 γε·

1881 1822 1976 1867 aut
2000 1815 2202 1868 multos
2222 1815 2494 1882 movebat,
2518 1815 2678 1885 595
2696 1816 2763 1870 de
2783 1815 3234 1884 substantia,qua¢
3253 1815 3440 1871 Graece

1877 1906 1995 1958 usia
2031 1906 2373 1976 appellatur,
2419 1906 2471 1960 id
2521 1916 2605 1961 est
2653 1907 2762 1978 (ut
2805 1909 3122 1976 expressius
3181 1908 3449 1976 intelligar

1877 1994 2015 2065 tur)
2059 1995 2388 2050 homousion
2417 2035 2432 2060 ,
2487 2004 2582 2050 aut
2629 1995 2774 2066 quod
2820 1997 3020 2051 dicitur
3055 1997 3446 2054 hommusion:
3495 2028 3501 2040 ι

1879 2085 2084 2138 nullam
2111 2087 2334 2141 omnino
2364 2086 2478 2140 fieri
2506 2096 2758 2156 oportere
2782 2088 3112 2144 mentionem
3142 2105 3240 2143 nec
3263 2106 3451 2159 quem-

1879 2193 2041 2247 quam
2083 2177 2401 2246 praedicare,
2431 2193 2494 2232 ελ
2521 2179 2588 2233 de
2615 2194 2779 2234 causa
2809 2187 2864 2234 et
2898 2181 3130 2247 ratione,
3163 2181 3310 2250 quod
3345 2197 3447 2237 nec

1879 2269 1932 2323 iu
1968 2269 2167 2324 divinis
2206 2269 2500 2340 Scripturis
2560 2271 2943 2338 contineatur;
2994 2281 3050 2328 et
3092 2273 3235 2342 quod
3283 2289 3447 2344 super

1881 2360 2117 2414 hominis
2152 2362 2433 2416 scientiam
2473 2360 2566 2427 sit,
2597 2377 2699 2416 nec
2741 2363 3035 2432 quisquam
3085 2364 3256 2432 possit
3298 2366 3444 2419 nati-

1877 2452 2098 2505 vitatem
2135 2451 2256 2508 Filii
2283 2467 2560 2518 enarrare,
2602 2453 2669 2507 de
2695 2468 2804 2524 quo
2846 2454 3106 2523 scriptum
3137 2464 3220 2508 est
3248 2472 3261 2508 :
3295 2474 3313 2506 ι
3339 2455 3446 2511 Ge-

1882 2559 1902 2592 σ
1937 2541 2269 2596 nerationem
2299 2543 2417 2612 ejus
2445 2544 2570 2612 quis
2603 2543 2879 2598 enarrabit
2906 2547 2949 2576 "
2977 2545 3000 2598 ?
3031 2563 3048 2595 ι
3085 2542 3239 2599 Scire
3263 2555 3445 2601 autem

1877 2632 2225 2688 manifestum
2265 2640 2348 2688 est
2398 2635 2574 2690 solum
2626 2633 2840 2690 Patrem
2886 2637 3160 2706 quomodo
3195 2640 3446 2707 genuerit

1877 2721 2076 2777 Filium
2123 2739 2284 2779 suum
2325 2742 2340 2790 ;
2392 2737 2447 2780 et
2477 2725 2674 2779 Filium
2713 2728 2990 2796 quomodo
3025 2729 3240 2798 genitus
3289 2731 3360 2785 sit
3407 2747 3439 2786 a

1874 2813 2052 2869 Patre.
2081 2813 2239 2869 Nulla
2278 2816 2606 2887 ambiguitas
2634 2826 2716 2872 est
2744 2818 3007 2887 majorem
3035 2834 3158 2874 esse
3201 2818 3442 2875 Putrem.

1874 2906 2015 2961 Nulli
2040 2916 2220 2978 patest
2240 2908 2466 2962 dubium
2496 2923 2618 2963 esse
2634 2907 2872 2974 Patrem,
2903 2910 3132 2977 honore,
3159 2911 3442 2982 dignitate,

208 3007 453 3079 γέννηται
500 3009 650 3078 παρὰ
681 3007 773 3061 τοῦ
807 3010 1020 3080 Πατρός
1056 3009 1188 3078 (73).
1237 3009 1423 3064 Οὐδενὶ
1455 3009 1512 3063 δὲ
1540 3010 1771 3079 ἀμφίϐο-

1883 3000 2138 3065 claritate,
2173 3000 2455 3069 majestate
2489 3008 2543 3054 et
2582 3001 2702 3070 ipso
2728 3001 2946 3055 nomine
2968 3000 3145 3057 Patris
3176 3003 3440 3073 majorem

209 3091 294 3145 λόν
319 3094 453 3159 ἐστι,
488 3095 710 3164 μείζονα
742 3091 880 3148 εἶναι
902 3096 993 3148 τὸν
1025 3096 1243 3166 Πατέρα
1264 3113 1276 3126 ·
1311 3097 1432 3150 οὐδὲ
1463 3099 1571 3169 γὰρ
1591 3099 1770 3152 διστά-

212 3200 346 3239 σειεν
374 3187 439 3240 ἄν
472 3205 560 3250 τις
596 3187 686 3239 τὸν
723 3186 938 3258 Πατέρα
974 3187 1108 3259 (74),
1150 3192 1313 3260 τιμῇ,
1349 3191 1442 3243 καὶ
1482 3190 1639 3261 ἀξίᾳ,
1677 3192 1770 3244 καὶ

212 3275 433 3348 θεότητι,
473 3279 568 3331 καὶ
594 3278 743 3350 αὐτῷ
775 3280 850 3349 τῷ
879 3279 1103 3351 ὀνόματι
1140 3280 1218 3351 τῷ
1260 3280 1512 3353 πατρικῷ
1549 3282 1770 3352 μείζονα

211 3362 360 3433 εἶναι,
397 3368 944 3440 διαμαρτυρουμένου
995 3370 1158 3425 αὐτοῦ
1192 3372 1283 3425 τοῦ
1320 3371 1480 3424 Υίοῦο
1517 3391 1535 3423 ι
1571 3373 1628 3425 ’0
1670 3374 1769 3443 ἐμὲ

219 3475 235 3508 ι
262 3459 476 3530 πέμψας
499 3462 687 3534 Πατὴρ
715 3463 915 3532 μείζων
944 3464 1042 3534 μού
1067 3467 1201 3517 ἐστι.
1235 3484 1252 3515 ›
1270 3465 1378 3517 Καὶ
1393 3462 1550 3516 τοῦτο
1565 3463 1621 3517 δὲ
1637 3463 1770 3516 καθα

210 3550 374 3604 ολικὸν
407 3549 551 3606 εἶναι
575 3554 749 3616 οὐδεὶς
778 3555 980 3622 ἀγνοεῖ,
1040 3555 1132 3608 δύο
1161 3559 1427 3626 πρόσωπα
1459 3551 1618 3618 εἶναι,
1654 3555 1769 3607 Πα-

215 3640 332 3710 ’πρὸς
362 3645 452 3697 καὶ
491 3643 654 3697 Υίοῦ·
697 3645 793 3697 καὶ
822 3645 910 3698 τὸν
944 3645 1040 3716 μὲν
1068 3646 1287 3717 Πατέρα
1317 3645 1557 3716 μείζονα,
1595 3645 1685 3698 τὸν
1712 3645 1769 3697 δὲ

215 3730 330 3785 Υἱὸν
356 3736 788 3806 ὑποτεταγμένον
820 3735 898 3806 τῷ
923 3737 1098 3808 Πατρὶ
1130 3736 1239 3806 (7'5)
1272 3737 1408 3806 μετὰ
1431 3736 1668 3800 πάντων,
1696 3729 1770 3789 ὧν

215 3825 350 3895 αὐτῷ
381 3829 408 3880 ὁ
452 3827 644 3900 Πατὴρ
678 3826 930 3890 ὑπέταξε.
976 3826 1077 3880 Τὸν
1121 3828 1177 3880 δὲ
1216 3827 1434 3899 Πατέρα
1479 3825 1650 3898 ἀρχὴν
1696 3825 1770 3896 μὴ

213 3913 364 3986 ἔχειν,
397 3919 496 3972 καὶ
542 3920 768 3990 ἀόρατον
812 3914 971 3982 εἶναι,
1013 3919 1108 3972 καὶ
1145 3918 1406 3972 ἀθάνατον
1449 3914 1588 3971 εἴναι
1635 3917 1767 3988 (76),

217 4010 301 4060 καὶ
323 4011 505 4082 ἅπαθῆ
527 4007 664 4065 εἶναι
685 4028 700 4044 ο
727 4012 819 4065 τὸν
845 4011 900 4064 δὲ
925 4010 1050 4064 Υἰὸν
1071 4009 1424 4080 γεγεννῆσθαι
1451 4008 1634 4063 ἐκτοῦ
1660 4010 1772 4061 Πα-

215 4099 348 4164 τρὸς,
376 4101 511 4154 Θεὸν
540 4103 602 4154 ὲκ
633 4102 791 4166 Θεοῦ,
825 4101 939 4174 φῶς
974 4103 1039 4154 ὲκ
1073 4101 1268 4171 φωτός.
1307 4103 1416 4154 Καὶ
1447 4100 1636 4154 τούτου
1671 4099 1770 4170 τὴν

215 4189 432 4258 γένεσιν,
466 4191 646 4256 καθὼς
680 4194 1019 4265 προείρηται,
1050 4194 1248 4265 μηδένα
1281 4194 1587 4262 γινώσκειν,
1618 4195 1665 4247 εί
1697 4192 1770 4264 μὴ

219 4280 366 4348 μόνον
401 4285 493 4338 τὸν
511 4284 759 4356 Πατέρα.
791 4286 960 4338 Αὐτὸν
989 4285 1046 4338 δὲ
1073 4285 1164 4338 τὸν
1188 4284 1314 4338 Υἱὸν
1334 4285 1428 4339 καὶ
1451 4285 1652 4358 Κύριον
1677 4286 1772 4339 καὶ

1871 3104 2013 3154 esse,
2042 3089 2179 3144 Filio
2206 3091 2324 3159 ipso
2351 3099 2610 3146 testante:
2635 3091 2769 3157 «Qui
2799 3107 2886 3146 me
2909 3093 3057 3147 misit
3079 3092 3254 3159 Pater,
3272 3095 3447 3165 major

1877 3199 1894 3231 ι
1919 3197 2002 3236 me
2018 3182 2179 3236 est”.
2217 3201 2236 3234 ι
2263 3181 2327 3236 Ει
2361 3183 2465 3238 hoc
2498 3183 2821 3238 catholicum
2851 3199 2992 3248 esse,
3018 3200 3176 3239 nemo
3211 3187 3444 3255 ignorat,

1869 3273 2005 3328 duas
2020 3289 2282 3342 personas
2297 3289 2421 3329 esse
2433 3273 2608 3328 Patris
2625 3274 2829 3329 etFilii.
2851 3273 3105 3345 Majorem
3127 3275 3450 3342 Patrem,Fi-

1869 3365 2001 3420 lium
2019 3367 2345 3436 subjectum,
2364 3380 2487 3419 cum
2514 3366 2768 3421 omnibus
2785 3365 2870 3420 bis
2886 3381 3007 3434 quae
3030 3366 3130 3435 ipsi
3148 3365 3307 3421 Pater
3322 3367 3448 3421 sub-

1864 3457 2017 3527 jecit.
2051 3456 2266 3512 Patrem
2297 3458 2510 3511 initium
2539 3472 2646 3510 non
2675 3457 2894 3521 habere,
2923 3457 3244 3512 invisibilem
3291 3471 3438 3522 esse,

1870 3548 2231 3603 immortalem
2259 3563 2400 3613 esse,
2429 3547 2816 3616 impassibilem
2841 3563 2963 3603 esse
2993 3566 3006 3602 :
3034 3546 3230 3602 Filium
3259 3558 3441 3604 autem

1871 3650 2058 3694 natum
2094 3655 2215 3694 esse
2243 3654 2309 3693 ex
2337 3637 2516 3705 Patre,
2558 3637 2727 3693 Deum
2763 3654 2830 3692 ex
2867 3639 2998 3702 Deo,
3033 3640 3212 3694 lumen
3251 3656 3316 3695 ex
3351 3641 3441 3696 lu-

1872 3727 2037 3782 mine.
2060 3727 2231 3796 Cujus
2260 3725 2383 3780 Filii
2417 3727 2843 3797 generationem,
2869 3735 2928 3779 ut
2956 3735 3081 3779 ante
3101 3727 3306 3782 dictum
3330 3737 3434 3792 est,

1871 3818 2140 3871 neminem
2189 3817 2350 3883 scire,
2400 3817 2504 3871 nisi
2549 3815 2761 3870 Patrem
2803 3831 2986 3870 suum.
3029 3817 3212 3885 Ipsum
3252 3826 3437 3871 autem

1869 3909 2067 3964 Filium
2097 3908 2212 3975 Dei,
2256 3909 2548 3964 Dominum
2570 3919 2624 3962 et
2649 3907 2820 3963 Deum
2847 3917 3118 3975 nostrum,
3161 3910 3323 3964 sicuti
3358 3909 3439 3964 le-

1874 4004 2036 4071 gitur,
2062 4018 2282 4058 carnem
2321 4003 2405 4056 vel
2446 4017 2667 4071 corpus,
2700 4001 2752 4056 id
2793 4009 2877 4056 est
2929 4002 3204 4057 hominem
3248 4016 3441 4056 susce-

1873 4096 2020 4164 pisse
2043 4110 2108 4150 ex
2140 4103 2295 4149 utero
2327 4092 2566 4164 Virginis
2600 4092 2804 4157 Mariae,
2854 4093 2998 4148 sicut
3036 4094 3262 4165 angelus
3302 4108 3441 4163 prae-

1872 4188 2092 4244 dicavit.
2125 4185 2197 4243 Ut
2233 4197 2411 4243 autem
2449 4185 2747 4258 Scriptura:
2771 4201 2964 4242 omnes
2991 4175 3210 4252 dooent,
3228 4195 3282 4241 et
3302 4202 3442 4256 prte-

1874 4281 2033 4351 cipue
2067 4281 2183 4351 ipse
2220 4280 2480 4350 magister
2525 4278 2767 4350 gentium
2801 4278 3094 4350 Apostolus
3115 4320 3130 4346 ,
3163 4279 3438 4333 hominem

216 4365 336 4420 Θεὸν
375 4370 531 4442 ἡμῶν
561 4373 740 4444 σάρκα
773 4373 890 4444 ἦτοι
928 4371 1120 4444 σῶμα,
1153 4373 1430 4428 τουτέστιν
1468 4374 1771 4446 ἄνθρωπον,

1883 4374 2188 4445 suscepisse
2220 4373 2287 4428 de
2319 4372 2486 4427 Maria
2521 4371 2758 4444 Virgine,
2803 4387 2899 4442 per
2929 4387 3090 4445 quem
3121 4385 3440 4441 compassus

283 4532 324 4563 '°
359 4532 517 4588 Joan.
550 4550 643 4601 ιιιι,
677 4535 763 4588 17.
841 4536 884 4567 ¹¹
905 4534 1064 4590 Rom.
1098 4551 1178 4600 ιιι,
1213 4534 1304 4602 29,
1338 4534 1425 4590 50.
1501 4539 1546 4568 η
1587 4534 1690 4590 lsa.
1724 4551 1842 4600 Lm,
1874 4534 1928 4590 8.
2001 4534 2047 4566 ”
2083 4531 2242 4587 Joan.
2269 4548 2384 4596 xw,
2421 4531 2515 4587 28.

219 4687 464 4745 Hilarium
509 4693 585 4744 De
632 4689 866 4760 synodis,
901 4691 1006 4744 col.
1037 4688 1196 4752 “56,
1231 4687 1374 4760 unde
1407 4688 1554 4742 illam
1576 4695 1768 4760 trans-

219 4761 540 4828 scripsimus.
585 4757 804 4828 Legitur
834 4775 896 4814 ea
927 4761 1050 4814 item
1083 4760 1221 4828 apud
1269 4757 1547 4812 Socratem
1576 4757 1668 4811 lib.
1706 4773 1763 4821 ιι,

219 4843 263 4882 c.
290 4831 372 4884 30.
400 4840 452 4884 et
481 4833 621 4884 anud
652 4829 873 4884 Nicenh.
917 4830 1010 4884 lil).
1038 4846 1114 4884 ιιι.
1142 4844 1192 4883 c.
1217 4829 1305 4882 51.

218 4843 263 4882 c.
290 4843 372 4893 au,
400 4843 452 4885 et
481 4843 621 4893 apud
652 4843 873 4893 mcepn.
917 4843 1010 4884 nn.
1038 4846 1114 4891 ιιι,
1142 4844 1192 4883 c.
1218 4843 1305 4882 at.

290 4846 372 4893 au,
400 4846 452 4885 et
481 4846 621 4899 apud
652 4846 873 4899 mcepn.
917 4846 1010 4884 Ill).
1038 4846 1114 4891 ιιι,
1142 4846 1192 4883 c.
1218 4846 1305 4882 Ol.

282 4898 488 4954 Titulus
531 4902 670 4968 apud
722 4899 978 4953 Hilarium
1021 4917 1037 4954 :
1076 4898 1388 4967 Exemplum
1429 4896 1762 4968 blasphemia:

219 4972 346 5033 apud
377 4967 625 5024 Sirmium
654 4986 746 5039 per
774 4969 958 5024 Osium
997 4979 1047 5023 et
1087 4968 1392 5021 Potamium
1430 4967 1756 5039 conscriptae.

219 5040 403 5110 Athon
427 5038 833 5110 putatur'Osius
864 5040 1027 5110 illam
1072 5039 1488 5110 conscripsisse,
1514 5038 1605 5090 sed
1633 5052 1754 5110 cum

219 5108 376 5186 eidem
394 5107 825 5186 subscripsisset,
854 5108 1042 5186 fraude
1061 5108 1291 5163 fortasse
1311 5108 1637 5186 Arianorum
1664 5107 1762 5159 ob-

220 5179 386 5242 tinuit,
414 5189 474 5234 ut
499 5195 562 5234 ea

221 5246 280 5320 de
305 5250 634 5320 regdicuntur
657 5251 711 5304 in
741 5248 1015 5304 Hilariana
1045 5259 1314 5320 postrema
1349 5246 1606 5310 editione,
1631 5246 1758 5300 etin

218 5317 318 5370 vita
349 5318 628 5374 Athanasii
659 5329 844 5374 nostra
871 5321 937 5375 ad
970 5317 1172 5374 annum
1197 5317 1323 5372 357.

283 5388 386 5456 (67)
426 5389 515 5444 Sic
542 5389 674 5457 Reg.
712 5388 921 5445 Socrat.
950 5400 1003 5445 et
1023 5388 1245 5456 Niceph.
1276 5390 1330 5441 In
1362 5386 1518 5441 editis
1543 5385 1758 5456 Πατέρα

221 5453 376 5530 deest.
406 5459 544 5514 Infra
573 5453 788 5530 Socrat.
817 5470 870 5513 et
902 5453 1372 5530 ΝἰεερὴηἾησοῦν
1396 5457 1628 5529 Χριστὸν
1671 5453 1760 5509 τὸν

223 5524 408 5603 Κῦᾼριον
435 5530 532 5603 καὶ
555 5529 814 5603 Θεὸνοκαζ-
833 5524 1061 5603 Σωτῆρᾷ
1081 5532 1128 5603 Δἰ)
1137 5524 1270 5603 μῶῆ

287 5593 390 5669 (68)
431 5593 642 5669 Socrat.
671 5609 724 5653 et
757 5593 1004 5669 Nicephl,
1035 5593 1211 5653 δύιῖδὲ
1239 5599 1425 5661 Θεούς.

285 5667 389 5740 (69)
427 5668 548 5726 Haec
589 5670 680 5723 καὶ
710 5666 1070 5742 ἁκροὸῦστίαν
1097 5669 1184 5724 διὰ
1216 5670 1449 5732 πίστεως
1482 5666 1673 5724 desunt
1706 5666 1758 5721 in

638 5181 705 5234 sii
743 5179 1015 5234 confessio
1052 5187 1358 5233 vocaretur.
1391 5175 1524 5229 Vide
1552 5191 1670 5244 quae
1696 5192 1758 5229 ea

1876 4685 2085 4742 Socrat.
2118 4692 2173 4740 et
2193 4682 2414 4753 Niceph.

1944 4756 2055 4823 (70)
2097 4752 2337 4818 Socrat.,
2365 4752 2732 4817 ωυὸετανίας.
2757 4752 3006 4822 Niceph.,
3032 4753 3434 4816 σουνσταντίας.

1942 4825 2054 4894 (71)
2097 4823 2619 4894 8ἰεΒεςζίιιε,ΕιΙὶιι
2643 4840 2790 4894 vero,
2829 4823 3152 4894 ὁμοιοῦσιον.

1940 4892 2051 4965 (72)
2093 4897 2167 4948 ita
2198 4893 2326 4964 Reg.
2355 4903 2408 4947 et
2431 4892 2547 4947 Nic.
2581 4892 2722 4946 Editi
2755 4908 2882 4946 vero
2909 4909 3032 4947 cum
3066 4892 3298 4954 Socrat.,
3322 4895 3434 4964 Τὴν

1865 4966 1921 5020 δὲ
1946 4966 2156 5034 γενεάν.

1935 5031 2048 5106 (75)
2089 5037 2300 5090 Socrat.
2330 5041 2388 5106 et
2419 5031 2668 5106 Niceph.,
2687 5032 2820 5106 Ἀπὸ
2850 5031 2944 5106 τοῦ
2970 5033 3200 5106 Πατρός,

1936 5095 2047 5178 (74)
2089 5106 2233 5178 Haec,
2271 5095 2404 5156 Ου’δὲ
2434 5095 2860 5178 γὰρίδιστάσε-ιεν
2885 5105 2958 5178 ἄν.
2976 5120 3056 5165 τις
3079 5095 3431 5178 τὸνΔΠατέρα,

1869 5170 2067 5232 absunt
2111 5191 2138 5228 a
2183 5173 2392 5229 Socrat.
2421 5183 2475 5227 et
2501 5170 2725 5241 Niceph.
2769 5175 2889 5226 Mox
2926 5173 3145 5242 Regius,
3172 5170 3427 5242 Θειότῃτι.

1866 5247 2034 5300 Paulo
2084 5253 2206 5315 post
2250 5243 2451 5314 Regius
2502 5239 2739 5312 secunda
2772 5259 2958 5309 manu,
2990 5239 3431 5315 ᾷςιαμαρτυρόμε-

1863 5335 1953 5372 νον
1961 5356 1972 5366 .

1961 5385 2048 5455 75)
2091 5384 2180 5457 Τῷ
2206 5386 2380 5457 Πατρί
2410 5385 2560 5457 deest
2583 5384 2636 5436 in
2670 5382 2887 5457 Socrat.
2913 5392 2966 5436 et
2993 5381 3218 5457 Niceph.

1961 5389 2048 5455 75)
2091 5389 2180 5454 Τῷ
2206 5389 2380 5457 Πατρί
2410 5389 2560 5439 deest
2583 5389 2636 5436 in
2670 5389 2880 5436 Socrat.
2913 5392 2966 5436 et
2995 5389 3218 5504 Niceph.

1936 5389 2046 5528 (76)
2089 5456 2195 5529 Sic
2225 5455 2448 5524 Regius,
2481 5455 2688 5529 Socrat.
2727 5461 2788 5529 e_t_
2829 5451 3051 5529 Niceph.
3098 5469 3123 5504 ε
3148 5466 3236 5502 ναι
3264 5447 3430 5529 .deest

1869 5529 1924 5583 in
1944 5521 2112 5582 editis
2145 5527 2233 5580 hic
2258 5521 2490 5579 tantum.
2537 5523 2660 5576 Mox
2706 5523 2839 5592 edit.
2871 5522 3068 5590 Paris.,
3101 5521 3430 5592 γεγενῆσθαι

1868 5599 2146 5656 mendose.
2171 5596 2277 5650 Alii
2306 5611 2518 5661 omnes,
2555 5591 2932 5663 γεγεννῆσθαι.
