3822 6226
195 343 312 399 ’ΝΒ

1604 318 1692 393 iis
1732 314 2048 394 Sinonis.

3334 322 3442 381 746

194 474 325 516 σιον
485 454 818 529 ἐκϐάλλομεν
836 455 949 563 ,ἑὸς
975 426 1384 563 ἀλλότριονθτῶν
1415 428 1678 527 Γραφῶνο

1884 463 1986 511 tem
2020 454 2364 510 anathemate
2399 453 2765 510 damnamus:
2810 456 2866 506 et
2924 461 3116 505 omnes
3165 453 3453 518 quotquot.

2411 543 2607 563 sum.
2678 543 2739 563 ,ι
2790 539 3025 563 "ML-.-
3071 539 3274 563 _.=-_,__
3309 551 3403 563 ,η

190 550 257 605 δὲ
283 544 532 620 Mam
562 545 1052 617 ἀναθεματίζομεν,
1081 547 1175 600 καὶ
1203 546 1444 613 πάντας,
1472 548 1586 600 ὅσοι
1606 544 1783 599 τοιοῦ-

190 658 284 698 τοι
298 639 999 712 τυγχάνουσιν,ἱ5ιλλοτρίους
1015 638 1296 710 ἡγούμεθα
1309 641 1408 711 τῆς
1432 639 1778 710 Ἐκκλησίας.

193 735 275 789 Τὸ
302 733 361 789 δὲ
391 734 575 804 ὅμοιον
604 730 697 785 τοῦ
727 729 859 784 Υἱοῦ
887 729 1026 801 πρὸς
1052 730 1144 783 τὸν
1182 730 1402 802 Πατέρα
1436 730 1623 799 σαφῶς
1644 732 1780 801 ὁμο-

192 823 362 894 λογοῦ
370 841 469 896 μεν
498 823 642 877 κατὰ
671 821 762 876 τὸν
799 819 1141 880 ’Δπόστολον,
1172 820 1262 872 τὸν
1283 819 1510 888 λέγοντα
1532 819 1661 891 περὶ
1684 817 1779 873 τοῦ

190 914 336 969 Υἱοῦ
355 931 370 946 ο
401 932 420 964 ι
435 914 532 976 Ὃς
550 914 697 965 ἐστιν
721 909 885 964 εἰκὼν
905 907 1000 963 τοῦ
1015 908 1148 963 Θεοῦ
1169 908 1264 963 τοῦ
1287 909 1541 981 ἀοράτου.
1569 928 1589 962 ι
1621 909 1782 980 Ὀμο-

191 1004 464 1078 λογοῦμεν
490 1004 547 1059 δὲ
571 1004 666 1058 καὶ
686 1002 1010 1074 πιστεύομεν
1041 1003 1122 1066 εἰς
1140 1002 1235 1057 ἕνα
1261 1001 1393 1055 Θεὸν
1424 1001 1646 1075 Πατέρα
1665 1001 1779 1073 (88)

191 1098 638 1166 παντοκράτορα,
664 1094 756 1148 τὸν
776 1094 1004 1165 ποιητὴν
1034 1093 1264 1166 ούρανοῦ
1292 1093 1386 1147 καὶ
1410 1094 1534 1165 γῆς,
1569 1095 1780 1167 ὁρατῶν

191 1190 424 1243 πάντων
454 1188 552 1242 καὶ
583 1186 848 1257 ἀοράτων.
874 1184 1209 1257 Πιστεύομεν
1234 1184 1291 1238 δὲ
1318 1185 1412 1239 κα)⁵
1436 1188 1518 1249 είς
1548 1187 1641 1240 τὸν
1661 1187 1778 1263 Κύ-

197 1296 321 1351 ριον
355 1278 512 1350 ήμῶν
540 1276 744 1347 Ἰησοῦν
773 1275 1025 1346 Χριστὸν,
1058 1275 1147 1329 τὸν
1178 1277 1305 1331 Υἱὸν
1331 1277 1497 1332 αὑτοῦ
1521 1277 1653 1350 (89),
1687 1277 1778 1335 τὸν

194 1370 258 1437 ἐξ
278 1369 447 1423 αὐτοῦ
468 1368 794 1439 γεννηθέντα
810 1367 1036 1430 ἀπαθῶς
1051 1366 1156 1439 πρὸ
1180 1369 1396 1436 πάντων
1415 1369 1523 1423 τῶν
1544 1371 1776 1436 αίώνων,

193 1461 338 1514 Θεὸν
364 1461 558 1531 Λόγον,
582 1459 712 1513 Θεὸν
739 1461 804 1512 ὲκ
824 1458 958 1512 Θεοῦ
983 1458 1093 1531 (90)
1113 1461 1413 1532 Μονογενῆ,
1444 1462 1576 1531 φῶς,
1610 1461 1776 1533 ζωὴν,

191 1552 483 1625 ἀλήθειαν,
517 1551 735 1621 σοφίαν,
768 1549 1017 1622 δύναμιν,
1045 1549 1112 1604 δι’
1141 1546 1201 1604 οῦ
1227 1552 1296 1605 τὰ
1322 1552 1499 1607 πάντα
1542 1553 1776 1622 ἐγένετο,

190 1645 274 1698 τὰ
299 1647 362 1699 ὲν
397 1646 510 1708 τοῖς
539 1645 787 1716 οὐρανοῖς
818 1643 913 1697 καὶ
934 1641 1002 1697 τὰ
1029 1643 1122 1697 ἐπὶ
1157 1644 1257 1715 τῆς
1278 1645 1380 1716 γῆς
1397 1686 1413 1710 ,
1439 1646 1549 1698 εἴτε
1581 1647 1775 1718 ὁρατά,

1882 546 2049 616 hujus
2088 545 2371 601 sententia:
2408 543 2631 608 fuerint,
2675 543 2745 597 ab
2790 539 3032 599 Ecclesia
3070 539 3278 595 alienos
3308 551 3440 592 sen-

1882 635 2070 692 timus.
2107 635 2348 691 Similem
2391 650 2519 691 vero
2570 632 2749 689 Patris
2779 631 2979 686 Filium
3008 630 3170 701 plane
3213 625 3442 683 conﬁte-

1880 742 2025 793 mur,
2074 726 2229 797 juxta
2266 726 2588 797 Apostolum
2630 724 2722 794 qui
2764 722 2832 778 de
2878 721 3021 777 Filio
3060 719 3240 775 dicit:
3277 735 3297 769 ‹
3333 714 3443 782 Qui

1887 836 1907 870 ι
1935 828 2021 874 est
2045 819 2226 887 imago
2254 817 2349 872 Dei
2377 816 2664 873 invisibilis
2686 815 2752 870 ’⁸.
2777 834 2797 867 i
2817 814 3151 870 Conﬁtemur
3175 817 3355 865 autem
3385 813 3443 862 et

1881 912 2154 967 credimus
2196 911 2252 965 in
2303 925 2471 966 unum
2507 908 2677 965 Deum
2722 908 2937 963 Patrem
2986 903 3439 973 omnipotentem,

1879 999 2140 1056 factorem
2177 999 2301 1055 coeli
2335 1008 2391 1055 et
2417 1008 2596 1064 terrae,
2620 996 2917 1052 visibilium
2942 994 3187 1050 omnium
3214 999 3271 1047 et
3300 989 3441 1046 invio

1881 1092 2144 1147 sibilium.
2173 1091 2461 1147 Credimus
2492 1092 2622 1146 item
2649 1089 2703 1144 in
2743 1087 3036 1143 Dominum
3073 1094 3323 1142 nostrum
3346 1080 3441 1139 Je-

1880 1197 2002 1238 sum
2031 1180 2335 1246 Christum,
2380 1181 2579 1237 Filium
2626 1179 2922 1250 ejus,.sine
2954 1176 3210 1247 passione
3259 1174 3330 1229 ab
3371 1187 3441 1228 eo

1880 1272 2119 1342 genitum
2147 1283 2273 1327 ante
2298 1273 2481 1326 omnia
2514 1270 2734 1334 saecula,
2773 1267 2944 1323 Deum
2970 1266 3231 1330 Verbum,
3265 1264 3440 1320 Deum

1878 1378 1946 1419 ex
1978 1364 2087 1419 Deo
2117 1362 2486 1434 Unigenitum,
2516 1363 2719 1429 lumen,
2766 1361 2954 1426 vitam,
3001 1359 3307 1423 veritatem,
3347 1370 3441 1412 sa~

1877 1453 2159 1526 pientiam,
2192 1455 2485 1524 potentiam
2521 1471 2536 1519 ;
2569 1468 2667 1523 per
2706 1466 2869 1521 quem
2899 1449 3082 1505 omnia
3111 1447 3256 1503 facta
3288 1453 3439 1510 sunt,

1878 1559 2001 1613 quae
2032 1545 2088 1598 in
2140 1544 2297 1599 caelis
2337 1552 2394 1599 et
2447 1560 2569 1613 qua:
2597 1544 2652 1596 in
2681 1550 2849 1607 terra,
2879 1540 2993 1596 sive
3023 1537 3280 1602 visibilia,
3325 1536 3444 1592 sive

1878 1631 2191 1687 invisibilia.
2230 1631 2388 1688 Hunc
2428 1631 2704 1686 credimus
2736 1630 2793 1684 in
2824 1628 3296 1685 consummatione
3339 1641 3443 1682 sa:-

190 1738 319 1791 εῑτε
343 1736 571 1808 ἀόρατα.
633 1735 833 1810 Τοῦτον
861 1735 1189 1807 πιστεύομεν
1230 1736 1321 1789 ἐπὶ
1355 1737 1635 1810 συντελείᾳ
1668 1740 1771 1795 τῶν

1884 1721 2150 1789 culorum,
2199 1724 2266 1776 ad
2314 1722 2638 1778 abolendum
2672 1729 2955 1793 peccatum
2994 1734 3213 1775 carnem
3254 1733 3444 1774 susce-

190 1803 427 1884 αἰώνων-
450 1829 531 1892 είς
559 1806 814 1900 ἀθέτησιν
851 1827 953 1898 τῆς
978 1803 1255 1900 ἁμαρτίας
1284 1828 1462 1901 σάρκα
1491 1803 1771 1904 ἀνειληφέ-

1884 1810 2022 1881 pisse
2045 1826 2113 1865 ex
2149 1823 2338 1867 sancta
2369 1811 2607 1882 Virgine,
2643 1821 2696 1867 et
2730 1812 3006 1867 hominem
3042 1809 3242 1865 factum
3270 1823 3432 1864 esse:

189 1938 287 1976 ναι
320 1920 435 1991 (91)
469 1923 535 1973 ὲκ
563 1919 664 1991 τῆς
696 1919 856 1989 ἁγίας
881 1919 1159 1992 Παρθένου
1191 1921 1286 1974 καὶ
1319 1921 1777 1996 ὲνανθρωπήσαν-

191 2026 266 2067 τα
283 2028 302 2044 ’
335 2011 574 2067 παθόντα
598 2011 738 2083 ὑπὲρ
762 2010 871 2065 τῶν
894 2011 1174 2082 ἁμαρτιῶν
1202 2011 1379 2084 ἡμῶν,
1398 2014 1492 2067 κα)¹
1513 2015 1777 2071 ἀναστάν-

190 2120 286 2169 τα,
322 2104 418 2158 καὶ
442 2100 817 2173 ἀναληφθέντα
845 2104 925 2167 εἰς
955 2104 1236 2175 οὐρανοὺς,
1259 2103 1583 2169 καθέζεσθαι
1615 2108 1673 2159 ὲν
1701 2108 1780 2161 δε-

191 2195 291 2269 ξιᾷ
321 2194 417 2249 τοῦ
446 2194 680 2267 Πατρός·
707 2194 866 2250 πάλιν
888 2194 999 2266 (92)
1018 2194 1308 2267 ἐρχόμενον
1341 2197 1400 2249 ὲν
1427 2195 1572 2268 δόξῃ,
1599 2200 1778 2269 κρῖναι

191 2286 413 2351 ζῶντας
446 2287 541 2341 καὶ
586 2285 829 2357 νεκρούς.
894 2287 1228 2357 Πιστεύομεν
1275 2287 1369 2340 καὶ
1408 2289 1490 2352 εἰς
1531 2288 1592 2341 τὸ
1623 2288 1778 2357 ἆγιον

191 2375 448 2448 Πνεῦμα,
466 2377 500 2430 ὃ
521 2376 614 2431 ita).
631 2376 984 2447 Παράκλητον
1004 2377 1283 2449 ὠνόμασεν
1304 2380 1333 2431 ό
1349 2378 1537 2451 Σωτὴρ
1556 2380 1649 2433 καὶ
1662 2379 1781 2433 -Κύ-

193 2485 317 2541 ριος
359 2467 555 2539 ἡμῶν,
605 2468 1068 2541 ἐπαγγειλάμενος
1117 2469 1256 2540 μετὰ
1288 2469 1350 2522 τὸ
1392 2470 1642 2525 ἀπελθεῖν
1668 2471 1776 2543 (95)

190 2560 366 2614 αὐτὸν
391 2559 603 2631 πέμψαι
626 2564 739 2625 τοῖς
770 2560 1036 2632 μαθηταῖς
1063 2559 1251 2623 τοῦτο,
1281 2560 1309 2613 ὃ
1343 2563 1437 2614 καὶ
1459 2561 1744 2615 ἀπέστειλε
1761 2579 1774 2592 ·

189 2651 260 2704 δι’
291 2643 359 2704 οῦ
394 2652 489 2704 καὶ
516 2649 731 2720 ἁγιάζει
756 2655 881 2715 τοὺς
910 2652 969 2706 ἐν
988 2655 1054 2723 τῇ
1085 2652 1381 2724 Ἐκκλησία
1404 2653 1777 2719 πιστεύοντας,

191 2744 291 2797 καὶ
324 2742 754 2813 βαπτιζομένους
782 2745 839 2796 ὲν
867 2743 1092 2815 ὀνόματι
1120 2745 1352 2816 Πατρὸς,
1379 2746 1474 2798 καὶ
1499 2745 1650 2811 Υίοῦ,
1684 2746 1779 2799 καὶ

190 2836 360 2905 ἁγίου
394 2834 732 2907 Πνεύματος.
778 2837 917 2901 Τοὺς
939 2837 997 2890 δὲ
1023 2836 1132 2909 (94)
1162 2837 1313 2908 παρὰ
1341 2837 1542 2910 ταύτην
1566 2839 1664 2910 τὴν
1689 2839 1781 2892 πί-

193 2942 318 2980 στιν
353 2925 481 2980 ἁλλο
511 2943 562 2979 τι
601 2927 968 2999 κηρύττοντας
989 2928 1301 3001 ἀλλοτρίους
1325 2909 1462 2983 οἶδεν
1492 2932 1523 3000 ἠ
1562 2909 1780 2985 καθολι-

191 3016 267 3089 κὴ
318 3016 634 3089 Ἐκκλησία.
689 3019 809 3073 Ὅτι
845 3019 902 3072 δὲ
941 3020 1114 3093 ταύτῃ
1157 3024 1221 3092 τῇ
1258 3021 1437 3074 πίστει
1471 3021 1781 3093 ίσοδυναμεῖ

193 3108 295 3200 καὶ
427 3109 487 3161 ὲν
534 3108 746 3181 Σιρμίῳ
778 3108 969 3181 πρώην
1001 3110 1283 3165 ὲκτεθεῖσα
1325 3112 1506 3176 πίστις
1539 3113 1631 3166 ἐπὶ
1676 3115 1776 3186 τῆς
1802 3137 1849 3200 c

192 3198 485 3264 εὐσεϐείας
514 3200 608 3254 τοῦ
639 3200 900 3271 βασιλέως
932 3203 1109 3275 ήμῶν,
1135 3203 1488 3276 γνωρίζουσιν
1516 3207 1565 3259 οι
1591 3207 1779 3276 ἐντυγ-

188 3291 457 3363 χάνοντες
481 3291 615 3363 (95).
647 3310 668 3345 ι

265 3382 360 3438 50.
396 3383 579 3437 Ταῦτα
604 3383 912 3455 γράψαντες
938 3388 995 3441 ὲν
1023 3390 1088 3460 τῇ
1137 3388 1376 3463 Ἰσαυρίςι
1395 3429 1410 3453 ,
1463 3390 1778 3455 ἀνελθόντες

192 3476 279 3539 εἰς
292 3474 396 3546 τὴν
411 3476 999 3543 Κωνσταντινούπολιν,
1015 3478 1202 3551 ὥσπερ
1221 3481 1597 3551 μεταγνόντες,
1616 3483 1778 3554 ἤλλα-

195 3565 299 3633 ξαν
349 3567 595 3638 συνήθως
639 3569 841 3635 ταῦτα,
885 3573 981 3625 καὶ
1012 3571 1335 3643 προσθέντες
1362 3572 1590 3638 λεξείδιά
1619 3591 1773 3627 τινα·

194 3656 346 3711 ὥστε
380 3659 515 3730 μηδὲ
545 3660 844 3716 ὑπόστασιν
884 3662 1061 3731 λέγειν
1090 3665 1181 3717 ἐπὶ
1211 3664 1424 3735 Πατρὸς
1443 3704 1458 3727 ,
1496 3665 1589 3718 καὶ
1621 3665 1772 3729 Υίοῦ,

193 3750 294 3804 καὶ
316 3750 473 3819 ἁγίου
492 3751 827 3824 Πνεύματος,
855 3753 1219 3826 διεπέμψαντο
1243 3755 1383 3809 αύτὰ
1410 3758 1519 3819 τοῖς
1548 3757 1604 3810 ὲν
1634 3757 1778 3826 Ἀρι-

197 3844 385 3915 μήνῳ,
408 3845 505 3898 καὶ
528 3846 833 3915 ἠνάγκαζον
861 3848 1102 3912 καὶτοὺς
1131 3851 1187 3901 ὲν
1211 3851 1324 3913 τοῖς
1354 3848 1546 3919 μέρεσι
1568 3848 1777 3913 τούτοις

196 3935 545 4007 ὑπογράφειν
565 3952 579 3966 ⁸
636 3939 762 4001 τοὺς
805 3938 863 3991 δὲ
908 3940 1285 4009 ἀντιλέγοντας
1330 3941 1514 4003 αὐτοῖς
1560 3940 1776 3993 ἐποίουν

197 4025 541 4098 ὲξορίζεσθαι
574 4028 725 4100 παρὰ
748 4029 1145 4085 Κωνσταντίου.
1184 4032 1369 4085 Ἔστιν
1392 4026 1484 4084 οῦν
1505 4029 1703 4084 ταῦτα·

270 4203 386 4274 (96)
424 4222 443 4256 t
469 4204 802 4276 Πιστεύομεν
822 4208 901 4269 εἰς
931 4204 1026 4258 ἕνα
1050 4206 1200 4271 Θεὸν,
1227 4207 1445 4277 Πατέρα
1472 4207 1778 4276 παντοκρά-

195 4313 354 4365 τορα,
392 4294 451 4359 ἐξ
475 4291 536 4349 οὗ
564 4295 634 4349 τὰ
653 4297 829 4350 πάντα
847 4313 860 4326 ·
901 4298 994 4351 καὶ
1016 4299 1096 4361 είς
1123 4297 1213 4351 τὸν
1252 4299 1509 4370 μονογενῆ
1531 4298 1656 4351 Υἱὸν
1682 4294 1775 4350 τοῦ

196 4388 359 4452 Θεοῦ,
388 4388 481 4440 τὸν
511 4387 618 4458 πρὸ
646 4388 861 4443 πάντων
890 4389 1119 4454 αἰώνων,
1146 4390 1241 4443 καὶ
1267 4390 1372 4461 πρὸ
1395 4389 1576 4460 πάσης
1602 4388 1776 4459 ἀρχῆς

1875 1913 2100 1968 passum
2129 1914 2250 1955 esse
2280 1915 2379 1973 pro
2411 1900 2647 1971 peccatis
2667 1900 2891 1965 nostris,
2914 1898 3304 1964 resurrexisse,
3345 1912 3440 1951 as-

1877 1997 2154 2058 sumptum
2206 1988 2376 2045 fuisse
2424 1992 2479 2044 in
2532 1989 2719 2053 caelos,
2762 2005 2828 2045 ac
2873 1989 3063 2044 sedere
3089 1987 3157 2042 ad
3187 1986 3440 2043 dextram

1875 2078 2053 2134 Patris
2081 2097 2095 2134 :
2125 2088 2180 2135 et
2204 2080 2401 2135 iterum
2430 2090 2719 2135 venturum
2748 2096 2871 2137 csso
2899 2080 2953 2134 in
2994 2079 3166 2150 gloria
3186 2079 3441 2148 judicare

1877 2172 2029 2227 vivos
2051 2181 2104 2226 et
2132 2185 2399 2229 mortuos.
2429 2173 2713 2229 Credimus
2738 2181 2792 2228 et
2815 2173 2869 2227 in
2895 2172 3156 2243 Spiritum
3184 2179 3438 2228 sanctum

1877 2278 2038 2332 quem
2086 2262 2427 2319 Paracletum
2467 2279 2686 2335 quoque
2719 2264 3054 2333 nuncupavit
3088 2262 3340 2318 Salvator
3385 2271 3442 2321 et

1878 2351 2142 2407 Dominus
2192 2363 2422 2421 noster;
2463 2368 2622 2425 quem
2673 2368 2733 2408 se
2759 2360 2883 2423 post
2918 2352 3218 2408 discessum
3270 2366 3436 2407 suum

1877 2442 2157 2514 discipulis
2193 2446 2491 2501 missurum
2521 2444 2791 2515 pollicitus
2821 2453 2923 2511 est,
2958 2455 3011 2501 et
3035 2460 3222 2500 revera
3249 2444 3438 2508 misit;

1876 2551 1975 2606 per
2019 2553 2179 2607 quem
2214 2548 2440 2594 cunctos
2470 2540 2524 2593 in
2559 2537 2799 2609 Ecclesia
2849 2537 3033 2595 fideles
3080 2535 3387 2593 sanctiﬁcat
3415 2571 3435 2600 ,

1879 2630 1968 2697 qui
2008 2628 2354 2696 baptizantur
2403 2629 2458 2683 in
2498 2631 2720 2685 nomine
2758 2628 2934 2685 Patris
2968 2638 3021 2686 et
3052 2626 3175 2681 Filii
3225 2635 3279 2681 et
3314 2624 3440 2697 Spi-

1877 2721 2015 2775 ritus
2048 2720 2243 2775 sancti.
2272 2719 2382 2775 Eos
2414 2734 2580 2790 porro
2604 2721 2697 2790 qui
2729 2729 2924 2790 praeter
2945 2720 3086 2774 hanc
3101 2717 3262 2773 ﬁdem
3291 2717 3441 2772 aliud

1878 2812 2178 2882 praedicant
2208 2853 2225 2879 ,
2279 2812 2488 2867 alienos
2542 2812 2790 2882 agnoscit
2840 2811 3106 2866 catholica
3168 2808 3434 2864 Ecclesia.

1878 2901 2034 2967 Quod
2069 2911 2249 2958 autem
2295 2901 2431 2956 ﬁdes
2479 2900 2667 2955 Sirmii
2711 2916 2886 2971 nuper
2924 2900 3069 2955 edita
3104 2914 3288 2954 coram
3324 2900 3441 2969 pie-

1878 3002 1989 3049 tate
2018 2995 2362 3065 imperatoris
2420 2993 2617 3059 nostri,
2662 2994 2791 3051 huic
2831 2994 2987 3065 paria
3017 2994 3309 3059 contineat,
3341 3005 3444 3048 uo-

1877 3095 2009 3142 runt
2033 3101 2225 3145 omnes
2256 3088 2351 3159 qui
2388 3087 2635 3159 legerint.
2667 3106 2688 3140 i
3272 3103 3278 3109 -

1946 3367 2037 3422 50.
2068 3365 2164 3422 llis
2184 3368 2240 3421 in
2264 3365 2468 3422 Isauria
2494 3366 2731 3437 scriptis,
2760 3366 3291 3439 Constantinopolim
3313 3381 3442 3437 pro-

1875 3457 2041 3524 fecti,
2069 3459 2228 3529 quasi
2280 3474 2339 3513 se
2371 3459 2698 3528 scriptorum
2729 3460 3034 3529 pwuiteret,
3084 3474 3148 3514 ea
3181 3459 3250 3514 de
3286 3474 3441 3516 more

1875 3559 2244 3614 mutaverunt,
2279 3552 2480 3606 additis
2509 3559 2686 3605 tamen
2717 3553 3047 3620 quibusdam
3077 3551 3331 3616 voculis;
3367 3553 3442 3608 ita

1875 3651 1936 3696 ut
1982 3656 2158 3710 neque
2214 3642 2531 3713 hypostasin
2566 3641 2620 3695 in
2668 3640 2832 3697 Patre
2862 3650 2915 3696 et
2946 3640 3086 3696 Filio
3128 3650 3182 3696 et
3230 3639 3440 3711 Spiritu

1876 3742 2065 3789 sancto
2095 3733 2391 3800 dicerent;
2448 3733 2746 3803 eademque
2795 3734 2912 3803 ipsa
2962 3733 3030 3788 iis
3084 3735 3441 3790 transmisere

1875 3822 1970 3892 qui
1999 3823 2309 3876 Ariminum
2360 3831 2763 3890 convenerant,
2807 3823 3011 3879 coactis
3050 3824 3307 3879 omnibus
3343 3825 3444 3881 ba.-

1875 3932 2001 3971 rum
2032 3916 2316 3986 regionum
2341 3916 2611 3985 episcopis
2640 3923 2701 3971 ut
2724 3914 2794 3970 iis
2829 3915 3254 3971 subscriberent.
3288 3915 3358 3989 μὲι
3385 3916 3439 3971 si

1876 4009 1969 4079 qui
1996 4009 2390 4079 repugnabant,
2417 4024 2510 4064 eos
2544 4024 2574 4062 a
2600 4008 2919 4065 Constantio
2948 4008 3003 4063 in
3039 4008 3290 4063 exsilium
3312 4010 3441 4081 peili
3508 4019 3514 4024 “

1877 4112 2157 4156 curarunt.
2204 4099 2293 4155 Sic
2315 4108 2494 4154 autem
2526 4114 2584 4154 se
2612 4100 2815 4156 habent
2837 4099 2930 4155 illa
2967 4118 2987 4155 ι

1953 4213 1973 4246 ι
1996 4192 2282 4249 Credimus
2310 4193 2363 4246 in
2406 4208 2573 4246 unum
2605 4192 2776 4248 Deum
2798 4232 2814 4258 ,
2848 4191 3063 4247 Patrem
3098 4194 3443 4263 omnipoten-

1877 4292 2006 4349 tem,
2031 4299 2099 4339 ex
2135 4299 2243 4353 quo
2271 4283 2452 4337 omnia
2485 4300 2499 4347 ;
2534 4289 2589 4335 et
2618 4282 2673 4335 in
2712 4280 3068 4353 Unigenitum
3098 4283 3298 4339 Filium
3321 4283 3441 4350 Dei,

1877 4387 2003 4433 ante
2050 4378 2233 4432 omnia
2274 4376 2492 4440 saecula,
2525 4383 2578 4429 et
2611 4382 2736 4427 ante
2788 4387 2951 4427 omne
2987 4374 3315 4444 principium
3372 4391 3442 4431 ex

197 4477 529 4548 γεννηθέντα
557 4480 621 4532 ὲκ
647 4476 740 4532 τοῦ
772 4479 905 4533 Θεοῦ
922 4497 936 4512 ·
965 4481 1031 4533 δι’
1054 4476 1115 4535 οῦ
1146 4480 1214 4534 τὰ
1236 4480 1411 4550 πάντα
1437 4481 1650 4550 ἐγένετο
1667 4517 1682 4543 ,
1706 4478 1771 4533 τὰ

1884 4468 1990 4525 Deo
2016 4470 2258 4539 genitum
2298 4487 2311 4521 ;
2340 4482 2436 4538 per
2467 4480 2631 4536 quem
2662 4464 2846 4520 omnia
2871 4463 3015 4520 facta
3044 4476 3171 4551 sunt
3205 4467 3444 4523 visibilis

272 4642 322 4674 ³⁸
361 4641 575 4698 Coloss.
603 4659 644 4710 ι,
681 4643 769 4697 15.

244 4848 256 4860 ,
274 4778 393 4849 (87)
428 4777 554 4834 Haec
581 4778 677 4832 καὶ
705 4777 766 4831 τὸ
786 4777 1118 4849 ὁμοιοούσιον
1139 4773 1336 4829 desunt
1370 4773 1511 4844 apud
1545 4772 1777 4844 Epipha-

199 4863 378 4903 mum.

276 4917 390 4999 (89)
430 4917 649 4999 Πατέρα
682 4917 834 4999 deest
866 4916 1126 4999 ineditis,
1153 4916 1248 4973 sed
1288 4912 1517 4968 habetur
1548 4913 1600 4967 in
1635 4912 1767 4983 Reg.

198 4984 403 5057 Epiph.
433 4984 645 5043 Socrat.
680 4995 735 5057 et
766 4987 984 5055 Niceph.

300 5054 391 5126 89)
436 5057 652 5126 Epiph.,
675 5056 766 5109 τὸν
795 5054 924 5109 Υἱὸν
952 5057 1047 5110 τοῦ
1072 5054 1229 5111 Θεοῦ.

296 5120 389 5195 90)
431 5120 646 5181 εὐοῖ-ιιι.
669 5134 724 5180 et
750 5127 997 5195 Nicepln,
1043 5128 1175 5180 Θεὸν
1220 5123 1389 5192 Λόγον
1421 5123 1486 5176 ὲκ
1528 5120 1686 5177 Θεοῦ.
1714 5120 1772 5176 ιιι

200 5194 398 5266 iisdem
428 5198 592 5266 paulo
622 5205 747 5266 post
768 5194 996 5266 δύναμιν
1024 5197 1195 5266 deest.

276 5212 398 5249 ueni
428 5212 592 5319 git)qu
622 5212 747 5266 pom
768 5212 996 5266 ουναμιν
1024 5212 1195 5251 ueeSt.

276 5265 387 5336 (91)
507 5277 665 5336 crat.,
716 5265 1015 5336 εἰληφέναι.
1071 5264 1193 5320 Mox
1240 5264 1435 5334 Epiph.
1470 5260 1680 5316 Socrat.
1719 5268 1774 5315 et

276 5282 387 5336 (ut)
432 5282 665 5329 δοοηιιη
716 5282 796 5318 ειΑ
836 5282 1015 5333 φεναι.

198 5332 405 5407 Nicepli
416 5376 457 5407 .,Α
472 5335 765 5407 ξΠα-ρθένου
782 5282 1022 5407 ὢαρίας.

274 5404 387 5475 (92)
427 5405 517 5459 Sic
545 5401 678 5475 Reg.
724 5401 918 5475 Epiph.
965 5404 1267 5475 Editi‘vero
1317 5418 1442 5475 cum
1475 5401 1685 5475 chrat.
1719 5409 1774 5475 et

200 5469 345 5537 me,
370 5469 474 5528 ’καὶ
505 5469 685 5529 πάλιν.
719 5469 887 5528 Paulo
935 5485 1056 5543 post
1104 5473 1323 5544 Epiph.,
1352 5470 1685 5542 Πιστεύομεν
1715 5469 1772 5522 δὲ

200 5543 297 5598 καὶ
327 5546 407 5606 εἰς
432 5545 490 5615 ἒν
521 5546 673 5612 ἆγιον
702 5545 943 5615 Πνεῦμα.

273 5615 386 5683 (95)
426 5609 643 5683 Epiph.,
675 5609 935 5683 ἀνελθεῖν.
968 5611 1090 5668 Mox
1126 5613 1286 5667 τοῦτο
1325 5613 1478 5683 ἄθρει
1506 5611 1559 5664 in
1587 5609 1768 5665 editis.

203 5680 313 5753 Sed
342 5680 571 5753 habetur
601 5685 654 5737 in
683 5682 815 5751 Reg.
849 5684 1036 5753 Epiph.
1075 5683 1370 5753 Socrataet
1399 5682 1517 5753 Nic.

271 5752 384 5825 (9ι)
428 5752 644 5823 Epiph.,
676 5749 835 5806 τοῦτο
858 5749 964 5824 isi-5,5
979 5754 1253 5807 mendose.
1292 5752 1414 5807 Mox
1457 5749 1668 5806 Socrat.
1716 5759 1772 5803 et

517 5849 792 5911 Ῥιτιιοι..
838 5852 959 5913 Cn.
1002 5850 1211 5910 XXVI

1871 4761 2013 4832 Nic.,
2040 4764 2346 4836 ἀλλοτρίους
2373 4761 2510 4820 εἶναι
2533 4764 2633 4836 τῆς
2661 4765 2950 4836 καθολικῆς
2990 4766 3332 4836 Ἑκκλησίας.

1945 4837 2058 4908 (95)
2097 4834 2263 4908 Addit
2303 4834 2520 4908 Epiphi,
2542 4834 2627 4908 τῇ
2659 4834 3443 4908 nictetaQumAmox—sequun-

1873 4905 1962 4964 tur
1991 4905 2047 4960 iii
2073 4907 2201 4961 edit.
2234 4905 2431 4967 Paris.,
2454 4905 2617 4959 Ταῦθ’
2645 4908 2692 4976 οἱ
2716 4907 2842 4976 περὶ
2865 4905 3143 4969 Εὑσέϐιον,
3170 4908 3349 4960 addita
3373 4910 3443 4966 de

1872 4992 2046 5036 more,
2079 4975 2461 5041 expunximus.
2490 4977 2616 5043 quia
2650 4975 2701 5028 in
2726 4975 2875 5030 nullo
2900 4978 3169 5029 habentur
3192 4977 3315 5031 cod.
3336 4992 3441 5032 nec

1874 5049 1929 5103 in
1959 5047 2087 5101 edit.
2117 5044 2383 5099 Commel.
2420 5042 2554 5109 Quae
2587 5056 2892 5109 sequuntur
2930 5059 3096 5109 porro
3144 5061 3320 5109 usque
3367 5047 3440 5101 ad

1874 5064 1929 5103 ιιι
1959 5061 2087 5101 edit.
2117 5061 2383 5099 uommei.
2420 5061 2554 5109 Quae
2587 5061 2892 5112 sequuntur
2930 5061 3096 5113 porro
3144 5061 3320 5113 usque
3367 5061 3440 5101 au

1872 5132 2025 5171 num.
2057 5116 2127 5170 52
2160 5114 2368 5184 aliquot
2418 5122 2542 5183 post
2592 5116 2774 5184 datam
2821 5114 3106 5184 epistolam
3138 5117 3296 5169 annis
3330 5116 3440 5171 huc

1871 5188 2081 5255 adjecta
2113 5181 2280 5238 fuisse
2305 5181 2545 5255 diximus
2576 5184 2630 5237 in
2665 5181 2892 5255 Monito.

1945 5252 2054 5326 (96)
2099 5255 2313 5326 Decima
2335 5252 2575 5326 formula
2600 5253 2804 5326 scr_ipta
2852 5268 2997 5326 anno
3021 5252 3145 5326 360.
3178 5252 3282 5326 Qui
3312 5254 3440 5326 titu-

1873 5322 1959 5381 lus
1988 5322 2044 5379 in
2069 5325 2196 5379 edit.
2226 5322 2397 5376 Paris.
2416 5324 2627 5392 legitur,
2651 5322 2842 5393 Ἑτέρα
2865 5323 2963 5393 τῆς
2991 5324 3222 5386 πίστεως
3250 5325 3440 5392 ὁμολο-

1871 5397 1987 5465 γία,
2019 5413 2050 5451 a
2079 5393 2486 5448 Parisiensihus
2525 5394 2592 5448 de
2627 5409 2776 5465 more
2826 5393 3042 5465 additus
3072 5395 3307 5465 absque
3330 5397 3438 5450 ulla

1871 5460 2210 5526 auctoritate,
2235 5465 2472 5517 omissus
2502 5478 2530 5516 a
2567 5463 2723 5517 nobis
2763 5472 2864 5516 est.
2900 5460 3271 5518 Theodoretus
3298 5464 3439 5520 hanc

1870 5537 2025 5660 lagert
2055 5536 2147 5589 lib.
2275 5547 2395 5602 cap.
2421 5533 2485 5585 21
2509 5550 2525 5600 ;
2548 5534 2780 5597 Socrat.,
2811 5533 2904 5586 lib.
2933 5548 2994 5598 ιι,
3027 5548 3148 5603 cap.
3176 5532 3239 5588 5i
3264 5533 3437 5601 ;Nic.,

1893 5624 1906 5659 l
1950 5644 1963 5657 .
2000 5621 2075 5660 ix.
2107 5621 2157 5659 c.
2266 5641 2280 5655 .

1893 5621 1963 5660 ιι).
2000 5621 2079 5667 IX.
2107 5621 2157 5659 C.
2190 5621 2280 5657 44.

1942 5675 2235 5739 Τιιθοιὶοτ.,
2269 5674 2347 5734 εἰς
2374 5672 2469 5725 ἕνα
2496 5673 2589 5725 καὶ
2624 5672 2782 5741 μόνον
2811 5669 3061 5741 ἀληθινὸν
3085 5671 3238 5727 Θεόν.
3279 5670 3437 5731 Socr.

1942 5690 2235 5739 'lneouor.,
2269 5690 2347 5734 εις
2375 5690 2469 5725 ενα
2496 5690 2589 5725 και
2663 5690 2782 5726 ονον
2811 5690 2899 5725 an

1870 5755 1924 5800 et
1950 5743 2093 5811 Nic.,
2128 5746 2205 5806 εἰς
2233 5744 2327 5794 ἕνα
2358 5743 2515 5812 μόνον
2543 5690 2692 5796 Sciit.
2780 5799 2791 5812 ,
2898 5746 2899 5749 “
