3822 6226
338 332 440 390 ’14⁸1

910 328 969 385 S.
1010 322 1382 380 ATIIANASII
1420 320 1573 378 OPP.
1613 320 1796 377 PARS
1834 319 1877 375 1.
1918 349 1990 360 -
2028 314 2401 372 HISTORICA
2442 312 2529 367 ET
2571 309 2991 367 DOGMATICA.

3477 315 3541 369 7.1
3551 314 3593 368 8

339 467 394 510 et
419 452 730 519 invisibilia,
777 464 1014 521 eumque
1053 445 1427 519 Unigenitum,
1454 443 1634 499 solum
1665 457 1732 497 ex
1775 441 1894 498 solo

2040 436 2166 492 δατά
2185 435 2281 490 καὶ
2318 432 2388 488 τά
2421 432 2658 503 ἀόρατα,
2691 429 3021 501 γεννηθέντα
3049 428 3160 520 (97)
3195 430 3252 482 δὲ
3277 432 3590 498 Μονογενῆ,

339 545 721 612 Patre,‘Deum
751 558 814 599 ex
844 542 970 607 Deo,
1006 540 1241 596 similem
1274 535 1455 592 Patris
1481 536 1577 605 qui
1605 550 1664 591 se
1690 535 1902 606 genuit,

343 633 643 690 sedundum
691 629 1002 699 Scripturas
1038 645 1054 695 ;
1089 626 1248 695 cujus
1288 625 1691 695 generationem
1740 636 1904 677 nemo

343 723 496 778 novit
524 720 627 774 nisi
656 718 807 775 solus
830 716 992 770 Pater
1015 713 1110 784 qui
1133 712 1319 782 genuit
1343 725 1491 766 eum.
1515 707 1671 762 Hunc
1697 708 1905 762 scimus

345 811 699 882 Unigenitum
736 808 830 863 Dei
880 805 1076 861 Filium
1123 804 1373 858 mittente
1421 798 1581 854 Patre
1630 812 1698 853 ex
1751 796 1906 851 cmlis

344 904 653 968 adVenisse,
702 900 843 957 sicut
877 898 1142 966 scriptum
1193 903 1297 960 est,
1361 892 1428 946 ad
1481 888 1905 946 destructionem

343 994 627 1065 peccati5et
641 990 862 1056 mortis;
879 996 933 1042 et
960 986 1119 1058 597
1139 999 1204 1039 es
1218 982 1418 1053 Spiritu
1434 989 1622 1036 sancto
1634 988 1819 1033 natum
1840 976 1910 1031 de

345 1081 515 1138 Maria
545 1079 769 1150 Virgine
800 1075 1099 1134 secundum
1136 1078 1376 1137 carnem,
1404 1078 1464 1125 ut
1494 1069 1755 1137 scriptum
1784 1073 1905 1121 est:

346 1190 472 1230 cum
506 1171 790 1241 discipulis
845 1172 1226 1224 conversatum
1248 1204 1264 1229 ,
1304 1171 1358 1216 et
1389 1160 1645 1215 universa
1692 1157 1912 1227 dispen-

347 1267 559 1321 satione
583 1262 883 1319 secundum
908 1259 1237 1314 voluntatem
1263 1252 1442 1307 Patris
1468 1250 1709 1319 impleta,
1737 1245 1912 1301 cruci-

349 1362 539 1421 ﬁxum,
593 1362 869 1409 mortuum
918 1365 984 1406 ac
1018 1348 1291 1419 sepultum
1334 1359 1476 1410 esse,
1516 1351 1571 1397 et
1603 1342 1670 1395 ad
1708 1337 1913 1394 inferos

347 1445 732 1509 descendisse,
770 1457 932 1513 quem
966 1441 1083 1511 ipse
1138 1438 1384 1493 infernus
1433 1432 1769 1491 exhorruit:
1816 1429 1913 1499 qui

348 1540 512 1593 etiam
540 1537 697 1591 tertia
740 1535 829 1590 die
859 1532 1157 1588 resurrexit
1191 1544 1224 1584 a
1257 1527 1507 1592 mortuis,
1552 1532 1608 1579 et
1645 1537 1770 1578 cum
1800 1521 1914 1575 dis-

349 1628 545 1699 cipulis
589 1635 840 1681 versatus
866 1632 952 1678 est
982 1641 995 1678 :
1033 1631 1087 1677 et
1128 1620 1364 1690 impletis
1392 1615 1750 1688 quadraginta
1799 1612 1915 1666 die-

2006 506 2165 600 μόνον
2196 528 2261 579 ἐκ
2291 524 2451 596 μόνου
2479 523 2573 576 τοῦ
2595 522 2832 593 Πατρδς,
2862 521 2994 574 Θεὸν
3019 523 3081 575 ἐκ
3103 506 3261 586 Θεοῦ,
3294 522 3480 593 ὅμοιον
3504 522 3591 593 τῷ

2003 618 2319 689 γεννήσαντι
2364 614 2526 667 αὑτὸν
2576 613 2753 684 Πατρὶ
2796 612 2937 666 κατά
2969 612 3066 676 τὰς
3097 613 3318 685 Γραφάς
3338 630 3351 644 ’
3386 606 3448 666 οὗ
3480 615 3592 683 τὴν

2004 709 2215 778 γένεσιν
2246 704 2358 775 (98)
2385 704 2560 767 οὐδεὶς
2593 702 2851 773 γινώσκει
2886 705 2933 755 εί
2967 702 3043 774 μὴ
3077 703 3238 773 μόνος
3258 706 3287 756 6
3311 706 3592 775 γεννήσας

2006 799 2166 855 αὑτὸν
2202 800 2408 870 Πατήρ.
2445 796 2642 849 Τοῦτον
2690 794 2912 865 οἴδαμεν
2963 798 3225 864 μονογενῆ
3257 794 3397 847 Θεοῦ
3430 795 3589 857 Υίὸν,

2006 892 2315 962 πέμποντος
2343 888 2437 943 τοῦ
2473 887 2706 959 Πατρός,
2737 886 3213 958 παραγεγενῆσθαι
3248 885 3359 953 (99)
3387 886 3453 939 ἐκ
3479 885 3593 938 τῶν

2007 982 2251 1055 οὐρανῶν
2270 1024 2285 1049 ,
2326 982 2402 1044 ὡς
2431 980 2743 1051 γέγραπται
2768 1018 2785 1042 ,
2820 980 2915 1031 ἐπὶ
2946 976 3239 1031 καταλύσει
3266 977 3367 1046 τῆς
3402 977 3589 1048 ἀμαρ-

2007 1076 2130 1139 τίας
2162 1074 2254 1127 καὶ
2284 1071 2378 1126 τοῦ
2411 1071 2663 1134 θανάτου,
2697 1070 2791 1122 καὶ
2823 1068 3148 1139 γεννηθέντα
3177 1069 3243 1122 ὲκ
3267 1066 3593 1137 Πνεύματος

2009 1165 2165 1234 ἁγίου
2189 1204 2204 1230 ,
2232 1165 2297 1217 ἐκ
2321 1162 2539 1235 Μαρίας
2569 1162 2643 1232 (1)
2681 1164 2781 1232 τῆς
2813 1160 3087 1232 Παρθένου
3120 1158 3184 1212 τὺ
3216 1159 3357 1213 κατὰ
3385 1158 3592 1231 σάρκα,

2010 1258 2087 1321 ὡς
2107 1256 2437 1328 γέγραπται,
2456 1254 2552 1307 καὶ
2572 1251 2987 1324 ἀναστραφέντα
3017 1249 3155 1321 μετά
3174 1249 3279 1303 τῶν
3305 1248 3593 1321 μαθητῶν,

2011 1349 2107 1403 καὶ
2136 1349 2314 1419 πάσης
2337 1347 2437 1417 τῆς
2455 1345 2762 1414 οἰκονομίας
2786 1342 3161 1415 πληρωθείσης
3190 1342 3331 1396 κατὰ
3358 1341 3459 1412 τὴν
3486 1358 3593 1395 πα-

2010 1440 2205 1511 τρικὴν
2240 1439 2513 1509 βούλησιν,
2548 1436 2944 1507 σταυρωθέντα,
2980 1435 3074 1488 καὶ
3098 1432 3435 1487 ἀποθανόντα
3453 1471 3470 1497 ,
3495 1432 3595 1484 καὶ

2014 1531 2286 1601 ταφέντα,
2321 1531 2417 1584 καὶ
2463 1531 2543 1593 εἰς
2574 1528 2643 1581 τὰ
2667 1526 2997 1597 καταχθόνια
3026 1523 3431 1596 κατεληλυθότα
3475 1523 3592 1593 (ΞΥ

2016 1624 2197 1678 ὅντινα
2239 1624 2333 1678 καὶ
2372 1622 2533 1685 αὐτὸς
2561 1624 2588 1674 6
2617 1620 2752 1692 ᾅδης
2780 1618 3041 1689 ἔπτηξενο
3086 1619 3232 1679 ὅστις
3263 1615 3358 1669 καὶ
3389 1614 3594 1685 ἀνέστη

350 1721 454 1775 bus
477 1725 789 1786 assumptus
815 1724 899 1770 est
935 1714 989 1767 in
1018 1712 1186 1768 oculos
1210 1752 1225 1777 ,
1257 1719 1311 1765 et
1339 1710 1489 1764 sedet
1517 1706 1584 1761 ad
1626 1706 1910 1760 dexteram

2040 1715 2123 1768 ιπὸ
2151 1713 2258 1767 τῶν
2289 1713 2497 1787 νεκρῶν
2522 1714 2585 1781 τῇ
2617 1712 2775 1784 τρίτῃ
2806 1710 3021 1782 ἡμέρᾳ,
3062 1707 3158 1761 καὶ
3181 1705 3420 1778 διέτριψε
3450 1706 3600 1776 μετά

351 1808 553 1873 Patris,
597 1814 858 1860 venturus
898 1803 1094 1858 ultimo
1144 1798 1563 1855 resurrectionis
1591 1795 1679 1850 die
1713 1794 1768 1848 in
1818 1807 1916 1862 pa-

2040 1806 2125 1860 τῶν
2157 1804 2408 1877 μαθητῶν
2427 1821 2440 1834 σ
2475 1804 2568 1857 καὶ
2601 1800 2986 1874 πληρωθεισῶν
3017 1798 3423 1870 τεσσαράκοντα
3449 1799 3597 1868 ἠμε-

352 1912 503 1956 terna
538 1898 731 1969 gloria,
765 1905 824 1950 ut
864 1894 1051 1949 reddat
1078 1892 1375 1961 unicuique
1416 1888 1715 1945 secundum
1749 1898 1914 1955 opera

352 2005 473 2045 sua.
501 1988 570 2041 Et
609 1989 665 2041 in
703 1986 963 2055 Spiritum
1014 1990 1283 2045 sanctum,
1319 1994 1481 2049 quem
1515 1979 1631 2048 ipse
1654 1973 1917 2045 Unigeni-

353 2089 441 2135 tus
468 2077 562 2131 Dei
590 2077 784 2140 Filius,
813 2073 1099 2140 Christus,
1132 2072 1394 2128 Dominus
1434 2077 1489 2125 et
1528 2068 1671 2122 Deus
1699 2074 1908 2125 noster,

352 2168 607 2239 promisit
631 2182 690 2222 se
715 2166 1009 2222 missurum
1055 2165 1239 2236 generi
1268 2164 1510 2218 humano
1537 2157 1877 2213 Paracletum
1896 2192 1913 2219 ,

354 2262 496 2316 sicut
527 2258 790 2328 scriptum
843 2268 926 2313 est
953 2258 1037 2312 ηε
1092 2255 1355 2325 Spiritum
1398 2250 1642 2308 veritatis
1674 2286 1691 2316 ,
1752 2262 1918 2318 quem

353 2350 491 2421 ipsis
519 2349 691 2416 misit,
725 2357 1016 2420 postquam
1074 2347 1412 2403 ascendisset
1450 2344 1507 2399 in
1546 2342 1770 2398 coelum.
1808 2339 1920 2395 No-

354 2456 480 2496 men
511 2449 693 2497 autem
727 2438 1067 2505 substantia,
1098 2438 1247 2510 quod
1272 2435 1572 2507 simplicius
1602 2448 1634 2488 a
1657 2431 1915 2487 Patribus

352 2530 593 2601 positum
620 2539 724 2593 est,
767 2540 822 2585 et
867 2529 1111 2599 ignotum
1158 2529 1396 2600 populis,
1446 2527 1735 2585 oﬂ‘ensioni
1786 2528 1921 2598 fuit,

357 2623 621 2692 quoniam
682 2622 740 2676 in
808 2619 1107 2692 Scripturis
1152 2635 1263 2675 non
1310 2620 1656 2684 continetur,
1718 2620 1926 2691 placuit

357 2715 617 2780 amoveri,
647 2728 749 2769 nec
765 2713 931 2767 ullam
958 2714 1181 2767 omnino
1207 2712 1460 2782 deinceps
1484 2713 1603 2783 ejus
1623 2714 1738 2768 ﬁeri
1766 2728 1923 2768 men-

358 2805 563 2862 tionem
586 2820 600 2867 ;
622 2803 1060 2874 quandoquidem
1087 2803 1284 2859 divinae
1312 2802 1609 2874 Scriptura:
1650 2819 1923 2875 nusquam

359 2897 683 2952 substantia:
721 2895 896 2951 Patris
928 2909 993 2949 ac
1026 2894 1147 2949 Filii
1178 2895 1494 2949 meminere.
1539 2894 1653 2950 lmo
1682 2910 1785 2951 nec
1817 2896 1920 2966 by-

2025 1895 2163 1968 ρῶν,
2196 1893 2468 1965 ἀνελήφθη
2501 1895 2578 1956 είς
2600 1894 2726 1955 τοὺς
2758 1891 3017 1963 οὐρανοὺς
3036 1929 3051 1954 ,
3102 1890 3194 1943 καὶ
3217 1886 3507 1954 καθέζεται
3537 1890 3602 1940 ὲν

2020 1986 2168 2057 δεξιᾷ
2192 1984 2284 2039 τοῦ
2307 1984 2539 2055 Πατρὸς,
2566 1982 2912 2052 ἐλευσόμενος
2941 1982 3017 2052 (5)
3044 1983 3102 2032 ἐν
3132 1983 3198 2051 τῇ
3225 1980 3439 2053 ἐσχάτῃ
3455 1978 3603 2050 ἡμέ-

2024 2097 2093 2152 ρᾳ
2119 2080 2218 2150 τῆς
2242 2077 2588 2138 ἀναστάσεως
2620 2078 2678 2129 ἐν
2704 2077 2770 2145 τῇ
2804 2076 3039 2144 πατρικῇ
3082 2072 3240 2143 δόξῃ,
3287 2072 3374 2124 ῐνα
3408 2072 3602 2142 ἀποδῷ

2023 2171 2236 2241 ἑκάστῳ
2263 2168 2406 2223 κατά
2431 2168 2499 2221 τὰ
2531 2167 2667 2237 ἔργα
2692 2164 2856 2219 αὐτοῦ
2873 2181 2887 2197 ο
2912 2166 3008 2218 καὶ
3040 2165 3118 2227 είς
3140 2162 3202 2217 τὸ
3233 2163 3386 2232 ἆγιον
3420 2162 3605 2215 Πνεῦ-

2028 2280 2102 2333 μα
2122 2303 2135 2326 ,
2175 2263 2309 2332 ὅπερ
2349 2259 2510 2322 αὐτὸς
2544 2262 2572 2311 6
2625 2257 2913 2328 μονογενὴς
2945 2255 3038 2309 τοῦ
3068 2253 3203 2309 Θεοῦ
3261 2254 3390 2319 Υίὸς
3437 2255 3514 2327 (4)
3569 2257 3606 2309 ὁ

2024 2350 2275 2422 Χριστὸς,
2305 2352 2334 2403 6
2360 2349 2561 2422 Κύριος
2593 2348 2686 2401 καὶ
2711 2347 2842 2409 Θεὸς
2862 2346 3016 2419 ἡμῶν
3034 2386 3049 2411 ,
3073 2347 3431 2418 ἐπηγγείλατο
3459 2348 3606 2418 πέμ..

2025 2460 2149 2496 πειν
2179 2440 2255 2512 τῷ
2286 2441 2432 2510 γένει
2464 2439 2572 2493 τῶν
2596 2437 2897 2511 ἀνθρώπων
2925 2439 3272 2510 παράκλητον
3290 2483 3305 2506 ,
3346 2440 3607 2513 καθάπερ

2027 2533 2363 2604 γέγραπται·
2415 2530 2487 2584 Τὸ
2528 2530 2751 2602 Πνεῦμα
2785 2530 2880 2601 τῆς
2910 2530 3194 2601 ἀληθείας,
3238 2531 3375 2603 ὅπερ
3418 2532 3607 2596 αὐτοῖς

2028 2623 2306 2696 ἔπεμψεν,
2351 2624 2439 2677 ὅτε
2472 2622 2700 2694 ἀνῆλθεν
2731 2622 2806 2692 (5)
2830 2624 2909 2686 είς
2933 2624 3058 2687 τοὺς
3083 2623 3363 2696 οὐρανούς.
3432 2626 3507 2678 Τὸ
3546 2626 3609 2678 δὲ

2028 2714 2200 2785 ὄνομα
2236 2718 2336 2787 τῆς
2385 2715 2572 2779 οὐσίας
2596 2756 2611 2781 ,
2668 2714 2804 2786 ὅπερ
2838 2713 3202 2787 ἁπλούστερον
3241 2716 3348 2769 ὑπὸ
3384 2717 3492 2770 τῶν
3524 2717 3609 2787 (6)

2032 2807 2294 2880 Πατέρων
2321 2806 2505 2879 ἐτέθη,
2525 2807 2885 2879 ἀγνοούμενον
2907 2807 2964 2861 δὲ
2985 2812 3098 2873 τοῖς
3116 2808 3283 2873 λαοῖς,
3310 2810 3612 2865 σκάνδαλον

2032 2896 2214 2967 ἔφερε,
2237 2897 2368 2950 διότι
2392 2898 2525 2968 μηδὲ
2552 2899 2608 2950 αἱ
2629 2898 2842 2968 Γραφαὶ
2873 2898 3031 2951 τοῦτο
3057 2899 3419 2972 περιέχουσιν,
3439 2901 3613 2972 ἤρεσε

359 2987 600 3059 postasis
628 2987 697 3043 de
722 2986 883 3042 Patre
915 3000 969 3041 et
1014 2985 1152 3042 Filio
1178 2995 1234 3044 et
1268 2985 1474 3057 Spiritu
1514 2996 1705 3043 sancto
1749 2987 1921 3042 nomi-

2040 2989 2445 3060 περιαιρεθῆναι
2465 3030 2481 3055 ,
2509 2989 2602 3042 καὶ
2633 2989 2907 3052 παντελῶς
2943 2990 3468 3063 μηδεμίαν-,μνήμην
3509 2993 3612 3046 τοῦ

360 3082 481 3137 nari
507 3081 685 3137 debet.
737 3079 985 3135 Similem
1018 3087 1199 3134 autem
1248 3079 1483 3135 dicimus
1521 3077 1669 3133 Patri
1705 3076 1925 3145 Filium,

2033 3080 2222 3134 λοιποῦ
2241 3079 2503 3148 γίνεσθαι·
2529 3080 2827 3153 ἐπειδήπερ
2853 3082 2948 3134 καὶ
2974 3083 3028 3133 αἱ
3055 3082 3193 3135 θεῖαι
3219 3083 3434 3153 Γραφα¹ι
3452 3084 3615 3138 οὐδαι-

361 3184 430 3230 ιιι
473 3174 775 3246 loquuntur
809 3180 864 3228 et
906 3173 1106 3228 docent
1143 3171 1342 3226 divinae
1370 3169 1685 3240 Scripturae.
1719 3143 1921 3225 Omnes

2040 3172 2151 3245 μῶς
2176 3143 2583 3243 ἐμνημόνευσαν
2606 3143 2733 3255 περ).
2757 3143 2941 3236 ούσίας
2963 3173 3177 3245 Πατρὺς
3204 3143 3298 3226 καὶ
3315 3143 3471 3229 Ἰλὶοὖδ
3498 3176 3615 3229 Καὶ

360 3279 526 3338 porro
554 3268 810 3332 haereses,
828 3264 942 3320 sive
962 3264 1095 3319 olim
1123 3262 1393 3316 damnatae
1422 3260 1535 3316 sive
1556 3276 1747 3316 recens
1769 3269 1924 3325 ortae,

362 3373 486 3427 qua;
536 3358 663 3413 huic
710 3372 744 3412 a
791 3356 950 3412 nobis
995 3354 1157 3411 edite
1198 3354 1487 3424 scriptura:
1530 3353 1926 3420 adversantur,

362 3449 656 3505 anathema
681 3457 866 3504 sunto.
901 3465 920 3499 ι

2033 3265 2140 3336 γὰρ
2169 3263 2287 3318 οὐδὲ
2310 3262 2385 3333 (7)
2403 3262 2606 3331 ὀφείλει
2639 3263 2933 3326 ὑπόστασις
2960 3264 3087 3334 περὶ
3116 3264 3329 3335 Πατρός
3354 3266 3450 3319 καὶ
3476 3266 3614 3319 Υἱοῦ

2034 3355 2130 3409 καὶ
2156 3354 2312 3423 ἀγίου
2347 3353 2660 3424 Πνεύματος
2690 3353 3068 3425 ὀνομάζεσθαι.
3118 3356 3340 3426 Ὅμοιον
3368 3356 3426 3409 δὲ
3452 3356 3617 3426 λέγο-

2040 3464 2140 3519 μεν
2168 3445 2245 3516 τῷ
2274 3446 2449 3517 Πατρ).
2480 3440 2570 3499 τόν
2599 3444 2746 3509 Υίὸν,
2778 3444 2854 3509 ὡς
2886 3445 3130 3515 λέγουσιν
3156 3448 3211 3499 αἱ
3233 3445 3373 3502 θεῖαι
3398 3449 3619 3521 Γραφαὶ

362 3542 461 3596 καὶ
486 3540 815 3594 διδάσκουσι.
842 3540 1019 3593 Πᾶσαι
1043 3539 1101 3592 δὲ
1124 3539 1179 3592 αί
1212 3538 1470 3611 αἱρέσεις,
1502 3539 1564 3593 αἶ
1587 3555 1648 3593 τε
1676 3538 1775 3611 ἠδη
1802 3537 2066 3610 πρότερον
2102 3537 2519 3608 κατεκρίθησαν,
2539 3537 2633 3590 καὶ
2660 3536 2860 3601 αἵτινες
2878 3536 2971 3592 ἐὰν
2994 3539 3304 3611 καινότεραι
3322 3540 3613 3609 γένωνται,

365 3634 602 3690 ἐναντίαι
622 3634 984 3705 τυγχάνουσαι
1004 3635 1101 3704 τῆς
1124 3633 1436 3705 ὲκτεθείσης
1459 3632 1661 3702 ταύτης
1687 3634 1926 3706 γραφῆς,
1962 3630 2209 3702 ἀνάθεμα
2236 3630 2479 3684 ἔστωσαν
2502 3629 2601 3701 (8).
2634 3647 2653 3682 ι
3494 3652 3497 3655 -

436 3733 527 3788 3i.
556 3730 662 3786 Sed
699 3746 768 3786 ne
794 3731 880 3786 bis
909 3732 1129 3801 quidem
1162 3740 1385 3797 stetere,
1432 3746 1560 3785 nam
1600 3730 1921 3786 Constanti-

367 3822 552 3893 nopoli
578 3820 925 3876 Antiochiam
966 3819 1215 3890 profecti,
1261 3829 1472 3875 mutata
1500 3820 1769 3875 sententia
1802 3834 1932 3886 qua,

365 3907 520 3978 juxta
565 3920 753 3961 sacras
784 3904 1039 3969 Litteras,
1096 3903 1327 3958 similem
1371 3917 1493 3958 esse
1540 3900 1688 3957 Patri
1738 3899 1933 3954 Filium

368 3997 575 4066 scripto
608 3995 988 4059 tradiderant,
1028 3994 1482 4063 concinnatjsque
1512 3992 1581 4048 iis
1606 4007 1732 4062 quae
1768 4006 1931 4046 exco-

369 4086 630 4156 gitarant,
662 4101 856 4141 rursus
906 4085 975 4140 ad
1021 4086 1261 4155 priorem
1308 4083 1513 4142 reversi
1557 4082 1879 4139 sententiam
1915 4121 1921 4144 ε

2040 4091 2367 4162 ἐπενόησαν,
2394 4087 2626 4162 ῆρξαντο
2655 4087 2814 4141 πάλιν
2860 4086 3175 4158 ἀνατρέχειν
3203 4089 3284 4151 είς
3311 4087 3379 4142 τά
3421 4090 3617 4161 πρῶτα

2097 3728 2187 3781 51.
2225 3726 2301 3797 (9)
2348 3725 2487 3778 Ἀλλ’
2519 3724 2641 3778 οὐδὲ
2667 3725 2879 3789 τούτοις
2907 3724 3187 3795 ἐνέμειναν
3212 3742 3229 3755 ’
3262 3727 3616 3792 κατελθόντες

2038 3819 2147 3890 γὰρ
2193 3818 2300 3872 ἀπὸ
2340 3815 2959 3879 Κωνσταντινουπόλεως
2994 3818 3073 3879 εἰς
3122 3816 3219 3887 τὴν
3262 3819 3611 3890 Ἀντιόχειαν,

2044 3909 2407 3983 μετέγνωσαν,
2443 3909 2522 3961 ὅτι
2555 3906 2689 3970 ὅλως
2721 3905 2967 3977 ἔγραψαν
2989 3906 3173 3975 ὅμοιον
3201 3905 3281 3977 τῷ
3311 3908 3489 3981 Πατρὶ
3520 3910 3612 3963 τὸν

2040 4001 2201 4062 Υἱὸν,
2241 4000 2317 4062 ὡς
2348 3998 2596 4067 λέγουσιν
2631 3998 2686 4049 αἱ
2715 3996 2957 4068 Γραφαί·
3020 3997 3111 4050 καὶ
3160 3996 3443 4064 συνθέντες
3471 4000 3614 4074 άπερ

369 4177 629 4232 dixerunt
651 4174 833 4231 Patris
874 4177 1099 4231 omnino
1122 4176 1466 4240 dissimilem,
1497 4183 1553 4229 et
1591 4175 1739 4229 nullo
1771 4173 1921 4228 modc

2040 4182 2244 4237 ἑαυτῶν
2268 4221 2282 4245 ,
2317 4183 2409 4235 καὶ
2453 4181 2626 4250 λέγειν
2645 4222 2660 4247 ,
2703 4181 2785 4233 ὅτι
2829 4178 3105 4242 παντελῶς
3130 4179 3381 4251 ἀνόμοιός
3411 4184 3559 4236 ἐστιν
3586 4185 3616 4236 6

370 4265 608 4321 similem
641 4279 766 4320 esse
791 4265 972 4321 Patris
999 4264 1224 4331 Filium,
1258 4274 1314 4319 et
1335 4274 1617 4332 tantopere
1643 4279 1674 4317 a
1700 4263 1933 4332 pristina

2037 4275 2165 4338 Υἱὸς
2192 4273 2271 4344 τῷ
2299 4274 2502 4344 Πατρὶ,
2550 4273 2643 4326 καὶ
2673 4270 2793 4324 κατ’
2825 4270 3019 4323 οὐδένα
3048 4269 3213 4324 τόπον
3251 4272 3436 4343 ὅμοιός
3466 4276 3616 4327 ἐστιν

371 4365 552 4413 mente
575 4356 795 4412 deducti
837 4366 985 4422 sunt,
1021 4364 1081 4411 ut
1122 4356 1190 4411 iis
1217 4356 1309 4426 qui
1339 4356 1581 4425 apertius
1616 4355 1822 4407 Ariana
1853 4353 1921 4408 lo-

2042 4364 2071 4417 6
2097 4363 2225 4427 Υίδς
2256 4361 2333 4434 τῷ
2358 4361 2552 4433 Πατρὶ,
2586 4359 2835 4415 τοσοῦτον
2866 4359 3219 4431 μετεϐάλοντο
3250 4363 3381 4434 (l0),
3413 4364 3490 4426 ὡς
3522 4364 3618 4417 καὶ

445 4514 491 4546 ⁸⁸
527 4512 691 4571 Joan.
720 4530 832 4578 xw,
871 4503 959 4567 15.

597 4645 868 4719 Ῑὴθοιιοικ
879 4686 893 4707 ,
905 4645 1301 4719 γεγεννηκότα.

446 4711 556 4788 (93)
596 4717 865 4788 Theudor.
899 4711 1052 4771 Socr.
1079 4711 1219 4781 Mm,
1246 4716 1515 4787 γέννησιν.
1545 4713 1679 4769 Ibid.
1708 4711 1938 4780 Theod.,

375 4783 561 4852 οὐδεὶς
579 4783 740 4840 οἶδεν.

446 4858 558 4928 (99)
600 4859 811 4911 Socrat.
847 4868 898 4928 et
942 4852 1086 4928 Nic,
1130 4853 1553 4928 παραγενέσθαι,
1603 4863 1746 4928 ιι-οειΔ
1776 4862 1941 4928 quam

372 4924 838 4996 .vocemsequitur
864 4926 920 4996 i_n_
948 4926 1107 4996 editis
1143 4924 1323 4996 «grav,
1355 4940 1513 4980 secus
1542 4924 1809 4996 in’chio,
1836 4924 1941 4976 So-

375 5006 513 5079 prat.
546 4993 759 5079 ’1Ἰιιξὸι1ἱ
786 5004 841 5079 et
877 4993 994 5079 Nic.
1034 4995 1160 5049 Mox
1185 4994 1481 5060 Tlicodor.,
1509 4996 1589 5058 είς
1625 4993 1942 5064 καθαίρεσιν

373 5056 649 5153 ῥμαρτίας
675 5068 769 5164 καὶ
799 5064 1047 5166 θανάτου.
1466 5056 1475 5060 ’
1571 5056 1581 5058 ί
1640 5134 1653 5151 '
1796 5056 1808 5064 ’

450 5138 555 5205 (ιλ
569 5135 779 5190 Socnat.
810 5133 1033 5205 Nitepli.
1057 5133 1349 5195 Tlieodor.,
1376 5132 1741 5205 nlMaptag.
1777 5132 1942 5186 Paulo

380 5217 498 5274 post
524 5204 755 5278 Tlicoil.,
774 5205 867 5257 καὶ
884 5203 1420 5278 *σύναναστραφέντι
1448 5203 1615 5278 Ilicet
1639 5206 1689 5278 in
1714 5220 1945 5271 sequen-

381 5277 763 5329 tibusinultuin
786 5276 956 5328 variat
975 5274 1369 5339 Tlieodorelns,
1396 5275 1571 5327 verbis
1597 5275 1802 5338 solum,
1830 5287 1943 5327 non

375 5344 684 5433 patientia,
708 5358 765 5399 ut
792 5346 987 5433 cuiqu‘e
1009 5346 1209 5433 ytllfillli
1248 5346 1428 5433 videre
1453 5352 1555 5397 est.

451 5414 526 5484 (2)
558 5413 779 5486 ﬁegius,
803 5409 1243 5486 κατεληλυθέναι.
1265 5413 1569 5486 Paulo_pos_t
1596 5410 1819 5486 Regius,
1843 5409 1944 5465 So—

380 5480 517 5565 crat.
567 5480 815 5555 Niécph..
848 5483 956 5538 ἀπὸ
993 5480 1103 5538 τῶν
1146 5484 1373 5555 νεκρῶν.
1421 5480 1585 5548 Edtli,
1612 5480 1699 5535 ἐκ’
1720 5482 1828 5535 τῶν
1859 5498 1946 5535 νε-

381 5570 550 5620 κρων.

452 5623 528 5693 (ὅ)
556 5621 660 5693 Sic
690 5621 912 5693 Regius,
942 5620 1151 5677 Socrat.
1191 5631 1247 5678 et
1290 5619 1580 5693 Nicephor.
1623 5620 1764 5693 Editi
1792 5638 1945 5690 vero,

380 5689 934 5765 1λέυσάμενος.ξ1η1ιά
976 5694 1189 5748 Socrat.
1225 5702 1277 5747 et
1300 5691 1545 5761 Nicepli.,
1576 5689 1853 5767 ἀποδὼσῃ.

2119 4652 2191 4721 (4)
2233 4649 2541 4723 Υἱόςλάυθᾼει
2567 4647 2855 4723 in_Socrat.
2879 4654 2983 4723 et;
3011 4651 3241 4723 Χριστός
3266 4653 3317 4704 in
3351 4648 3578 4722 l‘x'iceph.

2118 4719 2195 4793 (5)
2242 4719 2568 4793 ξΑνελήφθη,
2604 4719 2816 4793 Socrat.
2849 4730 2903 4775 et
2932 4719 3156 4793 Nicepli.
3293 4787 3334 4793 _
3358 4789 3388 4793 μ
3422 4760 3441 4793 _.

2086 4787 2195 4874 _(6)
2236 4789 2327 4845 Sic
2360 4787 2582 4861 Regius,
2610 4790 2820 4845 Socrat.
2868 4801 2921 4846 et
2972 4787 3245 4847 Tlieodor.
3293 4787 3460 4857 Editi,
3508 4791 3618 4844 ἀπὸ

2044 4879 2174 4916 των.

2120 4931 2196 5001 ('7)
2222 4929 2449 5001 (Socrat.
2484 4938 2538 4984 et
2578 4926 2827 5001 Niceth
2862 4930 2982 4986 οὐκ.
3014 4928 3135 5001 Hic
3162 4931 3390 4983 multum
3447 4930 3623 5001 variat

2048 4998 2342 5065 Theudor.,
2378 5001 2530 5069 Μήτε
2562 4998 2665 5069 μὴν
2693 4999 2800 5053 δεῖν
2832 5001 2923 5052 ἐπὶ
2963 4998 3250 5069 προσώπου
3282 5000 3494 5069 Πατρός
3529 4998 3623 5053 καὶ

2049 5070 2179 5141 Υίοῦ
2208 5070 2302 5123 καὶ
2328 5068 2821 5141 ἁγίου-Πνεύματος
2855 5069 2983 5140 μίαν
3014 5068 3320 5122 ὑπόστασιν
3361 5068 3624 5141 ὀνομάζε-

2051 5140 2424 5209 σθαί.“Ομοίον
2452 5136 2509 5209 δὲ
2535 5136 2786 5209 λέγομεν.

2119 5210 2195 5280 (8)
2232 5207 2288 5280 lii
2323 5209 2451 5280 edit.
2475 5207 2649 5280 Paris.
2670 5207 2751 5262 Vde
2785 5224 2935 5264 more
2974 5208 3215 5280 additum
3248 5207 3350 5262 fuit
3380 5208 3550 5280 Ταῦθ’
3573 5211 3623 5261 οἱ

2049 5276 2185 5349 ιπερὶ⁷
2207 5276 2698 5349 Εὐσέϐιονηειιιιιο-
2717 5280 2935 5349 quidem
2980 5278 3308 5349 auctoritate
3341 5296 3354 5332 :
3385 5278 3623 5349 inlegque

2049 5345 2323 5416 omissum;
2354 5356 2455 5400 est.
2495 5345 2618 5401 Mox
2665 5345 2866 5416 Regius
2894 5357 2947 5402 et
2977 5346 3166 5408 Basil.,
3195 5347 3425 5410 τούτοις.
3478 5345 3624 5401 Editi

2050 5417 2213 5479 male,
2234 5412 2475 5477 τούτους.
2504 5416 2636 5484 ρυλε
2663 5412 2968 5484 sequuntur
2988 5416 3315 5472 conferenda
3344 5432 3469 5472 cum
3492 5416 3626 5476 Eui-

2050 5487 2188 5557 stola
2218 5486 2283 5557 de
2308 5485 2538 5557 decretis
2568 5483 2797 5557 Nicaeum
2824 5487 3035 5557 synodi.

2122 5552 2534 5628 (9)_Undecima
2567 5555 2687 5608 ﬁdei
2712 5552 2944 5628 formula
2972 5571 3116 5611 anno
3137 5556 3261 5611 561.

2123 5622 2237 5706 (l0)
2277 5622 2368 5677 Sic
2385 5638 2593 5706 ,οπο-ηεξ
2627 5627 2980 5706 manuscripti
3012 5637 3067 5682 et
3099 5628 3229 5683 edit.
3259 5624 3622 5680 Commelian.

1930 5742 1952 5765 ,
2051 5691 2193 5751 Edit.
2218 5691 2353 5749 vero
2385 5691 2585 5759 Paris.,
2616 5691 3018 5765 μετεϐάλλοντο.
