3822 6226
163 372 273 427 τω

1574 369 1664 425 DE
1706 367 2014 425 SYNODIS.

3316 367 3422 425 750

163 489 291 550 τοὺς
339 485 411 540 τε
453 486 664 559 Ἀρείου
698 487 1029 561 γυμνότερον
1058 488 1316 559 λέγοντας
1342 488 1751 562 προσδέχεσθαι,

1858 494 2157 558 querentur
2207 474 2467 543 admissis
2490 528 2506 552 ,
2547 484 2822 543 Ecclesiae
2849 480 3015 542 etiam
3053 483 3190 556 ipsis
3239 484 3426 541 tradea-

164 580 380 642 καὶτὰς
410 579 729 648 Ἐκκλησίας
747 581 928 646 αὐτοῖς
948 581 1321 652 παραδιδόναι,
1344 581 1433 635 ἶνα
1458 582 1545 636 ἐπ’
1568 581 1752 645 ἀδείας

160 671 232 726 τὰ
252 670 360 742 τῆς
395 670 743 743 βλασφημίας
774 672 1125 745 προσφέρωσι
1166 671 1300 745 (11).
1354 673 1460 746 Διὰ.
1489 673 1620 743 γοῦν
1652 673 1751 745 τήν

165 763 369 836 πολλὴν
390 764 661 819 ἀναίδειαν
677 766 780 837 τῆς
800 766 1148 838 βλασφημίας
1160 768 1340 821 αὐτῶν
1354 768 1617 839 Ἀνόμοιοι
1642 785 1751 823 πα-

167 856 235 928 ρὰ
256 859 429 911 πᾶσιν
457 856 785 930 ἐκλήθησαν,
805 857 1021 929 ἔχοντες
1039 859 1133 912 καὶ
1165 858 1262 930 τὴν
1291 858 1627 926 ἐξουκόντιον
1660 859 1752 913 ἐπ-

163 948 438 1020 ωνυμίαν,
482 951 577 1004 καῖ⁴
607 949 700 1003 τὸν
737 951 1012 1022 αἱρετικὸν
1042 951 1415 1007 Κωνστάντιον
1444 952 1752 1024 προστάτην

162 1041 264 1110 τῆς
294 1041 555 1107 ἀσεϐείας
579 1042 789 1121 αὐτῶν·
835 1043 927 1108 ὃς,
970 1043 1129 1116 μέχρι
1154 1044 1342 1108 τέλους
1383 1043 1665 1115 διαμείνας
1692 1046 1751 1099 ἐν

162 1132 417 1206 ἀσεϐείᾳ,
447 1135 541 1188 καὶ
570 1134 754 1189 λοιπὸν
781 1135 1159 1207 ἀποθνήσκων,
1195 1136 1340 1201 ἔδοξε
1373 1135 1748 1206 βαπτίζεσθαι,

162 1224 222 1276 οὐ
256 1225 417 1298 παρὰ
443 1226 682 1280 εὐσεϐῶν
715 1227 948 1300 ἀνδρῶν,
970 1227 1105 1282 ἀλλὰ
1133 1228 1238 1282 ὑπὸ
1260 1228 1370 1300 (12)
1389 1229 1630 1294 Εύζωΐου
1655 1230 1750 1284 τοῦ

164 1315 253 1369 διὰ
277 1317 382 1386 τὴν
425 1318 707 1389 Ἀρειανὴν
748 1320 958 1389 αἵρεσιν
995 1321 1094 1390 οὐχ
1123 1319 1270 1386 ἅπαξ
1292 1361 1306 1386 ,
1349 1321 1485 1375 ἀλλὰ
1515 1322 1609 1375 καὶ
1638 1322 1750 1394 (15)

167 1411 431 1475 πολλάκις
454 1410 892 1482 καθαιρεθέντος,
923 1412 1018 1466 καὶ
1046 1412 1136 1466 ὅτε
1156 1412 1404 1477 διάκονος
1426 1409 1516 1486 ἦν,
1543 1415 1640 1468 καὶ
1661 1417 1752 1470 ὅτε

165 1500 223 1553 ἐν
269 1502 574 1574 Ἀντιοχείᾳ
606 1503 900 1575 ὲκαθέσθη.

235 1595 327 1650 32.
362 1597 513 1660 Τέως
546 1597 644 1668 μὲν
666 1593 760 1651 οῦν
794 1597 922 1670 ἄχρι
946 1597 1136 1653 τούτου
1169 1599 1492 1670 φθάσαντες,
1516 1599 1752 1674 ἔστησαν

164 1686 259 1740 καὶ
287 1687 671 1762 καθῃρέθησαν
693 1689 744 1743 οἱ
772 1690 1178 1763 προειρημένοι.
1220 1691 1381 1747 Ἀλλὰ
1408 1692 1528 1747 οὐδὲ
1559 1692 1751 1759 οὕτως,

165 1772 223 1830 εὖ
259 1771 379 1831 οἶδα
404 1780 488 1832 ὅτι
523 1781 807 1851 στήσονται
841 1782 955 1835 ὅσοι
988 1784 1081 1836 καὶ
1121 1782 1217 1838 νῦν
1253 1783 1636 1856 ὑπεκρίναντο,
1666 1784 1753 1837 ἀεὶ

112 1933 117 1939 ν
165 1868 222 1922 δὲ
252 1869 547 1935 συστάσεις
591 1872 877 1944 ποιήσουσι
920 1872 1064 1928 κατά
1094 1875 1191 1946 τῆς
1222 1874 1480 1945 ἀληθείας
1499 1914 1513 1939 ,
1539 1875 1644 1940 ἕως
1684 1877 1751 1930 ἂν

169 1961 245 2023 είς
281 1960 513 2024 ἑαυτοὺς
545 1960 789 2026 ἐλθόντες
817 1962 1012 2018 εἴπωσι
1037 1965 1132 2019 καὶ
1152 1958 1296 2019 οὗτοι
1316 1980 1330 1996 °
1396 1964 1753 2031 Ἀναστάντες

167 2052 568 2125 πορευόὼμεθα
595 2054 704 2128 (14)
739 2057 876 2129 πρὸς
909 2060 1035 2122 τοὺς
1066 2057 1318 2130 Πατέρας
1359 2057 1603 2121 ἑαυτῶν,
1660 2059 1753 2113 καὶ

168 2141 404 2215 ἐροῦμεν
434 2145 647 2210 αὐτοῖς⁸
686 2146 1179 2219 Ἀναθεματίζομεν
1204 2149 1303 2219 μὲν
1330 2148 1429 2219 τὴν
1470 2147 1752 2219 Ἀρειανὴν

168 2234 380 2307 αἰρεσιν
402 2275 419 2300 ,
465 2235 901 2311 ἐπιγινώσκομεν
928 2239 985 2292 δὲ
1015 2239 1114 2311 τὴν
1144 2241 1203 2294 ἐν
1244 2239 1451 2310 Νικαίᾳ
1498 2238 1750 2294 σύνοδονο

171 2326 304 2397 πρὸς
334 2326 545 2397 ταύτην
576 2327 684 2399 γὰρ
712 2328 892 2399 ἔχουσι
917 2329 1015 2401 τήν
1058 2329 1194 2403 ἔριν.
1247 2329 1345 2393 Τίς
1381 2324 1475 2383 οῦν
1503 2328 1584 2383 ἔτι
1603 2369 1619 2395 ,
1649 2328 1753 2383 κᾶν

167 2416 351 2486 ὀλίγην
382 2416 637 2488 αἴσθησιν
669 2418 827 2490 ἔχων,
862 2419 1110 2484 ἀνέξεται
1142 2418 1382 2486 τούτων;
1413 2419 1510 2484 Τίς
1540 2419 1752 2490 βλέπων

169 2504 288 2558 καθ’
333 2507 576 2577 ἑκάστην
628 2507 843 2563 σύνοδον
880 2508 950 2563 τὰ
993 2509 1091 2581 μὲν
1133 2508 1542 2581 ἀφαιρούμενα,
1586 2509 1655 2563 τὰ
1694 2509 1752 2563 δὲ

170 2598 593 2670 προστιθέμενα,
617 2601 677 2653 οὐ
702 2602 901 2673 συνορᾷ
914 2601 1136 2666 τούτους
1153 2600 1393 2655 ὕποπτον
1409 2602 1503 2655 καὶ
1519 2601 1752 2656 ὓπουλον

169 2686 389 2760 ἔχοντας
424 2690 534 2763 (15)
564 2690 706 2746 κατὰ
736 2691 969 2763 Χριστοῦ
1013 2693 1112 2764 τὴν
1140 2691 1410 2758 διάνοιανς
1458 2692 1584 2759 Τίς,
1611 2692 1753 2765 ὀρῶν

168 2782 364 2846 αὐτοὺς
405 2782 495 2836 διὰ
543 2783 768 2855 μακρῶν
806 2784 1146 2848 ἐκτείνοντας
1183 2784 1391 2838 ἑαυτῶν
1422 2786 1522 2857 τήν
1562 2803 1621 2840 τε
1651 2786 1752 2859 τῆς

168 2874 410 2940 πίστεως
447 2876 694 2933 σύνθεσιν
723 2877 818 2931 καὶ
845 2877 944 2949 τὴν
972 2876 1288 2947 ἀπολογίαν,
1323 2878 1451 2949 περὶ
1476 2871 1552 2934 ὧν
1582 2882 1752 2950 ἐγκα-

168 2966 389 3023 λοῦνται
411 3009 425 3033 ,
453 2970 552 3039 οὐχ
580 2969 683 3041 ὁρᾷ
723 2968 947 3034 τούτους
979 2969 1490 3039 καταγινώσκοντας
1520 2972 1749 3038 ἑαυτῶν,

171 3061 265 3112 καὶ
292 3059 468 3114 πολλὰ
498 3061 810 3132 γράφοντας
841 3061 1125 3134 ἐπίτηδες,
1160 3063 1248 3116 ἵνα
1293 3061 1485 3129 δόξωσι
1531 3062 1618 3117 διὰ
1652 3063 1752 3136 τῆς

1853 587 1995 644 rent,
2032 587 2093 634 ut
2123 579 2249 635 hinc
2278 579 2357 633 illi
2392 578 2648 635 ﬁdentius
2678 577 3050 649 blasphemias
3079 574 3418 649 proferrent,

1852 683 1920 724 ac
1947 670 2176 739 proinde
2205 670 2276 725 ob
2307 670 2583 740 ingentem
2625 667 3093 739 blasphemiarum
3135 666 3428 738 impuden-

1852 760 1984 816 tiam
2017 762 2267 818 Anommi
2310 762 2379 817 ab
2411 762 2666 818 omnibus
2695 761 2868 816 vocati
2900 770 3050 827 sunt,
3088 754 3426 825 ἐξουςιόντιον

1853 839 2073 922 quoque
2104 846 2408 925 cbgnomen
2456 853 2757 917 habentes,
2801 868 2866 907 ac
2912 852 3229 907 haereticum
3276 842 3426 906 Con-

1853 948 2116 1002 stantium
2147 947 2444 1018 impietatis
2475 962 2588 1003 suae
2619 946 2764 1001 nacti
2793 953 3087 1016 patronum
3121 960 3137 1012 ;
3171 942 3267 1015 qui
3297 952 3425 1000 cum

1854 1037 1922 1092 ad
1946 1053 2120 1107 usque
2146 1036 2312 1093 ﬁnem
2346 1037 2401 1091 in
2441 1036 2721 1107 impietate
2748 1040 3175 1105 perseverasset,
3197 1031 3425 1089 demum

1853 1128 2092 1195 instante
2118 1135 2295 1181 morte
2325 1125 2595 1197 baptizari
2632 1126 2828 1192 voluit.
2859 1143 2971 1182 non
3003 1140 3035 1180 a
3080 1126 3189 1197 piis
3230 1127 3426 1197 utique

1853 1218 2010 1286 viris,
2046 1218 2140 1273 sed
2174 1217 2244 1273 ab
2270 1215 2477 1272 Euzoio
2531 1217 2626 1287 qui
2670 1216 2890 1271 Arianae
2920 1218 3193 1273 haereseos
3231 1230 3423 1282 causa,

1853 1325 1962 1367 non
1994 1311 2162 1366 semel
2197 1311 2290 1366 sed
2330 1303 2635 1374 multoties,
2681 1317 2737 1364 et
2778 1309 3043 1365 diaconus
3074 1324 3201 1364 cum
3239 1305 3422 1370 esset.

1851 1415 1906 1461 et
1936 1419 2062 1460 cum
2090 1403 2394 1461 Antiochiae
2418 1403 2651 1473 sederet,
2683 1403 2966 1474 depositus
2991 1401 3188 1458 fuerat.

1854 1644 1859 1649 -
1922 1614 2013 1677 32.
2049 1611 2169 1678 Huc
2202 1632 2379 1692 usque
2413 1620 2580 1692 igitur
2609 1621 2887 1693 pregressi
2918 1636 3085 1693 supra
3127 1620 3258 1679 dicti
3293 1621 3424 1683 viri.

1855 1713 2154 1769 substitere
2187 1712 2404 1769 tandem
2426 1753 2441 1778 ,
2487 1727 2552 1768 ac
2584 1712 2808 1768 demum
2852 1711 3086 1782 depositi
3119 1721 3273 1768 sunt.
3320 1711 3431 1767 Sed

1780 1842 1825 1898 Β
1854 1804 1993 1860 bene
2018 1805 2148 1861 novi
2176 1820 2273 1862 eos
2297 1818 2367 1859 ne
2410 1805 2486 1859 ita
2526 1803 2748 1874 quidem
2790 1802 3021 1873 gradum
3047 1816 3426 1874 repressuros,

1855 1905 2127 1969 quotquot
2177 1896 2289 1968 jam
2322 1897 2427 1951 hac
2465 1895 2554 1951 usi
2594 1904 2723 1951 sunt
2759 1893 3133 1962 simulatione,
3165 1893 3262 1950 sed
3294 1907 3430 1948 ροηδε

1852 1987 2079 2043 ﬂaturos
2107 2002 2323 2057 semper
2378 1986 2816 2057 conspirationes
2855 1992 3048 2040 contra
3092 1983 3379 2040 veritatem
3408 2022 3426 2048 ,

1852 2078 2026 2134 donec
2053 2078 2120 2133 ad
2152 2094 2213 2134 se
2239 2079 2446 2134 reversi
2478 2079 2664 2133 dicant
2696 2088 2750 2133 et
2777 2077 2882 2148 ipsi
2903 2093 2916 2131 :
2935 2074 3264 2148 Surgamus,
3294 2090 3430 2145 pro-

1850 2186 2217 2242 peremusque
2259 2170 2540 2226 adPatres
2575 2174 2818 2236 noStros,
2866 2178 2921 2225 et
2951 2168 3203 2225 dicamus
3261 2167 3373 2223 illis
3407 2186 3423 2222 :

1853 2264 2114 2319 Arianam
2168 2264 2424 2320 haaresim
2463 2263 2814 2319 anathemate
2863 2261 3223 2330 damnamus,
3253 2258 3429 2316 Nicat-

1852 2369 1981 2410 nam
2016 2369 2147 2410 vero
2207 2355 2479 2426 synodum
2531 2355 2884 2427 agnoscimus
2935 2371 2949 2409 :
3010 2368 3135 2410 cum
3170 2366 3242 2413 ea
3274 2352 3428 2409 enim

1851 2447 1960 2503 illis
1995 2456 2079 2503 est
2104 2447 2402 2504 contentio.
2449 2447 2584 2513 Quis
2614 2447 2805 2519 igitur,
2864 2445 2951 2501 vel
2998 2445 3214 2501 modico
3258 2459 3428 2501 sensu

1851 2539 2134 2610 praeditus,
2165 2540 2268 2595 hos
2302 2539 2447 2595 ultra
2479 2537 2659 2594 ferat?
2689 2537 2824 2607 Quis
2863 2535 3118 2593 homines
3152 2535 3344 2592 videns
3368 2535 3429 2591 in

1853 2629 2085 2700 singulis
2111 2629 2334 2702 synodis
2358 2629 2467 2685 alia
2499 2629 2808 2695 detrahere,
2843 2627 2949 2683 alia
2977 2627 3198 2695 addere,
3231 2640 3426 2682 eorum

1853 2728 2168 2792 suspectam
2223 2736 2290 2777 ac
2335 2720 2625 2778 subdolam
2679 2730 2810 2791 erga
2857 2719 3141 2776 Christum
3182 2727 3426 2775 mentem

1852 2826 1964 2866 non
1989 2811 2429 2867 animadvertat?
2463 2811 2601 2878 Quis
2639 2825 2737 2868 eos
2774 2803 3127 2881 conspicatus
3148 2809 3275 2867 ﬁdei
3312 2824 3431 2866 suae

1853 2902 2152 2960 formulam
2199 2919 2266 2960 ac
2313 2903 2759 2960 criminationum
2799 2902 3179 2974 depulsionem
3236 2901 3428 2958 multis

1853 2997 2187 3056 concinnare
2206 2996 2416 3064 verbis,
2439 2994 2606 3068 593
2617 3012 2728 3051 non
2754 2996 3004 3052 advertat
3028 2996 3283 3052 homines
3305 2992 3431 3052 s‘ese

1852 3089 2107 3159 prodere,
2138 3098 2191 3144 et
2215 3089 2390 3144 multa
2428 3090 2498 3145 de
2523 3089 2792 3146 industria
2822 3090 3085 3156 scribere,
3124 3096 3188 3144 ut
3219 3104 3317 3160 per
3338 3088 3429 3144 iri-

170 3153 402 3225 ἀκαίρου
455 3154 762 3226 φιλοτιμίας
785 3193 800 3219 ,
832 3155 926 3208 καὶ
971 3155 1071 3226 τῆς
1105 3153 1374 3226 τοσαύτης
1405 3154 1750 3225 πολυλογίας,

1854 3153 2234 3253 tempestivam
2278 3181 2734 3250 05tentationem,
2770 3189 2827 3237 et
2864 3153 3079 3237 tantam
3124 3153 3432 3252 loquacita-

171 3244 515 3320 ὑφαρπάζειν
545 3247 673 3310 τοὺς
718 3246 1010 3319 ἀκεραίους
1032 3288 1047 3313 ,
1087 3246 1180 3300 καὶ
1205 3245 1486 3301 λανθάνειν
1513 3243 1615 3301 οἷοι
1652 3249 1752 3320 τὴν

171 3335 383 3407 αἵρεσιν
436 3336 793 3407 τυγχάνουσιν
836 3337 1015 3403 δντες;
1057 3337 1196 3391 Ἀλλ’
1220 3336 1410 3410 ῶσπερ
1439 3340 1488 3393 οί
1526 3339 1750 3405 ἐθνικοὶ,

172 3426 245 3491 ὡς
266 3423 424 3483 εἶπεν
455 3428 483 3480 ό
506 3427 731 3499 Κύριος,
764 3428 1213 3499 βαττολογοῦντες
1237 3431 1296 3483 ἐν
1314 3433 1435 3495 ταῖς
1461 3431 1646 3504 εὐχαῖς
1663 3432 1754 3485 ούιι

171 3516 258 3570 δέν
277 3516 604 3588 ὠφελοῦσιν,
630 3517 803 3582 οὕτως
829 3513 974 3573 οὗτοι
997 3519 1237 3574 τοσαῦτα
1260 3520 1752 3593 καταντλήσαντες,

173 3610 270 3663 οὒκ
288 3610 636 3681 ἠδυνήθησαν
662 3611 854 3665 σϐέσαι
879 3612 978 3683 τὴν
1002 3614 1144 3669 κατὰ
1165 3613 1267 3685 τῆς
1296 3612 1583 3697 ’Δρειανῆς
1612 3614 1756 3686 αἱρέ-

175 3718 308 3766 σεως
334 3703 538 3774 κρίσιν,
569 3702 704 3758 ἀλλὰ
724 3705 819 3759 καὶ
843 3705 1044 3777 μᾶλλον
1070 3706 1416 3779 ἐλεγχθέντες
1440 3707 1752 3781 καθῃρέθη-

176 3807 291 3858 σαν,
313 3791 415 3847 καὶ
429 3792 653 3857 εἰκότως
671 3811 734 3862 γε
753 3808 767 3821 ·
794 3794 954 3849 ποίαν
983 3794 1093 3868 γὰρ
1121 3795 1301 3850 αὐτῶν
1319 3797 1348 3849 ὁ
1374 3795 1589 3849 ἀκούων
1619 3796 1754 3848 ἀπο-

175 3883 385 3950 δέξεται
419 3884 530 3957 (16)
563 3888 921 3959 συγγραφήν;
948 3888 1021 3941 Ἦ
1050 3891 1176 3942 ποῖα
1201 3887 1576 3961 θαρρήσαντες
1600 3888 1753 3942 αὐτοὶ

177 3978 546 4050 κατηχήσουσι
578 3980 705 4041 τοὺς
735 3979 1065 4050 ἐρχομένους
1111 3980 1249 4053 πρὸς
1286 3980 1518 4046 αὐτούς;
1548 3982 1612 4034 Ei
1652 3981 1752 4053 μὲν

177 4068 281 4142 γὰρ
313 4072 371 4125 αί
407 4071 581 4122 πᾶσαι
608 4070 735 4141 μίαν
763 4072 859 4124 καὶ
888 4069 986 4141 τὴν
1012 4071 1180 4145 αὐτὴν
1205 4071 1389 4143 ἔχουσι
1412 4073 1750 4145 συμφωνίαν,

176 4160 254 4225 τίς
274 4162 307 4232 ή
327 4161 491 4233 χρεία
510 4160 618 4215 τῶν
643 4160 852 4214 πολλῶν
871 4178 885 4228 ;
910 4162 974 4215 Ei
994 4162 1051 4215 δὲ
1073 4163 1342 4218 τοσούτων
1366 4165 1523 4237 χρεία
1541 4166 1750 4235 γέγονε,

176 4251 328 4325 δῆλόν
357 4258 507 4310 ἐστιν
536 4256 773 4327 ἑκάστην
803 4256 957 4327 ἐνδεῆ
991 4256 1085 4310 καὶ
1121 4258 1195 4328 μὴ
1223 4258 1405 4333 πλήρη
1431 4261 1751 4331 τυγχάνεινο

178 4347 270 4401 καὶ
295 4348 456 4402 τοῦτο
483 4347 680 4419 μᾶλλον
711 4347 868 4420 ήμῶν
898 4347 1050 4401 αὐτοὶ
1074 4347 1437 4418 διελέγχουσιν
1467 4351 1524 4403 ἐν
1543 4349 1621 4422 τῷ
1649 4351 1754 4405 πά-

180 4454 276 4503 σας
313 4438 657 4494 ἐναλλάττειν
686 4440 779 4494 καὶ
817 4442 1148 4511 μεταποιεῖν.
1207 4440 1280 4493 Τὸ
1317 4440 1374 4494 δὲ
1414 4440 1615 4513 πλῆθος
1643 4441 1752 4496 τῶν

182 4530 431 4595 συνόδων,
448 4532 543 4586 καὶ
557 4534 591 4603 ή
611 4531 843 4603 διαφορὰ
863 4530 970 4584 τῶν
988 4531 1350 4603 γραφομένων
1368 4530 1606 4585 δείκνυσι
1628 4533 1753 4598 τοὺς
1784 4522 1828 4577 Ῑ)

180 4626 235 4677 ἐν
277 4628 469 4688 αὐταῖς
498 4623 880 4687 συνελθόντας,
915 4622 1254 4694 μαχομένους
1279 4622 1379 4693 μὲν
1406 4623 1543 4694 πρὸς
1567 4625 1666 4697 τὴν
1693 4626 1752 4679 ὲν

180 4716 379 4790 Nimia
406 4717 623 4772 σύνοδον
645 4758 660 4783 ,
695 4715 1053 4780 ἀσθενοῦντας
1084 4714 1142 4768 δὲ
1173 4714 1310 4786 πρὸς
1340 4715 1440 4788 τὴν
1472 4716 1749 4786 ἀλήθειανε

244 4899 332 4955 ‘55.
386 4897 603 4969 Ἐπειδὴ
636 4897 746 4969 (17)
774 4897 830 4950 δὲ
864 4895 1036 4961 οὕτως
1067 4896 1222 4951 αὐτοὶ
1252 4910 1387 4970 προς
1413 4915 1473 4952 τε
1503 4899 1750 4962 ἑαυτοὺς,

183 4994 273 5044 καὶ
313 4991 452 5064 πρὸς
476 4992 605 5054 τοὺς
635 4990 739 5062 πρὸ
767 4988 976 5043 ἑαυτῶν
1005 4990 1319 5061 διετέθησαν
1338 5028 1353 5055 ,
1401 4991 1534 5063 φέρε
1566 4990 1752 5045 λοιπὸν

183 5084 360 5155 ἡμεῖς,
379 5082 753 5149 ἐξετάσαντες,
791 5082 1051 5155 μάθωμεν
1069 5083 1200 5155 παρ’
1231 5082 1431 5148 αὐτῶν,
1458 5085 1608 5137 ποῖον
1630 5082 1754 5137 ἄτο-

185 5193 280 5231 πον
307 5178 700 5250 θεωρήσαντες,
735 5175 769 5247 ἢ
800 5175 923 5230 τίνα
947 5174 1090 5240 λέξιν
1118 5173 1430 5247 αἰτιώμενοι
1454 5174 1562 5229 τῶν
1588 5176 1750 5244 ἐγγε-

252 5316 296 5347 ⁹¹
335 5313 526 5370 Matth.
554 5329 631 5380 vl,
662 5313 718 5367 7.

276 5424 602 5515 ll).Regius
624 5441 864 5515 secunda
889 5454 1079 5515 manu,
1108 5440 1446 5514 προφέρουσι.

280 5447 330 5511 Il
374 5447 602 5515 .Regius
624 5447 864 5506 secunda
889 5456 934 5495 Ill

280 5447 364 5653 12)
407 5516 635 5599 Regius,
660 5514 787 5595 ἀλλ’.
809 5512 934 5593 ὑπότ

280 5589 340 5643 15
404 5587 480 5642 Ita
508 5584 739 5653 Regius;
773 5599 828 5638 In
858 5583 934 5637 edi

250 5447 273 5728 Ξ

277 5581 360 5653 15)
404 5581 739 5657 Ιισᾞεςίυες
773 5583 828 5638 in
858 5582 1022 5657 editis
1043 5581 1295 5657 veroxgl
1316 5581 1486 5657 deest.

276 5649 362 5729 14)
406 5649 627 5729 Regius,
653 5649 1062 5729 πορευσόμεθα.-
1079 5651 1209 5729 Ibid.
1235 5650 1459 5729 Regius,
1475 5649 1611 5721 πρὸς
1628 5666 1752 5712 τους

189 5719 440 5797 πατέρας.
470 5719 589 5797 Μέν
616 5719 850 5797 sequens
871 5719 1023 5797 deest
1051 5723 1103 5775 in
1138 5719 1324 5793 Regio.

255 5790 363 5872 (i3)
401 5790 476 5854 ita
509 5790 731 5868 Regius.
760 5793 922 5861 Editi,
952 5790 1183 5862 ἔχοντες.

1855 3283 1963 3329 tem
1997 3273 2361 3343 simpliciores
2398 3273 2682 3339 seducant,
2711 3288 2777 3330 ac
2804 3289 2961 3329 suam
2992 3275 3208 3345 possint
3249 3273 3430 3328 haere-

1854 3367 1941 3424 sin
1967 3365 2285 3423 oceultare?
2311 3366 2383 3420 At
2408 3366 2554 3421 sicut
2582 3365 2840 3430 ethnicis,
2872 3365 2949 3420 ait
2978 3364 3261 3429 Dominus,
3290 3365 3429 3418 nihil

1852 3458 2077 3530 prodest
2103 3459 2277 3513 multa
2295 3458 2351 3513 in
2372 3457 2717 3513 orationibus
2742 3457 2908 3512 verba
2924 3455 3154 3512 fundere
3174 3457 3244 3522 π,
3264 3457 3346 3513 sic
3373 3465 3431 3512 et

1853 3551 1946 3606 isti
1980 3558 2059 3606 tot
2099 3558 2361 3620 tantaque
2391 3548 2725 3613 eﬁ‘utientes,
2752 3547 3020 3618 judicium
3052 3554 3245 3603 contra
3269 3548 3430 3603 Aria-

1852 3658 1983 3698 nam
2009 3642 2260 3698 haeresim
2287 3643 2455 3697 latum
2474 3640 2696 3696 abolere
2722 3655 3067 3711 nequaquam
3095 3651 3427 3711 potuerunt;

1853 3736 1967 3791 imo
1992 3736 2166 3807 magis
2190 3734 2475 3806 magisque
2499 3732 2757 3798 convicti,
2785 3731 3019 3801 depositi
3051 3740 3200 3796 sunt,
3227 3739 3282 3787 et
3303 3731 3430 3801 jure

1854 3823 2109 3893 quidem;
2162 3823 2308 3893 quod
2352 3822 2499 3878 enim
2528 3836 2722 3877 eorum
2759 3821 3084 3890 rescriptum
3119 3820 3302 3891 quivis
3330 3836 3430 3875 an-

1853 3918 2009 3975 diens
2033 3916 2311 3987 recipiat?
2342 3917 2450 3970 Aut
2479 3925 2589 3986 qua
2642 3913 2839 3970 ﬁducia
2893 3912 3218 3969 accedentes
3253 3914 3321 3969 ad
3368 3930 3431 3970 se

1854 4010 1920 4066 ad
1969 4011 2127 4065 (idem
2160 4008 2485 4064 instituent?
2512 4006 2671 4072 Nam,
2704 4006 2753 4063 si
2798 4006 3068 4076 rescripta
3115 4006 3207 4062 illa
3239 4008 3429 4063 omnia

1854 4116 2022 4156 unam
2053 4099 2409 4168 eamdemque
2441 4077 2768 4153 sententiam
2800 4095 3001 4162 ferant,
3045 4097 3178 4167 quid
3227 4096 3431 4152 multo-

1853 4208 1977 4248 rum
2008 4191 2187 4263 opus‘?
2225 4189 2321 4244 Sin
2359 4199 2468 4244 tam
2504 4188 2798 4244 multorum
2836 4204 2976 4258 opus
3016 4187 3142 4254 fuit,
3194 4188 3429 4244 manife-

1855 4292 2001 4339 stum
2030 4293 2112 4341 est
2145 4282 2357 4354 singula
2393 4272 2623 4337 deﬂéere
2656 4281 2927 4352 plenaque
2964 4295 3075 4335 non
3102 4295 3246 4344 esse,
3278 4283 3428 4351 quod

1855 4376 1933 4431 illi
1977 4376 2079 4447 ipsi
2126 4378 2419 4447 plusquam
2469 4389 2575 4429 nos
2604 4374 2782 4443 palam
2830 4372 3084 4429 faciunt:
3119 4389 3184 4429 ea
3224 4376 3429 4445 quippe

1856 4469 2038 4523 omnia
2068 4469 2363 4523 immutant
2402 4474 2569 4535 atque
2589 4464 2698 4521 alio
2733 4463 2903 4519 edunt
2942 4480 3216 4521 sermone.
3254 4466 3427 4521 Porro

1856 4560 2148 4616 multitudo
2191 4557 2551 4631 synodorum,
2583 4557 3019 4627 scriptorumque
3059 4558 3425 4629 discrepantia

1851 4645 2030 4715 arguit
2049 4658 2181 4698 sane
2200 4657 2297 4697 eos
2319 4641 2413 4711 qui
2437 4649 2833 4705 convenerunt,
2858 4642 3121 4697 adversus
3144 4640 3424 4698 Nicmnam

1850 4738 2119 4810 synodum
2166 4746 2530 4802 concertare;
2574 4735 2670 4792 sed
2702 4742 2887 4791 tamen
2924 4750 2984 4791 se
3032 4736 3423 4794 imbecilliores

1849 4845 1972 4886 esse
2001 4842 2167 4900 quam
2199 4836 2261 4883 ut
2282 4836 2601 4899 oppugnent
2624 4828 2939 4885 veritatem.

1921 4922 2009 4976 35.
2041 4921 2333 4987 Caeterum,
2362 4919 2580 4990 quando
2609 4919 2714 4989 ipsi
2749 4935 2880 4989 erga
2904 4934 2964 4975 se
2996 4930 3186 4976 mutuo
3209 4928 3265 4975 et
3293 4937 3422 4993 erga

1852 5010 2088 5081 majores
2115 5023 2247 5066 suos
2270 5009 2352 5064 sic
2372 5008 2552 5064 affecti
2583 5017 2734 5075 sunt,
2774 5024 2893 5078 age,
2921 5008 3036 5078 jam
3073 5009 3422 5067 sciscitemur

1852 5104 1998 5169 illos,
2032 5112 2094 5158 ut
2135 5102 2447 5157 ediscamus
2479 5114 2642 5171 quam
2687 5100 2741 5154 in
2770 5101 2994 5170 scriptis
3031 5101 3137 5157 illis
3166 5102 3424 5159 absurdio

1851 5198 2018 5248 tatem
2065 5198 2160 5246 aut
2204 5205 2371 5261 quam
2408 5190 2660 5244 vitiosam
2713 5189 3037 5243 sententiam
3074 5191 3377 5259 conspicati
3405 5230 3425 5256 ,

1891 5433 2033 5525 "(16)
2071 5429 2150 5489 lta
2180 5430 2382 5503 Regius
2426 5441 2481 5486 et
2516 5427 2806 5487 Basilicus.
2841 5426 2984 5486 Editi
3019 5440 3262 5500 quoque,
3288 5429 3426 5485 ἀπο.

1850 5500 2215 5645 δεῖᾓῗιᾏηιο
2242 5573 2479 5645 Ἐπειδὴ,
2511 5572 2657 5645 hunc
2688 5570 2937 5645 titulum,
2956 5570 3052 5625 Ἐκ
3082 5569 3427 5645 τῆς-ἐπιστο-

1850 5639 1948 5716 λῆς
1975 5639 2232 5716 περὶτῶν
2246 5639 2550 5716 γενομένων
2572 5643 2632 5695 ἐν
2654 5643 2721 5716 τῇ
2750 5642 3028 5716 Ἀριμήνῳ
3172 5639 3423 5716 Ἰταλίας,

1852 5686 1947 5769 Ei
1964 5686 2043 5795 .{J
2052 5686 3426 5784 Ξεᾷἓδέιὲῖἔτῖέτιὶςᾶὖρἰέιςζᾞέἓίἓὶἦιιῖῗεῐέῐᾶίὶιῖιῖξ

1857 5796 2069 5841 ιρι-ιιιις.
