3822 6226
358 316 467 391 ’πί

932 328 992 385 S.
1034 328 1408 385 ATHANASII
1445 328 1597 385 OPP.
1641 328 1820 385 PARS
1859 328 1898 384 Ι.
1936 361 2005 373 --
2043 330 2417 390 IIISTORICA
2457 335 2546 390 ET
2586 338 3011 397 DOGMATICA.

3519 344 3626 403 752

357 440 622 506 Ῥαιιίδιιε
646 449 1066 517 inobsequentes
1091 456 1241 513 sunt,
1268 455 1324 501 et
1356 446 1618 502 adversus
1639 447 1919 502 mcumeni-

2035 449 2400 521 γραμμένων,
2435 452 2679 517 ἀπειθεῖς
2706 454 2804 525 μὲν
2841 456 3059 524 γονεῦσι
3094 458 3377 527 γεγόνασι,
3424 460 3625 534 διαμά-

356 558 487 599 οεω
509 542 774 614 synodum
797 540 1113 596 decertant?
1135 538 1230 595 Has
1251 555 1434 607 voces,
1456 539 1631 607 aiunt,
1659 557 1677 591 ι
1709 556 1773 594 ex
1797 540 1929 596 sub.

365 634 585 700 stantia,
610 651 629 686 ι
663 640 739 700 et,
789 649 808 685 ι
830 631 1311 698 consubstantiale,
1333 649 1352 682 ι
1383 630 1540 687 nobis
1571 631 1796 686 minime
1817 632 1932 701 pla-

364 706 509 790 cent,
540 724 865 795 quibusdam
906 723 1052 778 enim
1080 723 1412 779 offendicula
1448 722 1622 788 fuere,
1660 723 1930 793 plurimos

363 818 782 873 conturbarunt.
808 814 890 870 Illi
923 816 1090 887 igitur
1130 816 1352 888 scriptis
1385 816 1501 871 suis
1548 816 1623 871 ita
1676 825 1805 871 sunt
1848 816 1931 872 lo-

357 908 494 965 cuti.
514 906 715 964 Verum
737 907 817 964 sic
845 908 1119 980 quispiam
1140 908 1250 964 illis
1271 915 1556 964 occurrat:
1576 908 1637 963 Si
1665 923 1793 978 ergo
1816 908 1932 963 haec

361 1002 524 1058 verba
549 1014 648 1073 per
665 1016 725 1057 se
751 1001 859 1058 illis
889 1001 1207 1057 oﬂ‘ensionis
1232 1016 1397 1056 causa
1424 999 1598 1067 fuere,
1624 1015 1732 1055 non
1750 1001 1926 1056 solum

360 1095 627 1165 quosdam
652 1092 873 1159 oﬂ‘endi,
906 1108 972 1149 ac
1004 1093 1271 1164 plurimos
1297 1093 1507 1148 turbari
1542 1093 1805 1164 oportuit,
1833 1092 1926 1149 sed

359 1191 414 1236 et
438 1197 539 1239 nos
561 1183 808 1255 aliosque
834 1184 1124 1240 universos
1148 1184 1339 1240 eodem
1376 1186 1598 1241 all‘ectos
1616 1201 1736 1240 esse
1766 1185 1928 1239 modo

359 1289 459 1344 par
486 1272 608 1329 fuit.
647 1268 805 1341 Quod
836 1275 883 1330 si
911 1276 1154 1332 universi
1177 1276 1276 1331 has
1297 1291 1459 1331 voces
1482 1277 1884 1346 amplectuntur
1910 1294 1924 1331 :

361 1365 408 1419 si
434 1366 526 1436 qui
569 1366 659 1420 illa
688 1367 975 1438 scripsere,
1012 1384 1124 1424 non
1149 1369 1401 1438 vulgares
1431 1370 1701 1436 homines,
1732 1369 1828 1425 sed
1859 1384 1925 1423 ex

362 1465 493 1512 toto.
514 1457 646 1512 orbe
673 1460 847 1513 coacti
880 1468 1009 1514 sunt
1039 1478 1057 1528 ;
1102 1461 1151 1516 si
1180 1461 1275 1532 qui
1296 1460 1411 1531 jam
1450 1460 1758 1516 Ariminum
1790 1475 1925 1516 con-

357 1562 558 1604 venere
599 1548 839 1620 episcopi
879 1550 1002 1620 plus
1047 1551 1466 1622 quadringentis
1499 1567 1564 1608 ea
1610 1553 1951 1609 testimonio-

359 1655 462 1696 suo
482 1642 874 1712 comprobant;
901 1658 1084 1699 nonne
1105 1644 1202 1714 qui
1224 1644 1488 1700 adversus
1518 1647 1789 1717 synodum
1812 1646 1928 1703 haec

356 1731 609 1788 eﬂ’utiunt
633 1733 763 1790 hinc
794 1745 1100 1806 arguuntur
1123 1774 1140 1802 ,
1189 1752 1301 1793 non
1346 1736 1512 1792 verba
1548 1738 1768 1807 quidem
1809 1739 1927 1794 cul-

2032 558 2215 614 χονται
2241 542 2352 614 (18)
2370 543 2429 596 δὲ
2455 544 2592 617 πρὸς
2609 546 2991 621 οίκουμενικὴν
3013 549 3227 604 σύνοδον
3247 568 3261 617 ;
3283 552 3360 604 Τὸ
3384 571 3405 604 ι
3431 553 3497 608 ὲκ
3520 555 3625 627 τῆς

2032 632 2239 697 οὐσίας,
2271 650 2291 683 ι
2341 635 2508 704 φησὶ,
2557 636 2651 689 καὶ
2703 634 2765 688 τὸ
2821 655 2840 687 ι
2868 638 3153 709 ὁμοούσιον
3184 658 3203 691 ι
3269 641 3371 695 οὐκ
3423 643 3623 714 ηρεσεν

2030 724 2165 795 ἡμῖν
2192 723 2325 796 (19).
2357 724 2543 778 Ταῦτα
2570 726 2677 797 γάρ
2710 744 2863 791 τινας
2889 730 3243 785 ὲσκανδάλισε
3268 733 3364 785 καὶ
3388 734 3622 798 πολλοὺς

2032 812 2383 886 ἐθορύϐησεν.
2420 816 2649 870 Ἐκεῖνοι
2689 818 2785 889 μὲν
2818 815 2911 872 οὖν
2942 820 3083 875 οὕτω
3117 824 3422 895 γράφοντες
3468 827 3623 898 εἰρή-

2030 923 2191 961 κασιν
2232 925 2246 939 ο
2280 908 2611 982 ἀπαντήσειε
2641 911 2686 964 δ’
2710 912 2775 966 ἄν
2806 930 2891 976 τις
2914 915 3098 978 αὐτοῖς
3129 915 3368 985 εὐλόγως
3402 917 3578 982 οὕτως
3601 937 3619 949 ⁸

2029 996 2093 1049 Εί
2123 996 2222 1067 μὲν
2249 994 2342 1052 οὖν
2363 1000 2504 1053 αὐτὰ
2522 1000 2592 1054 τά
2614 1003 2835 1072 ῥήματα
2859 1004 2983 1056 καθ’
3014 1004 3185 1058 ἑαυτά
3207 1006 3466 1077 τυγχάνει
3502 1008 3620 1079 (20)

2029 1088 2158 1144 ὄντα
2183 1090 2332 1144 αἴτια
2352 1091 2564 1156 τούτοις
2587 1095 2668 1157 είς
2695 1094 3008 1161 σκάνδαλον,
3033 1097 3139 1150 ἔδει
3166 1100 3238 1170 μή
3268 1117 3423 1164 τινας
3453 1118 3621 1155 σκαν-

2030 1180 2366 1247 δαλίζεσθαι,
2430 1182 2563 1254 μηδὲ
2615 1183 2844 1249 πολλοὺς
2891 1185 3273 1258 θορυϐεῖσθαι,
3331 1189 3468 1244 ἀλλὰ
3521 1193 3619 1245 καὶ

2028 1270 2176 1341 ἡμᾶς
2225 1269 2337 1342 (21)
2378 1272 2472 1324 καὶ
2506 1272 2645 1335 ’τοὺς
2693 1273 2886 1337 ἄλλους
2928 1275 3136 1338 πάντας
3166 1276 3359 1330 ταυτὸν
3383 1279 3619 1343 ἐκείνοις

2031 1361 2260 1432 πάσχειν
2293 1362 2354 1426 ἐξ
2401 1361 2609 1416 αὐτῶν·
2646 1365 2694 1416 εί
2729 1363 2785 1417 δὲ
2818 1367 2867 1419 οἱ
2903 1366 3001 1436 μὲν
3030 1368 3230 1430 πάντες
3257 1368 3518 1437 ἀγαπῶσι
3547 1371 3616 1425 τά

2030 1452 2249 1523 ῥήματα
2267 1491 2282 1515 ,
2309 1454 2358 1505 οἱ
2377 1452 2435 1505 δὲ
2462 1452 2634 1506 ταῦτα
2663 1455 2970 1527 γράψαντες
2991 1457 3089 1527 οὐχ
3112 1459 3161 1510 οἱ
3189 1457 3462 1528 τυχόντες,
3494 1461 3614 1514 ἀλλ’

2027 1545 2076 1597 οἱ
2121 1545 2187 1597 ὲκ
2231 1544 2411 1615 πάσης
2444 1547 2543 1617 τῆς
2578 1546 2902 1618 οἰκουμένης
2931 1548 3276 1613 συνελθόντες
3316 1551 3463 1616 εἰσὶ,
3521 1552 3615 1604 καὶ

2026 1635 2239 1701 τούτοις
2266 1637 2732 1711 ἐπιμαρτυροῦσιν
2760 1639 2809 1692 οἱ
2832 1635 2930 1693 νῦν
2969 1641 3028 1694 ὲν
3064 1642 3129 1712 τῇ
3179 1641 3458 1715 ’Δριμήνῳ
3484 1660 3614 1696 συν-

2028 1727 2274 1792 ελθόντες
2320 1729 2607 1782 ἐπίσκοποι
2637 1728 2681 1781 υ’
2707 1729 2802 1782 καὶ
2834 1727 3071 1792 πλείους·
3097 1729 3215 1793 πῶς
3241 1729 3353 1800 (22)
3379 1732 3482 1783 οὐκ
3514 1732 3612 1785 ἄν·

354 1824 532 1894 panda
564 1840 687 1882 esse
711 1865 727 1892 ,
763 1827 858 1881 sed
895 1841 1088 1882 eorum
1132 1827 1229 1898 qui
1282 1827 1398 1882 haec
1439 1842 1604 1897 prave
1654 1829 1919 1899 interpre-

2027 1834 2219 1891 τικρυς
2263 1819 2473 1891 ἐλέγχει
2516 1819 2674 1874 τοῦτο
2709 1820 2832 1884 τοὺς
2862 1819 3004 1873 κατὰ
3034 1819 3134 1890 τῆς
3169 1819 3387 1874 συνόδου
3419 1821 3610 1889 λέγον-

354 1921 542 1968 tantur
578 1914 877 1970 malitiam?
930 1913 1109 1982 Quam
1156 1916 1315 1970 multi
1369 1926 1533 1982 sunt,
1587 1917 1682 1987 qui
1726 1917 1927 1973 divinis

357 2004 657 2075 Scripturis
688 2005 927 2076 maligne
957 2006 1114 2063 lectis
1153 2021 1218 2063 ac
1256 2021 1422 2077 prave
1453 2007 1764 2072 intellectis,
1800 2023 1926 2063 san-

354 2106 473 2153 ctos
497 2094 625 2152 hinc
651 2096 973 2154 insimulant
1004 2100 1019 2152 ι
1049 2098 1362 2169 cujusmodi
1390 2098 1545 2154 fuere
1570 2099 1703 2153 olim
1728 2098 1924 2164 Judaei,

353 2187 449 2258 qui
496 2187 793 2244 Dominum
842 2205 952 2245 non
988 2202 1331 2262 receperunt,
1383 2200 1439 2246 et
1483 2191 1598 2262 jam
1640 2189 1925 2245 Manichmi

352 2279 446 2349 qui
479 2279 535 2335 in
589 2281 761 2352 legem
806 2280 1230 2352 blasphemant;
1268 2283 1428 2352 cujus
1481 2297 1615 2338 sane
1665 2281 1767 2347 rei,
1814 2297 1923 2336 non

354 2370 672 2442 Scriptura,
708 2373 805 2429 sed
848 2374 1095 2444 ipsorum
1128 2375 1460 2446 perversitas
1506 2388 1673 2429 causa
1704 2372 1825 2427 fuit.
1864 2372 1925 2426 Si

350 2463 537 2534 itaque
585 2464 880 2521 verborum
929 2466 1252 2536 pravitatem
1313 2466 1603 2522 ostendere
1645 2463 1875 2534 potestis
1905 2503 1921 2529 ,

350 2556 513 2626 agite,
553 2555 962 2612 demonstrandi
1007 2557 1149 2612 ratio
1201 2558 1464 2623 ineatur;
1512 2572 1615 2611 nec
1645 2556 1924 2625 objiciatis

349 2646 512 2703 nobis
538 2646 656 2702 hac
683 2647 964 2703 nonnullis
995 2648 1286 2704 oﬂ‘ensi‘oni
1307 2663 1450 2716 esse,
1481 2663 1549 2703 ne
1572 2647 1715 2702 idem
1741 2647 1920 2712 vobis,

350 2735 495 2805 quod
530 2745 662 2792 tunc
692 2735 1008 2804 Pharisaeis,
1030 2737 1259 2793 accidat.
1296 2735 1508 2792 Etenim
1537 2753 1660 2792 cum
1691 2737 1769 2792 illi
1802 2751 1926 2791 sese

352 2827 677 2883 simularent
703 2827 774 2884 de
805 2828 1058 2884 doctrina
1102 2827 1321 2884 Domini
1363 2827 1587 2895 oﬂ‘endi,
1624 2828 1701 2882 ait
1738 2827 1919 2884 Domi-

352 2920 462 2973 nus
508 2917 668 2973 illis:
729 2915 962 2975 «Omnis
1008 2919 1270 2989 plantatio
1302 2934 1466 2989 quam
1515 2933 1623 2972 non
1656 2918 1924 2988 plantavit

352 3006 515 3063 Pater
536 3024 690 3064 meus
706 3009 965 3077 cmicstis,
984 3010 1427 3067 eradicabitur”.
1442 3026 1461 3064 ι
1481 3009 1576 3068 llis
1600 3019 1782 3065 autem
1803 3025 1924 3066 vero

353 3099 441 3156 bis
477 3101 740 3168 ostendit,
776 3117 885 3157 non
927 3101 1108 3159 Patris
1150 3103 1317 3161 verba
1367 3118 1399 3158 a
1445 3119 1504 3159 se
1540 3120 1559 3154 ‹
1584 3103 1861 3173 plantata,
1895 3121 1914 3155 ι

353 3191 449 3247 sed
491 3207 715 3263 pravam
784 3208 941 3248 suam
996 3202 1145 3250 recte
1183 3194 1458 3250 dictorum
1514 3192 1919 3264 interpretatio.

348 3297 497 3348 nem,
531 3282 860 3340 oﬂ‘endiculo
888 3284 997 3340 illis
1030 3285 1222 3342 fuisse.
1256 3284 1391 3340 Nam
1420 3285 1459 3339 ii
1486 3284 1581 3357 qui
1610 3284 1741 3340 olim
1769 3285 1916 3354 Apo-

348 3376 475 3431 stoli
509 3377 783 3448 epistolas
818 3376 1135 3447 culpabant,
1186 3392 1295 3433 non
1322 3376 1500 3444 Pauli,
1541 3378 1637 3432 sed
1670 3377 1915 3447 ipsorum

346 3469 735 3540 ignorantiam,
776 3477 830 3524 et
864 3483 1181 3539 perversum
1214 3470 1457 3524 animum
1503 3469 1679 3539 palam
1715 3468 1913 3525 fecere.

2023 1928 2144 1974 τας,
2181 1910 2256 1974 ὡς
2285 1911 2347 1965 οὐ
2371 1910 2439 1963 τὰ
2472 1911 2693 1982 ῥήματά
2721 1912 2867 1964 ἐστιν
2895 1911 3042 1964 αἴτια
3065 1950 3081 1974 ,
3132 1910 3247 1963 ἀλλ’
3276 1912 3309 1981 ἡ
3345 1912 3613 1966 κακόνοια

2024 2002 2133 2055 τῶν
2162 2003 2659 2074 παρεξηγουμένων
2683 2002 2753 2056 τά
2784 2001 3043 2067 τοιαῦτα;
3074 2002 3272 2066 Πόσοι,
3298 2002 3488 2066 κακῶς
3517 2004 3609 2057 ὲν-

2023 2092 2381 2163 τυγχάνοντες
2399 2095 2518 2155 ταῖς
2540 2092 2712 2156 θείαις
2737 2092 2848 2164 (25)
2872 2093 3116 2164 Γραφαῖς
3142 2094 3237 2147 καὶ
3264 2095 3608 2165 παρανοοῦν-

2022 2202 2114 2248 τες
2141 2183 2375 2249 ταύτας,
2406 2185 2778 2256 κατηγοροῦσι
2807 2185 2914 2239 τῶν
2946 2186 3152 2254 ἁγίωνί
3184 2181 3287 2239 οἷοι
3315 2188 3609 2255 γεγόνασιν

2024 2279 2076 2329 oi
2104 2277 2202 2347 μὲν
2232 2276 2355 2329 τότε
2395 2276 2656 2342 Ἰουδαῖοι,
2682 2276 2761 2347 μὴ
2792 2276 3079 2348 δεξάμενοι
3098 2276 3189 2331 τὸν
3215 2277 3442 2348 Κύριον,
3471 2281 3523 2332 οἱ
3549 2280 3609 2333 δὲ

2023 2367 2118 2420 νῦν
2143 2368 2431 2439 Μανιχαῖοι
2465 2367 2909 2439 βλασφημοῦντες
2945 2368 3036 2421 τὸν
3063 2368 3256 2439 νόμον·
3292 2371 3384 2422 καὶ⁵
3406 2370 3510 2440 οὐχ
3548 2373 3608 2424 αἱ

2024 2459 2239 2531 Γραφαὶ
2280 2460 2569 2529 γεγόνασιν
2599 2460 2782 2523 αὐτοῖς
2810 2458 3002 2527 αἴτιαι,
3030 2460 3144 2513 ἀλλ’
3183 2463 3218 2531 ἡ
3244 2460 3392 2531 σφῶν
3424 2461 3610 2514 αὐτῶν

2023 2550 2430 2622 κακοφροσύνη.
2488 2552 2551 2604 Et
2586 2552 2685 2622 μὲν
2710 2547 2804 2604 οῦν
2835 2550 3113 2616 ἀποδεῖξαι
3140 2551 3369 2606 δύνασθε
3395 2552 3468 2606 τά
3502 2555 3609 2625 ῥή-

2027 2659 2169 2713 ματα
2200 2641 2376 2712 φαῦλα
2401 2681 2417 2707 ,
2449 2642 2606 2696 τοῦτο
2638 2646 2839 2696 ποιεῖτε
2867 2643 2976 2714 (24)
2997 2684 3013 2708 ,
3049 2644 3146 2696 καὶ
3172 2643 3330 2713 λόγος
3360 2644 3613 2715 ἡγείσθω

2020 2738 2122 2809 τῆς
2154 2737 2478 2805 ἀποδείξεως
2500 2754 2514 2767 ·
2551 2738 2643 2791 καὶ
2674 2737 2751 2808 μὴ
2777 2736 3176 2809 προφασίζεσθε
3200 2737 3327 2800 τοὺς
3368 2736 3610 2791 σκανδα-

2022 2830 2336 2902 λιζομένους
2357 2868 2371 2893 ,
2420 2831 2508 2884 ἵνα
2540 2830 2614 2901 μὴ
2650 2829 2847 2883 ταυτὸν
2897 2828 3107 2899 πάθητε
3142 2830 3255 2892 τοῖς
3283 2829 3406 2882 τότε
3432 2830 3611 2901 Φαρι-

2023 2922 2216 2985 σαίοις.
2273 2921 2382 2974 Καὶ
2408 2919 2517 2993 γὰρ
2547 2920 2813 2976 κάκείνων
2840 2919 3326 2992 προφασιζομένων
3365 2920 3609 2974 σκανδα-

2020 3012 2262 3079 λίζεσθαι
2284 3015 2376 3066 ἐπὶ
2397 3015 2519 3077 ταῖς
2543 3012 2636 3066 τοῦ
2665 3012 2872 3086 Κυρίου
2897 3013 3158 3083 διδαχαῖς,
3192 3011 3376 3081 ἔλεγεν
3413 3013 3610 3078 αὐτοῖς

2021 3109 2049 3162 6
2071 3105 2274 3179 Κύριος
2292 3123 2305 3137 ·
2347 3125 2365 3157 ι
2393 3107 2550 3160 Πᾶσα
2576 3106 2795 3174 φυτεία,
2820 3108 2885 3177 ἣν
2912 3107 3013 3159 οὐκ
3036 3105 3330 3176 ἐφύτευσεν
3351 3107 3381 3158 6
3408 3107 3609 3178 Πατήρ

2026 3209 2127 3263 μου
2176 3195 2204 3246 6
2233 3193 2511 3265 οὐράνιος,
2552 3193 3004 3266 ὲκριζωθήσεται.
3039 3212 3058 3245 ι
3119 3195 3290 3248 Τοῦτο
3325 3193 3383 3248 δὲ
3427 3194 3608 3264 λέγων

2023 3284 2293 3338 ἐδείκνυεν
2312 3324 2327 3349 ,
2365 3284 2440 3348 ὡς
2469 3285 2528 3337 ού
2558 3285 2627 3339 τὰ
2648 3284 2745 3338 τοῦ
2769 3286 2980 3357 Πατρὸς
3013 3286 3079 3340 δι’
3112 3285 3274 3339 αὑτοῦ
3333 3304 3351 3336 ι
3375 3287 3609 3354 φυτευό-

2027 3394 2162 3449 μενα
2189 3395 2209 3429 θ
2262 3379 2481 3448 ῥήματα
2524 3378 2821 3432 σκάνδαλον
2851 3375 2993 3451 ἦσαν
3027 3380 3242 3442 αὐτοῖς,
3287 3378 3402 3433 ἀλλ’
3446 3379 3609 3433 αὐτοὶ

2022 3467 2208 3531 κακῶς
2248 3469 2590 3541 ἐκδεχόμενοι
2615 3469 2682 3524 τὰ
2711 3469 2890 3534 καλῶς
2922 3470 3188 3541 λεγόμενα
3215 3470 3607 3535 ὲσκανδάλιζον

347 3558 595 3629 ὗαυτούς.
636 3564 786 3617 Ἐπεὶ
817 3565 910 3618 καὶ
932 3565 981 3617 oi
1011 3563 1320 3633 αἰτιώμενοι
1346 3564 1467 3618 τότε
1497 3564 1596 3628 τὰς
1621 3563 1911 3630 ἐπιστολὰς
1947 3562 2041 3617 τοῦ
2096 3564 2453 3649 Ἀποστόλυου,
2500 3566 2563 3620 οὐ
2609 3564 2704 3619 τοῦ
2754 3565 2970 3619 Παύλου
2994 3606 3010 3631 ,
3062 3565 3197 3620 ἀλλά
3247 3567 3349 3637 τῆς
3390 3568 3606 3622 ἑαυτῶν

346 3661 584 3735 ἀμαθίας
614 3661 708 3715 καὶ
739 3659 999 3732 στρεϐλῆς
1023 3660 1260 3725 διανοίας
1288 3659 1647 3735 κατηγόρουν,

417 3752 509 3809 54.
553 3749 658 3807 Sed
688 3752 801 3822 jam
843 3752 1165 3823 respondete
1216 3754 1435 3823 (opera:
1476 3753 1710 3822 pretium
1761 3752 1906 3807 enim

347 3842 514 3898 fuerit
539 3844 642 3899 hoc
680 3844 749 3899 ab
788 3844 897 3901 illis
929 3843 1202 3915 quaerere)
1230 3845 1453 3915 quinam
1496 3855 1645 3912 sunt,
1675 3857 1817 3914 quos
1847 3845 1914 3899 de

346 3935 456 3990 illis
481 3934 681 3991 aliendi
725 3947 890 4006 atque
926 3935 1138 3991 turbari
1178 3934 1520 3991 causamini?
1563 3934 1724 3991 Certe
1752 3948 1914 3989 nemo

347 4040 539 4080 eorum
570 4026 662 4096 qui
692 4025 781 4096 pie
821 4025 891 4082 de
927 4018 1148 4083 Christo
1182 4026 1448 4091 sentiunt,
1486 4028 1687 4096 quippe
1725 4026 1819 4096 qui
1847 4040 1912 4079 ea

346 4115 641 4172 defendant
685 4126 1066 4188 asserantque.
1109 4118 1265 4184 Quod
1305 4118 1353 4173 si
1399 4117 1588 4172 Ariani
1639 4125 1769 4173 sunt
1816 4116 1912 4186 qui

345 4205 465 4262 haec
501 4206 724 4277 indigne
749 4205 954 4273 ferunt,
986 4208 1116 4278 quid
1157 4209 1358 4263 mirum
1394 4208 1441 4263 si
1479 4207 1792 4264 irascuntur
1843 4208 1912 4262 iis

344 4296 440 4367 qui
470 4312 656 4354 eorum
692 4299 925 4355 haeresin
952 4300 1020 4354 de
1061 4300 1243 4354 medio
1271 4299 1506 4353 tollunt?
1530 4296 1649 4354 Non
1675 4298 1821 4354 enim
1848 4312 1911 4353 ea

347 4389 510 4444 verba
546 4388 654 4444 illis
679 4388 937 4445 seandalo
972 4399 1123 4455 sunt,
1148 4390 1243 4444 sed
1274 4390 1472 4456 dolori,
1498 4387 1643 4460 quod
1671 4388 1827 4459 quasi
1854 4388 1910 4443 in

2087 3747 2173 3804 54.
2235 3746 2387 3800 Ἐπεὶ
2438 3746 2633 3817 (καλὸν
2696 3747 2805 3821 γὰρ
2866 3748 3064 3813 αὐτοὺς
3113 3748 3334 3821 ἐρέσθαι
3378 3748 3605 3824 τοῦτο,)

2019 3842 2229 3904 εἴπατε,
2289 3839 2433 3903 τίνες
2477 3840 2648 3904 εἰσὶν,
2710 3839 2806 3903 οὒς
2858 3840 3256 3910 προφασίζεσθε
3314 3842 3605 3897 σκανδαλί-

2020 3930 2205 3998 ζεσθαι
2240 3930 2334 3985 καὶ
2375 3930 2716 4002 θορυϐεῖσθαι
2768 3934 2860 3987 ἐπὶ
2896 3934 3140 4000 τούτοις;
3182 3933 3302 3987 Τῶν
3348 3936 3449 4007 μὲν
3489 3937 3602 4009 γάρ

2018 4021 2381 4077 εὐσεϐούντων
2428 4025 2507 4087 εἰς
2547 4024 2638 4078 τὸν
2662 4025 2894 4097 Χριστὸν
2918 4024 3094 4089 οὐδεὶς
3117 4064 3132 4088 ,
3181 4025 3319 4079 αύτά
3343 4013 3457 4099 (23)
3486 4029 3600 4101 γὰρ

2018 4114 2377 4187 πρεσϐεύουσι
2428 4117 2524 4169 καὶ
2563 4114 2888 4170 ἑκδικοῦσιν.
2941 4117 3005 4170 Et
3048 4116 3104 4170 δὲ
3148 4117 3255 4171 τῶν
3299 4119 3599 4190 Ἀρειανῶν

2017 4206 2154 4259 εἰσιν
2179 4206 2227 4258 οἱ
2248 4205 2405 4259 τοῦτο
2448 4205 2778 4275 πάσχοντες,
2806 4207 2860 4260 τί
2887 4208 3197 4278 θαυμαστὸν
3216 4249 3231 4273 ,
3260 4210 3309 4261 εἰ
3348 4210 3440 4262 ἐπὶ
3480 4213 3598 4275 τοῖς

2017 4296 2328 4368 ἀναιροῦσιν
2387 4296 2564 4350 αὐτῶν
2621 4296 2721 4368 τὴν
2767 4299 2977 4370 αἵρεσιν
3022 4299 3314 4371 ἀχθονται;
3362 4303 3437 4356 Οὐ
3482 4306 3597 4375 γάρ

2017 4392 2164 4444 ἐστιν
2212 4389 2392 4453 αὐτοῖς
2416 4389 2707 4444 σκάνδαλον
2726 4391 2794 4443 τὰ
2819 4392 3040 4462 ῥήματα
3059 4411 3072 4424 ·
3104 4393 3241 4449 ἀλλά
3272 4394 3419 4464 λύπη
3451 4396 3593 4465 (26),

345 4482 506 4553 cippo
533 4482 803 4553 insculpta
847 4498 1004 4539 suam
1043 4483 1278 4538 baeresin
1323 4483 1633 4538 traducant.
1670 4480 1913 4537 Desinite

2027 4483 2095 4536 5τι
2123 4479 2494 4551 στηλογραφία
2522 4480 2663 4534 κατὰ
2678 4481 2776 4553 τῆς
2792 4481 3042 4547 ἀσεϐείας
3067 4484 3247 4538 αὐτῶν
3266 4487 3436 4539 ἐστιν.
3456 4487 3596 4540 Οὐκ-

347 4581 513 4652 igitur
538 4579 802 4636 adversus
830 4578 1024 4635 Patres
1053 4588 1272 4634 nostros
1302 4577 1467 4649 599
1513 4578 1617 4633 hac
1649 4578 1716 4633 de
1745 4592 1913 4632 causa

346 4674 764 4728 obmurmurare
796 4687 810 4725 :
849 4670 1053 4741 alioqui
1086 4679 1284 4735 restat,
1320 4679 1380 4725 ut
1428 4684 1646 4724 crucem
1694 4682 1916 4739 quoque

351 4762 692 4818 Dominicam
721 4762 1076 4833 vituperetis,
1116 4762 1262 4832 quod
1299 4777 1363 4816 ea
1399 4759 1605 4816 Iudaeis
1648 4761 1718 4816 sit
1752 4776 1914 4815 scan-

348 4853 557 4921 dalum,
579 4851 830 4924 gentibus
866 4860 1045 4908 autem
1071 4853 1324 4917 stultitia,
1352 4863 1410 4907 ut
1440 4851 1909 4922 dixitApostolus.

346 4944 548 5002 Verum
583 4947 1044 5016 quemadmodum
1081 4962 1213 5001 crux
1250 4947 1394 5002 mala
1437 4961 1547 5001 non
1589 4954 1708 5010 est,
1753 4943 1911 4999 nobis

422 5102 465 5135 ⁸⁸
499 5101 686 5157 Matth.
717 5117 806 5167 xv,
843 5102 929 5156 15.

440 5261 528 5333 18)
566 5261 748 5333 Editjo
775 5261 1062 5333 Commel.,
1096 5263 1430 5333 διαμάχοντα
1464 5262 1622 5333 male.

440 5330 528 5402 ιθ)
565 5330 641 5402 [ta
672 5330 894 5402 ﬁegius.
929 5332 984 5402 In
1012 5334 1172 5389 editis
1192 5330 1333 5385 vero
1359 5332 1683 5402 ήμῖνίνύθςει,

434 5399 526 5526 2ίὲ
569 5401 661 5457 Sic
693 5399 911 5474 Regius,
940 5400 1104 5459 Basil.
1131 5412 1185 5458 et
1211 5399 1447 5458 Felrkm.
1483 5401 1536 5455 5.
1582 5399 1722 5455 Editi
1754 5413 1905 5466 vero,

434 5488 478 5526 ’γ
517 5489 615 5525 νοι.

339 5487 595 5525 τυγχάνοι
602 5510 615 5525 ο

412 5540 524 5612 12⁷1)
566 5540 741 5612 Editjo
766 5541 976 5612 Comm.
1005 5543 1143 5606 sola,
1180 5541 1344 5612 ὑμᾶς.

335 5610 347 5682 ξ
417 5601 530 5682 (22)
568 5609 657 5682 ίιε
678 5601 898 5682 Regius.
932 5611 987 5665 In
1019 5601 1177 5682 editis
1208 5601 1353 5682 vero,
1378 5610 1496 5682 πῷς
1522 5611 1689 5682 deest.

334 5677 348 5689 ’
416 5677 527 5747 (25)
565 5680 748 5744 Θείαις
763 5677 929 5737 ’όεεει
963 5684 1015 5734 in
1044 5681 1208 5735 Basil.
1240 5691 1293 5735 et
1317 5681 1553 5736 Fclckm.
1588 5681 1637 5734 5.

417 5748 526 5822 (24)
563 5748 801 5807 Felckm.
832 5751 893 5817 ὅ,
921 5749 1077 5805 τοῦτο
1118 5753 1337 5814 ποιεῖτε,
1367 5752 1460 5805 καὶ
1508 5751 1582 5823 μὴ
1640 5755 1878 5825 προφασί

2016 4572 2112 4627 οῦν
2142 4571 2423 4626 παύσασθε
2464 4572 2822 4641 γογγύζοντες
2865 4575 3007 4628 κατά
3049 4574 3157 4627 τῶν
3184 4574 3468 4648 Πατέρων,
3497 4578 3596 4631 καὶ

2014 4664 2238 4719 τοιαῦτα
2263 4663 2763 4737 προφασιζόμενον
2799 4668 2920 4721 ἐπεὶ
2956 4666 3073 4739 ὥρα
3113 4668 3257 4739 ὑμᾶς
3296 4669 3593 4739 καταμέμ-

2016 4757 2210 4826 φεσθαι
2247 4759 2343 4811 καὶ
2380 4758 2457 4828 τῷ
2480 4757 2727 4829 κυριακῷ
2750 4758 2965 4830 σταυρῷ
2994 4759 3134 4829 (27),
3170 4761 3252 4813 ὅτι
3313 4760 3591 4824 Ἰουδαίοις

2017 4848 2117 4919 μὲν
2146 4849 2439 4903 σκάνδαλόν
2472 4851 2654 4916 ἐστιν,
2689 4849 2866 4904 ἔθνεσι
2895 4850 2953 4904 δὲ
2994 4851 3174 4923 μωρία
3198 4889 3213 4914 ,
3254 4851 3330 4914 ὡς
3369 4846 3521 4904 εἶπεν
3560 4856 3591 4907 6

2027 4938 2363 5004 ’ἀπόστολος
2410 4941 2549 4994 Ἀλλ’
2570 4940 2757 5014 ὥσπερ
2785 4941 2846 4995 οὐ
2870 4940 3069 5012 φαῦλος
3091 4943 3121 4994 6
3150 4923 3382 5010 σταυρὸς
3404 4960 3418 4972 ·
3457 4945 3591 5013 ἡμῖν

2012 5268 2190 5337 ξεσθε.

2083 5342 2195 5415 (25)
2234 5340 2456 5415 Regius,
2485 5342 2653 5415 ater.
2692 5339 2831 5415 [τἈίῑί
2860 5357 3012 5415 vero,
3060 5345 3218 5400 αὐτά.
3250 5343 3433 5415 Paulo
3465 5359 3587 5415 post

2010 5396 2235 5486 aegras,
2258 5396 2525 5486 οῖυτοῦτο.
2582 5396 2745 5478 Editi,
2774 5396 2829 5468 δέ
2878 5396 3501 5486 έάῧὲαζᾟιᾶὲ’”ιιέξίίιεζ
3525 5396 3589 5466 εδ

2011 5480 2344 5587 θαυμαστόν,
2370 5486 2647 5539 mendose.

2080 5556 2093 5587 ι
2137 5551 2189 5587 m
2231 5552 2428 5587 nam...
2477 5553 2618 5587 πυρα

2080 5551 2189 5624 (ξρ)
2231 5552 2452 5624 Begius,
2477 5553 2642 5624 λυπῇ,
2670 5553 2830 5609 male.

2046 5620 2211 5706 ,(27),
2231 5620 2336 5676 Τὸν
2366 5620 2625 5695 κυριακὸν
2662 5625 2914 5706 σταυρόν,
2946 5623 3186 5680 Felckm.
3217 5625 3271 5679 ὃ.
3312 5623 3454 5682 Ibid.
3478 5622 3563 5682 Re

2008 5701 2148 5759 gius,
2186 5701 2295 5745 ὅτε.
