3822 6226
160 351 259 409 755

1556 359 1645 414 DE
1685 358 1998 417 SYNODIS.

3296 358 3400 415 73‘

159 470 261 542 γὰρ
288 472 398 532 τοῖς
440 470 784 524 πιστεύουσίν
830 473 947 526 ἐστι
980 489 998 522 ι
1035 475 1267 546 Χριστὸς
1304 474 1438 528 Θεοῦ
1475 475 1722 547 δύναμις,

1831 478 1970 532 enim
1999 479 2092 547 qui
2118 476 2413 542 credimus,
2445 495 2463 528 ι
2502 476 2756 532 Christus
2787 484 2870 532 est
2891 473 2987 531 Dei
3013 472 3188 530 virtus
3214 483 3267 529 et
3299 472 3407 535 Dei.

160 560 246 613 καὶ
274 556 406 612 Θεοῦ
432 559 618 628 σοφία.
651 579 668 611 ι
697 560 799 614 κᾶν
836 562 1075 618 Ἰουδαῖοι
1108 564 1426 634 μαίνωνται·
1461 566 1632 632 οὕτως
1662 568 1723 621 οὑ

160 648 326 717 φαῦλα
356 649 427 702 τὰ
444 649 558 703 τῶν
583 650 839 723 Πατέρων
880 654 1122 725 ῥήματα,
1157 655 1273 709 ἀλλ’
1317 656 1568 727 ὠφέλιμα
1616 660 1726 721 τοῖς

160 742 383 814 γνησίως
414 743 824 813 ἐντυγχάνουσι,
881 748 973 800 καὶ
1021 748 1340 820 ἀναιρετικὰ
1388 750 1569 821 πάσης
1610 751 1729 803 ἀσε-

160 834 299 897 ϐείας
323 834 464 898 ἐστὶ,
495 834 597 890 κᾶν
617 838 667 890 oi
711 836 977 908 'Apstavoi.
1020 839 1280 905 πολλάκις
1317 842 1726 913 διαρρηγνύων-

158 944 258 991 ται,
287 927 742 998 κατακρινόμενοι
776 930 907 999 παρ’
931 930 1130 985 αὐτῶν.
1161 932 1289 986 Ὅτε
1319 933 1499 987 τοίνυν
1536 935 1570 1005 ἡ
1600 933 1729 1004 περ)⁸

158 1019 257 1072 τῶν
311 1017 819 1089 σκανδαλιζομένων
883 1019 1147 1085 ἀπίθανος
1192 1022 1463 1077 δέδεικται
1520 1024 1730 1095 πρόφα-

163 1109 382 1181 σις(28),
399 1108 593 1165 εἴπατε
616 1110 800 1166 λοιπὸν
828 1111 1006 1183 ὑμεῖς,
1036 1113 1155 1178 πῶς
1178 1115 1280 1169 οὐκ
1307 1116 1609 1187 άρέσκεσθε
1628 1115 1727 1187 τῷ,

167 1214 184 1246 ι
208 1198 268 1251 ὲκ
296 1198 395 1267 τῆς
425 1198 638 1267 οὐσίας,
670 1218 689 1251 ι
714 1201 938 1272 ὀνόματι
959 1218 974 1265 ;
999 1201 1168 1263 Τοῦτο
1198 1202 1307 1275 γὰρ
1336 1204 1551 1276 πρῶτον
1572 1206 1732 1274 άναγ-

162 1289 301 1341 καῖον
328 1288 619 1360 ἀνακρῖναι
638 1306 651 1319 ·
687 1291 864 1345 καίτοι
896 1293 991 1351 καὶ⁵
1033 1293 1191 1364 ὑμεῖς
1230 1294 1506 1365 ἐγράψατε
1540 1298 1607 1350 ὲκ
1637 1294 1730 1351 τοῦ

162 1377 363 1450 Πατρὸς
398 1380 759 1452 γεγεννῆσθαι
782 1382 893 1453 (29)
923 1382 1014 1436 τὸν
1035 1384 1201 1450 Υίόν;
1230 1385 1294 1437 Ei
1343 1385 1442 1455 μὲν
1492 1381 1586 1440 οὖν
1641 1385 1732 1440 τὸν

163 1468 372 1542 Πατέρα
389 1471 769 1543 ὀνομάζοντες,
796 1473 830 1545 ἢ
863 1474 943 1540 τὸ,
977 1493 996 1526 ι
1025 1475 1179 1541 Θεὸς,
1212 1496 1232 1529 ι
1267 1476 1441 1547 ὄνομα
1461 1476 1730 1546 λέγοντες,

1828 566 2093 636 sapientia
2123 567 2191 632 ”,
2232 586 2251 620 ι
2288 565 2501 621 etiamsi
2530 563 2699 621 Judaei
2726 565 3041 633 insaniant;
3071 565 3145 620 ita
3177 579 3412 635 quoque.

1827 657 2050 715 Patrum
2080 659 2245 715 verba
2273 674 2380 713 non
2406 672 2685 729 perversa,
2730 658 2823 713 sed
2857 655 3009 712 utilia
3042 666 3169 713 sunt
3199 658 3267 714 iis
3304 657 3417 728 qui,

1829 764 1987 819 aequo
2014 750 2199 804 animo
2233 765 2297 804 ea
2344 750 2569 818 legunt,
2628 750 2853 819 ipsaque
2905 763 3122 803 omnem
3172 749 3401 802 omnino

1829 839 2115 895 destruunt
2165 839 2530 908 impietatem:
2583 838 2834 909 quamvis
2882 836 3072 892 Ariani
3123 838 3413 893 multoties.

1828 930 2263 999 disrutnpantur,
2299 929 2445 999 quod
2467 944 2587 985 sese
2607 929 2676 985 ab
2701 928 2808 987 illis
2841 928 3129 982 damnatos
3156 926 3397 981 videant.

1828 1020 2272 1077 Demonstratum
2310 1022 2496 1092 itaque
2520 1029 2606 1081 est
2638 1020 2786 1075 illam
2838 1018 3080 1083 scandali
3112 1032 3276 1088 quam
3318 1015 3405 1071 af-

1830 1112 2015 1168 ferunt
2054 1113 2322 1171 rationem
2373 1112 2579 1175 nullius
2609 1127 2733 1169 esse
2771 1110 3195 1181 probabilitatis.
3229 1109 3405 1164 Carte-

1831 1220 1954 1259 rum
1997 1204 2320 1274 respondete
2348 1203 2525 1266 nobis,
2553 1218 2652 1258 cur
2685 1202 2842 1256 vobis
2874 1202 2978 1255 hoc
3003 1199 3241 1263 dictum,
3277 1216 3298 1252 ι
3335 1212 3405 1252 ex

1832 1294 2162 1358 substantia,
2204 1312 2223 1345 ι
2259 1294 2482 1350 minime
2505 1294 2679 1358 placet
2704 1292 2727 1345 ?
2757 1292 2814 1346 ld
2844 1291 2988 1345 enim
3016 1291 3195 1361 primo
3227 1289 3403 1360 inqui-

1831 1386 2061 1442 rendum
2092 1395 2176 1441 est
2206 1404 2222 1440 :
2263 1386 2414 1457 atqui
2453 1401 2548 1440 vos
2579 1384 2680 1454 ipsi
2710 1382 3007 1453 scripsistis
3029 1398 3097 1437 ex
3134 1379 3297 1437 Patre
3321 1396 3406 1451 ge-

1834 1479 2009 1532 nitum
2047 1475 2247 1543 Filium
2278 1477 2449 1533 esse?
2486 1466 2554 1530 'Si
2584 1477 2750 1546 igitur
2797 1490 2921 1529 cum
2961 1473 3178 1530 Patrem
3226 1475 3408 1528 nomi-

176 1562 267 1614 οὐκ
294 1562 481 1616 οὐσίαν
510 1563 824 1634 σημαίνετε,
854 1566 972 1620 οὐδὲ
997 1568 1157 1622 αὐτὸν
1185 1568 1276 1622 τὸν
1303 1569 1431 1623 ὄντα
1449 1570 1583 1642 ὅπερ
1616 1570 1723 1623 ἐστῖ

1835 1568 2000 1635 natis,
2045 1580 2139 1624 aut
2172 1571 2314 1624 hanc
2341 1584 2548 1633 vocem,
2588 1586 2607 1619 (
2633 1566 2776 1623 Deus
2798 1585 2843 1631 ι,
2871 1565 3264 1636 pronuntiatis,
3296 1578 3421 1627 non,

178 1654 290 1707 κατ’
313 1654 502 1709 οὐσίαν
524 1660 715 1723 νοεῖτε,
750 1658 865 1713 ἀλλ’
903 1659 1087 1731 ἔτερόν
1120 1676 1184 1721 ¹τι
1216 1660 1344 1731 περὶ
1378 1660 1570 1726 αὐτὸν,
1609 1660 1643 1731 ἢ
1673 1658 1723 1714 τί

1836 1660 2197 1729 substantiam
2226 1660 2570 1732 signiﬁcatis,
2619 1674 2796 1730 neque
2828 1660 3008 1728 ipsum
3043 1658 3137 1728 qui
3170 1656 3404 1720 exsistit,

178 1743 297 1811 γοῦν
326 1747 533 1819 χεῖρον,
566 1749 653 1803 ἴνα
679 1750 756 1821 μὴ
785 1752 915 1821 παρ’
958 1750 1094 1822 ἐμοῦ
1118 1750 1373 1822 λέγηται,
1409 1751 1500 1805 διὰ
1531 1752 1723 1808 τούτων

1836 1761 1897 1807 ιιι
1919 1761 2003 1809 cst
2032 1752 2334 1808 secundum
2368 1751 2732 1807 substantiam
2764 1748 3098 1820 intelligitis;
3130 1747 3224 1803 sed
3255 1746 3405 1801 aliud

172 1811 450 1907 σημαίνετε
468 1811 606 1913 (50),
622 1811 728 1894 ἔδει
742 1811 820 1912 μὴ
834 1811 1063 1913 γράφειν
1079 1811 1221 1912 ὑμᾶς
1236 1811 1301 1896 έκ
1316 1811 1410 1896 τοῦ
1425 1843 1636 1915 Πατρὸς
1646 1842 1735 1898 τὸν
1766 1811 1810 1867 Β

166 1927 303 1992 Υίὸν,
338 1928 457 1983 ἀλλ’
507 1932 575 1985 ὲκ
621 1931 729 2001 τῶν
770 1935 896 2007 περὶ
922 1933 1084 1987 αὐτὸν
1113 1933 1146 2005 ἦ
1177 1933 1284 1987 τῶν
1331 1936 1390 1988 ὲν
1435 1934 1617 2005 αὐτῷ’
1648 1936 1734 1991 ἵνα

163 2018 441 2087 φεύγοντες
464 2020 648 2093 λέγειν
669 2024 886 2096 ἀληθῶς
916 2027 1135 2098 Πατέρα
1168 2027 1261 2080 τὸν
1283 2025 1415 2080 Θεὸν
1436 2066 1452 2091 ,
1481 2026 1732 2081 σύνθετον

163 2108 215 2162 δὲ
242 2111 327 2165 τὸν
358 2113 587 2177 ἁπλοῦν,
642 2117 736 2170 καὶ
793 2118 1116 2188 σωματικῶς
1160 2118 1323 2173 αὑτὸν
1366 2117 1728 2184 ἐπινοοῦντες,

165 2204 465 2275 καινοτέρας
489 2205 840 2279 βλασφημίας
863 2210 1155 2281 ὲφευρεταὶ
1188 2210 1441 2282 γένησθε.
1485 2210 1641 2264 Οῦτω
1671 2211 1730 2283 δὲ

164 2294 410 2363 νοοῦντες,
443 2300 505 2366 ἐξ
524 2300 774 2373 ἀνάγκης
802 2303 895 2357 καὶ
917 2302 1010 2357 τὸν
1034 2304 1225 2373 Λόγον,
1259 2303 1353 2357 καὶ
1381 2303 1444 2357 τὸ
1466 2303 1613 2369 Υίὸς,
1630 2303 1731 2363 οὐκ

167 2387 336 2443 οὐσίαν
366 2389 510 2460 (50⁸)
553 2392 668 2446 ἀλλ’
712 2392 885 2465 ὄνομα
918 2393 1075 2465 μόνον
1105 2396 1374 2465 νομίζετε,
1414 2395 1510 2449 καὶ⁵
1544 2394 1729 2448 λοιπὸν

166 2476 309 2550 ἄχρις
335 2480 617 2552 ὀνομάτων
645 2483 795 2555 ἔχετε
824 2485 922 2557 τὴν
946 2487 1154 2541 ἑαυτῶν
1186 2488 1485 2557 φαντασίαν
1501 2504 1517 2522 ο
1572 2489 1665 2542 καὶ
1691 2486 1728 2542 ἃ

164 2566 353 2638 λέγετε,
406 2575 508 2645 οὐκ
564 2570 703 2629 εἶναι
744 2576 1047 2643 πιστεύετε,
1084 2579 1220 2633 ἀλλὰ
1278 2578 1354 2651 μὴ
1397 2575 1537 2637 εἶναι
1582 2597 1719 2651 φρο-

168 2677 315 2717 νειτε.

224 2933 304 2991 55.
336 2935 506 2991 Τοῦτο
544 2938 604 2992 δὲ
650 2936 1022 2992 Σαδδουκαίων
1063 2936 1263 3008 μᾶλλον
1305 2937 1401 2995 καὶ
1444 2937 1552 2992 τῶν
1597 2939 1723 3009 παρ’

168 3024 372 3100 Ἕλλησι
403 3028 707 3101 λεχθέντων
739 3027 911 3082 ἀθέων
936 3028 1045 3100 (51)
1077 3031 1195 3083 ἐστὶ
1228 3031 1290 3084 τὸ
1316 3030 1592 3103 τόλμημα.
1633 3031 1724 3086 Διὸ

1837 1848 1980 1902 circa
2015 1845 2215 1915 ipsum,
2245 1851 2341 1899 aut
2367 1841 2570 1913 aliquid
2601 1841 2774 1911 pejus,
2802 1839 2949 1912 quod
2983 1855 3015 1894 a
3053 1853 3142 1894 me
3188 1837 3400 1893 dictum

1836 1938 2024 2003 nolim,
2052 1952 2148 2008 per
2185 1937 2301 1991 lucc
2335 1934 2589 1989 indicatis
2623 1951 2637 1987 :
2681 1932 2837 1987 vobis
2879 1944 3010 2001 ergo
3048 1929 3407 1995 scribendum

1834 2045 1943 2084 non
1976 2027 2099 2095 fuit,
2123 2043 2188 2082 ex
2212 2025 2373 2081 Patre
2394 2022 2592 2085 Filium
2623 2037 2784 2088 esse;
2812 2022 2908 2080 sed
2923 2036 2985 2076 ex
3014 2020 3082 2075 iis
3110 2035 3233 2097 qua:
3257 2020 3425 2086 circa.

1834 2121 2012 2192 ipsum
2054 2120 2138 2175 vel
2186 2119 2242 2174 in
2279 2118 2400 2188 ipso
2455 2124 2619 2184 sunt:
2675 2122 2741 2169 ut
2788 2114 2919 2169 hinc
2964 2114 3200 2167 vitantes
3231 2111 3415 2171 Deum.

1834 2231 1960 2271 vere
1996 2214 2211 2278 Patrem
2251 2213 2454 2277 dicere,
2476 2224 2715 2279 eumque
2752 2208 2846 2279 qui
2881 2223 3009 2263 vere
3037 2206 3268 2276 simplex
3295 2215 3401 2269 est,

1832 2307 2191 2377 compositum
2244 2316 2680 2376 corporeumque
2740 2298 3148 2370 intelligentcs,
3210 2310 3401 2362 recen-

1830 2400 1988 2454 tioris
2026 2396 2377 2468 blasphemia:
2430 2395 2745 2449 inventores
2785 2390 3001 2446 essetis.
3052 2387 3189 2443 Cum
3232 2402 3398 2456 porro

1829 2492 1911 2547 sic
1947 2490 2281 2561 intelligetis,
2318 2503 2541 2544 necesse
2580 2497 2664 2542 est
2705 2494 2767 2540 ut
2804 2482 3046 2539 Verbum
3085 2492 3138 2536 et
3178 2478 3398 2544 Filium,

1828 2600 1941 2641 non
1977 2580 2339 2638 substantiam
2369 2577 2466 2634 sed
2490 2591 2704 2631 merum
2733 2588 2933 2631 nomen
2959 2569 3308 2634 existimetis,
3333 2582 3401 2623 ac

1827 2676 2046 2732 demum
2081 2671 2302 2728 nomine
2351 2678 2532 2732 tenus,
2576 2679 2813 2722 vestram
2856 2663 3140 2720 retineatis
3187 2659 3411 2733 opinio-t

1827 2782 1988 2822 nem:
2027 2779 2093 2821 ac
2126 2779 2248 2834 quae
2293 2760 2477 2816 dicitis
2512 2757 2663 2813 nullo
2708 2757 2872 2812 modo
2893 2768 3015 2811 esse
3044 2760 3099 2808 ct
3127 2762 3399 2819 nusquam

1824 2867 2042 2913 exstare
2082 2853 2350 2911 sentiatis.

1894 2949 1985 3005 55.
2022 2947 2148 3003 Haec
2176 2945 2623 3007 Sadducaeorum,
2656 2942 2768 2996 imo
2794 2940 2981 3011 potius
3018 2948 3210 2993 eorum
3250 2932 3342 3003 qui
3369 2949 3417 2999 ι’

1826 3039 2029 3096 Graecis
2050 3036 2512 3097 atbeivocantur,
2552 3030 2783 3091 scelesta
2833 3034 2918 3082 est
2969 3023 3177 3094 opinio.
3222 3020 3399 3088 Atque

163 3120 271 3174 οὐδὲ
291 3121 387 3194 τὴν
417 3124 599 3177 κτίσιν
626 3121 791 3177 αὐτοῦ
840 3121 934 3176 τοῦ
976 3123 1127 3187 ὄντος
1167 3122 1302 3178 Θεοῦ
1338 3124 1723 3198 δημιούργημα

1831 3130 1956 3185 hinc
2005 3129 2275 3198 reliquum
2307 3132 2393 3181 est
2423 3132 2485 3181 ut
2515 3129 2800 3183 creaturas
2832 3118 2929 3173 Dei
2974 3116 3090 3171 veri
3118 3113 3415 3184 opiﬁcium

164 3205 289 3264 εἶναι
320 3213 521 3283 φήσετε
544 3231 557 3243 ·
591 3213 731 3281 εῐγε
756 3212 818 3266 τὸ
844 3213 1036 3285 Πατὴρ
1059 3214 1153 3267 καὶ
1177 3214 1237 3267 τὸ
1261 3214 1397 3277 Θεὸς
1425 3215 1526 3269 οὐκ
1555 3215 1721 3288 αὐτὴν

164 3300 253 3372 τὴν
274 3302 362 3356 τοῦ
404 3304 560 3369 ὄντος
599 3304 787 3358 οὐσίαν
834 3304 1228 3376 σημαίνουσιν,
1266 3305 1383 3359 ἀλλ’
1421 3306 1606 3378 ἔτερόν
1646 3323 1721 3375 τι,

166 3391 287 3465 ὅπερ
311 3396 463 3467 ὑμεῖς
494 3396 888 3450 άναπλάττετε.
938 3395 1098 3451 Ἀλλὰ
1125 3396 1282 3450 τοῦτο
1322 3397 1579 3462 δυσσεϐὲς
1630 3400 1725 3454 καὶ

166 3481 273 3537 λίαν
302 3486 546 3559 ἀπρεπές
573 3489 689 3541 ἐστι
712 3489 807 3543 καὶ
839 3487 998 3559 μόνον
1026 3486 1399 3559 ἐνθυμεῖσθαι.
1423 3490 1488 3543 Et
1518 3489 1577 3543 δὲ
1597 3490 1724 3544 ὅταν

166 3572 414 3648 ἀκούομεν
442 3579 555 3651 (52)
577 3596 592 3611 ο
633 3598 653 3631 ι
705 3578 846 3648 Ἐγώ
875 3582 988 3651 εἰμι
1017 3582 1046 3633 ὁ
1068 3578 1173 3641 ὧν·
1213 3599 1232 3632 ι
1271 3581 1387 3646 καὶ,
1417 3598 1437 3631 ι
1458 3582 1545 3636 Ἐν
1580 3582 1723 3654 ἀρχῇ

168 3663 402 3738 ἐποίησεν
452 3672 481 3723 ὁ
530 3670 664 3734 Θεὸς
692 3671 784 3724 τὸν
830 3670 1057 3742 οὐρανὸν
1111 3670 1207 3725 καὶ
1233 3670 1332 3742 τὴν
1381 3670 1519 3741 γῆν·
1547 3690 1565 3723 ι
1607 3672 1721 3739 καὶ,

174 3758 405 3827 (Ἄκουε,
452 3761 671 3832 Ἰσραὴλ
719 3760 871 3833 (55),
908 3762 1112 3835 Κύριος
1141 3764 1169 3816 ὁ
1197 3762 1330 3827 Θεός
1381 3780 1475 3816 σου
1519 3762 1724 3836 Κύριος

169 3841 238 3911 εἷς
258 3851 398 3906 ἐστι·
440 3873 458 3905 ι
490 3854 607 3918 καὶ,
640 3872 659 3905 ι
695 3852 832 3907 Τάδε
864 3853 1012 3922 λέγει
1041 3856 1245 3928 Κύριος
1268 3856 1716 3927 παντοκράτωρ»

168 3939 253 4012 οὐχ
274 3942 450 4016 ἔτερόν
471 3963 524 3999 τι
548 3944 663 3998 ἀλλ’
687 3946 856 4017 αὐτὴν
880 3945 977 4018 τὴν
1002 3946 1177 4018 ἁπλῆν
1203 3946 1299 4001 καὶ
1326 3947 1604 4019 μακαρίαν
1629 3947 1722 4000 καὶ

170 4029 527 4107 ἀκατάληπτον
547 4035 640 4090 τοῦ
663 4036 813 4101 ὄντος
833 4037 1020 4092 οὐσίαν
1048 4036 1274 4108 νοοῦμεν
1292 4054 1308 4070 ο
1336 4037 1439 4092 κᾶν
1465 4038 1573 4109 γὰρ
1599 4038 1725 4092 ἀδυ-

169 4119 325 4189 νάτως
372 4126 584 4199 ἔχωμεν
629 4126 976 4195 καταλαϐεῖν,
1020 4127 1050 4181 ὃ
1099 4143 1151 4180 τι
1205 4127 1337 4180 ποτέ
1390 4128 1537 4181 ἐστιν
1556 4168 1572 4193 ,
1606 4128 1722 4189 ἀλλ’

170 4209 429 4283 ἀκούοντες
452 4221 536 4285 τὸ,
571 4218 779 4291 Πατὴρ,
810 4218 903 4272 καὶ
934 4218 995 4272 τὸ
1017 4260 1033 4286 ,
1066 4217 1217 4285 Θεὸς,
1246 4219 1339 4272 καὶ
1370 4219 1432 4272 τὸ
1450 4258 1465 4283 ,
1519 4221 1723 4289 Παντο-

171 4304 390 4378 κράτωρ,
414 4308 512 4380 οὐχ
543 4309 728 4381 ἔτερόν
758 4326 834 4376 τι,
868 4307 982 4363 ἀλλ’
1005 4308 1172 4381 αὐτὴν
1200 4308 1297 4381 τὴν
1325 4308 1419 4362 τοῦ
1459 4310 1609 4375 ὄντος
1633 4312 1724 4381 ob;

172 4394 278 4450 σίαν
302 4402 699 4474 σημαινομένην
728 4399 978 4473 νοοῦμεν.
1010 4402 1283 4473 Είρήκατε
1315 4401 1371 4455 δὲ
1412 4403 1507 4457 καὶ
1564 4404 1723 4474 ὑμεῖς

1823 3238 1946 3280 esse
1995 3220 2205 3276 inﬁcias
2239 3218 2400 3287 eatis,
2432 3214 2702 3285 siquidem
2753 3213 2868 3266 haec
2892 3206 3181 3271 vocabula,
3215 3203 3399 3267 Pater,

1822 3323 1899 3382 et,
1932 3314 2098 3379 Deus,
2117 3326 2226 3367 non
2260 3311 2434 3381 ipsam
2457 3304 2775 3362 exsistentis
2799 3298 3162 3359 substantiam
3185 3294 3398 3362 signiﬁ-

1822 3413 1987 3471 cant,
2029 3402 2123 3459 sed
2184 3401 2331 3456 aliud
2388 3397 2669 3470 quidpiam
2735 3393 2883 3465 quod
2940 3388 3237 3446 commenti
3299 3400 3399 3440 vos

1822 3496 1977 3553 estis.
2013 3494 2119 3553 Sed
2145 3494 2252 3549 hoc
2279 3491 2365 3547 vel
2398 3490 2576 3548 solum
2607 3487 2872 3559 cogitare,
2897 3481 3127 3554 impium
3167 3493 3426 3550 prorsus.

1824 3597 1989 3660 atque
2011 3586 2388 3658 turpissimum
2419 3592 2525 3639 est.
2570 3581 2668 3637 Sin
2717 3588 2901 3636 autem
2934 3591 3060 3632 cum
3093 3573 3347 3629 audimus
3380 3588 3397 3625 :

1829 3701 1857 3741 ι,
1887 3680 2011 3752 Ego,
2042 3694 2163 3735 sum
2203 3678 2295 3748 qui
2347 3691 2469 3732 sum
2498 3676 2578 3742 ³⁰;
2618 3693 2637 3726 ι
2677 3678 2762 3738 et,
2803 3690 2824 3723 ι
2860 3670 2917 3725 in
2961 3665 3233 3739 principio
3272 3663 3401 3720 fecit

1821 3772 1964 3831 Deus
1987 3771 2185 3827 ccelum
2211 3778 2263 3824 et
2295 3776 2497 3824 terram
2521 3766 2563 3807 ἰ
2596 3782 2611 3832 ;
2653 3773 2776 3828 γει,
2815 3780 2835 3814 ι
2868 3759 3032 3825 Audi,
3073 3756 3263 3818 Israel,
3290 3752 3398 3810 Do-

1822 3861 2007 3916 minus
2033 3858 2177 3914 Deus
2198 3866 2326 3913 tuus
2353 3854 2617 3910 Dominus
2640 3868 2786 3907 unus
2817 3858 2905 3906 est
2935 3849 2979 3881 ³²
3006 3865 3021 3914 ;
3059 3866 3079 3899 ι
3124 3856 3199 3913 et,
3225 3863 3243 3896 ι
3270 3843 3397 3899 Haec

1823 3950 1956 4021 dicit
1970 3947 2233 4008 Dominus
2263 3928 2668 4017 omnipotens”
2693 3958 2743 4008 ;I
2773 3955 2882 3995 non
2916 3938 3065 4003 aliud
3089 3937 3192 3991 nisi
3217 3935 3396 4005 ipsam

1824 4039 2148 4110 simplicem,
2180 4036 2428 4100 beatam,
2461 4028 3073 4107 incomprehensibilem
3112 4026 3268 4096 ejus,
3300 4023 3419 4094 qui,

1822 4135 1926 4194 est,
1959 4124 2319 4192 substantiam
2350 4122 2748 4193 intelligimus;
2781 4116 3036 4190 quamvis
3069 4116 3215 4170 enim
3236 4112 3398 4183 quid-

1823 4234 1951 4275 nam
1988 4218 2080 4273 ille
2107 4217 2178 4273 sit
2205 4213 2663 4285 comprehendere
2722 4221 3060 4284 nequeamus
3085 4245 3103 4272 ,
3153 4212 3393 4259 attamen

1823 4326 1949 4374 cum
1982 4310 2083 4365 has
2108 4322 2272 4365 voces
2300 4305 2576 4370 audimus,
2606 4301 2789 4369 Pater,
2814 4299 2981 4368 Deus,
3013 4296 3417 4367 Omnipotens,

1822 4400 1971 4466 nihil,
1991 4399 2135 4455 aliud
2158 4414 2322 4469 quam
2350 4397 2489 4467 ejus,
2514 4395 2610 4466 qui
2637 4404 2741 4457 est,
2766 4391 3132 4457 substantiam
3164 4385 3413 4451 indiCari,

170 4482 226 4535 ὲκ
260 4486 345 4540 τοῦ
376 4488 508 4544 Θεοῦ
535 4492 628 4545 τὸν
674 4491 801 4545 Υἱὸν
828 4530 843 4555 ,
878 4490 1119 4563 δηλονότι
1150 4492 1214 4544 ὲκ
1243 4491 1356 4562 (54)
1400 4491 1501 4563 τῆς
1532 4493 1720 4563 οὐσίας

1831 4491 2193 4560 concipimus.
2211 4488 2437 4557 Dixistis
2473 4501 2570 4551 vos
2610 4485 2773 4552 etiam
2801 4499 2870 4551 ex
2896 4482 3006 4538 Deo
3026 4480 3223 4535 Filium
3250 4494 3395 4545 esse,

168 4574 249 4629 τοῦ
273 4578 474 4654 Πατρὸς
499 4585 662 4638 αὐτὸν
690 4585 967 4656 εἰρήκατε.
1000 4584 1218 4656 Ἐπειδὴ
1238 4585 1295 4638 δὲ
1322 4585 1413 4639 καὶ
1436 4585 1541 4657 πρὸ
1564 4584 1718 4657 ὑμῶν

170 4663 394 4736 λέγουσιν
417 4678 470 4729 αἱ
493 4677 709 4748 Γραφαὶ
736 4676 827 4731 τὸν
852 4677 1059 4749 Κύριον
1087 4677 1215 4731 Υίὸν
1244 4676 1341 4730 τοῦ
1373 4678 1605 4749 Πατρὸς,
1627 4676 1722 4730 καὶ

170 4757 264 4828 πρὸ
281 4764 471 4832 αὐτῶν,
507 4766 667 4830 αὐτὸς
706 4768 735 4819 ὁ
778 4766 968 4838 Πατὴρ
993 4764 1246 4837 εἴρηκεν·
1285 4784 1305 4817 ‹
1358 4758 1527 4831 Οὗτός
1574 4768 1721 4820 ἐστιν

170 4848 195 4898 ὁ
221 4848 336 4916 Υἱός
363 4873 460 4925 μου
493 4861 522 4912 ὁ
551 4858 833 4928 ἀγαπητός
857 4876 870 4888 '
898 4878 918 4911 ι
956 4862 987 4912 ἴ
1004 4860 1080 4923 ίὸς
1105 4859 1164 4913 δὲ
1191 4858 1340 4912 οὐδὲν
1366 4859 1552 4930 ἔτερόν
1574 4860 1721 4913 ἐστιν

170 4935 276 5004 ῆτὸ
303 4942 364 4997 ὲκ
381 4945 471 4999 τοῦ
494 4949 705 5020 Πατρὸς
730 4948 978 5020 γέννημα
996 4961 1012 4979 '
1043 4950 1161 5013 πῶς
1212 4950 1272 5003 οὐ
1308 4948 1590 5018 φαίνονται
1618 4967 1721 5005 κα-

232 5069 607 5147 ²⁹Ιϐοι·.ι,24.
684 5080 751 5118 ³³³
790 5079 962 5135 Exod.
998 5097 1080 5151 ιιι,
1109 5080 1197 5135 14.
1264 5080 1346 5127 ο-⁸¹
1385 5079 1521 5141 Gen.
1551 5097 1593 5147 1,
1634 5082 1681 5135 1-

233 5209 339 5291 (2_8)
361 5214 449 5291 ⁸ιιιι
472 5217 677 5291 Regius
707 5219 879 5291 codex
899 5225 968 5291 ct
995 5216 1178 5291 Eelck.
1208 5218 1263 5291 si.
1286 5216 1461 5291 Διιίιξιί,
1476 5288 1485 5291 Α
1500 5217 1714 5291 δείκνυ-

172 5294 251 5334 ται
274 5282 707 5360 άπόςρρισιςῘΜοχ
735 5289 866 5360 Reg.
899 5287 1063 5360 Basil.
1091 5287 1336 5360 etpeditio
1366 5282 1565 5353 Paris,
1587 5288 1717 5360 ἀρέ-

177 5352 536 5431 σκξξθεςΕόὶι.
572 5376 703 5431 vero
737 5352 1025 5423 CoinmeL,
1058 5352 1407 5431 ἀρέσκεσθαι.

238 5419 340 5504 (ξθ)
376 5427 448 5483 Ita
472 5431 601 5504 edit.
624 5430 904 5504 AComrnel.
938 5436 994 5483 et
1011 5419 1214 5484 ’onines
1239 5443 1371 5487 mss.
1409 5427 1565 5497 Edit.
1583 5442 1721 5485 vero

375 5484 729 5571 ζεγενῆσθαι.

375 5558 781 5644 ῐξθέὶᾳεόοᾳει,
804 5573 1151 5644 σημαίνεται.

238 5627 625 5706 (δθδλῆἶοιιηι.
651 5643 705 5706 5,
752 5627 1007 5697 καὶ”Ῑ“ἰὸν
1036 5644 1136 5696 οὐκ
1165 5640 1368 5695 οὐσίαν.
1416 5639 1537 5695 Mox
1580 5640 1710 5695 edit.

180 5705 411 5760 Uommel.
448 5711 582 5773 sola,
617 5705 916 5784 νομίζεται.
971 5712 1033 5767 Et
1065 5712 1203 5768 infra
1233 5712 1441 5781 eadem,
1470 5710 1715 5765 πιστεύε-

180 5781 273 5832 Ἑαι,
302 5778 561 5832 mendose.

194 5790 273 5836 ῐαι,
302 5790 561 5836 mendose.

1825 4595 1889 4635 ac
1910 4585 2305 4649 consequenter
2352 4593 2419 4632 ex
2451 4576 2628 4633 Patris
2653 4574 2959 4631 substantia
3015 4573 3195 4641 ipsum
3227 4583 3349 4625 esse
3377 4584 3394 4631 ;

1825 4687 1948 4726 cum
1993 4664 2124 4739 ergo
2154 4677 2209 4723 et
2255 4677 2382 4723 ante
2412 4682 2513 4721 vos
2541 4666 2840 4736 Scriptura:
2867 4663 3056 4719 dicant
3102 4660 3395 4714 Dominum

1823 4776 1945 4817 esse
1968 4759 2149 4814 Patris
2176 4757 2397 4822 Filium,
2419 4766 2475 4812 et
2500 4767 2625 4812 ante
2653 4755 2963 4826 Scripturas
2984 4752 3147 4807 Pater
3174 4749 3393 4814 dixerit,

1829 4874 1847 4907 ι
1888 4854 1987 4923 Hic
2013 4861 2098 4909 est
2145 4851 2316 4908 Filius
2357 4868 2512 4908 meus
2534 4850 2836 4907 dilectu’s“
2871 4867 2886 4917 ;
2930 4870 2948 4902 ι
2990 4849 3162 4903 Filius
3211 4856 3384 4902 autem

1820 4948 1953 5002 nihil
1982 4946 2127 5000 aliud
2170 4945 2241 5001 sit
2272 4960 2437 5014 quam
2467 4943 2646 4999 Patris
2676 4943 2855 5010 fetus;
2890 4958 3020 5013 qua,
3056 4954 3265 5011 quaeso,
3301 4954 3392 4993 ra-

1776 5080 1821 5127 ”.
1858 5079 2017 5137 Deut.
2047 5094 2121 5145 v1,
2150 5076 2205 5146 4.
2282 5076 2327 5109 ³³
2363 5075 2499 5131 Gen.
2528 5092 2660 5143 xvn,
2690 5076 2742 5131 1.
2820 5073 2866 5117 ⁸⁵
2900 5072 3089 5129 Matth.
3125 5090 3203 5139 ιιι,
3231 5064 3318 5129 l7.

1886 5218 1999 5290 (5i)
2039 5216 2457 5290 Regius_codcx,
2480 5216 2617 5290 Διιι-α(λῖ
2644 5215 2897 5290 Ἕλλησιν
2925 5214 3120 5269 ἀθέων.
3148 5212 3385 5290 Eelcitrn.

1814 5283 2027 5359 tertius,
2052 5283 2182 5362 παρ’
2214 5287 2440 5359 Ἕλλησι
2475 5283 2634 5354 θεῶν,
2662 5283 2868 5349 omisso
2903 5293 3151 5354 uterque,
3172 5283 3390 5354 λεχθέν-

1816 5378 1949 5418 των.

1887 5430 1999 5502 (52)
2025 5429 2240 5502 Regius
2273 5427 2451 5497 codex
2473 5435 2528 5484 et
2558 5425 2799 5485 Felckm.
2828 5426 2884 5492 5,
2913 5424 3219 5496 ἀκούωμεν.
3255 5421 3389 5478 Edi-

1813 5501 1879 5566 ti,
1899 5499 2196 5622 ἀκούσέιεν.

1893 5571 2006 5622 (55)
2090 5569 2196 5622 (ἤιξε

1893 5571 2006 5641 (55)
2045 5565 2223 5641 ῌόίιὶο
2250 5565 2825 5641 (ἒοκιιιιιιθι.λ,²1ησραῄλ.

2050 5638 2369 5709 Felckm.__3.
2415 5632 2642 5708 νοοῦμεν
2657 5632 2684 5701 ,’
2715 5632 2996 5709 εἰρηκότες
3027 5632 3391 5709 δὲ-καὶ-ήμεκ

1816 5703 1940 5790 (sic)
1970 5703 2037 5790 ἐκ
2050 5709 2156 5790 ,τοῦ
2190 5706 2324 5763 Θεοῦ
2353 5709 2443 5763 τὸν
2470 5703 2616 5774 Υίὸν,
2644 5703 2800 5781 δῆλον
2826 5703 2912 5762 ὅτι
2942 5710 3023 5761 ὲκ.
3048 5704 3192 5762 Idem
3221 5703 3403 5785 ἱιιΐιτιι⁵

1820 5780 1926 5852 πρὸ
1960 5780 2132 5851 ἡμῶν.
