3822 6226
219 358 328 414 757

1656 352 1742 409 DE
1779 351 2088 410 SYNODlS.

3358 349 3461 410 758

220 474 417 541 ἀνάξια
465 474 559 528 καὶ
591 475 665 545 μὴ
712 474 1018 545 ἁρμόζοντα
1064 476 1193 546 περὶ
1239 473 1334 529 τοῦ
1366 473 1514 540 Υίοῦ,
1539 474 1791 546 γράφειν.

1906 471 2250 544 congruentia
2279 469 2419 528 Filio
2450 473 2745 529 ascribere.
2777 469 2912 528 Nam
2940 472 2987 529 si
3015 470 3187 528 Filius
3219 481 3324 535 est,
3354 486 3462 527 non

220 565 420 637 Εἰγὰρ
443 565 570 626 Υἱός
621 568 787 627 ἐστιν,
818 565 921 618 οὐκ
963 564 1081 618 ἔστι
1133 566 1366 636 κτίσμα’
1405 568 1454 619 εί
1502 566 1559 631 δὲ
1593 565 1798 636 κτίσμα

220 656 394 719 ἐστὶν,
427 656 527 709 οὐκ
557 655 703 709 ἔστιν
738 656 882 719 Υἱός.
921 654 1156 709 Τοιαῦτα
1177 656 1233 709 δὲ
1256 657 1623 727 διανοούμενοι
1647 697 1661 721 ,
1698 657 1797 727 ἀρ-

220 747 480 819 νήσονται
532 766 632 801 που
660 750 751 801 καὶ
797 747 858 801 τὸ
884 747 1039 815 ἅγιον
1069 747 1310 818 λουτρὸν,
1342 750 1425 802 ὅτι
1475 751 1555 813 εἰς
1580 750 1798 820 Πατέρα

221 840 318 892 καὶ
343 841 424 902 είς
451 838 599 903 Υἱὸν,
629 840 724 893 καὶ
747 839 849 892 οὐκ
867 840 947 902 εἰς
980 839 1217 909 Κτίστην
1247 841 1344 892 καὶ·
1361 839 1564 910 κτίσμα
1579 839 1795 903 δίδοται,

220 932 302 994 ὡς
323 930 478 983 αὐτοὶ
505 929 831 1000 νομίζουσιν.
876 928 1013 982 Ἀλλ’
1048 928 1108 981 οὐ
1143 930 1451 1001 γέγραπται
1480 928 1672 991 ταῦτα,
1699 947 1800 999 φα-

223 1020 479 1090 clam“),
523 1020 618 1073 καί
656 1019 733 1082 ὡς
769 1020 1049 1093 ἀγράφους
1090 1020 1189 1083 τὰς
1223 1020 1406 1087 φωνὰς
1445 1019 1794 1091 ἐκϐάλλομεν.

235 1110 402 1164 Ἀλλά
433 1110 531 1167 καὶ
558 1109 715 1162 τοῦτο
748 1109 908 1163 πάλιν
941 1110 1213 1181 πρόφασίς
1237 1112 1384 1162 ἐστιν
1413 1112 1597 1174 αὐτοῖς
1643 1111 1797 1164 ἀναί-

223 1215 477 1270 σχυντος.
512 1199 585 1253 Et.
607 1197 716 1269 γάρ
752 1198 1016 1268 ὲκϐλητέα
1043 1196 1320 1268 νομίζουσι
1352 1199 1420 1252 τὰ
1448 1198 1521 1270 μὴ
1553 1215 1800 1272 γεγραμ-

224 1289 389 1371 μένα,
432 1289 522 1349 διὰ
551 1290 606 1342 τί
638 1289 748 1343 τῶν
779 1291 908 1359 περ).
942 1290 1156 1360 ’Ἄρειον
1196 1287 1259 1353 ἐξ
1282 1290 1545 1362 ἀγράφων
1583 1292 1799 1361 ὲπινοη-

225 1379 440 1434 σάντων
468 1381 719 1433 τοσοῦτον
750 1380 1031 1449 ῥηματίων
1064 1380 1349 1451 συρφετὸν,
1378 1381 1459 1443 τὸ,
1494 1380 1554 1444 ἐξ
1582 1381 1682 1434 οὐκ
1712 1380 1799 1434 ὅν·

220 1485 355 1534 των,
372 1469 566 1539 καὶ-τὸ,
595 1469 693 1522 οὐκ
712 1464 780 1539 ἦν
793 1471 821 1522 ὁ
844 1470 966 1532 Tib;
986 1469 1116 1537 πρὶν
1136 1469 1366 1540 γεννηθῇ
1390 1487 1402 1499 ⁸
1422 1469 1534 1536 καὶ,
1554 1465 1621 1541 ἦν
1646 1487 1797 1535 ποτε,

221 1562 318 1614 ὅτε
338 1561 440 1614 οὐκ
465 1556 532 1630 ἦν
550 1577 564 1589 ·
598 1560 711 1624 καὶ,
731 1560 963 1631 τρεπτός
993 1564 1106 1619 ἐστι
1125 1578 1140 1591 ·
1165 1561 1280 1623 καὶ,
1304 1560 1540 1632 seen-:0;
1569 1560 1680 1632 (45)
1707 1562 1800 1614 καὶ

220 1650 457 1720 ἀόρατος
481 1653 510 1703 ὁ
537 1650 727 1723 Πατὴρ
755 1651 830 1721 τῷ
864 1650 978 1721 Υξῷ
997 1668 1012 1683 ο
1032 1652 1147 1713 καὶ,
1172 1654 1201 1704 ὁ
1233 1651 1361 1715 Υἱὸς
1387 1653 1487 1705 οὐκ
1516 1648 1657 1706 οἶδεν
1679 1652 1798 1706 οὐδὲ

221 1741 328 1812 τὴν
352 1740 542 1794 ἑαυτοῦ
573 1741 790 1805 οὐσίαν·
828 1741 921 1794 καὶ
948 1741 1049 1795 ὅσα
1099 1743 1157 1795 ἐν
1188 1744 1255 1812 τῇ
1306 1742 1500 1813 γελοίῳ
1538 1743 1631 1797 καὶ
1666 1744 1796 1796 ἀσε-

223 1834 315 1889 ϐεῖ
336 1832 447 1906 (46)
484 1832 652 1905 Θαλία
677 1833 871 1888 ἑαυτοῦ
904 1833 1115 1905 φρονῶν
1151 1835 1413 1906 ἐξήμεσεν
1453 1838 1670 1906 Ἀρειος
1699 1838 1799 1890 οὐκ

223 1928 639 1998 ἀπειρήκασιν,
671 1927 807 1986 ἀλλὰ
833 1929 928 1982 καὶ
955 1927 1154 1998 μᾶλλον
1196 1930 1337 2000 ὑπὲρ
1375 1929 1553 1983 αὐτῶν
1597 1931 1797 2000 ἀγωνί-

222 2015 433 2083 ζονται,
463 2019 557 2072 καὶ
579 2017 667 2079 διὰ
694 2016 867 2080 ταῦτα
894 2019 1029 2090 πρὸς
1068 2021 1191 2083 τοὺς
1242 2020 1352 2091 (47)
1389 2022 1638 2092 Πατέρας
1672 2023 1801 2075 ἐαυ·

221 2107 340 2169 τῶν
390 2105 765 2177 διαμάχονται.
827 2108 922 2160 Ἐκ
954 2108 1113 2171 ποίας
1161 2108 1217 2162 δὲ
1247 2109 1470 2181 Γραφῆς
1522 2111 1614 2164 καῖ⁵
1647 2112 1799 2164 αὐτοὶ

222 2196 479 2267 εὑρόντες
497 2197 557 2265 τὸ
582 2197 843 2268 ἀγένητον
878 2195 1009 2266 (48),
1034 2197 1128 2249 καὶ
1156 2197 1215 2249 τὸ
1236 2199 1422 2262 οὐσίας
1453 2198 1641 2270 ὅνομα,
1681 2200 1796 2265 καὶ,

223 2289 377 2358 τρεῖς
400 2288 537 2344 εἰσιν
562 2287 907 2357 ὑποστάσεις,
938 2288 1050 2352 καὶ,
1081 2288 1181 2340 οὐκ
1218 2287 1365 2341 ἐστιν
1384 2289 1632 2359 ἀληθινὸς
1668 2290 1801 2354 Θεὸς

221 2379 255 2447 ό
280 2378 537 2448 Χριστὸς,
567 2379 686 2442 καὶ,
713 2372 794 2441 εἷς
815 2379 931 2431 ἐστι
968 2377 1076 2430 τῶν
1106 2379 1299 2432 ἑκατὸν
1337 2380 1620 2451 προϐάτων
1638 2420 1652 2445 ,
1681 2380 1797 2447 καὶ,

223 2471 259 2540 ἡ
287 2466 389 2538 μὲν
421 2467 584 2537 σοφία
608 2467 703 2525 τοῦ
738 2467 871 2521 Θεοῦ
900 2467 1193 2538 άγέννητος
1241 2468 1335 2521 καὶ
1376 2469 1608 2540 ἄναρχός
1646 2470 1759 2522 ἐστι
1781 2508 1797 2533 ,

224 2557 424 2611 πολλαὶ
444 2558 500 2611 δέ
528 2560 664 2611 εἰσιν
690 2559 748 2611 αί
777 2557 1079 2612 κτισθεῖσαι
1098 2557 1377 2628 δυνάμεις,
1406 2552 1480 2611 ὧν
1510 2559 1609 2630 μία
1646 2561 1799 2613 ἐστὶν

224 2648 548 2720 ῤ.Χριστός;
578 2649 647 2701 Ἢ
682 2646 799 2712 πῶς
827 2650 887 2702 ὲν
916 2651 1032 2712 τοῖς
1072 2649 1382 2719 λεγομένοις
1446 2650 1797 2718 Ἐγκαινίοις,

220 2739 495 2811 ργράφοις
534 2739 867 2811 χρησάμενοι
905 2738 1114 2806 λέξεσιν
1161 2740 1211 2792 ot
1245 2740 1374 2812 περὶ
1418 2741 1671 2806 Ἀκάκιον
1706 2743 1801 2794 καὶ

220 2828 509 2895 Εὐσέϐιον,
537 2830 632 2884 καὶ
660 2831 902 2894 εἰπόντες
928 2829 1114 2894 οὐσίας
1153 2848 1214 2884 τε
1262 2832 1356 2885 καὶ
1384 2832 1687 2903 δυνάμεως,
1706 2834 1801 2905 καὶ

222 2921 447 2993 βουλῆς,
476 2923 568 2976 καὶ¹
596 2922 754 2993 δόξης
781 2922 1201 2994 ἀπαράλλακτον
1245 2924 1430 2977 εἰκόνα
1472 2923 1563 2977 τὸν
1600 2925 1804 2995 πρωτό-

223 3030 385 3067 τοκον
413 3014 513 3085 τῆς
539 3013 791 3077 κτίσεως,
824 3010 1152 3083 γογγύζουσι
1183 3014 1325 3068 κατὰ
1367 3014 1475 3067 τῶν
1521 3016 1799 3086 Πατέρων,

1898 572 1984 621 est
2010 572 2301 631 creatura;
2331 564 2418 620 sin
2449 572 2698 620 creatura
2727 572 2828 629 est,
2853 579 2960 620 non
2994 572 3078 621 est
3102 562 3293 619 Filius.
3348 561 3463 619 Hae

1898 670 2024 711 eum
2049 664 2227 712 mente
2252 657 2384 724 sint,
2414 671 2631 712 sacrum
2675 657 2837 710 etiam
2875 655 3142 724 baptisma
3176 653 3317 710 ferte
3361 669 3463 709 ne-

1900 748 2124 819 gabunt,
2153 748 2281 819 quia
2310 750 2367 802 in
2403 746 2566 803 Patre
2588 758 2642 802 et
2660 745 2818 814 Filio,
2837 756 3016 802 etnon
3046 747 3101 801 in
3125 745 3381 802 Creatore
3407 756 3463 802 et
3487 789 3493 796 .

1899 845 2151 892 creatura
2173 837 2354 902 datur,
2385 844 2548 906 prout
2572 836 2675 907 ipsi
2696 838 2956 891 sentiunt.
2992 834 3120 899 Sed,
3151 836 3325 897 aiunt,
3345 836 3462 890 haec

1898 928 2100 998 scripta
2131 941 2240 981 non
2270 935 2421 995 sunt,
2444 941 2713 996 vocesque
2744 925 2889 992 illas,
2917 924 3064 995 quod
3085 924 3139 979 in
3164 924 3462 994 Seripturis

1898 1032 2007 1072 non
2024 1017 2341 1080 habeantur,
2359 1016 2657 1087 rejicimus.
2681 1014 2785 1072 Sed
2805 1017 2946 1072 hanc
2964 1016 3039 1071 illi
3060 1017 3460 1072 cavillationem

1899 1107 2371 1177 impudentissime
2403 1107 2703 1178 proferunt.
2725 1107 2783 1162 Si
2807 1108 2952 1163 enim
2993 1108 3154 1163 verba
3192 1109 3465 1164 nonvseri-

1898 1208 1990 1269 pta
2022 1208 2208 1268 putant
2251 1199 2542 1269 rejicienda
2570 1240 2586 1267 ,
2635 1215 2802 1269 quare
2833 1200 2966 1256 Ario
2998 1216 3103 1255 non
3148 1200 3461 1269 obsistunt,

1899 1288 1992 1357 qui
2021 1298 2099 1343 tot
2131 1289 2581 1345 sententiolarum
2629 1304 2749 1359 quae
2783 1289 2838 1343 in
2886 1288 3182 1358 Scripturis
3218 1304 3327 1344 non
3372 1290 3467 1344 ha-

1900 1379 2098 1434 bentur
2133 1380 2417 1434 colluviem
2458 1380 2782 1450 excogitavit
2813 1380 3040 1450 :quales
3076 1389 3225 1449 sunt,
3253 1396 3319 1435 ex
3354 1396 3466 1435 non

1899 1470 2285 1536 exstantibus;
2325 1479 2400 1536 et,
2433 1486 2543 1525 non
2563 1478 2682 1525 erat
2726 1469 2901 1526 Filius
2941 1478 3239 1539 antequam
3276 1471 3468 1540 gigne-

1899 1570 2049 1616 retur
2078 1570 2187 1627 ;et,
2214 1569 2333 1616 erat
2361 1570 2572 1632 tempus
2600 1576 2710 1632 quo
2740 1576 2845 1617 non
2879 1570 2998 1617 erat
3033 1578 3049 1627 ;
3087 1570 3161 1627 et,
3188 1562 3467 1618 mutabilis

1899 1660 1986 1706 est
2019 1667 2036 1716 ;
2070 1660 2145 1719 et,
2180 1650 2467 1708 ineﬂ‘abilis
2489 1660 2544 1707 et
2589 1651 2877 1706 invisibilis
2898 1660 2982 1706 cst
3005 1649 3164 1705 Pater
3186 1650 3362 1715 Filio;
3391 1659 3465 1718 et,
3542 1680 3547 1683 -

1902 1737 2072 1795 Filius
2125 1755 2239 1796 non
2285 1741 2437 1796 novit
2485 1755 2640 1796 suam
2691 1738 3076 1805 substantiam,
3111 1747 3169 1793 et
3195 1740 3469 1808 quaslibet

1900 1831 2036 1886 alias
2060 1832 2180 1901 ejus
2207 1831 2525 1894 sententias,
2563 1844 2701 1899 quas
2732 1829 2787 1883 in
2809 1828 3112 1884 ridiculaet
3139 1828 3305 1898 impia
3325 1826 3469 1883 Thao

1899 1919 1972 1974 lia
2002 1934 2100 1987 sua
2148 1921 2427 1986 evomuit,
2460 1919 2569 1974 imo
2602 1918 2786 1989 potius
2830 1932 2924 1973 eas
2965 1918 3044 1973 illi
3098 1927 3465 1988 propugnant,

1900 2026 2022 2080 qua:
2047 2025 2213 2065 causa
2252 2010 2360 2066 illis
2384 2018 2467 2066 est
2496 2019 2558 2064 ut
2592 2026 2717 2065 cum
2749 2008 3004 2064 Patribus
3036 2010 3201 2064 etiam
3225 2010 3341 2064 suis
3369 2007 3467 2064 de-

1901 2111 2129 2157 certent.
2162 2102 2218 2155 In
2248 2102 2450 2171 quibus
2479 2110 2663 2157 autem
2694 2100 2992 2170 Scripturis
3016 2099 3132 2155 haec
3166 2099 3272 2168 ipsi
3310 2098 3468 2152 inve-

1902 2208 2050 2259 nere,
2074 2208 2183 2247 non
2218 2192 2442 2259 factum,
2477 2202 2533 2249 et
2573 2208 2773 2248 nomen
2816 2191 3175 2256 substantiae;
3206 2198 3297 2255 et,
3359 2201 3472 2245 tres

1900 2291 2029 2339 sunt
2059 2283 2380 2354 hypostases
2411 2300 2427 2349 ;
2456 2292 2530 2350 et,
2555 2282 2807 2339 Christus
2830 2297 2940 2337 non
2960 2291 3045 2337 est
3075 2296 3238 2337 verus
3284 2279 3465 2345 Deus;

1900 2383 1974 2439 et,
2009 2374 2056 2429 is
2095 2391 2204 2430 una
2230 2385 2314 2430 est
2342 2390 2406 2429 ex
2432 2387 2650 2430 centum
2684 2375 2877 2430 ovibus
2909 2383 3019 2440 εει,
3049 2371 3328 2443 Sapientia
3347 2372 3473 2447 qui-

1900 2467 2025 2522 dem
2068 2466 2160 2522 Dei
2197 2467 2440 2538 ingenita
2465 2474 2520 2523 et
2540 2466 2657 2523 sine
2684 2465 2953 2537 principio
2993 2473 3111 2531 est,
3156 2464 3352 2520 multae
3370 2478 3471 2521 au-

1901 2563 2007 2610 tem
2034 2563 2164 2610 sunt
2190 2555 2417 2610 virtutes
2441 2563 2660 2620 creatae,
2678 2568 2913 2623 quarum
2940 2567 3051 2610 una
3072 2560 3156 2612 est
3171 2550 3475 2615 chrisma?

1901 2649 2011 2703 Aut
2042 2664 2160 2713 cur,
2197 2662 2321 2702 cum
2373 2648 2429 2701 in
2482 2645 2780 2712 Encreniis,
2813 2657 2872 2701 ut
2925 2652 3148 2712 vocant,
3176 2644 3359 2708 verbis
3404 2657 3474 2699 ex

1903 2740 2185 2811 Scriptura
2218 2756 2327 2795 non
2351 2738 2653 2809 desumptis
2697 2737 2784 2793 usi
2824 2737 3060 2793 Aeacius
3095 2746 3160 2793 et.
3180 2735 3496 2813 Eusebius,“

1902 2834 2138 2889 dixerint
2167 2831 2589 2903 primOgenitum
2630 2837 2898 2885 creaturae
2932 2844 3055 2885 esse
3080 2829 3199 2884 sine
3223 2828 3476 2893 ,dissimt-

1900 2925 2132 2983 litudine
2163 2924 2457 2994 imaginem
2489 2921 2830 2986 substantiae,
2857 2920 3134 2990 potentiae,
3167 2919 3385 2977 consilii
3417 2927 3474 2975 et

1903 3018 2087 3089 gloria:
2107 3057 2123 3083 ,
2165 3018 2430 3074 adversus
2460 3014 2652 3069 Patres
2671 3014 2785 3084 jam
2819 3013 3279 3080 obmurmurant,
3329 3014 3476 3083 quod

228 3106 599 3177 ῲςόιγράφων
650 3104 828 3161 αὐτῶν
875 3107 1363 3177 μνημονευσάντων
1415 3106 1524 3178 (49)
1581 3106 1797 3173 λέξεων,

1906 3109 2194 3165 verborum
2226 3122 2351 3177 quae
2400 3105 2456 3159 in
2501 3105 2783 3175 Scriptura
2817 3119 2927 3157 non
2975 3103 3477 3158 exstant.mentio-

223 3200 322 3265 καὶ
342 3197 530 3262 οὐσίας
560 3197 1233 3269 μνημονευσάντων;Ἕδει
1256 3198 1363 3269 γὰρ
1392 3198 1586 3261 αὐτοὺς
1614 3197 1647 3269 ἢ
1679 3198 1802 3251 καθ’

220 3288 438 3353 ἑαυτῶν
472 3286 782 3357 γογγύζειν,
817 3287 850 3359 ἢ
877 3289 1043 3361 μηδὲν
1070 3288 1193 3352 τοὺς
1226 3287 1474 3358 Πατέρας
1496 3286 1799 3361 αἰτιᾶσθαι.

293 3529 388 3587 '57.
414 3531 479 3584 Et
518 3530 616 3602 μὲν
632 3529 742 3602 (50)
775 3523 868 3583 οῦν
896 3527 1042 3582 ἄλλοι
1072 3527 1215 3607 τινες
1238 3524 1668 3607 ὲπροφρισίζοντο
1703 3523 1805 3600 τὰς

226 3623 331 3693 τῆς
370 3621 586 3676 συνόδου
619 3621 811 3686 λέξεις,
842 3619 1113 3690 ἡδύναντόὶ
1132 3602 1248 3682 πως
1274 3602 1552 3690 ἢάγνοίας
1589 3616 1622 3690 ἢ
1648 3615 1803 3669 εὐλα-

224 3712 384 3777 ϐείας
422 3712 678 3767 ὑπόνοιαν
727 3712 902 3783 ἔχειν’
937 3711 1031 3764 καὶ
1080 3710 1210 3779 περ),
1245 3710 1341 3784 μὲν
1380 3693 1653 3781 Γεωργίού
1707 3708 1800 3762 τοῦ

218 3799 596 3867 Καππάδοκος
622 3801 716 3855 τοῦ
748 3800 1101 3873 ἐκϐληθέντος
1129 3800 1242 3873 (51)
1272 3799 1379 3852 ἀπὸ
1406 3799 1505 3869 τῆς
1558 3797 1803 3863 Ἀλεξαν-

221 3893 413 3963 δρείας
435 3893 593 3962 λόγος
615 3892 816 3957 οὐδείς·
852 3892 1141 3969 ἀνθρώπου
1178 3893 1315 3965 μῄτε
1364 3892 1430 3950 ex
1470 3891 1801 3961 προάγοντος

223 3986 346 4063 βίου
377 3985 477 4056 τὴν
503 3985 806 4063 μαρτυρίαν
831 3974 1064 4056 ἔχοντός,
1115 3985 1251 4057 μήτε
1292 3983 1430 4046 δλως
1471 3980 1798 4054 Χριστιανοδ

221 4060 605 4149 τυγχάνοντος,
635 4076 772 4130 ἀλλὰ
806 4077 963 4148 μόνον
994 4075 1428 4148 ὑποκριναμένου
1449 4074 1537 4127 διὰ
1566 4074 1656 4127 τὸν
1678 4091 1800 4127 και-

230 4170 327 4242 ρὺν
360 4169 475 4242 (52)
508 4169 571 4222 τὸ
611 4167 780 4240 ὄνομα
804 4208 819 4233 ,
866 4169 960 4242 καξί
1002 4168 1269 4247 πορισμὸν
1324 4166 1671 4239 ἡγησαμένου
1702 4166 1800 4238 τὴν

220 4260 542 4316 εὐσέϐειαν⁸
575 4261 656 4315 διὸ
686 4261 805 4316 οὐδὲ
839 4260 1110 4332 μέμψαιτο
1237 4278 1322 4324 τις
1357 4260 1519 4313 αὐτὸν
1553 4259 1798 4324 εἰκότως,

222 4354 491 4408 πταίοντα
508 4355 636 4425 περὶ
656 4354 755 4426 τὴν
776 4353 981 4426 πίστιν,
1000 4352 1282 4424 ἄνθρωπον
1307 4353 1443 4424 μήτε
1468 4351 1644 4405 εἰδότα
1672 4351 1801 4422 περὶ

220 4440 299 4517 ὧν
325 4445 496 4516 λέγει,
534 4448 670 4519 μήτε
701 4447 827 4518 περὶ
857 4439 932 4499 ὧν
984 4444 1407 4504 διαϐεϐαιοῦται,
1462 4443 1597 4498 ἀλλὰ
1639 4445 1793 4508 πᾶσι,

223 4538 369 4611 κατὰ
409 4539 472 4592 τὸ
506 4538 907 4609 γεγραμμένον,
964 4537 1040 4603 ὡς
1080 4537 1285 4607 κέπφον
1345 4536 1455 4608 (55)
1499 4535 1796 4589 ἐπακολου-

224 4630 426 4686 θοῦντα
447 4648 460 4660 ’
498 4629 831 4699 ’Δκάκιοςδὲ
990 4628 1238 4695 Εὐδόξιος
1261 4667 1275 4690 ,
1313 4628 1406 4682 καὶ
1437 4626 1796 4697 Πατρόφιλος,

221 4721 400 4779 ταῦτα
423 4721 693 4792 λέγοντες,
725 4720 855 4793 πῶς
869 4722 968 4775 οὐκ
995 4721 1134 4788 ἄξιοι
1158 4720 1337 4791 πάσης
1366 4721 1472 4774 eis).
1513 4719 1799 4787 καταγνώ-

294 4878 344 4913 *ο
366 4878 530 4936 Prov.
561 4894 659 4947 vn,
685 4878 776 4932 2‘2.

321 5028 413 5093 Ml
451 5029 703 5097 Felckm.~
723 5030 780 5092 5,
814 5030 965 5100 φησί.

325 5100 416 5172 45)
455 5097 838 5172 δαὶ-ἄρρητος
867 5097 1442 5172 abest_a_1‘:elckm._5.

297 5167 414 5239 (46)
453 5169 546 5225 Sic
569 5167 703 5239 Reg}
730 5167 902 5239 codex
922 5178 977 5224 et
1005 5168 1323 5239 FelckmLS.
1357 5167 1505 5239 Editi
1530 5181 1681 5239 vero,
1706 5170 1800 5223 καὶ

222 5237 415 5311 ἀρεϐεἶ
442 5238 607 5294 αὐτοῦ
633 5237 847 5305 ἑαυτοῦ,
864 5239 1061 5309 inepte.
1081 5237 1204 5293 Mox
1230 5237 1470 5293 Felckm.
1495 5238 1551 5303 5,
1578 5238 1683 5291 οὐκ
1698 5240 1795 5293 ἀν-

222 5327 605 5364 τιοοηκεισαν.

284 5313 605 5432 arma
1004 5378 1016 5394 .
1295 5388 1299 5392 ,
1529 5378 1541 5390 .
1724 5379 1735 5386 .

298 5381 355 5450 (4
393 5381 419 5450 )
452 5379 615 5444 Εὰηι,
637 5379 903 5450 καὶπρὸς
925 5395 1073 5441 τους,
1101 5378 1198 5450 sed
1226 5376 1320 5450 καί
1346 5378 1498 5450 deest
1529 5393 1590 5450 In_
1606 5375 1793 5450 Regio.

223 5446 350 5504 Mox
382 5449 623 5520 Felckm.
654 5450 709 5512 3,
735 5446 1191 5520 διαμάχονται.Ἦ
1221 5446 1339 5520 πῶς
1365 5448 1423 5503 ὲν
1444 5451 1554 5511 τοῖς
1578 5446 1806 5520 λεγομέσ,

222 5536 342 5592 νοις
380 5519 644 5592 ὲγγενίοις
690 5520 810 5591 (sic)
831 5517 1103 5592 άγράφοις
1148 5517 1511 5590 χρησάμενος,
1576 5517 1798 5574 omissis

224 5590 294 5645 de
322 5605 477 5645 more
500 5591 709 5645 multis.

273 5659 413 5730 -(48)
453 5659 545 5715 Sic
577 5660 705 5715 edit.
736 5660 999 5717 Commel.
1026 5669 1079 5716 et
1113 5675 1302 5724 omnes
1336 5676 1466 5719 mss.
1497 5657 1636 5721 Etliti
1668 5674 1795 5713 vero

224 5729 424 5797 Paris”
450 5730 760 5801 ἀγέννητον.

1902 3216 2026 3257 nem
2044 3199 2290 3266 fecerint,
2314 3208 2367 3253 et
2393 3195 2712 3252 substantia:
2733 3194 2890 3266 60],
2912 3206 3099 3250 vocem
3117 3193 3477 3277 usui-pariat?

1901 3293 2009 3354 Par
2043 3292 2144 3347 fuit
2173 3292 2318 3346 enim
2352 3305 2447 3345 eos
2491 3297 2586 3343 aut
2625 3298 2815 3343 contra
2856 3301 2916 3343 se
2954 3286 3105 3358 ipsos
3155 3284 3476 3348 obmurmu-

1902 3400 2048 3453 rare,
2078 3392 2174 3438 aut
2201 3382 2338 3437 nihil
2358 3379 2550 3437 Patre's
2575 3378 2881 3436 criminari.

1972 3519 2061 3575 57.
2099 3518 2154 3573 Si
2183 3517 2347 3589 igitur
2378 3516 2601 3586 quidam
2628 3514 2720 3570 alii
2739 3529 2806 3570 ex
2839 3513 3033 3586 synodi
3081 3512 3266 3569 verbis
3311 3527 3475 3568 occa-

1904 3611 2112 3668 sionem
2138 3610 2461 3679 arriperent,
2488 3606 2733 3676 suspicio
2755 3614 2906 3661 esset
2932 3619 3027 3661 eos
3046 3604 3132 3661 vel
3158 3604 3476 3675 ignorantia

1901 3704 1987 3759 vel
2021 3703 2282 3772 religione
2308 3701 2359 3755 id
2391 3699 2567 3754 facere
2604 3714 2618 3764 ;
2668 3713 2845 3767 neque
2876 3712 3007 3752 vero
3031 3696 3120 3750 hic
3158 3711 3340 3752 sermo
3376 3696 3475 3749 ha-

1902 3795 2061 3849 betur
2107 3793 2175 3846 de
2230 3791 2463 3861 Georgio
2491 3787 2830 3858 Cappadoce,
2863 3786 2961 3869 qui
3001 3785 3330 3842 Alexandria
3373 3800 3472 3840 ex-

1902 3897 2059 3941 actus
2087 3893 2190 3950 est,
2221 3887 2340 3938 viro
2386 3883 2482 3953 qui
2532 3898 2633 3938 nec
2656 3899 2723 3938 ex
2773 3879 3042 3959 praeterita
3089 3879 3216 3934 vitae
3260 3878 3475 3932 ratione

1902 3977 2338 4042 commendatur,
2362 3989 2465 4029 nec
2497 3974 2609 4029 ullo
2633 3953 3171 4049 modo‘tlhristianus
3197 3981 3281 4028 est
3311 3989 3325 4025 :
3377 3971 3474 4026 sed

1901 4079 2123 4142 propter
2145 4067 2637 4139 opportunitatem,
2662 4064 2961 4143 Christiani
2992 4078 3193 4118 nomen
3216 4063 3477 4118 simulate

1901 4163 2156 4234 sumpsit,
2193 4175 2249 4219 et
2268 4163 2522 4234 pietatem
2546 4169 2790 4239 quaestus
2828 4158 2948 4213 loco
2973 4156 3188 4227 habuit.
3216 4154 3471 4225 Quapro-

1899 4266 2021 4327 pter
2048 4270 2210 4311 nemo
2236 4269 2363 4311 eum
2390 4254 2515 4335 iure
2534 4252 2797 4333 arguerit,
2831 4249 2980 4331 quod
3009 4249 3162 4321 circa,
3198 4248 3359 4303 ﬁdem
3394 4247 3476 4302 la-

1899 4347 2083 4413 batur,
2115 4348 2413 4411 hominem,
2437 4344 2532 4415 qui
2562 4357 2738 4419 neque
2763 4342 2914 4419 novit
2933 4356 3059 4412 qua:
3089 4340 3248 4406 dicit,
3282 4353 3384 4393 nec
3407 4337 3476 4392 de

1901 4441 2103 4509 quibus
2159 4434 2545 4513 amrmat,.sed
2592 4426 2805 4507 omnes,
2862 4431 2946 4487 uti
2996 4431 3258 4500 scriptum
3289 4435 3378 4485 est
3402 4426 3472 4493 ιο,

1902 4532 2072 4587 veluti
2100 4531 2249 4603 larus
2270 4528 2598 4598 insequitur.
2633 4526 2771 4580 Cum
2795 4532 2976 4580 autem
3000 4523 3254 4594 Aeacius,
3288 4519 3474 4574 Eudo-

1902 4624 2028 4679 xius
2054 4633 2108 4678 et
2137 4621 2486 4695 Patrophilus
2515 4620 2631 4674 haec
2653 4617 2858 4687 dicant,
2890 4616 3175 4689 quomodo
3195 4628 3303 4668 non
3323 4611 3473 4667 omni

1901 4716 2258 4784 damnatione.
2282 4694 2434 4784 digni
2464 4711 2629 4769 sunt?
2652 4708 2813 4775 Nam,
2841 4723 2968 4765 cum
3009 4706 3116 4792 ipsi
3164 4718 3383 4781 quoque
3407 4716 3473 4758 ea

1971 5032 2101 5099 (49),
2121 5031 2360 5086 Felcltm.
2389 5029 2442 5091 5,
2479 5045 2582 5099 μνη
2591 5025 2977 5099 μονευθέντιρν,

1970 5094 2085 5173 ('50)
2118 5102 2262 5173 Felc.
2289 5101 2343 5166 3,
2367 5094 2545 5173 Εἴπερ
2572 5094 2685 5173 ὀῦν.

1971 5161 2080 5243 (51)
2117 5161 2339 5243 Regius
2363 5161 2581 5243 code},
2601 5165 2710 5243 Δτοῦ
2750 5164 3116 5243 Καππάδοκος
3160 5162 3286 5243 ’καὶί
3315 5161 3469 5243 ἐκϐς.

1898 5232 2080 5296 Γι-Ῑίιιίί
2111 5244 2166 5308 5,
2197 5232 2302 5294 τοῦ
2348 5237 2714 5295 Καππαδόκου
2754 5235 2849 5290 τοῦ
2895 5235 3040 5291 ὲκϐ-.
3078 5232 3289 5302 Reliqui
3325 5242 3383 5286 ut
3414 5235 3471 5288 in

1899 5322 2069 5366 teXtu.

1973 5366 2086 5453 (se)
2123 5380 2215 5453 Sic
2243 5379 2443 5453 negans
2477 5377 2671 5453 codex,
2715 5374 3032 5431 Basiliensis
3055 5381 3110 5429 et
3139 5369 3377 5427 Felckm.
3410 5370 3478 5438 δ,

1898 5450 2206 5523 Εὸἱιίζόιᾼπδ
2226 5450 2553 5523 τὸν“καιρόν.
2762 5515 2826 5523 ..Α
3109 5513 3125 5523 _
3289 5513 3321 5523 Β
3389 5476 3445 5523 ..

1968 5510 2354 5590 (53)7Felckm.
2389 5510 2458 5582 ‘5;
2491 5518 2722 5590 κέπφος.
2754 5515 2864 5590 llic
2905 5524 3083 5590 autem
3105 5513 3265 5590 locus
3288 5513 3361 5565 ita
3376 5510 3471 5590 _le_-

1897 5580 2345 5714 gitilr'lgrpvcrb.
2389 5580 2496 5656 vit,
2533 5580 2635 5644 ἓξὲξ
2683 5580 2712 5643 ό
2747 5588 2805 5643 δὲ
2850 5582 3287 5658 ὲπηκολούβησεν
3330 5580 3483 5667 αὐτῇ.

1899 5680 2093 5714 κεπωω
2130 5677 2230 5714 εις.

1899 5677 2230 5735 κεπφωυεις.
