3822 6226
378 330 478 391 759

938 328 997 383 S.
1034 326 1410 383 ATHANASI]
1451 326 1601 382 OPP.
1644 327 1826 383 PARS
1863 326 1904 382 l.
1944 357 2013 367 —
2050 326 2422 384 HISTORICA
2456 328 2544 384 ET
2584 329 3011 384 DOGMATICA.

3495 329 3613 396 760

372 445 691 516 scripserint
722 460 844 516 quae
865 444 920 498 in
949 444 1245 514 Scripturis
1269 459 1375 498 non
1403 445 1690 511 habentur,
1721 455 1774 499 et
1794 459 1929 514 saepe

2040 463 2209 511 σεως;
2242 446 2546 518 Γράφοντες
2570 446 2682 517 (54)
2724 446 2832 517 γὰρ
2869 446 3091 516 ἄγραφα
3133 448 3226 500 καὶ
3272 447 3464 512 αὐτοὶ,
3504 450 3614 501 καὶ

370 537 690 592 substantia
721 550 918 590 nomen
949 543 1009 588 ut
1038 549 1256 600 sanum,
1291 535 1526 590 maxime
1559 544 1780 605 propter
1827 534 1936 590 Eu-

372 629 509 685 sebii
533 612 856 698 epistolam,
874 625 1199 694 receperint,
1225 625 1460 694 majores
1481 640 1612 680 suos
1657 641 1802 680 nunc
1826 625 1936 680 cri-

372 721 669 787 minantur,
726 718 872 789 quod
909 717 1222 787 hujusmodi
1288 717 1398 771 sint
1451 717 1535 770 usi
1565 716 1762 771 verbis.
1822 715 1934 772 lmo

371 826 494 870 cum
515 812 616 880 ipsi
643 824 862 879 quoque
894 809 1128 863 dixerint
1145 807 1342 862 Filium
1368 823 1490 863 esse
1516 807 1687 873 Deum
1711 825 1778 864 ex
1802 808 1932 874 Deo,

370 918 434 958 ac
468 899 700 956 Verbum
729 901 937 962 vivens,
968 901 1286 955 substantiae
1316 899 1494 955 Patris
1525 900 1813 970 imaginem
1840 916 1936 970 per

369 993 551 1048 omnia
575 993 829 1059 similem,
858 992 970 1062 jam
1026 993 1272 1047 Nicaznos
1300 992 1494 1046 Patres
1552 994 1932 1056 criminantur,

368 1085 514 1154 quod
541 1085 804 1149 dixerint,
834 1101 898 1138 ex
952 1085 1284 1150 substantia,
1321 1100 1385 1139 ac
1415 1084 1934 1140 consubstantialem

368 1189 489 1230 esse
515 1174 747 1244 genitori
770 1176 1030 1244 genitum.
1075 1174 1216 1240 Quid
1264 1175 1462 1227 mirum
1499 1181 1678 1228 autem
1722 1175 1764 1228 si
1811 1189 1933 1228 cum

368 1266 694 1336 majoribus,
727 1275 781 1320 et
813 1282 936 1320 cum
971 1267 1218 1336 patribus
1251 1266 1367 1320 suis
1391 1272 1672 1335 pugnant,
1703 1265 1793 1318 ubi
1831 1265 1932 1333 ipsi

371 1375 558 1426 secum
591 1368 908 1416 concertant
951 1359 1006 1412 in
1048 1374 1212 1427 seque
1244 1359 1390 1427 ipsos
1417 1357 1766 1426 impingunt?
1797 1357 1933 1410 Cum

369 1450 514 1504 enim
544 1448 846 1506 Antiochiae
873 1447 926 1501 in
959 1447 1248 1513 Encaaniis,
1289 1457 1347 1501 ut
1389 1455 1617 1511 vocant,
1662 1447 1935 1502 declaras-

371 1552 492 1612 sent
525 1540 722 1596 Filium
751 1556 871 1595 esse
898 1539 1216 1594 substantia:
1251 1538 1429 1593 Patris
1489 1539 1607 1594 sine
1636 1537 1744 1610 ulla
1774 1537 1934 1591 dissi-

370 1632 678 1700 militudine
703 1631 1017 1701 imaginem,
1060 1630 1448 1698 jurassentque
1477 1643 1536 1684 se
1583 1629 1656 1683 ita
1707 1628 1930 1693 sentire,

371 1705 437 1779 ac
471 1739 567 1779 eos
599 1724 692 1792 qui
715 1724 871 1777 aliter
894 1722 1157 1783 sentirent
1179 1721 1523 1775 anathemate
1561 1721 1928 1784 damnassent,

2035 538 2427 608 ἀποδεξάμενοι
2451 538 2707 601 πολλάκις
2726 539 2800 601 ὡς
2822 538 2986 591 καλὸν
3011 537 3070 590 τὸ
3083 538 3181 608 τῆς
3205 539 3395 602 οὐσίας
3408 539 3610 610 δνομα,

2039 625 2272 695 μάλιστα
2306 625 2518 678 καὶ-διὰ
2543 627 2640 698 τὴν
2667 626 2952 698 ἐπιστολὴν
2981 627 3239 680 Εὐσεϐίου
3261 669 3274 691 ,
3315 629 3607 682 αἰτιῶνται

2035 716 2128 770 νῦν
2159 719 2282 780 τοὺς
2312 718 2415 788 πρὸ
2443 718 2640 782 αὐτῶν,
2679 719 2754 781 ὡς
2785 719 3060 782 τοιαύταις
3096 720 3476 790 χρησαμένους
3509 721 3610 773 λέ-

2037 807 2200 872 ξεσιν.
2253 809 2409 861 Ἀλλὰ
2443 811 2534 862 καὶ
2565 810 2806 873 εἰπόντες
2849 809 3004 862 αὐτοί
3036 809 3169 863 Θεὸν
3201 811 3266 863 ὲκ
3307 810 3474 873 Θεοῦ,
3506 812 3613 863 καὶ

2034 901 2202 970 Λόγον
2236 901 2434 965 ζῶντα,
2492 903 2591 972 τῆς
2643 902 2831 965 οὐσίας
2885 901 2977 954 τοῦ
3032 903 3246 973 Πατρὸς
3295 903 3615 972 ἀπαράλλα-

2035 1011 2159 1046 κτον
2186 993 2294 1066 (55)
2316 993 2497 1046 εἰκόνα
2516 994 2605 1046 τὸν
2626 992 2771 1059 Υῐὸν,
2793 993 3154 1064 κατηγοροῦσι
3175 994 3283 1048 τῶν
3313 997 3371 1047 ὲν
3399 996 3447 1047 Ν
3455 995 3613 1066 ικαίᾳ

2034 1086 2293 1139 εἰπόντων
2323 1085 2454 1156 (56),
2489 1088 2551 1137 ὲκ
2577 1085 2677 1154 τῆς
2698 1086 2901 1148 οὐσίας,
2927 1087 3018 1138 καὶ
3046 1085 3326 1156 ὁμοούσιον
3361 1087 3451 1138 τὸν
3482 1105 3615 1154 γεν-

2034 1176 2260 1247 νηθὲντα
2283 1177 2360 1246 τῷ
2389 1177 2757 1248 γεγεννηκότι.
2785 1178 2848 1228 Τί
2870 1177 2926 1229 δὲ
2957 1177 3264 1247 θαυμαστὸν
3291 1180 3338 1230 εἰ
3364 1182 3474 1241 τοῖς
3497 1179 3612 1249 πρὸ

2035 1268 2212 1324 αὐτῶν
2247 1269 2339 1322 καὶ
2370 1272 2482 1333 τοῖς
2515 1271 2665 1333 ἰδίοις
2698 1271 2933 1341 πατράσι
2962 1272 3314 1342 διαμάχονται
3333 1312 3348 1336 ,
3377 1271 3511 1322 ὅπου
3540 1287 3611 1338 γε

2034 1363 2126 1415 καὶ
2155 1363 2307 1416 αὐτοὶ
2329 1365 2541 1425 ἑαυτοῖς
2571 1361 3114 1433 ὲναντιούμενοι,τοῖς
3145 1363 3350 1416 ἑαυτῶν
3378 1362 3612 1431 προσκό-

2035 1469 2286 1518 πτουσιν;
2327 1451 2632 1521 Ἐκθέμενοι
2680 1452 2788 1523 γὰρ
2812 1454 2868 1505 ἐν
2899 1457 3006 1517 τοῖς
3032 1452 3340 1522 λεγομένοις
3389 1453 3612 1518 Ἐγκαι-

2035 1542 2166 1605 νίοις
2189 1545 2244 1595 ὲν
2283 1543 2578 1613 Ἀντιοχείᾳ
2607 1545 2704 1612 τῆς
2734 1543 2919 1606 οὐσίας
2954 1543 3049 1596 τοῦ
3097 1543 3308 1614 Πατρὸς
3359 1541 3612 1612 ἀπαράλ-

2035 1633 2228 1688 λακτον
2261 1635 2440 1688 εἰκόνα
2472 1632 2608 1688 εἶναι
2639 1634 2730 1688 τὸν
2753 1635 2896 1702 Υἰὸν,
2915 1635 3211 1706 όμόσαντές
3239 1653 3296 1688 τε
3331 1635 3442 1703 (57)
3467 1633 3615 1687 οὕτω

2036 1729 2268 1797 φρονεῖν,
2291 1729 2382 1779 καὶ
2406 1726 2895 1797 ἁναθεματίσαντες
2919 1727 3046 1789 τοὺς
3064 1726 3236 1788 ἄλλως
3256 1725 3611 1796 φρονοῦντας,

372 1814 553 1881 imuin
577 1814 785 1872 Isauria
821 1814 1207 1882 scripsissent:
1238 1811 1354 1866 Non
1392 1812 1691 1882 refugimus
1709 1813 1929 1870 authen-

2035 1817 2168 1871 ἀλλὰ
2200 1817 2308 1888 γὰρ
2343 1817 2433 1870 καὶ
2465 1819 2521 1869 ἐν
2547 1819 2612 1888 τῇ
2661 1817 2903 1888 Ἰσαυρίᾳ
2931 1817 3236 1886 γράψαντες
3258 1833 3271 1846 ο
3305 1817 3379 1868 Οὐ
3414 1815 3616 1884 φεύγο-

369 1906 531 1961 ticam
567 1905 723 1959 iidem
785 1905 840 1961 in
887 1903 1157 1960 Encaeniis
1203 1905 1505 1958 Antiochiae
1547 1905 1745 1958 editam
1795 1904 1936 1973 (illic

368 2006 549 2054 autem
567 1996 886 2052 substantiae
905 2011 1099 2049 nomen
1119 1997 1378 2065 scriptum
1402 1995 1535 2064 est),
1557 1995 1720 2048 veluti
1744 2009 1932 2047 eorum

371 2087 741 2151 immemores,
772 2087 933 2156 paulo
953 2096 1074 2154 post
1100 2087 1154 2140 in
1173 2087 1288 2155 ipsa
1308 2087 1516 2146 Isauria
1545 2087 1612 2140 iis
1643 2086 1935 2140 adversan-

370 2179 440 2231 tia
462 2178 855 2247 conscripsere,
883 2179 1110 2239 scilicet,
1165 2178 1449 2249 ὀμοούσιον
1492 2186 1546 2231 ει
1582 2176 1932 2247 όμοιοούσιον,

371 2271 473 2324 hoc
495 2279 597 2335 est,
648 2271 1113 2326 consubstantiale
1164 2280 1218 2326 et
1268 2271 1574 2326 substantia
1609 2270 1804 2335 simile,
1843 2279 1933 2322 ut-

370 2370 495 2432 pote
522 2377 552 2439 a
603 2361 900 2431 Scripturis
933 2363 1132 2429 aliena,
1184 2363 1482 2432 rejicimus,
1531 2371 1584 2416 et
1613 2361 1934 2417 substantia:

367 2467 564 2524 nomen
589 2453 654 2507 de
676 2453 854 2508 medio
882 2454 1120 2508 tollimus
1145 2495 1159 2520 ,
1183 2454 1382 2522 quippe
1400 2468 1523 2508 cum
1552 2453 1608 2506 in
1639 2451 1933 2524 Scripturis

367 2559 476 2610 non
503 2545 806 2613 reperiatur

442 2636 531 2691 58.
560 2635 696 2702 Quis
739 2635 906 2706 igitur
953 2635 1101 2690 viros
1146 2635 1460 2705 hujusmodi
1509 2636 1736 2692 ulterius
1776 2634 1932 2708 Chri-

369 2729 576 2794 stianos
608 2727 974 2790 existimabit?
1021 2727 1128 2782 Aut
1165 2743 1286 2796 quae
1315 2727 1468 2790 lides,
1499 2726 1638 2795 apud
1666 2742 1802 2796 quos
1835 2740 1934 2780 nec

365 2821 555 2884 verba,
586 2835 688 2876 nec
720 2821 922 2889 scripta
953 2819 1106 2873 ﬁrma
1153 2827 1301 2882 sunt,
1331 2821 1424 2874 sed
1455 2820 1636 2874 omnia
1668 2834 1766 2888 pro
1797 2828 1932 2873 tem-

364 2910 518 2981 poris
551 2896 769 2970 ratione
809 2918 1094 2982 mutantur
1113 2918 1166 2963 et
1198 2910 1576 2963 invertnntur?
1608 2909 1664 2962 Si
1689 2908 1858 2971 enim,
1899 2922 1931 2962 ο

364 3000 527 3057 Aeaci
569 3010 622 3054 et
652 2998 884 3074 Eudoxi,
917 3014 1025 3053 non
1055 2998 1308 3069 refugitis
1334 2999 1635 3069 expositam
1667 2999 1722 3053 in
1743 2997 1932 3053 Eucae-

364 3091 476 3148 niis
501 3091 683 3158 ﬁdem,
715 3092 770 3145 in
799 3107 974 3162 eaque
1003 3092 1266 3160 scriptum
1304 3101 1408 3154 est,
1430 3092 1626 3146 Filium
1652 3107 1773 3147 esse
1795 3092 1928 3146 sub-
1957 3127 1998 3185 α

367 3186 580 3241 ειεηῑὶεε
600 3183 776 3239 Patris
813 3185 931 3240 sine
984 3185 1345 3254 discrepantia
1387 3185 1676 3254 imaginem
1698 3225 1713 3250 ,
1745 3200 1843 3240 cur
1873 3184 1928 3238 in

364 3276 572 3350 Isauria
599 3276 860 3346 scribitis,
901 3276 1178 3345 rejicimus
1233 3275 1555 3346 ὁμοούσιονῗ
1611 3275 1668 3329 Si
1695 3291 1931 3346 namque

361 3365 536 3422 Filius
563 3367 865 3422 secundum
891 3367 1250 3431 substantiam
1278 3358 1426 3422 Patri
1470 3366 1666 3421 similis
1687 3381 1795 3420 non
1827 3374 1927 3429 est,

361 3458 456 3528 qui
485 3457 807 3528 substantiae
836 3457 1014 3528 imago
1042 3457 1147 3511 erit
1186 3457 1302 3511 sine
1347 3456 1748 3526 discrepantia?
1773 3456 1930 3523 Quod

361 3548 408 3602 si
431 3563 526 3613 vos
550 3548 804 3625 paenituit
838 3547 1146 3618 scripsisse,
1172 3563 1294 3601 eum
1322 3563 1446 3602 esse
1472 3548 1590 3602 sine
1615 3548 1930 3616 discrepan-

361 3639 438 3692 tia
469 3638 786 3693 substantiae
815 3639 1130 3708 imaginem,
1155 3654 1252 3693 cur
1290 3639 1638 3714 anathemate
1659 3640 1930 3696 damnatis

359 3744 454 3784 eos
483 3729 576 3799 qui
621 3729 812 3783 dicunt
860 3727 1058 3785 Filium
1109 3744 1230 3796 esse
1277 3727 1424 3784 Patri
1457 3729 1825 3784 dissimilem?
1871 3729 1929 3784 Si

360 3820 506 3874 enim
535 3819 729 3875 similis
756 3835 862 3873 non
893 3829 978 3874 est
1011 3821 1311 3875 secundum
1342 3821 1704 3875 substantiam
1728 3860 1742 3884 ,
1770 3821 1929 3890 plane

359 3913 642 3983 dissimilis
667 3921 770 3967 est.
803 3911 956 3979 Quod
981 3922 1160 3976 autem
1194 3913 1459 3967 dissimile
1495 3922 1611 3978 est,
1647 3929 1927 3984 nunquam

359 4004 542 4078 imago
568 4001 750 4080 fuerit.
789 4003 908 4065 Sin,
941 4003 1019 4057 uti
1071 4018 1169 4057 vos
1193 4003 1392 4070 dicitis,
1418 4005 1488 4058 ita
1524 4020 1581 4060 se
1606 4021 1692 4059 res
1743 4006 1924 4072 habet,

357 4111 548 4151 verum
588 4110 717 4166 ergo
757 4110 865 4175 non
891 4106 974 4162 est
1005 4095 1097 4164 qni
1149 4095 1284 4165 vidit
1308 4095 1504 4175 Filium
1528 4138 1541 4160 ,
1581 4097 1790 4150 Patrem
1841 4097 1927 4151 vi—

359 4186 527 4253 disse,
563 4175 687 4249 cum
720 4173 888 4264 multa
923 4187 1064 4240 inter
1101 4173 1393 4256 utrumque
1435 4191 1506 4242 sit
1537 4189 1922 4257 discrepantia,

358 4279 470 4334 imo
490 4279 677 4353 potius
706 4279 794 4332 hic
824 4279 895 4333 sit
924 4279 1000 4345 illi
1033 4280 1257 4332 omnino
1290 4280 1593 4334 dissimilis.
1628 4279 1781 4346 Quod
1827 4297 1925 4334 au-

356 4377 464 4423 tem
520 4368 786 4445 dissimile
839 4376 944 4439 est,
979 4369 1157 4427 simile
1189 4385 1468 4439 nunquam
1514 4369 1750 4424 dicatur.
1804 4369 1923 4436 Quo

2038 1925 2135 1979 μεν
2160 1908 2258 1979 τὴν
2283 1909 2589 1965 ἐκτεθεῖσαν
2614 1907 2933 1978 αὐθεντικὴν
2957 1908 3136 1961 πίστιν
3160 1911 3216 1962 ὲν
3241 1910 3351 1970 τοῖς
3393 1909 3617 1976 Ἑγκαι-

2033 2003 2166 2066 νίοις
2184 2006 2293 2064 τοῖς
2318 2001 2460 2055 κατὰ
2492 2002 2818 2072 Ἀντιόχειαν
2857 2003 2946 2067 (ἐν
2967 2001 3147 2063 αὐτοῖς
3173 2000 3229 2052 δὲ
3252 2000 3361 2071 (58)
3394 2001 3615 2071 ἐγράφη

2033 2093 2094 2146 τὸ
2119 2097 2218 2164 τῆς
2247 2094 2430 2157 οὐσίας
2459 2094 2690 2165 ὄνομα),
2730 2092 2914 2164 ὥσπερ
2957 2091 3335 2162 ἐπιλαθόμενοι
3380 2091 3612 2153 τούτων,

2039 2188 2155 2253 μετ’
2190 2186 2368 2254 ὀλίγον
2402 2187 2460 2239 ὲν
2489 2189 2554 2256 τῇ
2599 2187 2734 2256 αὐτῇ
2776 2185 3017 2256 Ἰσαυρίᾳ
3041 2183 3297 2238 τάναντία
3339 2182 3611 2254 ἔγραψαν,

2033 2278 2298 2346 λέγοντες·
2323 2278 2396 2329 Τὸ
2419 2277 2699 2348 ὁμοούσιον
2725 2277 2817 2331 καὶ
2837 2277 2897 2329 τὸ
2925 2275 3256 2345 ὁμοιοούσιον
3275 2274 3386 2344 (59)
3411 2275 3614 2327 ἐκϐάλ-

2033 2371 2217 2441 λομεν,
2250 2369 2325 2432 ὼς
2349 2369 2623 2440 ἀλλότριον
2642 2368 2750 2422 τῶν
2773 2369 3002 2440 Γραφῶν
3021 2385 3034 2398 ο
3075 2367 3168 2420 καὶ
3196 2367 3258 2419 τὸ
3289 2367 3384 2436 τῆς
3421 2367 3615 2428 οὐσίας

2033 2461 2200 2532 ὄνομα
2249 2458 2640 2531 περιαιροῦμεν
2665 2501 2679 2524 ,
2729 2459 2805 2522 ὡς
2840 2460 2914 2531 μὴ
2946 2459 3193 2530 κείμενον
3223 2460 3279 2512 ὲν
3324 2461 3445 2521 ταῖς
3469 2458 3615 2527 Γρα-

2033 2569 2176 2622 φαις.

2102 2642 2190 2696 58.
2225 2643 2321 2706 Τίς
2357 2637 2450 2696 οὖν
2487 2642 2566 2695 ἔτι
2591 2643 2719 2707 τούς
2748 2643 3021 2706 τοιούτους
3063 2643 3421 2713 Χριστιανοὺς
3467 2641 3615 2712 ἡγή-

2035 2748 2216 2796 σεται;
2250 2732 2321 2783 ’Ἠ
2353 2731 2479 2784 ποία
2511 2732 2693 2793 πίστις
2721 2731 2866 2803 παρὰ
2895 2731 3124 2796 τούτοις,
3161 2732 3289 2802 παρ’
3315 2727 3398 2794 οἷς
3427 2732 3490 2784 οὐ
3517 2730 3614 2782 λό-

2031 2841 2146 2891 γος,
2178 2823 2239 2876 οὐ
2273 2823 2509 2894 γράμμα
2558 2823 2792 2894 βέϐαιον,
2839 2822 2972 2878 ἀλλὰ
3021 2825 3197 2877 πάντα
3237 2823 3378 2876 κατὰ
3417 2823 3615 2894 καιρὸν

2031 2914 2354 2967 ἀλλάσσεται
2383 2915 2474 2966 καὶ
2509 2914 2898 2984 μεταϐάλλεται
2928 2913 3080 2986 (60);
3116 2914 3325 2984 Είγὰρ,
3360 2907 3405 2966 ὦ
3449 2914 3614 2967 ’Δκά-

2031 3018 2115 3055 κιε
2137 3001 2231 3054 καὶ
2277 3000 2512 3065 Εὐδόξιε,
2550 3003 2610 3055 οὐ
2640 3002 2868 3071 φεύγετε
2907 3004 3004 3074 τὴν
3044 3002 3353 3057 ἐκτεθεῖσαν
3392 3004 3457 3056 ὲν
3495 3006 3616 3066 τοῖς

2043 3094 2366 3162 Ἐγκαινίοις
2407 3093 2608 3158 πίστιν,
2655 3097 2712 3148 ὲν
2745 3095 2880 3166 αὐτῇ
2912 3095 2968 3149 δὲ
3020 3095 3348 3165 γέγραπται,
3406 3097 3616 3159 Οὐσίας

2030 3182 2445 3254 ἀπαράλλακτος
2492 3183 2654 3237 εἰκὼν
2683 3186 2712 3237 ό
2751 3185 2910 3248 Υἱόςο
2956 3184 3074 3248 πῶς
3126 3187 3184 3239 ὲν
3229 3188 3296 3256 τῇ
3364 3186 3610 3258 Ἰσαυρίᾳ

2031 3275 2288 3347 γράφετε,
2331 3275 2690 3346 Ἐκόάλλομεν
2713 3277 2776 3329 τὸ
2803 3275 3086 3347 όμοούσιον
3108 3275 3248 3346 (6i);
3280 3277 3345 3329 Ei
3377 3277 3489 3347 γὰρ
3510 3277 3618 3330 οὐκ³

2030 3366 2146 3420 ἐστι
2180 3368 2296 3420 κατ’
2328 3367 2513 3422 οὐσίαν
2541 3369 2724 3438 ὅμοιος
2742 3369 2770 3420 ό
2798 3368 2926 3431 Υἰὸς
2945 3367 3022 3438 τῷ
3055 3369 3250 3440 Πατρὶ,
3282 3367 3399 3430 πῶς
3427 3369 3612 3440 ἀπαρ-

2030 3457 2291 3522 άλλακτος
2317 3459 2417 3530 τῆς
2439 3460 2628 3524 οὐσίας
2666 3459 2827 3513 εἰκών
2855 3462 3001 3522 ἐστιν
3029 3477 3043 3519 ς
3090 3461 3153 3514 Εἰ
3191 3460 3246 3513 δὲ
3279 3460 3611 3530 μετέγνωτε,

2029 3552 2336 3624 γράψαντες
2364 3553 2442 3618 τὸ,
2473 3554 2572 3623 τῆς
2603 3553 2788 3617 οὐσίας
2819 3552 3234 3624 ἀπαράλλακτος
3265 3551 3462 3606 είκώνδ
3490 3553 3612 3616 πῶς

2028 3641 2447 3714 ἀναθεματίζετε
2473 3645 2598 3707 τοὺς
2630 3645 2881 3713 ἀνόμοιον
2906 3639 3044 3697 εἰναι
3077 3643 3331 3712 λέγοντας
3369 3640 3480 3715 (69.)
3514 3643 3614 3698 τὸν

2029 3731 2189 3796 Υἱόν;
2225 3733 2287 3784 Εἰ
2332 3732 2440 3803 γὰρ
2483 3733 2578 3801 οὐχ
2612 3733 2794 3803 ὅμοιος
2827 3734 2946 3786 κατ’
2989 3733 3206 3799 οὐσίαν,
3248 3734 3466 3798 πάντως
3509 3734 3611 3788 ἀν-

2028 3819 2213 3890 όμοιός
2236 3823 2373 3875 ὲστι.
2409 3821 2481 3873 Τὸ
2503 3821 2559 3872 δὲ
2591 3821 2840 3891 ἀνόμοιον
2867 3823 2966 3876 οὐκ
2999 3823 3063 3876 ἂν
3110 3823 3194 3894 εἴη
3233 3823 3414 3876 εἰκών.
3450 3826 3514 3877 Εἰ
3544 3823 3609 3878 δὲ

2028 3912 2168 3965 οὕτω
2187 3913 2308 3965 καθ’
2340 3914 2484 3983 ὑμᾶς
2516 3914 2681 3978 ἐστιν,
2708 3915 2807 3967 οὐκ
2838 3913 2945 3986 ἆρα
2985 3915 3012 3964 ὁ
3043 3914 3134 3966 τὸν
3180 3913 3306 3967 Υἰὸν
3345 3913 3607 3984 ἑωρακὼς

2028 4001 2238 4073 ἑώρακε
2264 4002 2357 4056 τὸν
2384 4002 2622 4073 Πατέρα,
2652 4003 2906 4072 πλείστης
2933 4003 3064 4074 ὅσης
3105 4000 3268 4073 οὔσης
3311 4002 3600 4074 διαφορᾶς·

2031 4097 2228 4166 μᾶλλον
2259 4096 2315 4148 δὲ
2347 4095 2408 4148 τὸ
2439 4095 2556 4148 ὅλον
2585 4095 2733 4158 ὄντος
2759 4097 2946 4149 τούτου
2987 4097 3123 4168 πρὸς
3153 4097 3357 4149 ἐκεῖνον
3374 4096 3483 4166 (65)
3507 4098 3607 4150 άν-

2025 4188 2232 4257 ομοίου.
2264 4185 2335 4239 Τὸ
2382 4187 2437 4240 δὲ
2471 4188 2720 4258 ἀνόμοιον
2748 4189 2843 4258 οὐχ
2869 4184 2978 4240 οἷόν
3021 4205 3078 4240 τε
3109 4189 3290 4258 ὅμοιον
3323 4186 3601 4255 λέγεσθαι.

2026 4279 2163 4349 Ποίᾳ
2183 4278 2359 4330 τοίνυν
2395 4283 2608 4350 μηχανῇ
2639 4279 2698 4332 τὸ
2718 4279 2965 4348 ἀνόμοιον
2985 4279 3167 4348 ὅμοιον
3187 4277 3394 4346 λέγετε,
3423 4279 3518 4330 καὶ
3539 4279 3605 4331 τὸ

2027 4368 2208 4438 ὅμοιον
2241 4367 2491 4438 ἀνόμοιον
2517 4371 2760 4438 φρονεῖτε
2779 4407 2793 4430 ,
2837 4367 2931 4419 καὶ
2969 4364 3323 4436 ὑποκρίνεσθε
3352 4365 3605 4432 λέγοντες

357 4469 520 4530 pacto
545 4459 709 4530 igitur
739 4460 1004 4534 dissimile
1026 4460 1207 4516 dicitis
1231 4461 1428 4528 simile,
1464 4472 1516 4526 et
1541 4461 1719 4516 simile
1757 4462 1920 4518 dissi-

2035 4459 2208 4512 εἰκόνα
2232 4454 2369 4512 εἶναι
2396 4459 2490 4511 τοῦ
2520 4458 2730 4530 [ἰατρὸς
2773 4456 2864 4510 τὸν
2895 4457 3055 4522 Υίόν;
3091 4457 3154 4509 Εἰ
3192 4457 3298 4528 γάρ
3339 4457 3438 4508 οὐκ
3482 4456 3603 4509 ἐστι

355 4549 483 4605 mile
511 4549 860 4620 existimatis,
885 4566 950 4619 ac
975 4551 1320 4606 simulatione
1353 4539 1437 4615 usi
1467 4552 1648 4608 dicitis
1668 4593 1684 4619 ,
1721 4551 1922 4607 Filium

353 4653 477 4694 esse
501 4637 681 4694 Patris
710 4639 1044 4710 imaginem?
1089 4640 1146 4695 Si
1178 4643 1321 4696 enim
1349 4641 1522 4699 Filius
1563 4659 1670 4696 non
1717 4652 1800 4698 est
1839 4660 1924 4700 se-

351 4729 596 4794 cundum
631 4733 993 4788 substantiam
1036 4733 1214 4795 Patris
1269 4735 1486 4802 similis,
1534 4736 1738 4805 aliquid
1791 4752 1924 4792 sane

354 4823 576 4893 imagini
607 4823 806 4888 deﬁcit,
838 4840 1010 4893 neque
1036 4833 1120 4880 est
1157 4825 1314 4894 plena
1349 4825 1550 4896 imago,
1601 4841 1708 4880 non
1745 4825 1923 4896 perfe-

355 4922 477 4985 ctus
511 4914 785 4984 splendor.
815 4914 924 4968 Cur
951 4917 1134 4986 itaque
1168 4917 1272 4971 hoc
1303 4917 1479 4985 legitis
1510 4936 1521 4971 :
1556 4937 1573 4967 ‹
1607 4918 1665 4970 In
1695 4918 1814 4986 ipso
1839 4917 1924 4970 in-

355 5005 564 5080 habitat
584 5007 763 5062 omnis
790 5007 952 5078 602
994 5008 1270 5077 plenitudo
1296 5009 1597 5068 divinitatis
1627 5009 1924 5083 corporali-

425 5229 537 5312 (ἓξ)
565 5229 711 5312 Εεέο-
739 5230 794 5312 ἓν
824 5231 1153 5312 τράφειντες-
1173 5301 1198 5312 ,

425 5301 536 5372 (55)
564 5301 708 5381 F_elc_.
740 5302 794 5365 5,
819 5301 950 5355 Θεὸν
974 5304 1038 5356 ὲκ
1068 5301 1199 5356 Θεοῦ
1234 5301 1667 5373 ἀπαράλλακτον,
1703 5301 1927 5371 quibus-

353 5370 475 5428 dam
511 5370 746 5427 emissis.

427 5441 536 5512 (56)
567 5439 936 5512 Felcitmanni,
965 5443 1058 5495 καὶ
1086 5441 1264 5496 εῐτων.

427 5509 538 5578 (57)
565 5511 655 5565 Sic
683 5509 812 5573 Reg.
844 5510 902 5564 In
940 5513 1103 5567 editis
1131 5531 1189 5565 τε
1217 5514 1387 5567 deest.
1431 5512 1554 5567 Mox
1599 5513 1832 5567 Felckm.
1864 5516 1918 5578 5,

354 5583 481 5644 τοὺς
511 5581 722 5642 ἄλλους.
767 5581 888 5634 Mox
917 5580 1049 5651 Reg.
1081 5593 1135 5636 et
1171 5583 1314 5638 Felc.
1361 5585 1413 5653 5,
1447 5586 1504 5638 ἐν
1548 5587 1614 5654 τῇ
1657 5584 1916 5656 Ἰσαυρίᾳ.

358 5651 415 5705 In
445 5651 604 5705 editis
637 5653 700 5705 τῆ
731 5651 900 5705 deest.

385 5669 415 5706 ll
445 5668 604 5705 C(IIIIS
637 5668 701 5706 τη
731 5668 900 5705 (ιεεει.

445 5667 604 5705 euttts
637 5667 701 5720 τῃ
731 5667 900 5705 ueeSt.

423 5720 544 5793 (58).
569 5720 804 5777 Feltrkm.
830 5723 883 5790 5,
908 5722 966 5774 ὲν
993 5721 1128 5791 αὐτῇ
1160 5722 1236 5776 δέ.

2025 4553 2147 4604 κατ’
2169 4551 2354 4602 οὐσίαν
2381 4551 2564 4620 ὅμοιος
2597 4551 2624 4601 ὁ
2659 4549 2784 4612 Υἱὸς
2804 4548 2896 4602 τοῦ
2924 4548 3168 4618 Πατρὸς,
3216 4547 3392 4600 λείπει
3430 4564 3484 4600 τι
3529 4550 3602 4619 τῇ

2024 4641 2214 4708 εἰκόνι,
2234 4643 2326 4695 καὶ
2341 4643 2440 4699 οὐκ
2464 4641 2577 4693 ἔστι
2609 4640 2822 4711 πλήρης
2852 4637 3036 4706 εἰκὼν,
3060 4639 3179 4692 οὐδὲ
3197 4638 3398 4691 τέλειον
3421 4639 3602 4692 ἀπαύ-

2022 4752 2230 4805 γασμα.
2270 4733 2395 4798 Πῶς
2418 4731 2510 4787 οὖν
2539 4730 2936 4801 ἀναγινώσκετε
2967 4731 3049 4797 τὸ,
3095 4751 3114 4783 ‹
3137 4786 3142 4792 ,
3163 4733 3250 4784 Ἐν
3287 4730 3436 4800 αὐτῷ
3463 4748 3600 4784 κατ-

2023 4829 2160 4879 οικεῖ
2190 4828 2295 4879 πᾶν
2327 4827 2388 4878 τὸ
2438 4825 2705 4896 πλήρωμα
2738 4826 2839 4894 τῆς
2879 4825 3130 4895 θεότητος
3175 4825 3532 4896 σωματικῶς·
3572 4845 3593 4877 ι

2023 4919 2137 4983 καὶ,
2160 4937 2177 4967 ι
2203 4920 2296 4970 Ἐκ
2316 4917 2410 4970 τοῦ
2442 4915 2800 4988 πληρώματος
2826 4916 2988 4969 αὐτοῦ
3010 4918 3166 4986 ἡμεῖς
3190 4917 3390 4979 πάντες
3411 4917 3600 4970 ἐλάϐο-

2026 5028 2156 5081 μεν;
2198 5030 2216 5063 ι
2250 5010 2376 5074 Πῶς
2406 5010 2499 5065 τὸν
2532 5008 2804 5081 Ἀρειανὸν
2848 5008 3047 5061 Ἀέτιον
3077 5009 3152 5072 ὡς
3190 5010 3464 5080 αἱρετικὸν
3503 5012 3597 5062 ὲκ-

2020 5231 2207 5353 ἀλὲῐέθ)
2236 5231 2327 5287 Sic
2360 5229 2495 5301 Reg.
2521 5229 2664 5288 Editi
2687 5247 2835 5300 vero,
2860 5232 3185 5304 ὁμοιούσιον.
3215 5233 3335 5286 Mox
3362 5231 3508 5287 Feic.
3539 5233 3592 5297 5,

2151 5319 2294 5353 τοία.

2151 5320 2294 5354 τρια.

2095 5319 2324 5441 (ἕδῗιὲίε
2355 5372 2485 5443 Reg.
2525 5381 2577 5428 et
2607 5371 2753 5443 Felc.
2791 5373 2843 5425 5.
2880 5371 2936 5443 in
2980 5372 3170 5433 editis,
3201 5374 3293 5426 καὶ
3329 5372 3598 5443 μεταϐάλ-

2021 5441 2170 5494 λεται
2197 5443 2368 5496 deest.
2404 5441 2543 5495 Infra
2583 5441 2743 5503 idem,
2776 5442 2939 5495 εἰκών
2969 5445 3114 5497 ἐστιν
3140 5445 3169 5494 ό
3197 5441 3362 5506 Υἰόςζ·

2095 5511 2203 5577 (6i)
2241 5511 2400 5566 Forte
2424 5513 2773 5581 όμοιοούσιον.

2094 5581 2204 5647 (ΗΞ)
2235 5581 2376 5635 Edit.
2412 5582 2698 5647 Commel.,
2725 5582 2990 5649 λέγοντες,
3018 5582 3296 5637 mendose.

2095 5652 2206 5716 (65)
2240 5651 2348 5706 Sic.
2385 5651 2526 5705 Fe’lc.
2561 5654 2595 5704 5
2625 5661 2681 5705 et
2720 5652 2853 5721 Reg.
2895 5653 3068 5719 prima
3104 5668 3287 5708 manu.
3326 5649 3472 5706 Idem
3508 5664 3596 5715 se:

2024 5722 2199 5776 cunda
2234 5737 2420 5787 manu,
2454 5723 2647 5792 ἐκεῖνο,
2684 5738 2807 5778 cum
2837 5722 3015 5776 editis.
