3822 6226
164 370 263 425 761

1612 369 1707 424 ne
1744 367 2055 450 svnopis.

3317 361 3422 419 76$

164 485 415 551 ϐάλλετε,
447 485 623 540 καίτοι
650 484 720 539 τὰ
762 484 901 539 αὐτὰ
942 485 1134 557 ὲκείνῳ
1160 485 1442 554 λέγοντεςς
1491 486 1602 540 Καὶ
1638 484 1747 556 γὰρ

1862 500 1929 537 .cr
1957 483 2022 550 δι,
2062 501 2080 535 ι
2115 488 2188 548 et,
2239 501 2257 532 ί
2286 495 2349 536 ex
2390 480 2723 552 plenitudine
2762 479 2883 549 ejus
2904 492 3008 534 nos
3034 489 3224 532 omnes
3265 490 3424 531 acce-

168 578 265 634 σοῦ
294 578 419 650 μὲν,
451 571 498 631 ὦ
535 576 757 631 Ἀκάκιε
785 576 921 649 (64),
947 577 1158 648 ἑταῖρός
1191 577 1357 642 ἐστιν,
1398 576 1647 640 Εὐδοξίου
1693 576 1750 628 δὲ

168 668 489 732 διδάσκαλος
522 669 602 731 είς
636 667 735 740 τὴν
767 668 1024 739 τοιαύτην
1074 667 1328 721 ἀσέϐειαν
1383 667 1625 736 γέγονεν,
1683 664 1752 739 ἧς

167 759 339 813 ἕνεκα
366 760 462 813 καὶ
491 759 739 824 Λεόντιος
765 759 928 814 αὐτὸν
962 762 990 812 6
1020 760 1318 822 ἐπίσκοπος
1348 759 1590 813 διάκονον
1617 776 1751 812 κατ-

169 849 405 922 έστησεν
424 867 438 882 ο
475 851 583 916 ἵνα,
619 850 695 914 ὡς
724 848 980 921 ὲνδύματι
998 851 1107 921 (65)
1125 851 1396 921 προϐάτου
1426 850 1503 921 τῷ
1528 851 1751 921 ὀνόματι

167 940 272 1010 τῆς
302 941 579 1005 διακονίας
602 940 905 1012 χρώμενος,
941 944 1026 995 ἐπ’
1060 942 1242 1007 ἀδείας
1273 943 1488 1015 ἐξεμεῖν
1531 942 1751 1016 δύνηται

169 1031 368 1105 τὰτῆς
394 1032 743 1105 βλασφημίας
774 1035 1010 1105 ῥήματα.

241 1207 336 1262 59.
373 1206 439 1260 Τί
469 1202 561 1260 οὖν
596 1208 740 1277 ὑμᾶς
777 1208 887 1278 ἄρα
914 1208 1153 1263 τοιοῦτον
1189 1209 1439 1276 ἔπεισεν,
1485 1210 1625 1265 ὥστε
1659 1212 1753 1265 καὶ

171 1298 394 1362 ἑαυτοῖς
419 1300 497 1362 είς
522 1297 585 1350 τὸ
615 1298 855 1352 ἐναντίον
878 1303 1217 1371 περιπεσεῖν,
1240 1303 1336 1355 καὶ
1373 1303 1640 1374 τοσαύτην
1669 1305 1754 1357 ai-

174 1388 383 1460 σ’χύνην
402 1389 806 1457 ἀπενέγκασθαι
826 1406 840 1455 ;
866 1391 981 1444 ἀλλ’
1009 1386 1158 1445 οὐδὲν
1180 1391 1401 1462 εὔλογον
1427 1392 1492 1446 ἂν
1508 1394 1714 1447 εἴποιτε
1738 1411 1752 1425 ο

168 1480 335 1533 τοῦτο
384 1480 441 1534 δὲ
484 1482 640 1552 μόνον
678 1482 1050 1555 περιλείπεται
1093 1486 1232 1537 νοεῖν
1251 1525 1266 1549 ,
1324 1486 1405 1538 ὅτι
1438 1486 1613 1540 πάντα
1660 1485 1755 1542 νῦν

171 1569 538 1640 ὑποκρίνεσθε
562 1612 576 1637 ,
620 1572 713 1624 καὶ
765 1572 944 1626 πάντα
985 1573 1442 1645 προσποιούμενοι
1493 1576 1756 1630 πλάττετε

170 1659 264 1721 διὰ
297 1660 396 1730 τὴν
428 1661 578 1733 παρὰ
606 1664 983 1718 Κωνσταντίου
1018 1663 1129 1736 (66)
1164 1668 1521 1738 προστασίαν,
1569 1667 1664 1722 καὶ
1694 1667 1757 1720 τὸ

172 1752 334 1823 παρὰ
363 1753 458 1807 τοῦ
484 1752 725 1809 τοιούτου
753 1755 966 1827 κέρδος.
993 1758 1104 1809 Καὶ
1151 1761 1504 1830 κατηγορεῖτε
1541 1759 1641 1830 μὲν
1668 1759 1759 1812 εὐ-

1851 575 2033 644 pimus
2059 573 2152 626 δί
2193 592 2211 623 ι
2269 571 2382 626 Cur
2427 572 2691 626 Arianum
2743 568 2959 623 Aetium
3002 575 3063 622 ut
3106 567 3422 622 haereticum

1851 668 2069 738 ejicitis,
2089 666 2217 721 licet
2243 680 2307 720 ea
2334 665 2451 734 ipsa
2484 680 2605 733 quae
2625 663 2713 717 ille
2741 658 3083 732 loquamini?
3110 659 3230 714 Tibi
3251 658 3425 725 enim,

1852 758 2039 824 Aeaci,
2067 758 2278 812 amicus
2308 764 2412 818 est,
2439 754 2798 824 Eudoxioque
2826 753 2991 824 hujus
3019 751 3277 821 magister
3320 751 3425 804 im-

1851 850 2070 920 pietatis
2103 847 2227 914 fuit,
2256 848 2310 901 in
2341 846 2497 914 cujus
2523 847 2752 914 gratiam
2779 860 2903 900 eum
2934 844 3193 900 Leontius
3213 843 3428 913 episco-

1852 956 1956 1011 pus
1979 940 2269 994 diaconum
2301 936 2606 1004 ordinavit;
2636 946 2718 1001 ut,
2754 937 2908 1008 quasi
2939 936 3054 992 ovis
3096 936 3427 991 vestimento

1854 1034 2176 1090 diaconatus
2206 1031 2428 1086 nomine
2471 1046 2626 1097 usus,
2657 1029 3009 1099 blasphemiae
3048 1027 3208 1083 verba
3254 1025 3428 1081 libere
3544 1073 3548 1083 .

1852 1131 2038 1193 posset
2068 1136 2341 1176 evomere.

1852 1217 1891 1285 ζ»
1929 1214 2016 1270 39.
2044 1212 2184 1281 Quid
2211 1212 2374 1283 igitur
2402 1211 2560 1265 vobis
2583 1209 2773 1275 suasit,
2794 1218 2856 1262 ut
2877 1207 3033 1262 vobis
3075 1207 3205 1276 ipsis
3234 1207 3427 1260 adver-

1856 1288 2075 1373 semini,
2105 1314 2428 1375 tantumque
2456 1303 2738 1359 dedecoris
2766 1300 3054 1356 referatis?
3098 1298 3257 1355 Certe
3285 1298 3425 1353 nihil

1855 1398 2055 1455 rationi
2106 1404 2534 1452 consentaneum
2570 1393 2748 1464 lvobis
2804 1389 3094 1447 dicendum
3147 1387 3423 1458 suppetit:

1856 1490 2073 1559 hocque
2097 1489 2274 1543 solum
2297 1485 2710 1567 intelligendum
2744 1483 3093 1554 relinquitur,
3144 1497 3244 1537 vos
3280 1480 3430 1535 nulla

1855 1596 1967 1637 non
1992 1579 2362 1645 simulatione,
2390 1577 2539 1632 nullo
2602 1591 2711 1630 non
2762 1581 3073 1630 commento
3108 1574 3185 1627 uti
3215 1581 3433 1643 propter

1856 1673 2159 1730 Constantii
2187 1670 2575 1743 patrocinium,
2601 1669 2926 1736 lucrumque
2951 1664 3094 1730 quod
3119 1664 3248 1719 hinc
3272 1664 3428 1719 vobis

1855 1762 2054 1818 evenit.
2080 1763 2257 1831 Atque
2276 1761 2329 1816 in
2362 1767 2612 1830 promptu
2634 1757 2787 1812 vobis
2809 1765 2893 1811 est
2914 1754 3099 1809 Patres
3129 1754 3426 1820 incusare;

172 1843 356 1929 χερῶς
383 1844 492 1898 τῶν
524 1846 800 1919 Πατέρων,
828 1846 1226 1919 προφασίζεσθε
1249 1849 1305 1902 δὲ
1340 1849 1523 1915 ἁπλῶς
1549 1850 1648 1914 τὰς
1678 1850 1754 1904 λέ-

1862 1861 2165 1922 temereque
2189 1849 2449 1921 objicitis,
2503 1862 2614 1902 non
2668 1845 2859 1900 haberi
2899 1858 2962 1898 es
2993 1843 3157 1899 verba
3189 1843 3243 1896 in
3284 1841 3434 1896 Scrio

174 1932 315 2001 ξεις,
340 1935 417 2000 ὡς
448 1938 767 2008 άγράφουςτ
800 1941 895 1993 καὶ
922 1940 1064 1994 κατὰ
1100 1942 1164 1995 τὸ
1195 1942 1597 2014 γεγραμμένον,
1629 1961 1648 1995 ι
1679 1943 1757 1997 δι-

175 2027 423 2114 ετείνατε
460 2027 528 2080 τὰ
558 2028 723 2099 σκέλη
753 2030 914 2083 παντὶ
942 2031 1162 2103 παρόδῳ
1186 2048 1199 2061 ο
1224 2052 1242 2084 ι
1263 2031 1404 2085 ὥστε
1431 2032 1756 2098 τοσαυτάκις

174 2118 326 2189 ὑμᾶς
363 2120 812 2190 μεταϐάλλεσθαι,
842 2123 1032 2187 ὁσάκις
1063 2122 1128 2176 ἂν
1151 2124 1294 2194 ὑμᾶς
1317 2126 1366 2177 oi
1409 2124 1756 2196 μισθούμενοι

174 2210 273 2263 καὶ
325 2210 685 2281 χορηγοῦντες
731 2213 859 2284 ὑμῖν
903 2214 1179 2284 βούλονται
1221 2216 1355 2287 (67).
1406 2217 1600 2271 Καίτοι
1654 2217 1757 2272 κᾶν

172 2299 460 2370 ἀγράφους
475 2316 560 2371 τις
579 2299 710 2371 λαλῇ
732 2300 929 2367 λέξεις,
958 2302 1110 2356 οὐδὲν
1141 2302 1406 2375 διαφέρει,
1429 2305 1533 2369 ἕως
1558 2306 1755 2378 εὐσεϐῆ

172 2392 280 2462 τὴν
303 2391 542 2446 διάνοιαν
561 2392 694 2464 ἔχει.
739 2393 796 2446 '0
826 2393 883 2446 δὲ
911 2394 1187 2466 αἱρετικὸς
1220 2396 1383 2467 ἀνὴρ,
1406 2395 1508 2452 κᾶν
1532 2398 1630 2462 τὰς
1650 2398 1758 2452 ἀπὸ

173 2483 289 2537 τῶν
322 2483 555 2554 Γραφῶν
587 2487 855 2556 χρήσηται
889 2485 1081 2553 λέξεις,
1138 2487 1288 2541 οὐδὲν
1313 2484 1476 2561 ἦττον
1517 2488 1758 2555 ὕποπτος

172 2572 276 2638 ὣν,
303 2573 396 2626 καὶ
425 2573 517 2627 τὸν
545 2574 671 2627 νοῦν
703 2575 1115 2646 διεφθαρμένος,
1151 2578 1442 2633 ἀκούσεται
1485 2578 1636 2650 παρὰ
1663 2578 1756 2632 τοῦ

173 2664 500 2736 Πνεύματος
523 2682 539 2697 ·
586 2685 606 2717 ι
641 2666 758 2720 Ἵνα
784 2666 837 2719 τί
864 2668 928 2719 σὺ
957 2667 1119 2739 διηγῇ
1162 2668 1272 2741 (68)
1315 2669 1382 2723 τὰ
1414 2669 1760 2738 δικαιώματά

176 2773 307 2828 μου,
337 2759 431 2811 καὶ
462 2758 866 2829 ἀναλαμϐάνεις
892 2759 991 2831 τὴν
1027 2758 1292 2832 διαθήκην
1325 2780 1426 2833 μου
1447 2762 1536 2817 διὰ
1563 2763 1760 2835 στόμα-

174 2847 272 2911 τός
320 2864 415 2900 σου
437 2865 452 2915 ;
472 2867 491 2902 ι
526 2849 711 2913 Οὕτως
754 2851 784 2903 6
823 2850 920 2921 μὲν
947 2848 1219 2919 διάϐολος,
1248 2854 1425 2923 καίτοι
1451 2854 1628 2910 λαλῶν
1653 2857 1760 2910 ἀπὸ

172 2940 290 2994 τῶν
336 2941 589 3013 Γραφῶν,
643 2943 954 3012 πεφίμωται
988 2943 1140 3016 παρὰ
1167 2944 1260 2999 τοῦ
1294 2947 1543 3019 Σωτῆρος
1567 2965 1581 2978 ·
1632 2951 1660 3002 6
1701 2949 1758 3003 δὲ

178 3033 454 3104 μακάριος
477 3033 710 3098 Παῦλος,
744 3033 847 3089 κᾶν
879 3038 944 3090 ὲκ
968 3037 1077 3091 τῶν
1110 3036 1307 3102 ἔξωθεν
1342 3037 1477 3110 λαλῇ
1498 3057 1512 3070 ·
1556 3058 1575 3095 r
1603 3041 1757 3113 Κρῆ-

173 3141 275 3188 τες
304 3125 393 3177 ἀεὶ
418 3123 679 3194 ψεῦσταιο
712 3144 730 3177 ι
779 3127 874 3180 καὶ
895 3168 912 3192 ,
971 3146 991 3191 ς
1023 3127 1130 3181 Τοῦ
1170 3128 1279 3199 γὰρ
1321 3128 1433 3203 (69)
1467 3131 1561 3183 καὶ
1605 3130 1758 3200 γένος

172 3217 351 3289 ἐσμέν
370 3235 383 3248 ·
484 3217 601 3281 καὶ,
643 3235 663 3268 ι
691 3187 1008 3296 Φθειρουσιν
1039 3218 1144 3289 ἤθη
1170 3187 1382 3291 χρηστά
1410 3187 1629 3292 δμιλίαί
1661 3187 1760 3276 καί
1786 3187 1828 3253 C

172 3308 274 3364 καί
293 3325 309 3338 ·
336 3326 356 3358 ι
380 3306 494 3361 ἀλλ’
518 3307 690 3378 ὅμως,
716 3306 870 3376 ἅγιος
898 3305 994 3373 ὢν,
1020 3307 1137 3379 ἔχει¹
1156 3309 1256 3380 τὴν
1273 3309 1510 3365 διάνοιαν
1539 3312 1757 3382 εὐσεϐῆ.

170 3400 275 3455 καὶ
298 3398 396 3452 τοῦ
430 3398 666 3470 Χριστοῦ
692 3398 818 3454 νοῦν
851 3398 989 3470 ἔχων
1012 3440 1027 3465 ,
1060 3400 1376 3466 διδάσκαλός
1418 3404 1564 3456 ὲστιν
1594 3402 1761 3458 ἐθνῶν

171 3490 239 3542 ὲν
265 3487 451 3541 πίστει
495 3487 589 3540 καὶ
629 3485 889 3559 ἀληθείᾳ·
937 3489 1032 3541 καὶ
1068 3488 1105 3542 ἃ.
1126 3488 1296 3555 λαλεῖ,
1330 3489 1449 3561 μετ’
1480 3490 1761 3561 εὐσεϐείας

173 3578 498 3649 φθέγγεται.
524 3578 661 3632 Ποία
695 3581 874 3635 τοίνυν
900 3582 959 3635 ὲν
980 3585 1094 3645 τοῖς
1134 3560 1426 3653 Ἀρειανοῖς
1449 3582 1559 3654 (70)
1585 3560 1761 3655 ρημαί

171 3670 317 3732 τίοις
362 3669 468 3724 κᾶν
499 3669 791 3742 πιθανότης
841 3672 1008 3738 ἐστὶν,
1038 3673 1097 3726 ὲν
1145 3670 1228 3738 οἷς
1282 3674 1614 3744 προτιμᾶται
1664 3674 1759 3727 τοῦ

174 3761 436 3830 Σωτῆρος
468 3761 502 3831 ἡ
533 3761 728 3834 κάμπη
759 3763 852 3816 καὶ
885 3764 919 3835 ἡ
952 3764 1135 3836 ἀκρὶς,
1165 3766 1260 3818 καὶ
1286 3763 1603 3838 λοιδορεῖται
1633 3767 1760 3837 παρ’

173 3848 392 3905 αὐτῶν·
430 3846 545 3903 Odit
589 3845 659 3921 ἦς
686 3868 839 3917 ποτε,
893 3854 988 3907 καὶ
1019 3853 1311 3927 ὲκτίσθης,
1352 3854 1499 3919 ξένος
1527 3873 1587 3908 τε
1640 3857 1760 3909 κατ’

173 3940 370 3996 οὐσίαν
416 3941 512 3995 τοῦ
561 3941 696 3996 Θεοῦ
722 3944 1009 4014 τυγχάνεις
1027 3961 1040 3975 ·
1077 3947 1171 4000 καὶ
1210 3946 1346 4010 ὅλως
1374 3946 1526 4001 οὐδὲν
1557 3947 1763 4019 δυσφη-

177 4031 314 4103 μίας
334 4032 393 4083 ὲν
419 4032 1051 4104 αὐτοῖςππαραλέλειπται
1071 4034 1220 4107 (71);
1248 4036 1312 4089 Τί
1332 4036 1390 4089 δὲ
1423 4037 1560 4109 πρὸς
1590 4039 1760 4110 εὐφη-

178 4122 313 4195 μίαν
345 4123 605 4194 παρῆκαν
654 4125 704 4177 οί
755 4124 1030 4197 Πατέρες;
1086 4128 1198 4180 Καὶ
1247 4129 1308 4181 ού
1348 4128 1545 4200 μᾶλλον
1584 4129 1761 4202 ὑψηλὴ

171 4215 409 4277 διάνοια,
442 4216 538 4268 καὶ
558 4215 901 4293 φιλόχριστος
927 4217 1178 4283 εὐσέϐεια
1234 4221 1364 4292 παρ’
1396 4221 1577 4284 αὐτοῖς
1608 4221 1760 4287 ἐστι;

173 4307 292 4362 Καὶ
311 4308 463 4377 ὅμως
487 4305 661 4362 ταῦτα
683 4308 783 4379 μὲν
803 4309 1068 4379 ἔγραψαν,
1084 4310 1165 4363 ὅτι
1193 4310 1556 4382 Ἐκϐάλλομεν
1574 4328 1587 4342 ·
1615 4312 1756 4366 ἐκεί*

174 4416 286 4455 νων
320 4398 381 4451 δὲ
419 4398 528 4453 τῶν
571 4398 713 4453 κατὰ
754 4399 847 4454 τοῦ
891 4400 1098 4472 Κυρίου
1139 4402 1417 4475 λοιδοριῶν
1457 4403 1759 4475 ἀνέχονται,

304 4491 576 4582 φανεροὺς
617 4492 840 4582 έαυτοὺς
876 4494 1010 4549 πᾶσι
1042 4493 1371 4582 καθιστῶσιν
1397 4495 1508 4564 (72)
1528 4536 1542 4560 ,
1576 4496 1659 4549 ὅτι
1693 4495 1761 4549 δι’
1792 4528 1835 4582 D

172 4578 333 4645 οὐδὲν
362 4578 551 4649 ἕτερον
580 4580 843 4649 μάχονται
870 4582 1006 4654 πρὸς
1036 4580 1134 4654 τὴν
1168 4583 1383 4637 σύνοδον
1411 4583 1626 4655 ἐκείνην
1656 4583 1757 4656 τὴν

177 4670 447 4745 μεγάλην,
477 4670 613 4741 ἢὸτι
640 4671 740 4742 τὴν
780 4674 1059 4746 Ἀρειανὴν
1090 4675 1300 4747 αἵρεσιν
1327 4675 1634 4748 κατέκρινε.
1658 4676 1758 4730 Διά

171 4766 333 4822 τοῦτο
361 4766 472 4837 γὰρ
505 4766 598 4818 καὶ
616 4767 715 4838 τὴν
746 4765 841 4819 τοῦ
881 4768 1167 4837 ὁμοουσίου
1211 4768 1355 4834 λέξιν
1387 4767 1752 4836 διαϐάλλουσι,

174 4857 368 4919 κακῶς
391 4858 546 4909 αὐτοὶ
569 4856 892 4928 φρονοῦντες
917 4860 1012 4912 καὶ
1042 4860 1169 4931 περὶ
1188 4860 1379 4930 αὐτῆς.
1408 4861 1473 4914 Εἰ
1504 4860 1612 4933 γὰρ
1638 4860 1756 4915 ὲπί-

1855 1944 2030 2014 pturis
2056 1941 2229 1998 sacris
2265 1958 2280 1995 :
2331 1948 2386 1995 et
2413 1947 2471 1994 ut
2510 1939 2774 2009 scriptum
2832 1943 2934 1999 est,
2989 1953 3008 1986 ι
3050 1949 3207 1990 crura
3237 1934 3436 1988 divari—

1856 2036 2023 2091 castis
2058 2033 2208 2089 omni
2234 2029 2535 2087 transeunti
2558 2029 2638 2097 δ³;
2671 2046 2690 2080 ι
2723 2028 2796 2082 ita
2826 2037 2882 2082 ut
2911 2026 3070 2082 toties
3104 2026 3429 2081 sententiam

1855 2124 2219 2189 commutetis,
2257 2122 2475 2193 quoties
2512 2120 2680 2175 velint
2717 2118 2754 2173 ii
2802 2119 2897 2189 qui
2952 2133 3049 2173 vos
3080 2118 3326 2173 mercede
3377 2126 3433 2172 et

1856 2216 2081 2288 praemio
2135 2213 2469 2269 conducunt.
2532 2209 2858 2279 Quanquam
2910 2208 3052 2273 ,nihil
3101 2209 3345 2271 interest,
3383 2209 3431 2263 si

1858 2308 1981 2379 quis
2014 2322 2121 2361 non
2155 2304 2384 2374 scriptas
2404 2316 2569 2358 voces
2618 2298 2881 2372 proferat,
2925 2299 3053 2354 dum
3085 2299 3228 2369 piam
3253 2307 3434 2354 servet

1859 2394 2202 2452 sententiam.
2262 2390 2559 2445 Haereticus
2617 2396 2800 2443 autem
2859 2387 2967 2453 vir,
3002 2387 3131 2442 licet
3189 2388 3371 2442 verbis
3399 2401 3432 2442 e

1860 2486 2139 2557 Scriptura
2185 2482 2516 2553 depromptis
2559 2488 2766 2546 utatur,
2795 2478 2967 2533 nihilo
3006 2486 3186 2533 tamen
3216 2478 3424 2542 minus,

1860 2586 2148 2649 suspectus
2176 2592 2240 2632 ac
2276 2582 2461 2630 mente
2518 2581 2807 2642 corruptus
2837 2586 2959 2627 cum
3016 2570 3106 2637 sit,
3159 2586 3190 2625 a
3225 2569 3431 2639 Spiritu

1859 2679 2049 2728 sancto
2070 2669 2251 2725 audiet
2282 2686 2296 2738 ς
2325 2686 2343 2718 ι
2366 2663 2546 2736 Quare
2573 2673 2632 2720 tu
2656 2678 2882 2724 enarras
2916 2662 3157 2734 justitias
3188 2677 3359 2729 meas,
3377 2671 3433 2717 et

1859 2761 2094 2817 assumis
2118 2765 2500 2814 testamentum
2527 2770 2707 2809 meum
2728 2768 2826 2824 per
2844 2768 2905 2809 os
2933 2762 3084 2808 tuum
3111 2752 3199 2807 ⁸⁵⁸1
3216 2773 3234 2804 ι
3255 2751 3435 2818 Quare

1859 2854 2079 2908 diabolo
2123 2852 2251 2906 licet
2309 2864 2378 2904 ex
2439 2846 2735 2919 Scripturis
2787 2845 3028 2916 loquenti
3070 2859 3135 2901 os
3181 2859 3213 2900 a
3240 2842 3435 2899 Salva-

1859 2954 1980 3000 tore
2016 2944 2330 2999 obturatum
2360 2949 2462 2996 est.
2497 2938 2696 2993 Beatus
2723 2945 2904 2992 autem
2934 2935 3156 3001 Paulus,
3180 2934 3435 3005 quamvis

1859 3050 1926 3092 ex
1955 3032 2202 3105 profanis
2232 3033 2485 3102 loquatur
2520 3048 2535 3085 :
2590 3049 2610 3082 ι
2647 3028 2934 3084 Cretenses
2965 3041 3179 3098 semper
3205 3026 3433 3080 menda-

1860 3141 1950 3182 ces
1972 3124 2059 3192 Ι’¹¹;
2095 3144 2114 3177 ›
2164 3131 2251 3178 et:
2285 3142 2304 3175 ι
2337 3121 2511 3193 Ipsius
2544 3120 2688 3175 enim
2713 3134 2885 3190 genus
2928 3132 3121 3173 sumus
3162 3116 3241 3184 “;
3277 3135 3298 3168 ι
3335 3124 3430 3171 et:

1866 3235 1887 3269 ι
1920 3217 2294 3285 Corrumpunt
2321 3200 2501 3269 mores
2559 3213 2733 3267 bonos
2765 3210 3036 3279 colloquia
3085 3224 3254 3279 prava
3287 3208 3371 3275 ιτς
3407 3227 3428 3261 ι

1861 3317 2097 3369 attamen
2123 3316 2343 3366 sanctus
2366 3321 2488 3361 cum
2527 3305 2619 3370 sit,
2650 3304 2796 3374 piam
2828 3302 3026 3357 retinet
3053 3300 3382 3355 sententiam
3416 3316 3432 3354 :

1859 3407 2065 3466 etcum
2091 3395 2294 3451 Christi
2341 3376 2576 3457 mentem
2627 3391 2849 3457 habeat,
2888 3389 3137 3461 gentibus
3177 3390 3436 3459 magister

1858 3498 1943 3547 est
1964 3488 2087 3544 lidei
2111 3495 2166 3542 et
2191 3487 2456 3551 veritatis,
2505 3493 2560 3539 et
2596 3500 2720 3539 cum
2760 3485 2964 3554 pietate
3019 3495 3232 3550 semper
3256 3481 3436 3549 loqui-

1860 3590 1971 3636 tur.
2006 3577 2342 3647 Ecquiduam
2374 3574 2480 3650 ﬁde
2508 3576 2730 3645 dignum
2772 3575 2912 3628 inest
2962 3571 3232 3627 Arianicis
3266 3586 3436 3626 vocu-

1858 3672 1947 3736 lis,
1981 3670 2181 3740 quibus
2202 3682 2366 3723 eruca
2391 3674 2445 3721 et
2472 3666 2683 3737 locusta
2728 3663 2997 3720 Salvatori
3060 3664 3429 3733 anteponitur,

1859 3760 2071 3831 ipsique
2093 3758 2207 3812 ham
2236 3757 2479 3819 convicia
2510 3756 2798 3813 dicuntur:
2831 3754 3138 3826 Aliquando
3160 3769 3269 3809 non
3284 3769 3432 3819 eras,

1860 3862 1913 3909 et
1936 3859 2153 3907 creatus
2176 3865 2256 3915 es,
2288 3849 2614 3919 alienusque
2638 3863 2699 3903 es
2732 3863 2765 3907 a
2798 3846 2910 3903 Deo
2956 3847 3260 3903 secundum
3302 3847 3435 3903 sub-

1861 3943 2116 3999 stantiam
2138 3959 2151 3997 :
2170 3941 2486 4011 nullamque
2504 3941 2724 3994 demum
2750 3955 2860 3994 non
2881 3936 3165 4009 proferunt
3188 3938 3435 4009 blasphe-

1861 4034 2070 4090 miam?
2102 4033 2327 4098 Contra,
2358 4032 2488 4103 quid
2520 4033 2665 4103 quod
2723 4030 2928 4087 Christi
2971 4031 3433 4086 commendationi

1860 4127 2074 4183 laudive
2098 4124 2344 4183 conferat
2390 4141 2421 4180 a
2468 4124 2729 4182 Patribus
2777 4125 3041 4180 omissum
3076 4124 3198 4180 est?
3240 4122 3435 4180 Nonne

1862 4220 2067 4277 sanctis
2091 4219 2274 4289 potius
2314 4218 2459 4274 inest
2505 4218 2640 4276 viris
2691 4217 2943 4273 sublimis
2970 4217 3037 4271 de
3057 4216 3279 4272 Christo
3304 4230 3435 4270 sen-

1863 4312 2055 4379 tentia,
2081 4311 2365 4381 pietasque
2386 4324 2516 4380 erga
2555 4309 2706 4363 illum
2742 4307 2981 4364 eximia?
3011 4305 3076 4362 Et
3127 4316 3309 4362 tamen
3342 4306 3435 4362 isti

1862 4402 1979 4458 haec
2025 4400 2147 4456 ausi
2201 4407 2328 4455 sunt
2382 4398 2660 4454 scribere:
2697 4397 2791 4452 Illa
2845 4395 3161 4466 rejicimus;
3192 4395 3435 4465 dumque

1862 4493 2130 4564 ejusmodi
2154 4493 2210 4548 in
2233 4491 2511 4548 Christum
2539 4488 2828 4544 maledicta
2857 4489 3111 4555 tolerant,
3144 4487 3432 4558 propalam

1863 4594 2009 4641 certe
2033 4582 2259 4655 faciunt,
2296 4596 2357 4637 se
2409 4581 2561 4636 nulla
2604 4580 2711 4635 alia
2769 4579 2837 4634 de
2862 4594 3028 4634 causa
3061 4591 3186 4633 cum
3236 4591 3432 4648 magna

1863 4675 2072 4748 synodo
2109 4687 2375 4744 pugnare,
2406 4686 2572 4742 quam
2616 4669 2763 4741 quod
2814 4655 3070 4724 Arianam
3094 4669 3435 4724 damnaverit

1861 4766 2133 4823 haeresim.
2174 4763 2251 4818 Ea
2280 4763 2447 4819 etiam
2503 4763 2612 4817 illis
2638 4775 2805 4817 causa
2827 4769 2912 4816 est
2955 4758 3433 4814 consubstantialis

1860 4874 2051 4924 vocem
2086 4855 2413 4912 criminandi
2446 4855 2513 4909 de
2535 4869 2643 4924 qua
2701 4853 2806 4923 ipsi
2852 4867 3018 4923 prave
3051 4852 3310 4907 sentiunt.
3373 4848 3430 4903 Si

252 4976 296 5007 “
326 4975 541 5031 Coloss.
573 4990 633 5038 ιι,
666 4974 720 5030 9.
763 4975 810 5007 “
840 4974 1000 5031 Joan.
1042 4991 1082 5035 ι,
1112 4976 1200 5033 16.
1275 4976 1322 5009 ⁸³
1349 4975 1544 5033 Ezech.
1574 4993 1665 5033 xvr
1716 4977 1751 5030 2

1883 4975 1929 5021 li
1958 4974 2103 5031 Psal.
2135 4990 2282 5041 xux,
2317 4970 2404 5028 16.
2483 4971 2530 5004 ⁸⁵
2565 4970 2671 5026 Tit.
2700 4986 2740 5037 ι,
2771 4971 2857 5026 12.
2935 4969 2982 5002 ιθ
3009 4970 3129 5026 Act.
3165 4984 3298 5035 xvn,
3336 4968 3424 5023 28.

171 5046 218 5105 δ’
248 5044 268 5100 l
294 5044 424 5101 Cor.
456 5061 544 5114 xv,
571 5046 660 5100 53.

243 5185 360 5311 ἧϐαι)
390 5185 469 5239 Ita
499 5182 703 5255 Regius
744 5181 913 5236 codex
948 5188 1004 5235 et
1031 5179 1212 5236 Felrk.
1240 5182 1292 5237 ’5.
1330 5182 1494 5247 Editi,
1534 5182 1746 5235 Ἀκάκι.

243 5254 358 5309 :ck.
391 5255 445 5311 5.
476 5269 622 5311 mox.
658 5252 958 5305 εὐσέϐειαν.

172 5252 358 5311 Felck.
391 5255 445 5319 3,
476 5252 622 5317 moi,
658 5252 958 5305 εὐσέϐειαν.

247 5326 364 5393 (65)
394 5323 614 5395 Regius,
659 5325 716 5377 ὲν
750 5321 1027 5393 ὲνδύματι.
1064 5317 1209 5374 Infra
1236 5320 1471 5376 Felckm.
1508 5322 1562 5388 5,
1589 5320 1750 5393 δυνή-

169 5410 352 5448 σεται.

247 5464 362 5534 (66;
389 5462 482 5534 §ic
510 5459 908 5534 Regius._Editi
937 5475 1091 5534 vero,

246 5529 532 5617 (‘67)..Felc.
559 5529 959 5617 5,}odlw’vrat.
995 5529 1129 5617 Ibid;
1157 5530 1408 5617 Felckn};
1423 5531 1609 5617 Salui):
1632 5534 1753 5617 ταῖς

175 5604 284 5667 ἀπὸ
312 5602 421 5657 τῶν
454 5601 494 5654 Γ
499 5599 685 5673 ραφῶν
727 5602 996 5671 χρήσηται
1039 5599 1265 5666 λέξεσιν,
1316 5600 1427 5652 οὐδ.
1476 5599 1611 5655 Ibid.
1642 5600 1751 5656 Re-

177 5670 318 5743 gius,
344 5672 503 5743 λαλεῖ
529 5671 723 5743 λέξεις,
754 5680 816 5743 ει
832 5684 957 5723 mox
994 5669 1213 5743 [legium
1239 5670 1356 5741 ἔχῃ.
1581 5739 1620 5743 _
1641 5740 1673 5743 υ
1708 5740 1717 5743 Α

246 5742 362 5814 (68)
395 5741 487 5799 Sic
530 5742 665 5812 lic-3.
698 5750 751 5796 et
778 5739 999 5795 Gnaeus
1030 5739 1325 5810 Scripturae
1351 5751 1548 5796 textus.
1579 5739 1742 5808 Editi,

1116 5459 1214 5528 τὴν
1241 5460 1622 5513 Κωνσταντίου

1856 5190 2064 5253 εκοιηγ⁸
2090 5224 2102 5236 .
2141 5181 2261 5237 Mox
2290 5179 2513 5251 Regius,
2539 5177 2947 5249 hvalap6dv5.
3060 5246 3071 5258 θ

1927 5198 2384 5307 ιϐθὶηνείοιςωεη.
2406 5251 2459 5307 5.
2478 5248 2680 5303 Τούτου
2703 5249 2828 5307 γάρ.
2852 5191 2974 5302 luo}:
2989 5247 3071 5301 edi

1927 5244 2038 5321 (69)
2054 5244 2459 5316 'Felckmanf5,
2478 5248 2680 5303 Τούτου
2703 5244 2828 5320 γάρ.
2852 5244 2974 5302 Mox
2989 5246 3117 5301 edit.
3136 5244 3423 5311 Commel.,

1854 5323 2265 5394 xpnstéumale-

1930 5386 2380 5461 (70}Felckman.
2415 5390 2468 5453 3,
2511 5386 2823 5461 Ἀρειανῶν.

1928 5455 2038 5528 (7i)
2066 5460 2124 5515 In
2160 5460 2344 5515 Felck.
2371 5461 2424 5521 5,
2456 5455 2585 5528 quae
2615 5460 2753 5514 inter
2790 5473 2950 5513 voces
2977 5455 3423 5528 παραλέλειπται,

1854 5543 1907 5584 et
1936 5525 2091 5602 infra
2112 5530 2378 5602 φανερούς
2404 5525 2763 5596 intercedunt,
2794 5529 2998 5584 omissa
3044 5525 3189 5583 sunt.
3223 5525 3426 5597 Regius

1852 5617 2000 5672 mox,
2035 5600 2248 5672 ὑψηλοί.

1921 5671 2031 5750 (ῖῖ)
2067 5665 2272 5743 liégius
2299 5678 2352 5726 et
2380 5669 2617 5726 Fclckm.
2667 5670 2720 5738 '5,
2759 5667 3065 5724 καθιστᾶσι.
3100 5666 3261 5738 Editi,
3293 5665 3424 5721 καθ-

1851 5758 2054 5794 ιστωσι.
