3824 6224
387 317 494 376 765

949 324 1008 380 S.
1050 321 1425 380 ATHANASII
1463 325 1616 380 OPP.
1655 321 1836 388 PARS
1876 320 1916 373 Ι.
1956 347 2026 376 -—_.-
2065 317 2441 376 HISTORICA
2481 321 2570 376 ΕΤ
2609 321 3025 379 υοςΜΑΤιειΑ.

3528 321 3637 376 764

387 449 626 506 namque
656 449 800 493 recte
825 438 1126 505 crederent,
1154 439 1368 496 Patrem
1401 457 1527 496 vere
1578 440 1795 496 Patrem
1820 453 1952 495 con-

2067 453 2240 490 ςτευον
2267 437 2464 510 ὀρθῶς,
2498 439 2591 495 καὶ
2623 439 2712 493 τὸν
2741 440 2838 508 μὲν
2869 439 3088 510 Πατέρα
3115 439 3226 508 (75)
3256 438 3474 508 Πατέρα
3497 436 3638 506 άλη-

389 525 712 582 ﬂterentur:
761 527 956 582 Filium
994 545 1124 584 vero
1181 532 1476 600 genuinum
1528 530 1747 595 Filium,
1779 538 1833 584 et
1858 545 1955 582 na-

390 625 513 671 tura
543 632 728 672 verum
752 619 1034 673 crederent
1070 621 1330 686 Verbum,
1389 631 1443 676 et
1478 621 1808 691 Sapientiam
1849 621 1950 675 Pa—

389 707 510 763 tris.
540 707 692 774 Quod
743 718 924 764 autem
974 710 1172 766 dicitur
1220 728 1288 767 ex
1339 713 1450 768 Deo
1490 712 1686 767 Filium
1735 729 1876 778 esse,
1909 712 1952 766 si

390 815 498 852 non
533 809 590 854 ut
627 800 694 855 de
723 803 985 858 creaturis
1003 804 1224 868 dicitur,
1251 805 1325 859 ita
1354 804 1421 859 de
1461 805 1554 858 illo
1578 805 1909 866 aﬂirmarent
1936 821 1952 871 ;

391 890 486 945 scd
511 891 664 944 illum
699 891 1020 948 substantia:
1048 891 1226 950 Patris
1273 896 1550 965 propriam
1601 910 1722 950 esse
1746 895 1956 964 prolem

390 982 772 1054 intelligerent,
798 986 1260 1055 quemadmodum
1295 988 1548 1056 splendor
1577 1003 1608 1040 a
1628 987 1747 1041 luce
1773 995 1954 1040 ortum

388 1073 572 1141 habet,
607 1091 947 1146 nequaquam
997 1077 1196 1147 singuli
1246 1092 1435 1131 eorum
1476 1075 1668 1132 Patres
1707 1077 1957 1134 incusas-.-

389 1174 532 1230 sent,
588 1183 653 1222 ac
693 1169 872 1237 potius
919 1169 1144 1224 ﬁdenter
1197 1168 1460 1224 dixissent
1507 1169 1640 1222 bene
1689 1167 1955 1238 synodum

389 1257 698 1327 scripsisse,
721 1267 775 1312 et
808 1275 925 1313 eam
971 1275 1093 1315 esse
1127 1270 1329 1315 rectam
1378 1259 1444 1315 de
1488 1258 1718 1314 Domino
1767 1267 1956 1314 nostro

388 1346 515 1404 Jesu
547 1349 762 1404 Christo
791 1349 970 1405 ﬁdem.

460 1439 549 1494 40.
587 1439 714 1508 Sed,
743 1443 913 1508 aiunt,
939 1443 1170 1498 obscura
1202 1443 1357 1498 nobis
1396 1451 1480 1504 est
1538 1443 1734 1510 horum
1764 1441 1957 1504 verbo-

391 1547 513 1585 rum
544 1533 831 1586 sententia.
883 1532 958 1588 Ea
1017 1536 1160 1588 enim
1190 1534 1291 1601 fuit
1325 1533 1495 1588 futilis
1546 1533 1826 1587 hominum
1861 1547 1956 1586 ex-

388 1623 605 1678 cusatio
640 1638 654 1676 :
689 1639 813 1678 cum
848 1639 956 1678 non
983 1626 1256 1694 possimus
1309 1625 1598 1679 verborum
1630 1625 1956 1693 interpreta-

392 1715 595 1772 tionem
622 1715 861 1785 assequi,
891 1716 980 1769 illa
1012 1718 1313 1786 rejicimus.
1343 1716 1410 1770 At
1445 1717 1491 1770 si
1524 1715 1736 1770 sincero
1763 1715 1954 1784 loque-

2059 527 2166 590 θῶς
2195 530 2524 599 ὡμολόγουν,
2558 532 2648 585 τὸν
2675 533 2732 585 δὲ
2760 533 2885 585 Υἱὸν
2913 533 3133 602 γνήσιον
3169 532 3291 584 Υίὸν
3338 531 3433 584 καὶ
3467 529 3636 598 φύσει

2056 618 2304 689 ἀληθινὸν
2336 622 2526 690 Λόγον,
2561 625 2653 675 καὶ
2680 624 2878 692 Σοφίαν
2904 624 3186 676 ἐπίστευον
3215 619 3356 678 εἶναι
3384 622 3475 676 τοῦ
3508 624 3633 676 Πα-

2054 711 2182 780 τρός
2205 729 2218 742 ’
2249 713 2309 764 τό
2337 731 2395 765 τε
2415 715 2480 766 ἐκ
2501 715 2593 767 τοῦ
2620 715 2752 768 Θεοῦ
2769 715 2944 784 λέγειν
2965 715 3054 772 τὸν
3073 716 3222 779 Υίδν,
3246 717 3295 768 εί
3325 717 3422 786 μὴ,
3438 715 3634 783 ὥσπερ

2055 799 2280 867 λέγεται
2306 804 2433 870 περὶ
2462 803 2568 855 τῶν
2599 804 2932 874 κτισμάτων,
2961 804 3131 868 οὕτως
3162 804 3345 872 ἔλεγον
3379 806 3472 874 καὶ
3500 805 3635 872 περὶ

2057 889 2242 954 αὐτοῦ,
2275 891 2408 944 ἀλλὰ
2432 894 2528 962 τῆς
2549 893 2732 955 οὐσίας
2757 893 2849 945 τοῦ
2878 894 3086 963 Πατρός
3109 893 3235 948 ἴδιον
3255 896 3414 947 αὑτὸν
3447 899 3635 952 ἐνόουν

2059 975 2198 1033 εἶναι
2226 981 2489 1053 γέννημα,
2518 984 2592 1046 ὡς
2621 985 2734 1038 ἔστι
2760 985 2821 1037 τὸ
2843 985 3181 1056 ἀπαύγασμα
3208 987 3273 1038 ἐκ
3299 989 3392 1040 τοῦ
3419 989 3630 1056 φωτός·

2056 1074 2157 1124 οὐκ
2183 1072 2249 1125 ἂν
2281 1074 2505 1137 ἕκαστος
2536 1075 2644 1144 (74)
2674 1075 2849 1128 αὐτῶν
2882 1059 3173 1146 κατηγόρει
3206 1076 3314 1129 τῶν
3346 1078 3630 1149 Πατέρων·

2059 1160 2173 1213 ἀλλ’
2227 1160 2509 1233 ἐθάρρουν,
2559 1164 2640 1216 ὅτι
2679 1163 2858 1226 καλῶς
2902 1163 3138 1235 ἔγραψεν
3166 1167 3200 1235 ἡ
3239 1165 3452 1228 σύνοδος
3477 1183 3491 1196 ·
3533 1169 3634 1220 καὶ

2058 1252 2230 1318 οὕτως
2269 1255 2413 1307 ἐστὶν
2461 1258 2494 1326 ἡ
2525 1256 2659 1327 ὀρθὴ
2702 1259 2830 1328 περὶ
2873 1257 2966 1311 τοῦ
2999 1258 3204 1329 Κυρίου
3243 1258 3401 1328 ἡμῶν
3453 1259 3631 1328 Ἰησοῦ

2056 1345 2293 1417 Χριστοῦ
2333 1347 2534 1411 πίστις.

2127 1439 2216 1492 40.
2263 1440 2400 1492 Ἀλλ’
2428 1442 2663 1511 ἀσαφής,
2701 1441 2881 1509 φασὶν,
2902 1441 3014 1511 (75)
3048 1441 3192 1493 ἐστὶν
3219 1443 3348 1511 ήμῖν
3373 1441 3485 1493 τῶν
3516 1458 3633 1493 τοι-

2057 1529 2228 1590 ούτων
2276 1529 2470 1596 λέξεων
2515 1534 2547 1602 ή
2591 1532 2814 1584 διάνοια.
2855 1533 2964 1584 Καὶ
2988 1533 3142 1586 τοῦτο
3184 1536 3290 1603 γάρ
3333 1533 3635 1602 προεφασί-

2061 1637 2240 1685 σαντο,
2269 1620 2518 1689 λέγοντες
2540 1662 2553 1685 ,
2581 1624 2694 1685 ὅτι,
2741 1623 2814 1694 μὴ
2858 1623 3138 1694 δυνάμενοι
3173 1625 3498 1678 καταλαϐεῖν
3531 1625 3636 1695 τὴν

2029 1711 2352 1782 ’ἑρμηνείαν
2399 1713 2608 1776 αὐτῶν,
2667 1715 2998 1786 ἐκϐάλλομεν
3029 1716 3230 1780 ταύτας
3279 1718 3375 1780 τὰς
3433 1716 3634 1781 λέξεις.

393 1815 582 1861 rentur
619 1808 822 1874 animo,
854 1821 962 1862 non
990 1807 1195 1862 dictum
1233 1807 1496 1878 oportuit,
1528 1807 1617 1875 illa
1642 1807 1956 1875 rejicimus;

2067 1803 2231 1855 Τοῦτο
2263 1803 2320 1855 δὲ
2346 1805 2394 1856 εί
2429 1803 2642 1874 άληθῶς
2675 1805 2857 1874 ἔλεγον
2882 1847 2896 1871 ,
2923 1807 3021 1859 ούκ
3059 1806 3165 1859 ἔδει
3203 1806 3378 1876 λέγειν
3409 1809 3633 1871 αὐτοὺς,

385 1898 550 1968 603
572 1899 665 1953 sed
707 1898 1032 1962 sciscitaturi
1066 1909 1222 1954 erant
1248 1908 1309 1954 ut
1338 1916 1366 1953 a
1402 1899 1591 1969 peritis
1619 1900 1917 1960 ediscerent
1941 1915 1956 1952 :

390 1990 596 2060 alioqui
635 1991 884 2060 rejiciant
915 1992 1252 2062 quidquidin
1277 1992 1573 2061 Scripturis
1628 1991 1824 2045 divinis
1851 2005 1957 2044 non

391 2081 718 2153 intelligunt,
749 2097 954 2154 eosque
983 2086 1074 2154 qui
1135 2086 1226 2140 illa
1261 2084 1527 2153 scripsere
1579 2082 1956 2150 criminentur.

392 2173 498 2228 Sed
524 2173 895 2230 haereticorum
925 2177 1104 2245 potius
1138 2192 1302 2246 quam
1343 2185 1593 2230 nostrum
1614 2174 1958 2238 Christiano-

390 2283 512 2321 rum
553 2265 717 2322 fuerit
746 2268 972 2328 audacia
1016 2268 1305 2339 ejusmodi.
1353 2268 1484 2334 Qua:
1525 2267 1670 2321 enim
1704 2267 1759 2321 in
1787 2265 1960 2322 sacris

389 2359 622 2428 eloquiis
649 2373 758 2418 non
799 2360 1170 2430 intelligimus,
1201 2376 1309 2420 non
1352 2360 1474 2414 ideo
1503 2359 1804 2428 rejicimus,
1863 2358 1957 2414 sed

391 2451 459 2505 ab
493 2451 560 2505 iis
587 2452 907 2520 quaerimus,
950 2453 1018 2506 ab
1049 2453 1116 2506 iis
1141 2453 1386 2506 ediscere
1419 2451 1784 2520 postulamus,
1836 2450 1957 2518 qui-

389 2543 493 2600 bus
517 2542 780 2606 Dominus
810 2543 1087 2597 revelavit.
1114 2543 1331 2607 Verum,
1355 2542 1480 2610 quia
1515 2557 1635 2595 eam
1664 2541 1956 2614 verborum

389 2637 775 2694 obscuritatem
807 2644 1130 2704 praetexunt,
1166 2633 1438 2690 fateantur
1459 2649 1590 2705 ergo
1614 2649 1735 2703 qua;
1775 2633 1958 2688 statim

390 2729 720 2793 inferuntur,
781 2737 835 2784 et
891 2727 1236 2794 anathemate
1274 2729 1531 2783 damnent
1571 2741 1666 2781 eos
1694 2726 1788 2796 qui
1835 2741 1960 2780 sen-

391 2821 550 2883 linnt,
571 2835 638 2874 ex
661 2836 769 2880 non
803 2821 1142 2880 exstantibus
1168 2835 1288 2878 esse
1317 2819 1536 2886 Filium,
1561 2829 1615 2874 et
1653 2833 1763 2873 non
1781 2816 1960 2873 tuisse

390 2922 682 2982 antequam
717 2913 1048 2983 gigneretur,
1099 2922 1154 2967 et
1205 2921 1514 2968 creaturam
1567 2911 1958 2981 opiﬁciumque

389 3021 513 3062 esse
548 3006 640 3060 Dei
686 3005 973 3065 Verbum:
1019 3019 1217 3064 natura
1264 3009 1527 3064 mutabile
1589 3024 1732 3074 esse,
1801 3016 1856 3062 et
1889 3022 1952 3062 ex

2074 1892 2437 1963 Ἐκϐάλλομεν
2469 1895 2702 1958 ταύταςο
2737 1896 2849 1948 ἀλλ’
2890 1897 3073 1965 ὴξίουν
3103 1897 3213 1966 (76)
3252 1897 3444 1967 μαθεῖν
3479 1898 3637 1970 παρὰ

2061 1983 2167 2035 τῶν
2189 1985 2586 2054 ἐπισταμένων,
2615 1987 2736 2038 ἐπεὶ
2766 1987 3036 2055 ὀφείλουσί
3067 2005 3152 2056 γε,
3179 1990 3271 2052 καὶ
3301 1990 3442 2060 ἅπερ
3469 1989 3535 2040 ἂν
3575 1990 3636 2042 ἐν

2060 2077 2179 2137 ταῖς
2207 2074 2376 2137 θείαις
2403 2077 2642 2146 Γραφαῖς
2671 2077 2742 2146 μὴ
2773 2079 3032 2147 νοήσωσιν
3061 2079 3356 2142 ἐκϐάλλειν,
3379 2082 3471 2133 καὶ
3496 2097 3635 2134 κατ-

2059 2169 2278 2235 ηγορεῖν
2326 2168 2450 2228 τοὺς
2505 2167 2818 2237 γράψαντας
2869 2169 2978 2238 (77)
3037 2170 3196 2224 αὐτά.
3257 2170 3416 2228 Ἀλλὰ
3475 2155 3637 2224 τοῦτο

2066 2255 2264 2326 μᾶλλον
2298 2257 2608 2326 αίρετικῶν,
2638 2261 2730 2313 καὶ
2757 2261 2855 2329 οὐχ
2882 2259 3036 2329 ήμῶν
3057 2260 3163 2312 τῶν
3200 2261 3547 2330 Χριστιανῶν
3575 2262 3637 2314 τὸ

2059 2347 2332 2418 τόλμημα.
2370 2349 2436 2400 Ἀ
2470 2349 2576 2421 γάρ
2598 2351 2895 2422 ἀγνοοῦμεν
2929 2354 2986 2405 ὲν
3017 2355 3128 2415 τοῖς
3147 2352 3343 2420 λογίοις
3362 2395 3376 2418 ,
3403 2354 3505 2406 οὐκ
3539 2356 3636 2407 ὲκ-

2061 2438 2350 2510 6άλλομεν,
2379 2440 2514 2494 ἀλλὰ
2540 2442 2808 2512 ζητοῦμεν
2836 2443 2928 2506 οὒς
2952 2443 3297 2513 ἀπεκάλυψεν
3320 2444 3431 2516 (78)
3457 2447 3487 2497 ὁ
3518 2445 3637 2508 Κύ-

2063 2548 2197 2606 ριος,
2226 2533 2319 2584 καὶ
2347 2533 2476 2602 παρ’
2509 2534 2686 2587 αὐτῶν
2710 2535 2997 2604 μανθάνειν
3022 2535 3297 2606 ἀξιοῦμεν.
3331 2536 3553 2607 Ἐπειδὴ
3580 2536 3640 2590 δὲ

2060 2620 2157 2689 καὶ
2194 2620 2336 2674 οὕτω
2363 2623 2788 2692 προφασίζονται
2813 2625 2908 2695 τήν
2934 2625 3199 2694 ἀσάφειαν
3231 2624 3339 2677 τῶν
3372 2626 3638 2678 τοιούτων

2059 2711 2256 2776 λέξεων
2279 2754 2294 2778 ,
2331 2714 2762 2784 όμολογείτωσαν
2799 2715 2928 2784 γοῦν
2953 2716 3021 2768 τά
3047 2716 3204 2779 εὐθὺς
3241 2718 3637 2787 ἐπιφερόμενα,

2059 2803 2152 2858 καὶ
2175 2804 2716 2876 ἀναθεματιζέτωσαν
2738 2807 2862 2872 τοὺς
2887 2807 3234 2880 φρονοῦντας,
3262 2809 3318 2874 ἐξ
3339 2810 3439 2860 οὐκ
3463 2809 3638 2862 ὄντων

2060 2892 2197 2950 εἶναι
2227 2897 2316 2961 τὸν
2350 2897 2500 2962 Υἱὺν,
2551 2901 2664 2963 καὶ,
2697 2902 2808 2952 Οὐκ
2834 2896 2901 2971 ἦν
2949 2899 3075 2972 πρὶν
3106 2903 3338 2970 γεννηθῇ
3359 2942 3374 2964 ,
3416 2901 3512 2953 καὶ
3555 2901 3639 2953 ὅτι

2060 2989 2264 3059 κτίσμα
2297 2989 2391 3042 κα)¹
2433 2990 2643 3060 ποίημά
2683 2993 2830 3045 ἐστιν
2861 2993 2889 3044 ό
2928 2992 3021 3045 τοῦ
3067 2992 3200 3045 Θεοῦ
3245 2993 3417 3060 Λόγος
3446 3011 3460 3022 ·
3518 2994 3636 3057 καὶ,

391 3097 498 3152 alia
525 3099 830 3154 substantia
855 3117 868 3165 ;
897 3097 1226 3168 demumque
1269 3098 1528 3153 Arianam
1558 3099 1820 3153 damnent
1849 3098 1957 3151 hae-

2067 3080 2308 3152 Τρεπτός
2340 3081 2456 3134 ἐστι
2498 3083 2606 3152 (79)
2639 3085 2704 3153 τῇ
2735 3083 2926 3152 φύσει·
2970 3084 3097 3148 καὶ,
3139 3085 3224 3150 Ἐξ
3264 3085 3455 3153 ἐτέρας
3498 3086 3638 3140 ὓπο-

390 3193 556 3248 ηείηι
599 3208 720 3261 quae
759 3191 1073 3261 huiusmodi
1118 3191 1449 3260 impietatem
1504 3189 1850 3260 excogitavit.
1883 3187 1960 3246 Ne

390 3286 577 3342 dicant
597 3284 870 3352 deinceps,
907 3281 982 3336 Ea
1017 3281 1176 3336 verba
1212 3281 1484 3349 rejicimus
1512 3297 1528 3347 ;
1563 3281 1678 3346 sed,
1706 3279 1958 3336 Nondum

391 3378 484 3432 illa
515 3375 902 3445 intelligimus;
939 3382 998 3428 ut
1045 3374 1125 3428 sic
1157 3373 1504 3428 verisimilem
1557 3388 1618 3427 ea
1671 3372 1959 3427 recusandi

391 3482 612 3522 causam
643 3463 887 3519 aﬂ‘erant.
919 3461 1092 3526 Probe
1143 3463 1258 3524 scio
1299 3471 1480 3518 autem
1525 3476 1589 3516 ac
1619 3461 1960 3531 exploratum

391 3559 587 3624 habeo,
623 3559 767 3628 quod
809 3556 911 3626 ipsi
967 3571 1182 3626 quoque
1209 3570 1316 3609 non
1365 3555 1636 3625 ignorant,
1669 3569 1765 3610 eos
1786 3555 1832 3610 si
1860 3555 1963 3610 ista

393 3652 755 3714 conﬁteantur
781 3659 836 3704 et
873 3648 1133 3702 Arianam
1165 3646 1396 3700 haeresin
1443 3645 1787 3699 anathemate
1808 3643 1963 3698 dam-

394 3753 546 3810 nent,
578 3741 771 3813 synodi
819 3741 984 3798 verba
1040 3754 1148 3795 non
1205 3747 1519 3807 negaturos.
1577 3735 1784 3791 ldcirco
1815 3736 1961 3790 enim

393 3837 584 3892 Patres
606 3851 730 3891 cum
762 3834 1032 3891 dixissent
1061 3846 1128 3890 ex
1152 3829 1461 3885 substantia
1508 3826 1688 3883 Patris
1717 3829 1960 3898 genitum

394 3928 590 3984 Filium
619 3941 746 3982 esse
770 3925 919 3978 Patri
949 3921 1492 3985 consubstantialem,
1543 3920 1727 3974 statim
1762 3919 1962 3982 intule-

393 4029 523 4076 runt
552 4039 566 4076 :
592 4019 701 4080 Eos
731 4028 912 4074 autem
935 4016 1028 4086 qui
1053 4014 1304 4086 przedicta
1328 4013 1420 4067 illa
1451 4011 1672 4066 Arianae
1689 4011 1962 4066 haereseos

393 4112 560 4168 verba
609 4111 818 4173 dicunt,
858 4107 1200 4162 anathemate
1250 4104 1624 4168 damnamus;
1686 4111 1748 4156 ut
1778 4109 1962 4155 osten-

392 4205 661 4260 danthaae
687 4217 718 4259 a
754 4216 813 4256 se
853 4199 1011 4269 quasi
1042 4197 1289 4252 eamdem
1340 4196 1514 4264 ipsam
1544 4195 1654 4248 vim
1710 4192 1961 4248 habentia

393 4293 535 4347 dicta
571 4304 713 4354 esse,
752 4295 807 4344 et
855 4295 1084 4355 utraque
1115 4285 1277 4339 verba
1333 4284 1474 4338 idem
1519 4281 1864 4353 signiﬁcare:
1897 4298 1964 4339 ac

393 4385 706 4456 quicunque
773 4380 862 4435 illa
917 4376 1206 4434 confessus
1249 4375 1437 4444 fuerit,
1492 4391 1620 4434 eum
1647 4377 1765 4432 haec
1786 4376 1950 4431 etiam

2066 3173 2305 3236 στάσεως
2326 3190 2339 3202 °
2368 3173 2463 3226 καὶ
2491 3173 2626 3237 ὅλως
2650 3174 3189 3245 άναθεματιζέτωσαν
3214 3176 3312 3246 την
3353 3177 3643 3248 Ἀρειανὴχι

2064 3264 2295 3334 αἵρεσιν,
2321 3263 2420 3335 τὴν
2445 3264 2778 3336 ἐφευροῦσαν
2802 3265 2897 3336 τήν
2927 3265 3177 3336 τοιαύτην
3205 3267 3460 3333 ἀσέϐειαν
3499 3267 3639 3338 (80),

2063 3355 2173 3407 Καὶ
2209 3353 2393 3408 λοιπὸν
2443 3355 2516 3426 μὴ
2554 3355 2880 3424 λεγέτωσαν,
2921 3356 3280 3427 Ἐκϐάλλομεν
3316 3357 3413 3421 τὰς
3439 3357 3638 3424 λέξεις,

2063 3444 2178 3497 ἀλλ’
2204 3445 2286 3498 ὅτι
2307 3443 2471 3496 Ούπω
2501 3444 2724 3514 νοοῦμεν
2753 3445 2919 3508 αύτάς
2938 3461 2951 3472 ’
2977 3445 3064 3498 ἵνα
3090 3445 3231 3498 οὓτω
3254 3445 3487 3516 πιθανήν
3515 3464 3643 3514 τινα

2064 3537 2334 3607 πρόφασιν
2362 3535 2525 3606 ἔχωσι
2557 3537 2650 3590 τοῦ
2670 3535 3050 3608 παραιτεῖσθαι
3083 3537 3304 3600 ταύτας.
3333 3534 3407 3590 Εὖ
3436 3538 3493 3590 δὲ
3515 3534 3644 3594 οἶδα

2065 3627 2158 3680 καὶ
2189 3627 2511 3697 πέπεισμαι,
2547 3627 2638 3680 καὶ
2666 3629 2818 3680 αὐτοὶ
2850 3627 2907 3680 δὲ
2939 3626 3093 3680 τοῦτο
3139 3627 3520 3697 γινώσκουσιν,
3555 3631 3640 3684 ὅτι

2063 3717 2235 3772 ταῦτα
2284 3717 2380 3771 ἐὰν
2443 3717 2839 3789 ὁμολογήσωσι,
2898 3720 2991 3772 καὶ
3043 3720 3479 3790 άναθεματίσωσι
3537 3723 3640 3792 τὴν

2077 3808 2354 3880 Ἀρειανὴν
2387 3809 2620 3880 αἵρεσιν,
2653 3809 2753 3861 οὐκ
2773 3809 3095 3880 ἀρνήσονται
3122 3810 3376 3872 κάκείνας
3408 3809 3507 3874 τὰς
3537 3813 3640 3880 τῆς

2066 3902 2280 3955 συνόδου
2315 3901 2506 3966 λέξεις.
2533 3902 2631 3954 Δια
2655 3901 2812 3954 τοῦτο
2837 3900 2944 3972 γάρ
2973 3902 3066 3954 καὶ
3096 3904 3144 3954 οί
3174 3901 3414 3973 Πατέρες
3433 3943 3449 3966 ,
3479 3905 3647 3974 είρηο,

2064 3995 2220 4057 κότες
2245 3995 2309 4047 ὲκ
2330 3977 2428 4064 τῆς
2459 3993 2644 4056 οὐσίας
2667 3993 2921 4066 γεννητὸν
2949 3993 3038 4046 τὸν
3072 3993 3202 4046 Υίὸν
3247 3994 3527 4064 ὀμοούσιον
3557 3996 3641 4066 τῷ

2067 4084 2262 4154 Πατρὶ,
2292 4083 2453 4157 εὐθὺς
2471 4083 2748 4152 ἐπήγαγον
2770 4099 2784 4112 ·
2820 4083 2945 4145 τοὺς
2971 4081 3027 4134 δὲ
3066 4081 3323 4149 λέγοντας
3354 4081 3422 4134 τὰ
3452 4097 3635 4150 προεις

2067 4174 2300 4247 ρημένα,
2333 4175 2476 4244 άπερ
2511 4173 2626 4242 ἐστὶ
2659 4173 2758 4242 τῆς
2798 4173 3078 4242 Ἀρειανῆς
3119 4172 3403 4244 αἱρέσεως,
3440 4171 3627 4224 ἀναθεα

2067 4264 2364 4337 ματίζομεν
2391 4265 2504 4337 (81)
2525 4282 2538 4295 °
2576 4266 2662 4318 ἵνα
2683 4263 2949 4330 δείξωσιν,
2983 4265 3064 4317 ὅτι
3089 4264 3165 4328 ὼς
3201 4265 3265 4316 ἐκ
3290 4263 3644 4334 παραλλήλου

2064 4358 2312 4412 λέλεκται
2345 4359 2476 4429 παρ’
2526 4357 2728 4422 αὐτῶν,
2765 4357 2862 4410 καὶ
2914 4358 2971 4409 αἱ
2999 4355 3170 4423 λέξεις
3219 4357 3422 4410 ἐκεῖναι
3463 4353 3649 4414 ταῦτα,

392 4448 515 4532 esse
537 4448 898 4545 cogitaturum
924 4487 940 4536 ;
975 4471 1070 4540 qui
1098 4484 1228 4524 vero
1256 4469 1345 4522 illa
1373 4483 1482 4522 non
1511 4476 1640 4525 sunt
1667 4469 1956 4533 sententia,

2067 4451 2421 4523 σημαίνουσιν
2441 4468 2454 4480 ο
2489 4450 2584 4503 καὶ
2605 4450 2663 4513 ὂς
2692 4449 2757 4504 ἂν
2784 4448 2996 4512 ὲκείνας
3028 4448 3338 4520 ὁμολογήσῃ
3363 4489 3378 4513 ,
3419 4449 3639 4513 πάντως,

393 4571 505 4625 imo
525 4582 586 4621 ea
608 4565 771 4620 verba
788 4561 1116 4632 improbant,
1136 4561 1174 4618 ii
1209 4575 1340 4616 sane
1357 4559 1579 4616 Christo
1612 4559 1820 4622 inimici
1840 4575 1962 4617 esse

393 4658 541 4716 omni
570 4672 636 4711 ex
666 4663 818 4725 parte
857 4659 1249 4722 coarguuntur.

463 4816 552 4870 «Η.
588 4813 855 4868 Caeterum
887 4811 952 4866 ad
977 4825 1164 4865 eorum
1195 4808 1622 4864 confutationem
1661 4809 1754 4879 qui
1788 4819 1957 4872 totam

393 4907 662 4980 synodum
697 4902 987 4974 repudiant
1011 4903 1127 4958 haec
1153 4917 1326 4972 pauca
1356 4899 1641 4956 sulﬁciant.
1675 4899 1836 4957 Viros
1863 4917 1961 4956 au-

465 5083 576 5154 (75)
601 5082 676 5136 Ita
716 5080 937 5150 Regius,
967 5079 1280 5135 Basiliensis
1322 5088 1376 5135 et
1419 5079 1562 5136 Felc.
1608 5082 1660 5135 5.
1699 5080 1836 5136 Editi
1871 5098 1960 5138 se-

393 5157 497 5210 mel
525 5153 743 5223 Πατέρα
775 5153 989 5223 habent.

463 5219 843 5347 (74)6Felckm.
889 5223 943 5288 3,
972 5220 1216 5285 ἕκαστον,
1252 5220 1528 5276 mendose.
1567 5219 1688 5275 Mox
1735 5219 1958 5293 Regius,

463 5312 569 5347 τηγ
605 5311 693 5347 οη.

394 5313 693 5348 κατηγοοη.

463 5311 693 5365 τηγορη·
723 5363 734 5374 ,

463 5365 576 5434 (75)
605 5362 828 5434 Regius,
859 5359 1045 5434 φησίν.

489 5435 576 5502 76)
604 5433 748 5489 Felc.
776 5435 831 5500 5,
861 5433 1066 5498 άξίουν.

489 5501 576 5568 77)
607 5503 750 5558 Felc.
783 5504 838 5564 ’5,
863 5503 969 5555 τῶν
995 5501 1342 5572 γραψάντων.

462 5568 573 5642 (78)
603 5573 748 5627 Felc.
771 5573 804 5625 5
833 5575 1002 5630 solus.
1037 5568 1129 5636 οἷς
1151 5571 1518 5642 ἀπεκάλυψεν.

465 5643 571 5716 179)
601 5643 743 5716 Eelc-
768 5643 822 5716 ἒ»
851 5642 1096 5716 τρεπτῐδς
1127 5644 1262 5716 ἐστι.

463 5708 573 5785 (80)
607 5712 750 5770 Fclc.
783 5713 836 5778 5,
873 5708 1170 5766 εὐσέϐειαν.
1213 5713 1385 5785 Quam
1434 5711 1546 5777 τοῦ,
1573 5729 1628 5778 α,
1661 5712 1714 5768 in
1747 5730 1805 5779 ευ
1841 5729 1962 5781 mu-

2067 4544 2162 4596 καὶ
2193 4541 2365 4598 ταῦτα
2383 4543 2793 4614 διανοηθήσεται
2816 4561 2830 4574 ·
2866 4544 2914 4596 οἱ
2939 4543 2997 4596 δὲ
3029 4544 3166 4613 μήτε
3187 4544 3357 4598 ταῦτα
3382 4542 3634 4614 φρονοῦν-

1984 4702 1992 4708 ,
2064 4653 2177 4706 τες,
2205 4634 2342 4689 ἀλλὰ
2368 4635 2594 4702 κάκεῖνα
2618 4634 2988 4697 διαϐάλλοντες
3010 4634 3143 4706 (82),
3164 4637 3212 4688 οἱ
3239 4634 3468 4699 τοιοῦτοι
3500 4652 3625 4688 παν

2063 4727 2292 4799 ταχόθεν
2331 4726 2642 4796 ἐλέγχονται
2670 4727 3044 4797 χριστομάχοι.

2136 4821 2227 4876 41.
2252 4819 2360 4873 Καὶ
2393 4819 2522 4888 περ)¹
2555 4817 2652 4887 μὲν
2677 4817 2784 4870 τῶν
2809 4818 2868 4884 ἐξ
2898 4818 3020 4870 ὅλου
3051 4819 3150 4889 τὴν
3185 4818 3398 4871 σύνοδον
3439 4819 3608 4888 άρνου

2075 4912 2248 4980 μένων
2278 4913 2438 4984 ἀρκεῖ
2458 4910 2593 4982 πρὸς
2625 4909 2843 4980 ἔλεγχον
2875 4910 2942 4964 τά
2975 4911 3134 4980 ὀλίγα
3170 4911 3342 4964 ταῦτα
3361 4929 3374 4941 ·
3417 4910 3552 4981 πρὸς
3582 4911 3633 4964 δὲ

2070 5095 2325 5148 tationem
2377 5093 2510 5145 alias
2559 5107 2665 5144 non
2715 5093 2880 5146 semel
2929 5093 3257 5147 notavimus.
3303 5090 3474 5146 Paulo
3515 5103 3640 5161 post

2068 5163 2199 5233 Reg.
2228 5172 2283 5217 et
2307 5161 2452 5233 Felc.
2487 5161 2998 5233 διυύπω-νοούμεν
3029 5163 3217 5233 αὑτάς.
3251 5163 3356 5215 Alii
3395 5164 3633 5226 codices,

2066 5230 2224 5288 Οὕτω
2252 5231 2480 5302 νοοῦμεν
2509 5231 2697 5302 (turdi.
2736 5230 3064 5302 Εςιὶιί,“οὓτω
3092 5232 3318 5302 νοοῦμεν
3347 5233 3528 5294 αὑτός.

2137 5302 2248 5374 (81)
2277 5299 2630 5374 δίεᾙεςίιιε,
2658 5299 2899 5374 Eelckm.
2924 5301 2970 5374 _5
3009 5312 3062 5374 et
3089 5299 3246 5374 (edit.
3284 5301 3463 5374 Paris.
3494 5302 3636 5356 Edit.

2065 5369 2355 5434 Commel.,
2396 5369 2891 5441 ἀναθεματίσομεν.
2924 5370 2980 5424 1η
3014 5371 3158 5426 Felc.
3191 5373 3243 5436 5,
3281 5372 3478 5425 ibidem
3515 5383 3641 5439 post

2068 5445 2226 5498 istam
2257 5457 2444 5497 vocem
2467 5483 2481 5506 ,
2511 5442 2625 5512 haec
2654 5450 2931 5512 ponuntur
2975 5442 3112 5512 πρὸς
3136 5443 3193 5494 δὲ
3222 5442 3347 5504 τοὺς
3376 5443 3638 5510 ἀποδεχο-

2071 5513 2284 5583 μένους,
2313 5513 2403 5583 his
2435 5511 2960 5583 praemissisverbis,
2997 5511 3061 5564 ἐκ
3095 5512 3194 5583 τῆς
3222 5512 3392 5582 αὐτῆς
3416 5513 3638 5565 ἐπιστο-

2069 5581 2186 5652 λῆς,
2217 5582 2436 5652 omissis
2465 5581 2824 5652 intermediis.

2139 5653 2250 5722 (82)
2285 5651 2506 5722 Regius,
2533 5650 2909 5707 διαϐάλλωσιν.
