3824 6224
193 324 292 382 765

1607 329 1691 386 DE
1731 330 2040 392 SYNODIS.

3335 343 3439 399 766

191 445 310 508 τοὺς
333 441 766 514 ἀποδεχομένους
786 442 852 497 τὰ
881 445 979 515 μὲν
1000 444 1132 500 ἄλλα
1155 446 1330 501 πάντα
1353 448 1459 502 τῶν
1486 449 1542 501 ὲν
1565 449 1767 520 Νικαίᾳ

1873 462 1978 508 tem
2003 455 2096 525 qui
2123 456 2226 510 alia
2275 457 2494 526 quidem
2554 459 2737 513 omnia
2792 457 2986 514 Nicaeae
3047 461 3248 532 scripta
3297 465 3439 519 reci-

191 536 532 608 γραφέντων,
565 537 692 606 περὶ
715 535 772 586 δὲ
803 536 962 605 μόνον
995 537 1057 590 τὸ
1086 539 1374 608 ὁμοούσιον,
1402 539 1768 609 ἀμφιϐάλλον-

191 646 306 694 τας,
335 629 443 700 χρὴ
479 629 596 698 (85)
635 628 706 698 μὴ
737 627 812 689 ὡς
841 627 978 698 πρὸς
1011 628 1238 699 ἐχθροὺς
1283 630 1622 683 διακεῖσθαι’
1675 633 1768 684 καὶ

191 717 295 788 γὰρ
323 719 416 770 καί
441 719 608 787 ἡμεῖς
633 717 729 786 οὐχ
771 717 846 778 ὡς
875 718 1008 788 πρὸς
1047 718 1456 787 Ἀρειομανίτας
1475 759 1489 782 ,
1534 718 1643 770 οὐδ’
1692 718 1768 782 ὡς

198 808 535 879 μαχομένους
565 809 698 878 πρὸς
729 810 852 871 τοὺς
878 809 1126 878 Πατέρας
1158 809 1504 879 ἐνιστάμεθα,
1546 809 1658 863 ἀλλ’
1693 811 1769 873 ὡς

195 898 404 967 ἀδελφοὶ
438 897 584 967 πρὸς
607 898 864 966 ἀδελφοὺς
895 898 1255 968 διαλεγόμεθα
1280 941 1294 965 ,
1324 901 1421 969 τὴν
1463 900 1633 970 αὐτὴν
1669 901 1768 970 μὲν

195 985 317 1059 ⁴ἡμῖν
345 989 592 1042 διάνοιαν
617 989 857 1058 ἔχοντας,
891 989 1018 1060 περὶ
1039 989 1094 1043 δὲ
1115 989 1176 1042 τὸ
1207 989 1375 1060 ὄνομα
1407 991 1564 1060 μόνον
1587 992 1770 1044 διστά-

195 1077 402 1141 ζοντας.
433 1077 551 1129 Καὶ
574 1077 682 1147 γὰρ
705 1077 1088 1146 ὁμολογοῦντες
1113 1079 1177 1132 ἐκ
1208 1079 1306 1149 τῆς
1329 1079 1516 1142 οὐσίας
1540 1079 1634 1132 τοῦ
1665 1081 1770 1132 Πα-

193 1169 314 1236 σρδς
340 1163 505 1229 εἶναι,
542 1165 636 1220 καὶ
663 1165 736 1236 μὴ
771 1166 830 1231 ἐξ
876 1165 1065 1238 ἐτέρας
1098 1167 1448 1228 ὑποστάσεως
1493 1167 1583 1219 τὸν
1616 1167 1765 1231 Υἰὸν,

197 1257 390 1327 κτίσμα
427 1273 488 1309 τε
516 1256 593 1326 μὴ
617 1251 777 1320 εἶναι,
809 1256 944 1325 μηδὲ
976 1257 1187 1326 ποίημα
1217 1256 1378 1308 αὑτὸν
1399 1298 1412 1320 ,
1456 1255 1593 1308 ἀλλὰ
1632 1258 1766 1325 γνή-

198 1366 301 1400 σιον
323 1349 418 1400 καὶ
446 1348 609 1415 φύσει
637 1348 877 1418 γέννημα
902 1348 1084 1410 ἀϊδίως
1113 1365 1171 1400 τε
1207 1347 1314 1417 (84)
1343 1348 1502 1400 αὐτὸν
1531 1350 1767 1399 συνεῖναι

195 1441 266 1510 τῷ
289 1442 466 1511 Harp“.
497 1441 672 1508 Λόγον
709 1441 838 1493 ὄντα
871 1441 964 1492 καὶ
1006 1440 1205 1508 Σοφίαν
1226 1483 1240 1505 ,
1281 1442 1339 1493 ού
1381 1443 1596 1512 μακράν
1630 1443 1767 1493 εἰσιν

195 1533 551 1597 ἀποδέξασθαι
578 1533 670 1590 καὶ
689 1532 786 1602 τὴν
813 1532 905 1584 τοῦ
933 1532 1040 1601 (8‘5)
1075 1534 1357 1603 ὀμοουσίου
1383 1520 1545 1597 λέξιν.
1581 1533 1766 1584 Τοιοῦ-

193 1641 278 1687 τος
298 1625 352 1677 δέ
379 1627 497 1677 ἐστι
530 1624 808 1686 Βασίλειος
838 1627 866 1676 6
899 1625 1006 1676 ἀπὸ
1047 1624 1350 1698 Ἀγκύρας,
1381 1625 1595 1698 γράψας
1640 1625 1769 1695 περὶ

196 1716 446 1780 πίστεως.
477 1715 553 1768 Τὸ
580 1717 676 1786 μὲν
706 1715 814 1787 γὰρ
833 1717 1014 1786 ὅμοιον
1047 1717 1202 1787 μόνον
1233 1717 1412 1784 λέγειν
1437 1718 1554 1770 κατ’
1583 1717 1769 1769 οὐσίαν

196 1809 252 1860 ού
276 1808 492 1872 πάντως
524 1783 898 1878 σημαίνεικαὶ
921 1810 984 1861 τὸ
1010 1783 1076 1862 ἐκ
1097 1810 1195 1880 τῆς
1219 1783 1424 1872 οὐσίας,
1460 1809 1518 1874 ἐξ
1551 1804 1610 1862 οὗ
1635 1808 1770 1878 μᾶλ-
1799 1783 1844 1841 Β

198 1899 302 1964 λον,
327 1901 401 1963 ὡς
435 1902 532 1954 καὶ
581 1900 733 1954 αὐτοὶ
779 1903 1052 1971 εἰρήκασι,
1103 1900 1422 1970 σημαίνεται
1454 1900 1512 1953 τὸ
1549 1901 1767 1971 γνήσιον

195 1991 284 2045 τοῦ
331 1991 462 2046 Υἰοῦ
513 1993 654 2064 πρὸς
707 1992 798 2044 τὸν
845 1992 1081 2063 Πατέρα.
1127 1993 1236 2045 Καὶ
1285 1993 1394 2063 γὰρ
1451 1993 1768 2064 κασσίτερος

196 2084 367 2154 ὅμοιός
411 2083 522 2154 (86)
561 2085 676 2136 ἐστι
731 2083 886 2153 μόνον
936 2082 1012 2154 τῷ
1065 2082 1321 2156 ἀργύρῳ,
1361 2084 1457 2136 καὶ
1505 2082 1664 2146 λύκος
1690 2083 1768 2152 τῷ

197 2175 333 2239 κυνὶ,
367 2175 464 2228 καὶ
483 2173 688 2244 χαλκὸς
712 2172 980 2243 χρυσίζων
1008 2171 1085 2242 τῷ
1115 2171 1354 2242 ἀληθινῴ
1393 2171 1609 2242 χρυσῷ,
1643 2171 1767 2224 οὗτε

198 2264 251 2320 δὲ
284 2265 610 2337 κασσίτερος
636 2268 700 2321 ὲκ
723 2264 814 2320 τοῦ
838 2263 1078 2335 ἀργύρου
1111 2265 1402 2334 τυγχάνει,
1451 2263 1575 2316 οὔτε
1607 2264 1769 2328 λύκος

197 2355 266 2418 ὡς
303 2356 414 2419 υἱὸς
460 2357 561 2412 τοῦ
607 2357 764 2418 κυνὸς
796 2355 860 2412 ἂν
899 2355 1200 2425 νομισθείη.
1235 2356 1452 2425 Ἐπειδὴ
1491 2355 1546 2407 δὲ
1586 2355 1678 2407 καὶ
1705 2358 1770 2409 ἐκ

199 2447 287 2518 τῆς
309 2447 494 2511 ούσίας
546 2449 643 2500 καὶ
677 2446 1007 2517 ὁμοιοούσιον
1047 2446 1156 2515 (87)
1191 2446 1350 2499 αὐτὸν
1397 2447 1687 2517 εἰρήκασι,
1717 2446 1769 2499 τί

197 2535 373 2608 ἕτερον
421 2539 782 2608 σημαίνουσιν
828 2539 892 2589 ὲκ
936 2536 1138 2590 τούτων
1169 2537 1202 2606 ἢ
1229 2536 1288 2588 τὸ
1314 2537 1630 2607 ὁμοούσιον;
1658 2538 1769 2592 Καὶ

198 2627 300 2697 γὰρ
317 2627 506 2699 ὥσπερ
547 2630 577 2679 6
603 2626 774 2695 λέγων
808 2627 964 2697 μόνον
993 2626 1324 2696 ὁμοιοούσιον
1347 2627 1406 2691 ού
1437 2627 1654 2690 πάντως
1675 2628 1768 2696 καὶ

198 2719 255 2772 τὺ
281 2721 344 2774 ὲκ
373 2721 475 2791 τῆς
504 2719 695 2783 ούσίας
717 2718 996 2790 γνωρίζει,
1024 2717 1195 2783 οὕτως
1220 2720 1248 2772 6
1280 2717 1454 2787 λέγων
1488 2718 1768 2790 ὁμοούσιον

199 2812 538 2884 ἀμφοτέρων,
589 2812 680 2866 τοῦ
725 2829 783 2864 τε
823 2811 1158 2882 ὁμοιοουσίου
1201 2812 1294 2864 καὶ
1326 2811 1419 2880 τοῦ
1452 2813 1516 2864 ὲκ
1548 2813 1646 2882 τῆς
1680 2813 1772 2864 ού-

205 2906 316 2967 σίας
361 2905 495 2976 (88),
551 2905 804 2976 σημαίνει
836 2906 932 2976 τὴν
965 2905 1223 2974 διάνοιαν,
1274 2905 1383 2958 Καὶ
1439 2904 1592 2971 αὐτοὶ
1638 2902 1769 2973 γοῦν

203 2997 533 3068 ἐνιστάμενοι
568 2997 728 3051 πάλιν
764 2997 897 3066 πρὸς
933 2998 1058 3060 τοὺς
1088 2997 1292 3066 κτίσμα
1331 2996 1590 3072 λέγοντας
1630 2992 1768 3054 εἶναι

1869 545 2041 613 piunt,
2105 547 2172 601 de
2213 548 2331 601 solo
2392 558 2573 603 autem
2632 550 3118 608 consubstantialis
3173 555 3438 609 vocabulo

1869 637 2172 706 ambigunt,
2205 654 2311 693 non
2336 650 2394 693 ut
2425 642 2676 697 inimicos
2719 645 2950 712 spectari
3005 661 3102 712 par
3125 655 3228 700 est.
3254 645 3439 716 Neque

1867 729 2012 781 enim
2063 730 2205 784 velut
2249 731 2634 806 Ariomanitas,
2679 744 2773 788 aut
2827 734 3045 789 Patrum
3073 737 3436 812 adversarios,

1869 818 2120 874 homines
2172 821 2566 889 aggredimur;
2604 824 2698 878 sed
2751 825 3094 893 disputamus
3136 828 3298 881 Veluti
3325 826 3436 882 fra-

1867 915 1978 960 tres
2007 923 2131 960 cum
2157 907 2435 975 fratribus,
2487 911 2583 980 qui
2623 911 2813 966 eadem
2849 929 2955 982 qua
2991 929 3092 969 nos
3131 924 3259 969 sunt
3311 931 3435 971 sen-

1868 999 2057 1062 tentia,
2081 1000 2197 1053 solo
2226 1000 2444 1054 nomine
2474 1001 2527 1054 in
2563 1004 2988 1058 controversiam
3024 1006 3276 1061 adducto.
3295 1005 3434 1060 Cum

1868 1092 2012 1146 enim
2045 1091 2408 1146 conﬁteantur
2441 1107 2508 1145 ex
2555 1092 2862 1148 substantia
2919 1094 3095 1151 Patris
3139 1109 3193 1151 et
3225 1112 3334 1152 non
3367 1113 3435 1153 ex

1867 1183 1972 1236 alia
1996 1183 2295 1237 substantia
2318 1198 2436 1237 esse
2468 1181 2684 1260 Filium,
2715 1201 2814 1239 nec
2847 1197 3155 1244 creaturam
3203 1189 3290 1242 vel
3319 1191 3436 1258 opi-

1867 1275 2051 1328 ﬁcium
2114 1274 2265 1327 illum
2309 1289 2480 1329 esse:
2537 1276 2633 1330 sed
2686 1279 2975 1345 genuinam
3024 1280 3435 1348 naturalemque

1866 1368 2098 1437 prolem,
2133 1379 2185 1420 et
2209 1367 2277 1420 ab
2305 1375 2504 1420 interno
2527 1383 2631 1420 una
2661 1383 2784 1421 cum
2811 1367 2972 1423 Patre
3001 1368 3312 1425 Verbum-et
3335 1370 3436 1426 Sa-

1867 1459 2126 1528 pientiam
2155 1458 2437 1523 exsistere,
2492 1474 2600 1512 non
2631 1459 2788 1530 longe
2818 1461 3016 1514 absunt
3061 1477 3090 1514 a
3129 1463 3435 1531 recipienda

1867 1551 2350 1604 consubstantialis
2377 1565 2529 1604 voce.
2551 1551 2700 1605 Talis
2721 1560 2806 1606 est
2834 1551 3067 1606 Basilius
3090 1553 3321 1623 Ancyrae
3341 1553 3436 1622 qui

1867 1641 1934 1695 de
1956 1641 2059 1695 ﬁde
2095 1643 2331 1711 scripsit.
2361 1641 2520 1704 Nam,
2548 1644 2594 1699 si
2621 1643 2815 1699 similis
2849 1652 3059 1696 tantum
3109 1645 3323 1699 dicatur
3352 1659 3438 1700 se-

1871 1735 2108 1787 cundum
2144 1735 2528 1800 substantiam,
2559 1735 2610 1788 id
2641 1750 2748 1789 non
2797 1735 2936 1789 idem
2972 1750 3198 1804 prorsus
3228 1735 3438 1804 signiﬁ-

1871 1833 2140 1894 catatque
2168 1825 2296 1880 illud
2332 1842 2434 1880 :cx
2468 1827 2804 1892 substantia;
2867 1842 2976 1895 quc
3024 1827 3192 1882 verbo
3236 1829 3436 1899 magis,

1869 1925 1930 1971 ut
1959 1917 2060 1986 ipsi
2087 1919 2290 1982 dixere,
2324 1915 2500 1978 Patris
2530 1933 2844 1988 germanum
2878 1917 3074 1972 Filium
3105 1920 3280 1988 ipsum
3314 1935 3438 1976 esse

1869 2010 2224 2079 signiﬁcatur.
2266 2009 2399 2063 Nam
2428 2020 2681 2064 stannum
2711 2019 2796 2086 est.
2831 2021 3054 2088 argento
3090 2005 3288 2086 simile,
3335 2027 3428 2067 ca-

1868 2100 1954 2154 nis
1981 2100 2129 2169 lupo,
2169 2100 2539 2162 aurichalcum
2577 2116 2706 2154 vero
2750 2115 2907 2163 auro,
2939 2116 3040 2155 nec
3079 2110 3258 2156 tamen
3286 2109 3437 2156 stan-

1870 2207 1999 2246 num
2030 2207 2096 2246 ex
2133 2202 2354 2262 argento
2381 2201 2485 2255 est,
2526 2208 2629 2248 nec
2673 2193 2834 2262 lupus
2877 2193 3030 2268 canis
3067 2193 3212 2248 ﬁlius
3247 2193 3436 2248 haberi

1869 2291 2066 2352 potest.
2097 2282 2545 2352 Quandoquidem
2598 2296 2779 2339 autem
2815 2294 2870 2339 et
2919 2301 2986 2340 ex
3021 2287 3348 2350 substantia,
3380 2296 3438 2341 et

1871 2375 2189 2430 Substantiae
2231 2376 2463 2429 similem
2493 2391 2617 2430 eum
2649 2391 2770 2431 esse
2816 2377 3089 2443 dixerunt,
3125 2379 3256 2453 quid
3289 2379 3435 2432 aliud

1872 2466 1957 2522 his
1991 2467 2299 2537 signiﬁcant
2347 2483 2509 2536 quam
2540 2484 2663 2522 cum
2711 2484 2833 2524 esse
2879 2470 3439 2525 consubstantialem?

1871 2559 2106 2624 Etenim,
2139 2561 2279 2614 sicut
2305 2563 2398 2630 qui
2421 2560 2548 2615 dicit
2573 2569 2800 2625 tantum,
2833 2563 3149 2616 substantia:
3179 2561 3433 2626 similem,

1871 2667 1980 2706 non
2011 2665 2232 2719 prorsus
2262 2651 2464 2706 indicat
2512 2666 2637 2705 eum
2685 2664 2752 2705 ex
2801 2651 3102 2722 substantia
3153 2667 3312 2717 esse;
3356 2650 3438 2705 sic

1870 2744 1964 2814 qui
2003 2743 2154 2809 dicit,
2183 2743 2722 2808 consubstantialem,
2751 2744 3037 2812 utriusque
3063 2743 3192 2796 dicti
3215 2750 3436 2798 senten-

1870 2837 2002 2888 tiam
2059 2833 2453 2902 complectitur,
2509 2842 2586 2898 et,
2629 2833 2948 2888 substantiae
3012 2833 3228 2897 similis,
3262 2842 3335 2896 et,
3367 2847 3437 2886 ex

1871 2926 2194 2981 substantia.
2223 2924 2532 2994 lterumque
2562 2925 2683 2979 illos
2710 2925 2948 2994 aggressi
2977 2928 3069 2994 qui
3099 2925 3290 2980 dicunt
3303 2923 3436 2979 Ver-

1871 3019 2001 3072 bum
2035 3033 2156 3072 esse
2186 3027 2514 3080 creaturam,
2546 3026 2598 3071 et
2642 3025 2843 3086 negant
2896 3015 3138 3087 genitum
3170 3032 3292 3072 esse
3340 3015 3437 3072 Fi-

202 3091 287 3144 τὸν
310 3093 500 3160 Λόγον,
530 3092 625 3144 καὶ
649 3091 721 3162 μὴ
748 3089 994 3152 θέλοντας
1027 3089 1188 3142 αὐτὸν
1211 3090 1430 3160 γνήσιον
1457 3089 1583 3157 Υἱὸν
1607 3084 1766 3154 εἶναι,

1873 3110 2030 3175 1111111,
2056 3119 2120 3163 ex
2155 3107 2406 3162 humanis
2463 3107 2725 3177 exemplis
2780 3107 2876 3161 ﬁlii
2906 3122 2969 3161 ac
3011 3108 3180 3177 patris
3209 3123 3307 3162 sua
3337 3105 3436 3161 ad-

201 3181 257 3247 ἐξ
305 3182 661 3254 ἀνθρωπίνων
719 3181 1177 3252 παραδειγμάτων
1229 3179 1346 3233 υἱοῦ
1415 3181 1509 3234 καὶ
1561 3182 1767 3252 πατρὸς

201 3275 443 3345 εἰλήφασι
487 3275 592 3338 τὰς
625 3276 745 3328 κατ’
781 3273 959 3326 αὐτῶν
1001 3271 1340 3338 ἀποδείξεις,
1380 3272 1766 3344 ὲξαιρουμένου

203 3369 382 3422 τούτου
411 3368 545 3440 (89),
577 3369 659 3421 ὅτι
697 3365 768 3438 μὴ
789 3367 863 3430 ὼς
885 3365 1171 3438 ἄνθρωπός
1203 3369 1352 3418 ἐστιν
1380 3368 1408 3419 6
1437 3366 1588 3429 Θεὸς,
1636 3365 1768 3435 μηδὲ

202 3458 274 3522 ὡς
295 3459 606 3532 ἀνθρωπίνη
635 3458 786 3530 γονὴ,
815 3457 988 3521 οὕτως
1007 3458 1199 3530 ἐστὶνὴ
1222 3457 1312 3511 τοῦ
1336 3457 1466 3511 Υἱοῦ
1496 3459 1766 3529 γέννησις,

205 3549 310 3602 ἀλλ’
327 3551 399 3616 ὡς
427 3554 460 3622 ἡ
491 3551 613 3622 Θεῷ
635 3553 939 3623 πρέπουσα,
967 3553 1059 3604 καὶ
1089 3553 1234 3621 ἡμᾶς
1265 3551 1577 3622 ἁρμόζουσα
1609 3555 1765 3605 νοεῖν.

206 3644 308 3697 Καὶ
335 3645 441 3718 γὰρ
461 3646 560 3699 καὶ
590 3645 771 3715 πηγὴν
810 3645 1063 3716 εἰρήκασι
1095 3644 1186 3696 τὸν
1212 3644 1434 3715 Πατέρα.
1457 3647 1554 3715 τῆς
1580 3643 1770 3713 σοφίας

207 3739 409 3810 καὶτῆς
437 3739 608 3808 ζωῆς,
636 3738 726 3790 τὸν
754 3737 809 3789 δὲ
834 3737 961 3790 Υἱόν
983 3736 1325 3807 ἀπαύγασμα
1359 3736 1536 3806 φωτὸς
1575 3736 1768 3802 ἀϊδίου,

208 3830 294 3881 καὶ
323 3831 480 3884 αὐτὸν
511 3827 651 3883 εἶναι
677 3830 737 3883 τὸ
777 3831 841 3881 ἐκ
866 3830 962 3899 τῆς
1011 3829 1191 3899 πηγῆς
1226 3829 1470 3899 γέννημα
1513 3829 1766 3897 λέγοντο.’

212 3938 230 3970 ι
267 3922 402 3990 Ἑγὼ
431 3926 548 3994 εἰμι
583 3922 690 3994 (90)
731 3923 765 3993 ή
791 3919 924 3992 ζωὴ,
953 3940 970 3972 ι
997 3923 1110 3985 καὶ,
1133 3941 1152 3971 ι
1190 3919 1326 3989 Ἐγὼ
1357 3922 1390 3991 ἠ
1421 3920 1589 3989 Σοφία
1641 3937 1770 3973 κατ-

208 4015 480 4084 εσκήνωσα
535 4012 810 4085 βουλήν.’›
874 4013 947 4065 Τὸ
979 4013 1036 4065 δὲ
1079 4014 1143 4066 ὲκ
1193 4012 1366 4082 φωτὸς
1413 4013 1768 4084 ἀπαύγασμα,

207 4105 294 4157 καὶ
319 4107 381 4162 ἐκ
403 4107 588 4177 πηγῆς
617 4106 882 4175 γέννημα,
917 4105 1011 4158 καὶ
1044 4106 1106 4166 ἐκ
1131 4105 1344 4176 Πατρὸς
1367 4105 1516 4170 Υἰὸν,
1551 4105 1667 4168 πῶς
1705 4104 1772 4158 ἀν

208 4213 285 4261 τις
319 4199 664 4271 ἁρμοζόντως
708 4197 1027 4268 ὀνομάσειεν
1074 4196 1453 4267 ἢόμοούσιονς
1507 4192 1634 4267 ’Ἆρ’
1679 4192 1771 4249 οὖν

212 4288 280 4358 μὴ
305 4330 319 4353 ,
348 4291 536 4360 ἐπειδὴ
581 4290 650 4342 τὰ
695 4287 754 4353 ἐξ
799 4288 1100 4360 ἀνθρώπων
1146 4288 1461 4358 γεννήματα
1513 4286 1773 4358 ὁμοούσιά

209 4380 365 4447 ἐστιν,
395 4380 738 4437 εὐλαϐεῖσθαι
771 4381 854 4436 δεῖ
884 4381 956 4452 μὴ
982 4381 1076 4434 καὶ
1105 4383 1134 4433 6
1155 4380 1301 4443 Υἱὸς,
1324 4378 1614 4450 λεγόμενος
1634 4381 1766 4450 ὁμο-

1871 3215 2089 3255 versum
2125 3199 2248 3253 illos
2288 3206 2606 3268 argumenta
2634 3199 2862 3252 mutuati
2929 3197 3076 3264 sunt,
3123 3198 3226 3252 bac
3255 3207 3438 3253 tamen

1870 3289 2206 3356 exceptione,
2236 3285 2379 3354 quod
2412 3285 2554 3340 Deus
2582 3301 2688 3339 non
2726 3286 2796 3340 sit
2831 3294 2890 3339 ut
2913 3286 3096 3353 homo,
3125 3301 3302 3356 neque
3331 3287 3436 3340 hu-

1869 3379 2214 3451 111³111604
2244 3389 2432 3450 partus
2465 3379 2654 3434 similis
2707 3381 2779 3434 sit
2830 3379 2953 3433 Filii
2999 3381 3292 3451 generatio,
3342 3381 3438 3436 sed

1873 3471 1996 3525 talis
2021 3470 2091 3524 sit
2115 3471 2293 3538 qualis
2321 3469 2429 3524 Deo
2453 3470 2726 3536 convenit,
2761 3477 2814 3524 et
2847 3485 2877 3523 a
2899 3471 3058 3525 nobis
3085 3471 3309 3540 intelligi
3339 3472 3436 3526 de—

1870 3561 1980 3615 bet.
2009 3559 2143 3614 Nam
2181 3572 2233 3614 et
2254 3559 2466 3614 Patrem
2500 3559 2702 3614 fontem
2751 3562 3030 3630 sapientia:
3067 3563 3252 3618 dixere
3274 3573 3440 3634 atque

1871 3652 2014 3717 vitae,
2038 3649 2235 3704 Filium
2255 3665 2380 3705 vero
2411 3650 2751 3719 splendorem
2782 3660 2999 3707 aeterna:
3041 3653 3197 3721 lucis,
3224 3653 3437 3724 ipsum-

1869 3756 1976 3811 que
1997 3756 2117 3796 csse
2143 3739 2308 3795 fontis
2338 3752 2573 3810 partum,
2599 3742 2693 3811 qui
2728 3743 2836 3796 ait:
2861 3762 2880 3792 ι
2905 3742 3018 3813 Ego
3049 3759 3170 3799 sum
3200 3746 3309 3799 vita
3332 3746 3432 3811 ",i

1869 3844 1943 3900 et,
1972 3853 1990 3885 ι
2015 3833 2127 3904 Ego
2162 3833 2436 3903 Sapientia
2465 3834 2648 3888 habito
2680 3834 2733 3890 in
2760 3835 2988 3890 consilio
3025 3837 3122 3890 ⁸9.»
3155 3837 3325 3892 Porro
3354 3839 3439 3894 lu-

1871 3928 1951 3983 cis
1972 3917 2336 3996 splendorem,
2366 3925 2535 3982 fontis
2579 3937 2817 3996 partum,
2847 3926 3025 3984 Patris
3054 3928 3277 3994 Filium,
3299 3946 3438 4000 quo-

1870 4020 2035 4074 modo
2065 4027 2187 4088 apte
2235 4019 2622 4082 nominaveris,
2682 4022 2825 4085 nisi,
2879 4022 3438 4079 consubstantialem?

1870 4109 2102 4180 Ergone,
2127 4127 2250 4166 cum
2269 4111 2550 4166 hominum
2581 4113 2759 4183 proles
2802 4114 3045 4183 ejusdem
3075 4116 3148 4171 sit
3180 4117 3438 4172 substan-

1871 4204 1979 4268 tiae,
2015 4219 2207 4258 cavere
2227 4211 2458 4272 oportet,
2485 4219 2553 4258 ne
2608 4205 2655 4260 is
2696 4206 2790 4275 qui
2837 4205 3008 4261 Filius
3054 4207 3275 4275 dicitur,
3305 4223 3437 4264 con-

1871 4297 2245 4354 substantialis
2275 4307 2330 4352 et
2371 4299 2485 4369 ipse
2528 4299 2863 4366 nominetur,
2903 4309 2966 4356 ut
2997 4301 3278 4358 hominum
3306 4319 3438 4374 pro-

1872 4389 1950 4443 les
1982 4409 1997 4445 :
2033 4389 2176 4444 absit
2205 4390 2217 4442 l
2251 4405 2594 4459 nequaquam
2640 4406 2700 4446 se
2745 4392 2820 4446 ita
2855 4407 2944 4447 res
2969 4389 3153 4449 habet.
3192 4391 3294 4448 Sed
3331 4395 3436 4449 hoc

209 4469 396 4540 ούσιος,
423 4475 706 4546 νομισθείη
723 4477 818 4528 καὶ
840 4474 999 4537 αὐτὸς
1027 4473 1103 4537 ὡς
1132 4471 1471 4542 ἀνθρώπινον
1495 4472 1761 4543 γέννημα;

1871 4478 2027 4534 facile
2059 4479 2316 4545 solvitur;
2362 4479 2532 4536 Filius
2561 4484 2760 4552 quippe
2807 4479 3046 4537 Verbum
3079 4491 3134 4538 et
3163 4483 3434 4553 Sapientia

214 4565 282 4635 μὴ
306 4567 541 4633 γένοιτοε
578 4568 678 4621 οὐκ
709 4567 856 4620 ἔστιν
875 4565 1064 4631 οὕτως.
1109 4565 1268 4618 Ἀλλά
1299 4566 1394 4619 καὶ
1419 4567 1636 4635 ταχεῖαν
1658 4565 1770 4634 ἔχει

208 4651 299 4725 τὴν
322 4657 470 4714 λύσιν
493 4659 653 4713 τοῦτο
671 4676 686 4692 ο
709 4659 879 4729 Λόγος
906 4660 1015 4729 γάρ
1049 4661 1165 4712 ἐστι
1199 4659 1294 4712 καὶ
1323 4659 1496 4727 Σοφία
1533 4657 1626 4711 τοῦ
1655 4659 1770 4711 Πα-

211 4763 326 4826 ⁸ςρος
353 4752 380 4803 6
403 4752 532 4816 Υἱός
555 4769 567 4782 ·
597 4751 657 4817 ἐξ
681 4745 755 4807 ὧν
786 4752 848 4804 τὸ
885 4749 1093 4814 ἀπαθὲς
1127 4749 1222 4803 καὶ
1246 4748 1309 4802 τὸ
1333 4749 1630 4822 ἀμέριστον
1671 4749 1772 4818 τῆς

213 4839 272 4917 ἐκ
294 4840 383 4895 τοῦ
405 4843 615 4915 Πατρὸς
640 4845 945 4916 γεννήσεως
963 4841 1306 4914 γνωρίζεται.
1335 4842 1506 4911 Λόγος
1521 4841 1628 4913 γὰρ
1650 4841 1770 4895 οὐδὲ

282 4975 324 5031 ‘9
351 4977 504 5052 Joan.
537 4998 647 5049 xw,
683 4981 736 5035 6.
845 4980 892 5013 "
923 4979 1082 5036 Prov.
1115 4995 1233 5044 vm,
1269 4979 1360 5034 12.

280 5091 384 5165 (8'6)
416 5094 504 5151 Sic
528 5094 843 5149 Felckman.
871 5095 924 5161 5,
947 5111 1108 5165 quem
1140 5091 1442 5164 sequimur.
1473 5092 1531 5147 ln
1560 5095 1768 5150 caeteris

215 5165 266 5211 et
289 5163 463 5236 editis,
495 5167 597 5236 χρή
626 5163 988 5236 desideratur}

283 5230 386 5299 (84)
419 5230 662 5290 Τεῖἰρὸει
692 5238 745 5289 in
774 5233 918 5288 Felc.
948 5236 1001 5287 5.

281 5299 386 5376 (85)
417 5304 506 5358 Sic
533 5303 664 5376 Reg.
690 5314 744 5359 et
770 5304 915 5376 Felc.
943 5305 996 5358 5.
1024 5303 1089 5376 In_
1118 5302 1279 5357 editis
1313 5319 1439 5376 vero
1465 5303 1762 5376 conﬁdeest.

218 5364 895 5444 Baistimarunt‘nonnulli,
927 5389 1048 5444 quae
1076 5373 1328 5444 leguntur
1356 5373 1520 5444 infra,
1561 5373 1634 5426 T6
1668 5375 1765 5442 μὲν

217 5436 316 5515 γὰρ
340 5442 516 5515 ὅμοιον
543 5443 701 5515 μόνον
729 5436 1095 5515 λέγειν,ἐ1(ε.,
1126 5436 1249 5515 esse
1276 5436 1761 5515 Basilii‘Ancyr'ani

217 5510 399 5582 Verba;
420 5513 519 5582 sed
542 5510 605 5568 ex
635 5510 1099 5582 consequentibus
1126 5513 1293 5582 liquet
1315 5529 1434 5567 esse
1457 5510 1758 5566 Athanasii.

282 5577 384 5646 (86)
403 5581 548 5652 rFelc.
568 5585 623 5647 5,
651 5577 855 5652 ὅμοιον,
879 5583 1038 5637 male.
1059 5577 1364 5644 Mox-idem,
1386 5582 1563 5652 μόνον,
1593 5591 1758 5650 recte,

219 5654 369 5773 atque
400 5651 472 5705 ita
493 5653 624 5733 legit
650 5650 918 5734 Nannius.
949 5653 1142 5738 (Eaateri
1170 5661 1222 5704 et
1239 5650 1400 5731 Oediti,
1438 5650 1618 5736 μόνος.

304 5717 550 5773 87lEd1t.
579 5721 775 5773 Paris.
804 5724 1128 5773 6nor.ou..ov.
1153 5720 1297 5773 Edlt.
1327 5720 1543 5773 Colum.
1568 5737 1618 5773 οι.

304 5717 389 5790 87)
411 5717 775 5798 E'ditfParis”
804 5721 1128 5794 ὁμοιού;.ον.
1153 5720 1297 5780 Edit.
1327 5717 1543 5788 Colum,
1568 5719 1758 5798 ὀμοούτ

1869 4583 1952 4626 est
1980 4569 2180 4636 Patris,
2214 4571 2414 4640 quibus
2473 4571 2652 4629 Patris
2697 4575 3098 4643 generationem
3128 4574 3434 4644 impassibi-

1867 4663 1972 4717 lem
1999 4671 2052 4718 et
2089 4663 2376 4717 indivisam
2401 4677 2522 4718 esse
2550 4663 2908 4732 signiﬁcatur.
2956 4662 3093 4718 Nam
3139 4679 3209 4718 ne
3257 4665 3432 4718 homi-

1868 4769 1999 4808 num
2025 4754 2242 4824 quidem
2263 4755 2488 4808 verbum
2533 4769 2662 4823 pars
2694 4770 2880 4809 eorum
2929 4763 3032 4820 est,
3079 4771 3256 4825 neque
3309 4772 3432 4809 cum

1868 4845 2103 4916 quadam
2127 4845 2384 4916 passione
2417 4845 2486 4900 ab
2506 4845 2612 4900 illis
2639 4847 2913 4915 procedit;
2949 4845 3148 4900 nedum
3188 4845 3284 4901 Dei
3311 4845 3431 4900 Ver-

1869 5111 1999 5146 σιον.
2028 5092 2098 5146 At
2121 5091 2250 5146 edit.
2267 5089 2532 5145 Commel.
2551 5097 2607 5144 et
2621 5104 2753 5146 mss.
2773 5103 2982 5156 omnes,
3000 5087 3354 5158 ὁμοιοούσιον,
3379 5094 3430 5141 ct

1867 5164 1948 5218 sic
1977 5163 2141 5231 paulo
2171 5161 2311 5214 infra
2343 5161 2426 5231 bis
2455 5169 2624 5231 terve.

1937 5227 2051 5298 (88)
2088 5231 2310 5299 Regius,
2341 5229 2400 5282 τὸ
2428 5231 2493 5282 ὲκ
2516 5229 2617 5298 τῆς
2647 5228 2854 5292 ούσίας,
2885 5227 3044 5299 11111111Σ

1939 5295 2228 5373 (89)]ῖειξὸ.
2259 5295 2314 5363 '5,
2342 5295 2628 5373 «cauum
2679 5299 2819 5353 idem
2859 5313 2984 5352 cum
3034 5295 3192 5368 Reg.,
3226 5297 3367 5350 ἔστιν
3399 5297 3428 5350 6

1864 5369 2016 5435 Θεός.
2034 5369 2206 5433 Ἐάὶιί,
2238 5373 2383 5423 ὲστιν
2411 5373 2438 5422 6
2465 5369 2613 5430 Υἱός.

1935 5443 2049 5513 (90)
2077 5441 2256 5494 Editio
2283 5440 2733 5521 pomm‘eliniana,
2764 5438 2812 5521 εἰ
2848 5437 3264 5521 μήκωριιιὶοεῳ
3313 5437 3426 5521 eiut

1864 5507 2119 5581 sequens,
2154 5510 2298 5579 quod
2336 5510 2388 5563 in
2421 5509 2581 5564 editis
2614 5517 2738 5562 ante
2770 5509 2802 5578 ἡ
2838 5507 2997 5576 σοφία
3023 5507 3314 5576 legebatur,
3333 5507 3428 5558 dc-

1864 5582 2028 5635 letum
2064 5590 2148 5635 est
2184 5582 2239 5634 ἱι
2291 5579 2448 5650 Reg.,
2475 5591 2528 5634 et
2560 5587 2704 5650 rect_e
2737 5578 2976 5650 quidem.
3021 5577 3243 5643 Ibidem,
3296 5593 3426 5629 κατ-

1863 5653 2146 5724 εσκήνωσα
2173 5619 2544 5723 βουλήνδόίξεει
2573 5651 2628 5706 in
2658 5619 2801 5704 Fere.
2831 5649 2884 5702 5.
3229 5619 3243 5643 ’
