3824 6224
139 316 247 371 769
1605 308 1688 364 DE

1755 307 2071 365 SYNODIS.

3333 314 3436 370 770

137 436 269 500 τοὺς
301 434 636 498 ἐλάττονας
667 433 1053 506 ὲπικρύπτειψ
1086 431 1192 485 οὐδ’
1213 422 1279 486 ἀν
1320 431 1483 486 πάλιν
1514 434 1605 488 τὸν
1638 433 1753 504 χρό-

1869 429 2024 501 605
2052 428 2319 485 metienda
2353 440 2500 498 sunt,
2533 447 2602 486 ne
2630 432 2720 500 qui
2745 446 3074 501 praecessere
3100 432 3438 503 subsequen-

140 542 230 578 νον
260 525 633 595 ἀπμετρεῖν
657 566 671 591 ,
702 523 790 576 ἵνα
814 523 888 593 μὴ
913 521 1141 575 δοκῶσιν
1163 524 1212 574 οἱ
1242 521 1600 592 προλαϐόντες
1623 522 1769 590 ἀφα-

140 612 314 678 νίζειν
343 614 493 677 τοὺς
556 612 700 684 μετὰ
737 612 905 666 ταῦτα
925 613 1268 684 γενομένους.
1308 614 1370 665 Οἱ
1400 613 1598 676 πάντες
1634 612 1763 683 γὰρ,

141 705 289 760 καθὰ
328 704 711 778 προείρηται,
741 704 984 776 Πατέρες
1006 705 1111 758 είσί
1131 721 1145 735 ο
1194 706 1290 758 καὶ
1314 706 1462 775 ὅμως
1489 704 1609 759 οὐδὲ
1639 706 1687 758 οἱ
1721 710 1763 757 τ’

142 793 254 867 (99)
287 794 591 868 νεώτερόν
621 813 672 848 τι
700 796 1064 867 φρονήσαντες
1095 795 1338 868 ἔγραψαν
1359 838 1372 862 ,
1405 796 1525 849 ούδὲ
1553 798 1767 859 ἑαυτοῖς

144 889 705 961 καταθαρσήσαντες
731 931 746 955 ,
806 888 1068 960 ἀγράφων
1123 889 1463 959 προέστησαν
1524 887 1720 953 λέξεων
1746 903 1760 917 ·

143 978 279 1032 ἀλλὰ
303 980 376 1031 ὲκ
408 979 698 1051 Πατὲρων
729 976 1039 1051 ὁρμώμενοι
1064 979 1155 1031 καὶ
1182 979 1354 1042 αὐτοὶ,
1396 978 1509 1040 τοῖς
1543 976 1765 1030 ἐκείνων

144 1073 466 1143 ἐχρήσαντο
496 1072 737 1142 ῥήμασι.
765 1068 1026 1124 Διονύσιοι
1059 1069 1167 1141 γάρ
1198 1069 1292 1123 δύο
1333 1069 1617 1138 γεγόνασιν
1666 1068 1767 1140 έμ-

143 1162 390 1233 προσθεν
419 1161 577 1214 πολὺ
608 1159 718 1213 τῶν
756 1159 1125 1231 ἑϐδομήκοντα
1168 1158 1244 1229 (1)
1283 1159 1391 1211 τῶν
1427 1157 1765 1211 καθελόντων

145 1252 235 1305 τὸν
265 1247 660 1322 Σαμοσατέα·
692 1250 896 1306 τούτων
925 1253 955 1305 ὁ
983 1250 1081 1323 μὲν
1114 1250 1215 1320 τῆς
1255 1248 1469 1321 Ῥώμης
1487 1289 1502 1312 ,
1527 1251 1556 1302 ὁ
1579 1249 1638 1302 δὲ
1664 1248 1764 1318 τῆς

158 1344 602 1417 Ἀλεξανδρείας
621 1340 690 1416 ἦν
713 1344 1030 1407 ἐπίσκοπος.
1066 1343 1225 1397 Ἀλλά
1244 1359 1404 1395 τινων
1436 1339 1763 1411 αἰτιασαμέ-

148 1453 255 1489 νων
279 1435 443 1507 παρά
464 1434 556 1506 τῷ
581 1437 865 1507 ὲπισκόπῳ
887 1434 1107 1506 Ῥώμης
1131 1434 1220 1487 τὸν
1234 1434 1333 1505 τῆς
1363 1432 1764 1502 Ἀλεξανδρείας

148 1527 487 1587 ἐπίσκοπον,
521 1528 606 1590 ὡς
630 1526 857 1596 λέγοντα
883 1526 1122 1597 ποίημα,
1154 1525 1246 1579 καὶ
1272 1523 1344 1596 μὴ
1364 1524 1647 1596 ὁμοούσιον
1671 1512 1763 1577 τὸν

150 1620 277 1673 Υἱδν
310 1619 394 1691 τῷ
411 1621 635 1691 Πατρὶ,
667 1621 700 1690 ἡ
729 1620 825 1690 μὲν
859 1620 1001 1673 κατά
1051 1617 1268 1690 Ῥώμην
1306 1617 1525 1680 σύνοδος
1558 1615 1763 1686 ἠγανάκ-

151 1728 355 1781 κτησεν
378 1727 395 1740 ⁸
431 1712 463 1764 ὁ
488 1709 554 1763 δὲ
573 1710 675 1781 τῆς
701 1709 918 1782 Ῥώμης
944 1711 1242 1773 ἐπίσκοπος
1268 1707 1366 1781 τὴν
1389 1709 1603 1763 πάντων
1629 1706 1763 1777 γνώι

158 1824 262 1877 μην
289 1806 509 1878 γράφει
546 1805 687 1876 πρὸς
713 1804 804 1858 τὸν
828 1802 1115 1875 ὁμώνυμον
1146 1801 1340 1857 ἑαυτοῦ
1371 1802 1468 1873 (2).
1492 1803 1754 1865 Κάκεῖνος

153 1896 364 1963 λοιπὸν,
423 1895 913 1967 ἀπολογούμενος,
964 1895 1028 1949 τὸ
1082 1895 1181 1966 μὲν
1216 1894 1419 1965 βιϐλίον
1463 1892 1758 1965 ἐπιγράφει

170 1989 464 2060 Ἐλέγχου
492 1989 604 2043 καὶ
651 1989 1016 2058 Ἀπολογίας.
1070 1988 1278 2058 Γράφει
1306 1986 1362 2040 δὲ
1402 1985 1573 2039 ταῦτα
1621 1985 1758 2055 πρὸς

160 2085 367 2137 ἐκεῖνον
399 2103 405 2108 ‘

232 2177 319 2230 μ’
358 2176 436 2247 (ὃ)
481 2195 501 2226 ⁸
540 2174 657 2229 καὶ
685 2176 751 2229 δι’
782 2173 946 2244 ἄλλης
990 2171 1277 2244 ἐπιστολῆς
1334 2169 1568 2242 ἔγραψα,
1598 2169 1656 2222 ὲν
1679 2164 1758 2232 οἷς
1815 2153 1843 2159 ι’

162 2267 361 2339 ἤλεγξε
391 2271 495 2324 καὶ
518 2270 549 2324 ὃ
589 2264 952 2341 προφέρουσιν
980 2266 1230 2337 ἔγκλημα
1268 2265 1390 2317 κατ’
1420 2260 1574 2333 ἐμοῦ,
1624 2259 1758 2330 ψεύ-

165 2362 247 2425 δος
268 2361 351 2426 ὃν,
379 2363 461 2428 ὡς
496 2363 564 2416 ού
594 2363 841 2432 λέγοντος
871 2359 963 2414 τὸν
1026 2358 1262 2431 Χριστὸν
1291 2353 1574 2427 ὁμοούσιον
1619 2348 1758 2406 εἶναι

165 2455 239 2527 τῷ
264 2456 407 2527 Θεῷ.
446 2457 518 2510 Εἰ
542 2456 658 2527 γὰρ
684 2455 776 2508 καὶ
797 2454 856 2507 τὺ
872 2444 1041 2523 ὄνομα
1061 2450 1219 2505 τοῦτό
1258 2465 1399 2520 φημι
1425 2446 1500 2518 μὴ
1530 2443 1759 2516 εὑρηκέ-

168 2565 275 2612 ναι,
310 2550 435 2622 μηδ’
462 2548 841 2618 ἀνεγνωκέναι
869 2563 971 2599 που
994 2544 1101 2597 τῶν
1148 2542 1316 2611 ἁγίων
1344 2537 1597 2611 Γραφῶν,
1623 2535 1761 2591 ἀλλά

169 2657 228 2706 γε
253 2640 320 2694 τά
341 2639 765 2712 ἐπιχειρήματά
791 2654 891 2709 μου
913 2635 980 2689 τὰ
1002 2624 1146 2706 ἑξῆς,
1171 2633 1206 2687 ἀ
1240 2631 1632 2700 σεσιωπὴκασι,
1659 2627 1758 2697 τῆς

170 2731 402 2797 διανοίας
434 2733 653 2804 ταύτης
710 2731 809 2785 ούκ
852 2728 1064 2801 ἀπᾴδει.
1114 2726 1225 2780 Καὶ
1284 2723 1393 2794 γὰρ
1443 2721 1519 2792 (4)
1553 2719 1760 2792 ἀνθρω·
1802 2742 1811 2805 Ϊ

171 2824 327 2878 πείαν
349 2825 523 2894 γονὴν
580 2822 917 2895 παρεθέμην,
966 2812 1121 2905 δῆλον
1165 2819 1239 2882 ὡς
1288 2813 1451 2870 οὖσαν
1502 2812 1756 2905 ὁμογενῆ,
1810 2869 1822 2881 _

174 2918 346 2987 φήσας
377 2919 609 2981 πάντως
663 2917 790 2980 τοὺς
845 2902 1020 2984 γονεῖς
1052 2911 1206 2983 μόνον
1246 2910 1320 2980 (5)
1355 2907 1572 2979 ἑτέρους
1619 2901 1758 2958 εἶναι

176 3007 277 3059 τῶν
304 3008 541 3071 τέκνων,
567 3007 650 3059 ὅτι
681 3005 754 3077 μὴ
787 3005 939 3058 αὐτοὶ
966 2998 1072 3055 εἷεν
1101 3001 1170 3055 τὰ
1201 2997 1442 3068 τέκναοῆ
1475 2997 1614 3068 μήτε
1662 3012 1758 3063 γο-

1868 532 1950 577 tes
1972 531 2327 579 exauctorare
2361 533 2635 594 putentur.
2669 525 2871 581 Omnes
2917 525 3103 592 enim,
3135 525 3215 580 uti
3271 541 3436 596 supra

1867 612 2072 667 dictum
2100 621 2202 679 est,
2243 612 2431 669 Patres
2467 623 2626 677 sunt;
2655 628 2832 683 neque
2875 622 3055 667 tamen
3087 613 3317 669 trecenti
3358 613 3437 669 illi

1868 704 2105 773 aliquam
2138 720 2334 759 novam
2360 705 2629 774 scripsere
2675 705 3000 760 sententiam
3032 721 3046 770 ;
3079 686 3277 775 neque,
3327 704 3434 760 sibi

1866 797 2002 866 ipsis
2030 797 2244 861 confisi,
2290 797 2471 851 verbis
2497 812 2604 851 non
2637 806 2795 851 antea
2845 797 3063 867 scriptis
3106 797 3434 867 patrocinati

1867 900 2029 954 sunt;
2063 890 2157 944 sed
2185 888 2433 958 exemplo
2478 887 2701 943 Patrum
2747 889 2975 953 incitati,
3019 896 3211 943 eorum
3265 888 3434 943 verba

1865 989 2221 1051 usurparunt.
2255 980 2354 1037 Diu
2389 997 2624 1052 namque
2645 990 2769 1036 ante
2807 980 2929 1036 illos
2960 981 3305 1050 septuaginta
3334 980 3432 1050 qui

1868 1069 2310 1128 Samosatensem
2341 1072 2731 1142 deposuerunt,
2756 1070 2864 1124 duo
2878 1069 3121 1141 Dionysii
3152 1071 3432 1139 exstitere,

1865 1175 2097 1230 quorum
2123 1161 2258 1215 alter
2283 1159 2471 1216 Romae
2493 1202 2508 1227 ,
2562 1161 2697 1216 alter
2746 1146 3088 1216 Alexandriae
3140 1163 3432 1231 episcopus

1863 1262 2003 1308 erat.
2026 1252 2160 1309 Cum
2200 1262 2380 1309 autem
2408 1253 2628 1323 quidam
2661 1252 2728 1307 ad
2757 1252 3064 1327 Romanum
3092 1259 3427 1324 episcopum,
3470 1311 3478 1321 _

1862 1346 2288 1400 Alexandrinum
2323 1345 2663 1408 detulissent,
2688 1346 2831 1415 quod
2855 1344 3054 1400 Filium
3092 1361 3207 1402 rem
3231 1344 3430 1401 factam

1862 1446 1918 1491 et
1947 1434 2097 1490 Patri
2124 1452 2232 1490 non
2268 1428 2787 1491 consubstantialem
2813 1435 3106 1491 allirmaret
3132 1478 3147 1501 ,
3190 1437 3433 1508 synodus

1863 1527 2052 1583 Roma:
2078 1537 2268 1584 coacta
2302 1544 2416 1582 rem
2446 1529 2666 1599 indigne
2700 1528 2863 1593 tulit;
2913 1530 3195 1585 Romanus
3247 1541 3430 1586 autem

1862 1621 2149 1690 cpiscopus
2173 1621 2417 1675 omnium
2442 1621 2766 1675 sententiam
2786 1623 3065 1690 rescripsit
3086 1623 3152 1676 ad
3174 1623 3428 1690 gentilem

1864 1730 2045 1769 suum.
2075 1715 2147 1769 At
2172 1714 2261 1769 ille
2305 1714 2389 1769 sui
2419 1714 2684 1784 purgandi
2723 1726 2889 1769 causa
2933 1708 3133 1768 librum
3178 1716 3286 1770 edit
3327 1716 3432 1771 hoc

1861 1807 2035 1871 titulo,
2057 1804 2319 1860 Elenchus
2342 1814 2392 1859 et
2416 1794 2699 1876 Apologia,
2726 1817 2781 1862 et
2807 1806 2892 1861 bis
2922 1807 3103 1861 Verbis
3128 1806 3194 1861 ad
3222 1804 3429 1861 Roma-

1859 1913 1988 1951 num
2006 1896 2226 1967 scripsit
2257 1896 2574 1966 episcopum
2603 1913 2618 1951 :

1926 2177 2015 2232 44.
2037 2195 2057 2229 ι
2080 2177 2137 2231 1η
2161 2175 2264 2231 alia
2289 2176 2416 2230 item
2448 2176 2673 2247 epistola
2699 2190 2760 2230 ea
2787 2174 3001 2245 seripsi,
3026 2174 3222 2245 quibus
3241 2175 3429 2231 crimi-

1857 2270 2130 2325 nationem
2176 2269 2612 2324 adversariorum
2652 2268 2848 2337 repu’li,
2884 2268 3311 2341 mendacemqpe
3338 2284 3429 2325 os-

1857 2363 2001 2418 tendi
2024 2378 2130 2432 qua
2154 2362 2368 2415 aiebant
2391 2376 2477 2415 me
2499 2359 2772 2415 Christum
2794 2375 2991 2430 negare
3016 2375 3137 2416 esse
3162 2360 3266 2415 Deo
3291 2375 3427 2416 con-

1858 2453 2284 2509 substantialem.
2318 2448 2556 2507 Tametsi
2591 2452 2736 2507 enim
2788 2449 2959 2507 fateor
2995 2467 3082 2507 me
3123 2453 3229 2508 hoc
3266 2467 3428 2508 voca-

1857 2544 2045 2600 bulum
2089 2557 2358 2613 nusquam
2400 2542 2801 2614 Scripturarum
2847 2560 3125 2600 sacrarum
3163 2544 3249 2600 vel
3277 2545 3430 2601 inve—

1858 2637 2007 2691 nisse
2038 2636 2122 2690 vel
2148 2637 2364 2706 legisse,
2405 2645 2640 2691 attamen
2670 2645 2983 2705 argumenta
3010 2651 3127 2690 mea
3156 2652 3276 2706 qua:
3299 2637 3430 2692 sub-

1861 2736 2180 2802 sequuntur,
2205 2742 2432 2801 quaeque
2477 2730 2566 2784 isti
2603 2737 2906 2795 tacuerunt,
2935 2728 3002 2783 ab
3028 2730 3130 2782 hac
3161 2728 3426 2784 sententia

1859 2838 1969 2876 non
2000 2823 2330 2891 discrepant.
2355 2820 2567 2890 Etenim
2601 2820 2893 2875 humanam
2921 2818 3125 2888 prolem
3159 2819 3213 2872 in
3239 2834 3425 2874 exem-

1858 2915 2007 2985 plum
2035 2913 2229 2980 attuli,’
2253 2928 2419 2983 quam
2445 2920 2589 2981 patet
2633 2912 2874 2982 ejusdem
2924 2925 3045 2966 esse
3107 2911 3322 2982 generis
3363 2924 3428 2966 ac

1860 3008 2179 3080 genitorem.
2237 3005 2465 3076 Dixique
2504 3021 2687 3059 revera
2729 3005 2781 3057 in
2814 3005 2917 3059 hoc
2970 3003 3143 3058 solum
3175 3012 3427 3073 parentes

175 3102 281 3163 νεῖς
304 3102 614 3169 ἀναγκαῖον
636 3097 902 3170 ὑπάρχειν
928 3091 1088 3157 εἶναι,
1124 3094 1262 3165 μήτε
1290 3090 1473 3145 τέκνα.
1518 3089 1630 3143 Καὶ
1659 3088 1753 3158 τὴν

1869 3093 2076 3156 dill'erre
2100 3116 2129 3153 a
2152 3098 2297 3163 ﬁliis,
2327 3098 2471 3168 quod
2507 3098 2610 3167 ipsi
2642 3113 2751 3153 non
2790 3098 2899 3152 sint
2924 3098 3018 3152 ﬁlii
3047 3116 3059 3151 :
3087 3097 3292 3167 alioqui
3328 3111 3426 3150 ne-

183 3191 275 3259 μὲν
305 3192 622 3263 επιστολὴν,
674 3190 750 3253 ὡς
798 3188 1073 3263 προεῖπον,
1122 3183 1210 3238 διὰ
1261 3182 1360 3245 τὰς
1411 3180 1757 3251 περιστάσεις

176 3280 274 3335 οὐκ
298 3282 406 3352 ἔχω
437 3262 799 3354 προκομίσαι·
821 3280 870 3332 εἰ
910 3276 955 3331 δ’
983 3262 1096 3340 ούν,
1131 3274 1271 3328 αὐτά
1321 3272 1395 3342 (6)
1430 3289 1512 3325 σοι
1537 3271 1606 3323 τά
1637 3270 1757 3323 τότε

184 3373 417 3445 ῥήματα.
449 3374 654 3447 μᾶλλον
685 3374 741 3427 δὲ
767 3371 864 3426 καὶ
894 3370 1074 3441 πάσης
1097 3366 1384 3437 ἀνέπεμψα
1415 3366 1478 3418 τὸ
1502 3362 1757 3434 ἀντίγρα-

184 3480 292 3531 φον·
327 3466 466 3538 ὅπερ
528 3464 627 3520 ὲάν
659 3463 968 3534 εύπορήσω,
1008 3460 1236 3530 ποιήσω.
1277 3453 1405 3511 Οἶδα
1450 3455 1507 3509 δὲ
1536 3456 1632 3508 καὶ
1665 3452 1758 3524 μέ-

189 3560 391 3625 μνημαι
424 3556 652 3610 πλείονα
700 3551 957 3625 προσθεὶς
1004 3550 1111 3604 τῶν
1161 3548 1434 3618 συγγενῶν
1477 3545 1757 3617 ὁμοιώμα-

186 3654 250 3694 τα
272 3642 369 3713 (7).
397 3645 512 3699 Καὶ
544 3630 655 3714 γάρ
692 3641 786 3697 καὶ
834 3639 997 3710 φυτὸν
1031 3640 1202 3704 εἷπον,
1237 3639 1344 3693 ἀπὸ
1379 3638 1688 3709 σπέρματος
1719 3636 1753 3709 ἢ

190 3730 290 3784 ἀπὸ
321 3735 475 3806 ῥίζης
497 3726 742 3799 ἀνελθὸν,
764 3734 949 3801 ἕτερον
982 3726 1118 3785 εἶναι
1150 3716 1243 3784 τού
1281 3730 1401 3785 ὅθεν
1433 3730 1755 3800 ἐϐλάστησε,

189 3825 275 3876 καὶ
305 3826 524 3893 πάντως
560 3827 751 3898 ἐκείνῳ
772 3826 1104 3897 καθέστηκεν
1154 3824 1423 3896 ὁμοφυές’
1457 3824 1550 3878 καὶ
1593 3841 1758 3877 ποτα-

196 3914 287 3985 μδν
306 3918 412 3974 ἀπὸ
440 3920 627 3993 πηγῆς
656 3920 866 3992 ῥέοντα,
891 3918 1074 3991 ἕτερον
1106 3913 1201 3971 καὶ
1248 3916 1428 3988 σχῆμα
1465 3917 1558 3990 καὶ
1588 3916 1756 3985 ὄνομα

197 4009 595 4083 μετειληφέναι·
629 4012 765 4082 μήτε
786 4010 895 4082 γὰρ
922 4009 1018 4080 τὴν
1073 4009 1253 4081 πηγὴν
1304 4008 1567 4078 ποταμὸν,
1620 4009 1756 4077 μήτε

195 4097 278 4151 τὸν
308 4106 550 4176 ποταμὸν
590 4102 770 4175 πηγὴν
804 4100 1075 4172 λέγεσθαι,
1132 4101 1227 4155 καὶ
1267 4101 1551 4173 ἀμφότερα
1582 4101 1758 4173 ὑπάρ-

197 4202 322 4258 χειν’
348 4195 443 4249 καὶ
468 4197 572 4268 τὴν
605 4196 703 4268 μὲν
725 4195 905 4267 πηγὴν
927 4192 1088 4247 οἱονεὶ
1117 4193 1338 4277 Πατέρα
1387 4188 1546 4258 εῖναι,
1581 4193 1669 4245 τὸν
1696 4191 1755 4245 δὲ

270 4520 376 4590 (99)
407 4523 499 4580 Sic
537 4522 739 4589 Regius
764 4531 816 4576 et
844 4520 1179 4576 Basiliensis.
1215 4519 1360 4590 Felc.
1385 4535 1515 4574 vero
1535 4520 1570 4574 5
1602 4521 1752 4585 item,

205 4590 248 4640 οἱ
277 4595 591 4661 τριακόσιοι.
627 4591 770 4648 Editi
802 4591 1079 4658 mendose,
1112 4591 1162 4644 οἱ
1184 4589 1262 4644 τό.
1287 4589 1411 4645 Mox
1438 4590 1672 4645 Felckm.
1699 4591 1754 4657 5,

207 4655 580 4728 θαρρήσαντες.

238 4675 580 4718 σιροησαντες.

276 4663 580 4781 ρρήσαντες.

276 4726 294 4797 (
332 4732 345 4793 )
373 4732 822 4802 Ἑϐδομήκοντα.
839 4728 1074 4802 Hilarius
1100 4729 1370 4802 octoginta
1396 4735 1756 4802 memorat,_et

208 4788 443 4871 fortassis
475 4788 682 4871 absque
729 4802 839 4855 ulla
886 4788 1285 4871 dissensione”;
1328 4812 1564 4871 numero
1609 4800 1753 4871 enim

211 4865 378 4932 Plena,
426 4865 799 4943 septuaginta,
842 4880 896 4926 et
921 4871 1197 4943 octoginta
1236 4868 1343 4924 dici
1376 4877 1628 4943 possunt,
1654 4868 1756 4943 qui

214 4937 667 5008 septuagenariufn
702 4941 909 5008 aliquot
952 4937 1196 4994 numeris
1225 4938 1513 4994 excedunt.
1557 4939 1624 4992 At
1654 4937 1759 4992 Ba-

214 4958 387 5002 sc-pwa
424 4958 667 4996 enartum
702 4958 909 5008 auquor
952 4958 1196 4994 numeris
1225 4958 1513 4994 excedunt.
1557 4958 1624 4992 ru
1655 4958 1755 4992 Da-

212 5004 357 5077 silius
388 4958 680 5072 giacomts,
718 5012 914 5077 aliique
945 5008 1218 5074 monachi,
1268 5008 1320 5061 in
1363 5008 1542 5063 libello
1592 5023 1755 5077 quem

214 5072 275 5125 ad
302 5082 556 5147 synodum
598 5072 923 5148 Ephesin'am
961 5072 1212 5148 obtulere
1227 5087 1459 5148 centum
1485 5072 1755 5148 octoginta

216 5144 485 5219 numerant
516 5144 663 5205 tumo
691 5146 753 5201 Ill
783 5149 1011 5219 Consi!"
1038 5144 1319 5219 pagquS;
1352 5144 1755 5219 sedAAthailasii

215 5219 265 5264 et
308 5212 487 5274 Hilarii
545 5220 856 5274 testimonio
906 5212 1051 5272 haud
1095 5212 1257 5271 dubie
1303 5217 1579 5272 standum.
1619 5215 1757 5270 Nam

218 5285 348 5361 quod
387 5290 626 5343 nonnulli
660 5302 827 5361 prope
869 5286 1314 5361 innumerabiles,
1345 5295 1599 5361 aut‘pene
1626 5286 1754 5339 inll-

217 5356 347 5428 {litos
401 5372 462 5412 eu
509 5356 831 5414 convenis—se
885 5359 954 5412 ah
1006 5356 1509 5428 Eusebio__narrari
1561 5364 1756 5424 putant

217 5414 302 5473 lib.
327 5439 420 5498 vn,
449 5444 567 5498 cap.
610 5428 699 5493 29,
732 5428 938 5497 decepti
970 5426 1223 5498 videntur
1252 5414 1753 5498 Valesiiver'sione,

220 5499 314 5550 (1113
356 5494 809 5559 ἱΙΙιιιΙ,’πλείστων
847 5494 987 5551 ὅσων
1029 5496 1360 5559 ἐπισκόπων,
1394 5497 1755 5564 episcoporum

221 5564 415 5636 Qumero
443 5583 596 5636 prope
625 5568 1112 5631 innumerabilium;
1149 5567 1393 5629 vertitur,
1424 5565 1516 5620 ubi
1541 5573 1757 5622 verten-

224 5621 348 5707 dum
366 5621 1044 5707 graugdnamplurimorum
1078 5621 1477 5707 episcoporum.

284 5698 353 5768 (ἓ)
378 5702 674 5761 Felcltman.
690 5698 756 5774 '5,
784 5706 979 5777 ἑαυτῷ.

1784 4448 1832 4505 D

1860 3210 2015 3249 cesse
2066 3192 2182 3247 fore
2210 3207 2385 3261 neque
2428 3198 2678 3260 parentes
2735 3190 3016 3252 exsistere,
3059 3203 3235 3259 neque
3264 3188 3425 3243 ﬁlios.

1859 3285 2158 3357 Epistulam
2193 3292 2394 3348 autem,
2421 3289 2479 3337 ut
2510 3290 2632 3337 ante
2653 3282 2785 3344 dixi,
2809 3280 2879 3335 ob
2901 3288 3217 3350 praesentem
3244 3294 3425 3334 rerum

1860 3376 2225 3434 conditionem
2278 3385 2441 3445 penes
2487 3389 2574 3428 me
2604 3389 2711 3427 non
2760 3373 2953 3427 habeo.
3009 3369 3262 3441 Alioquin
3306 3370 3425 3440 ipsa

1860 3472 1958 3527 tibi
1987 3486 2109 3541 qua:
2158 3472 2287 3522 tunc
2336 3467 2527 3536 scripsi
2578 3465 2765 3531 verba,
2817 3465 2928 3519 imo
2974 3464 3138 3519 totius
3182 3465 3427 3534 epistola:

1861 3562 2133 3630 exemplar
2167 3560 2459 3617 misissem,
2490 3556 2808 3626 mittamque
2836 3556 2882 3612 si
2908 3557 3126 3626 quando
3149 3557 3283 3611 mihi
3305 3557 3427 3627 ejus

1861 3654 2017 3722 copia
2048 3651 2228 3706 fuerit.
2261 3650 2385 3705 Scio
2405 3658 2579 3702 autem
2608 3658 2769 3719 atque
2794 3648 3015 3702 memini
3045 3665 3129 3703 me
3158 3649 3427 3718 plurimas

1859 3760 1927 3801 ex
1957 3746 2116 3800 rebus
2139 3745 2275 3797 inter
2296 3758 2353 3797 se
2374 3743 2620 3812 cognatis
2640 3741 3020 3796 similitudines
3048 3742 3420 3811 conglobasse.

1860 3836 2068 3890 Etenim
2100 3836 2360 3905 plantam,
2391 3834 2504 3887 sive
2519 3848 2582 3886 ex
2605 3833 2833 3899 semine,
2857 3831 2968 3887 sive
2996 3848 3062 3887 ex
3087 3833 3270 3888 radice
3298 3851 3423 3890 suc-

1861 3935 2213 3985 crescentem,
2262 3926 2422 3979 aliam
2457 3939 2578 3978 esse
2605 3923 2719 3977 dixi
2750 3923 2906 3992 abeo
2945 3923 3089 3978 unde
3115 3924 3423 3993 pullulavit,

1860 4018 2077 4074 tametsi
2108 4017 2349 4087 ejusdem
2381 4029 2607 4085 prorsus
2642 4023 2724 4069 est
2750 4022 2999 4068 naturae:
3034 4013 3367 4085 ﬂuviumque
3389 4032 3422 4070 a

1860 4110 2008 4166 fonte
2038 4102 2315 4171 ﬂuentem,
2347 4108 2507 4161 aliam
2543 4105 2771 4159 formam
2805 4112 2859 4160 et
2893 4120 3091 4160 nomen
3127 4106 3372 4176 accipere
3404 4126 3419 4161 :

1861 4194 2035 4275 neque
2058 4203 2203 4258 enim
2227 4209 2321 4255 aut
2350 4199 2549 4254 fontem
2577 4197 2822 4266 fluvium,
2851 4207 2946 4254 aut
2974 4199 3195 4253 ﬂuvium
3218 4198 3422 4255 fontem

1937 4524 2012 4594 (5)
2054 4521 2112 4576 In
2158 4523 2289 4594 edit.
2339 4522 2510 4594 Paris.
2564 4524 2679 4577 sola
2730 4521 3186 4594 praemissushic
3233 4520 3422 4594 titulus

1861 4590 2105 4663 θηιεΉ
2137 4592 2273 4662 πρὸς
2301 4593 2570 4646 Διονύσιον
2598 4594 2693 4663 τῆς
2713 4591 2943 4663 κῬὡμης
2981 4590 3273 4663 ἐπίσκοπον
3304 4592 3424 4663 ἐπι-

1864 4661 2022 4732 στολὴ
2070 4659 2342 4732 Διονυσίου
2388 4659 2789 4731 Ἀλεξανδρείας
2828 4659 3147 4732 ἐπισκόπου.
3188 4660 3250 4732 _ln
3290 4661 3417 4732 edit.

1862 4749 1989 4787 vero
2012 4728 2230 4786 Comm.
2254 4730 2443 4785 Latine
2464 4734 2543 4785 sic
2574 4728 2761 4785 titulus
2786 4732 2993 4798 positus
3019 4728 3151 4782 fuit:
3180 4729 3423 4798 Dionysii

1862 4802 2202 4884 Alexandria;
2249 4803 2476 4885 episcopi
2512 4805 2579 4853 ad
2616 4776 2937 4885 “Biantisium
2986 4800 3284 4885 pontiﬁcem
3316 4776 3422 4854 llo-

1863 4889 2075 4926 manum
2116 4868 2340 4939 epistola
2364 4911 2377 4931 ,
2424 4868 2583 4939 quem
2616 4869 2950 4925 Parisienses
2984 4868 3167 4922 Graece
3199 4885 3420 4937 exprrs-
3452 4868 3466 4931 ί

1864 4949 2071 4997 serunt.
2123 4941 2233 4995 lloc
2267 4950 2446 4994 autem
2496 4942 2736 5009 cpistola:
2782 4939 3021 5009 Dionyii
3072 4938 3420 5009 Alexandrini

1862 5010 2223 5079 fragmentum
2260 5012 2451 5079 legitur
2482 5007 2606 5063 item
2646 5025 2807 5079 supra
2843 5010 2895 5061 in
2926 5007 3185 5079 Epistula
3212 5007 3283 5061 De
3322 5007 3422 5079 Ni-

1863 5076 2294 5145 cwnis’decretis,
2313 5076 2375 5134 ct
2406 5081 2459 5132 in
2494 5076 2727 5148 epistola,
2754 5078 2830 5133 De
2857 5079 3117 5148 sententia
3152 5076 3419 5148 Dionysii,

1862 5167 1983 5220 pag.
2019 5150 2143 5211 201,
2188 5166 2310 5204 cum
2362 5150 2483 5203 aliis
2529 5146 2739 5220 imultis.
2772 5147 3025 5220 lnABregio
3058 5146 3422 5220 wpocpépourrw

1863 5216 2063 5291 legitur
2086 5222 2183 5291 hic
2196 5231 2249 5273 et
2275 5236 2435 5291 supra
2470 5234 2591 5289 pag.
2617 5218 2742 5272 20L
2770 5216 3381 5291 Εόίῑί,προσφέρουσιν.

1933 5284 2357 5412 ξιιζόῗέοκῐέξεεὶυέ
2387 5284 2567 5344 Ιιίόοῐ
2597 5304 2760 5358 supra
2788 5303 2911 5344 cum
2944 5284 3064 5340 aliis
3095 5284 3229 5341 mss.
3257 5284 3419 5351 Editi,

1863 5378 1955 5414 και
1990 5378 2099 5414 γαο
2129 5378 2243 5412 και.
2774 5396 2777 5397 ν

1933 5376 2740 5501 ἕὸἶέςεκῗίζᾳίιιε,ᾲΒοείΙίοηεὶλδ
2772 5396 2826 5482 et
2859 5426 3038 5501 Felck.
3069 5426 3121 5501 ξ.
3145 5423 3211 5501 _ln
3241 5424 3420 5501 editis,

1861 5494 2151 5567 ἀναγκαῖον
2192 5494 2370 5569 μόνον.
2407 5499 2626 5569 Ibidem,
2656 5498 2847 5569 μόνους
2877 5497 3038 5569 lta_bet
3068 5494 3214 5569 εις.
3247 5495 3296 5548 5.

2036 5560 2255 5656 Ξθξοᾞξ,
2278 5570 2378 5656 ούκ
2409 5567 2516 5656 ἔχω
2539 5560 2911 5640 προκομίζειν.
2934 5560 3012 5638 ’ᾞ
3040 5566 3146 5639 γὰρ
3169 5563 3236 5620 ἂν
3262 5564 3418 5619 αὐτά.

1932 5638 2009 5711 (Ἰ)
2036 5638 2180 5695 Fclc.
2212 5640 2264 5702 ’5,
2294 5638 2617 5711 ὁμοιώματι.
