3824 6224
402 341 496 396 771

967 336 1025 392 s.
1067 320 1441 391 ATHANASII
1478 334 1630 392 opp.
1671 332 1856 389 mas
1893 332 1935 388 ι.
1977 364 2047 375 -
2084 332 2463 392 ms'romca
2502 330 2592 388 ΕΤ
2630 308 3055 391 uocantem

3541 340 3655 394 772

398 457 531 525 dici,
570 456 664 513 sed
709 460 1003 525 utrumque
1045 455 1351 511 exsistere:
1385 470 1449 510 ac
1491 455 1694 510 fontem
1742 455 1962 525 quidem

2085 454 2311 525 τοταμὸν
2360 449 2497 508 εἶναι
2528 454 2591 507 τὸ
2620 457 2685 508 ἐκ
2728 455 2830 527 τῆς
2871 454 3055 527 πηγῆς
3105 454 3447 529 γεννώμενον
3485 455 3582 528 (8).
3625 475 3648 507 ι

400 548 560 619 quasi
600 548 804 617 patrem
845 561 986 612 esse,
1025 544 1251 600 ﬂuvium
1295 561 1448 613 vero,
1482 561 1682 617 aquam
1709 562 1774 602 ex
1815 548 1966 603 fonte

399 642 731 694 manentem.
758 658 777 690 ι
810 637 1083 693 Hactenus
1110 639 1399 708 episcopus
1427 640 1536 695 ille.

474 729 565 784 65.
601 727 657 783 Si
685 728 810 799 quis
837 729 1003 799 igitur
1023 744 1118 784 eos
1145 730 1239 799 qui
1267 729 1459 786 Nicaeae
1487 731 1966 787 conveneruntar-

399 820 532 890 guit,
561 819 705 891 quod
738 824 933 891 praeter
961 821 1233 889 majorum
1267 822 1482 878 decreta
1509 826 1756 895 quaedam
1781 831 1967 895 protu-

399 908 583 974 lerint,
626 909 673 965 is
708 909 831 981 jure
876 910 1216 981 septuaginta
1253 913 1539 982 episcopos
1586 914 1964 983 reprehendat,

399 999 547 1070 quod
575 1000 843 1071 majorum
868 1016 1096 1056 suorum
1118 1002 1335 1057 decreta
1363 1018 1472 1058 non
1499 1004 1791 1059 servarint.
1809 1003 1966 1060 Prius

400 1090 600 1160 quippe
629 1099 784 1145 erant
811 1091 974 1145 ambo
1001 1089 1267 1162 Dionysii,
1298 1102 1461 1163 atque
1492 1094 1529 1147 ii
1560 1094 1653 1164 qui
1677 1102 1807 1150 tunc
1829 1104 1968 1150 tem-

398 1181 551 1250 poris
583 1179 770 1237 Romae
800 1193 1166 1237 convenerant
1203 1184 1466 1254 episcopi.
1493 1184 1599 1240 Sed
1632 1197 1855 1243 neutros
1884 1185 1968 1243 fas

399 1280 486 1325 est
529 1271 789 1341 culpare:
821 1287 1010 1327 omnes
1057 1274 1258 1342 quippe
1308 1289 1396 1330 res
1441 1276 1642 1331 Christi
1681 1277 1967 1345 curabant,

336 1413 341 1418 .
400 1371 593 1416 omnes
626 1362 797 1417 studia
820 1378 918 1418 sua
940 1366 1329 1420 convertebant
1369 1367 1632 1424 adversus
1662 1369 1967 1437 haereticos,

402 1461 457 1505 et
484 1452 576 1506 alii
607 1450 1066 1521 Samosatensem,
1094 1456 1187 1509 alii
1220 1458 1480 1512 Arianam
1509 1463 1837 1515 damnarunt
1862 1461 1972 1515 hae-

402 1544 570 1597 resin;
600 1542 766 1597 Recte
796 1554 975 1599 autem
1007 1560 1071 1600 ac
1109 1546 1279 1615 probe
1312 1548 1531 1617 utrique
1563 1550 1851 1618 scripsere,
1885 1558 1971 1604 at-

402 1650 510 1704 que
550 1645 913 1705 congruenter
940 1638 1007 1690 ad
1043 1638 1381 1706 pr0positum
1416 1650 1815 1706 argumentum.
1878 1641 1974 1697 Et-

402 1728 548 1780 enim
567 1728 1025 1796 quemadmodum
1059 1729 1252 1783 beatus
1268 1730 1564 1799 Apostolus
1593 1733 1660 1787 ad
1696 1733 1972 1790 Romanos

2067 544 2301 617 Εἷρηκεν
2323 545 2396 617 (9)
2420 547 2450 598 6
2483 547 2797 609 ἐπίσκοπος.

2138 724 2225 779 45.
2256 723 2429 795 Εἴπερ
2451 718 2544 778 οῦν
2571 724 2841 796 μέμφεταί
2876 741 2961 787 τις
2986 726 3100 788 τοῖς
3143 725 3201 776 ὲν
3231 722 3439 795 Νικαία
3465 724 3657 777 συνελ-

2071 816 2275 881 θοῦσιν,
2302 816 2378 880 ὼς
2404 819 2648 887 είρηκόσι
2677 814 2827 886 παρὰ
2872 816 2941 869 τὰ
2970 815 3197 879 δόξαντα
3237 815 3349 885 (10)
3391 818 3506 879 τοῖς
3540 816 3658 887 πρὸ

2072 907 2272 970 αὐτῶν,
2300 907 2329 958 6
2357 908 2518 971 αὐτὸς
2546 908 2808 979 μέμψαιτ’
2848 906 2916 960 ἂν
2944 896 3171 969 εἰκότως
3207 906 3309 972 καὶ⁸
3344 907 3458 969 τοῖς
3498 906 3656 959 ἑϐδο-

2076 1000 2341 1070 μήκοντα,
2370 999 2451 1052 δτι
2488 1001 2562 1071 μὴ
2583 998 2652 1053 τά
2688 997 2795 1051 τῶν
2835 998 2939 1071 πρὸ
2979 998 3159 1051 αὐτῶν
3217 997 3512 1066 ἐφύλαξαν·
3543 998 3658 1072 πρὸ

2072 1091 2253 1145 αὐτῶν
2282 1091 2341 1144 δὲ
2368 1088 2509 1163 ἦσαν
2536 1092 2586 1145 οἱ
2614 1091 2900 1156 Διονύσιοι,
2950 1092 3043 1144 καὶ
3073 1092 3122 1144 οἱ
3162 1091 3221 1158 ἐν
3255 1089 3445 1162 Ῥώμῃ
3470 1090 3530 1156 τὸ
3553 1107 3659 1161 τη-

2072 1183 2300 1238 νικαῦτα
2326 1184 2668 1248 συνελθόντες
2725 1184 3033 1238 ἐπίσκοποι.
3080 1182 3217 1234 Ἀλλ’
3250 1181 3375 1235 οὕτε
3405 1181 3656 1245 τούτους,

2073 1274 2197 1329 οὒτε
2225 1275 2466 1338 ἐκείνους
2508 1276 2653 1328 ὅσιον
2693 1274 3056 1329 αἰτιάσασθαι·
3085 1275 3283 1337 πάντες
3329 1273 3439 1344 γὰρ
3487 1273 3658 1342 ἐπρέ-

2077 1365 2267 1418 σϐευον
2303 1364 2372 1418 τά
2404 1362 2663 1435 Χριστοῦ,
2694 1365 2787 1417 καὶ
2842 1364 3042 1427 πάντες
3095 1362 3328 1436 σπουδὴν
3385 1362 3656 1431 ἐσχήκασι

2035 1471 2047 1483 ·
2074 1455 2217 1508 κατὰ
2253 1453 2362 1508 τῶν
2383 1455 2696 1526 αἱρετικῶν,
2736 1454 2831 1508 καὶ
2857 1455 2908 1507 οἱ
2937 1455 3035 1525 μὲν
3083 1453 3175 1507 τὸν
3220 1453 3563 1523 Σαμοσατέα,
3602 1452 3658 1504 οἱ

2076 1544 2133 1598 δὲ
2163 1545 2263 1616 τὴν
2309 1545 2590 1616 Ἀρειανὴν
2622 1545 2831 1615 αἰρεσιν
2851 1543 3199 1614 κατέκριναν.
3244 1541 3450 1613 Ὀρθῶς
3476 1541 3533 1594 δὲ
3557 1542 3659 1594 καὶ

2077 1628 2220 1689 οὗτοι
2272 1638 2535 1699 κάκεῖνοι,
2584 1636 2679 1689 καὶ
2726 1634 2907 1699 καλῶς
2950 1635 3088 1707 πρὸς
3139 1633 3236 1705 τὴν
3286 1632 3661 1703 ὑποκειμένην

2080 1727 2335 1781 ὑπόθεσιν
2360 1727 2689 1798 γεγράφασι.
2720 1726 2832 1780 Καὶ
2882 1725 3072 1798 ὥσπερ
3099 1727 3128 1779 6
3176 1725 3446 1796 μακάριος
3490 1722 3661 1777 Ἀπό-

403 1817 488 1873 his
517 1818 696 1874 verbis
729 1819 977 1889 scripsit:
1011 1838 1029 1870 ι
1060 1818 1167 1874 Lex
1202 1822 1501 1890 spiritualis
1532 1824 1698 1889 est“;
1722 1844 1740 1875 ι
1762 1823 1977 1880 etcLex

2085 1817 2284 1884 στολος,
2336 1817 2623 1888 Ῥωμαίοις
2655 1817 2751 1888 μὲν
2778 1816 3105 1871 ἐπιστέλλων
3125 1854 3140 1880 ,
3174 1815 3381 1884 ἔλεγεν·
3415 1832 3437 1867 ι
3476 1814 3538 1867 '0
3570 1814 3661 1867 νό-

403 1915 591 1963 saneta
607 1917 661 1963 et
675 1909 986 1964 mandatum
1003 1921 1275 1978 sanctum,
1289 1921 1343 1966 et
1358 1913 1567 1981 justum
1584 1922 1637 1968 et
1654 1914 1858 1969 bonum
1872 1917 1937 1981 5’;
1953 1935 1973 1967 ι

403 2008 459 2054 et
490 2001 654 2070 paulo
691 2009 833 2071 post,
872 2021 892 2053 ‹
923 2000 1057 2055 Nam
1093 2004 1239 2072 quod
1276 2004 1610 2072 impossibile
1643 2016 1759 2061 erat
1786 2007 1889 2077 legi
1923 2008 1979 2060 in

403 2106 513 2161 quo
542 2091 919 2147 inlirmabatur
944 2094 1020 2160 Ι⁵³;
1044 2113 1063 2146 ι
1096 2096 1164 2149 ad
1204 2095 1456 2151 Hebraeos
1486 2105 1687 2164 autem,
1712 2115 1731 2148 ι
1759 2096 1978 2151 Nullum

404 2182 631 2252 perfecit
656 2183 928 2254 6061a
945 2184 1026 2251 In';
1054 2204 1073 2236 ι
1119 2186 1185 2239 ad
1234 2185 1476 2252 Galatas,
1539 2204 1559 2238 ι
1588 2185 1645 2240 ln
1675 2187 1792 2256 lege
1818 2202 1978 2242 nemo

404 2273 799 2343 justiﬁeabitur
823 2274 904 2340 ⁸⁸;
948 2292 967 2325 ι
1016 2276 1084 2329 ad
1130 2274 1476 2330 Timotheum
1518 2287 1728 2342 autem,
1781 2296 1799 2328 ι
1829 2277 1979 2332 Bona

406 2371 491 2417 est
518 2363 626 2427 lex,
657 2364 702 2417 si
731 2364 856 2432 quis
877 2379 941 2418 ea
965 2364 1202 2434 legitime
1231 2373 1415 2419 utatur
1435 2366 1516 2432 ’σς
1541 2385 1561 2418 ι
1600 2382 1773 2436 neque
1797 2375 1981 2423 tamen

406 2453 532 2522 quis
569 2464 817 2510 sanctum
863 2448 1041 2510 virum
1086 2457 1410 2512 criminatus
1442 2458 1607 2512 fuerit
1651 2459 1808 2528 quasi
1848 2472 1981 2514 con-

408 2540 575 2595 traria
616 2550 669 2595 et
703 2542 1002 2613 pugnantia
1047 2544 1280 2611 scribat;
1323 2546 1416 2599 sed
1461 2547 1642 2614 potius
1679 2547 1979 2602 admiratus

409 2630 590 2693 fuerit,
621 2630 785 2703 quod,
818 2640 877 2684 ut
902 2631 1132 2700 singulis
1158 2641 1582 2688 consentaneum
1612 2645 1749 2699 erat,
1772 2637 1979 2690 scribe-

411 2728 514 2785 ret,
545 2728 602 2772 nt
631 2712 858 2773 Romani
894 2728 950 2774 et
985 2720 1074 2773 alii
1105 2735 1171 2774 ex
1198 2721 1375 2775 littera
1412 2721 1718 2779 ediscerent
1739 2736 1878 2792 ,sese
1912 2721 1981 2778 ad

419 2802 679 2881 Spiritum
711 2820 1025 2867 converlere
1042 2826 1065 2877 3
1102 2809 1313 2867 Hebraei
1343 2825 1474 2867 vero
1499 2824 1553 2867 et
1584 2804 1786 2868 Galatae
1813 2814 1978 2868 doce-

415 2912 623 2968 rentur,
671 2904 859 2957 nonin
899 2905 1090 2974 legem,
1123 2904 1216 2959 sed
1247 2904 1302 2958 in
1344 2902 1634 2957 Dominum
1672 2905 1767 2974 qui
1811 2904 1981 2974 legem

414 2994 580 3056 dedit,
610 3009 760 3063 spem
787 2994 1020 3050 habere:
1045 2996 1116 3049 ita
1140 3011 1357 3065 quoque
1381 2996 1481 3050 etsi
1510 2997 1794 3050 ambarum
1820 3012 1982 3068 syno-

412 3085 607 3139 dorum
658 3083 846 3140 Patres
894 3087 1106 3141 diverse
1153 3088 1219 3141 de
1268 3087 1718 3142 consubstantiali
1753 3089 1983 3142 mentio-

412 3188 537 3230 nem
580 3173 826 3242 fecerint,
865 3161 1172 3232 nullatenus
1220 3185 1400 3231 tamen
1448 3179 1517 3232 a‘b
1566 3178 1674 3234 illis
1713 3178 1981 3233 dissidere

412 3262 695 3330 debemus,
718 3268 810 3320 sed
825 3266 1039 3320 illorum
1058 3269 1387 3336 perscrutari
1403 3268 1755 3335 sententiam,
1773 3276 1829 3323 et
1852 3278 1983 3326 tunc

413 3358 599 3414 ambas
619 3359 761 3414 inter
790 3373 849 3414 se
882 3357 1119 3428 synodos
1147 3350 1459 3415 consentire
1488 3356 1977 3430 deprehendemus.

413 3449 518 3517 Qui
542 3451 686 3505 enim
713 3448 1149 3506 Samosatensem
1170 3450 1491 3520 deposuere,
1519 3466 1708 3507 vocem
1744 3454 1982 3509 consub-

413 3541 683 3597 stantia'lis
712 3542 981 3612 corporali
1006 3557 1262 3612 accepere
1287 3546 1473 3611 modo,
1498 3560 1624 3600 cum
1652 3535 1856 3602 Paulus
1893 3544 1981 3601 ar-

415 3633 592 3703 gutari
628 3633 786 3688 vellet
813 3648 877 3689 ac
903 3634 1082 3689 dicere
1112 3652 1127 3688 :
1160 3633 1217 3689 Si
1236 3633 1490 3691 Christus
1525 3652 1635 3691 non
1660 3651 1727 3691 ex
1761 3637 1982 3692 homine

398 3716 560 3778 uDeus
583 3716 758 3778 factus
786 3732 887 3789 est,
922 3739 1051 3795 ergo
1085 3740 1193 3780 non
1230 3727 1711 3785 consubstantialis
1728 3738 1811 3784 est
1832 3727 1979 3782 Patri

418 3824 580 3885 atque
606 3816 733 3872 hinc
758 3831 980 3873 necesse
1019 3827 1102 3874 est
1130 3827 1238 3873 tres
1261 3832 1380 3874 esse
1407 3818 1741 3874 substantias
1768 3838 1780 3875 :
1816 3834 1980 3874 uuam

415 3908 673 3976 priorem,
707 3908 845 3964 duas
873 3913 999 3964 vero
1024 3924 1092 3964 ex
1119 3909 1212 3965 illa
1239 3910 1615 3980 procedentes.
1648 3912 1886 3982 Ideoque
1915 3906 1983 3966 il-

415 3996 510 4055 lud
532 3987 685 4053 Pauli
718 4000 995 4070 sophisma
1024 4002 1150 4072 jure
1177 4011 1451 4069 caventes,
1474 4003 1662 4058 dixere
1699 4002 1980 4059 Christum

417 4106 527 4147 non
567 4107 690 4148 esse
722 4093 1240 4150 consubstantialem
1272 4110 1287 4147 ι
1313 4111 1490 4165 neque
1521 4096 1668 4151 enim
1703 4095 1875 4151 Filius
1905 4099 1981 4153 ita

417 4198 479 4237 se
501 4183 662 4239 habet
688 4192 935 4253 respectu
965 4184 1143 4241 Patris
1180 4186 1412 4256 qualiter
1434 4187 1522 4241 ille
1555 4188 1847 4258 cogitabat.
1877 4188 1981 4255 Qui

417 4283 597 4328 autem
645 4275 905 4329 Arianam
945 4275 1179 4331 haeresin
1238 4276 1580 4332 anathemate
1629 4278 1979 4345 damnarunt,

416 4382 543 4421 eum
590 4367 743 4422 Pauli
774 4367 1125 4423 calliditatem
1158 4368 1697 4437 animadvertissent,
1733 4380 1789 4426 et
1828 4374 1979 4444 cogi-

2082 1926 2181 1980 μος
2214 1909 2582 1979 πνευματικός
2629 1911 2746 1977 ἐστι
2776 1924 2791 1939 ·
2827 1926 2847 1960 ι
2880 1908 2998 1982 καὶ,
3052 1923 3080 1977 ,ι
3126 1907 3184 1959 '0
3234 1906 3398 1977 νόμος
3441 1902 3658 1973 ἃγιος,»

2079 2002 2194 2064 καὶ,
2226 2020 2244 2052 ι
2289 2002 2354 2053 ’11
2379 2002 2565 2071 ἐντολὴ
2614 2000 2761 2069 ἁγία,
2800 2002 2894 2054 καὶ
2917 2000 3120 2064 δικαία,
3154 2000 3249 2052 καὶ
3287 1984 3521 2070 άγαθή·ι
3560 2000 3663 2051 καὶ

2082 2092 2201 2162 μετ’
2234 2092 2431 2161 ὀλίγον·
2487 2109 2505 2141 ι
2540 2092 2612 2145 T6
2665 2092 2775 2163 γὰρ
2829 2090 3088 2144 ἀδύνατον
3140 2088 3235 2141 τοῦ
3295 2088 3484 2159 νόμου,
3529 2081 3664 2154 ὲνῷ

2078 2183 2349 2253 ήσθένεισι
2395 2182 2667 2254 Ἐὃραίοις
2711 2184 2768 2236 δὲ.
2809 2182 3066 2254 ἔγραφεν·
3099 2198 3119 2233 ‹
3170 2181 3240 2245 Ὀ,
3260 2180 3424 2251 νόμος
3469 2179 3663 2232 οὐδένα

2076 2272 2445 2326 τετελείωκεοι
2494 2272 2591 2325 καὶ
2637 2271 2905 2334 Γαλάταις
2938 2271 3056 2340 μὲν,
3118 2287 3136 2319 ι
3190 2268 3277 2319 Ἐν
3304 2268 3455 2336 νόμῳ
3483 2265 3662 2327 οὐδεὶς

2078 2362 2399 2417 δικαιοῦται·
2427 2381 2446 2414 ι
2496 2362 2747 2433 Τιμοθέῳ
2802 2360 2879 2426 δὲ,
2911 2362 2993 2414 ὅτι
3027 2379 3047 2411 ι
3084 2358 3262 2422 Καλὸς
3284 2360 3313 2411 6
3341 2358 3528 2427 νόμος,
3562 2357 3663 2409 ἐάν

2079 2471 2163 2517 τις
2188 2453 2337 2523 αὑτῷ
2384 2448 2633 2524 νομίμως
2668 2453 2884 2523 χρῆται·
2914 2470 2933 2503 ι
2972 2452 3066 2506 καὶ
3101 2441 3203 2503 οὐκ
3260 2440 3327 2503 ἄν
3355 2465 3441 2511 τις
3479 2446 3663 2500 αἰτιά-

2081 2562 2233 2598 σαιτο
2259 2544 2348 2597 τὸν
2369 2544 2521 2613 ἆγιον
2549 2544 2660 2613 (11)
2714 2544 2789 2606 ὼς
2821 2542 3041 2596 ἐναντία
3083 2533 3176 2595 καὶ
3200 2538 3483 2611 μαχόμενα
3503 2539 3663 2611 ,γρά-

2081 2655 2267 2711 φοντα,
2283 2637 2418 2691 ἀλλὰ
2445 2636 2540 2690 καὶ
2572 2636 2770 2706 μᾶλλον
2796 2634 3125 2705 θαυμάσειεν
3147 2629 3495 2711 άρμοζόντως
3524 2629 3663 2701 πρὸς

2081 2731 2343 2792 ἑκάστους
2367 2728 2768 2801 ἐπιστέλλοντα,
2814 2726 2902 2781 ἵνα
2956 2730 3005 2780 οἱ
3039 2726 3137 2797 μὲν
3169 2726 3429 2795 Ῥωμαῖοι
3480 2723 3578 2776 καὶ
3607 2723 3661 2775 οἱ

2081 2824 2229 2877 ἄλλοι
2258 2821 2498 2895 μάθωσιν
2527 2821 2635 2875 ἀπὸ
2681 2818 2778 2874 τοῦ
2832 2819 3157 2893 γράμματος
3200 2815 3552 2889 ἐπιστρέφειν
3577 2817 3661 2879 εἰς

2079 2916 2141 2968 τὸ
2161 2907 2411 2985 Πνεῦμα·⁸
2436 2917 2485 2968 οἱ
2516 2914 2574 2966 δὲ
2616 2913 2859 2982 Ἑϐραῖοι
2886 2914 2981 2991 καὶ
3034 2911 3271 2965 Γαλάται
3305 2905 3662 2972 παιδευθῶσι,

2084 3006 2159 3078 μὴ
2192 3009 2270 3070 εἰς
2296 3005 2388 3059 τὸν
2423 3006 2607 3077 νόμον,
2637 3004 2751 3058 ἀλλ’
2788 3006 2867 3067 είς
2898 3004 2989 3058 τὸν
3018 3004 3221 3075 Κύριον
3252 2995 3346 3054 τὸν
3389 3000 3662 3055 δεδωκότα

2079 3098 2170 3151 τὸν
2200 3099 2361 3169 νόμον
2417 3097 2560 3168 ἔχειν
2591 3096 2689 3160 τὰς
2729 3096 2948 3159 ἐλπίδας
2979 3113 2994 3127 ·
3031 3094 3201 3157 οὕτως
3250 3095 3299 3146 εί
3334 3093 3663 3164 ἀμφοτέρων

2079 3192 2183 3246 τῶν
2202 3175 2445 3245 1συνόδων
2467 3192 2517 3243 οἱ
2545 3190 2785 3265 Πατέρες
2803 3188 3073 3258 διαφόρως
3099 3185 3509 3257 ἐμνημόνευσαν
3538 3186 3660 3255 περὶ

2078 3284 2172 3336 τοῦ
2198 3282 2504 3353 ὁμοουσίου,
2521 3282 2583 3335 οὐ
2610 3282 2716 3353 χρὴ
2740 3280 2955 3343 πάντως
2974 3281 3121 3350 ἡμᾶς
3142 3276 3492 3348 διαφέρεσθαι
3524 3276 3661 3346 πρὸς

2079 3373 2291 3436 αὐτοὺς,
2332 3371 2468 3425 ἀλλὰ
2498 3370 2595 3441 τὴν
2615 3370 2853 3424 διάνοιαν
2878 3368 3057 3421 αὐτῶν
3081 3368 3332 3445 ἐρευνᾴν,
3368 3366 3465 3419 καὶ
3522 3366 3660 3419 πάνο

2077 3481 2184 3527 τως
2208 3464 2514 3535 εὑρήσομεν
2540 3462 2863 3537 ἀμφοτέρων
2887 3459 2995 3512 τῶν
3020 3457 3251 3511 συνόδων
3270 3457 3370 3527 τὴν
3382 3454 3660 3527 ὁμόνοιαν.

2079 3558 2142 3610 Οἱ
2172 3556 2270 3626 μὲν
2296 3555 2406 3626 γὰρ
2433 3554 2523 3606 τὸν
2556 3551 2877 3623 Σαμοσατέα
2915 3550 3236 3613 καθελόντες
3255 3548 3392 3619 (12),
3413 3563 3659 3618 σωματι-

2080 3647 2191 3711 κῶς
2220 3644 2649 3716 ἐκλαμϐἀνοντες
2675 3644 2737 3697 τὸ
2773 3643 3075 3714 ὁμοούσιον,
3109 3640 3218 3694 τοῦ·
3235 3637 3451 3693 Παύλου
3507 3634 3658 3706 σοφί-

2082 3737 2267 3802 ζεσθαι
2296 3754 2356 3790 τε
2381 3736 2627 3812 θέλοντος
2655 3737 2747 3790 καὶ
2769 3735 3040 3804 λέγοντος,
3077 3733 3140 3788 Εἰ
3181 3732 3255 3805 μὴ
3277 3732 3335 3799 ἐξ
3367 3731 3659 3804 ἀνθρώπου

2081 3827 2302 3895 γέγονεν
2341 3829 2370 3880 6
2407 3827 2642 3899 Χριστὸς
2682 3825 2833 3889 Θεὸς,
2862 3824 3056 3899 οὐκοῦν
3096 3823 3380 3895 ὁμοούσιός
3431 3824 3547 3876 ἐστι
3580 3819 3659 3891 τῷ

2083 3921 2278 3991 Πατρὶ,
2337 3920 2429 3973 καὶ
2461 3896 2691 3989 *ἀνάγκη
2741 3922 2887 3991 τρεῖς
2923 3896 3110 3979 οὐσίας
3164 3912 3333 3980 εἶναι,
3398 3914 3528 3985 μίαν
3560 3912 3659 3984 μὲν

2083 4026 2321 4079 προηγου
2330 4008 2625 4080 μένην,τὰς
2644 4008 2699 4060 δὲ
2723 4007 2814 4060 δύο
2834 4006 2893 4070 ἐξ
2910 4006 3140 4078 ἐκείνης·
3163 4005 3252 4058 διὰ
3273 4002 3418 4058 τοῦτ’
3434 4003 3659 4067 εἰκότως

2083 4099 2470 4171 εὐλαϐηθέντες
2498 4099 2560 4151 τὸ
2586 4098 2825 4152 τοιοῦτον
2860 4094 3100 4168 σόφισμα
3130 4094 3224 4177 τοῦ
3275 4082 3658 4165 Σαμοσατέως,

2082 4195 2332 4265 εἰρήκασι
2368 4193 2444 4263 μὴ
2479 4188 2616 4245 εἶναι
2666 4190 2758 4244 τὸν
2787 4190 3021 4262 Χριστὸν
3052 4180 3358 4261 ὀμοούσιον·’
3410 4179 3513 4240 ούκ
3544 4184 3660 4241 ἐστι

2081 4284 2189 4356 γὰρ
2221 4283 2396 4346 οὕτως
2454 4284 2483 4335 6
2513 4282 2642 4346 Υἱὸς
2703 4280 2840 4352 πρὸς
2901 4279 2994 4333 τὸν
3047 4278 3286 4350 Πατέρα,
3317 4276 3395 4340 ὡς
3452 4278 3661 4339 ἐκεῖνος

2082 4377 2240 4430 ἐνόει·
2272 4376 2322 4428 οἱ
2354 4374 2411 4427 δὲ
2436 4372 2532 4445 τὴν
2565 4372 2848 4445 Ἀρειανὴν
2885 4372 3095 4440 αἵρεσιν
3137 4369 3657 4441 ἀναθεματίσαντες,

415 4464 596 4514 tarent
626 4474 733 4513 non
779 4459 853 4513 ita
891 4459 959 4514 de
1000 4458 1367 4529 incorporeis,
1401 4469 1457 4515 et
1480 4460 1719 4516 maxime
1745 4461 1813 4517 de
1845 4460 1977 4528 Deo,

2085 4467 2457 4538 θεωρήσαντες
2498 4464 2598 4536 τὴν
2645 4463 2979 4535 πανουργίαν
3024 4460 3118 4516 τοῦ
3164 4462 3398 4525 Παύλου,
3443 4460 3543 4514 καὶ
3571 4460 3661 4513 λο-

415 4552 1033 4616 consubstantialitatem
1072 4551 1440 4621 accipiendam
1472 4566 1595 4607 esse
1627 4592 1643 4617 ,
1684 4567 1982 4624 agnoscen-

420 4651 610 4712 tesque
630 4640 865 4697 Verbum
897 4656 1008 4696 non
1038 4650 1363 4706 creaturam,
1392 4641 1488 4697 sed
1523 4642 1727 4712 prolem
1759 4658 1826 4698 ex
1853 4644 1981 4699 sub-

419 4734 619 4791 stantia
650 4749 805 4800 esse;
830 4736 957 4790 item
995 4732 1174 4789 Patris
1205 4733 1586 4799 substantiam,
1620 4732 1742 4789 Filii
1774 4736 1981 4805 princi-

418 4828 590 4898 pium,
620 4827 860 4882 radicem
903 4834 959 4881 et
999 4824 1203 4880 fontem
1236 4839 1376 4892 esse,
1416 4840 1482 4881 ac
1521 4826 1770 4881 eumdem
1813 4843 1882 4883 ex
1922 4843 1982 4884 se

418 4930 603 4970 veram
643 4930 768 4971 esse
795 4914 1055 4986 genitoris
1079 4913 1512 4979 similitudinem,
1537 4930 1639 4971 nec
1668 4931 1793 4971 eum
1819 4920 1980 4987 quasi

420 5017 613 5062 natura
642 5015 983 5074 extraneum,
1008 5006 1087 5062 uti
1116 5020 1218 5061 nos
1258 5021 1476 5077 sumus,
1503 5022 1536 5063 a
1564 5006 1725 5063 Patre
1755 5022 1978 5079 separa-

490 5152 535 5185 ⁸¹
572 5151 729 5207 Rom.
761 5168 856 5216 vn,
893 5152 981 5207 14.
1058 5151 1104 5184 ¹¹
1136 5150 1269 5206 ibid.
1302 5150 1389 5205 l3.

490 5285 567 5367 (8)
595 5285 768 5367 supra
797 5302 921 5359 pag.
960 5287 1085 5352 201,
1120 5287 1210 5342 τὸν
1240 5287 1298 5341 δέ
1341 5250 1584 5359 ποταμὺῦ
1619 5283 1758 5342 εἶναι
1789 5291 1855 5343 ἐκ
1883 5289 1983 5361 τῆς

421 5356 605 5428 πηγῆς
633 5356 811 5438 Wo?!
872 5356 893 5359 ⁷
1242 5426 1255 5439 ,
1488 5356 1556 5444 ⁷,
1939 5356 1949 5361 ⁷

468 5426 567 5496 7(9)
601 5426 692 5482 Sic
713 5441 900 5482 omnes
932 5442 1065 5483 mss.
1093 5436 1147 5482 et
1172 5427 1304 5482 edit.
1339 5426 1485 5483 Felc.
1525 5444 1559 5481 ο
1611 5435 1789 5482 tamen
1821 5428 1984 5482 habet

421 5495 599 5578 cibatui
626 5496 1014 5578 Ξιιῑεξῐρῃκεν.

495 5567 607 5636 (16)
632 5565 723 5622 Sic
752 5564 952 5632 Regius
985 5576 1039 5620 et
1063 5564 1301 5622 Felckm.
1326 5567 1378 5620 5.
1410 5566 1550 5623 Editi
1588 5567 1770 5625 minus
1812 5576 1979 5633 recte,

424 5636 599 5691 πάντα
624 5636 695 5689 τὰ
724 5636 966 5701 δόξαντα.

436 5742 439 5749 ς
472 5706 606 5782 ,(11)
634 5705 775 5763 Frlc.
804 5707 858 5769 5,
881 5707 940 5759 τὸ
972 5708 1145 5774 ἆγιον,
1176 5704 1450 5764 mendose.

2085 4559 2369 4629 γισάμενοι
2402 4558 2478 4629 μὴ
2502 4556 2673 4620 οῦτως
2703 4557 2796 4609 καὶ
2821 4538 2915 4607 ἐπῖ
2938 4554 3044 4608 τῶν
3071 4555 3397 4625 ἀσωμάτων,
3423 4554 3520 4606 καὶ
3553 4552 3661 4622 μά-

2086 4650 2240 4703 λιστα
2261 4649 2353 4703 ἐπὶ
2388 4647 2524 4701 Θεοῦ
2543 4647 2604 4700 τὸ
2625 4644 2906 4717 όμοούσιον
2950 4643 3328 4717 σημαίνεσθαι,
3360 4642 3660 4712 γινώσκον-

2085 4743 2176 4806 τες
2200 4758 2259 4794 τε
2300 4740 2374 4811 μὴ
2396 4740 2622 4810 κτίσμα,
2649 4736 2765 4791 ἀλλ’
2794 4738 2859 4791 ἐκ
2880 4737 2977 4808 τῆς
3028 4736 3217 4799 οὐσίας
3244 4736 3492 4806 γέννημα
3520 4730 3661 4788 εἶναι

2086 4835 2176 4887 τὸν
2215 4833 2406 4901 Λόγον,
2446 4833 2544 4885 καὶ
2574 4830 2672 4901 τὴν
2703 4829 2892 4883 οὐσίαν
2927 4825 3021 4881 τοῦ
3050 4827 3261 4899 Πατρδς
3321 4826 3520 4898 ἀρχὴν,
3565 4826 3660 4880 καὶ

2090 4923 2266 4998 ῥίζαν,
2295 4923 2388 4976 καὶ
2414 4922 2597 4993 πηγὴν
2627 4915 2767 4974 εἴναι
2813 4918 2907 4973 τοῦ
2936 4917 3070 4972 Υίοῦ
3116 4918 3250 4989 (15),
3276 4918 3369 4971 καὶ
3400 4916 3654 4987 αὖτοαλη-

2088 5014 2185 5087 θὴς
2203 5014 2457 5085 ὁμοιότης
2484 5008 2551 5082 ἦν
2578 5009 2675 5064 τοῦ
2697 5011 3076 5082 γεννήσαντος,
3104 5009 3204 5080 οὐχ
3228 5006 3304 5072 ὡς
3336 5006 3658 5079 ἐτεροφυὴς,

1494 5151 1541 5184 ³³
1565 5148 1721 5207 Rom.
1748 5167 1867 5218 vm,
1894 5142 1949 5209 3.

2089 5156 2252 5213 Hebr.
2282 5171 2382 5220 vn,
2409 5152 2499 5211 l9.
2574 5154 2621 5187 ⁸⁸
2667 5151 2843 5208 Galat.
2883 5166 2967 5218 ιιι,
2998 5150 3049 5204 1.
3125 5146 3173 5182 ⁸⁸
3205 5147 3228 5203 Ι
3256 5144 3397 5203 Tim.
3428 5163 3469 5213 ι,
3493 5145 3551 5201 8.·

2156 5293 2273 5364 (12)
2304 5284 2655 5364 Felcltmanni
2695 5291 2756 5364 '5.
2778 5282 3095 5364 καθελόντες
3124 5286 3375 5358 εἰρήκασι
3413 5284 3489 5355 μὴ
3517 5281 3658 5338 εἶναι

2084 5357 2460 5434 τὸνίΧριστόν,
2487 5369 2618 5425 etc.,
2632 5361 2872 5434 omissis
2910 5357 3118 5434 multis.

2159 5423 2274 5504 (£5).
2296 5423 2644 5504 Felekmanni
2677 5429 2731 5504 5,
2763 5426 3026 5504 eivat‘roﬁ
3055 5425 3221 5504 Tim"),
3235 5424 3446 5504 ἔχοντες
3563 5423 3658 5503 καὶ

2085 5493 2312 5565 τάτῶν,
2347 5502 2599 5565 plurimis
2618 5500 2863 5557 omissis.
2892 5498 3114 5560 Ibidem,
3138 5493 3274 5551 edit.
3286 5493 3655 5556 'Parisiensis,

2085 5572 2219 5627 αὐτὸ
2249 5568 2475 5642 ἀληθής.
2500 5570 2651 5642 Εόίι.
2690 5586 2822 5624 vero
2849 5568 3115 5642 Commel.
3143 5575 3197 5623 et
3225 5579 3416 5619 omnes
3461 5576 3658 5617 manu-

2087 5643 2295 5712 scripti,
2330 5640 2690 5713 αὐτοαληθής,
2726 5640 2953 5694 rectius.
