3824 6224
136 335 244 393 775

1521 367 1527 375 -
1563 317 1653 397 be
1690 339 1998 396 srnoms;

3292 337 3421 392 771³

133 456 326 526 ὥσπερ
353 456 512 526 ἡμεῖς
552 455 736 524 ἐσμεν,
779 456 1141 527 χωριζόμενός
1184 461 1299 512 ἑστι
1355 456 1447 511 τοῦ
1481 459 1712 530 Πατρός·

1831 466 1938 512 tum
1960 472 2081 512 esse
2103 497 2117 522 ,
2150 458 2266 525 sed,
2297 473 2421 513 cum
2458 472 2522 512 ex
2555 455 2675 527 ipso
2714 457 2804 524 sit,
2836 454 3032 510 Filium
3055 469 3178 512 esse
3201 455 3397 510 indivi-

272 546 350 607 ὡς
379 546 436 610 ἐξ
461 545 625 598 αὑτοῦ
656 544 782 609 Υἱὸς
806 548 1110 620 ἀδιαίρετος
1143 549 1398 620 ὑπάρχει,
1421 549 1494 612 ὡς
1523 549 1636 603 ἔστι
1659 551 1720 602 τὸ

134 634 485 705 ἀπαύγασμα
516 637 652 708 πρὸς
666 637 727 690 τὺ
760 639 894 707 φῶς⁴
922 639 1134 709 ἔχοντες
1171 640 1226 692 δὲ
1259 643 1352 694 καὶ
1375 640 1444 694 τὰ
1462 641 1570 694 τῶν
1593 643 1720 713 περὶ

131 726 414 780 Διονύσιον
436 728 872 799 παραδείγματα,
895 729 1196 801 τὴν,πηγὴν
1225 732 1318 784 καὶ
1349 731 1446 804 τὴν
1467 733 1596 803 περὶ
1623 731 1718 785 τοῦ

135 818 427 889 ὀμοουσίου
450 819 765 886 ἀπολογίαν,
816 821 923 890 πρὸ
951 819 1008 874 δὲ
1053 821 1257 875 τούτων
1289 822 1388 894 τὴν
1417 823 1508 876 τοῦ
1539 825 1721 895 Σωτῆ-

136 927 228 981 ρος
256 909 468 980 ἑνοειδῆ
505 912 707 982 φωνήν·
735 931 753 963 ι
797 912 936 980 Ἐγὼ
961 912 1054 966 καὶ
1113 916 1140 966 ὁ
1173 914 1360 986 Πατὴρ
1402 915 1459 967 ἓν
1495 916 1715 986 ἐσμεν»

135 1002 249 1065 καὶ,
283 1019 304 1052 ι
338 1001 399 1054 Ὁ
424 1000 684 1072 ἑωρακὼς
709 1001 810 1072 ἐμὲ
839 1003 1050 1074 ἑώρακε
1085 1005 1174 1057 τὸν
1201 1005 1437 1077 Πατὲρα’
1479 1025 1496 1058 ι
1532 1006 1720 1060 τούτου

135 1095 323 1145 ἕνεκεν
378 1090 602 1155 εἰκότως
657 1092 910 1163 εἰρήκασι
962 1095 1056 1147 καὶ
1107 1096 1262 1148 αὐτοὶ
1300 1096 1583 1167 ὁμοούσιον
1631 1098 1723 1151 τὸν

135 1185 283 1237 Υἱόν.
322 1182 662 1255 Κα“ιῶσπερ,
709 1183 852 1238 καθᾶ
878 1188 1158 1258 προεῖπον,
1194 1188 1293 1241 οὐκ
1338 1188 1402 1242 ἄν
1437 1207 1520 1252 τις
1549 1189 1723 1242 αἰτιά-

136 1293 290 1330 σαιτο
313 1276 407 1327 τὸν
450 1275 789 1340 Ἀπόστολον,
827 1278 874 1330 εί
921 1278 1046 1350 περὶ
1082 1277 1174 1331 τοῦ
1208 1280 1373 1349 νόμου
1432 1279 1722 1353 Ῥωμαίοις

137 1369 234 1438 μὲν
265 1367 463 1432 οὕτως,
500 1367 767 1438 Ἑϐραίοις
823 1369 881 1422 δὲ
930 1368 1102 1433 οὕτως
1147 1370 1374 1442 ἔγραψε·
1441 1352 1530 1424 τὸν
1560 1369 1721 1424 αὐτὸν

133 1461 337 1532 τρόπον
365 1460 486 1514 οὔτε
517 1463 565 1514 οἱ
595 1460 690 1515 νῦν
719 1465 831 1526 τοῖς
875 1458 1160 1534 προτέροις
1204 1463 1577 1532 ἑγκαλὲσαιεν,
1605 1464 1725 1534 βλέ-

135 1569 330 1618 ποντες
360 1554 538 1607 αὐτῶν
566 1553 660 1624 τὴν
711 1555 1022 1626 ἑρμηνείαψ
1047 1554 1170 1608 οὔτε
1203 1555 1251 1608 οἱ
1299 1555 1554 1627 πρότεροι
1597 1557 1723 1619 τοὺς

141 1649 263 1718 μετ’
295 1647 494 1710 αὐτοὺς
545 1645 948 1717 μέμψαιντ’ἂν,
1000 1646 1232 1717 ὁρῶντες
1281 1646 1378 1717 τὴν
1430 1647 1723 1718 ἑρμηνείαν

135 1738 338 1801 αὐτῶν,
372 1740 466 1792 καὶ
500 1739 596 1809 τὴν
647 1739 835 1810 χρείαν
871 1738 936 1792 δι’
974 1735 1040 1810 ἢν
1086 1739 1256 1803 οῦτως
1308 1739 1550 1809 ἔγραψαν
1597 1741 1724 1810 περὶ

133 1831 229 1884 τοῦ
260 1831 492 1902 Κυρίου.
523 1831 632 1884 Καὶ
681 1831 793 1902 γὰρ
824 1830 917 1883 καὶ
954 1831 1076 1909 τὴν¹
1110 1831 1288 1885 αἰτίαν
1345 1831 1550 1900 ἑκάστη
1595 1831 1721 1884 σύν-
1756 1817 1796 1870 Β

131 1922 252 1985 οδος
277 1921 390 1991 (14)
430 1920 646 1990 εὔλογον
673 1921 807 1991 ἕχει,
840 1919 904 1974 δι’
938 1920 1004 1993 ἣν
1036 1923 1084 1974 οί
1114 1922 1209 1992 μὲν
1244 1921 1433 1984 οὕτως,
1473 1924 1522 1974 οἱ
1550 1922 1605 1974 δὲ
1636 1922 1726 1974 οῦ-

133 2032 244 2078 τως
275 2011 580 2084 εἰρήκασιν.
621 2012 838 2084 Ἐπειδὴ
896 2013 1003 2084 γὰρ
1047 2014 1076 2065 ὁ
1126 2013 1473 2082 Σαμοσατεὺς
1508 2013 1723 2084 ἑφρόνει

139 2107 213 2177 μὴ
241 2102 386 2159 εἶναι
419 2105 524 2176 πρὸ
553 2105 767 2176 Μαρίας
797 2105 886 2158 τὸν
943 2105 1090 2168 Υἱὸν,
1140 2105 1252 2157 ἀλλ’
1277 2105 1372 2157 ἀπ’
1420 2103 1592 2174 οὑτῆς
1624 2107 1724 2175 ἀρ·-

135 2199 239 2268 χὴν
269 2197 562 2266 ἐσχηκέναι
591 2197 682 2249 τοῦ
717 2191 874 2261 εἶναι,
924 2195 1110 2248 τούτου
1145 2195 1328 2248 ἕνεκεν
1359 2196 1407 2247 oi
1441 2196 1560 2248 τότε
1605 2211 1727 2248 συν-

136 2288 407 2351 ελθόντες,
444 2288 690 2340 καθεῖλον
737 2288 833 2357 μὲν
872 2286 1032 2340 αὐτὸν
1066 2286 1158 2338 καὶ
1202 2284 1472 2357 αἱρετικὸν
1513 2285 1727 2356 ἀπέφη-

137 2385 255 2431 ναν⁴
285 2380 413 2444 περὶ
435 2378 491 2429 δὲ
514 2377 610 2447 τῆς
640 2376 732 2429 τοῦ
768 2373 896 2428 Υἱοῦ
926 2375 1178 2446 Θεότητος
1201 2376 1567 2447 ἁπλούστερον
1590 2373 1726 2446 γρά-

139 2487 354 2538 φοντες,
375 2470 434 2521 οὐ
458 2468 807 2537 κατεγένοντο
832 2467 958 2538 περὶ
989 2467 1086 2539 τὴν
1123 2467 1217 2519 τοῦ
1261 2469 1542 2537 όμοουσίου
1579 2468 1728 2541 ἀκρί-

139 2563 296 2613 ϐειαν
345 2558 492 2630 (15),
552 2561 666 2614 ἀλλ’
714 2560 884 2623 οῦτως
941 2559 1016 2623 ὡς
1077 2558 1391 2629 ἑξειλήφασι
1455 2560 1582 2630 περὶ
1630 2559 1724 2612 τοῦ

137 2651 427 2723 ὁμοουσίου
455 2650 728 2722 εἰρήκασι.
769 2653 880 2723 Τὴν
912 2651 1164 2722 φροντίδα
1195 2653 1303 2722 γὰρ
1345 2649 1487 2721 εἶχον
1518 2653 1723 2716 πᾶσαν,

137 2745 278 2814 ὅπερ
305 2744 601 2814 ἐπενόησεν
646 2743 674 2796 ὁ
737 2745 1104 2814 Σαμοσατεὺς,
1141 2742 1370 2805 ἀνελεῖν,
1432 2735 1527 2795 καὶ
1557 2743 1726 2809 δεῖξαι

137 2833 249 2904 πρὸ
283 2834 503 2886 πάντων
539 2827 676 2886 εἶναι
699 2834 789 2886 τὸν
808 2829 953 2898 Υίὸν,
981 2835 1072 2886 καὶ
1105 2831 1188 2886 ὃτι
1213 2835 1311 2888 ούκ
1341 2834 1398 2900 ἐξ
1429 2833 1727 2906 ἀνθρώπων

135 2922 336 2992 γέγονε
377 2923 531 2988 Θεὸς,
572 2922 727 2988 ἀλλὰ,
758 2923 890 2986 Θεὸς
915 2921 1010 2987 ὢν,
1054 2923 1340 2976 ἐνεδύσατο
1379 2922 1565 2976 δούλου
1598 2941 1729 2996 μορ-

135 3014 270 3085 φὴν,
304 3012 400 3064 καὶ
423 3012 594 3080 Λόγος
621 3012 716 3078 ὢν,
739 3013 929 3080 γέγονε
976 3009 1132 3082 σὰρξ,
1188 3013 1263 3075 ὡς
1308 3011 1459 3066 εἶπεν
1487 3015 1515 3065 ὁ
1550 3014 1729 3066 Ἰωάν-

134 3123 262 3175 νης
295 3105 390 3157 καὶ
412 3103 553 3157 οὓτω
576 3103 674 3173 μὲν
708 3103 848 3156 κατά
881 3101 978 3174 τῆς
999 3103 1110 3173 (16)
1141 3103 1490 3175 βλασφημίας
1519 3104 1726 3157 Παύλου

136 3199 480 3270 πέπρακται.
528 3197 743 3268 Ἐπειδὴ
793 3197 850 3250 δὲ
897 3198 992 3251 καὶ
1049 3199 1098 3250 οἱ
1156 3199 1284 3269 περὶ
1344 3198 1598 3251 Εὐσέϐιον
1634 3199 1730 3251 καὶ

139 3293 369 3360 Ἀρειον
393 3289 498 3361 πρὸ
541 3289 748 3360 χρόνων
776 3288 875 3359 μὲν
927 3286 1066 3341 εἶναι
1112 3290 1202 3342 τὸν
1234 3290 1361 3341 Υίὸν
1398 3289 1603 3356 ἔλεγον,
1635 3309 1730 3343 πε-

134 3373 406 3443 ποιῆσθαι
437 3374 640 3444 μέντοι,
673 3373 766 3427 καὶ
791 3374 888 3427 ἕνα
922 3374 1030 3426 τῶν
1072 3374 1386 3444 κτισμάτων
1423 3375 1584 3427 αὐτὸν
1621 3375 1730 3428 ὲδί-

134 3469 365 3527 δασκον,
400 3465 494 3518 καὶ
518 3465 599 3528 τὸ,
627 3466 691 3517 ὲκ
713 3465 806 3517 τοῦ
831 3464 989 3529 Θεοῦ,
1035 3466 1133 3535 οὐχ
1165 3465 1239 3528 ὡς
1274 3466 1400 3518 Υίὸν
1423 3467 1486 3518 ὲκ
1517 3466 1731 3536 Πατρὸς

136 3560 390 3627 γνήσιον,
425 3557 727 3608 ἐπίστευον·
756 3555 869 3608 ἀλλ’
896 3556 972 3620 ὡς
1002 3556 1072 3608 τὰ
1123 3556 1416 3627 κτίσματα·
1449 3556 1592 3609 οὓτω
1618 3556 1728 3628 (17)

138 3649 242 3702 καὶ
281 3650 366 3701 ἐπ’
403 3647 566 3701 αὑτοῦ
596 3648 656 3700 τὸ
702 3648 768 3700 ὲκ
815 3647 910 3701 τοῦ
964 3647 1098 3700 Θεοῦ
1129 3644 1266 3700 εἶναι
1313 3647 1728 3702 διεϐεϐαιοῦντοο

137 3741 245 3809 τήν
275 3755 336 3792 τε
390 3739 487 3808 τῆς
529 3737 841 3808 ὁμοιώσεως
875 3737 1101 3808 ἑνότητα
1151 3738 1244 3790 τοῦ
1289 3737 1418 3790 Υἰοῦ
1450 3738 1560 3807 (18)
1597 3738 1732 3810 πρὸς

139 3831 237 3883 τὸν
264 3829 487 3900 Πατέρα
520 3830 619 3882 οὐκ
657 3829 840 3897 ἔλεγον
875 3829 1015 3881 κατὰ
1054 3829 1150 3899 τὴν
1179 3829 1385 3893 οὐσίαν,
1431 3829 1548 3882 οὐδὲ
1592 3831 1732 3884 κατὰ

138 3921 247 3990 τὴν
287 3920 469 3990 φύσιν,
497 3920 572 3983 ὡς
598 3920 743 3972 ἐστιν
769 3920 884 3982 υίὸς
914 3920 1095 3989 ὅμοιος
1120 3919 1313 3988 Πατρὶ,
1359 3918 1492 3971 ἀλλὰ
1517 3919 1601 3972 διὰ
1634 3919 1731 3990 τὴν

144 4012 472 4082 συμφωνίαν
504 4010 612 4063 τῶν
635 4011 919 4080 δογμάτων
954 4009 1168 4078 καὶτῆς
1193 4009 1559 4072 διδασκαλίας·
1597 4008 1733 4061 ἀλλὰ

143 4103 259 4174 γὰρ
283 4105 378 4156 καὶ
405 4101 778 4172 ἀπεσχοίνιζον
810 4102 904 4154 κα)⁸
939 4099 1296 4165 ἀπεξενοῦντο
1323 4100 1430 4169 (19)
1456 4098 1732 4162 παντελῶς

142 4197 249 4267 τὴν
273 4195 462 4247 οὐσίαν
484 4193 578 4246 τοῦ
612 4192 740 4246 Υίοῦ
762 4195 868 4247 ἀπὸ
894 4194 986 4247 τοῦ
1018 4195 1230 4266 Πατρὸς
1249 4233 1263 4254 ,
1316 4193 1507 4264 ἑτέραν
1560 4192 1731 4261 ἀρχὴν

142 4284 302 4355 αὐτῷ
331 4283 423 4336 τοῦ
456 4280 594 4336 εἶναι
640 4283 791 4356 παρά
819 4283 909 4336 τὸν
973 4283 1186 4353 πατέρα
1226 4281 1564 4344 ἐπινοοῦντες
1595 4279 1730 4348 (20),

145 4377 246 4430 καὶ
277 4377 356 4438 εἰς
381 4375 450 4428 τὰ
473 4375 744 4446 κτίσματα
773 4375 1171 4446 καταφέροντες
1199 4373 1382 4427 αὐτόν⁹
1411 4372 1601 4425 τούτου
1633 4371 1733 4440 χά-

1823 564 1968 614 sum,
1996 549 2076 603 uti
2104 565 2162 604 se
2189 550 2351 604 habet
2380 549 2635 618 splendor
2681 564 2808 619 erga
2838 548 3052 614 lucem;
3095 562 3221 602 cum
3266 547 3396 601 item

1823 641 1929 696 sibi
1962 641 2205 696 faverent
2225 641 2470 712 Dionysii
2505 642 2772 712 exempla,
2812 640 2980 696 fontis
3022 640 3230 695 scilicet
3267 654 3395 706 vox,

1823 739 1878 786 et
1915 732 2393 788 consubstantialis
2421 731 2700 798 defensio,
2752 741 2808 788 et
2834 740 2960 786 ante
3001 732 3105 787 ista
3142 747 3246 786 vox
3276 730 3397 786 Sal-

1822 822 2029 876 vatoris
2082 822 2244 875 index
2291 821 2548 884 unitatis,
2597 840 2614 872 (
2651 820 2764 892 Ego
2808 830 2860 875 et
2903 819 3064 875 Pater
3094 835 3264 874 unum
3299 836 3400 875 su-

1823 913 2003 968 mus"
2024 953 2040 977 ,
2068 931 2086 963 ι
2121 920 2204 979 et,
2235 930 2253 963 (
2279 911 2380 978 Qui
2409 913 2544 966 vidit
2565 908 2654 967 me
2687 913 2821 966 vidit
2840 920 2893 966 et
2918 910 3221 966 Patrem“:
3248 930 3268 963 ι
3311 926 3397 976 ea,

1824 1002 2072 1072 inquam,
2124 1003 2189 1056 de
2238 1017 2426 1066 causa,
2449 1003 2571 1071 jure
2596 1011 2650 1056 et
2688 1003 2790 1072 ipsi
2812 1001 3010 1055 Filium
3034 1001 3398 1057 consubstan-

1824 1093 2008 1148 tialem
2037 1093 2312 1148 dixerunt.
2341 1083 2408 1146 Et
2439 1094 2603 1156 sicut,
2627 1103 2688 1146 ut
2714 1108 2878 1162 supra
2901 1093 3036 1158 dixi,
3070 1106 3230 1147 nemo
3252 1091 3401 1161 Apo-

1806 1185 2026 1239 .stolum
2058 1175 2358 1254 culpaverit
2385 1185 2528 1254 quod
2566 1183 2633 1238 de
2653 1183 2770 1255 lege
2796 1181 3058 1237 Romanis
3087 1181 3193 1236 hoc
3213 1181 3397 1245 modo,

1825 1272 2068 1332 Hebraeis
2098 1277 2204 1332 alio
2231 1277 2532 1347 scripserit,
2564 1277 2644 1331 sic
2680 1290 2780 1329 nec
2820 1273 3104 1344 praesentis
3140 1271 3400 1341 temporis
3440 1324 3451 1344 ,

1826 1370 2073 1424 homines
2119 1369 2330 1439 priscos
2383 1369 2476 1424 illo
2522 1366 2792 1423 criminati
2835 1350 3059 1428 iuerint,
3103 1364 3149 1419 si
3207 1377 3400 1418 eorum

1827 1459 2172 1516 considerent
2204 1459 2736 1529 interpretationem;
2765 1471 2940 1526 neque
2957 1455 3123 1525 prisci
3152 1462 3400 1525 posteros

1826 1552 2274 1623 reprehenderint
2296 1553 2340 1606 si
2364 1551 2648 1605 advertant
2668 1564 2773 1619 qua
2805 1545 3069 1604 sententia
3093 1554 3146 1600 et
3165 1559 3274 1615 quo
3297 1559 3400 1599 usu

1826 1650 1897 1702 ita
1925 1646 1994 1700 de
2028 1632 2256 1698 Domino
2284 1644 2642 1712 scripserunt.
2674 1640 2885 1696 Etenim
2909 1651 3138 1707 utraque
3159 1635 3402 1706 synodus

1825 1754 1892 1792 ex
1931 1736 2172 1806 legitima
2214 1750 2380 1790 causa
2424 1735 2528 1789 hoc
2570 1733 2732 1788 modo
2783 1732 2907 1796 alia,
2937 1731 3046 1784 alio
3090 1729 3194 1782 alia
3223 1730 3401 1782 locuta

1823 1836 1924 1882 est.
1974 1828 2112 1881 Cum
2161 1826 2308 1880 enim
2354 1823 2760 1878 Samosatensis
2803 1819 3002 1874 Filium
3037 1815 3400 1873 sentiretnon

1823 1933 1944 1974 esse
1971 1925 2095 1971 ante
2126 1903 2374 1980 Mariam,
2405 1917 2498 1968 sed
2530 1904 2598 1968 ab
2624 1914 2713 1967 illa
2745 1913 2957 1966 initium
2981 1909 3275 1966 exsistendi
3307 1923 3400 1962 ac-

1825 2009 2053 2079 cepisse,
2090 2005 2294 2064 idcirco
2323 2006 2564 2076 episcopi
2605 2015 2735 2060 tunc
2763 2001 3074 2074 congregati
3117 2001 3270 2076 illum
3309 2000 3404 2053 de-

1824 2112 2151 2170 posuerunt,
2192 2109 2245 2154 et
2283 2098 2596 2152 haereticum
2630 2096 2975 2150 declararunt
3010 2113 3022 2146 :
3054 2093 3120 2148 de
3154 2091 3276 2146 Filii
3305 2106 3403 2144 au-

1825 2203 1934 2249 tem
1967 2193 2251 2248 divinitate
2280 2207 2404 2246 cum
2453 2189 2757 2259 simplicius
2794 2179 3114 2251 scriberent,
3151 2187 3217 2240 ad
3243 2198 3406 2240 accu-

1825 2296 1999 2338 ratam
2035 2279 2518 2336 ‘consubstantialis
2565 2277 3068 2347 interpretationem
3110 2291 3218 2352 non
3244 2275 3402 2330 deve-

1825 2382 2044 2440 nerunt,
2075 2373 2190 2436 sed,
2223 2381 2284 2426 ut
2315 2378 2700 2441 conceperant,
2730 2369 2797 2424 de
2837 2365 3283 2424 consubstantiali
3321 2366 3403 2420 Ιοέ

1827 2469 1938 2522 cuti
1980 2475 2127 2521 sunt.
2164 2456 2298 2519 Tota
2327 2463 2472 2518 enim
2514 2475 2705 2518 eorum
2728 2476 2860 2516 cura
2891 2461 2945 2514 in
2971 2474 3036 2514 eo
3060 2459 3236 2528 posita
3264 2468 3402 2516 erat.

1827 2569 1887 2614 ut
1909 2559 2052 2629 quod
2079 2557 2479 2612 Samosatensis
2500 2563 2842 2610 commentus
2871 2553 3048 2607 fuerat
3079 2550 3402 2617 everterent,

1825 2659 1879 2704 et
1910 2659 2034 2704 ante
2063 2647 2243 2702 omnia
2263 2646 2462 2700 Filium
2510 2660 2632 2700 esse
2657 2631 3015 2707 declararent,
3044 2656 3277 2710 eumque
3309 2656 3406 2696 nc-

1826 2757 2102 2813 quaquam
2147 2756 2214 2796 ex
2260 2739 2480 2794 homine
2523 2729 2695 2792 Deum
2728 2736 2932 2792 factum
2967 2751 3106 2802 esse,
3133 2736 3226 2790 sed
3262 2734 3406 2790 Deus

1828 2852 1953 2891 cum
1985 2842 2150 2897 esset,
2183 2825 2417 2888 formam
2443 2829 2588 2886 servi
2625 2827 2906 2894 induisse,
2938 2835 3136 2883 etcum
3162 2816 3401 2882 Verbum

1827 2930 1990 2992 esset,
2021 2925 2222 2980 factum
2255 2920 2495 2989 carnem,
2525 2929 2585 2976 ut
2606 2913 2680 2975 ait
2712 2912 2976 2987 Joannes,
3009 2927 3172 2989 atque
3197 2919 3272 2974 ita
3305 2917 3404 2973 ad-

1828 3033 2021 3072 versus
2055 3012 2211 3071 Pauli
2251 3013 2644 3084 Llasphemiam
2698 3021 2880 3066 actum
2911 3018 3015 3068 est.
3040 3010 3178 3065 Cum
3223 3017 3405 3064 autem

1830 3109 2122 3163 Eusebiani
2167 3115 2221 3162 et
2249 3107 2458 3172 Ariani,
2485 3115 2610 3160 ante
2663 3111 2908 3173 tempora
2947 3102 3166 3173 quidem
3208 3101 3406 3157 Filium

1830 3201 2002 3256 fuisse
2041 3199 2302 3266 dicerent,
2348 3189 2552 3254 factum
2599 3182 2778 3252 tamen
2826 3196 3017 3260 fuisse,
3061 3211 3126 3251 ac
3170 3210 3334 3250 unam
3374 3209 3406 3248 e

1830 3294 2098 3349 creaturis
2141 3309 2263 3348 eum
2298 3308 2419 3348 esse
2449 3292 2728 3356 docerent,
2771 3297 2826 3344 et
2858 3289 3010 3353 illud,
3039 3303 3105 3343 ex
3139 3287 3268 3352 Deo,
3294 3291 3404 3340 non

1829 3377 2023 3434 Filium
2047 3396 2112 3434 ex
2137 3380 2299 3434 Patre
2326 3379 2621 3451 genuinum
2647 3385 2770 3433 esse
2791 3376 3112 3444 crederent;
3141 3376 3234 3432 scd
3262 3385 3405 3431 sicut

1831 3480 2130 3536 creaturas,
2155 3472 2226 3524 ita
2243 3487 2368 3525 eum
2393 3470 2725 3525 aﬂirmarent
2740 3485 2806 3524 ex
2820 3468 2931 3523 Deo
2957 3483 3078 3523 esse
3099 3486 3112 3522 :
3136 3469 3400 3523 unitatem

1831 3571 2011 3616 autem
2031 3563 2404 3617 similitudinis
2422 3561 2544 3615 Filii
2567 3577 2689 3616 cum
2711 3547 2871 3616 Patre
2885 3559 3131 3615 dicerent
3150 3574 3259 3614 non
3283 3573 3404 3614 esse

1832 3651 2128 3705 secundum
2159 3651 2321 3720 607
2353 3651 2740 3718 substantiam,
2765 3665 2868 3706 nec
2898 3650 3200 3704 secundum
3244 3658 3403 3703 natu-

1830 3757 1970 3803 ram,
2003 3741 2459 3810 quemadmodum
2494 3741 2639 3796 ﬁlius
2668 3749 2750 3796 est
2775 3742 2915 3811 patri
2954 3740 3171 3805 similis,
3197 3741 3291 3796 sed
3333 3731 3404 3795 ob

1832 3833 2010 3887 solum
2063 3833 2376 3901 dogmatum
2431 3831 2800 3902 doctrinaeque
2864 3846 3232 3886 consensum:
3292 3831 3402 3886 imo

1831 3939 1956 3978 cum
1988 3921 2350 3977 substantiam
2376 3919 2501 3975 Filii
2531 3937 2562 3976 a
2605 3919 2767 3977 Patre
2799 3922 3024 3977 omnino
3084 3931 3402 3993 separarent

1831 4025 1886 4070 et
1917 4016 2238 4081 alienarent,
2271 4013 2552 4068 diVersum
2592 4029 2622 4067 a
2650 4013 2814 4068 Patre
2843 4013 3058 4067 initium
3099 4013 3277 4083 ipsum
3305 4015 3401 4069 ha-

1832 4108 1961 4162 bere
1985 4107 2298 4171 commenti,
2328 4107 2394 4160 ad
2419 4117 2811 4176 creaturasque
2838 4122 2960 4161 eum
2993 4107 3354 4176 deprimentes
3385 4123 3398 4160 :

1831 4202 1956 4256 ideo
1987 4199 2081 4270 qui
2108 4198 2301 4252 Nicaeae
2347 4197 2662 4269 congregati
2686 4206 2879 4262 erant,
2938 4212 3128 4251 eorum
3176 4197 3271 4267 qui
3325 4197 3400 4252 ita

1833 4294 2098 4349 sentirent
2154 4291 2429 4347 vafritiem
2491 4290 2828 4360 conspicati,
2883 4288 3403 4360 Scripturarumque

1832 4398 2016 4441 mente
2055 4385 2306 4450 collecta,
2342 4383 2606 4453 liquidius
2643 4383 2918 4452 scripsere
2960 4383 3400 4438 consubstantia-

149 4486 240 4539 ριν
259 4468 309 4520 οἱ
339 4471 397 4520 ἑν
422 4467 627 4536 Νικαίᾳ
661 4466 1026 4530 συνελθόντες,
1052 4466 1428 4538 θεωρήσαντες
1457 4466 1554 4535 τὴν
1592 4481 1724 4516 παν-

1836 4476 1940 4531 lem
1972 4491 2095 4531 eum
2121 4489 2244 4531 esse
2271 4492 2286 4541 ;
2324 4483 2384 4528 ut
2407 4473 2534 4528 hinc
2558 4489 2686 4528 vera
2712 4482 2767 4528 et
2793 4473 3028 4541 genuina
3059 4472 3182 4526 Filii
3208 4483 3400 4526 natura

144 4558 381 4628 ουργίαν
435 4555 544 4609 τῶν
577 4554 719 4608 οὕτω
774 4553 1136 4626 φρονούντων,
1179 4554 1272 4606 καὶ
1317 4552 1426 4623 (21)
1491 4568 1732 4620 συναγα-

148 4650 342 4717 γόντες
377 4649 440 4700 ὲκ
469 4646 576 4699 τῶν
600 4645 952 4718 Γραφῶνκτὴν
973 4645 1229 4709 διάνοιαν,
1250 4645 1568 4715 λευκότερον
1595 4643 1734 4715 γρά-

150 4757 366 4810 φοντες,
392 4741 644 4809 εἰρήκασι
688 4738 750 4790 τὸ
804 4739 1104 4808 όμοούσιον·
1142 4739 1229 4791 ἵνα
1288 4737 1382 4790 καὶ
1413 4735 1473 4788 τὸ
1512 4735 1732 4805 γνήσιον

150 4830 369 4902 ἀληθῶς
394 4832 456 4882 ἑκ
481 4830 670 4882 τούτου
699 4829 914 4900 γνωσθῇ
939 4827 1032 4882 τοῦ
1059 4827 1208 4892 Υἱοῦ,
1238 4828 1332 4881 καὶ
1365 4825 1529 4898 μηδὲν
1557 4823 1733 4878 κοινὸν

151 4925 251 4994 ἔχῃ
284 4922 420 4994 πρὸς
447 4919 633 4974 τοῦτον
654 4920 723 4973 τὰ
748 4920 950 4990 γενητά
977 4921 1112 4992 (22).
1154 4919 1218 4973 Ἦ
1264 4918 1371 4990 γὰρ
1400 4918 1498 4988 τῆς
1537 4914 1734 4979 λέξεως

150 5014 359 5084 ταύτης
381 5012 632 5084 ἀκρίϐεια
655 5013 754 5084 τήν
786 5030 846 5065 τε
873 5013 1160 5086 ὑπόκρισιν
1181 5010 1379 5076 αὐτῶν,
1407 5008 1501 5064 ἑὰν
1533 5007 1733 5075 λέγωσι

229 5151 272 5184 ³⁷
299 5149 458 5204 Joan.
485 5167 541 5213 ι,
578 5149 668 5202 50.
749 5149 794 5180 ⁸⁸
819 5147 980 5204 Joan.
1007 5165 1123 5213 x1v,
1145 5148 1197 5204 9.

228 5263 342 5332 (14)
377 5261 827 5332 ΙιιιἘοιοιιιηοηηὶ
859 5262 914 5327 5,
946 5260 1174 5330 optime.
1206 5258 1348 5313 Editi
1377 5265 1431 5312 et
1459 5256 1574 5323 alii,
1603 5253 1733 5308 ἑκά-

157 5346 292 5398 στης
327 5331 571 5385 συνόδου.

229 5396 344 5471 (15)
376 5401 556 5471 Felck.
586 5403 640 5467 5,
665 5399 970 5471 ἀκρίϐειαν.
1002 5399 1124 5471 Τὴν.
1144 5397 1398 5471 φροντίδα
1432 5396 1558 5471 γᾴρ,
1585 5403 1690 5471 etc.

369 5466 632 5552 F'elck._3_,
663 5466 756 5552 καῖ
779 5469 922 5552 οὕτω
948 5471 1048 5552 μὲν
1070 5466 1314 5552 τάέκατα
1341 5466 1440 5538 τῆς
1471 5466 1554 5537 βλ.
1594 5467 1726 5520 Ibid.

159 5539 281 5606 poSt
302 5541 516 5594 Παύλου
542 5542 777 5596 deletum
801 5539 1006 5610 aliquid
1037 5540 1088 5592 in
1121 5539 1306 5606 Regio.

233 5611 346 5680 (17)
374 5610 557 5664 Felck.
594 5613 648 5675 5,
676 5613 739 5663 ἐκ
784 5604 997 5681 Πατρὸς
1039 5604 1343 5676 ἐπίστευον,
1387 5606 1500 5660 ἀλλ’
1537 5604 1610 5669 ὡς
1640 5605 1732 5658 ἐπὶ

159 5697 268 5734 των
299 5682 633 5750 κτισμάτων,
670 5681 832 5735 οὕτω.

231 5751 344 5822 (18)
376 5746 555 5806 Fclck.
592 5753 644 5816 '5,
670 5750 764 5804 τοῦ
799 5749 956 5806 Θεοῦ.
988 5749 1108 5804 Mox
1147 5749 1311 5811 idem,
1341 5749 1369 5800 ὁ
1399 5747 1525 5810 Υἱὸς
1550 5746 1733 5816 ὅμοιος

1834 4567 2117 4638 explorata
2146 4573 2314 4633 esset,
2346 4565 2636 4635 palamque
2669 4564 2810 4618 foret
2845 4564 3061 4634 opiﬁcia
3110 4564 3246 4617 nihil
3279 4579 3402 4618 cum

1834 4673 1900 4712 eo
1945 4671 2236 4711 commune
2291 4655 2512 4710 habere.
2568 4655 2840 4708 Accurata
2871 4652 3016 4708 enim
3048 4652 3214 4722 hujus
3253 4656 3402 4708 vocis

1833 4749 1998 4811 ratio;
2020 4761 2210 4802 eorum
2254 4747 2506 4816 coarguit
2541 4745 2946 4800 simulationem
2979 4759 3087 4813 qua
3117 4744 3256 4799 hanc
3281 4759 3394 4814 pro-
3455 4773 3463 4816 ι

1835 4840 2019 4896 ferunt
2041 4853 2252 4904 vocem,
2277 4853 2344 4892 ex
2371 4835 2502 4902 Deo,
2537 4849 2836 4904 omnesque
2865 4848 3053 4889 eorum
3093 4833 3160 4887 ad
3192 4832 3400 4902 simpli-
3453 4815 3461 4848 ⁸

1834 4935 2013 4989 ciores
2040 4930 2382 4988 seducendos
2408 4929 2651 4998 argutias
2673 4926 2893 4982 refellit.
2925 4925 3083 4981 Certe
3112 4940 3239 4980 cum
3278 4940 3402 4981 om-
3449 4933 3459 4954 '

1835 5027 1924 5081 nia
1949 5025 2162 5096 possint
2199 5037 2296 5095 pro
2347 5021 2574 5078 libidine
2605 5017 3038 5090 sophismatibus
3086 5007 3306 5071 eludere
3342 5030 3402 5070 ac

1833 5245 1911 5298 τῶ
1940 5244 2136 5299 Πατοί.

1883 5265 1911 5298 υ
1943 5263 2057 5299 ιιατ
2101 5263 2136 5298 ι.

1883 5299 2016 5388 ⁸(19)
2047 5263 2356 5388 [eelcitmatn
2389 5312 2443 5388 5_,
2469 5309 2779 5388 ἀπεςένουν.
3004 5375 3030 5388 ν

1927 5373 2016 5454 20)
2051 5386 2142 5440 Sic
2167 5384 2298 5454 Reg.
2329 5394 2383 5438 et
2405 5382 2550 5454 Fele.
2587 5373 2642 5434 5.
2675 5381 2731 5434 In
2759 5379 2914 5444 edit.,
2938 5375 3032 5430 τοῦ
3058 5373 3196 5432 εἶναι
3225 5378 3400 5433 ὲπινο-

1834 5453 2042 5519 οῦντες,
2072 5453 2296 5510 omissis
2333 5453 2564 5509 caeteris.

1907 5527 2018 5598 (21)
2051 5527 2142 5598 §ie
2177 5525 2305 5598 ἔζεε.
2337 5522 2587 5598 ln_etlitis
2607 5534 2738 5598 vero
2763 5519 2866 5598 καί
2887 5520 3055 5598 deest.

1907 5587 2018 5667 (22)
2052 5587 2462 5667 ΡεΙοΙςήῖοη.-5,
2493 5590 2746 5667 γεννητά.
2767 5589 2924 5667 infra
2968 5589 3106 5667 idem
3153 5587 3406 5667 Exnﬂeez‘i,

1835 5656 2039 5721 omisso
2069 5665 2320 5719 articulo.
2359 5656 2660 5730 chﬁmox,
2685 5661 2954 5730 διελέγχη.
2982 5658 3181 5713 Ibidem
3209 5656 3408 5730 Regius

1835 5748 1888 5796 et
1907 5737 2242 5793 Basiliensis.
2270 5734 2364 5797 τὰς
2391 5728 2772 5801 πιθανότητας,
2798 5728 2950 5784 artic.
2973 5731 3122 5785 deest
3153 5730 3204 5782 in
3229 5728 3408 5784 editis.
