3824 6224
444 324 547 380 775
1008 327 1063 383 S.
1105 328 1481 386 ATHANASII
1515 329 1665 385 OPP.
1708 326 1889 387 PARS
1928 332 1970 389 l.
2008 362 2077 372 —
2116 331 2487 388 HISTORICA
2530 333 2617 388 ET
2660 333 3088 391 DOGMATICA.
3622 338 3706 390 77i
3796 290 3797 337 ἓ

443 444 784 516 detorquere,
817 447 956 502 hanc
1004 450 1174 505 solam
1213 468 1432 520 vocem,
1465 466 1657 524 utpote
1690 471 1811 524 quae
1852 471 2008 511 suam

2128 456 2191 521 τὸ,
2209 457 2281 509 ὲκ»
2291 456 2381 509 τοῦ
2399 456 2556 518 Θεοῦ,
2582 455 2767 528 ῥητὸν,
2791 457 3076 527 διελέγχει,
3102 458 3194 510 καὶ
3210 456 3389 519 πάσας
3409 453 3614 510 αὐτῶν
3633 458 3699 510 τὰ

443 535 676 592 Ιιωτθεὶη
693 537 956 604 confutet,
988 540 1349 598 reformidant
1382 562 1396 610 ;
1427 562 1592 615 quam
1619 546 1828 612 Patres,
1854 549 2014 618 quasi

2128 545 2502 616 πιθανοτητας,
2558 550 2616 600 ὲν
2657 544 2745 611 α’ίς
2790 546 3170 618 ὐφαρπάζουσι
3218 547 3343 609 τοὺς
3392 546 3721 617 ἀκεραίους,

417 631 913 698 _propugnaculum
964 633 1226 689 adversus
1265 635 1493 708 impiam
1557 654 1777 695 omnem
1822 654 2014 695 eorum

2128 637 2391 692 ἐκϐάλλει.
2434 638 2619 692 Πάντα
2651 638 2782 707 γοῦν
2811 638 3096 708 δυνάμενοι
3136 635 3451 705 σοφίζεσθαι
3483 638 3598 690 καὶ
3630 653 3720 706 με·

441 724 849 792 cogitationem,
874 726 1272 795 conscripsere.

2124 732 2491 797 ταποιεῖν,ὼς
2531 732 2775 798 θέλουσι,
2819 732 3023 803 ταύτην
3073 732 3240 803 μόνην
3288 730 3387 803 τὴν
3435 730 3623 796 λέξιν,
3653 732 3725 794 ὡς

436 815 813 887 διελέγχουσαν
840 820 1016 874 αὐτῶν
1049 823 1146 894 τὴν
1166 824 1395 895 αἵρεσιν,
1436 823 1692 878 δεδίασιψ
1732 826 1799 894 ἢν
1830 826 1880 879 οἱ
1913 824 2155 895 Πατέρες
2188 827 2375 897 ὥσπερ
2417 827 2767 897 ἐπιτείχισμα
2809 825 2951 880 κατὰ
2982 827 3163 896 πάσης
3201 826 3433 890 ἀσεϐοῦς
3462 825 3727 889 ἐπινοίας
3796 832 3797 859 ξ

435 914 616 968 αὐτῶν
649 914 892 988 ἔγραψαν
917 917 1046 989 (25).

506 1008 597 1062 46.
633 1007 824 1065 Cesset
843 1027 971 1089 ergo
993 1012 1174 1068 omnis
1196 1014 1496 1079 contentio,
1519 1029 1620 1070 nec
1648 1014 1789 1070 ultra
1823 1014 1878 1069 in
1910 1016 2013 1070 nos

359 1100 362 1104 λ
437 1110 630 1155 mutuo
684 1101 1092 1174 impingamus,
1132 1106 1608 1176 disceptemusque
1663 1122 1792 1161 num
1838 1106 2008 1162 variis

437 1193 617 1247 modis
672 1194 866 1265 synodi
915 1197 1397 1253 consubstantialis
1446 1213 1634 1252 vocem
1681 1199 1990 1267 acceperint

438 1283 518 1336 Ad
550 1283 922 1340 defensionem
954 1288 1099 1343 enim
1134 1288 1402 1356 legitimas
1426 1304 1625 1346 causas
1648 1305 1749 1360 pro
1779 1291 1847 1346 iis
1880 1290 2011 1345 affe-

361 1400 367 1425 ;
438 1376 637 1431 rendas
688 1376 985 1443 habemus,
1035 1396 1158 1435 cum
1213 1397 1377 1452 supra
1422 1382 1630 1449 dictas,
1677 1390 1793 1436 tum
1845 1382 2010 1436 etiam

356 1482 376 1507 ’-
439 1467 601 1520 istam
631 1484 644 1521 :
676 1483 891 1539 nempe,
928 1469 1055 1525 licet
1108 1471 1249 1526 hanc
1294 1486 1482 1527 vocem
1510 1510 1524 1535 ,
1560 1470 1901 1542 ingenitum,
1945 1486 2013 1525 ex

439 1550 741 1623 Scripturis
773 1571 881 1610 non
928 1558 1306 1626 didicerimus,
1372 1575 1643 1629 nusquam
1685 1561 1831 1615 enim
1866 1560 2016 1616 Scri-

437 1652 612 1713 ptura:
644 1643 816 1699 Deum
859 1647 1155 1717 ingenitum
1192 1648 1412 1718 dixere;
1442 1660 1687 1705 attamen
1723 1665 1850 1705 cum
1881 1651 2017 1706 ntul-

2183 1010 2272 1067 46.
2310 1010 2618 1064 Πεπαύσθω
2645 1010 2824 1063 τοίνυν
2857 1010 3007 1062 πᾶσα
3030 1007 3354 1076 φιλονεικία,
3373 1007 3471 1062 κα)⁸
3508 1007 3723 1079 μηκέτι

2115 1103 2547 1177 προσκόπτωμεν
2609 1104 2793 1173 ἡμεῖς,
2843 1104 2892 1155 εί
2940 1100 3213 1171 διαφόρως
3269 1098 3639 1172 ὲξειλήφασιν
3667 1102 3721 1154 αξ

2116 1195 2322 1248 σύνοδοι
2353 1194 2450 1265 τὴν
2482 1192 2575 1247 τοῦ
2638 1194 2922 1263 ὁμοουσίου
2967 1193 3131 1261 λέξιν.
3171 1195 3405 1266 Ἔχομεν
3453 1195 3578 1265 γὰρ
3607 1193 3719 1265 (24)

2115 1291 2195 1352 εἰς
2222 1288 2517 1356 ἀπολογίαν
2546 1287 2800 1355 εὐλόγους
2824 1305 2891 1340 πε
2904 1289 2955 1359 ρ).
2987 1289 3169 1342 αὐτῶν
3200 1290 3400 1353 αἰτίας,
3435 1289 3545 1352 τὰς
3587 1294 3719 1358 προ-

2118 1381 2412 1454 ειρημένας
2444 1379 2566 1452 μὲν,
2594 1381 2687 1432 καὶ
2711 1379 2914 1450 ταύτην
2945 1379 3005 1433 δέ
3032 1397 3046 1410 ’
3089 1380 3150 1433 τὸ
3176 1380 3475 1452 ἀγέννητον
3494 1379 3648 1449 (25),
3672 1380 3717 1431 εὶ

2121 1473 2214 1526 καὶ
2242 1471 2317 1543 μὴ
2342 1470 2495 1543 παρά
2546 1471 2654 1524 τῶν
2698 1471 2928 1542 Γραφῶν
2978 1471 3400 1543 μεμαθήκαμεν,
3464 1468 3716 1541 οὐδαμοῦ

2118 1563 2227 1639 γὰρ
2255 1563 2547 1634 ἀγέννητον
2577 1561 2669 1615 τὸν
2696 1561 2826 1616 Θεὸν
2855 1563 3140 1634 εἰρήκασιν
3183 1564 3238 1615 αἱ
3281 1562 3525 1633 Γραφαὶ,
3562 1562 3716 1631 ὅμως

2120 1654 2308 1727 ἐπειδὴ
2342 1656 2436 1709 καὶ
2470 1654 2655 1708 πολλοὶ
2691 1653 2800 1707 τῶν
2826 1653 3128 1709 δοκούντων
3162 1654 3593 1725 δμνημόνευσαν
3621 1649 3713 1706 τοῦ

440 1737 478 1791 ti
511 1738 757 1807 prteclari
791 1738 891 1793 viri
921 1739 988 1795 de
1012 1740 1104 1794 illo
1129 1742 1353 1797 nomine
1381 1742 1713 1798 mentionem
1745 1740 2010 1808 fecerint,

2128 1748 2396 1819 Βνόματος,
2429 1747 2958 1817 φιλοπευστήσαντες
2991 1744 3233 1817 ἔγνωμεν
3270 1746 3352 1798 ὅτι
3412 1745 3516 1798 καὶ
3552 1744 3715 1798 τοῦτο

436 1838 691 1885 accurate
723 1830 790 1885 de
820 1830 913 1885 illo
946 1831 1242 1900 sciscitati,
1275 1834 1601 1904 agnovimus
1652 1834 1758 1889 hoc
1807 1849 2009 1889 nomen

436 1920 649 1977 diversa
682 1922 990 1994 signilicare
1022 1945 1033 1978 :
1063 1924 1155 1979 alii
1186 1925 1333 1979 enim
1373 1926 1527 1980 aiunt
1560 1925 1860 1996 ingenitum
1888 1940 2013 1981 esse

436 2012 490 2067 id
511 2013 655 2083 quod
680 2015 916 2082 exsistit,
946 2031 1048 2071 nec
1083 2024 1263 2073 tamen
1291 2018 1533 2088 genitum
1559 2028 1661 2085 est,
1693 2034 1872 2089 neque
1894 2033 2014 2072 om-

434 2106 568 2162 nino
601 2122 823 2163 causam
855 2109 1017 2164 habet
1049 2127 1062 2163 :
1097 2110 1187 2164 alii
1211 2125 1358 2177 vero,
1382 2110 1437 2165 id
1469 2112 1613 2182 quod
1635 2122 1877 2168 creatum
1902 2127 2012 2166 non

433 2207 536 2254 est.
606 2197 663 2253 Si
709 2201 834 2271 quis
867 2200 1032 2271 igitur
1060 2201 1254 2256 harum
1286 2203 1741 2275 significationum
1774 2205 2013 2275 priorem

435 2290 768 2360 respiciens,
809 2306 918 2361 qua
974 2291 1297 2364 intelligitur
1340 2293 1642 2363 ingenitum
1695 2308 1817 2349 esse
1863 2293 2014 2364 quod

436 2383 641 2437 nullam
671 2382 833 2439 habet
858 2399 1082 2439 causam
1107 2425 1121 2450 ,
1152 2385 1357 2441 diceret
1388 2384 1585 2440 Filium
1623 2401 1729 2441 non
1758 2403 1879 2443 esse
1926 2389 2014 2444 in-

434 2477 675 2547 genitum
704 2493 720 2542 ;
778 2491 887 2531 non
917 2476 1038 2531 ideo
1067 2477 1113 2532 si
1150 2493 1313 2547 quem
1345 2479 1694 2547 conspicatus
1720 2479 1834 2550 qui,
1855 2479 2012 2551 juxta

436 2569 765 2624 sententiam
793 2585 916 2639 quae
948 2571 1023 2625 ait
1082 2571 1259 2641 ipsum
1288 2587 1387 2627 nec
1416 2572 1694 2642 opiﬁcium
1726 2588 1826 2628 nec
1866 2589 2017 2629 crea-

438 2670 615 2716 turam
642 2703 657 2727 ,
690 2662 783 2716 sed
817 2671 1075 2717 aeternam
1106 2663 1316 2732 prolem
1351 2678 1472 2718 esse
1497 2704 1513 2729 ,
1549 2678 1673 2718 eum
1708 2663 2011 2733 ingenitum

437 2754 660 2820 diceret,
689 2755 839 2808 illum
862 2762 1147 2825 propterea
1171 2755 1577 2810 criminaretur.
1611 2754 1846 2826 Uterque
1867 2759 2014 2813 enim

436 2846 591 2917 juxta
628 2847 912 2917 proprium
949 2863 1172 2917 scopum
1224 2839 1395 2919 probe
1445 2848 1659 2905 locutus
1702 2859 1874 2915 esset;
1937 2852 2015 2905 ita

437 2956 657 3013 quoque
701 2941 745 2996 si
782 2956 849 2995 ex
907 2939 1163 2996 Patribus
1207 2942 1299 2996 alii
1340 2942 1449 2998 alio
1484 2943 1649 2999 modo
1684 2944 1751 2998 de
1784 2944 2017 3000 consub-

439 3030 681 3086 stantiali
709 3030 874 3085 locuti
907 3039 1070 3098 sunt,
1108 3046 1177 3086 ne
1208 3033 1603 3090 contendamus
1633 3052 1648 3089 :
1681 3036 1774 3089 sed
1804 3035 1891 3106 pie
1922 3052 2014 3090 eo-

440 3138 561 3176 rum
596 3122 737 3177 dicta
772 3122 1139 3192 excipiamus,
1197 3121 1329 3176 dum
1383 3125 1623 3181 maxime
1674 3134 1787 3182 toto
1836 3128 2016 3183 studio
2045 3130 2086 3186 C

438 3215 626 3286 pietati
657 3230 878 3285 operam
917 3214 1206 3270 dederunt.

511 3304 598 3359 47.
625 3304 864 3376 lgnatius
917 3314 1084 3372 certe,
1132 3308 1225 3377 qui
1258 3316 1381 3379 post
1414 3309 1689 3378 apostolos
1715 3309 2017 3366 Antiochia:

437 3396 727 3466 episcopus
779 3396 1113 3453 constitutus
1144 3407 1228 3452 est
1248 3438 1263 3464 ,
1319 3399 1544 3469 ipseque
1576 3409 1782 3471 martyr
1810 3400 2015 3456 Christi

439 3487 562 3554 fuit,
593 3487 660 3543 de
688 3488 917 3543 Domino
943 3489 1210 3554 scribens,
1235 3489 1370 3545 dixit
1387 3488 1531 3560 (30):
1556 3509 1575 3542 ‹
1600 3489 1753 3547 Unus
1773 3493 2016 3549 medicus

438 3589 524 3634 est
552 3580 791 3634 carnalis
832 3588 886 3635 et
925 3581 1249 3651 spiritualis,
1276 3580 1453 3638 factus
1493 3594 1680 3640 etnon
1707 3584 1921 3653 factus,
1958 3587 2014 3641 in

438 3671 662 3726 homine
693 3669 836 3727 Deus
858 3672 965 3737 ,-in
1000 3683 1175 3727 morte
1205 3672 1312 3728 vita
1342 3689 1468 3729 vera
1492 3714 1508 3740 ,
1537 3684 1592 3730 et
1636 3690 1703 3731 ex
1744 3674 1915 3731 Maria
1960 3684 2017 3732 et

440 3775 507 3815 ex
540 3760 667 3814 Deo.
712 3779 731 3812 ι
770 3759 1002 3826 Quidam
1036 3769 1215 3815 autem
1250 3769 1372 3831 post
1412 3760 1678 3833 lgnatium
1706 3772 1763 3819 et
1794 3765 1894 3834 ipsi
1947 3780 2015 3820 ex

441 3853 717 3922 magistris
749 3855 951 3910 nostris
978 3856 1260 3911 scribunt:
1287 3875 1305 3908 ι
1332 3857 1511 3913 Unum
1538 3872 1644 3913 non
1677 3857 1880 3914 factum
1908 3868 2013 3928 est,

442 3944 651 3999 scilicet
689 3942 848 3999 Pater
879 3963 892 3999 :
925 3953 979 4001 et
1014 3962 1156 4002 unus
1190 3962 1259 4000 ex
1307 3947 1428 4017 ipso
1473 3945 1646 4003 Filius
1696 3962 2011 4017 germanus,

441 4036 620 4104 proles
645 4052 791 4103 vera,
817 4035 1053 4091 Verbum
1085 4046 1139 4092 et
1166 4036 1443 4109 Sapientia
1471 4038 1672 4095 Patris.
1701 4059 1719 4091 ι
1745 4038 1802 4094 Si
1830 4039 2016 4109 itaque

443 4127 550 4183 illis
578 4128 739 4182 etiam
770 4129 1146 4196 adversamur,
1174 4130 1245 4185 sit
1268 4131 1426 4186 nobis
1448 4131 1736 4186 adversum
1778 4133 2015 4202 synodos

442 4235 659 4290 quoque
686 4230 982 4276 certamen.
1030 4220 1189 4287 Quod
1222 4222 1268 4276 si
1302 4223 1456 4292 gnari
1486 4238 1675 4278 eorum
1709 4223 1764 4276 in
1794 4223 2014 4278 Christo

443 4314 601 4380 fidei,
637 4328 961 4385 persuasum
1002 4312 1266 4368 habemus
1297 4313 1515 4368 beatum
1549 4313 1713 4369 etiam
1746 4313 2014 4385 lgnatium

536 4496 626 4568 εδ)
661 4465 752 4551 sn:
798 4494 1111 4550 Felckman.
1140 4494 1195 4559 5,
1225 4502 1388 4549 recte.
1416 4493 1561 4550 eam
1587 4504 1640 4550 et
1670 4495 1782 4561 alii,
1810 4497 2013 4568 ταύτην
2044 4472 2089 4528 ι)

444 4569 719 4641 ἔγραψαν.Δ
792 4636 827 4641 _
865 4637 877 4641 _
963 4637 995 4641 _
1052 4633 1071 4641 _
1290 4598 1319 4641 ~_
1426 4610 1429 4613 λ

521 4633 635 4707 (ἓᾶ)
668 4637 757 4692 Sic
788 4636 934 4692 Felc.
963 4637 1018 4691 5.
1052 4633 1110 4707 Ψ
1136 4635 1351 4707 caeteris
1374 4646 1435 4707 et
1458 4635 1624 4707 editis
1651 4636 1762 4707 γάρ
1794 4636 1963 4707 deest.

521 4640 613 4707 (24
668 4640 757 4692 Sic
788 4640 934 4692 Felc.
963 4640 1018 4691 '5.
1053 4640 1110 4688 In
1141 4640 1351 4690 caeteris
1381 4646 1435 4689 et
1464 4640 1624 4690 editis
1651 4640 1762 4707 γάρ
1794 4640 1963 4691 deest.

521 4640 635 4780 (25)
665 4708 756 4763 Sic
790 4707 924 4777 Reg.
968 4719 1023 4780 et
1058 4704 1238 4780 Felck.
1272 4706 1326 4780 ζ’).
1353 4704 1515 4780 _Editi
1552 4721 1698 4780 vero.
1727 4706 2010 4780 ἀγένητονε

445 4775 624 4836 Paulo
650 4790 768 4848 post
798 4775 927 4832 edit.
955 4777 1245 4848 Gomt_nel_.,
1267 4775 1550 4848 ἀγένητον.
1586 4775 1728 4848 Egit.
1758 4775 1893 4831 vero
1914 4777 2015 4848 Pa-

446 4853 544 4906 ris.
572 4844 694 4907 cuin
729 4849 859 4918 Reg.
900 4856 954 4903 et
981 4846 1244 4918 Felc_l_t._'5,
1281 4844 1593 4918 ἀγέννητον.
1631 4844 1764 4918 Vide
1796 4862 1916 4914 quae
1947 4847 2016 4902 de

449 4923 553 4976 hac
576 4934 711 4975 voce
754 4914 897 4973 dicta
933 4926 1061 4972 sunt
1092 4915 1262 4985 Epist.
1306 4915 1383 4969 De
1429 4914 1653 4970 decretis
1683 4914 1920 4971 Nicwm's
1959 4918 2014 4971 in

447 4991 653 5046 Monito
684 4998 738 5045 et
781 5005 836 5043 ιι.
876 4989 967 5043 28.
1009 4988 1297 5057 Ἀγένητον
1326 4996 1380 5041 et
1412 4986 1704 5058 ἀγέννητον
1733 4988 2018 5043 confundit

448 5061 800 5116 Athanasius.

520 5132 632 5201 (26)
664 5129 758 5201 Sic
782 5128 962 5183 Felck.
991 5127 1046 5183 5.
1079 5125 1137 5201 lu
1164 5126 1340 5201 editis
1366 5134 1422 5180 et
1458 5128 1670 5183 caeteris
1712 5142 1845 5182 mss.
1876 5127 2011 5191 haec,

447 5204 498 5256 οἱ
530 5196 592 5255 δὲ
616 5196 693 5253 ’τὸ
729 5199 1014 5264 ἀκτιστον,
1063 5196 1441 5252 desiderantur
1475 5215 1489 5250 :
1536 5213 1793 5267 germana
1832 5209 2015 5267 tamen

450 5282 609 5347 sunt,
668 5269 1107 5347 respondentque
1146 5267 1339 5347 _priori
1391 5266 1694 5347 περικοπῆς
1734 5267 1908 5335 parti,
1965 5266 2015 5347 οἱ

453 5342 574 5413 μέν,
595 5351 699 5396 etc.
712 5336 857 5413 Reg.
877 5336 1035 5403 ibid.,
1061 5336 1349 5408 ἀγέννητον
1365 5336 1542 5408 prima
1566 5336 1751 5401 manu,
1778 5338 2014 5391 secunda
2056 5380 2061 5383 ‹

448 5411 595 5473 Vero,
625 5411 904 5480 ἀγένητον.

520 5482 632 5553 (27)
661 5477 751 5535 Sic
781 5477 921 5536 Felc.
957 5480 1010 5546 5,
1037 5489 1090 5535 et
1117 5477 1248 5553 Reg.
1285 5478 1361 5553 (i_n
1406 5487 1726 5553 quo_ta_mcn
1778 5491 1945 5553 unum
1986 5492 2015 5528 ν

450 5546 622 5621 supra
642 5554 874 5620 positum
904 5554 1029 5620 est),
1059 5561 1112 5606 et
1144 5551 1276 5604 edit.
1296 5546 1478 5603 Paris.
1512 5546 1655 5603 Edit.
1690 5562 1819 5601 veto
1847 5549 2013 5600 Com-

450 5622 576 5691 mel.
613 5621 894 5691 ἀγένητον.

526 5686 814 5761 (mrem.
839 5692 905 5761 75,
946 5689 1249 5761 meum
1296 5690 1439 5761 idem
1468 5703 1592 5761 cum
1638 5686 1768 5761 edit.
1800 5686 2011 5741 Comm.

450 5774 502 5819 ct
535 5759 708 5816 Paris.
753 5760 1059 5829 ἀγέννητον.
1092 5759 1154 5815 Et
1198 5762 1268 5815 ita
1311 5760 1444 5830 Reg.
1479 5759 1663 5824 etiam,
1699 5759 1749 5811 in
1792 5772 1899 5828 quo
1930 5765 2013 5811 ta-

2115 1844 2175 1896 τὸ
2202 1842 2373 1913 ὄνομα
2397 1840 2628 1911 διάφορα
2654 1837 2767 1909 ἔχει
2816 1838 2886 1893 τά
2938 1840 3338 1910 σημαινόμενα·
3389 1837 3487 1892 καὶ
3523 1840 3582 1891 οἱ
3616 1837 3715 1909 μὲν

2114 1930 2173 1984 τὸ
2196 1930 2254 1984 ὃν
2279 1930 2397 2001 μὲν,
2432 1930 2571 2000 μήτε
2596 1927 2652 1981 δὲ
2674 1926 2950 1998 γεννηθὲν,
2988 1928 3125 1999 μήτε
3148 1928 3284 1990 ὅλως
3323 1926 3447 1997 ἕχον
3468 1998 3477 2001 Α
3495 1926 3599 1981 τὸν
3630 1926 3714 1979 αἴ-

2115 2040 2246 2088 τιον,
2263 1998 2512 2091 λέγουσιν
2537 2022 2829 2091 ἀγέννητον
2843 2019 2978 2091 (26)·
2993 1998 3115 2072 οἱίδὲ
3130 2018 3189 2071 τὸ
3208 1998 3484 2073 ἀκτιστονξ
3492 2019 3713 2090 ’Ὠσπερ

2114 2112 2207 2168 οὖν
2234 2114 2437 2169 τούτων
2466 2112 2607 2166 οὐτω
2671 2111 3106 2184 σημαινομένων,
3141 2112 3189 2164 εἰ
3220 2114 3249 2164 ὁ
3281 2111 3383 2182 μέν
3438 2128 3531 2175 τις
3570 2110 3708 2163 ἀπο-

2116 2205 2328 2259 ϐλέπων
2346 2206 2425 2268 εἰς
2447 2203 2509 2256 τὸ
2537 2202 2801 2275 πρότερον
2848 2199 3262 2272 σημαινόμενον,
3304 2198 3388 2261 τὸ,
3452 2198 3534 2269 μὴ
3587 2198 3710 2267 ἔχον

2114 2299 2207 2352 τὸν
2239 2298 2433 2362 αἴτιον,
2468 2295 2621 2363 ἔλεγε
2653 2295 2727 2367 μὴ
2787 2291 2928 2347 εἶναι
2956 2290 3253 2361 ἀγέννητον
3287 2289 3400 2361 (27)
3430 2290 3528 2342 τὸν
3554 2289 3703 2351 Υίδν,

2114 2390 2216 2442 οὐκ
2259 2388 2324 2442 ἂν
2366 2386 2660 2458 κατηγόρει
2716 2382 2927 2455 βλέπων
2976 2383 3162 2454 ἕτερον
3217 2380 3485 2452 βλέποντα
3512 2382 3598 2445 είς
3649 2380 3707 2433 τὸ

2118 2481 2193 2551 μὴ
2225 2475 2362 2532 εἶναι
2393 2479 2602 2549 ποίημα
2628 2477 2763 2548 μηδὲ
2805 2476 3028 2547 κτίσμα,
3070 2474 3184 2528 ἀλλ’
3214 2475 3381 2528 ἀΐδιον
3436 2473 3555 2545 (28)
3586 2474 3703 2542 γέν-

2115 2544 2284 2641 νημα,
2322 2570 2414 2622 καὶ
2445 2544 2672 2636 λέγοντα
2690 2544 2998 2639 ’ἀγέννητον
3027 2568 3118 2621 τὸν
3171 2566 3317 2620 Υἱόν.
3373 2544 3702 2636 Ἀμφότεροι
3789 2544 3798 2665 ⁴

2114 2662 2222 2731 γὰρ
2253 2659 2385 2731 πρὸς
2411 2659 2498 2711 τὸν
2530 2657 2658 2711 ἴδιον
2687 2654 2885 2709 σκοπὸν
2935 2656 3190 2727 ὁρῶντες,
3243 2654 3425 2718 καλῶς
3481 2655 3701 2728 εἰρήκα-

2118 2765 2218 2801 σιν·
2250 2748 2423 2811 οὐτως
2451 2749 2499 2800 εἰ
2542 2748 2636 2800 καὶ
2663 2744 2770 2798 τῶν
2821 2747 3075 2818 Πατέρων
3101 2748 3150 2799 οἱ
3195 2745 3293 2817 μὲν
3340 2745 3539 2809 οὕτως,
3569 2746 3621 2798 oi
3647 2743 3702 2799 δὲ

2114 2839 2287 2903 οὕτως
2308 2840 2562 2911 εἰρήκασι
2596 2838 2725 2910 περὶ
2743 2836 2837 2891 τοῦ
2865 2838 3173 2909 όμοουσίου,
3205 2838 3278 2908 μὴ
3305 2835 3698 2906 φιλονεικῶμεν

2116 2934 2297 3003 ἡμεῖς,
2329 2931 2442 2985 ἀλλ’
2477 2929 2717 2994 εὐσεϐῶς
2748 2931 2817 2984 τὰ
2848 2930 2977 3000 παρ’
3008 2930 3187 2983 αὐτῶν
3241 2926 3547 3000 δεχώμεθα,
3600 2928 3698 2990 ἕως

2118 3025 2350 3096 μάλιστα
2382 3022 2481 3094 τὴν
2516 3021 2747 3094 σπουδὴν
2767 3017 2911 3093 εἶχον
2938 3023 3016 3086 είς
3046 3020 3346 3076 εὐσέϐειαν.

2186 3329 2275 3382 47.
2319 3327 2575 3398 Ἰγνάτιος
2606 3322 2700 3380 οὖν
2728 3325 2863 3398 (29),
2897 3329 2927 3380 ὁ
2959 3326 3099 3398 μετά
3124 3327 3250 3390 τούς
3287 3327 3621 3389 ἀποστόλους
3640 3330 3694 3380 ὲν

2128 3420 2424 3491 Ἀντιοχείᾳ
2469 3418 2825 3483 κατασταθεὶς
2876 3419 3195 3481 ἐπίσκοπος,
3239 3418 3331 3471 καὶ
3362 3420 3577 3490 μάρτυς
3603 3417 3691 3473 τοῦ

2115 3510 2348 3584 Χριστοῦ
2379 3510 2686 3581 γενόμενος,
2716 3510 2942 3582 γράφων
2996 3510 3124 3579 περὶ
3153 3509 3245 3562 τοῦ
3279 3510 3513 3581 Κυρίου,
3544 3511 3691 3581 εῐρηο

2116 3621 2229 3659 κεν·
2272 3622 2290 3655 ι
2323 3598 2416 3667 Εἷς
2474 3603 2652 3677 ἰατρός
2704 3604 2839 3667 ἐστι,
2889 3603 3145 3673 σαρκικὸς
3178 3603 3272 3654 καὶ
3303 3600 3685 3673 πνευματικὸς,

2115 3694 2339 3767 γενητὸς
2372 3694 2463 3749 καὶ
2487 3695 2747 3766 ἀγένητος
2773 3694 2908 3765 (51),
2944 3695 3004 3747 ὲν
3027 3692 3300 3765 ἀνθρώπῳ
3323 3692 3478 3758 Θεὸς,
3509 3697 3571 3747 ὲν
3596 3694 3689 3748 θα·
3796 3748 3797 3763 γ

2115 3789 2259 3859 νάτῳ
2292 3788 2403 3860 ζωὴ
2432 3787 2679 3858 ἀληθινὴ,
2701 3788 2796 3841 καὶ
2825 3788 2890 3840 ἐκ
2916 3788 3135 3858 Μαρίας
3161 3786 3254 3839 καὶ
3278 3788 3341 3840 ἐκ
3373 3787 3531 3840 Θεοῦ.
3560 3808 3578 3838 ι
3598 3788 3686 3841 Τι-
3796 3770 3797 3833 ἐ

2115 3880 2203 3944 νὲς
2228 3880 2285 3933 δὲ
2311 3880 2407 3933 καὶ
2446 3877 2555 3931 τῶν
2589 3877 2725 3948 μετά
2785 3878 3042 3946 Ἰγνάτιον
3071 3877 3378 3930 διδάσκαλοι
3416 3879 3509 3931 καὶ
3539 3876 3688 3930 αὐτοὶ

2113 3973 2433 4044 γράφουσιν·
2460 3990 2477 4022 ι
2504 3971 2599 4023 Ἓν
2625 3970 2685 4022 τὸ
2712 3970 2972 4041 ἀγένητον
3000 3968 3111 4041 (52)
3134 3971 3162 4021 ὁ
3194 3970 3403 4043 Πατὴρ,
3435 3972 3531 4024 καὶ
3559 3966 3643 4034 εἷς
3660 3972 3687 4023 ὁ

2114 4063 2174 4129 ἐξ
2196 4063 2356 4118 αὐτοῦ
2384 4061 2512 4125 Υἱός
2530 4064 2772 4133 γνήσιος,
2805 4062 3051 4132 γέννημα
3091 4060 3365 4132 ἀληθινόν,
3400 4062 3576 4129 Λόγος
3601 4060 3686 4114 καὶ

2116 4156 2285 4224 Σοφία
2328 4153 2422 4208 τοῦ
2451 4153 2714 4225 Πατρός.)
2754 4154 2816 4206 Et
2850 4154 2952 4223 μὲν
3011 4148 3104 4206 οὖν
3157 4154 3252 4206 καὶ
3299 4152 3436 4225 πρὸς
3469 4154 3686 4215 τούτους

2114 4246 2372 4311 ἐναντίως
2425 4247 2763 4317 διακείμεθα,
2798 4246 2938 4299 ἔστω
2990 4245 3085 4299 καὶ
3144 4244 3281 4316 πρὸς
3310 4246 3408 4309 τὰς
3441 4246 3686 4308 συνόδους

2116 4340 2298 4412 ήμίνή
2330 4339 2497 4411 μάχηζ
2533 4340 2597 4392 Εἰ
2632 4338 2710 4404 δὲ,
2756 4338 2855 4410 τὴν
2900 4340 2960 4392 ὲν
2998 4337 3221 4411 Χριστῷ
3273 4338 3456 4391 πίστιν
3509 4335 3685 4391 αὐτῶν

2116 4509 2241 4548 men
2270 4510 2438 4549 unum
2471 4511 2499 4548 ν
2524 4494 2773 4548 abrasnm
2809 4493 2928 4550 fuit.
2960 4493 3129 4548 Paulo
3156 4503 3276 4559 post
3307 4494 3361 4546 in
3396 4492 3530 4559 Reg.
3563 4500 3681 4564 post

2114 4566 2397 4635 είρήκασιν
2441 4567 2683 4635 ροιιίιυιῄ
2709 4565 3117 4635 interpunctio.
3144 4579 3264 4632 qua:
3303 4564 3355 4635 in
3395 4565 3522 4625 edit,
3568 4572 3680 4631 post

2114 4633 2285 4697 οὕτως
2318 4633 2745 4705 Ιιοὺὲιυνηιιιίτα
2777 4646 2908 4705 ante
2940 4634 3014 4705 μὴ
3049 4634 3679 4705 φιλονεικῷμενηεεῑιυι·

2114 4705 2208 4759 καί
2239 4706 2292 4757 in
2321 4706 2477 4768 edit.,
2496 4703 2589 4758 sed
2616 4705 2765 4758 deest
2797 4707 2850 4757 in
2880 4701 3012 4772 Reg.
3038 4713 3093 4757 et
3119 4703 3264 4757 Felc.
3294 4701 3353 4755 ες
3378 4701 3433 4755 ln
3464 4701 3568 4757 hoc
3595 4717 3679 4771 po-

2116 4786 2323 4898 ἓιιτειῐιὶ)1
2355 4790 2484 4829 mox
2528 4773 2788 4845 δεχόμενα
2808 4814 2823 4836 ,
2855 4785 2908 4828 et
2944 4775 2999 4827 in
3028 4774 3239 4839 eodem,
3266 4773 3348 4835 εἰς
3376 4782 3501 4827 ante
3528 4772 3673 4825 εὐσέα

2152 4862 2267 4897 ειαν
2329 4855 2461 4898 eest.

2152 4862 2267 4897 ειαν
2293 4855 2461 4899 deest.

2188 4914 2300 4980 (29)
2331 4915 2531 4984 liegius
2557 4913 2746 4975 codex,
2779 4911 2930 4981 γοῦν.

2186 4984 2303 5105 (30%
2336 4980 2490 5039 lluitc
2523 4985 2701 5038 locum
2732 4985 2851 5038 vid‘e
2895 4981 3055 5052 epist.
3102 4980 3295 5053 Ignatii
3347 4982 3416 5037 ad
3452 4980 3669 5051 Ephes.,

2186 5071 2235 5105 ι).
2309 5094 2323 5105 .

2117 5070 2235 5110 can.
2274 5070 2323 5108 'l.

2185 5071 2471 5195 galliae.
2490 5123 2560 5195 75,
2589 5121 2861 5195 few-nso;
2882 5122 2980 5195 καί
3019 5121 3330 5195 ἀγέννητος,
3364 5128 3420 5195 ει
3447 5118 3671 5195 ita__legi-

2115 5189 2206 5249 tur
2229 5189 2290 5248 in'
2312 5194 2501 5262 lgnatii
2531 5189 2757 5262 epistola
2801 5193 2865 5245 ad
2891 5193 3171 5260 Ephesios,
3205 5189 3325 5260 cap.
3366 5190 3417 5245 7.
3441 5189 3594 5262 _Editi
3623 5196 3670 5241 et

2116 5264 2245 5323 alii,
2298 5259 2524 5334 γενητὸς
2564 5259 2669 5316 ’καὶ
2712 5259 2998 5334 ἀγένητος,
3051 5259 3389 5334 atquejiera
3440 5259 3556 5334 δέξο
3596 5266 3671 5334 est

2116 5329 2396 5388 Athanasii
2419 5329 2591 5387 'lectio
2636 5342 2696 5386 ut
2734 5329 2799 5386 ex
2840 5329 3197 5386 inferioribus
3233 5331 3419 5399 liquet.
3468 5329 3595 5399 Mox
3620 5329 3666 5399 in

2116 5404 2274 5459 editis
2300 5404 2487 5474 lgnatii
2531 5404 2725 5472 legitur
2743 5442 2759 5464 ,
2787 5405 2846 5454 ὲν
2881 5402 3132 5473 ἀθανάτῳ
3154 5400 3265 5472 ζωὴ
3288 5395 3545 5474 ίάληθινή.

2117 5469 2348 5542 praestaf
2373 5469 2651 5527 Athanasii
2688 5474 2845 5526 lectio
2882 5488 2895 5524 :
2941 5489 3065 5526 nam
3105 5469 3366 5542 opposita
3392 5469 3537 5525 sunt
3566 5469 3670 5522 ham

2117 5541 2319 5598 omnia.
2348 5544 2550 5613 Ibidem
2574 5542 2718 5597 Felc.
2755 5544 2807 5596 5.
2841 5545 2949 5595 Καὶ
2980 5543 3177 5613 γὰρηὲκ
3200 5541 3434 5613 Μαρίας,

2189 5614 2300 5684 (52)
2327 5612 2471 5669 Felc.
2495 5614 2548 5675 5,
2575 5614 2886 5682 ἀγέννητον.
2905 5624 2959 5684 ιιι
2987 5611 3068 5684 ita:
3080 5612 3209 5683 Reg.
3238 5611 3669 5684 secunda_manu.

2117 5678 2308 5808 {Statelli
2327 5693 2392 5808 fl
2414 5685 2562 5767 σιριὶ,
2595 5678 2873 5755 ἀγένητον.
2900 5683 3018 5737 Mox
3045 5683 3073 5734 ὁ
3103 5678 3229 5738 θυῖε
3256 5679 3315 5744 ἐξ
3341 5678 3508 5735 αὐτοῦ
3535 5679 3669 5733 deesl

2119 5770 2171 5808 HI
2244 5771 2272 5808 (ἶ
2298 5772 2323 5808 (ἶ
2346 5770 2437 5808 ἹΙΙ.
2466 5772 2517 5807 ι).

2119 5770 2171 5809 ιιι
2202 5770 2230 5807 I'
2244 5770 2437 5810 CICKUI.
2466 5772 2517 5807 ι).
