3824 6224
191 292 292 350 ΤΠ

1595 285 1686 342 DE
1724 283 2027 342 SYNODIS.

3324 296 3426 354 778

198 413 564 483 γινώσκοντες,
595 409 954 483 ηπείσμεθα,
984 412 1067 465 ὅτι
1095 410 1189 464 κα)⁸
1216 412 1244 464 6
1271 410 1539 482 μακάριος
1581 409 1744 478 Ἰγνά-

1859 416 2007 463 recte
2032 409 2337 480 scripsisse,
2369 426 2493 467 cum
2530 413 2680 468 illum
2711 416 2894 473 carnis
2916 430 3082 475 causa
3113 418 3314 475 factum
3345 423 3429 476 di-

191 523 295 570 τιος
329 505 514 578 ὀρθῶς
551 505 774 578 ἔγραψε,
817 505 1042 576 γενητόν
1095 503 1257 556 αὐτὸν
1304 503 1478 573 λέγων
1517 500 1606 554 διὰ
1661 500 1761 572 τὴν

188 597 361 669 σάρκα
386 599 462 670 (6
491 599 600 670 γὰρ
629 597 862 670 Χριστός
897 597 1034 669 σὰρξ
1073 597 1311 669 ἐγένετο)
1339 610 1354 627 ο
1385 594 1648 665 ἀγένητον
1679 593 1755 658 δὲ,

186 689 263 742 ὅτι
295 690 370 761 μὴ
397 689 512 743 τῶν
538 691 857 762 ποιημάτων
886 694 980 744 καὶ
1005 689 1246 762 γενητῶν
1299 689 1466 754 ἐστιν,
1497 686 1612 740 ἀλλ’
1631 685 1761 750 Υἱὸς

185 783 246 836 ὲκ
274 784 514 855 Πατρός.
546 785 660 836 Οὐκ
691 783 992 854 ἀγνοοῦμεν
1041 783 1118 850 δὲ,
1145 783 1228 835 ὅτι
1255 781 1350 836 καὶ
1396 783 1446 835 οί
1476 779 1759 852 εἰρηκότες

186 880 239 932 ἒν
258 879 318 932 τὸ
341 879 610 950 ἀγένητον
632 879 742 950 (55)
767 876 860 931 τόν
889 876 1108 949 Πατέρα
1137 875 1407 944 λέγοντες,
1438 875 1536 945 οὐχ
1556 875 1631 936 ὼς
1659 890 1754 941 γει

185 971 337 1042 νητοῦ
367 971 465 1026 καὶ
498 971 805 1043 ποιήματος
849 969 1000 1033 ὄντος
1052 967 1147 1022 τοῦ
1178 967 1352 1036 Λόγου
1392 967 1564 1030 οὕτως
1597 967 1760 1036 ἐγρα-

183 1062 304 1132 qm,
335 1061 452 1115 ἀλλ’
475 1062 560 1116 ὅτι
611 1060 686 1132 μὴ
733 1060 844 1133 ἔχει
885 1060 997 1132 (54)
1027 1058 1118 1114 τόν
1171 1059 1362 1113 αῐτιοψ
1411 1057 1505 1113 κα³ι
1559 1059 1756 1130 μᾶλλον

183 1155 340 1218 αὐτὸς
365 1153 563 1226 Πατὴρ
633 1153 733 1224 μέν
765 1153 882 1206 ἔστι
918 1154 1017 1224 τῆς
1062 1154 1281 1224 Σοφίας,
1339 1151 1408 1206 τὰ
1461 1152 1521 1206 δὲ
1553 1151 1755 1224 γενητὰ

183 1249 352 1302 πάντα
373 1247 433 1302 ὲν
463 1246 627 1317 σοφίᾳ
662 1245 948 1317 πεποίηκε·
1001 1246 1088 1300 διὰ
1141 1245 1194 1300 τί
1229 1245 1303 1318 μὴ
1353 1245 1449 1298 καὶ
1491 1245 1618 1308 τοὺς
1643 1242 1753 1315 (55)

182 1339 444 1411 Πατέρας,
486 1338 616 1402 τούς
657 1354 718 1393 τε
775 1337 867 1392 τὸν
910 1337 1224 1409 Σαμοσατέα
1281 1336 1626 1402 καθελόντας,
1660 1337 1756 1390 καὶ

180 1433 272 1504 τὴν
314 1430 602 1503 ’Δρειανὴν
627 1431 838 1504 αἵρεσιν
864 1431 1336 1503 στηλιτεύσαντας,
1368 1431 1447 1496 είς
1475 1430 1754 1484 εὐσέϐειαν

182 1525 497 1595 συνάγομεν,
532 1523 668 1577 ἀλλὰ
697 1523 1074 1595 διαστέλλομεν
1100 1523 1202 1578 ἀνὰ
1237 1524 1400 1594 μέσον
1432 1522 1630 1590 αὐτῶν,
1659 1523 1753 1576 καὶ

181 1613 237 1665 οὐ
274 1614 473 1684 μᾶλλον
541 1612 717 1685 ὀρθῶς
771 1608 911 1684 περῖ
930 1612 1106 1667 αὐτῶν
1141 1614 1479 1686 φρονοῦμεν;
1514 1615 1598 1668 ὄτι
1649 1614 1751 1667 κά-

180 1708 358 1771 κεῖνοι,
391 1705 647 1777 καθάπερ
676 1702 848 1773 εἷπον,
878 1706 1014 1778 πρὸς
1051 1705 1112 1760 τό
1146 1708 1384 1778 σόφισμα
1422 1705 1516 1760 τοῦ
1572 1707 1751 1778 Σαμο-

181 1797 395 1864 σατέως,
453 1800 554 1854 καὶ
602 1799 701 1872 τὴν
757 1800 1053 1872 ἑρμηνείαν
1119 1799 1284 1853 αὐτοῦ
1350 1801 1450 1870 τὴν
1518 1799 1752 1854 διάνοιαν

181 1887 400 1958 ἔχοντες,
429 1890 702 1963 ἔγραψαν,
727 1893 841 1946 Οὐκ
873 1891 1022 1961 ἐστιν(
1047 1890 1348 1963 ὁμοούσιος·
1383 1892 1475 1945 καὶ
1497 1887 1640 1946 οὗτοι
1673 1892 1749 1958 δὲ,

180 1981 349 2046 καλῶς
377 1983 696 2054 νοήσαντες,
718 1985 1003 2055 εἰρήκασιν
1027 1983 1310 2054 ὁμοούσιον
1332 1979 1470 2037 εἷναι
1492 1983 1582 2037 τόν
1600 1984 1748 2040 Υἱὸν.

180 2071 280 2125 Καὶ
301 2073 410 2144 γὰρ
441 2072 603 2142 κάγὼ
643 2073 866 2128 τοιαῦτα
896 2074 996 2145 μὲν
1041 2075 1178 2129 νοῶν
1222 2074 1332 2146 (56)
1373 2077 1499 2147 περὶ
1539 2073 1645 2128 τῶν
1670 2077 1754 2128 εὐ-

182 2164 470 2220 σεϐούντων
503 2167 588 2229 είς
617 2165 709 2220 τόν
755 2167 988 2233 Χριστόν
1034 2169 1099 2221 δι’
1137 2168 1330 2237 ὀλίγων
1357 2167 1586 2238 ἔγραψα·
1617 2169 1665 2220 εἰ
1695 2168 1751 2221 δὲ

177 2251 384 2310 δυνατὸν
409 2253 478 2330 ἦν
511 2257 815 2330 εὐπορῆσαι
845 2260 1057 2331 καὶτῆς
1081 2259 1384 2332 ἐπιστολῆς,
1421 2260 1488 2330 ἢν
1507 2260 1750 2329 λέγουσιν

180 2349 408 2414 ἐκείνους
441 2349 561 2422 (57)
593 2351 946 2424 γεγραφέναι,
969 2351 1210 2424 ἡγοῦμαι
1257 2351 1475 2417 πλείους
1524 2351 1751 2424 εὑρεθή-

183 2441 355 2496 σεσθαι
403 2445 505 2508 τὰς
549 2445 867 2514 προφάσεις,
919 2446 987 2498 δι’
1027 2444 1092 2510 ἃς
1147 2445 1570 2516 ἠναγκάσθησαν
1607 2445 1749 2500 οὕτω

180 2533 374 2603 γράψαι
400 2536 451 2586 οἱ
481 2535 744 2606 μακάριοι
777 2536 994 2590 ἐκεῖνοι.
1025 2537 1117 2588 Δεῖ
1143 2535 1251 2608 γὰρ
1307 2538 1455 2608 ἡμᾶς
1483 2537 1577 2590 καὶ
1616 2537 1749 2609 πρέ-

181 2641 263 2678 πει
291 2627 514 2682 τοιαῦτα
545 2631 778 2698 φρονεῖν,
799 2628 1051 2701 τοιαύτην
1078 2647 1137 2682 τε
1167 2627 1357 2692 σώζειν
1386 2630 1594 2702 ἀγαθὴν
1625 2647 1748 2684 συν-

181 2716 374 2786 είδησιν
404 2719 548 2792 πρὸς
585 2722 712 2785 τοὺς
739 2722 1006 2792 Πατέρας,
1052 2722 1168 2790 εἴγε
1205 2722 1279 2792 μὴ
1303 2721 1444 2774 νόθοι
1483 2722 1746 2793 τυγχάνο-

185 2822 292 2874 μεν,
312 2808 424 2861 ἀλλ’
455 2809 517 2876 ἐξ
545 2809 722 2863 αὐτῶν
748 2810 942 2880 ἔχομεν
991 2810 1090 2874 τὰς
1116 2812 1461 2883 παραδόσεις,
1496 2811 1588 2865 καὶ
1615 2811 1744 2885 παρ’

181 2897 347 2952 αὐτῶν
371 2899 470 2972 τὴν
493 2899 597 2970 τῆς
618 2900 896 2963 εὐσεϐείας
924 2900 1290 2955 διδασκαλίαν.

243 2983 328 3040 48.
349 2985 590 3058 Τοιαύτη
627 2987 725 3057 μὲν
750 2983 841 3041 οὖν
873 2990 906 3059 ή
940 2987 1148 3042 διάνοια
1171 2988 1281 3042 τῶν
1305 2990 1560 3061 Πατέρων
1593 2990 1744 3058 λεγέ-

1863 498 1939 552 xit
1983 497 2254 570 (Christus
2285 504 2432 558 enim
2463 519 2592 560 caro
2616 504 2793 562 fac‘tus
2817 509 2946 578 est),
2972 520 3027 565 et
3059 511 3426 577 non-factum,

1859 590 1990 660 quia
2015 606 2128 645 non
2168 607 2235 648 ex
2259 595 2490 664 opiﬁciis
2513 607 2568 654 et
2611 599 2776 655 rebus
2805 600 2963 658 factis
2985 613 3068 660 est
3086 645 3101 671 ,
3129 606 3222 660 sed
3256 604 3427 661 Filius

1859 695 1925 734 ex
1939 679 2100 738 Patre
2127 698 2141 737 :
2169 700 2269 740 nec
2297 687 2613 758 ignoramus
2633 707 2728 748 eos
2753 695 2846 764 qui
2870 711 3036 751 unum
3061 697 3425 765 non-factum,

1857 773 2022 844 608
2051 777 2270 833 scilicet'
2284 778 2496 836 Patrem
2528 783 2734 850 dixere,
2760 800 2866 840 non
2898 789 3056 858 quasi
3096 789 3325 846 Verbum
3355 792 3428 847 sit

1858 879 1948 920 res
1981 865 2122 922 facta
2149 878 2242 924 aut
2264 870 2542 941 opiﬁcium
2569 874 2643 930 ita
2671 877 2999 948 scripsisse;
3029 883 3124 937 sed
3151 885 3278 953 quia
3306 887 3426 940 uqu

1856 954 1965 1010 1am
2003 956 2163 1014 Pater
2193 960 2390 1018 habeat
2417 979 2678 1034 causam;
2727 968 2840 1024 imo
2896 973 3110 1040 potius,
3146 977 3275 1045 quia
3309 977 3424 1046 ipse

1857 1053 2077 1121 quidem
2109 1055 2268 1110 Pater
2300 1059 2372 1114 sit
2407 1056 2699 1131 Sapientiae
2720 1103 2736 1129 ,
2774 1065 2988 1134 opiﬁcia
3018 1078 3196 1124 autem
3239 1074 3422 1126 omnia

1857 1143 1912 1198 in
1941 1147 2205 1216 sapientia
2236 1148 2457 1218 fecerit;
2487 1168 2587 1208 cur
2616 1170 2724 1210 non
2753 1159 2913 1213 etiam
2939 1158 3148 1226 Patres,
3176 1178 3298 1218 cum
3327 1181 3422 1220 eos

1856 1235 1950 1304 qui
1974 1233 2414 1296 Samosatensem
2441 1243 2763 1314 deposuere,
2787 1258 2903 1302 tum
2927 1264 3021 1304 eos
3052 1252 3142 1321 qui
3165 1252 3422 1308 Arianam

1856 1325 2108 1384 haeresim
2139 1331 2362 1388 infamia
2392 1344 2686 1405 notarunt,
2716 1339 2774 1393 in
2808 1356 2980 1398 unum
3015 1343 3232 1414 pietatis
3261 1355 3420 1400 tuen-

1854 1419 1937 1474 dae
1957 1422 2196 1478 studium
2224 1427 2630 1497 conjungimus,
2656 1430 2767 1487 imo
2788 1447 3157 1504 scgregamus,
3181 1445 3234 1492 et
3253 1454 3422 1508 quare

1854 1527 1962 1565 non
1993 1514 2172 1582 potius
2201 1515 2268 1571 de
2307 1517 2413 1574 illis
2442 1529 2587 1576 recte
2610 1523 2880 1580 sentimus
2914 1543 2929 1580 :
2957 1527 3417 1599 quandoquidem,

1853 1605 1933 1658 uti
1957 1604 2070 1674 jam
2116 1606 2265 1674 dixi,
2317 1611 2527 1679 priores
2571 1613 2652 1668 illi
2685 1615 2862 1671 solum
2897 1617 3295 1677 Samosateiisis
3325 1638 3418 1678 so—

1852 1696 2096 1765 phisma.
2127 1708 2181 1755 et
2225 1701 2344 1772 ejus
2374 1704 2877 1776 interpretationem
2909 1721 3246 1781 spectantes,
3280 1717 3419 1770 scri-

1860 1801 2016 1854 psere
2043 1803 2152 1843 non
2181 1805 2303 1846 esse
2329 1791 2608 1851 Christum
2632 1800 3182 1857 consubstantialem:
3212 1804 3266 1858 hi
3293 1821 3421 1861 vero

1856 1877 2023 1931 verba
2067 1895 2200 1934 sane
2239 1881 2596 1955 intelligentes
2622 1929 2637 1955 ,
2687 1890 2874 1946 dixere
2907 1891 2948 1945 F
2953 1878 3102 1947 ilium
3133 1911 3255 1951 esse
3287 1911 3421 1951 con-

1857 1969 2306 2058 substantialem?
2335 1975 2597 2046 Equidem
2638 1995 2762 2035 cum
2798 1983 2892 2038 tali
2925 1984 2991 2040 de
3017 1987 3120 2056 piis
3149 1988 3256 2042 illis
3290 2005 3416 2058 erga

1855 2056 2131 2116 Christum
2153 2063 2287 2119 viris
2309 2065 2409 2121 sim
2436 2071 2725 2142 sententia,
2751 2072 2865 2128 haec
2885 2077 3073 2144 paucis
3095 2056 3414 2149 conscripsi.

1855 2149 2010 2216 Quod
2039 2153 2086 2209 si
2119 2155 2381 2225 epistolae,
2416 2175 2581 2228 quam
2614 2163 2736 2219 illos
2764 2165 3050 2235 scripsisse
3078 2168 3285 2236 dicunt,
3320 2173 3419 2223 nii-

1855 2241 1910 2296 hi
1933 2243 2086 2313 c0pia
2111 2243 2324 2314 fuisset,
2352 2249 2606 2306 existimo
2628 2254 2812 2323 plures
2837 2256 3306 2326 deprehensurum
3334 2277 3419 2316 me

1854 2333 2026 2390 fuisse
2057 2352 2273 2404 causas,
2304 2355 2403 2395 cur
2434 2343 2575 2400 beati
2612 2347 2689 2400 illi
2719 2348 2792 2402 ita
2823 2350 3064 2407 scribere
3089 2353 3263 2408 coacti
3285 2354 3413 2409 sint.

1853 2427 1959 2482 Par
1982 2443 2066 2486 est
2091 2434 2238 2488 enim
2272 2434 2534 2508 decetque
2563 2453 2662 2494 nos
2701 2440 2776 2494 ita
2803 2443 3036 2509 sentire,
3076 2444 3418 2514 probumque

1852 2537 1980 2593 erga
2024 2523 2212 2582 Patres
2253 2530 2495 2584 animum
2523 2546 2770 2597 servare,
2802 2533 2848 2588 si
2884 2543 3063 2591 tamen
3091 2539 3263 2606 spurii
3305 2555 3417 2594 non

1852 2627 2074 2683 sumus,
2109 2626 2162 2672 et
2187 2618 2233 2675 si
2262 2619 2330 2674 ab
2357 2620 2463 2677 illis
2494 2623 2814 2681 traditiones
2838 2625 3166 2698 pietatisque
3207 2631 3416 2686 doctri-

1851 2723 1978 2764 nam
2010 2718 2272 2768 tenemus.

1918 2973 2007 3029 48.
2034 2975 2215 3029 Talem
2248 2976 2411 3046 igitur
2432 2975 2653 3034 Patrum
2683 2980 2853 3038 fuisse
2881 2995 3117 3042 mentem
3145 2989 3414 3058 dicamus.

182 3073 284 3127 οθω
311 3077 402 3129 καὶ
432 3077 792 3132 πιστευέσθω.
827 3079 962 3150 Φέρε
988 3079 1043 3132 δὲ
1074 3079 1170 3133 καὶ
1223 3081 1340 3150 μετ’
1378 3079 1556 3133 αὐτῶν
1582 3080 1743 3134 πάλιν

1850 3066 2262 3138 credamusque.
2304 3069 2417 3140 Age
2450 3086 2580 3126 vero
2611 3088 2830 3130 rursum
2861 3091 2986 3131 cum
3019 3080 3127 3135 illis
3157 3098 3270 3137 rem
3302 3085 3416 3153 pla-

181 3164 509 3240 ἐξετάσωμεν
565 3169 627 3222 τό
660 3172 890 3241 πρᾶγμα
940 3170 1147 3240 πράως,
1201 3171 1296 3225 καὶ
1337 3172 1472 3242 μετὰ
1512 3172 1744 3242 συνειδή-

183 3272 308 3322 σεως
330 3261 562 3334 ἀγαθῆς,
595 3262 1062 3333 μνημονεύσαντες
1086 3261 1197 3333 (58)
1219 3264 1311 3316 καὶ
1348 3263 1454 3318 τῶν
1489 3281 1740 3335 προειρηο

185 3347 365 3416 μένωνο
401 3353 450 3404 εί
482 3354 562 3423 μὴ
605 3351 684 3424 τῷ
700 3352 813 3406 ὄντι
841 3351 1142 3407 δείκνυνται
1170 3352 1350 3417 καλῶς
1378 3356 1744 3424 φρονήσαντες

181 3439 228 3490 οἱ
281 3443 335 3494 ὲν
383 3447 450 3516 τῇ
504 3444 715 3516 Νικαίᾳ
767 3444 1108 3508 συνελθόντες
1170 3445 1478 3501 ἐπίσκοποι.
1526 3447 1590 3500 Εἰ
1643 3447 1742 3517 μὲν

183 3533 378 3605 ποίημά
405 3539 558 3591 ἐστιν
590 3539 618 3590 6
653 3537 844 3606 Λόγος,
880 3539 974 3591 κα)⁵
1023 3537 1301 3610 ἀλλότριος
1353 3537 1456 3607 τῆς
1484 3538 1575 3590 τοῦ
1629 3539 1742 3591 Πα-

183 3622 297 3692 τρός
325 3625 529 3692 οὐσίας,
561 3625 702 3680 ὥστε
726 3629 820 3682 καὶ
839 3625 1166 3698 χωρίζεσθαι
1193 3625 1356 3681 αὐτόν
1382 3625 1492 3680 ἀπό
1509 3626 1603 3680 τοῦ
1626 3627 1740 3681 Πα-

181 3713 297 3784 τρός
323 3716 398 3786 τῷ
429 3720 714 3790 ἑτεροφυεῖ
771 3718 1054 3790 χωρισμῷ,
1088 3719 1186 3772 οὐκ
1235 3718 1302 3772 ἂν
1339 3718 1425 3790 εἴη
1459 3719 1742 3790 ὁμοούσιος

181 3803 250 3872 τῷ
275 3806 460 3878 Πατρὶ,
491 3807 629 3862 ἀλλὰ
689 3809 887 3880 μᾶλλον
917 3809 1179 3880 ὁμογενὴς
1204 3808 1312 3880 (59)
1341 3812 1404 3880 τῇ
1434 3811 1592 3878 φύσει
1627 3813 1740 3874 τοῖς

183 3897 448 3967 ποιήμασι,
479 3899 589 3954 κᾶν
623 3900 934 3972 ὑπερϐάλλῃ
955 3903 1022 3972 τῇ
1051 3901 1253 3972 χάριτι·
1291 3903 1339 3954 εί
1365 3901 1423 3954 δὲ
1451 3900 1740 3971 ὁμολογοῦ-

186 4001 273 4054 μεν
303 3990 376 4061 μὴ
429 3988 570 4045 εἶναι
606 3991 768 4046 αὐτὸν
825 3993 1053 4065 ποίημα,
1100 3992 1237 4047 ἀλλὰ
1289 3994 1508 4065 γνήσιον
1542 3995 1607 4046 ἐκ
1639 3994 1741 4064 τῆς

183 4078 352 4146 οὐσίας
380 4082 471 4136 τοῦ
529 4083 742 4155 Πατρός
789 4085 1055 4156 γέννημα,
1095 4084 1384 4139 ἀκόλουθον
1437 4085 1504 4139 ἂν
1532 4086 1616 4156 εἴη
1645 4085 1737 4139 καὶ

183 4167 464 4242 ἀχώριστον
498 4174 662 4229 αὐτὸν
693 4171 829 4229 εἶναι
854 4176 946 4230 τοῦ
972 4175 1203 4248 Πατρός,
1237 4177 1447 4247 όμοφυῆ
1493 4175 1622 4230 ὄντα
1649 4176 1738 4230 διὰ

185 4260 238 4312 τὸ
264 4264 318 4330 ἐξ
349 4267 512 4321 αὐτοῦ
539 4267 916 4338 γεγεννῆσθαι.
972 4268 1222 4332 Τοιοῦτος
1267 4269 1325 4322 δὲ
1361 4269 1456 4334 ὢν,
1512 4267 1737 4332 εἰκότως

185 4356 269 4407 καὶ
297 4359 574 4427 ὁμοούσιος
595 4360 661 4414 ἂν
675 4360 899 4430 λέγοιτο.
923 4362 1152 4416 Ἔπειτα
1173 4364 1223 4415 εί
1248 4362 1322 4434 μὴ
1350 4364 1414 4415 ὲκ
1445 4363 1734 4434 μετουσίας

1846 3158 1964 3212 cide
1993 3169 2045 3213 et
2076 3159 2221 3215 bono
2255 3163 2439 3217 animo
2468 3163 2833 3233 inquiramus,
2862 3168 3038 3237 deque
3064 3187 3227 3241 supra
3251 3173 3413 3230 dictis

1845 3252 2176 3306 mentionem
2235 3252 2744 3310 faciamuszannon
2810 3274 2997 3315 revera
3048 3262 3410 3322 demonstrari

1844 3341 2016 3408 possit
2065 3343 2348 3412 episcopos
2368 3342 2559 3399 Nicaeae
2579 3356 2934 3416 congregatos
2965 3358 3109 3404 recte
3133 3351 3370 3406 sensisse
3390 3355 3414 3408 ἲ

1846 3430 1902 3485 Si
1942 3431 2172 3487 Verbum
2208 3442 2290 3488 est
2325 3449 2412 3489 res
2446 3433 2622 3502 facta,
2667 3446 2720 3491 et
2749 3439 2986 3492 alienum
3015 3456 3045 3494 a
3080 3438 3257 3496 Patris
3279 3445 3411 3498 sub-

1843 3525 2061 3590 stantia,
2087 3525 2160 3579 ita
2183 3535 2290 3581 uta
2320 3525 2474 3582 Patre
2491 3538 2820 3599 segregetur,
2847 3530 2957 3585 imo
2982 3547 3046 3586 ea
3067 3535 3408 3602 separatione

1842 3631 1964 3685 quae
1996 3633 2026 3670 a
2059 3617 2371 3674 diversitate
2400 3629 2607 3674 natura:
2639 3622 3017 3690 proﬁciscatur
3037 3663 3051 3687 ,
3082 3623 3231 3681 Patri
3259 3637 3407 3684 certe

1841 3709 2304 3765 consubstantiale
2330 3726 2673 3782 nequaquam
2705 3712 2898 3779 fuerit;
2930 3716 3022 3770 sed
3053 3719 3232 3786 potius
3258 3721 3407 3790 ejus-

1840 3800 1962 3854 dem
1992 3808 2219 3865 natum,
2256 3801 2412 3871 cujus
2444 3813 2530 3857 res
2565 3800 2743 3868 facta},
2775 3803 2876 3858 etsi
2910 3804 3018 3860 illis
3051 3808 3222 3877 gratia
3256 3820 3409 3865 ante--

1840 3894 2014 3948 cellat.
2048 3891 2202 3959 Quod
2227 3893 2273 3947 si
2297 3893 2654 3949 conﬁteamur
2674 3911 2798 3950 eum
2827 3912 2935 3951 non
2957 3913 3080 3954 esse
3105 3900 3402 3970 op'iﬁcium,

1839 3986 1934 4040 sed
1967 3986 2252 4056 genuinam
2281 4000 2348 4040 ex
2394 3983 2570 4041 Patris
2622 3987 2925 4044 substantia
2954 3990 3180 4060 prolem,
3207 4007 3404 4049 conse-

1838 4090 2009 4146 quens
2040 4091 2171 4130 sane
2201 4075 2364 4132 l'uerit
2393 4094 2517 4133 eum
2548 4079 2964 4149 inseparabilem
2998 4097 3121 4138 esse
3153 4099 3186 4138 a
3221 4083 3402 4152 Patre,

1837 4183 1964 4222 cum
2020 4168 2092 4223 sit
2118 4167 2362 4238 ejusdem
2398 4181 2606 4225 naturae
2629 4212 2645 4238 ,
2697 4181 2883 4242 utpote
2931 4174 3000 4230 ab
3036 4176 3127 4230 illo
3165 4179 3402 4249 genitus.

1837 4254 1984 4314 Talis
2015 4269 2194 4314 autem
2217 4275 2340 4315 cum
2375 4261 2478 4328 sit,
2508 4262 2630 4331 jure
2657 4265 3138 4323 consubstantialis
3164 4269 3399 4323 dicatur.

1837 4349 2040 4406 Deinde
2072 4351 2118 4404 si
2141 4366 2248 4404 non
2283 4367 2346 4406 ex
2378 4353 2790 4422 participatione
2815 4353 2984 4413 Filius
3012 4366 3114 4424 est,
3146 4359 3240 4414 sed
3271 4359 3402 4414 sub-

184 4444 530 4517 ὲστὶνόΥἱός,
571 4450 706 4505 ἀλλὰ
741 4454 806 4522 τῇ
832 4451 990 4522 οὐσία
1034 4451 1208 4520 Λόγος
1255 4453 1372 4506 ἐστὶ
1433 4454 1524 4505 καὶ
1567 4451 1734 4520 Σοφία

1850 4442 2036 4498 stantia
2074 4441 2190 4512 ipsa
2234 4441 2470 4497 Verbum
2500 4453 2580 4499 est
2625 4453 2679 4498 et
2725 4443 3001 4515 Sapientia
3043 4447 3402 4508 Patris:ha:c

182 4537 267 4590 τοῦ
297 4541 522 4614 Πατρὸς,
545 4545 579 4614 ἠ
613 4543 668 4596 δὲ
705 4543 862 4596 οὐσία
895 4541 1034 4614 αὕτη
1061 4542 1161 4614 τῆς
1196 4543 1385 4606 οὐσίας
1413 4542 1511 4613 τῆς
1535 4557 1732 4614 πατρι-

184 4631 276 4700 κῆς
320 4635 428 4688 ἐστι
451 4637 696 4707 γέννημα
725 4637 818 4690 καὶ
843 4635 1094 4706 ὁμοιότης
1123 4635 1312 4706 αὐτῆς,
1346 4634 1533 4708 ῶσπερ
1558 4635 1652 4688 καὶ
1673 4634 1734 4688 τό

185 4721 504 4799 ἀπαύγασμα
525 4727 619 4782 τοῦ
642 4727 834 4798 φωτός·
866 4727 1011 4796 λέγει
1037 4727 1094 4781 δὲ
1121 4731 1150 4782 6
1170 4728 1318 4794 Υἱὸς,
1353 4747 1373 4780 ‹
1421 4727 1559 4799 Ἐγὼ
1591 4728 1682 4781 καὶ
1703 4729 1733 4780 6

186 4811 360 4888 Πατὴρ
385 4819 442 4872 ἓν
470 4821 692 4890 ὲσμεν,›
728 4821 840 4884 καὶ,
879 4838 898 4870 ι
955 4816 1015 4871 ὐ
1051 4819 1152 4890 ἐμὲ
1179 4817 1438 4890 ἑωρακὼς
1485 4819 1596 4890 (40)
1626 4818 1729 4872 ἐώ-

188 4921 308 4974 ρακε
329 4909 414 4964 τὸν
441 4911 678 4984 Πατέρα
694 4929 713 4962 ι
745 4911 862 4974 πῶς
895 4911 974 4964 δεῖ
996 4913 1134 4964 νοεῖν
1161 4909 1365 4975 ταύτας
1387 4911 1484 4974 τὰς
1516 4912 1726 4980 φωνάςς

184 4991 214 5064 ἢ
251 4999 356 5063 πῶς
378 5002 544 5066 αὐτὰς
596 5001 1054 5073 ἐκλαμϐάνοντες,
1101 5004 1347 5073 σώσομεν
1402 5001 1463 5056 τό
1497 5001 1554 5055 ἓν
1593 4998 1730 5056 εῖναι

249 5107 291 5138 ³⁹
316 5107 463 5167 Joan.
497 5129 553 5178 x,
587 5113 676 5168 50.
754 5111 799 5145 ⁸⁸
832 5111 989 5168 Joan.
1015 5129 1128 5178 xiv,
1155 5113 1209 5168 9.

249 5223 351 5294 (55)
383 5226 578 5298 Regius
609 5237 664 5283 et
703 5225 849 5284 Felc.
883 5229 940 5295 5,
976 5228 1287 5298 ἀγέννητον.
1331 5223 1474 5280 Editi
1519 5239 1647 5281 vero
1675 5234 1731 5282 et

215 5288 286 5348 lii.
311 5295 581 5348 ἀγένητον.

185 5304 286 5362 aut,
311 5304 581 5362 ἀγένητον.

253 5315 286 5356 ι,
311 5315 581 5368 αγενητον.

251 5361 354 5431 (54)
385 5367 579 5434 Regius
609 5367 800 5434 codex,
827 5367 945 5434 ἔχῃ.

251 5382 354 5431 (Μ)
385 5382 456 5422 ne
496 5385 579 5424 ius
609 5382 800 5434 cooex,
827 5382 854 5422 ι
932 5409 945 5421 .

379 5386 785 5519 ξιοίίτςμοιίσλοη.
816 5382 946 5519 5.7%
971 5438 1138 5518 editis
1159 5446 1212 5519 et
1237 5435 1377 5500 aliis,
1402 5435 1528 5500 τούς
1552 5437 1723 5519 deest.

251 5503 355 5572 (56)
383 5506 453 5560 Ita
479 5509 642 5563 editio
667 5508 1091 5562 Commeliniana
1126 5516 1180 5561 et
1206 5521 1396 5562 omnes
1425 5509 1726 5563 manuscri-

189 5572 274 5636 pti.
305 5573 470 5631 Editio
501 5577 844 5639 Parisiensis,
871 5578 1044 5641 νοοῦν,
1077 5579 1234 5631 male.
1509 5592 1526 5601 ·

251 5641 354 5718 (57)
380 5644 538 5718 Editi,
572 5649 796 5718 ἐκεῖνον.
834 5647 1034 5718 Regius
1057 5658 1109 5701 et
1135 5646 1531 5718 Fel¢kn1an._5,
1559 5655 1724 5718 recte,

193 5705 406 5778 ἐκείνους
441 5705 658 5772 habent.
680 5715 821 5770 ’Nam
854 5705 1094 5787 loquitur
1120 5717 1208 5772 hic
1236 5717 1302 5773 de
1328 5705 1578 5772 Patribus
1616 5705 1726 5772 An;

479 5807 771 5876 Pauor...
792 5815 909 5877 Gtt.
943 5814 1175 5876 XXVI.

1833 4544 2017 4589 autem
2053 4533 2354 4588 substantia
2374 4574 2390 4600 ,
2439 4543 2677 4602 paterna}
2720 4537 3037 4592 substantia:
3066 4539 3207 4596 fetus
3233 4553 3316 4597 est
3346 4557 3402 4600 et

1832 4632 1952 4700 ejus
1986 4631 2305 4696 similitudo,
2333 4631 2493 4686 veluti
2529 4632 2784 4702 splendor
2804 4644 2889 4690 est
2915 4636 3214 4692 similitudo
3239 4639 3398 4708 lucis,

1831 4723 2108 4793 Filiusque
2134 4722 2304 4778 dicit:
2339 4742 2357 4775 ι
2389 4722 2501 4795 Ego
2544 4735 2598 4778 et
2635 4723 2794 4780 Pater
2826 4743 2994 4782 unum
3045 4745 3236 4787 sumus
3257 4731 3340 4800 ⁸⁹;
3375 4754 3394 4788 ι

1832 4826 1925 4872 et:
1965 4836 1986 4868 ι
2019 4815 2122 4883 Qui
2148 4817 2282 4870 vidit
2308 4831 2416 4884 me,
2447 4816 2578 4872 vidit
2603 4827 2658 4872 et
2683 4817 2896 4873 Patrem
2922 4820 3006 4888 ‘°;
3045 4841 3064 4873 ι
3125 4829 3398 4893 quomodo

1831 4909 1914 4964 ha:
1937 4925 2096 4965 voces
2123 4909 2480 4980 intelligendas
2501 4911 2667 4965 sunt?
2691 4921 2784 4965 aut
2810 4927 2916 4981 qua
2945 4925 3122 4970 mente
3146 4932 3238 4970 eas
3262 4919 3401 4972 acci-

1829 5002 2058 5072 pientes,
2080 4999 2295 5056 Patrem
2317 5011 2370 5058 et
2388 5001 2584 5057 Filium
2603 5018 2770 5057 unum
2789 5019 2910 5059 esse
2929 5006 3236 5061 tuebimur?
3260 5007 3392 5065 Nam

1830 5220 2115 5284 tiochenis,
2147 5235 2177 5274 a
2207 5219 2410 5289 quibus
2453 5220 2530 5274 ait
2575 5221 2868 5276 verisimile
2911 5238 3017 5277 non
3059 5239 3180 5278 esse
3210 5241 3396 5279 vocem

1827 5291 2110 5362 ὁμοούσιον
2126 5291 2389 5363 absolute
2424 5300 2478 5345 et
2533 5290 2741 5360 absque
2775 5293 2884 5347 ulla
2921 5296 3244 5362 exceptione
3275 5311 3400 5363 pro-

1830 5359 2089 5432 scriptam
2118 5359 2307 5432 fuisse.

1900 5429 2014 5519 (58)
2048 5429 2191 5486 Felc.
2224 5431 2278 5493 5,
2317 5429 2760 5553 μνημονεύοντες.
2792 5429 2932 5486 Editi
2956 5441 3019 5487 .et
3046 5433 3160 5500 alii,
3193 5451 3399 5508 μνημοέ

1900 5519 2136 5553 δσαντες.
2169 5499 2287 5553 Mox
2360 5501 2626 5553 elckman.
2651 5501 2704 5553 5.
2728 5500 3020 5553 δείκνυται.

1828 5499 2136 5564 νεύσαντες.
2169 5499 2287 5555 Mox
2317 5499 2626 5555 Feleman.
2651 5501 2704 5566 5,
2728 5500 3020 5556 δείκνυται.

1899 5572 2014 5646 (59)
2046 5571 2248 5640 Regius
2277 5571 2483 5646 codex_.
2523 5573 2558 5646 6_
2587 5573 2907 5646 μονογενής.
2947 5571 3111 5646 Εειςε.
3134 5573 3195 5646 5,
3238 5592 3398 5646 μονο-

1827 5639 2005 5715 γενής’
2021 5639 2395 5715 tantum.__Mox
2432 5639 2631 5713 Regius
2662 5639 2866 5715 codex,
2887 5643 3236 5715 ὑπερϐάλλει.

1896 5711 2007 5785 (40)
2035 5711 2211 5767 Editio
2238 5711 2796 5768 CommelImendose
2851 5711 3124 5784 ὲωραίκάς.

2977 5811 3060 5872 25
