3824 6224
425 287 532 348 779

987 281 1045 338 S.
1088 275 1468 335 ATHANASII
1508 275 1662 334 OPP.
1702 274 1884 332 PARS
1920 273 1963 329 Ι.
2005 304 2076 317 -
2112 269 2488 328 HISTORICA
2526 269 2616 325 ET
2655 268 3081 327 D’OGMATICA.

3559 273 3668 330 780

424 405 473 463 si
502 404 573 461 ob
594 402 907 473 dogmatum
933 410 1262 453 consensum
1289 435 1305 461 ,
1331 403 1389 451 et
1413 395 1559 466 quod
1586 393 1749 450 Pater
1786 409 1818 449 a
1848 391 1981 447 Filio

2087 390 2180 456 τὸν
2211 389 2433 461 Πατέρα
2468 388 2564 443 καὶ
2597 388 2691 441 τὸν
2724 388 2889 455 Υίόν;
2927 389 2992 442 El
3020 388 3119 460 μὲν
3145 374 3237 442 όῦν
3262 390 3333 460 τῇ
3379 391 3672 463 συμφωνίᾳ

424 510 533 551 non
566 491 871 556 dissentiat,
900 499 958 544 ut
981 490 1167 544 dicunt
1192 487 1403 551 Ariani,
1428 501 1594 557 prava
1616 500 1749 541 sane
1770 491 1855 539 est
1878 484 1992 538 haec

423 580 759 650 intelligendi
792 579 950 633 ratio.
1006 576 1218 631 Etenim
1248 576 1463 642 sancti,
1512 584 1567 630 et
1606 574 1779 628 multo
1818 573 1991 642 magis

421 675 596 744 angeli
627 682 680 726 et
707 670 1057 740 archangeli,
1099 668 1413 737 bujusmodi
1450 668 1656 722 habent
1704 680 1830 722 cum
1879 664 1990 720 Deo

419 778 771 828 consensum,
802 776 904 817 nec
933 761 1041 815 ulla
1065 761 1207 829 apud
1230 761 1379 830 ipsos
1409 767 1494 816 est
1519 759 1826 825 dissensio;
1862 771 1990 811 nam

417 858 510 926 qui
544 855 753 910 discors
779 854 882 908 fuit
905 852 1190 917 diabolus,
1220 866 1251 906 e
1285 851 1427 906 caelo
1465 850 1662 906 cadere
1693 851 1846 905 visus
1882 857 1988 913 est,

416 956 477 999 ut
505 946 581 1000 ait
607 945 892 1000 Dominus.
926 942 984 997 Si
1015 958 1146 1013 ergo
1176 943 1247 997 ob
1272 957 1602 998 consensum
1631 939 1791 995 Pater
1817 949 1872 995 et
1899 939 1990 994 Fi-

415 1037 523 1091 lius
551 1052 720 1092 unum
758 1044 886 1091 sunt
910 1074 943 1100 ,.
978 1034 1140 1089 etiam
1184 1034 1397 1103 epih'cia
1445 1047 1568 1102 qua:
1604 1033 1678 1086 ita
1726 1047 1848 1086 cum
1879 1030 1988 1085 Deo

416 1128 788 1193 consentient,
820 1140 988 1180 unum
1021 1138 1147 1178 cum
1175 1139 1241 1178 eo
1274 1122 1476 1176 fuerint
1497 1163 1512 1188 ,
1542 1136 1777 1191 quorum
1812 1120 1988 1189 quod-

415 1234 519 1287 que
544 1219 722 1272 dicere
751 1216 922 1285 possit
949 1233 960 1267 :
993 1233 1012 1265 ι
1044 1213 1153 1283 Ego
1183 1220 1236 1267 et
1278 1211 1437 1267 Pater
1487 1227 1657 1266 unum
1711 1226 1924 1267 sumus.
1960 1229 1979 1262 ι

416 1310 571 1378 Quod
603 1311 649 1364 si
676 1308 969 1363 absurdum
1006 1307 1107 1361 hoc
1144 1307 1254 1368 sit,
1284 1315 1344 1359 ut
1370 1321 1560 1360 revera
1588 1312 1672 1360 est
1697 1346 1711 1370 ,
1760 1319 1986 1359 necesse

415 1404 634 1457 demum
667 1399 829 1455 fuerit
858 1398 979 1452 Filii
1022 1406 1075 1452 et
1132 1397 1310 1451 Patris
1354 1396 1616 1450 unitatem
1687 1393 1984 1449 secundum

416 1491 776 1547 substantiam
801 1488 1120 1559 intelligere.
1144 1485 1252 1541 Res
1282 1484 1438 1539 factae
1465 1486 1608 1539 enim
1632 1485 1984 1554 quantumvis

415 1599 538 1637 eum
572 1583 763 1651 opilice
791 1596 891 1636 suo
913 1593 1238 1635 consensum
1267 1579 1500 1632 habeant
1532 1596 1545 1631 :
1578 1585 1724 1630 motu
1753 1584 1980 1640 tantum,

413 1674 859 1744 participatione,
892 1681 946 1726 et
976 1681 1154 1725 mente
1195 1685 1320 1725 eum
1358 1669 1597 1733 habent,
1652 1684 1813 1737 quem
1856 1684 1980 1722 cum

2093 481 2201 535 τῶν
2221 481 2526 551 δογμάτων,
2567 479 2660 532 καὶ
2691 478 2770 549 τῷ
2804 479 2879 551 μὴ
2930 479 3214 547 διαφωνεῖν
3247 478 3385 550 πρὸς
3424 480 3519 534 τὸν
3564 482 3673 535 Πα-

2090 571 2243 644 τέρα,
2277 573 2355 636 ὡς
2409 573 2459 625 οἱ
2518 572 2783 643 ’Δρειανοὶ
2824 570 3059 640 λέγουσι,
3113 570 3315 639 φαῦλος
3362 573 3392 624 6
3430 571 3673 637 τοιοῦτος

2089 663 2233 728 νοῦς.
2266 664 2378 717 Καὶ
2425 662 2535 733 γὰρ
2586 663 2681 716 καὶ
2703 665 2752 715 ol
2779 661 2923 731 ἅγιοι
2947 662 3079 732 (Al),
3105 663 3200 715 καὶ
3231 661 3432 732 μᾶλλόν
3460 680 3526 731 γε
3572 665 3672 733 ἄγ-

2089 757 2235 824 γελοι
2273 757 2368 810 καὶ
2388 755 2737 827 άρχάγγελοι,
2768 754 2866 825 τὴν
2890 754 3143 825 τοιαύτην
3189 753 3372 825 ἔχουσι
3402 755 3544 826 πρὸς
3580 753 3671 808 τόν

2087 847 2221 902 Θεὸν
2263 848 2603 919 συμφωνίαν,
2636 847 2730 900 καὶ
2761 846 2984 916 οὐδεμία
3025 848 3155 917 παρ’
3183 848 3365 910 αὐτοῖς
3393 848 3509 900 ἐστι
3549 848 3668 901 δια-

2088 937 2280 1006 φωνία.
2334 938 2393 990 Ὀ
2452 936 2558 1008 γὰρ
2588 936 2933 1005 διαφωνήσας
2966 935 3208 1000 διάϐολος
3246 936 3532 1008 ὲθεωρήθη
3577 940 3667 989 πί·-

2088 1044 2234 1080 πτων
2263 1028 2328 1081 ἐκ
2364 1027 2470 1081 τῶν
2495 1027 2758 1099 οὐρανῶν,
2806 1027 2882 1091 ὡς
2926 1023 3075 1082 εἶπεν
3121 1030 3149 1081 6
3196 1028 3420 1099 Κύριος.
3454 1031 3665 1084 Οὐκοῦύ

2088 1119 2136 1171 εἰ
2162 1118 2249 1172 διὰ
2276 1119 2373 1190 τὴν
2407 1120 2723 1191 συμφωνίαν
2755 1120 2813 1175 ἓν
2846 1122 2991 1174 ἐστιν
3014 1123 3042 1174 6
3067 1118 3257 1191 Πατὴρ
3311 1121 3407 1175 καὶ
3428 1123 3458 1175 6
3510 1119 3661 1189 Υἱὸς,

2087 1209 2171 1281 εἴη
2200 1209 2265 1264 ἃν
2292 1211 2383 1265 καὶ
2413 1211 2522 1265 τῶν
2546 1212 2791 1285 γενητῶν
2827 1212 2895 1266 τὰ
2926 1211 3317 1283 συμφωνοῦντα
3343 1213 3487 1267 οὓτω
3525 1216 3665 1287 πρὸς

2083 1300 2175 1352 τὸν
2211 1299 2363 1367 Θεὸν,
2399 1301 2493 1355 καὶ
2522 1301 2664 1355 εἴποι
2704 1303 2770 1357 ἂν
2807 1303 3054 1366 ἕκαστος·
3099 1320 3118 1355 ι
3162 1302 3304 1372 Ἐγὼ
3353 1305 3447 1358 καὶ
3491 1307 3519 1359 6
3548 1306 3663 1361 Πα-

2083 1390 2187 1461 τὴρ
2219 1392 2276 1444 ἓν
2331 1393 2560 1462 ἐσμεν.»
2619 1394 2684 1446 Εἰ
2723 1393 2781 1446 δὲ
2832 1394 2991 1447 τοῦτο
3049 1396 3268 1448 ἄτοπον
3313 1394 3511 1450 ἄτοπον
3551 1399 3663 1470 γάρ

2084 1481 2230 1532 ἐστιν
2257 1480 2491 1552 άληθῶς·
2518 1482 2729 1552 ἀνάγκη
2759 1483 2942 1537 λοιπὸν
2992 1483 3134 1538 κατὰ
3165 1484 3260 1555 τὴν
3292 1486 3479 1539 οὐσίαν
3518 1492 3661 1543 νοεῖν

2084 1570 2176 1621 καὶ
2201 1569 2301 1640 τὴν
2333 1570 2462 1622 Υἱοῦ
2494 1571 2588 1623 καὶ
2650 1570 2859 1640 Πατρὸς
2897 1570 3141 1640 ἑνότητα.
3171 1571 3253 1625 Τὰ
3303 1573 3400 1642 μὲν
3420 1574 3527 1645 γάρ
3564 1591 3660 1642 γε-

2083 1659 2220 1730 νητὰ
2257 1659 2357 1713 κᾶν
2388 1661 2705 1731 συμφωνίαν
2736 1661 2836 1735 ἔχῃ
2869 1662 3005 1732 πρὸς
3028 1663 3119 1716 τὸν
3160 1665 3517 1735 πεποιηκότα,
3542 1665 3659 1719 ἀλλ’

412 1765 503 1819 ille
530 1780 640 1817 non
671 1770 963 1824 servasset,
989 1760 1195 1830 ejectus
1218 1774 1285 1812 ex
1311 1758 1451 1813 cmlo
1472 1768 1573 1812 est.
1599 1756 1771 1812 Filius
1799 1766 1974 1810 autem

2086 1751 2138 1803 ὲν
2161 1752 2370 1821 κινήσει
2419 1751 2513 1805 καὶ
2579 1753 2838 1824 μετουσίᾳ
2888 1752 2983 1805 καὶ
3031 1751 3108 1823 νῷ
3164 1753 3368 1825 ταύτην
3399 1755 3534 1824 ἔχει,
3564 1758 3663 1827 ῆνο

411 1870 536 1910 cum
572 1856 641 1910 sit
671 1870 737 1909 ex
773 1852 1077 1907 substantia
1104 1851 1266 1916 fetus,
1288 1850 1595 1904 substantia
1621 1864 1838 1919 quoque
1867 1848 1984 1919 ipse

409 1956 482 2012 et,
510 1946 606 2017 qui
633 1944 819 2016 genuit
850 1958 999 2008 eum,
1033 1941 1192 1997 Pater
1223 1956 1393 1996 unum
1424 1949 1574 1996 sunt.

480 2098 569 2153 49.
621 2096 987 2165 Quamobrem
1022 2095 1250 2151 vocibus
1302 2094 1564 2149 unitatem
1613 2091 1980 2148 indicantibus

408 2191 768 2266 aequalitatem
807 2204 931 2244 cum
959 2188 1118 2243 Patre
1154 2186 1358 2241 habere
1387 2186 1620 2248 dicitur,
1656 2192 1711 2238 et
1751 2183 1878 2237 hinc
1920 2182 1982 2237 ﬁt

409 2295 469 2340 ut
508 2299 628 2354 quae
670 2282 834 2355 609
858 2283 924 2337 de
953 2276 1113 2335 Patre
1149 2276 1408 2334 dicuntur
1433 2317 1448 2342 ,
1499 2274 1688 2329 eadem
1729 2273 1795 2327 de
1840 2270 1980 2327 Filio

411 2375 703 2445 Scriptura:
731 2380 977 2428 asserant
1001 2389 1017 2425 :
1041 2386 1104 2424 ea
1131 2378 1315 2423 tamen
1341 2366 1660 2436 exceptione
1712 2362 1856 2436 quod
1890 2362 1978 2418 ille

406 2467 566 2523 Pater
586 2467 820 2521 dicatur.
874 2463 996 2533 Ipse
1024 2464 1169 2518 enim
1196 2461 1369 2517 Filius
1394 2460 1469 2514 ait
1494 2478 1508 2515 :
1551 2478 1570 2511 ι
1603 2456 1797 2513 Omnia
1829 2472 1979 2528 quae-

407 2575 622 2630 cunque
651 2559 815 2613 habet
841 2556 1022 2618 Pater,
1053 2570 1173 2609 mea
1202 2554 1392 2609 sunt“
1419 2570 1434 2619 ;
1468 2571 1486 2602 ι
1518 2550 1778 2620 Patrique
1806 2550 1971 2605 dixit:

412 2669 431 2704 ‹
460 2650 652 2706 Omnia
678 2664 799 2704 mea
818 2690 833 2716 ,
862 2657 954 2703 tua
987 2655 1148 2710 sunt,
1180 2655 1233 2699 et
1256 2653 1349 2698 tua
1372 2658 1491 2698 mea
1504 2643 1569 2695 “.
1606 2660 1626 2694 ι
1654 2640 1976 2709 Huiusmodi

404 2750 489 2798 est
512 2741 680 2807 illud,
710 2739 851 2794 Deus
879 2756 893 2794 :
919 2753 1046 2792 nam
1067 2778 1081 2802 ,
1115 2754 1134 2787 ι
1168 2735 1312 2790 Deus
1344 2742 1462 2788 erat
1490 2730 1729 2786 Verbum
1753 2731 1797 2763 “
1822 2748 1837 2797 ;
1874 2749 1894 2782 ι
1922 2737 1977 2785 et

404 2831 559 2897 illud,
591 2830 985 2900 Omnipotens:
1018 2846 1037 2880 ι
1071 2826 1199 2883 Haec
1225 2826 1356 2881 dicit
1384 2826 1477 2895 qui
1508 2834 1613 2890 est,
1637 2832 1691 2878 et
1713 2823 1807 2893 qui
1837 2829 1972 2888 erat,

403 2932 459 2977 et
502 2922 596 2992 qui
628 2931 892 2976 venturus
922 2926 1005 2975 est
1054 2914 1478 2987 Omnipotens“
1504 2931 1518 2981 ;
1544 2933 1565 2967 ι
1629 2924 1684 2968 et
1727 2913 1871 2983 quod
1904 2913 1975 2967 sit

404 3015 499 3069 lux
533 3031 546 3067 :
583 3031 603 3065 ι
631 3011 744 3084 Ego
764 3027 907 3077 sum,
938 3030 956 3062 ι
992 3010 1188 3079 inquit,
1226 3027 1243 3059 ι
1274 3006 1464 3074 lux“;
1497 3024 1517 3059 ι
1547 3006 1692 3075 quod
1725 3007 1796 3060 sit
1822 3019 1974 3060 crea-

2084 1860 2190 1915 περ
2218 1843 2328 1914 (42)
2371 1846 2400 1897 6
2454 1844 2531 1916 μὴ
2570 1844 2808 1913 φυλάξας
2832 1843 3166 1925 ⁸ὲκϐέϐληται
3228 1845 3336 1900 τῶν
3385 1847 3659 1918 οὐρανῶνσ

2093 1933 2152 1988 'O
2182 1934 2239 1987 δὲ
2268 1934 2394 1996 Υἱὸς
2432 1936 2495 1988 ἐκ
2554 1935 2654 2005 τῆς
2697 1936 2883 2000 οὐσίας
2936 1936 3011 1990 ὢν
3058 1936 3336 2008 γέννημα,
3387 1938 3545 2010 οὐσίᾳ
3598 1939 3662 1993 ἐν

2083 2025 2228 2078 ἐστιν
2260 2024 2369 2095 (45)
2400 2025 2561 2089 αὐτὸς
2586 2027 2726 2080 καὶὸ
2750 2028 3014 2098 γεννήσας
3047 2026 3208 2081 αὐτὸν
3240 2029 3449 2100 Πατήρ.

2149 2111 2363 2166 49.Διά
2390 2112 2547 2166 τοῦτο
2577 2115 2684 2185 γὰρ
2740 2117 2836 2169 καὶ
2881 2115 2942 2169 τὸ
2992 2116 3173 2179 ίσὰςον
3224 2116 3333 2187 ἔχει
3394 2118 3530 2187 πρὸς
3564 2116 3659 2172 τὸν

2080 2204 2298 2279 Πατέρα
2318 2206 2438 2268 ταῖς
2467 2206 2720 2259 ένοειδέσι
2745 2209 2968 2276 φωναῖς,
3000 2207 3183 2262 καὶτὰ
3213 2211 3305 2262 ἐπὶ
3326 2209 3419 2262 τοῦ
3441 2210 3659 2280 Πατρὸς

2078 2295 2365 2367 λεγόμενα,
2386 2296 2558 2350 ταῦτα
2619 2299 2715 2350 καὶ
2733 2299 2825 2351 ἐπὶ
2865 2299 2994 2352 Υίοῦ
3026 2296 3271 2367 λέγουσιν
3311 2302 3368 2353 al
3414 2301 3655 2371 Γραφαὶ,

2079 2389 2245 2462 χωρὶς
2275 2389 2431 2461 μόνον
2466 2388 2576 2461 (Η)
2613 2390 2705 2444 τοῦ
2762 2389 3011 2460 λέγεσθαι
3037 2390 3195 2446 αὐτὸν
3216 2391 3449 2464 Πατέρα.
3481 2392 3660 2455 Αὐτὸς

2077 2481 2187 2553 γὰρ
2217 2476 2367 2535 εἶπεν
2390 2483 2419 2533 6
2452 2481 2598 2544 Υἱός*
2639 2500 2657 2533 ι
2694 2482 2900 2551 Πάντα,
2947 2484 3048 2536 ὃσα
3081 2483 3193 2554 ἔχει
3228 2487 3256 2537 6
3301 2484 3507 2556 Πατὴρ,
3545 2485 3660 2556 ἐμά

2077 2575 2246 2626 ἐστι’»
2279 2573 2355 2644 τῷ
2379 2590 2438 2625 τε
2464 2572 2641 2643 Πατρὶ
2671 2572 2843 2641 ἔλεγε·
2890 2594 2909 2625 ι
2940 2574 3121 2628 Πάντα
3157 2574 3226 2627 τὰ
3277 2575 3385 2645 ὲμὰ
3419 2576 3490 2628 σά
3516 2578 3658 2639 ἐστι,

2075 2664 2255 2718 καὶτὰ
2281 2664 2349 2716 σᾶ.
2375 2665 2537 2734 ἐμά’»
2573 2659 2683 2717 οἷον
2713 2665 2792 2730 τὸ,
2823 2664 2973 2729 Θεός.
3018 2686 3037 2717 ι
3062 2665 3192 2729 Θεὸς
3213 2685 3230 2718 ι
3264 2665 3372 2737 γάρ
3403 2664 3510 2737 (45)
3549 2687 3569 2718 ι
3587 2663 3658 2738 ἧν

2074 2756 2102 2808 6
2133 2757 2351 2825 Λόγοςοι
2384 2755 2464 2821 τὸ,
2498 2757 2923 2827 Παντοκράτωρ·
2961 2776 2981 2807 ‹
3022 2756 3153 2811 Τάδε
3184 2758 3328 2827 λέγει
3377 2761 3406 2811 6
3428 2758 3529 2823 ὣν,
3561 2755 3661 2812 καὶ

2074 2849 2102 2901 6
2133 2843 2220 2919 ἦν,
2254 2849 2392 2901 καὶὸ
2411 2848 2700 2920 ἐρχόμενος
2726 2851 2755 2901 6
2784 2848 3233 2919 Πάντοκράτωροι
3253 2850 3313 2903 τό
3340 2846 3477 2903 εἶναι
3518 2851 3655 2918 φῶς·

2080 2954 2101 2989 ι
2139 2936 2280 3006 Ἐγώ
2311 2940 2477 3008 εῑμι,ι
2511 2937 2665 3009 φησὶ,
2695 2956 2714 2989 ι
2749 2937 2809 2990 τὸ
2836 2940 2971 3007 φῶς·
2999 2958 3020 2991 ι
3061 2939 3121 2991 τὸ
3149 2940 3538 3010 δημιουργικὸν
3567 2943 3657 2994 ατο

2074 3046 2204 3084 τιον·
2262 3049 2281 3083 ι
2313 3032 2497 3085 Πάντα
2556 3030 2665 3102 γὰρ
2723 3030 2792 3083 δι’
2822 3030 2986 3084 αὐτοῦ
3048 3032 3282 3100 ὲγένετου
3326 3052 3344 3083 ι
3393 3033 3507 3095 καὶ,
3537 3053 3556 3084 ι
3590 3036 3657 3087 ’Δ

407 3104 510 3158 trix
533 3118 720 3166 causa,
736 3099 1119 3166 nam,cOmnia
1142 3116 1237 3171 per
1260 3099 1436 3169 ipsum
1455 3097 1597 3153 facta
1622 3106 1750 3153 sunt
1767 3098 1832 3163 “,
1856 3116 1874 3149 ι
1897 3105 1969 3163 et,

2086 3120 2254 3174 Ξλέπω
2285 3121 2376 3174 τὸν
2419 3121 2638 3191 Πατέρα
2671 3120 2948 3185 ποιοῦντα,
2980 3122 3155 3176 ταῦτα
3185 3122 3339 3191 κάγὼ
3365 3122 3556 3177 ποιεῖν»
3593 3123 3659 3176 τὸ

409 3214 428 3248 ι
451 3194 582 3262 Quae
602 3195 758 3250 video
778 3193 994 3249 Patrem
1019 3192 1322 3257 facientem,
1344 3193 1461 3247 haec
1489 3200 1543 3246 et
1570 3206 1669 3261 ego
1692 3190 1834 3247 facio
1851 3192 1925 3258 “7;
1948 3209 1966 3241 ι

404 3286 551 3357 quod
604 3287 677 3343 sit
734 3295 968 3341 aeternus
998 3298 1014 3338 :
1046 3302 1065 3335 ι
1103 3283 1439 3354 Sempiterna
1470 3303 1488 3337 ι
1519 3283 1665 3338 enim
1700 3303 1719 3335 ί
1759 3298 1976 3353 quoque

404 3378 524 3447 ejus
547 3379 719 3433 virtus
750 3386 805 3433 et
838 3376 1093 3432 divinitas
1114 3376 1181 3439 “,
1215 3394 1233 3427 ι
1293 3384 1368 3441 et,
1412 3393 1432 3427 ι
1465 3372 1525 3429 In
1560 3375 1829 3445 principio
1858 3383 1977 3430 erat

406 3470 644 3526 Verbum
664 3471 743 3538 '9;
783 3488 802 3522 ι
837 3477 911 3536 et,
945 3487 963 3520 ι
988 3467 1120 3522 Erat
1149 3468 1242 3522 lux
1270 3482 1395 3521 vera
1420 3482 1542 3536 quaa
1572 3467 1840 3522 illuminat
1859 3482 1976 3522 om-

407 3578 528 3617 nem
561 3561 835 3617 hominem
866 3561 1171 3614 venientem
1203 3558 1258 3612 in
1284 3558 1546 3612 mundum
1567 3558 1612 3589 7°
1638 3575 1654 3622 ;
1686 3576 1709 3608 -ι
1737 3558 1880 3627 quod
1905 3559 1977 3613 sit

407 3650 671 3707 Dominus
708 3669 720 3681 ο
764 3668 783 3702 ι
810 3648 953 3703 Pluit
979 3648 1123 3703 enim
1158 3647 1421 3703 Dominus
1451 3646 1631 3716 ignem
1657 3655 1712 3701 et
1744 3648 1977 3721 sulphur

407 3759 437 3797 a
491 3742 722 3797 Domino
744 3742 789 3776 τι
819 3757 834 3808 ;
867 3759 887 3792 ι
923 3750 976 3794 et
1000 3739 1160 3795 Pater
1199 3739 1417 3809 quidem
1451 3738 1529 3793 ait
1561 3757 1574 3792 :
1610 3758 1630 3791 ι
1659 3737 1769 3810 Ego
1794 3738 1977 3794 Domi-

406 3851 511 3890 nus
533 3837 579 3867 7'
604 3877 619 3903 ,
653 3854 672 3886 ι
709 3841 792 3900 et,
842 3850 861 3885 ι
889 3831 1014 3888 Haec
1046 3833 1178 3889 dicit
1223 3832 1487 3886 Dominus
1533 3830 1676 3886 Deus
1724 3833 1975 3902 omnipo-

406 3926 590 3981 tens"
616 3944 631 3993 ;
662 3944 685 3977 ι
712 3925 794 4001 de.
813 3923 951 3979 Filio
984 3933 1165 3979 autem
1234 3923 1411 3994 inquit
1444 3921 1647 3978 Paulus
1698 3942 1711 3977 :
1770 3941 1788 3974 ι
1824 3924 1977 3979 Unus

407 4016 674 4074 Dominus
702 4015 861 4072 Iesus
886 4017 1155 4082 Christus,
1187 4031 1282 4087 per
1314 4031 1475 4087 quem
1507 4016 1692 4069 omnia
1709 4015 1778 4071 ".
1816 4034 1834 4067 ι
1870 4015 1975 4070 Pa—

406 4106 477 4160 tri
511 4108 821 4162 ministrant
854 4106 1029 4176 angeli
1057 4147 1073 4172 ,
1104 4103 1276 4160 Filius
1307 4114 1487 4159 autem
1520 4106 1585 4158 ab
1617 4105 1752 4174 ipsis
1782 4105 1978 4161 adora-

405 4205 534 4252 tur:
566 4216 585 4248 ‹
616 4196 683 4251 Ει
710 4198 936 4252 adorent
960 4212 1084 4251 eum
1112 4211 1303 4251 omnes
1332 4196 1508 4268 angeli
1541 4194 1638 4250 Dei
1660 4196 1727 4250 ⁷⁸.
1763 4216 1782 4249 ι
1835 4197 1977 4253 Dici-

408 4297 496 4341 tur
530 4288 693 4342 etiam
727 4303 848 4342 esse
886 4286 1149 4342 Dominus
1181 4286 1519 4357 angelorum,
1559 4300 1706 4356 nam,
1743 4305 1763 4338 ‹
1786 4288 1977 4359 Angeli

2072 3208 2209 3267 εἶναι
2234 3212 2421 3266 ἀΐδιον·
2460 3231 2479 3263 ι
2522 3213 2595 3265 Ἤ
2638 3228 2697 3264 τε
2735 3231 2755 3264 ι
2787 3212 2896 3283 γὰρ
2940 3231 2959 3263 ι
2988 3213 3155 3276 ἀΐδιος
3212 3213 3374 3266 αὐτοῦ
3429 3213 3660 3285 δύναμις

2071 3305 2167 3359 καὶ
2192 3303 2402 3376 θειότης
2425 3303 2557 3375 (46),
2583 3323 2601 3357 ι
2639 3304 2753 3368 καὶ,
2789 3322 2808 3355 ι
2831 3305 2917 3357 Ἐν
2943 3305 3085 3375 ἀρχῇ
3122 3301 3190 3376 ἦν
3215 3307 3243 3358 6
3268 3306 3496 3373 Λόγος,ι
3531 3300 3667 3370 καὶ,

2080 3415 2099 3448 ι
2139 3392 2245 3450 Ἦν
2274 3396 2334 3449 τὸ
2362 3396 2477 3469 φῶς
2503 3398 2562 3451 τὸ
2590 3397 2867 3469 ἀληθινὸν,
2907 3396 2936 3450 ὃ
2966 3397 3189 3466 φωτίζει
3234 3398 3415 3452 πάντα
3442 3398 3658 3470 ἄνθρω-

2074 3503 2175 3539 πον
2204 3487 2493 3558 ἐρχόμενον
2537 3489 2615 3551 εἰς
2668 3487 2760 3540 τὸν
2798 3487 3021 3557 κόσμον·
3048 3504 3067 3537 ›
3116 3485 3178 3539 τὸ
3226 3482 3365 3540 εἶναι
3425 3487 3654 3558 Κύριος·

2080 3593 2099 3627 ι
2144 3575 2369 3646 Ἐὗρεξε
2416 3575 2523 3651 γὰρ
2549 3575 2749 3647 Κύριος
2777 3575 2917 3629 θεῖον
2961 3577 3054 3628 κα)⁵
3078 3574 3191 3646 πῦρ
3214 3575 3366 3647 παρὰ
3386 3572 3671 3649 Κυρίου-ί

2074 3667 2168 3722 καὶ
2192 3670 2220 3720 6
2261 3667 2358 3737 μὲν
2390 3668 2576 3739 Πατήρ
2610 3685 2791 3744 φησιν’
2830 3688 2848 3720 ι
2870 3667 3013 3737 Ἐγὼ
3039 3668 3294 3738 Κύριος.»
3324 3669 3479 3732 καὶ,‹
3508 3669 3653 3723 Τάδε

2074 3757 2219 3825 λέγει
2251 3757 2453 3829 Κύριος
2492 3759 2520 3811 ό
2546 3758 2676 3822 Θεὸς
2712 3758 2823 3831 (47)
2873 3761 2901 3812 6
2950 3759 3396 3830 παντοκράτωρει
3437 3760 3567 3830 περὶ
3594 3759 3656 3813 δὲ

2074 3847 2168 3901 τοῦ
2212 3848 2343 3902 Υἱοῦ
2389 3851 2417 3902 6
2467 3849 2675 3914 Παῦλός
2726 3867 2909 3923 φησιν’
2971 3870 2990 3903 ι
3037 3848 3133 3914 Εἷς
3179 3852 3383 3923 Κύριος
3444 3852 3655 3922 Ἰησοῦς

2074 3936 2324 4017 Χριστός,
2360 3938 2425 3993 δι’
2454 3931 2515 3991 οὗ
2541 3939 2609 3993 τὰ
2655 3940 2881 3993 πάντα.»
2924 3941 3034 3995 Kal
3087 3940 3164 4012 τῷ
3220 3942 3317 4012 μὲν
3350 3942 3527 4013 Πατρὶ
3553 3943 3658 3996 λει-

2076 4031 2394 4103 τουργοῦσιν
2422 4032 2660 4100 ἄγγελον
2685 4034 2712 4087 ό
2744 4031 2800 4084 δὲ
2835 4031 2961 4099 Υἱὸς
2991 4035 3372 4103 προσκυνεῖται
3400 4035 3529 4102 παρ’
3558 4035 3657 4086 αὐ-

2076 4119 2203 4173 τῶνθ
2239 4138 2257 4170 ι
2294 4120 2401 4172 Kal
2434 4120 2969 4193 προσκυνησάτωσαν
3000 4121 3149 4192 αὐτῷ
3181 4122 3383 4186 πάντες
3428 4122 3657 4192 ἄγγελοι

2076 4206 2263 4261 Θεοῦ.»
2303 4208 2532 4278 Λέγεται
2557 4208 2614 4263 δὲ
2653 4206 2791 4264 εἶναι
2817 4211 2927 4281 (48)
2983 4212 3078 4267 καὶ
3134 4211 3338 4284 Κύριος
3382 4212 3654 4282 ἀγγέλων

2084 4317 2103 4349 ι
2139 4300 2426 4370 Διηκόνουν
2466 4318 2484 4351 ι
2523 4299 2630 4372 γὰρ
2661 4319 2680 4352 ι
2723 4300 2873 4373 αὐτῷ
2908 4303 2956 4355 οἱ
2986 4301 3255 4371 ἄγγελοιοι
3295 4303 3407 4367 καὶ,
3435 4323 3455 4353 ι
3488 4304 3657 4356 Ἀποο

408 4379 794 4435 ministrabant
847 4379 897 4433 ei
917 4379 1006 4443 7‘;
1048 4396 1068 4430 ι
1102 4386 1195 4445 et,
1263 4396 1281 4429 ι
1315 4377 1488 4433 Mittet
1519 4378 1693 4434 Filius
1738 4380 1976 4435 hominis

2086 4390 2256 4442 στελεῖ
2282 4392 2311 4443 6
2341 4390 2469 4454 Υἱὸς
2499 4390 2591 4447 τοῦ
2621 4391 2903 4466 ἀνθρώπου
2949 4394 3074 4459 τοὺς
3115 4393 3378 4464 ἀγγέλους
3409 4394 3601 4447 αὐτοῦ’
3629 4414 3650 4446 ι

406 4470 626 4537 angelos
687 4484 819 4523 suos
843 4468 929 4534 ⁷⁷;
968 4486 987 4520 ι
1021 4468 1166 4538 quod
1226 4469 1523 4523 honoretur
1578 4468 1722 4525 sicut
1765 4469 1967 4526 Pater:

2086 4481 2132 4533 τό
2155 4482 2414 4553 τιμᾶσθαι
2445 4484 2520 4547 ὡς
2542 4484 2632 4539 τόν
2657 4460 2893 4556 Πατέρα·
2932 4504 2951 4536 ι
2976 4485 3091 4539 Ἵνα
3125 4504 3144 4536 ι
3162 4460 3311 4559 γὰρ,
3330 4488 3483 4557 φησὶ,
3526 4503 3549 4537 ‹
3574 4502 3658 4539 τι-

410 4580 430 4611 c
464 4559 530 4614 Ut
564 4579 583 4610 ι
607 4600 622 4626 ,
658 4559 850 4629 inquit,
889 4576 908 4609 ι
938 4558 1295 4614 honoriﬁcent
1326 4557 1547 4625 Filium,
1580 4559 1722 4614 sicut
1751 4560 1976 4616 honori-

405 4655 568 4707 ﬁcant
611 4650 826 4706 Patrem
846 4650 913 4707 ⁷⁸.
953 4668 974 4703 ι
1014 4649 1195 4716 ιρυοιι
1230 4650 1299 4706 sit
1330 4652 1555 4721 aequalis
1602 4649 1713 4706 Deo
1748 4670 1761 4706 :
1804 4671 1821 4704 ι
1853 4651 1973 4707 Non

476 4763 518 4795 εί
558 4760 719 4816 Joan.
750 4778 864 4825 xvr,
895 4762 983 4816 15.
1060 4763 1104 4793 ⁶¹
1142 4760 1303 4820 Joan.
1331 4779 1464 4826 xvii,
1494 4763 1581 4819 l0.
1657 4763 1703 4796 ”
1742 4762 1901 4819 Joan.
1938 4781 1977 4831 ι,
2014 4767 2062 4822 1.

1663 4834 1708 4866 ⁶⁹
1746 4833 1907 4890 Joah.
1962 4852 1998 4901 ι,
2052 4839 2101 4894 1.

405 4832 458 4889 5.
564 4833 605 4863 ⁸⁷
647 4831 805 4886 Joan.
836 4848 889 4897 v,
920 4832 1007 4886 19.
1109 4833 1154 4865 ⁸⁸
1194 4833 1353 4888 Rom.
1391 4849 1433 4897 ι,
1464 4832 1555 4888 20.

2083 4565 2227 4637 μῶσι
2252 4569 2343 4622 τόν
2365 4569 2512 4634 Υίὸν,
2549 4570 2729 4633 καθὼς
2757 4571 2956 4642 τιμῶσι
2985 4573 3076 4626 τὸν
3120 4572 3390 4647 Πατέρα·ι
3429 4575 3491 4627 τό
3511 4571 3657 4631 εἶναι

2082 4656 2174 4711 ἴσα
2205 4658 2346 4731 Θεῷ*
2381 4679 2400 4711 ι
2423 4661 2534 4731 Οὐχ
2558 4661 2680 4734 (49)
2720 4663 3010 4734 ἁρπαγμόν
3043 4666 3285 4736 ἡγήσατο
3307 4665 3369 4719 τό
3397 4662 3538 4722 εἶναι
3564 4670 3656 4722 ἴσα

2176 4773 2221 4805 ⁸⁵
2257 4773 2430 4842 Apoc.
2463 4791 2502 4839 ι,
2535 4774 2590 4830 8.

2207 4844 2252 4875 "°
2290 4845 2422 4898 ibid.
2453 4845 2505 4899 9.

3331 4781 3379 4811 "
3412 4781 3578 4836 Joan.
3611 4798 3652 4846 ι,

3212 4851 3259 4881 ⁷³
3300 4849 3531 4907 Malach.
3567 4868 3653 4916 ιιι,

2705 4776 2749 4846 ε’
2789 4776 2949 4831 Joan.
2980 4793 3101 4846 vm,
3130 4778 3217 4836 12.

2616 4847 2661 4878 ’⁷³
2702 4845 2836 4902 Gen.
2870 4863 2985 4910 XIX,
3017 4845 3108 4902 ‘24.

405 4904 458 4954 ο.
488 4904 581 4986 λ’
610 4902 759 4959 Gen.
796 4917 930 4968 xvu,
961 4901 1013 4957 1.
1088 4902 1135 4934 ⁷⁸
1172 4901 1349 4959 lCor.
1388 4919 1510 4971 vm,
1542 4903 1596 4958 6.
1672 4905 1716 4936 ⁷⁸
1757 4903 1922 4961 Hebr.
1943 4924 1981 4974 ι,

2149 4913 2198 4945 ⁷⁸
2236 4914 2425 4969 Matth.
2458 4930 2533 4981 tv,
2570 4916 2660 4972 11.
2720 4901 2776 4949 ί⁷⁷
2817 4901 3009 4973 Matth.
3044 4901 3196 4986 xxiv,
3226 4901 3651 4977 5177-105:

405 4990 459 5035 γ,
488 4974 578 5029 25.

614 5087 838 5163 lielc._5,
866 5089 960 5163 xa_l
986 5089 1095 5163 γὰρ
1122 5091 1170 5143 οἱ
1199 5090 1442 5163 ᾄγγελοι,
1471 5091 1633 5146 male.

626 5156 717 5234 §i_c
741 5157 885 5234 Epic.
919 5161 972 5234 ξ,
999 5156 1340 5234 recte._Eiliti
1373 5171 1428 5216 et
1455 5163 1654 5234 caeteri,
1682 5161 1891 5234 ὥσπερ.

478 5227 587 5300 (45)
633 5227 723 5300 Si_c
759 5227 900 5284 Feic.
929 5231 981 5285 5.
1005 5228 1062 5284 In
1102 5231 1262 5285 editis
1295 5246 1444 5293 vero,
1471 5232 1565 5284 καὶ
1589 5227 1649 5285 ἓν
1682 5236 1815 5285 ἐστι.
1839 5227 1971 5289 ibid.

2079 5096 2392 5167 ἐρχόμενος.
2498 5167 2510 5179 .
2638 5167 2651 5179 .

2085 5243 2091 5245 _
2150 5166 2262 5237 (t6)
2281 5166 2378 5245 ita
2406 5167 2692 5245 legalium
2722 5166 2888 5245 [legio
2904 5179 2993 5245 _et
3030 5171 3098 5245 _in
3134 5170 3324 5245 (ἴτω-ρο
3354 5172 3655 5245 scriptura:

2077 5235 2251 5290 textu.
2279 5235 2442 5303 Editi,
2473 5235 2569 5290 καὶ
2600 5239 2633 5309 ἡ
2667 5236 2874 5311 θεότης.
2904 5238 3215 5296 Felckman.
3241 5243 3296 5310 5,
3329 5244 3423 5297 καὶ
3516 5246 3655 5303 θειό-

405 5298 645 5377 ξθῐσιειη.
678 5298 749 5377 5,.
774 5299 833 5377 ἓν
874 5301 995 5377 ἐστι
1025 5301 1369 5377 γεννήσαντα
1412 5302 1575 5356 αὐτὸν
1608 5303 1829 5374 Πατέρα
1856 5308 1975 5366 ταῖς

2086 5322 2193 5377 τηςτ

407 5368 618 5433 ὲνοειδ.,
644 5369 863 5423 omissis
889 5368 1237 5429 quibusdam.

480 5439 593 5511 (44)
635 5437 727 5495 Sic
750 5438 992 5494 Felckm.
1020 5441 1076 5494 3.
1110 5440 1181 5494 At
1208 5440 1339 5495 editi
1355 5449 1409 5496 et
1439 5441 1618 5511 caeteri
1646 5441 1848 5498 habent
1878 5445 1974 5516 μό-

407 5526 499 5561 νου
508 5549 522 5563 .

480 5576 608 5652 (45)
630 5575 838 5652 Regius
866 5579 1056 5652 codex,
1085 5579 1195 5652 Kal
1221 5580 1353 5645 Θεὸς
1385 5580 1513 5652 γάρ.
1550 5580 1675 5636 Mox
1701 5582 1882 5639 Felek.
1914 5584 1968 5647 3,

2147 5372 2261 5446 (47)
2306 5375 2371 5446 _'O
2403 5375 2535 5446 Θεός
2562 5377 2714 5432 deest
2742 5377 2795 5431 in
2825 5378 3064 5435 Felckm.
3098 5382 3149 5435 '5.

2145 5444 2256 5514 (48)
2298 5444 2391 5523 Sic
2419 5445 2655 5523 Feickm.
2688 5449 2722 5501 5
2754 5448 2977 5521 Regius,
3004 5452 3235 5521 Λέγεται
3286 5452 3450 5510 εἶναι.
3480 5455 3653 5523 Edit.,

2074 5515 2437 5586 Λέγεταιγγὰρ
2467 5513 2625 5572 εἶναι.

2302 5584 2505 5658 Regius
2537 5588 2726 5657 codex,
2755 5589 2843 5645 ἴσα
2875 5590 2991 5662 Θεῷ
3011 5607 3024 5621 ο
3061 5591 3120 5646 τὸ
3150 5588 3289 5647 εῖναι
3325 5594 3405 5661 ἐξ,
3430 5598 3656 5654 omissis

406 5647 542 5716 76,6
564 5647 979 5721 Παντοκράτωρ.
1010 5649 1178 5705 Paulo
1205 5653 1371 5720 postis
1392 5647 1542 5707 deest
1570 5653 1625 5709 in
1655 5651 1823 5725 Regio
1848 5669 1973 5710 ante

2086 5647 2300 5711 mediis.
