3824 6224
113 226 212 281 781

1525 217 1611 272 DE
1651 216 1964 274 SYRODIS.

3246 227 3353 283 782

111 341 282 412 Θεῷοι
313 339 374 392 τὸ
399 335 536 395 εἶναι
561 337 622 404 ἐξ
652 336 907 410 ἀληθινοῦ
934 336 1210 408 ἀλήθειαν,
1243 334 1334 390 καὶ
1391 336 1455 388 ὲκ
1490 334 1688 399 ζῶντος

1797 335 2035 405 rapinam
2070 334 2362 391 arbitratus
2391 345 2474 391 est
2499 352 2622 393 esse
2653 353 2713 394 se
2759 338 3022 408 aequalem
3067 338 3178 395 Deo
3198 341 3286 391 ηε
3329 361 3348 395 ι

113 433 279 504 ζωὴν,
301 431 390 494 ’ὡς
419 430 552 484 ιὰ.πό
593 432 776 500 πηγῆς
823 427 989 492 ὅντως
1059 428 1167 497 (50)
1225 426 1318 480 τοῦ
1355 424 1584 497 Πατρός,
1623 413 1685 477 τὸ

113 525 394 588 ζωοποιεῖν
421 521 513 575 τὸν
545 521 671 574 Υἱὺν
705 520 798 574 καὶ
820 519 1050 590 ἐγείρειν
1078 519 1204 581 τοὺς
1232 519 1457 588 νεκροὺς
1498 516 1685 586 ὥσπερ

111 618 140 668 6
170 615 398 686 Πατήρ’
440 613 580 667 οὕτω
615 613 726 684 γὰρ
781 613 838 666 ὲν
885 610 960 682 τῷ
994 610 1309 681 Εὑαγγελίῳ
1357 609 1683 679 γέγραπται.

113 707 222 759 Καὶ
253 704 381 777 περὶ
435 705 533 775 μὲν
563 702 658 756 τοῦ
715 701 929 773 Πατρός
976 701 1303 774 γέγραπται·
1360 717 1379 752 ι
1427 699 1630 769 Κύριος
1660 699 1688 751 6

114 796 246 859 Θεός
278 812 393 859 σου,
429 794 632 865 Κύριος
680 789 759 857 εἷς
791 795 926 846 ἐστι·
954 811 972 844 ι
1020 790 1132 856 καὶ,
1185 811 1203 842 ι
1242 790 1372 852 Θεὸς
1405 789 1539 842 Θεῶν
1571 787 1686 842 Κύ-

119 904 230 958 ριος
263 885 510 957 ὲλὰλησε,
560 883 652 938 καὶ
686 883 910 937 ἐκάλεσε
971 880 1068 952 τὴν
1094 880 1216 950 γῆν·
1248 899 1268 931 ι
1315 879 1441 949 περὶ
1479 877 1536 931 δὲ
1593 876 1686 930 τοῦ

114 977 246 1032 Υίοῦ
297 975 428 1040 Θεὸς
481 975 704 1048 Κύριος,
765 973 879 1040 καὶ,
921 991 939 1024 ι
975 973 1270 1042 Ἐπέφανεν
1319 974 1471 1042 ἡμῖν,
1513 989 1532 1020 ι
1573 969 1685 1034 καὶ,

120 1087 138 1120 ι
170 1067 502 1139 Ὀφθήσεται
547 1070 576 1119 6
602 1065 734 1130 Θεὸς
789 1065 898 1118 τῶν
933 1063 1070 1117 θεῶν
1129 1066 1188 1116 έν
1239 1061 1408 1115 Σιών·
1445 1080 1463 1112 ι
1528 1059 1689 1114 πάλιν

110 1178 168 1213 τε
198 1157 313 1229 (51)
355 1157 482 1230 περὶ
517 1157 615 1229 μὲν
646 1155 738 1210 τοῦ
788 1154 922 1210 Θεοῦ
956 1171 1118 1226 φησιν
1167 1157 1196 1206 6
1237 1153 1480 1215 Ἡσαΐας
1539 1170 1558 1204 ι
1595 1150 1691 1214 Τίς

111 1249 265 1317 Θεὸς,
291 1250 482 1320 ὥσπερ
521 1251 608 1314 σὺ,
653 1248 884 1320 ἐξαίρων
921 1247 1170 1317 ἀνομίας,
1204 1244 1298 1299 καὶ
1353 1243 1690 1316 ὑπερϐαίνων

111 1342 363 1408 ἁδικίας;
407 1360 426 1393 ι
464 1343 492 1393 6
527 1340 583 1393 δὲ
622 1338 750 1402 Υἱὸς
780 1338 966 1406 ἔλεγεν
997 1332 1078 1400 οἷς
1129 1335 1339 1407 ἢθελεν·
1385 1355 1403 1387 ι
1456 1333 1692 1403 Ἀφέων-

109 1435 200 1488 ταί
236 1449 332 1485 σου
363 1434 418 1485 ai
470 1431 730 1503 ἁμαρτίαι
760 1429 906 1501 (52)⁶
944 1447 963 1480 ι
1000 1429 1089 1481 ὅτε
1132 1427 1225 1482 καὶ
1271 1427 1379 1481 τῶν
1425 1427 1691 1481 Ἰουδαίων

111 1521 510 1593 γογγυξόντων,
543 1520 688 1593 ἔργῳ
719 1519 820 1591 τὴν
872 1518 1064 1588 ἄφεσιν
1101 1518 1360 1585 ἐδείκνυε,
1413 1517 1586 1586 λέγων
1616 1516 1693 1586 τῷ

112 1613 490 1687 παραλυτικῷ·
529 1631 547 1664 ι
585 1613 855 1683 Ἔγειραι,
886 1607 1019 1682 ἆρον
1070 1611 1162 1664 τὸν
1221 1609 1529 1680 κράϐϐατόν
1573 1625 1686 1674 σου,

1787 427 1930 497 quod
1949 426 2018 482 sit
2039 441 2101 481 ex
2122 441 2251 481 vero
2271 428 2489 495 veritas,
2504 445 2571 484 ex
2590 431 2803 485 vivente
2822 431 2950 497 vita,
2974 442 3032 486 ut
3051 433 3144 502 qui
3169 448 3356 488 revera

1786 533 1854 574 ex
1880 518 2054 574 Patris
2086 517 2232 574 fonte
2255 523 2625 575 emanaverit:
2655 524 2799 592 quod
2831 523 3002 578 Filius
3033 525 3266 578 vivilicct
3299 532 3357 578 et

1787 607 2012 663 suscitet
2057 617 2304 664 mortuos
2339 612 2480 663 sicut
2508 596 2699 678 Pater,
2740 613 2815 666 ita
2849 613 2994 665 enim
3050 613 3247 683 legitur
3298 615 3352 668 in

1787 699 2096 770 Evangelia.
2125 701 2192 756 Et
2215 702 2281 756 de
2313 701 2472 756 Patre
2495 704 2710 772 quidem
2743 705 3006 773 scriptum
3035 714 3118 758 est
3147 723 3159 759 :
3197 723 3216 755 ι
3259 704 3355 760 Do-

1787 795 1969 850 minus
1991 793 2134 848 Deus
2159 804 2303 861 tuus,
2333 810 2474 848 unus
2499 793 2760 850 Dominus
2785 806 2867 849 est
2887 795 2932 827 3°
2962 813 2976 860 ;
3003 816 3022 848 ι
3043 806 3130 850 et:
3170 815 3186 846 ς
3211 795 3352 851 Deus

1788 882 2011 936 deorum
2047 881 2307 938 Dominus
2333 883 2546 937 locutus
2571 892 2672 950 est,
2692 892 2745 937 et
2770 885 2979 939 vocavit
3002 894 3197 940 terram
3216 887 3295 953 ⁸¹;
3330 907 3348 938 ι

1788 969 1855 1026 de
1881 971 2018 1026 Filio
2040 982 2242 1039 autem,
2279 992 2296 1023 (
2323 972 2462 1028 Deus
2486 966 2750 1030 Deminus
2765 985 2818 1029 et
2838 976 3013 1029 illuxit
3040 979 3197 1032 nobis
3219 977 3298 1037 ³³.
3330 998 3348 1027 ι

1787 1073 1862 1127 et,
1899 1082 1916 1114 ι
1946 1064 2222 1118 Videbitur
2249 1064 2388 1119 Deus
2415 1066 2639 1119 deorum
2668 1054 2722 1119 in
2756 1065 2885 1119 Sion
2911 1066 2976 1120 ⁸³.
3005 1086 3022 1118 ι
3046 1066 3112 1120 Ει
3135 1083 3350 1122 rursum

1789 1153 1857 1208 de
1887 1153 1998 1208 Deo
2026 1156 2241 1225 quidem
2275 1155 2351 1208 ait
2379 1155 2548 1210 Isaias
2577 1174 2590 1209 :
2624 1175 2641 1206 ι
2668 1154 2801 1220 Quis
2833 1156 3008 1219 Deus,
3054 1166 3112 1210 ut
3145 1166 3222 1218 tu,
3252 1156 3354 1210 tol-

1789 1246 1908 1302 lens
1941 1246 2288 1316 iniquitates,
2324 1255 2376 1300 et
2406 1253 2670 1316 superans
2697 1248 2991 1317 injustitias
3023 1248 3108 1301 M?
3135 1270 3152 1300 ι
3184 1248 3356 1303 Filius

1788 1352 1917 1391 vero
1965 1337 2212 1403 dicebat,
2259 1338 2456 1407 quibus
2509 1338 2710 1407 placuit
2760 1339 2861 1408 ipsi
2896 1356 2909 1391 :
2943 1357 2961 1390 ‹
2997 1339 3357 1395 Dimittuntur

1790 1427 1888 1480 tibi
1919 1435 2138 1496 peccata
2167 1437 2259 1481 tua
2283 1428 2330 1459 ⁸⁸
2356 1447 2368 1480 :
2411 1446 2428 1478 ι
2458 1443 2567 1497 quo
2603 1437 2840 1498 tempore
2869 1428 3074 1484 Iudaeis
3103 1447 3354 1484 murmu-

1790 1510 2073 1586 tantibus,
2114 1534 2276 1588 opere
2326 1519 2474 1574 illam
2526 1521 2905 1575 remissionem
2954 1522 3354 1590 comprobavit,

1791 1607 1978 1663 dicens
2035 1610 2331 1680 paralytico
2361 1629 2373 1664 :
2410 1629 2427 1661 ι
2455 1610 2661 1680 Surge,
2694 1613 2818 1665 tolle
2858 1612 3144 1680 grabatum
3177 1623 3356 1676 tuum,

112 1710 206 1762 καὶ
254 1707 436 1775 ὕπαγε
472 1708 551 1770 είς
583 1707 672 1760 τὸν
705 1703 850 1759 οἶκόν
885 1724 997 1759 σου.
1035 1725 1055 1758 ι
1120 1705 1229 1760 Καὶ
1271 1703 1397 1776 περὶ
1436 1704 1535 1775 μὲν
1592 1701 1687 1756 τοῦ

1797 1706 1842 1752 et
1868 1697 2002 1752 vade
2029 1698 2082 1750 in
2117 1699 2337 1752 domum
2380 1707 2530 1753 tuam
2553 1700 2619 1754 ⁸⁸.
2655 1719 2673 1751 ι
2726 1700 2801 1754 De
2825 1700 2935 1754 Deo
2966 1717 3186 1772 quoque
3217 1703 3358 1756 dixit

110 1800 250 1852 Θεοῦ
283 1799 468 1867 ἔλεγεν
497 1797 607 1868 (55)
659 1799 688 1850 ὁ
717 1796 950 1860 Παῦλοςο
1011 1816 1031 1849 ι
1090 1797 1180 1867 Τῷ
1225 1797 1282 1850 δὲ
1335 1797 1545 1866 βασιλεῖ
1583 1795 1693 1849 τῶν

111 1881 350 1946 αἰώνων·
387 1909 405 1942 ι
457 1878 582 1960 περὶ
634 1888 692 1941 δὲ
725 1889 815 1941 τοῦ
867 1887 996 1942 Υἱοῦ
1041 1889 1070 1942 6
1102 1889 1200 1959 μὲν
1239 1888 1401 1941 Δαϐὶδ
1444 1887 1688 1958 ἔψαλλεν·

116 2003 134 2034 ε
179 1985 386 2055 ’Ἄρατε
419 1971 610 2047 πύλας,
644 1984 692 2035 οἱ
717 1983 991 2054 ἄρχοντες,
1045 1979 1197 2050 ὑμῶν
1232 1979 1364 2050 (54),
1393 1981 1487 2033 καὶ
1523 1979 1693 2051 ἐπάρ-

111 2076 270 2147 θητε,
296 2065 459 2130 πύλαι
490 2074 714 2138 αἰώνιοι,
747 2075 841 2127 καὶ
866 2072 1228 2127 εἰσελεύσεται
1257 2076 1284 2126 ὁ
1308 2073 1560 2143 βασιλεὺς
1591 2073 1694 2142 τῆς

111 2169 328 2240 δόξης»
371 2171 399 2221 6
431 2169 486 2221 δὲ
517 2168 715 2238 Δανιὴλ
744 2167 992 2237 ἤκουσεν·
1053 2185 1071 2216 ι
1110 2166 1176 2218 Ἡ
1233 2165 1478 2235 βασιλεία
1526 2161 1692 2218 αὑτοῦ

113 2259 367 2330 βασιλεία
395 2258 659 2324 αἰώνιος,»
688 2257 800 2322 καὶ,
830 2276 849 2308 ‹
897 2257 964 2310 Ἦ
999 2255 1244 2327 βασιλεία
1273 2255 1438 2309 αὐτοῦ
1483 2255 1541 2308 οὐ
1578 2254 1694 2307 δια-

111 2352 477 2424 φθαρήσεται.
504 2370 523 2402 »
566 2349 674 2403 Καὶ
704 2349 840 2412 ὅλως
861 2349 960 2401 ὅσα
989 2347 1054 2401 ἂν
1084 2347 1263 2418 εὖροις
1295 2347 1422 2417 περὶ
1457 2345 1548 2399 τοῦ
1584 2347 1696 2398 Πα-

112 2444 246 2515 τρδς
287 2441 574 2512 λεγόμενα,
598 2439 835 2493 τοσαῦτα
863 2437 929 2492 ἂν
961 2437 1142 2510 εὕροις
1174 2437 1266 2492 καὶ
1299 2439 1425 2508 περὶ
1457 2435 1548 2490 τοῦ
1565 2434 1694 2488 Υἱοῦ

111 2533 410 2604 λεγόμενα,
439 2531 604 2604 χωρὶς
634 2531 791 2603 μόνου
816 2529 910 2583 τοῦ
943 2527 1080 2585 εἶναι
1118 2530 1278 2583 αὑτὸν
1312 2529 1548 2600 Πατέρα,
1599 2545 1699 2581 κα-

112 2627 302 2696 θάπερ
329 2623 586 2696 εἴρηται(

196 2717 286 2772 50.
310 2717 374 2768 Et
397 2715 495 2786 μὲν
527 2715 620 2767 οὐν
674 2713 836 2784 ἄλλην
872 2713 1044 2785 ἀρχὴν
1092 2712 1401 2784 ὲνθυμεῖταί
1443 2729 1548 2778 τις,
1605 2712 1698 2766 καὶ

111 2809 283 2862 ἄλλον
314 2805 536 2877 Πατέρα
560 2805 724 2858 διὰτὸ
758 2803 937 2869 ἰσάζον
963 2805 1071 2858 τῶν
1112 2805 1437 2876 λεγομένων,
1471 2806 1698 2876 μανικὸν

109 2901 180 2955 τὸ
204 2898 518 2969 ἐνθύμημα*
545 2898 593 2950 εί
619 2896 675 2950 δὲ
702 2897 790 2950 διὰ
843 2897 904 2950 τὸ
940 2899 1002 2950 ὲκ
1041 2894 1134 2951 τοῦ
1190 2898 1401 2968 Ila-:96;
1431 2891 1570 2949 εἶναι
1607 2895 1698 2949 τὸν

114 2993 272 3056 Υἱὸν,
299 2990 478 3045 πάντα
499 2988 567 3042 τὰ
594 2987 685 3041 τοῦ
726 2989 957 3060 Πατρὸς,
1010 2986 1088 3052 ὡς
1127 2990 1185 3044 ὲν
1213 2989 1378 3041 εἰκόνι
1409 2990 1501 3042 καὶ
1523 3005 1696 3060 χαρα-

114 3039 289 3152 at;
306 3039 588 3132 Isaia
608 3039 806 3141 "ag,"
823 3039 1177 3160 ἱοζίσώῖιὲθά
1195 3039 1319 3148 (ssi
1356 3039 1616 3148 agas;
1635 3039 1695 3130 ἐι
1723 3039 1768 3102 ε

116 3175 249 3245 ξένη
282 3173 439 3226 οὐσία
466 3172 564 3243 τῆς
584 3170 676 3224 τοῦ
707 3167 918 3241 Πατρὸς
946 3168 1130 3232 οὐσίας
1153 3169 1373 3240 δεκτικὴ
1392 3169 1499 3223 τῶν
1524 3168 1696 3222 τοιού-

110 3284 229 3322 των
257 3267 396 3320 ἐστί’
437 3266 530 3318 καὶ
567 3267 616 3317 εί
647 3266 675 3318 6
693 3263 928 3326 τοιοῦτος
950 3263 1242 3335 ὲτεροφυὴς
1275 3266 1368 3317 καὶ
1391 3262 1698 3334 ἀλλοτριού-

118 3360 238 3422 σιός
273 3357 386 3428 (56)
412 3360 546 3420 ἐστι,
597 3356 692 3410 καὶ
737 3356 834 3425 οὐχ
879 3353 1158 3426 ὁμοούσιος
1199 3353 1280 3425 τῷ
1307 3354 1498 3427 Πατρί.
1525 3355 1698 3408 Εὐλα-

117 3453 318 3524 ϐητέον
352 3450 460 3521 γὰρ
483 3449 556 3520 μὴ
582 3448 650 3502 τὰ
683 3445 775 3500 τοῦ
807 3447 1018 3518 Πατρός
1050 3446 1157 3500 ἴδια
1192 3447 1580 3517 μεταφέροντες
1605 3447 1698 3499 ἐπὶ

115 3544 179 3595 τὺ
222 3539 626 3610 ἀνομοιοούσιον
648 3537 814 3607 αὐτῷ,
840 3538 932 3591 καὶ⁹
982 3539 1039 3589 έν
1061 3539 1432 3607 ἀνομοιογενεῖ
1465 3537 1559 3590 καὶ
1605 3536 1698 3590 ἀλ-

116 3631 471 3706 λοτριοουσίῳ
511 3629 997 3702 χαρακτηρίζοντες
1048 3629 1148 3699 τὴν
1188 3626 1281 3681 τοῦ
1340 3628 1551 3700 Πατρὸς
1585 3627 1696 3699 (57)

120 3726 378 3795 Θεότητα,
410 3723 566 3791 ξένην
599 3722 696 3792 μὲν
721 3721 884 3790 ἄλλην
922 3716 1220 3790 είσάξωμεν
1270 3719 1479 3786 οὐσίαν,
1517 3718 1699 3771 δεκτι-

119 3819 225 3890 κὴν
253 3817 364 3870 τῶν
400 3818 502 3886 τῆς
532 3813 753 3885 πρώτης
784 3811 968 3874 οὐσίας
1001 3811 1322 3881 ἰδιωμάτων,
1347 3809 1698 3882 ἑντραπῶμεν

118 3911 179 3965 δὲ
209 3911 300 3963 ὑπ’
334 3907 499 3962 αὐτοῦ
522 3905 614 3959 τοῦ
647 3905 780 3958 Θεοῦ
851 3904 1118 3972 λέγοντος
1187 3921 1206 3953 ‹
1244 3903 1356 3973 Τὴν
1403 3902 1558 3966 δόξαν
1597 3920 1698 3972 μου

120 4004 296 4075 ἑτέρῳ
320 4002 380 4054 οὐ
409 3999 583 4053 δώσω·
618 4017 638 4050 ι
676 3997 770 4051 καὶ
797 3995 1108 4068 εὐρεθῶμεν
1159 3993 1589 4066 προσκυνοῦντες
1622 3993 1700 4063 τῷ

122 4095 412 4165 ἀλλοτρίῳ,
445 4092 537 4146 καὶ
566 4089 909 4161 νομισθῶμεν
961 4084 1100 4142 εἶναι
1147 4085 1397 4149 τοιοῦτοι,
1430 4083 1530 4138 οἷοι
1559 4082 1699 4156 ἦσαν

118 4189 171 4240 οἱ
203 4187 325 4240 τότε
369 4184 610 4238 Ἰουδαῖοι
665 4182 930 4250 λέγοντες·
988 4198 1007 4230 ‹
1050 4177 1149 4232 Διὰ
1202 4178 1254 4230 τί
1289 4179 1376 4242 σὺ,
1419 4177 1701 4249 ἄνθρωπος

118 4280 220 4344 ὣν,
260 4279 435 4339 ποιεῖς
477 4275 698 4328 σεαυτὸν
755 4273 864 4344 (58)
921 4271 1083 4336 Θεόν;
1122 4289 1142 4321 ι
1189 4271 1280 4323 ὅτε
1333 4271 1444 4334 καὶ,
1490 4269 1558 4324 τὰ
1606 4269 1701 4323 τοῦ

1791 1785 1994 1841 Paulus
2019 1803 2034 1841 :
2066 1806 2084 1838 ι
2116 1778 2248 1858 Regi
2279 1789 2599 1843 saeculorum
2618 1790 2663 1821 ⁸⁷
2693 1808 2708 1856 ;
2746 1810 2763 1841 ι
2795 1791 2862 1847 de
2887 1791 3024 1846 Filio
3045 1802 3224 1846 autem
3252 1794 3356 1847 Da-

1791 1874 1892 1949 vid.
1906 1876 2130 1929 cecinit:
2164 1895 2182 1926 ί
2207 1877 2448 1931 Attollite
2476 1886 2682 1946 portas,
2709 1881 3003 1949 principes,
3039 1890 3270 1946 vestras,
3303 1892 3358 1935 et

1791 1965 2110 2029 elevamini,
2151 1975 2319 2034 parta:
2362 1969 2683 2032 aeternales,
2730 1979 2782 2023 et
2810 1971 3056 2025 introibit
3098 1972 3211 2026 Rex
3239 1973 3356 2043 glo-

1792 2050 1982 2123 riae“;
2016 2075 2034 2107 ι
2070 2055 2254 2110 Daniel
2288 2074 2417 2112 vero
2449 2060 2561 2114 haec
2597 2061 2802 2115 audivit
2827 2081 2839 2115 :
2869 2081 2887 2113 ‹
2919 2061 3165 2133 Regnum
3213 2065 3354 2134 ejus,

1791 2163 2016 2217 regnum
2048 2150 2435 2219 sempiternum
2462 2153 2540 2218 ⁸³,
2573 2171 2591 2204 ι
2636 2163 2723 2220 et,
2762 2173 2781 2204 ι
2815 2156 3059 2224 Regnum
3096 2157 3213 2225 ejus
3247 2174 3354 2210 non

1792 2250 2169 2309 corrumpetur
2191 2241 2256 2296 9°.
2293 2261 2312 2292 ι
2354 2241 2578 2296 Demum
2609 2260 2948 2316 quaecunque
2984 2248 3050 2302 de
3079 2246 3240 2302 Patre
3269 2248 3358 2304 di-

1792 2333 1879 2386 cia
1905 2333 2190 2401 repereris,
2229 2341 2310 2387 tot
2339 2342 2596 2405 tantaque
2625 2337 2691 2390 de
2719 2336 2854 2392 Filio
2885 2339 3027 2393 dicta
3055 2340 3359 2410 deprehen-

1795 2411 1910 2489 des,
1937 2438 1999 2476 ea
2028 2424 2201 2478 solum
2236 2426 2573 2494 exceptione,
2597 2429 2742 2497 quod
2769 2428 2884 2499 ipse
2909 2444 3019 2485 non
3063 2431 3134 2488 sit
3173 2431 3356 2499 Pater,

1797 2521 1856 2569 ut
1880 2515 2083 2571 dictum
2111 2518 2361 2587 superius
2389 2527 2490 2574 est.
2810 2541 2814 2545 ·

1866 2715 1956 2771 50.
1996 2714 2050 2770 Si
2076 2717 2200 2787 quis
2238 2717 2406 2789 igitur
2448 2718 2595 2775 aliud
2627 2719 2956 2793 principium
2985 2730 3038 2777 et
3066 2721 3232 2776 alium
3258 2721 3362 2777 Pa-

1797 2815 1936 2862 trem
1967 2809 2254 2879 excogitet,
2286 2825 2352 2865 eo
2386 2812 2532 2881 quod
2578 2813 2808 2882 aequalia
2841 2813 2951 2868 sint
2998 2829 3121 2882 qua:
3163 2813 3361 2869 dicun-

1799 2908 1907 2966 tur,
1955 2900 2207 2956 insanum
2252 2911 2399 2958 certe
2451 2903 2583 2959 illud
2643 2913 3030 2959 commentum.
3075 2905 3130 2960 Si
3177 2916 3359 2961 autem

1799 2992 1927 3062 quia
1952 2992 2120 3048 Filius
2151 3010 2217 3048 ex
2241 2993 2402 3050 Patre
2429 3003 2532 3061 est,
2560 2996 2745 3050 omnia
2774 3012 2895 3066 quae
2918 2995 3096 3052 Patris
3124 3011 3251 3053 sunt
3281 3000 3362 3069 (ut

1796 3086 1852 3140 in
1881 3087 2116 3156 imagine
2148 3096 2204 3143 et
2233 3088 2566 3159 charactere)
2597 3083 2721 3143 Filii
2754 3098 2882 3144 sunt
2929 3105 2944 3141 :
2990 3104 3148 3159 atquo
3178 3091 3362 3144 animo

1797 3180 2121 3250 cogitemus,
2151 3196 2276 3234 num
2303 3181 2605 3236 substantia
2635 3182 2810 3236 aliena
2840 3198 2872 3236 a
2898 3180 3074 3236 Patris
3105 3183 3362 3238 substan-

1795 3271 1889 3338 tia,
1944 3271 2252 3327 istiusmodi
2296 3288 2479 3327 rerum
2527 3288 2696 3342 capax
2737 3273 2806 3328 sit
2841 3289 2853 3326 :
2886 3283 2941 3328 et
2987 3273 3064 3336 si,
3099 3274 3190 3342 qui
3239 3274 3363 3328 talis

1796 3369 1899 3425 est,
1927 3362 2153 3416 diversa:
2175 3373 2402 3426 naturae,
2427 3376 2478 3417 ct
2503 3363 2690 3418 aliena:
2719 3363 3034 3418 substantia:
3059 3365 3147 3428 sit,
3175 3371 3228 3417 et
3252 3379 3361 3418 nan

1797 3452 1984 3521 potius
2017 3451 2167 3506 Patri
2199 3453 2699 3509 consubstantialis.
2740 3454 3051 3508 Cavendum
3097 3455 3261 3517 enim,
3295 3469 3365 3508 ne

1795 3558 1916 3612 qua:
1933 3543 2108 3599 Patris
2128 3545 2342 3614 prepria
2379 3553 2505 3600 sunt
2538 3544 2917 3599 transferentes
2945 3545 3012 3598 ad
3033 3543 3185 3608 illud,
3221 3545 3364 3613 quod

1797 3636 1847 3690 ei
1893 3637 2196 3690 substantia
2248 3637 2514 3692 dissimile
2559 3645 2662 3702 est,
2693 3645 2748 3691 et
2779 3652 2848 3690 ne
2890 3636 2944 3690 in
2976 3652 3040 3691 eo
3071 3639 3164 3705 qui
3204 3637 3366 3691 dissi-

1798 3723 1944 3778 milis
1978 3733 2194 3792 natura,
2221 3736 2274 3780 et
2302 3727 2512 3783 alienus
2542 3728 2844 3783 substantia
2882 3739 2984 3794 est,
3017 3729 3192 3786 Patris
3223 3731 3362 3786 divi-

1799 3817 2022 3871 nitatem
2060 3818 2438 3889 designantes,
2480 3829 2793 3876 extraneam
2837 3822 2996 3876 aliam
3043 3824 3364 3879 inducamus

1800 3909 2182 3975 substantiam,
2225 3911 2414 3978 primae
2445 3911 2761 3966 substantiae
2792 3914 3178 3981 pr0prietatum
3212 3930 3367 3984 capa-

1799 4014 1961 4054 cem:
2001 3999 2313 4068 pudoreque
2363 3998 2661 4054 afﬁciantur
2702 4000 2772 4054 ab
2803 4001 2924 4069 ipso
2978 4000 3087 4055 Deo
3129 4002 3361 4068 dicente,

1805 4109 1823 4141 ι
1849 4089 2084 4145 Gloriam
2114 4105 2290 4144 meam
2317 4090 2472 4144 alteri
2503 4105 2610 4144 non
2643 4090 2894 4156 dabo“,i
2916 4100 2970 4146 et
3000 4091 3362 4161 deprehenda-

1799 4197 1922 4236 mur
1967 4182 2202 4235 alienum
2249 4181 2511 4247 adorare,
2544 4183 2784 4251 talesque
2823 4183 3140 4250 habeantur,
3174 4188 3364 4254 quales

1801 4273 1930 4326 olim
1949 4271 2098 4328 fuere
2115 4271 2308 4338 Judazi,
2325 4273 2418 4342 qui
2441 4273 2890 4344 aiebantzeloc
2915 4274 3093 4341 Quare
3111 4279 3369 4345 tu,hcmo

119 4369 442 4440 Πνεύματος
507 4365 930 4438 μεταφέροντες,
985 4363 1367 4433 ἐϐλασφήμουν
1429 4362 1693 4431 λέγοντες,

1806 4378 1930 4416 cum
1957 4364 2054 4429 sis,
2089 4362 2222 4419 facis
2252 4363 2484 4432 teipsum
2516 4363 2685 4418 Deum
2715 4367 2802 4418 ”’?
2833 4385 2852 4418 ι
2895 4381 3019 4421 cum
3051 4369 3126 4422 illi
3155 4385 3217 4424 ea
3246 4386 3369 4440 qua:

116 4463 205 4514 ὃτι
247 4481 266 4513 ι
322 4461 411 4514 Ἐν
438 4458 762 4523 Βεελζεϐοὺλ
793 4455 1041 4510 ἐκϐάλλει
1070 4455 1138 4509 τὰ
1187 4454 1454 4525 δαιμόνια.
1485 4473 1504 4506 ι
1547 4455 1610 4507 Ei.
1646 4454 1702 4506 δὲ

120 4553 284 4608 τοῦτο
321 4551 590 4624 ἀπρεπὲς,
621 4550 797 4621 δῆλον,
826 4550 908 4603 ὃτι
935 4547 1047 4619 (59)
1084 4548 1184 4601 οὐκ
1206 4544 1606 4617 ἀνομοιοούσιος
1635 4545 1701 4599 ἂν

196 4669 243 4701 ⁷⁸
285 4666 502 4735 Philipp

121 4755 284 4802 xun,
316 4737 410 4792 25.
438 4732 482 4735 ’⁷
510 4735 556 4768 ⁸⁵
596 4733 786 4802 Matth:
817 4747 892 4797 Ix,
934 4732 987 4784 5.

1092 4729 1139 4760 ⁸⁸
1180 4728 1343 4782 Marc.
1382 4743 1444 4792 ιι,
1483 4729 1570 4782 11.

509 4708 520 4718 .
559 4647 718 4724 11.6..
779 4661 825 4695 ⁸ο
863 4660 1021 4714 Deut.
1061 4675 1136 4720 vr.
1161 4659 1217 4713 1.
1293 4659 1336 4692 ⁸⁸
1375 4657 1520 4712 Psal.
1552 4674 1693 4721 xux,

510 4735 556 4768 ³⁸
597 4733 786 4781 Matth.
817 4747 892 4781 ix.
934 4732 987 4781 5.
1092 4729 1139 4760 ⁸⁸
1180 4728 1343 4781 Marc.
1382 4743 1444 4781 ιι.
1483 4729 1570 4781 11.
1675 4729 1693 4760 ⁸

1862 4657 1908 4690 ⁸³
1948 4654 2091 4711 Psal.
2124 4669 2290 4715 cxvn,
2322 4655 2413 4709 27.

1806 4727 1946 4781 Tim.
1980 4742 2018 4781 1.
2053 4724 2140 4778 17.
2257 4724 2302 4754 ⁸⁸
2341 4723 2412 4780 Ps

1811 4447 2045 4517 Spiritus
2088 4459 2244 4504 erant
2292 4451 2400 4504 alio
2453 4452 2879 4516 transferentes,
2932 4456 3367 4526 blasphemarent

1806 4539 1895 4595 his
1933 4540 2154 4594 verbis:
2196 4559 2215 4590 ‹
2256 4538 2312 4593 In
2343 4540 2712 4597 Beelzehulem
2744 4545 2891 4614 ejicit
2933 4547 3196 4603 daemonia
3231 4551 3295 4603 ³⁸.
3343 4571 3366 4603 ι

2527 4657 2574 4688 ⁸³
2611 4657 2754 4713 Psal.
2790 4675 3016 4725 Lxxxnt,
3049 4661 3101 4716 8.
3178 4663 3224 4695 ⁸⁸
3263 4665 3368 4722 Ιςτι.

2257 4724 2302 4754 ⁸⁸
2341 4723 2489 4780 Psal.
2522 4743 2678 4794 xxm,
2722 4729 2771 4782 7.
2884 4731 2930 4762 '9
2969 4723 3107 4785 Dan.
3136 4749 3216 4796 ιιι,
3247 4735 3370 4790 100.

122 4812 170 4841 ⁹⁰
214 4794 349 4862 Dan.
381 4822 479 4870 vu,
515 4805 600 4859 14.
675 4804 719 4834 ἰ
757 4794 1030 4863 ιεθζχιιι,
1058 4798 1112 4854 8.
1186 4800 1231 4832 ⁸³
1269 4796 1427 4852 Joan.
1455 4815 1511 4865 x,
1540 4799 1628 4853 55.

1797 4799 1926 4852 Luc.
1968 4811 2043 4862 xu,
2075 4794 2161 4848 15.

201 4920 314 4987 (50)
355 4918 448 4973 Sic
488 4918 656 4973 editio
682 4915 919 4987 C0mm._
946 4912 1110 4987 Basil.
1130 4911 1428 4987 etﬂegius
1454 4915 1694 4987 secunda

121 4981 318 5052 manu,
353 5005 477 5045 nam
520 4991 694 5057 prima
726 4986 877 5048 ὄντος
908 4985 1086 5038 habet.
1130 4981 1368 5038 Fclckm.
1398 4983 1450 5049 5,
1483 4984 1557 5046 ὡς
1591 5001 1696 5055 πη-

1800 4911 2038 4975 Comm.,
2074 4910 2250 4980 ὑμῶν.

1875 4982 1988 5050 (55)
2028 4979 2230 5051 Regius
2265 4979 2456 5041 codex,
2491 4980 2840 5051 λογισόμεθα.

1873 5053 2102 5122 (56)_Ita
2140 5051 2338 5122 Regius
2363 5059 2524 5122 atque
2567 5051 2647 5105 sie
2690 5052 3061 5122 scribendum,
3093 5053 3374 5110 similiter.

122 5060 437 5134 Tﬁgﬂﬁwog,
473 5074 580 5134 non
607 5057 768 5134 male.
872 5133 878 5134 γ
908 5123 948 5134 __
983 5125 996 5134 _
1031 5122 1047 5134 ,
1173 5124 1205 5134 _
1250 5121 1290 5134 ,η
1670 5123 1682 5134 -

1873 5057 2338 5134 (ὃβῌιιῌὶεςίιιε
2363 5064 2384 5133 a

1799 5120 1906 5191 que
1923 5120 2076 5193 infra
2106 5120 2529 5193 ἀνομοιοούσιον,
2548 5128 2602 5174 et
2624 5121 3070 5193 νᾲλλοτριοουσίῳ.
3092 5123 3256 5187 Edit.,
3280 5128 3374 5179 ἁλ-

200 5121 315 5199 (51)
358 5121 450 5184 Sic
477 5127 802 5199 Reg.codex
832 5133 887 5199 et
908 5122 1146 5199 Felckm;
1173 5121 1394 5199 §_.E_dit_i
1414 5136 1565 5199 _v_e_ro,
1598 5123 1696 5175 καὶ

122 5189 398 5257 πάλιντε.
425 5189 819 5254 ΜοχἾῗθΙρΙίιιι.
856 5196 908 5261 5,
942 5195 1037 5266 μὲν
1055 5192 1149 5246 τοῦ
1174 5192 1326 5246 Υίοῦ.
1352 5193 1493 5246 Ειιιιι
1518 5203 1572 5246 et
1588 5208 1692 5246 cae-

124 5275 247 5316 tnri_
286 5271 385 5316 μὲν
413 5269 506 5316 τοῦ
533 5265 689 5316 Θεοῦ.

1799 5189 1890 5245 λοτ
1934 5191 2148 5257 ιούσιον,
2183 5189 2574 5260 ἄνομοιούσιον,
2609 5189 3034 5262 ἀλλοτριουσίῳ,
3058 5196 3330 5249 mendose.

1873 5209 1985 5316 (57)
2027 5259 2119 5315 Sic
2165 5276 2356 5314 omnes
2402 5263 2780 5316 manuscrioti.
2827 5261 2967 5316 Editi
3003 5279 3154 5316 vero.
3199 5265 3341 5316 Πατέ

124 5275 250 5334 tcri,
284 5271 385 5342 μὲν
413 5269 506 5322 τοῦ
533 5265 689 5322 Θεοῦ.
895 5259 901 5261 ”
943 5259 955 5266 ⁷

205 5343 309 5354 ,ιικκ
358 5340 396 5354 1-1
435 5341 445 5354 I
482 5340 496 5354 ‘I
691 5337 704 5348 ⁸
758 5335 790 5354 ιν
857 5333 1152 5354 ,Δ.,2....---Ῑ
1205 5350 1274 5354 --Α
1334 5334 1382 5354 ..ε
1444 5332 1692 5354 L.----__'__

1873 5259 1985 5333 (57)
2027 5259 2119 5315 Sic
2165 5259 2356 5314 omnes
2402 5259 2787 5331 manuscripti.
2827 5259 2980 5316 Ειιὶῑῖ
3003 5279 3154 5326 vero,
3199 5265 3373 5318 Πατὲο

199 5333 315 5411 (ΒΞ)
355 5337 707 5394 Felckmanni
758 5335 812 5403 5,
857 5333 1152 5402 Ἀφέωνταί
1200 5350 1281 5386 σοι
1328 5334 1384 5385 αἱ
1437 5333 1693 5404 ἁμαρτίαι

127 5431 242 5466 σου.
1467 5459 1472 5464 ,

2003 5399 2348 5476 _Fclckm._§,
2376 5401 2589 5476 tau-.61).
2609 5400 2746 5455 Ibid.
2770 5416 2962 5456 omnes
2985 5406 3373 5476 mantiscriP‘I-

198 5482 313 5552 (55)
355 5477 449 5535 Sic
482 5476 684 5548 Regius
731 5485 783 5531 et
831 5473 1182 5530 Felckmanni
1232 5473 1286 5528 5.
1339 5471 1504 5538 Editi,
1536 5471 1693 5544 ἔγρα-

1799 5470 2082 5553 δτέεωιξξτιῃ.
2113 5486 2242 5553 vero
2272 5470 2607 5553 PtlI‘IS';,'6:CL.
2683 5542 2712 5553 _
2773 5539 2864 5553 nn

125 5539 372 5622 φεὺ-Ῐ-
469 5539 599 5622 ,ἶ
732 5616 766 5622 --
841 5617 872 5622 .-
1057 5615 1090 5622 ..
1174 5612 1294 5622 _.
1392 5611 1486 5622 ....

1802 5611 1838 5622 __
1865 5541 2009 5622 £59)“
2031 5540 2120 5594 Sic
2156 5539 2284 5622 βας.
2319 5553 2372 5594 et
2406 5539 2649 5622 trlckm".
2771 5539 2910 5622 Edit.
2941 5558 3091 5622 vero,
3114 5543 3382 5614 δηλονότι.

199 5621 314 5693 (54)
355 5619 434 5676 Ita
469 5618 694 5690 Regius,
731 5616 897 5672 Basil.
930 5624 983 5672 et
1007 5615 1137 5670 edit.
1174 5612 1349 5669 Paris.
1392 5611 1535 5668 Edit.
1573 5628 1693 5668 vero

1802 5611 1936 5668 Ibid.
1971 5610 2126 5682 Reg.,
2158 5611 2578 5682 ἁνομοιοούσιος.
2608 5611 2772 5680 Editi,
2809 5610 3204 5684 ἀνομοιούτιος.
