3824 6224
469 290 570 347 785

1024 285 1081 339 S.
1122 282 1500 339 ATHANASH
1539 283 1689 340 OPP.
1731 283 1915 339 PARS
1953 283 1994 339 Ι.
2037 315 2105 326 -
2147 281 2517 338 HISTORICA
2556 282 2647 336 ET
2687 279 3114 338 DOGMATICA.

3615 289 3725 342 784

465 404 622 473 Quod
655 404 701 460 si
746 402 880 458 illud
920 399 1239 456 indecorum
1271 409 1392 466 est,
1421 410 1566 456 certe
1601 417 1709 456 non
1748 401 2032 456 dissimilis

2145 401 2218 472 εἴη
2259 404 2287 454 6
2306 401 2452 465 Υἱὸς,
2477 400 2611 455 ἀλλὰ
2635 399 2916 472 ὁμοούσιος
2958 401 3036 471 τῷ
3064 401 3260 474 Πατρί·
3296 403 3390 456 καὶ
3430 403 3542 475 γὰρ
3574 407 3624 458 εί
3653 410 3723 459 τα

466 495 785 554 substantia
816 493 976 548 fuerit
1008 491 1199 554 Filius,
1235 494 1327 548 sed
1354 494 1837 549 consubstantialis
1864 493 2030 547 Patri.

466 587 677 644 Etenim
725 586 770 641 si
803 599 925 655 qua
967 583 1143 640 Patris
1188 594 1332 650 sunt,
1371 586 1692 640 naturaliter
1729 584 1853 638 Filii
1884 592 2031 648 sunt,

466 680 688 750 ipseque
714 676 887 731 Filius
931 691 998 731 ex
1030 676 1190 732 Patre
1225 685 1330 742 est,
1379 684 1433 730 et
1465 685 1682 747 propter
1719 675 2033 746 hujusmodi

468 773 733 825 unitatem
769 770 1070 825 divinitatis
1097 778 1152 824 et
1180 778 1417 835 natura,
1455 770 1570 839 ipse
1597 778 1649 824 ct
1673 768 1833 823 Pater
1861 784 2033 823 unum

465 871 631 928 sunt,
663 871 717 917 et
745 862 840 932 qui
870 862 1003 917 vidit
1030 861 1228 916 Filium
1257 861 1389 916 vidit
1416 870 1470 915 et
1498 860 1710 916 Patrem
1733 900 1748 926 ,
1783 859 1975 914 merito
2002 874 2034 914 τι

464 954 722 1010 Patribus
761 955 940 1009 dictus
985 961 1069 1010 est
1102 953 1582 1009 consubstantialis
1621 971 1634 1007 :
1688 965 1864 1021 neque
1889 951 2034 1005 enim

465 1045 562 1115 qui
609 1045 833 1101 alterius
884 1053 1028 1100 esset
1084 1044 1420 1108 substantia,
1472 1043 1599 1098 talia
1661 1041 1861 1096 habere
1905 1054 2034 1110 pos-

467 1146 568 1194 set.

541 1230 630 1284 5t.
661 1228 901 1284 Rursum
931 1227 998 1290 si,
1028 1235 1189 1297 prout
1216 1240 1377 1295 supra
1404 1224 1662 1288 diximus,
1694 1238 1803 1278 non
1830 1238 1897 1279 ex
1919 1237 2037 1293 par-

468 1320 784 1389 ticipatione
815 1320 886 1374 sit
916 1316 1086 1372 Filius
1121 1336 1134 1372 :
1173 1317 1266 1372 sed
1325 1316 1538 1386 Opiﬁcia
1578 1315 1796 1385 quidem
1852 1315 2036 1370 omnia

467 1427 536 1465 ex
568 1409 983 1480 participatione
1015 1407 1107 1462 Dei
1142 1407 1374 1476 gratiam
1423 1405 1692 1471 habeant,
1741 1405 1856 1475 ipse
1904 1420 2035 1460 vero

468 1501 648 1557 Patris
684 1500 946 1570 sapientia
971 1507 1025 1554 et
1054 1497 1292 1553 Verbum
1329 1498 1436 1562 sit,
1470 1497 1691 1566 quicum
1725 1498 2032 1550 communia

469 1591 632 1646 habet
665 1590 848 1644 omnia
882 1605 894 1640 :
936 1598 1079 1643 certe
1108 1603 1230 1642 cum
1263 1587 1332 1641 sit
1363 1587 1477 1654 ipse
1509 1586 1560 1639 id
1592 1600 1700 1654 quo
1736 1583 1894 1638 Pater
1921 1583 2038 1637 dei-

468 1683 594 1737 ﬁcat
628 1690 682 1736 et
708 1681 1000 1744 illuminat,
1037 1679 1091 1732 in
1126 1693 1234 1747 quo
1263 1678 1470 1732 scilicet
1496 1675 1679 1730 omnia
1711 1676 2034 1730 deilicantur

468 1782 521 1828 et
553 1771 915 1836 viviticantur,
950 1784 1057 1823 non
1089 1768 1282 1822 aliena
1327 1782 1358 1821 a
1402 1765 1563 1820 Patre
1610 1764 1927 1821 substantia
1953 1773 2038 1819 est

469 1864 563 1918 sed
611 1861 1111 1917 consubstantialis.
1168 1857 1342 1928 Hujus
1398 1858 1544 1912 enim
1623 1857 2036 1928 participatione

469 1945 646 2008 Patiis
672 1952 962 2022 participes
991 1949 1273 2013 elﬁcimur,
1316 1965 1380 2004 eo
1407 1949 1551 2019 quod
1595 1949 1710 2018 ipse
1753 1949 2031 2019 proprium

467 2044 646 2098 Patris
680 2043 750 2097 sit
789 2042 1052 2096 Verbum.
1101 2039 1257 2096 Unde
1289 2040 1334 2095 si
1369 2040 1485 2110 ipse
1519 2055 1736 2109 quoque
1767 2055 1834 2094 ex
1869 2041 2037 2108 parti-

408 2118 413 2124 ’
469 2134 744 2204 cipatione
776 2143 940 2198 esset,
974 2141 1027 2188 et
1051 2148 1160 2186 non
1187 2148 1252 2188 ex
1282 2147 1341 2188 se
1380 2131 1752 2187 substantialis
1780 2131 2037 2188 divinitas

467 2234 522 2281 et
566 2225 748 2295 imago
776 2223 976 2289 Patris,
1006 2239 1118 2278 non
1151 2222 1429 2278 deilicarct
1463 2223 1622 2288 alios,
1674 2239 1800 2280 cum
1834 2230 1888 2278 et
1922 2223 2037 2293 ipse

465 2317 750 2372 deilicatus
795 2324 958 2372 esset.
995 2313 1113 2369 Non
1153 2316 1296 2370 enim
1329 2315 1445 2369 ﬁeri
1477 2323 1655 2384 potest
1682 2331 1806 2370 eum
1842 2315 1936 2385 qui
1969 2330 2036 2369 ex

467 2406 882 2478 participatione
909 2405 1091 2469 habet,
1122 2404 1172 2458 id
1201 2405 1358 2482 cuius
1382 2407 1650 2475 particeps
1680 2417 1763 2460 est
1793 2405 1913 2460 aliis
1937 2406 2038 2459 im-

469 2499 670 2568 pertire
707 2513 720 2552 :
753 2495 901 2566 quod
947 2497 1094 2550 enim
1125 2493 1213 2549 ille
1244 2494 1425 2560 habet,
1460 2511 1619 2550 suum
1664 2510 1773 2550 non
1805 2507 1906 2559 est,
1943 2495 2037 2550 sed

469 2589 590 2657 ejus
627 2587 720 2656 qui
751 2585 917 2652 dedit,
963 2597 1016 2640 et
1062 2585 1208 2654 quod
1246 2586 1474 2654 accepit,
1505 2586 1592 2639 vix
1629 2585 1732 2641 sibi
1765 2585 2036 2640 suilicien-

470 2689 579 2733 tem
613 2677 844 2749 gratiam
885 2676 1111 2745 accepit.
1157 2675 1392 2730 Causam
1425 2683 1608 2730 tamen
1638 2691 1752 2741 cur
1789 2676 2034 2744 quidam,

471 2775 534 2819 ut
567 2764 759 2830 fertur,
787 2763 1250 2818 consubstantialc
1281 2773 1557 2832 respuant,
1590 2763 1801 2818 sincere
1831 2763 2039 2817 exami~

473 2871 687 2922 nemus,
723 2873 792 2911 an
825 2871 937 2910 non
975 2855 1148 2926 magis
1173 2870 1240 2910 ex
1268 2855 1358 2908 illa
1387 2857 1502 2926 ipsa
1536 2855 1706 2911 Filius
1729 2855 1876 2912 Patri
1909 2872 2040 2912 con-

474 2949 852 3005 substantialis
880 2949 1216 3004 ostendatur.
1245 2947 1413 3001 Aiunt
1462 2947 1645 3017 igitur,
1681 2957 1740 3002 ut
1764 2964 1860 3003 vos
1904 2948 2040 3004 scri-

472 3042 684 3110 psistis,
714 3039 914 3094 Filium
942 3038 1089 3094 Patri
1123 3039 1641 3095 consubstantialem
1673 3039 1781 3094 dici
1813 3040 2036 3094 minime

474 3133 693 3198 debere,
731 3132 860 3202 quia
888 3131 980 3200 qui
1009 3131 1142 3185 dicit
1168 3131 1708 3197 consubstantialem,
1740 3131 1842 3184 tria
1883 3127 2034 3198 dicit,

475 3225 834 3300 substantiam
861 3224 1116 3293 aliquam,
1146 3239 1268 3294 qua
1303 3223 1453 3292 prius
1494 3222 1790 3292 subjaceat,
1839 3234 1895 3278 et
1944 3238 2038 3279 eos

473 3315 568 3386 qui
599 3330 662 3367 ex
695 3314 788 3367 illa
813 3314 974 3384 geniti
1001 3321 1130 3367 sunt
1160 3327 1279 3367 esse
1305 3312 1794 3368 consubstantiales
1831 3331 1844 3366 :
1877 3321 2040 3383 atque

476 3407 606 3460 hinc
632 3405 1003 3462 concludunt:
1036 3403 1092 3458 Si
1122 3419 1250 3474 ergo
1275 3402 1445 3459 Filius
1494 3404 1566 3459 sit
1607 3403 1756 3459 Patri
1798 3407 2038 3460 consub-

473 3499 767 3566 stantialis,
808 3512 1032 3553 necesse
1063 3506 1146 3552 est
1182 3497 1336 3567 prius
1368 3495 1649 3566 subiacere
1681 3512 1870 3552 eorum
1907 3498 2040 3552 sub-

474 3590 734 3644 stantiam
763 3605 830 3644 ex
861 3604 969 3658 qua
1003 3588 1167 3659 geniti
1201 3589 1330 3653 sint,
1359 3599 1412 3643 et
1442 3604 1549 3642 non
1588 3603 1709 3644 esse
1739 3590 1891 3644 illum
1934 3589 2038 3645 Pa-

475 3692 636 3745 trem,
667 3681 812 3736 hunc
829 3679 1050 3748 Filium,
1082 3681 1177 3736 sed
1207 3681 1396 3736 ambos
1430 3679 1645 3735 fratres.
1679 3679 1803 3736 Hac
1826 3681 2040 3736 tametsi

477 3775 822 3830 ethnicorum
851 3783 978 3830 sunt
1006 3774 1412 3844 explicationes,
1447 3787 1656 3843 nosque
1684 3774 1822 3827 nihil
1849 3789 2039 3829 eorum

475 3882 700 3936 egemus
731 3865 1034 3921 ratiociniis
1067 3881 1082 3917 :
1121 3865 1478 3921 nihilominus
1524 3867 1806 3921 videamus
1855 3875 2040 3921 utrum

479 3958 569 4011 illa
602 3957 1108 4022 consubstantialia,
1139 3972 1260 4027 qua
1292 3973 1416 4013 cum
1455 3973 1523 4014 ex
1565 3959 1718 4031 prius
1769 3959 2041 4015 intellecta

477 4049 784 4104 substantia
826 4049 956 4113 sint,
995 4047 1189 4104 fratres
1231 4049 1507 4115 dicuntur,
1557 4050 1662 4106 sibi
1709 4060 1920 4119 mutuo,
1971 4067 2042 4106 an

478 4141 798 4196 substantia
818 4154 884 4194 ex
910 4155 1017 4210 qua
1055 4149 1173 4195 orta
1205 4149 1364 4206 sunt,
1398 4141 1505 4196 sint
1531 4142 2037 4197 consubstantialia.

476 4233 537 4288 Si
572 4233 718 4286 enim
767 4231 868 4287 sibi
907 4240 1136 4297 mutuo;
1173 4232 1396 4288 diversa
1435 4248 1566 4303 ergo
1609 4235 1946 4300 substantia,
1979 4251 2042 4290 ac

478 4323 765 4378 dissimilia
796 4331 956 4378 erunt
979 4323 1296 4378 substantia
1327 4339 1359 4377 a
1381 4339 1488 4393 qua
1508 4332 1687 4379 ortum
1725 4325 1996 4379 duxerunt
2023 4342 2036 4378 :

2134 493 2228 546 τοῦ
2257 493 2468 562 Πατρὸς
2499 491 2744 562 φυσικῶς
2767 491 2860 545 τοῦ
2893 491 3021 545 Υἱοῦ
3055 493 3222 558 ἐστιν,
3257 494 3419 557 αὐτός
3445 513 3506 548 τε
3542 499 3570 549 6
3595 499 3725 560 Υἱὸς

2135 583 2199 638 ὲκ
2231 582 2322 636 τοῦ
2347 583 2559 654 Πατρός
2610 585 2747 647 ἐστι,
2782 584 2878 635 καὶ
2939 583 3026 637 διὰ
3062 583 3159 654 τὴν
3189 585 3448 658 τοιαύτην
3493 588 3724 658 ἑνότητα

2133 676 2234 746 τῆς
2265 674 2516 745 θεότητος
2545 674 2638 728 καὶ
2656 674 2758 745 τῆς
2782 673 2995 741 φύσεως
3020 675 3181 738 αὐτὸς
3212 676 3304 728 καὶ
3331 677 3360 729 6
3415 679 3610 747 Πατὴρ
3663 680 3723 729 ’ἐν

2135 769 2262 829 εισι,
2289 767 2383 820 καὶ
2423 767 2452 818 6
2512 763 2772 836 ἑωρακὼς
2798 765 2889 817 τὸν
2919 764 3048 818 Υἱόν
3094 765 3303 837 ἑώρακε
3344 765 3436 819 τδν
3472 765 3720 838 Πατέρα,

2135 858 2357 920 εἰκότως
2383 856 2574 927 ἐλέχθη
2604 857 2753 928 παρὰ
2771 856 2877 911 τῶν
2898 857 3156 928 Πατέρων
3188 859 3490 930 ὁμοούσιος·
3513 862 3578 913 οὐ
3613 863 3723 932 γὰρ

2136 948 2467 1020 ἐτεροουσίου
2491 947 2559 1002 τὰ
2581 947 2802 1004 τοιαῦτα
2828 947 2970 1020 ἔχειν
3001 950 3140 1006 ἐστί.

2205 1202 2292 1258 51.
2323 1202 2492 1257 Πάλιν
2515 1220 2575 1257 τε
2603 1205 2672 1270 εί,
2709 1204 2850 1258 καθά
2883 1206 3236 1280 προείπομεν,
3267 1210 3366 1264 οὐκ
3417 1213 3482 1265 ἐκ
3518 1231 3718 1283 μετου-

2136 1292 2257 1356 σίας
2285 1293 2482 1348 ἐστὶνὸ
2529 1295 2680 1359 Υἱός*
2735 1296 2870 1350 ἀλλὰ
2923 1298 2994 1351 τὰ
3027 1299 3126 1369 μὲν
3176 1303 3378 1372 γενητὰ
3424 1304 3606 1358 πάντα
3653 1308 3722 1359 ὲκ

2139 1387 2426 1458 μετουσίας
2457 1389 2570 1458 ἔχει
2602 1389 2700 1460 τὴν
2741 1389 2891 1461 παρά
2931 1390 3064 1444 Θεοῦ
3106 1394 3287 1464 χάριν,
3345 1397 3508 1459 αὐτὸς
3533 1397 3591 1450 δὲ
3621 1399 3718 1452 τοῦ

2137 1481 2347 1552 Πατρδς
2370 1480 2530 1550 σοφία
2551 1481 2645 1536 καὶ
2672 1480 2843 1550 Λόγος
2874 1484 3039 1548 ἐστὶν,
3081 1479 3141 1538 οὗ
3171 1487 3385 1557 μετέχει
3411 1487 3479 1541 τὰ
3513 1490 3715 1543 πάντα·

2135 1572 2311 1642 δῆλον,
2337 1575 2416 1626 ὅτι
2444 1573 2554 1645 (60)
2584 1571 2745 1637 αὐτὸς
2776 1573 2853 1628 ὣν
2875 1575 2936 1628 τὸ
2975 1576 3219 1630 θεοποιὸν
3257 1580 3351 1631 καὶ
3388 1580 3719 1648 φωτιστικὺν

2137 1663 2231 1717 τοῦ
2263 1665 2495 1736 Πατρός,
2527 1667 2584 1719 ἐν
2611 1659 2655 1734 ᾧ
2683 1667 2754 1720 τὰ
2785 1669 2962 1723 πάντα
2995 1668 3320 1723 θεοποιεῖται
3361 1672 3455 1724 καὶ
3488 1671 3721 1736 ζωοποι-

2136 1758 2296 1820 εῖται,
2328 1757 2428 1811 οὐκ
2448 1755 2874 1828 ἀλλοτριοούσιός
2905 1760 3015 1830 (61)
3065 1763 3178 1814 ἐστι
3222 1762 3314 1816 τοῦ
3340 1763 3578 1835 Πατρὺς,
3603 1764 3718 1817 ἀλλ’

2136 1847 2437 1916 ὁμοούσιος.
2486 1849 2686 1902 Τούτου
2734 1849 2843 1922 γὰρ
2908 1854 3436 1924 μεταλαμϐάνοντες,
3470 1856 3567 1909 τοῦ
3600 1859 3718 1910 Πα-

2135 1936 2261 2007 τρὸς
2317 1936 2632 2008 μετέχομεν,
2665 1938 2753 1992 διὰ
2805 1939 2866 1992 τὺ
2900 1938 2992 1993 τοῦ
3025 1941 3237 2013 [ἰατρὸς
3274 1938 3412 1997 εἶναι
3471 1945 3604 1998 ἴδιον
3623 1946 3718 1999 τὸν

2135 2027 2324 2095 Λόγον.
2365 2028 2528 2081 Ὅθεν
2581 2031 2629 2082 εί
2661 2025 2728 2101 ἦν
2778 2033 2843 2084 ὲκ
2905 2034 3194 2101 μετουσίας
3238 2035 3332 2087 καὶ
3387 2037 3572 2099 αὐτὸς,
3621 2038 3721 2089 καὶ

2140 2120 2213 2191 μὴ
2239 2119 2346 2190 (62)
2377 2120 2435 2184 ἐξ
2459 2122 2626 2175 αὐτοῦ
2653 2121 2919 2194 οὐσιώδης
2941 2123 3132 2196 θεότης
3162 2127 3253 2180 καί
3281 2127 3442 2180 εἰκὼν
3476 2128 3571 2181 τοῦ
3602 2130 3719 2181 lla-

2135 2212 2282 2284 τρός,
2317 2213 2417 2266 οὐκ
2461 2213 2527 2266 ἂν
2584 2213 2896 2285 ὲθεοποίησε
2941 2215 3354 2287 θεοποιούμενος
3390 2218 3482 2270 καὶ
3529 2217 3716 2280 αὐτός.

2137 2306 2210 2358 Οὐ
2239 2304 2346 2376 γὰρ
2371 2299 2480 2358 οἷόν
2505 2322 2565 2358 τε
2593 2305 2681 2357 τὸν
2714 2308 2777 2358 ἐκ
2813 2306 3100 2376 μετουσίας
3147 2307 3338 2378 ἔχοντα
3376 2310 3718 2380 μεταδιδόναι

2135 2395 2235 2466 τῆς
2268 2395 2619 2466 μεταλήψεως
2647 2397 2871 2468 ἑτέροις,
2914 2399 2996 2450 ὅτι
3033 2397 3106 2469 μὴ
3153 2399 3315 2452 αὐτοῦ
3347 2402 3492 2452 ἐστιν
3520 2401 3548 2453 ὃ
3580 2402 3714 2472 ἔχει,

2137 2487 2271 2541 ἀλλὰ
2305 2487 2398 2540 τοῦ
2419 2489 2728 2552 δεδωκότος,
2759 2488 2851 2542 καὶ
2871 2490 2898 2542 ὃ
2927 2490 3106 2555 ἔλαϐε,
3139 2493 3294 2562 μόγις
3321 2492 3418 2563 τὴν
3438 2493 3718 2563 ἄρχουσαν

2137 2577 2282 2648 αὐτῷ
2302 2579 2459 2650 χάριν
2494 2579 2671 2632 ἔλαϐε.
2703 2580 2812 2632 Καὶ
2834 2581 2930 2650 τὴν
2963 2582 3140 2634 αἰτίαν
3161 2582 3216 2634 δὲ
3246 2583 3414 2652 ὅμως,
3449 2583 3515 2636 δι’
3539 2585 3610 2652 ἦν
3637 2601 3720 2636 τι-

2136 2684 2244 2732 νες,
2279 2667 2353 2731 ὼς
2380 2668 2615 2736 λέγεται,
2646 2670 3033 2740 παραιτοῦνται
3084 2671 3146 2724 τὸ
3185 2672 3488 2742 όμοούσιον,
3523 2673 3717 2738 ὲξετοῑ⁴

2139 2777 2319 2829 σωμεν
2351 2761 2584 2830 ἀληθῶς,
2625 2763 2697 2832 μὴ
2719 2763 2828 2834 ἄρα
2851 2763 3047 2833 μᾶλλον
3077 2765 3141 2816 ὲκ
3185 2765 3387 2836 ταύτης
3431 2766 3722 2835 όμοούσιος

2137 2851 2402 2906 δείκνυται
2435 2855 2462 2906 ό
2491 2854 2618 2916 Υἱὸς
2649 2854 2726 2925 τῷ
2755 2855 2950 2927 Πατρί.
2997 2858 3133 2910 Φασὶ
3177 2859 3374 2924 τοίνυν,
3426 2858 3500 2922 ὡς
3553 2860 3722 2930 ὑμεῖς

2138 2945 2433 3014 ἐγράψατε,
2463 2945 2535 3015 μὴ
2565 2949 2759 3017 χρῆναι
2806 2946 2981 3014 λέγειν
3013 2948 3292 3018 όμοούσιον
3331 2949 3420 3003 τὸν
3466 2950 3597 3004 Υίὺν
3642 2950 3724 3020 τῷ

2140 3035 2332 3104 Πατρὶ,
2362 3034 2442 3086 ὅτι
2465 3036 2492 3086 ό
2519 3034 2689 3102 λέγων
2714 3036 2995 3106 ὀμοούσιον
3029 3039 3154 3109 τρία
3186 3039 3353 3107 λέγει,
3384 3039 3572 3094 οὐσίαν
3597 3043 3725 3094 τινὰ

2141 3125 2645 3195 προῦποκειμένην,
2713 3125 2808 3178 καὶ
2874 3128 2999 3191 τοὺς
3049 3129 3112 3181 ἐκ
3174 3129 3378 3201 ταύτης
3429 3133 3720 3204 γεννωμέ-

2138 3230 2260 3277 νους
2289 3213 2399 3285 (65)
2455 3215 2769 3286 ὁμοουσίους
2824 3212 2986 3271 εἶναι·
3042 3219 3136 3272 καὶ
3188 3221 3543 3289 ἐπιλέγουσιν·
3593 3225 3727 3279 Ἐὰν

2137 3300 2229 3357 οὖν
2271 3307 2298 3358 ὁ
2329 3305 2455 3368 Υἱὸς
2509 3306 2790 3376 ὁμοούσιος
2921 3309 2997 3379 τῷ
3054 3311 3263 3380 Πατρὶ,
3315 3314 3526 3384 ἀνάγκη
3583 3333 3729 3388 προ-

2140 3395 2454 3449 ῦποκεϊσθαι
2483 3397 2660 3449 αὐτῶν
2687 3398 2889 3465 οὐσίαν,
2911 3400 2967 3466 ἐξ
2989 3396 3056 3471 ἦς
3083 3403 3176 3455 καὶ
3205 3405 3590 3476 ἐγεννήθησαν,
3628 3410 3729 3462 καὶ

2143 3485 2217 3557 μὴ
2246 3483 2383 3542 εἶναι
2404 3488 2494 3541 τὸν
2519 3489 2615 3559 μὲν
2649 3491 2884 3563 Πατέρα,
2931 3493 3023 3545 τὸν
3052 3494 3110 3546 δὲ
3143 3494 3288 3558 Υίὸν,
3323 3495 3438 3549 ἀλλ’
3470 3498 3725 3567 ἀμφοτέ-

2142 3595 2268 3650 ρους
2300 3579 2576 3648 ἀδελφούς.
2615 3580 2798 3636 Ταῦτα
2827 3584 2875 3634 εἰ
2923 3583 3018 3636 κα)¹
3066 3583 3332 3654 Ἐλλήνων
3358 3586 3492 3638 εἰσιν
3540 3588 3725 3659 ἑρμη-

2141 3670 2299 3732 νεῖαι,
2336 3669 2426 3720 κα).
2457 3669 2556 3722 οὐκ
2581 3670 2850 3732 ἀναγκαῖα
2883 3672 3013 3742 ἡμῖν
3067 3672 3135 3726 τὰ
3174 3675 3303 3745 παρ’
3329 3674 3569 3729 ἐκείνων·
3603 3679 3725 3730 ἀλλ’

2143 3757 2340 3828 ἴδωμεν
2367 3757 2436 3811 τὰ
2481 3759 2742 3830 εἰρημένα
2798 3761 2866 3813 τὰ
2894 3761 3168 3831 ὀμοούσια,
3228 3761 3297 3815 τὰ
3346 3765 3409 3815 ὲκ
3447 3764 3547 3831 τῆς
3583 3783 3726 3836 προ-

2141 3849 2435 3919 νοουμένης
2464 3848 2790 3920 (64)”οὐσίας
2812 3851 3036 3920 ἀδελφὰ,
3072 3853 3298 3924 πότερον
3333 3854 3538 3907 ἑαυτῶν
3577 3859 3723 3910 εἰσιν

2142 3940 2418 4012 δμοούσια,
2453 3940 2486 4011 ἢ
2530 3940 2628 4010 τῆς
2657 3940 2845 4004 οὐσίας
2874 3941 2933 4006 ἐξ
2963 3939 3031 4013 ἦς
3093 3943 3187 3995 καὶ
3241 3944 3632 4015 ἐγεννήθησαν·
3673 3949 3722 3999 εἰ

2146 4033 2242 4102 μὲν
2263 4032 2372 4102 γὰρ
2405 4031 2631 4096 ἑαυτῶν,
2661 4032 2972 4103 ὲτεροούσια
3014 4034 3108 4087 καὶ
3130 4035 3354 4104 ἀνόμοια
3378 4035 3529 4087 ἔσται
3580 4037 3724 4108 πρὸς

2142 4122 2239 4193 τὴν
2264 4124 2604 4192 γεννήσασαν
2652 4122 2792 4174 αὐτὰ
2849 4122 3053 4176 οὐσίαν·
3114 4123 3416 4179 ἀντίκειται
3472 4126 3582 4196 γὰρ
3641 4129 3720 4198 τῷ

2144 4213 2407 4285 ὀμοουσίῳ
2429 4215 2490 4266 τὸ
2517 4213 2871 4285 ἑτεροούσιον·
2919 4217 2968 4268 εἰ
3004 4216 3060 4269 δὲ
3089 4217 3186 4286 τῆς
3211 4219 3550 4288 γεννησάσης
3576 4221 3721 4272 αὐτὰ

2143 4307 2327 4371 οὐσίας
2347 4308 2494 4360 ἐστὶν
2533 4307 2757 4359 ἕκαστον
2781 4307 3080 4378 ὁμοούσιον,
3120 4309 3296 4378 δῆλον,
3325 4311 3404 4363 ὅτι
3433 4310 3541 4379 (65')
3566 4311 3629 4363 τό
3657 4311 3719 4364 ἐκ

479 4415 771 4485 oppon-itur
808 4416 952 4470 enim
983 4415 1454 4481 consubstantiali,
1487 4417 1632 4486 quod
1661 4425 1744 4471 est
1770 4433 1836 4471 ex
1861 4415 2039 4471 diver-

2145 4416 2282 4461 τινος
2307 4397 2642 4468 γεννώμενον
2668 4399 2948 4468 ὁμοούσιόν
3002 4401 3116 4452 ἐστι
3147 4401 3224 4472 τῷ
3249 4402 3589 4472 γεννήσαντι·
3625 4404 3717 4454 καὶ

481 4524 542 4563 sa
592 4508 914 4563 substantia.
949 4507 1107 4574 Quod
1150 4507 1196 4563 si
1239 4517 1532 4578 utrumque
1580 4509 2045 4564 consubstantiale

480 4601 554 4656 sit
607 4601 924 4656 substantia
955 4615 987 4655 a
1033 4615 1140 4670 qua
1174 4608 1350 4654 ortum
1385 4591 1574 4662 duxit,
1622 4617 1750 4655 nam
1801 4601 1853 4656 id
1903 4611 2047 4657 certe

481 4693 626 4762 quod
655 4707 720 4746 ex
756 4691 863 4746 alio
893 4691 1138 4746 nascitur
1163 4691 1212 4748 ei
1242 4692 1336 4761 qui
1364 4707 1422 4748 se
1461 4693 1648 4762 genuit
1679 4701 1762 4748 est
1807 4693 2047 4749 consub-

482 4783 765 4849 stantiale;
794 4797 903 4836 non
925 4783 1063 4836 ultra
1090 4791 1216 4837 sunt
1239 4783 1542 4852 quarenda
1563 4791 1674 4840 tres
1695 4784 2042 4838 substantia:

483 4871 579 4928 sed
619 4871 671 4926 id
699 4871 875 4926 solum
911 4871 1369 4942 investigandum,
1409 4889 1541 4927 num
1574 4873 1678 4929 hoc
1707 4889 1833 4928 vere
1860 4891 1926 4929 ex
1955 4876 2048 4929 illo

484 4963 575 5018 sit.
608 4960 742 5016 Nam
783 4963 884 5017 etsi
915 4963 1195 5034 contingat
1225 4978 1333 5018 non
1368 4979 1489 5018 esse
1516 4964 1655 5019 duos
1684 4963 1920 5031 fratres,
1955 4966 2048 5020 sed

486 5057 706 5111 unicum
733 5071 800 5110 ex
834 5055 924 5110 illa
957 5054 1259 5112 substantia
1290 5065 1471 5110 ortum
1505 5071 1626 5111 esse
1657 5074 1669 5109 :
1702 5071 1768 5109 eo
1796 5056 1940 5125 quod
1971 5055 2049 5108 al-

484 5157 565 5202 ter
598 5163 704 5201 non
731 5147 822 5210 sit,
853 5160 1196 5216 nequaquam
1228 5147 1323 5216 qui
1351 5155 1511 5202 natus
1533 5156 1637 5212 est,
1669 5144 1897 5201 diversa
1921 5147 2052 5200 sub-

529 5327 667 5416 ,(60)
709 5325 802 5381 Sic
826 5325 1049 5398 Regius.
1083 5323 1247 5391 Editi,
1279 5325 1538 5398 δηλονότι.
1566 5323 1700 5379 Ibid.
1733 5324 1971 5380 Fclckm.
1993 5325 2049 5391 '5,

483 5400 669 5536 αυῗιξί)
713 5467 803 5521 Sic
836 5465 1058 5536 Regius.
1096 5465 1238 5521 Editi
1264 5481 1413 5528 vero,
1447 5462 1871 5536 ἀλλοτριούσιος.

559 5533 669 5608 (62)
709 5533 1017 5591 Felckman.
1048 5537 1100 5601 '5,
1134 5539 1247 5608 ttat
1272 5536 1450 5599 αὐτός.
1488 5533 1728 5604 Καιτὴν
1769 5534 1948 5588 αἰτίαν
1995 5533 2052 5587 δὲ

486 5607 657 5676 ὅμως,
686 5609 871 5660 multis
903 5607 1302 5675 praetermissis.

558 5676 670 5747 (65)
709 5673 1017 5731 Fclcknian.
1052 5677 1107 5741 5,
1129 5677 1470 5746 γενομένους.
1488 5673 1657 5731 Paulo
1683 5685 1828 5748 post,
1851 5674 2053 5747 Regius

2144 4489 2327 4545 οὐκέτι
2360 4491 2463 4568 χρὴ
2491 4489 2672 4562 ζητεῖν
2695 4494 2842 4562 τρεῖς
2873 4492 3077 4554 οὐσίας,
3115 4493 3248 4546 ἀλλὰ
3314 4494 3471 4564 μόνον
3515 4493 3715 4563 ζητεῖν,

2146 4583 2194 4634 εί
2215 4582 2332 4635 τόδε
2365 4582 2560 4652 ἀληθὲς
2582 4583 2647 4634 ὲκ
2673 4582 2827 4634 τοῦδέ
2858 4584 2992 4635 ἐστι.
3035 4582 3283 4654 Κᾶνγὰρ
3315 4585 3493 4655 συμϐῇ
3530 4585 3604 4655 μὴ
3643 4582 3717 4636 εἷ-

2146 4691 2232 4727 ναι
2259 4672 2352 4726 δύο
2377 4672 2655 4740 ἀδελφοὺς,
2687 4671 2820 4724 ἀλλὰ
2853 4673 2948 4726 καὶ
2982 4673 3138 4743 μόνον
3165 4674 3260 4727 ἕνα
3291 4674 3349 4738 ἐξ
3369 4675 3584 4746 ἐκείνης
3624 4676 3721 4740 τῆς

2147 4765 2334 4827 οὐσίας
2380 4763 2652 4833 γενέσθαι,
2697 4763 2759 4815 οὐ
2792 4762 2880 4816 διὰ
2925 4763 2987 4816 τὸ
3017 4764 3092 4835 μὴ
3149 4761 3286 4817 εἶναι
3331 4766 3541 4836 ἕτερον,
3571 4766 3721 4819 ὰλλοο

2147 4856 2447 4928 τριοούσιος
2495 4855 2604 4926 (66)
2644 4855 2709 4909 ἂν
2743 4856 2958 4928 λεχθείη
3015 4859 3044 4909 ό
3089 4857 3386 4927 γεννηθείς·
3447 4858 3586 4910 ἀλλὰ
3630 4861 3718 4910 καὶ

2153 4948 2308 5018 μόνος
2335 4945 2429 5012 ὢν,
2452 4947 2537 5018 εἴη
2571 4947 2636 5000 ἂν
2663 4948 2756 5001 καὶ
2788 4948 2950 5010 αὐτὸς
2972 4947 3252 5018 ὁμοούσιος
3275 4948 3352 5018 τῷ
3379 4951 3715 5020 γεννήσαντι.

2162 5037 2313 5090 Ἐπεὶ
2333 5036 2384 5088 τί
2407 5035 2471 5089 ἂν
2495 5037 2740 5105 είποιμεν
2762 5037 2886 5108 περὶ
2919 5039 3017 5108 τῆς
3055 5037 3166 5108 (67)
3199 5039 3466 5110 θυγατρὸς
3490 5040 3586 5094 τοῦ
3629 5043 3716 5093 Ἰε-

2151 5127 2308 5195 φθάε,
2332 5127 2414 5180 ὅτι
2451 5128 2743 5198 μονογενὴς
2767 5123 2856 5198 ἦν·
2889 5147 2907 5178 ι
2928 5126 3030 5181 Καὶ
3055 5129 3155 5181 οὐκ
3177 5125 3268 5200 ἦν,
3295 5148 3312 5179 ι
3335 5130 3522 5198 φησιν,
3555 5150 3573 5179 ι
3601 5130 3720 5182 ἄλλο

2152 5337 2206 5382 et
2239 5326 2548 5382 Felckman.
2573 5327 2628 5394 5,
2645 5327 2770 5382 Ἐὰν
2792 5321 2884 5382 οὖν
2907 5329 2935 5380 6
2956 5329 3102 5391 Υἱός.
3130 5327 3188 5382 ln
3213 5327 3374 5382 editis
3397 5323 3493 5381 οὖν
3517 5327 3685 5382 deest.

2150 5452 2170 5466 ι
2227 5398 2339 5469 (δέ)
2381 5397 2703 5469 ξεὶειςημὸ,
2733 5399 3252 5469 προεπινοουμένης,

2225 5467 2339 5538 (65)
2381 5465 2472 5538 §ic
2505 5468 2703 5538 Regius
2728 5465 3044 5523 ct'Felckm.
3065 5465 3130 5522 ’5.
3169 5465 3330 5527 Editi,
3355 5467 3620 5538 δηλονότι.

2381 5535 2472 5592 Sic
2505 5530 2725 5618 Regius.
2756 5538 2919 5601 Editi,
2949 5537 3368 5618 ἁλλοτριούσιος.

2253 5607 2342 5662 6ι)
2380 5606 2457 5661 ita
2486 5606 2686 5662 Remus
2709 5609 2900 5662 codex.
2932 5603 2987 5660 In
3019 5609 3147 5661 edit.
3184 5624 3334 5662 vero.

2253 5603 2342 5678 67)
2380 5606 2457 5661 Ita
2486 5603 2686 5678 Regius
2709 5609 2900 5678 codex.
2932 5603 2987 5660 In
3019 5603 3147 5661 edit.
3184 5624 3334 5674 vero,
3371 5608 3493 5678 τῆς,
3530 5615 3584 5662 et.
3605 5618 3723 5660 mox

2157 5676 2250 5730 τοῦ
2278 5677 2429 5733 deest
2457 5697 2468 5731 :
2504 5678 2556 5732 in
2583 5676 2821 5733 Feickm.
2853 5677 2908 5744 ὃ,
2943 5678 3040 5747 τῆς
3069 5685 3301 5733 tantum.
