3824 6224
94 344 222 401 785

1539 340 1627 394 DE
1668 337 1979 395 SYNODIS.

3284 342 3390 396 786

95 467 314 519 τέκνον
355 463 527 534 αὐτῷ,
558 482 576 514 ι
609 463 700 516 καὶ
738 462 870 534 περὶ
924 460 1018 517 τοῦ
1046 442 1251 518 υίοῦγδὲ
1278 465 1377 534 τῆς
1403 465 1596 534 χήρας,
1651 463 1710 516 ὃν

1815 461 2027 517 stantia
2059 458 2304 526 dicatur;
2340 459 2457 524 sed,
2486 459 2614 515 licet
2669 459 2820 515 solus
2867 459 2957 526 sit,
2997 459 3100 515 erit
3131 468 3308 516 tamen
3340 469 3397 517 et

99 562 345 630 ἡγειρεν
377 560 441 611 ὲκ
473 555 682 627 νεκρῶν
714 556 742 608 6
773 555 1002 628 Κύριος,
1026 557 1106 610 ὃτι
1135 555 1225 610 καὶ
1247 557 1407 620 αὐτὸς
1439 557 1538 610 οὐκ
1568 551 1711 627 εἶχεν

101 651 376 720 ἀδελφὺν,
440 647 576 703 ἀλλά
641 649 939 719 μονογενὴς
992 643 1090 721 ἦν’
1150 645 1259 720 ἆρα
1321 646 1432 720 (68)
1489 648 1591 701 οὐκ
1643 643 1712 718 ἦν

103 741 412 812 ὀμοούσιος
435 741 666 804 ἕκαστος
700 740 881 795 αὐτῶν
922 739 1001 812 τῷ
1053 741 1412 812 γεννήσαντι;
1462 741 1556 793 καὶ
1607 741 1712 810 μὴν

103 832 284 905 ἦσαν’
313 836 484 886 τέκνα
521 833 629 902 γάρ
649 829 808 904 ἦσαν·
841 834 936 886 καὶ
986 832 1145 886 τοῦτο
1193 833 1398 887 τέκνων
1440 833 1570 886 ἴδιόν
1595 835 1712 885 ἐστι

108 926 259 996 πρὸς
287 926 504 995 γονέας.
531 924 684 977 Οῦτω
707 925 798 976 καὶ¹
827 923 919 978 τόν
944 923 1038 977 τοῦ
1076 923 1212 977 Θεοῦ
1247 925 1373 977 Υίὸν
1398 926 1463 978 ὲκ
1489 923 1589 993 τῆς
1624 923 1713 974 οὐ·

111 1020 246 1082 σίας
277 1017 528 1080 εἰπόντες
555 1015 661 1088 (69)
693 1017 741 1069 οἱ
772 1016 1039 1087 Πατέρες,
1057 1017 1282 1080 εἰκότως
1308 1013 1402 1070 καί
1429 1013 1714 1086 όμοούσιον

111 1111 384 1182 εἰρήκασι
403 1127 417 1140 ο
452 1108 655 1180 ταύτην
674 1109 782 1180 γάρ
823 1107 935 1178 ἔχει
966 1106 1060 1162 καὶ
1093 1107 1155 1160 τὸ
1185 1107 1526 1178 ἀπαύγασμα
1554 1106 1714 1160 δύνα-

116 1189 392 1272 μινπρὸς
415 1199 478 1252 τὸ
507 1200 642 1268 φῶς.
677 1200 908 1253 Ἕπεται
943 1198 1000 1252 δὲ
1043 1197 1254 1261 τούτοις
1287 1189 1421 1269 μηδὲ
1463 1196 1560 1268 τὴν
1599 1197 1714 1250 κτί-

116 1309 209 1347 σιν
243 1295 313 1346 ὲκ
336 1290 431 1344 τοῦ
465 1290 540 1362 μὴ
569 1291 722 1355 ὄντος
766 1290 1072 1360 γεγονέναι.
1109 1290 1172 1343 Οἱ
1199 1289 1308 1360 γὰρ
1357 1288 1497 1342 κατὰ
1541 1287 1713 1354 πάθος

115 1382 426 1452 γεννῶντες
445 1381 543 1436 ἀνθ
553 1399 744 1454 ρωποι,
779 1381 931 1437 αὐτοὶ
957 1383 1051 1435 καὶ
1073 1381 1170 1454 τὴν
1195 1379 1560 1452 ὑποκειμένην
1582 1378 1712 1451 ὓλην

115 1472 480 1548 ἐργάζονται,
515 1475 610 1527 κα)⁹
638 1473 812 1536 ἄλλως
842 1473 941 1527 οὐκ
965 1472 1030 1527 ἂν
1063 1473 1310 1527 δύναιντο
1346 1474 1536 1526 ποιεῖν’
1570 1473 1619 1524 εί
1655 1471 1713 1524 δὲ

115 1566 181 1620 τὸ
210 1567 423 1632 κτίζειν
442 1567 543 1628 οὐκ
569 1565 924 1637 ἀνθρωπίνως
945 1564 1173 1636 νοοῦμεν
1206 1565 1300 1617 ἐπὶ
1342 1562 1500 1628 Θεοῦ,
1534 1562 1712 1635 πολλῷ

121 1660 333 1730 μᾶλλον
357 1659 478 1712 οὐδὲ
504 1659 564 1713 τὸ
594 1661 787 1728 γεννᾷν
828 1657 1182 1729 ἀνθρωπίνως
1223 1657 1422 1730 πρέπει
1451 1659 1591 1712 νοεῖν
1620 1655 1712 1710 ἐπὶ

118 1746 286 1814 Θεοῦ,
335 1748 459 1801 οὐδὲ
507 1749 568 1802 τὸ
600 1747 880 1819 όμοούσιον
931 1747 1257 1818 σωματικῶς
1308 1746 1709 1818 ἐκλαμϐάνειν,

117 1837 240 1891 ἀλλ’
264 1839 567 1909 ἀναχωρεῖν
596 1837 678 1890 δεῖ
702 1837 807 1892 ἀπὸ
839 1836 950 1907 (70)
979 1835 1087 1889 τῶν
1113 1836 1376 1907 γενητῶν,
1428 1837 1522 1890 καὶ
1571 1838 1709 1891 ἀπο-

120 1928 377 1993 τιθέντας
401 1929 550 1983 κάτω
580 1947 680 1982 που
729 1929 829 1992 τάς
855 1929 1201 2000 ἀνθρωπίνας
1224 1928 1439 1993 εἰκόνας
1488 1929 1582 1982 καὶ
1611 1929 1709 1982 πά-

123 2038 228 2084 σας
262 2020 450 2085 ἀπλῶς
475 2020 572 2084 τάς
604 2021 907 2092 αἰσθήσεις,
969 2019 1175 2074 ἀνιέναι
1208 2017 1300 2072 ἐπὶ
1338 2019 1429 2073 τὸν
1464 2019 1706 2089 Πατέρα,

124 2113 203 2186 μὴ
226 2113 479 2183 λάθωμεν
504 2111 860 2184 ἀφαιροῦντες
889 2111 980 2166 τὸν
1007 2111 1137 2165 Υίὸν
1183 2111 1291 2164 ἀπὸ
1328 2109 1420 2164 τοῦ
1474 2111 1706 2181 Πατρός,

123 2205 222 2256 καὶ
249 2203 632 2274 προστιθέντες
663 2205 775 2266 τοῖς
808 2200 1002 2255 ἑαυτοῦ
1035 2201 1318 2271 κτίσμασι.

1817 555 1934 626 ipse
1959 555 2006 611 ei
2039 554 2134 625 qui
2175 569 2233 610 se
2259 555 2448 625 genuit
2477 553 2985 610 consubstantialis.
3016 553 3237 624 Alioqui
3263 553 3395 624 quid

1814 646 2113 703 dixerimus
2143 647 2210 702 de
2226 646 2334 701 ﬁlia
2364 645 2613 717 Jephthe,
2639 661 2760 716 qua
2789 645 3065 715 unigenita
3080 655 3197 700 erat
3227 663 3242 699 :
3273 664 3291 697 ι
3327 645 3395 702 Et

1813 754 1924 793 non
1960 729 2214 803 habebat,
2255 755 2273 789 ι
2313 737 2410 804 ait,
2448 755 2467 789 ι
2500 737 2639 792 alios
2663 737 2865 792 liberos
2889 735 2977 802 9‘;
3019 755 3038 788 ›
3077 747 3132 792 et
3169 738 3236 792 de
3282 737 3394 793 ﬁlio

1815 830 1992 884 vidua
2019 843 2182 898 quem
2221 827 2484 884 Dominus
2520 843 2587 882 ex
2615 829 2849 883 mortuis
2877 827 3183 894 suscitavit,
3212 829 3306 898 qui
3338 839 3392 884 et

1815 921 1932 991 ipse
1961 919 2184 974 fratrem
2213 935 2323 975 non
2374 919 2626 987 habebat,
2667 921 2759 976 sed
2792 920 3105 990 unigenitus
3151 930 3269 975 erat
3297 921 3343 953 ⁹⁸
3373 939 3388 975 :

1815 1025 1884 1065 an
1917 1017 2148 1079 uterque
2176 1009 2225 1064 ei
2255 1009 2348 1079 qui
2378 1023 2438 1064 se
2468 1017 2732 1078 genuerat
2759 1007 3241 1064 consubstantialis
3278 1025 3390 1063 non

1813 1101 1973 1156 erat?
2004 1099 2173 1155 Erant
2205 1101 2384 1171 plane,
2422 1116 2548 1155 nam
2581 1101 2739 1156 liberi
2785 1109 2943 1158 erant
2989 1119 3005 1158 :
3053 1103 3216 1171 idque
3257 1117 3389 1172 pro-

1813 1192 1993 1264 prium
2035 1190 2222 1247 liberis
2249 1199 2333 1248 est
2358 1207 2487 1262 erga
2519 1201 2772 1262 parentes
2802 1207 2953 1248 suos.
3008 1192 3100 1248 Sic
3129 1208 3253 1248 cum
3281 1192 3388 1246 Pa-

1814 1292 1924 1339 tres
1963 1282 2058 1338 Dei
2093 1282 2291 1339 Filium
2345 1284 2442 1354 6]
2463 1285 2505 1352 1
2537 1289 2605 1339 ex
2645 1283 2765 1353 ejus
2795 1283 3101 1339 substantia
3128 1283 3385 1348 dixerint,

1814 1375 2008 1433 merito
2054 1382 2110 1430 et
2157 1375 2684 1431 consubstantialem
2735 1375 3036 1430 dixerunt:
3073 1375 3214 1430 hanc
3243 1375 3389 1430 enim

1813 1466 1922 1520 vim
1950 1478 2004 1521 et
2041 1467 2432 1538 proprietatem
2462 1467 2624 1523 habet
2654 1481 2874 1538 quoque
2904 1466 3161 1537 splendor
3201 1466 3270 1522 ad
3305 1467 3390 1521 iu-

1813 1572 1955 1613 cem.
1990 1557 2128 1614 Hinc
2175 1568 2358 1613 autem
2405 1559 2677 1629 sequitur,
2725 1573 2904 1628 neque
2936 1567 3147 1614 creatas
3181 1574 3270 1614 res
3320 1575 3391 1614 ex

1815 1663 1924 1704 non
1952 1650 2251 1704 exsistente
2283 1648 2458 1705 factas
2486 1665 2628 1705 esse.
2657 1647 2921 1705 Homines
2966 1649 3112 1704 enim
3144 1650 3248 1720 ipsi
3294 1651 3391 1720 qui

1815 1755 1940 1796 cum
1969 1742 2224 1810 passione
2252 1741 2432 1812 aliqua
2461 1741 2708 1812 gignunt,
2742 1741 2799 1796 in
2824 1741 3138 1812 subjacente
3162 1743 3392 1798 materia

1816 1840 2132 1902 operantur,
2187 1848 2290 1888 nec
2333 1833 2492 1888 aliter
2525 1833 2824 1903 quidquam
2873 1831 3054 1888 facere
3092 1833 3388 1903 potuerint.

1814 1927 1971 1995 Quod
2002 1929 2049 1984 si
2082 1929 2305 1984 creandi
2332 1929 2555 1984 modum
2588 1929 2644 1984 in
2679 1928 2790 1984 Deo
2817 1945 2926 1984 non
2965 1931 3208 1986 humano
3238 1945 3393 1987 more

1814 2019 2170 2090 intelligimus
2195 2062 2210 2088 ,
2244 2021 2418 2076 multo
2457 2021 2639 2077 minus
2665 2021 2918 2093 gignendi
2949 2021 3006 2076 in
3037 2023 3154 2092 ipso
3181 2022 3387 2077 intelli-

1815 2126 1937 2182 gere
1964 2111 2205 2166 humano
2231 2126 2384 2167 more
2409 2111 2689 2176 debemus,
2719 2126 2896 2182 neque
2929 2126 3194 2181 corporeo
3226 2112 3392 2167 modo

1815 2199 2280 2256 consubstantiale
2331 2199 2596 2270 accipere.
2655 2197 2762 2254 Sed
2821 2199 3186 2255 recedendum
3232 2201 3391 2257 nobis

123 2303 214 2348 est
277 2308 308 2346 a
352 2294 516 2347 rebus
587 2291 767 2356 factis,
832 2307 897 2357 ac
962 2291 1226 2360 depositis
1271 2289 1528 2345 humanis
1597 2288 1961 2360 imaginibus,
2017 2289 2382 2359 omnibusque
2435 2287 2661 2344 omnino
2708 2288 2996 2356 sensibus,
3061 2290 3130 2345 ad
3175 2287 3390 2346 Patrem

125 2387 445 2448 ascendere,
499 2401 569 2441 ne
621 2385 780 2440 inscii
831 2384 1029 2440 Filium
1079 2401 1110 2440 a
1153 2384 1313 2440 Patre
1368 2383 1700 2450 auferamus,
1741 2400 1977 2454 eumque
2003 2385 2166 2440 rebus
2196 2400 2227 2438 a
2253 2399 2312 2440 se
2340 2383 2537 2439 creatis
2563 2383 2948 2454 adjungamus.

199 2480 290 2535 52.
321 2479 430 2533 Καὶ
455 2478 628 2542 ἄλλως
653 2479 729 2544 δὲ,
778 2479 826 2530 εἰ
857 2479 955 2550 μὲν
986 2479 1202 2550 Πατέρα
1245 2479 1340 2532 καὶ
1369 2477 1497 2532 Υίὸν
1525 2477 1713 2549 ὁμολο-

1883 2478 1972 2533 52.
2037 2477 2277 2533 Rursum
2325 2477 2372 2532 si
2418 2475 2638 2532 Patrem
2684 2484 2738 2532 et
2779 2475 2976 2532 Filium
3035 2477 3389 2543 conﬁtentes,

125 2570 380 2639 γοῦντες,
435 2568 527 2622 δύο
576 2567 727 2632 τινάς
784 2567 977 2638 ἀρχὰς,
1019 2567 1178 2639 ἢδύο
1210 2567 1409 2632 Θεοὺς,
1465 2567 1713 2638 καθάπερ

1815 2568 1924 2624 duo
1956 2569 2245 2640 principia,
2272 2577 2366 2623 aut
2391 2569 2529 2623 duos
2561 2567 2701 2623 Deos
2744 2568 2999 2635 dicimus,
3032 2570 3393 2641 quemadmo-

125 2661 397 2730 Μαρκίων
450 2658 542 2714 καὶ
597 2658 962 2722 Οὐαλεντῖνος,
1007 2657 1262 2730 λέγομεν,
1304 2659 1336 2729 ἢ
1374 2659 1561 2729 ἕτερόν
1591 2676 1713 2713 τινα

1817 2661 1946 2715 dum
1977 2660 2222 2716 Marcion
2257 2669 2309 2715 et
2340 2659 2692 2727 Valentinus;
2724 2669 2818 2715 aut
2844 2659 3069 2726 Filium,
3097 2661 3387 2731 quemdam

127 2753 331 2821 τρόπον
384 2749 635 2819 θεότητος
666 2749 808 2820 ἔχειν
853 2750 942 2802 τὸν
970 2750 1120 2816 Υίὸν,
1153 2750 1246 2802 καὶ
1295 2750 1370 2822 μὴ
1397 2750 1580 2804 εἰκόνα
1620 2751 1713 2803 καὶ

1817 2754 1986 2808 alium
2015 2753 2318 2808 divinitatis
2341 2752 2566 2807 modum
2593 2753 2816 2820 habere,
2859 2762 2913 2808 et
2960 2769 3071 2808 non
3102 2769 3222 2810 esse
3253 2755 3390 2810 ima-

129 2839 460 2911 χαρακτῆρα
483 2838 574 2892 τοῦ
611 2839 821 2910 Πατρὸς
844 2835 980 2894 εῖναι
1019 2840 1109 2892 τὸν
1138 2840 1286 2905 Υίὸν,
1310 2839 1397 2894 διὰ
1428 2841 1488 2893 τὸ
1516 2839 1575 2906 ἐξ
1613 2841 1711 2893 αύ-

128 2930 224 2984 τοῦ
257 2930 576 3000 πεφυκέναι·
604 2931 743 2984 ἔστω
775 2931 1046 3001 ἀνόμοιος·
1097 2931 1243 2996 ξέναι
1300 2931 1410 3002 γάρ
1440 2932 1546 2984 εἰσι
1579 2949 1714 2986 παν-

127 3023 371 3076 τάπασιν
402 3022 643 3093 ἀλλήλων
669 3025 723 3075 αἱ
744 3023 988 3078 τοιαῦται
1011 3023 1210 3076 οὐσίαιο
1248 3025 1296 3076 εἰ
1332 3023 1389 3077 δὲ
1419 3023 1549 3094 μίαν
1578 3023 1715 3076 οἰδαο

1819 2845 1998 2914 ginem
2029 2852 2083 2899 et
2121 2843 2349 2914 ﬁguram
2379 2842 2582 2910 Patris,
2617 2843 2762 2914 quod
2789 2859 2855 2899 ex
2885 2844 3006 2914 ipso
3035 2845 3250 2916 genitus
3278 2845 3348 2901 sit
3377 2866 3391 2901 :

1821 2946 1940 2991 esto
1969 2935 2289 3002 dissimilis;
2318 2951 2445 2990 nam
2475 2936 2668 2991 aliena
2697 2937 2838 2990 inter
2885 2951 2946 2992 se
2989 2952 3220 3007 prorsus
3267 2949 3395 2993 sunt

1820 3026 2126 3083 istiusmodi
2162 3027 2504 3082 substantia.
2535 3025 2691 3092 Quod
2731 3027 2778 3082 si
2824 3042 2990 3082 unam
3045 3029 3394 3098 agnoscimus

135 3131 238 3186 μεν
277 3115 370 3167 καὶ
403 3105 568 3184 μόνην
602 3113 829 3184 θεότητα
874 3113 972 3184 τὴν
1019 3112 1111 3168 τοῦ
1144 3114 1378 3183 Πατρὸς,
1408 3113 1596 3167 τούτου
1655 3131 1713 3166 τε

1817 3127 1870 3174 et
1898 3119 2072 3174 solam
2106 3117 2286 3173 Patris
2318 3119 2688 3187 divinitatem,
2735 3119 3011 3190 hujusque
3053 3119 3288 3176 Verbum
3337 3135 3394 3177 et

133 3204 309 3274 Λόγον
337 3206 427 3258 καὶ
461 3204 660 3274 Σοφίαν
694 3200 832 3257 εἶναι
858 3205 948 3258 τὸν
980 3205 1126 3270 Υἱὸν,
1157 3206 1249 3258 καὶ
1275 3203 1418 3257 οὕτω
1444 3203 1716 3259 πιστεύον-

132 3310 230 3358 τες
256 3295 316 3346 οὐ
352 3295 585 3365 λέγομεν
608 3294 701 3348 δύο
732 3294 930 3360 Θεοὺς,
963 3295 1062 3365 τήν
1095 3311 1154 3346 τε
1185 3293 1413 3365 ἑνότητα
1453 3294 1547 3346 τοῦ
1582 3294 1713 3348 Υἱοῦ

133 3386 273 3458 πρὸς
319 3386 412 3439 τὸν
465 3386 684 3458 Πατέρα
733 3386 830 3455 οὐχ
862 3383 1119 3456 ὁμοιώσει
1154 3385 1519 3465 διδασκαλίας,
1581 3385 1714 3439 ἀλλά

133 3476 281 3531 κατά
304 3477 400 3546 τὴν
421 3477 608 3530 οὐσίαν
638 3478 732 3530 καὶ
787 3477 1013 3549 ἀληθείᾳ
1061 3477 1172 3550 (71)
1226 3476 1546 3548 φρονοῦμεν·
1575 3476 1714 3530 ὥστε

134 3566 224 3622 διὰ
253 3565 410 3621 τοῦτο
443 3565 516 3637 μὴ
539 3567 715 3634 λέγειν
743 3566 837 3621 δύο
867 3568 1033 3631 Θεοὺς
1052 3607 1066 3633 ,
1121 3567 1234 3621 ἀλλ’
1261 3567 1358 3621 ἕνα
1386 3567 1538 3633 Θεὸν,
1599 3568 1715 3629 ἐνὸς

136 3657 290 3718 ὄντος
311 3655 482 3719 εἴδους
505 3657 774 3728 θεότητος,
803 3660 880 3721 ὡς
911 3657 1029 3711 ἔστι
1078 3659 1138 3712 τὸ
1175 3658 1290 3728 φῶς
1329 3660 1422 3712 καὶ
1446 3660 1507 3713 τὸ
1539 3660 1716 3713 ἀπαύ-

136 3764 362 3819 γασμα·
391 3748 548 3803 τοῦτο
572 3749 680 3820 γὰρ
711 3749 866 3821 ὤφθη
898 3749 973 3821 τῷ
1029 3753 1340 3824 πατριάρχῃ
1379 3751 1591 3819 Ἰακὼϐ,
1623 3753 1715 3806 καί

139 3857 303 3912 φησιν
329 3843 362 3910 ἡ
390 3841 600 3912 Γραφήο
638 3861 655 3894 ι
698 3842 958 3897 Ἀνέτειλε
984 3843 1041 3896 δὲ
1096 3844 1246 3915 αὐτῷ
1277 3847 1304 3897 6
1331 3844 1500 3914 ἥλιος,
1551 3843 1718 3916 ἡνίκα

141 3931 386 4004 παρῆλθε
416 3933 476 3985 τὸ
529 3929 670 3997 εἶδος
715 3933 807 3986 τοῦ
840 3934 1026 3988 Θεοῦοι
1069 3937 1162 3988 καὶ
1219 3935 1331 4007 (72)
1375 3936 1532 3990 τοῦτο
1579 3935 1715 3990 θεω-

143 4023 360 4093 ροῦντες
381 4025 429 4076 οἰ
465 4023 608 4092 ἆγιοι
638 4024 913 4096 προφῆται
947 4026 1040 4080 καὶ
1065 4025 1332 4091 νοοῦντες,
1367 4026 1512 4090 τίνος
1564 4027 1714 4080 ἐστὶν

137 4116 267 4178 Υἰὺς
318 4117 410 4168 καὶ
461 4115 642 4182 εἰκὼν,
699 4117 903 4186 ἔλεγον·
941 4135 960 4168 ι
1009 4117 1255 4186 Ἐγένετο
1313 4118 1484 4186 Λόγος
1509 4119 1714 4190 Κυρίου

137 4206 276 4277 πρὸς
303 4205 422 4276 μέ.»
456 4206 814 4272 Γινώσκοντες
834 4208 942 4279 (75)
970 4207 1060 4261 τὸν
1087 4210 1144 4261 ὲν
1174 4207 1323 4279 αὐτῷ
1349 4207 1716 4281 θεωρούμενον

136 4298 234 4354 καὶ
291 4298 810 4370 ἀποκαλυπτόμενον
881 4299 1133 4370 Πατέρα,
1201 4300 1464 4374 ἐθάρρουν
1519 4302 1712 4356 εἰπεῖν·

1821 3208 2153 3281 Sapientiam
2179 3210 2381 3264 Filium
2421 3226 2564 3278 esse,
2593 3219 2647 3266 et
2675 3211 2780 3266 hoc
2803 3211 3104 3275 credentes,
3140 3212 3280 3266 duos
3303 3220 3390 3266 ta-

1816 3317 1939 3355 men
1975 3300 2117 3357 Deos
2147 3301 2376 3356 minime
2403 3300 2641 3356 dicimus
2665 3341 2680 3368 ,
2713 3301 3085 3370 unitatemque
3110 3301 3234 3356 Filii
3264 3318 3388 3358 cum

1816 3391 1977 3448 Patre
2022 3410 2133 3448 non
2183 3393 2447 3450 doctrina
2497 3393 2883 3460 similitudine,
2939 3394 3035 3449 sed
3085 3394 3383 3449 secundum

1815 3483 2199 3548 substantiam,
2231 3491 2284 3538 et
2324 3497 2513 3539 revera
2554 3483 2855 3539 consistere
2889 3485 3153 3540 sentimus
3179 3525 3194 3549 ,
3224 3484 3299 3539 ita
3329 3493 3389 3539 ut

1813 3583 2098 3644 propterea
2125 3589 2234 3629 non
2262 3575 2401 3630 duos
2428 3574 2591 3639 Deos,
2623 3573 2720 3630 sed
2757 3590 2928 3630 unum
2957 3575 3224 3637 dicamus,
3264 3590 3391 3630 cum

1816 3680 1926 3720 una
1965 3665 2037 3720 sit
2063 3664 2274 3734 species
2302 3663 2627 3728 divinitatis,
2677 3675 2740 3720 ut
2784 3674 2868 3721 est
2899 3665 2989 3720 lux
3019 3675 3074 3720 et
3105 3666 3390 3736 splendor;

1815 3757 1903 3812 illa
1933 3756 2077 3811 enim
2112 3756 2438 3826 patriarcha
2465 3754 2633 3811 Jacob
2656 3755 2772 3812 visa
2799 3764 2901 3823 est,
2936 3757 3120 3827 aitque
3151 3756 3394 3828 Scriptu-

1813 3864 1874 3903 ra
1904 3867 1917 3903 :
1959 3867 1978 3900 ι
2012 3845 2176 3902 Ortus
2214 3855 2296 3902 est
2321 3853 2502 3901 autem
2539 3846 2616 3900 illi
2658 3846 2740 3903 sol
2764 3887 2780 3913 ,
2810 3854 3102 3917 postquam
3142 3847 3394 3902 transivit

1815 3939 2023 4010 species
2057 3938 2153 3994 Dei
2176 3938 2242 3993 9‘.
2270 3957 2289 3990 ι
2318 3937 2431 3993 Hoc
2457 3953 2581 3992 cum
2611 3938 2858 3994 viderent
2884 3939 3060 3994 sancti
3089 3939 3390 4009 propheta,

1778 4046 1880 4086 ~ac
1906 4029 2270 4100 intelligerent
2297 4029 2586 4097 cujusnam
2633 4029 2706 4084 sit
2749 4029 2840 4084 ille
2872 4027 3044 4084 Filius
3083 4038 3138 4084 et
3186 4030 3390 4100 imago,

1815 4122 2029 4176 aiebant
2057 4138 2070 4174 :
2097 4117 2364 4174 tFactum
2395 4126 2478 4172 est
2500 4117 2736 4172 Verbum
2755 4117 2971 4172 Domini
3001 4119 3066 4172 ad
3089 4133 3174 4172 me
3190 4119 3325 4185 "-”,
3365 4138 3384 4171 ι

1816 4224 2052 4281 eumque
2090 4209 2305 4263 Patrem
2340 4208 2396 4262 in
2426 4223 2490 4263 eo
2531 4210 2709 4264 visum
2739 4209 3150 4280 revelatumque
3192 4224 3393 4280 cogno-

1816 4308 2048 4365 scerent,
2075 4299 2300 4354 ﬁdenter
2327 4297 2610 4354 dicebant:
2637 4299 2844 4354 cVisus
2867 4307 2948 4354 est
2971 4300 3103 4354 mihi
3131 4299 3277 4354 Deus
3300 4316 3394 4369 pa-

142 4410 163 4443 ι
206 4391 378 4460 Ὠφθη
429 4409 518 4462 μοι
564 4394 592 4444 6
642 4392 772 4457 Θεὸς
821 4391 930 4447 τῶν
984 4393 1235 4464 πατέρων
1283 4393 1460 4465 ἡμῶν,
1502 4394 1530 4446 6
1583 4393 1713 4458 Θεὸς

1819 4399 1962 4445 trum
1987 4399 2328 4456 nostrorum,
2347 4387 2489 4444 Deus
2510 4387 2767 4453 Abraam,
2785 4397 2839 4444 et
2863 4388 3012 4444 Isaac
3033 4398 3087 4444 et
3102 4387 3268 4444 Jacob
3283 4389 3347 4446 “.
3365 4409 3384 4440 ι

152 4450 542 4554 Ἀδραάμίκαὶ
598 4483 710 4556 (74)
752 4450 938 4539 ζίσατὶικ
991 4487 1085 4538 καὶ
1129 4450 1387 4539 "laxes...
1427 4450 1626 4539 Τούτου
1658 4450 1713 4538 δέ

1817 4479 1952 4534 Cum
1986 4479 2150 4548 igitur
2181 4478 2254 4532 ita
2281 4493 2339 4532 se
2364 4493 2452 4533 res
2479 4477 2693 4544 habeat,
2726 4493 2825 4536 cur
2854 4494 2976 4533 eum
3007 4480 3102 4549 qui
3138 4496 3280 4534 unus
3308 4490 3392 4534 est

136 4573 309 4636 οὕτως
337 4574 508 4638 ὄντος,
537 4573 626 4627 διὰ
658 4573 710 4627 τί
759 4575 850 4629 τὸν
901 4575 996 4630 ἕνα
1027 4576 1161 4630 ὄντα
1215 4575 1350 4646 πρὸς
1374 4575 1466 4629 τὸν
1498 4575 1713 4646 Πατέρα

1815 4584 1940 4624 cum
1971 4566 2153 4631 Patre,
2187 4574 2242 4620 et
2273 4565 2400 4620 talis
2426 4574 2650 4635 apparet
2677 4566 2854 4636 qualis
2875 4575 2958 4622 est
2981 4566 3160 4634 Pater,
3194 4584 3387 4623 secun-

139 4667 237 4722 καὶ
263 4667 605 4738 φαινόμενον,
664 4667 739 4730 ὡς
788 4666 935 4720 ἔστιν
979 4669 1006 4720 ὁ
1043 4667 1234 4739 Πατὴρ
1267 4666 1402 4738 (75),
1453 4667 1593 4721 κατὰ
1620 4667 1713 4737 τὴν

1815 4660 1944 4715 dum
1979 4657 2389 4714 similitudinem
2429 4667 2593 4726 atque
2632 4673 2797 4712 unam
2839 4658 3203 4724 divinitatem,
3232 4675 3390 4714 vere-

138 4759 430 4830 ὁμοιότητα
486 4760 579 4810 καὶ
636 4759 762 4830 μίαν
811 4758 1056 4829 θεότητα,
1115 4757 1491 4828 εύλαϐούμεθα
1546 4760 1713 4812 εἰπεῖν

1817 4766 1941 4805 mur
1970 4749 2154 4803 dicere
2208 4746 2774 4802 consubstantialem?
2809 4745 2867 4801 Si
2898 4749 3042 4802 enim
3071 4789 3086 4813 ,
3122 4749 3388 4819 quemad-

137 4848 449 4920 όμοούσιον;
475 4834 537 4902 Εἰ
565 4849 660 4920 μὲν
683 4848 812 4922 γάρ,
845 4849 1034 4919 ὥσπερ
1068 4849 1280 4920 εἴρηται
1303 4849 1582 4914 πολλάκις,
1624 4849 1713 4903 οὐκ

1819 4839 2042 4896 modum
2076 4838 2275 4908 sapius
2308 4838 2515 4892 dictum
2546 4848 2629 4892 est
2652 4877 2667 4903 ,
2702 4839 2907 4893 nullam
2935 4840 3097 4894 habet
3131 4851 3188 4894 ut
3219 4839 3391 4895 Filius

141 4939 256 5009 ἔχει
281 4938 377 5009 τὴν
411 4939 651 5010 ἰδιότητα
672 4940 771 5011 τῆς
805 4940 1075 5011 πατρικῆς
1120 4939 1328 5005 οὐσίας,
1355 4940 1475 4993 οὐδὲ
1497 4940 1593 5011 τὴν
1618 4941 1713 5010 sp.-

1820 4931 2205 5004 proprietatem
2234 4929 2712 4984 similitudinemve
2739 4945 2862 4985 cum
2887 4940 3110 5001 paterna
3138 4933 3392 4987 substan-

142 5029 368 5100 φέρειαν
400 5029 476 5092 ὡς
524 5029 674 5094 Υἰὸς,
721 5028 900 5093 καλῶς
960 5027 1352 5100 εὐλαϐούμεθα·
1398 5029 1532 5082 εἰδὲ
1559 5028 1713 5082 τοῦτό

1821 5026 1917 5090 tia,
1953 5039 2017 5079 ea
2049 5036 2181 5076 voce
2212 5020 2290 5074 uti
2338 5028 2484 5074 recte
2513 5035 2782 5076 veremur.
2818 5019 2914 5074 Sin
2957 5030 3138 5077 autem
3174 5023 3262 5077 ille
3306 5031 3393 5079 est

213 5137 262 5172 “
298 5136 422 5191 Jud.
450 5153 527 5199 XI,
565 5138 653 5192 54.
788 5139 834 5172 ’⁸
874 5138 1009 5194 Luc.
1042 5155 1143 5203 vu,
1172 5139 1260 5195 12.
1359 5139 1406 5172 ’⁸
1444 5138 1580 5196 Gen.
1611 5157 1713 5195 xxx

1821 5139 1910 5195 51.
2043 5133 2162 5175 ⁹⁷-⁹⁸
2201 5131 2306 5190 lsa.
2362 5148 2594 5203 xxxvm,
2648 5133 2717 5199 4;
2758 5131 2869 5190 Jer.
2901 5149 2945 5202 ι,
2975 5133 3121 5202 2,4,
3154 5135 3242 5202 11,
3278 5146 3386 5192 etc.

143 5211 192 5244 ”
229 5207 402 5263 Exod.
438 5223 521 5274 nt,
556 5210 648 5266 16.

216 5343 328 5416 (68)
369 5343 686 5416 Eelckm.5,
723 5345 889 5416 ἄραη
994 5415 999 5416 ί
1060 5413 1069 5416 _
1232 5413 1255 5416 _
1320 5415 1337 5416 η
1446 5412 1456 5416 _
1562 5413 1572 5416 _
1635 5410 1647 5416 _

1893 5341 2006 5416 (Ἠ)
2045 5339 2285 5416 Felekm:
2311 5341 2366 5405 δ’
2396 5339 2672 5416 4M9?!”-

217 5409 329 5481 (69)
371 5413 606 5484 Εειιίίιη.
638 5416 692 5480 5,
739 5409 804 5468 ἔκ
830 5414 930 5484 τῆς
953 5413 1138 5476 οὐσίας
1163 5413 1257 5466 τοῦ
1292 5410 1709 5484 Πατρὸςείπόνσ

1892 5409 2004 5484 (72)
2045 5410 2128 5484 ῃιι
2149 5410 2384 5484 Regius.
2410 5409 2464 5484 In
2488 5409 2658 5484 editis
2686 5425 2816 5465 vero
2843 5411 2939 5464 καί
2951 5411 3139 5484 deest.

141 5479 252 5548 τες.
300 5483 445 5556 Infra
493 5485 632 5556 idem
685 5497 805 5554 post
852 5479 1128 5556 εἰρήκασι,
1174 5479 1710 5554 subjungit,"E1ts~ca.t

2044 5481 2288 5556 Felcirm.
2312 5481 2345 5533 ’5
2373 5480 2532 5556 habet
2565 5479 2658 5556 καί
2687 5489 2811 5556 ante
2841 5480 3218 5556 γινώσκοντες,

142 5557 220 5617 δέ,
253 5554 472 5608 omissis
505 5548 860 5609 intermediis.
908 5548 920 5556 ’
961 5548 972 5555 ’
1115 5548 1120 5550 ⁷
1275 5548 1290 5554 ⁷
1381 5548 1404 5553 ’
1892 5548 2006 5620 (74)
2046 5550 2123 5604 lta
2159 5550 2361 5620 Regius
2401 5558 2456 5604 et
2492 5548 2731 5605 Felckm.
2761 5551 2815 5605 5.
2856 5548 2920 5606 ’ln
2956 5552 3087 5606 edit.
3117 5551 3211 5606 καί
3239 5551 3392 5610 deest

216 5625 329 5693 (70)
371 5622 463 5677 Sic
511 5625 976 5696 Regiusﬂcodcg,
1003 5621 1483 5696 Felckman.‘vero
1517 5622 1712 5696 5,61?

1821 5620 2188 5696 anten'lcgtdx.

145 5688 444 5767 ἀναχωρεῖν
490 5688 619 5749 ἁπόἶ
654 5693 818 5761 Editi,
865 5693 979 5750 ἀλλ’
1022 5693 1248 5759 omisso,
1310 5693 1612 5764 ἀναχωρεῖν
1657 5693 1713 5746 δὲ

1873 5691 2016 5767 ’(75)
2049 5689 2140 5744 Sic
2184 5688 2420 5767 Felclgm.
2455 5690 2571 5767 '5_et
2604 5690 2737 5767 edit.
2768 5689 2940 5748 Paris.
2973 5690 3045 5746 At
3089 5689 3291 5764 Regius
3335 5705 3388 5748 et

147 5758 283 5819 απόῖ
333 5758 344 5767 ’
804 5758 812 5761 ⁷
1238 5758 1241 5759 ⁷
1417 5758 1448 5764 ’⁷
1501 5758 1520 5763 ’λ

1822 5758 1948 5816 edit-
1978 5758 2190 5817 Comm.
2218 5760 2294 5824 ὡς
2323 5758 2456 5826 ἔστι,
2485 5761 2722 5831 Πατέρα.

788 5139 834 5172 ’⁸
874 5138 1009 5194 Luc.
1042 5155 1143 5208 vu,
1172 5139 1260 5195 12.
1359 5139 1406 5172 ’⁸
1444 5138 1580 5196 Gen.
1611 5156 1786 5208 xxxn,
1821 5139 1910 5195 51.
