3824 6224
417 346 524 404 7B7

988 343 1046 399 S.
1086 341 1463 398 ATHANASII
1503 340 1656 397 OPP.
1698 339 1885 397 PARS
1922 339 1963 394 l.
2005 368 2074 380 -—
2113 337 2491 396 HISTORICA
2531 338 2622 395 ET
2656 336 3081 396 DOGMA'I‘ICA.

3588 334 3705 390 788

421 466 597 523 Patris
624 465 843 538 propria
868 464 950 520 vis
980 464 1338 519 illuminatrix
1371 472 1426 519 et
1454 463 1709 528 creatrix,
1740 463 1861 519 sine
1889 476 1998 532 qua

2153 478 2224 515 ττι
2250 461 2313 514 τὸ
2341 461 2668 530 φωτιστικὸν
2695 460 2793 516 καὶ
2841 458 3235 533 δημιουργικὸν
3273 456 3340 511 τὸ
3402 454 3709 510 ίδιαίτατον

417 574 518 613 nec
546 567 719 624 creat,
750 572 851 613 nec
884 557 1235 629 cognoscitur
1268 557 1476 623 (omnia
1507 556 1651 611 enim
1684 570 1783 626 per
1815 556 1996 627 ipsum

417 658 473 703 (οι
504 649 559 703 in
590 649 709 718 ipso
731 649 1086 721 consistunt),
1121 664 1223 704 cur
1250 664 1367 704 rem
1399 647 1761 718 intelligentes
1790 685 1805 709 ,
1838 662 1998 702 recu-

418 757 607 797 samus
634 757 826 798 vocem
861 741 915 797 id
946 741 1342 814 signiﬁcantem
1371 741 1657 813 proferre?
1684 739 1826 808 Quid
1849 741 1998 797 enim

419 840 506 888 est
542 831 790 902 ejusdem
820 841 1031 889 naturae
1058 848 1181 889 esse
1219 835 1377 904 cujus
1403 832 1584 897 Pater,
1613 834 1723 890 nisi
1754 849 1877 890 esse
1920 835 2001 889 illi

421 924 929 979 consubstantiale?
953 923 1072 979 Non
1096 927 1240 997 enim
1270 925 1511 980 alienum
1541 924 1686 982 Deus
1710 926 1873 982 veluti
1897 926 2002 980 mi-

423 1015 598 1071 nistro
653 1031 819 1088 egens
870 1014 1072 1071 Filium
1139 1020 1479 1089 assumpsit;
1553 1033 1734 1088 neque
1784 1018 2002 1089 op‘iﬁcia

425 1107 677 1163 Creatori
708 1116 837 1165 sunt
864 1110 1129 1180 dignitate
1161 1112 1336 1179 paria,
1372 1122 1433 1165 ut
1455 1110 1679 1181 perinde
1710 1111 1801 1166 illa
1838 1120 2003 1181 atque

422 1200 541 1268 ipse
570 1201 927 1269 honorentur,
952 1210 1066 1270 aut,
1085 1212 1144 1273 ut
1171 1204 1471 1273 putandum
1498 1203 1589 1271 sit,
1616 1220 1680 1260 ea
1706 1214 1759 1260 et
1786 1204 2002 1275 Patrem

428 1308 597 1347 unum
630 1308 770 1349 esse.
804 1294 1061 1365 Alioquin
1093 1297 1237 1367 ausit
1264 1297 1387 1366 quis
1415 1297 1528 1353 haec
1547 1297 1806 1363 dividere,
1834 1313 1899 1353 ae
1920 1297 2004 1352 di-

427 1400 551 1440 cere
577 1386 747 1441 solem
788 1394 846 1460 et
878 1387 1218 1458 splendorem
1255 1389 1363 1444 duo
1388 1404 1512 1446 esse
1545 1389 1774 1457 lumina,
1803 1398 1898 1445 aut
1921 1391 2005 1445 di-

426 1491 641 1531 versam
673 1478 914 1549 aliquam
951 1481 1334 1545 substantiam,
1376 1491 1470 1537 aut
1498 1483 1842 1554 splendorem
1874 1484 2004 1539 solis

427 1568 681 1626 accidens
714 1559 858 1635 esse,
896 1580 952 1626 et
991 1588 1103 1627 non
1151 1573 1455 1642 simplicem
1502 1590 1567 1631 ac
1619 1591 1818 1646 purum
1872 1577 2005 1634 solis

426 1671 678 1731 partum;
723 1664 795 1719 ita
841 1674 903 1720 ut
946 1665 1055 1721 duo
1095 1667 1312 1734 quidem
1349 1669 1459 1725 sint
1506 1670 1587 1727 sol
1621 1682 1676 1726 et
1726 1671 2001 1740 splendor,

2102 554 2196 608 τοῦ
2221 554 2454 627 Πατρὸς,
2488 546 2551 607 οὗ
2577 553 2706 609 ἄνευ
2740 552 2865 607 οὔτε
2906 552 3249 624 δημιουργεῖ,
3277 549 3403 605 οὔτε
3427 546 3709 618 γινώσκε-

2104 663 2194 701 ται
2226 644 2444 718 (πάντα
2481 644 2591 717 γὰρ
2622 645 2689 700 δι’
2718 643 2885 699 αὑτοῦ
2932 644 3028 698 καὶ
3053 646 3113 698 έν
3138 641 3291 713 αὐτῷ
3322 641 3648 712 συνέστηκε)
3684 655 3700 666 ·

2104 737 2193 793 διὰ
2221 738 2294 804 τί,
2318 737 2380 791 τὸ
2403 739 2637 809 πρᾶγμα
2655 736 2923 801 νοοῦντες,
2961 733 3379 807 παραιτούμεθα
3408 731 3508 803 τὴν
3536 729 3706 784 τοῦτο

2110 830 2481 903 σημαίνουσαν
2539 829 2683 897 λέξιν
2737 830 2949 895 είπείν;
3012 827 3079 880 Τξ
3103 831 3212 899 γάρ
3250 827 3369 878 ἐστι
3396 822 3481 877 -τὸ
3519 821 3707 885 οὕτως

2106 921 2344 993 ὁμρφιιὲς
2370 920 2449 991 τῷ
2475 920 2651 993 Πιιτρλ⁵
2683 919 2716 991 ἢ
2742 917 3029 990 ὁμοούσιον
3054 915 3251 982 αύτοῦ;
3286 916 3361 969 Οὐ
3390 915 3502 985 γὰρ
3537 912 3707 967 ἀλλύ-

2107 1031 2258 1086 τριον
2283 1013 2361 1078 ὡς
2385 998 2660 1082 ὑπουργοῦ
2692 1012 2945 1083 δεόμενος
2977 1008 3347 1082 προσελάϐετο
3382 1010 3411 1060 ὁ
3441 1005 3582 1068 Θεὸς
3603 1003 3706 1057 τὸν

2109 1107 2259 1172 Υἱὸν,
2290 1105 2412 1159 οὐδὲ
2443 1105 2511 1159 τά
2538 1106 2818 1177 ποιήματα
2846 1102 3025 1170 ἰσάξια
3062 1100 3156 1157 τοῦ
3208 1100 3510 1164 κτίσαντος,
3552 1098 3705 1151 ὥστε
3782 1107 3789 1110 ’

2107 1199 2372 1271 τιμᾶσθαι
2398 1198 2573 1253 ταῦτα
2600 1198 2677 1263 ὡς
2705 1199 2932 1262 ἐκεῖνον,
2992 1196 3026 1267 ἢ
3086 1193 3348 1266 νομίζειν,
3395 1192 3477 1247 ὅτι
3523 1189 3706 1244 ταῦτα

2109 1289 2206 1342 καὶ
2230 1289 2260 1342 ὁ
2280 1289 2470 1361 Πατὴρ
2495 1287 2556 1343 ἓν
2585 1289 2743 1341 εἰσιν.
2777 1287 2848 1341 Ἢ
2874 1285 3201 1357 τολμησάτω
3232 1301 3316 1348 τις
3342 1282 3558 1343 διελεῖν,
3601 1281 3706 1333 καὶ

2110 1382 2303 1446 εἰπεῖν,
2335 1380 2429 1435 δύο
2460 1379 2617 1449 φῶτα
2642 1377 2778 1433 εἶναι
2806 1376 2897 1432 τὸν
2926 1376 3079 1449 ἥλιον
3107 1374 3200 1429 καὶ
3231 1374 3292 1430 τὸ
3323 1372 3702 1443 ἀπαύγασμα,

2110 1474 2143 1545 ἢ
2176 1474 2368 1546 ἑτέραν
2398 1472 2521 1527 τινά
2544 1467 2684 1525 εἶναι
2731 1470 2939 1534 οὐσίαν,
2968 1468 3002 1540 ἦ
3054 1468 3136 1521 ὅτι
3171 1465 3585 1537 ὲπισυμϐέὸηκε
3634 1463 3704 1517 τὸ

2111 1566 2470 1638 ἀπαύγασμα,
2497 1566 2591 1620 καὶ
2616 1565 2690 1638 μὴ
2723 1561 2929 1618 ἁπλοῦν
2969 1557 3108 1615 εἶναι
3150 1561 3244 1615 καὶ
3298 1558 3538 1629 καθαρὸν
3571 1557 3704 1627 γέν-

2112 1677 2259 1730 νημα
2290 1660 2355 1713 ἐκ
2373 1658 2466 1712 τοῦ
2499 1658 2650 1729 ἡλίου
2697 1655 2875 1711 τοῦτο·
2923 1654 3066 1709 ὥστε
3092 1653 3184 1706 δύο
3238 1651 3336 1723 μὲν
3375 1646 3517 1705 εἶναι
3544 1650 3706 1721 ἥλιον

427 1770 539 1809 una
584 1765 763 1812 tamen
800 1758 917 1821 lux.
949 1774 1015 1814 eo
1040 1759 1187 1830 quod
1234 1761 1327 1816 ille
1369 1778 1400 1817 a
1441 1761 1557 1818 sole
1606 1763 1833 1818 oriatur.
1865 1763 2004 1818 Cum

2153 1749 2207 1805 αὶ
2237 1748 2599 1820 ἀπαύγασμα,
2627 1748 2684 1802 ἓν
2709 1747 2767 1801 δὲ
2809 1747 2871 1800 τὸ
2905 1746 3042 1817 φῶς,
3108 1744 3197 1799 διὰ
3226 1744 3288 1797 τὸ
3315 1745 3378 1796 ὲκ
3414 1743 3513 1796 του
3544 1741 3703 1812 ἡλίου

428 1846 746 1915 hujusmodi
774 1850 874 1916 sit,
903 1851 1014 1906 imo
1038 1827 1213 1923 magis
1241 1854 1623 1925 inseparabilis
1656 1866 1850 1917 natura
1880 1857 2005 1913 Filii

2153 1842 2250 1898 ἵναι
2275 1838 2434 1897 τοῦτο
2462 1841 2728 1912 γέννημα.
2762 1839 3030 1909 Τοιαύτης
3064 1838 3123 1891 δὲ
3149 1834 3317 1908 οὔσης
3343 1836 3439 1888 καὶ
3497 1833 3705 1925 μᾶλλον

426 1955 458 1994 a
501 1938 681 2006 Patre,
730 1950 783 2012 et
823 1959 948 1999 cum
994 1944 1251 2002 divinitas
1278 1946 1419 2012 Filio
1448 1963 1558 2016 non
1587 1949 1881 2014 acciderit,
1912 1949 2006 2005 sed

424 2041 651 2105 paterna
678 2035 935 2094 divinitas
971 2037 1027 2092 in
1070 2038 1211 2095 Filio
1253 2040 1363 2101 sit;
1408 2039 1483 2096 ita
1529 2049 1591 2095 ut
1616 2042 1718 2117 qui
1744 2041 1890 2097 videt
1918 2040 2011 2096 Fi-

423 2126 585 2191 ‘.ium,
620 2128 674 2182 in
704 2129 821 2197 ipso
845 2127 1062 2186 Patrem
1085 2132 1287 2197 videat,
1314 2148 1413 2189 cur
1443 2134 1538 2206 qui
1563 2133 1873 2206 hujusmodi
1901 2142 2005 2200 est,

428 2236 540 2276 non
571 2222 787 2277 dicatur
817 2224 1344 2281 consubstantialis?

502 2393 590 2450 5'5.
634 2395 730 2452 Sat
758 2398 978 2468 quidem
1003 2400 1121 2455 haec
1148 2410 1318 2466 sunt,
1354 2419 1477 2474 qua:
1508 2404 1664 2460 vobis
1700 2404 2006 2469 suadeant,

430 2492 492 2538 ut
522 2500 629 2540 non
680 2489 948 2545 accusetis
972 2506 1068 2546 eos
1095 2492 1189 2561 qui
1232 2493 1419 2549 dixere
1457 2493 1651 2551 Filium
1698 2512 1820 2552 esse
1861 2495 2011 2551 Patri

428 2578 973 2637 consubstantialem.
1004 2581 1261 2639 Attamen
1308 2585 1481 2654 ipsam
1529 2588 2011 2644 consubstantialis

429 2684 619 2727 vocem
653 2674 954 2728 secundum
992 2690 1051 2731 se
1077 2676 1464 2747 explanemus,
1510 2660 1570 2734 ut
1613 2679 2012 2750 comperiamus

430 2772 615 2819 utrum
650 2765 768 2837 haec
797 2768 962 2838 612
991 2783 1118 2835 vox,
1151 2770 1667 2838 consubstantialis,
1699 2768 2012 2842 usurpanda

432 2858 536 2919 sit,
569 2864 624 2913 et
667 2859 712 2931 si
746 2845 970 2930 propria
1011 2861 1083 2916 sit
1120 2862 1306 2930 dictio,
1342 2875 1506 2934 atque
1549 2874 1911 2932 congruenter
1947 2866 2015 2922 de

431 2946 577 3041 Filio
599 2947 835 3041 dicatur.
863 2950 999 3025 Nam
1027 2954 1132 3041 ipsi
1161 2956 1317 3023 scitis
1338 2996 1362 3033 ,ι
1392 2964 1447 3011 et
1480 2972 1642 3012 nemo
1664 2957 2012 3025 dubitaverit,

433 3037 612 3093 simile
632 3053 742 3093 non
768 3039 835 3094 de
857 3037 1201 3110 substantiis,
1228 3045 1321 3099 sed
1348 3045 1415 3100 de
1444 3045 1632 3119 ﬁguris
1657 3054 1712 3119 et
1736 3047 2014 3119 qualitati-

432 3128 539 3183 bus
568 3129 695 3184 dici.
727 3128 804 3185 De
832 3131 1156 3190 substantiis
1185 3120 1354 3200 enim,
1398 3152 1506 3190 non
1547 3136 1869 3207 similitudo,
1918 3137 2012 3209 sed

434 3220 701 3289 identitas
734 3223 841 3278 dici
884 3224 1062 3280 debet.
1111 3224 1288 3283 Homo
1329 3227 1493 3297 igitur
1535 3228 1777 3295 hominis
1819 3211 2013 3305 similis

432 3314 659 3381 dicitur,
690 3332 800 3371 non
830 3320 1132 3381 secundum
1167 3322 1552 3385 substantiam,
1589 3324 1682 3389 sed
1713 3326 2011 3399 secundum

433 3404 678 3475 habitum
716 3416 771 3462 et
817 3407 1046 3480 ﬁguram
1088 3427 1102 3463 :
1155 3413 1299 3490 quod
1350 3413 1418 3486 ad
1470 3415 1829 3490 substantiam
1865 3417 2014 3472 enim

430 3494 677 3579 ejusdem
711 3507 920 3573 naturae
966 3509 1116 3555 sunt.
1162 3487 1404 3577 Rursum
1435 3487 1601 3559 homo
1644 3506 1765 3560 cani
1803 3522 2014 3577 nequa-

432 3603 597 3656 quam
629 3588 917 3645 dissimilis
958 3590 1181 3659 dicitur,
1210 3591 1306 3647 sed
1345 3592 1576 3650 diversre
1606 3605 1814 3650 naturae
1842 3615 1855 3650 :
1884 3611 2016 3666 ergo

435 3678 584 3747 quod
635 3678 877 3748 ejusdem
922 3688 1135 3736 natura:
1194 3690 1297 3748 est,
1341 3683 1506 3738 etiam
1551 3685 2017 3741 consubstantiale

435 3760 555 3836 est;
597 3780 651 3827 et
685 3772 829 3843 quod
869 3772 1101 3829 diversae
1142 3784 1374 3838 naturae,
1416 3760 1645 3832 diversae
1683 3777 1847 3832 etiam
1886 3778 2018 3834 sub-

432 3862 669 3919 stantia.
719 3863 1061 3936 Quapropter
1109 3867 1204 3936 qui
1261 3866 1672 3924 dicit-similem
1718 3869 2016 3926 secundum

435 3954 829 4020 substantiam,
880 3971 947 4011 ex
984 3956 1405 4027 participatione
1444 3958 1679 4015 similem
1726 3959 1860 4016 dicit
1891 3979 1904 4015 :
1941 3960 2018 4015 si-

432 4047 685 4117 militudo
710 4049 856 4103 enim
880 4059 963 4105 est
983 4050 1241 4120 qualitas,
1273 4065 1395 4120 quae
1418 4052 1738 4107 substantiae
1770 4052 2018 4109 accidere

437 4150 638 4203 potest.
694 4140 811 4198 Hoc
857 4152 1039 4198 autem
1098 4145 1333 4216 opiticiis
1375 4145 1656 4219 proprium
1708 4143 1905 4216 fuerit;
1952 4159 2017 4199 ea

434 4234 580 4288 enim
612 4249 680 4289 ex
708 4235 1130 4305 participatione
1158 4234 1269 4308 Deo
1298 4235 1497 4290 similia
1528 4235 1856 4309 efficiuntur.
1879 4232 2015 4288 Nam

438 4345 459 4377 ι
497 4342 650 4391 cum,
680 4346 699 4379 ι
727 4326 823 4394 ait,
849 4345 868 4376 ‹
898 4328 1215 4397 apparuerit
1242 4327 1356 4400 ille,
1392 4326 1601 4395 similes
1626 4327 1675 4380 ei
1703 4325 1910 4381 erimus
1938 4327 2013 4391 ¹,›

434 4415 642 4489 similes
686 4414 897 4471 scilicet
933 4431 1043 4485 non
1099 4417 1426 4485 substantia,
1462 4416 1557 4479 sed
1601 4416 1841 4486 ﬁliorum
1886 4416 2020 4487 ado-

2107 1933 2413 2006 ἀδιαιρέτου
2443 1932 2545 2002 τῆς
2588 1930 2803 2001 φύσεως
2858 1929 2953 1984 τοῦ
2990 1928 3119 1983 Υἱοῦ
3161 1927 3271 2000 (76)
3303 1925 3439 1998 πρὸς
3459 1925 3552 1979 τὸν
3586 1924 3706 1977 Πα-

2106 2029 2261 2102 τέρα,
2300 2027 2397 2082 καὶ
2432 2026 2532 2080 οὐκ
2553 2024 2941 2096 ὲπισυμϐάσης
2986 2022 3087 2094 τῆς
3127 2020 3380 2089 θεότητος
3432 2017 3510 2086 τῷ
3557 2015 3703 2087 Υίῷ,

2107 2123 2245 2178 ἀλλὰ
2265 2122 2369 2193 τῆς
2395 2118 2673 2191 πατρικῆς
2696 2118 2949 2189 θεότητος
2981 2114 3148 2187 οὔσης
3196 2115 3254 2166 ὲν
3283 2111 3362 2182 τῷ
3385 2108 3524 2180 Υἱῷ,
3553 2108 3704 2162 ὥστε

2107 2215 2198 2269 τὸν
2220 2212 2501 2294 ἑωρακότα
2520 2212 2612 2265 τὸν
2633 2210 2761 2264 Υἱλν
2796 2210 2929 2281 ὁρᾷν
2960 2209 3021 2262 έν
3051 2205 3201 2278 αὐτῷ
3225 2204 3317 2259 τδν
3348 2202 3595 2274 Πατέρα,
3610 2199 3705 2254 διὰ

2108 2307 2160 2361 τί
2193 2309 2223 2360 ὁ
2246 2305 2485 2369 τοιοῦτος
2518 2304 2592 2377 μὴ
2614 2302 2679 2357 ἂν
2705 2301 2917 2371 λέγοιτο
2947 2299 3265 2371 ὁμοούσιος;

2179 2398 2270 2453 5'5.
2308 2398 2464 2450 Ἔστι
2520 2394 2618 2466 μὲν
2668 2393 2779 2463 (77)
2818 2388 2911 2446 οὖν
2944 2389 3105 2446 ἱκανὰ
3164 2390 3260 2444 καὶ
3304 2387 3479 2443 ταῦτα
3509 2386 3703 2439 πεῖσαι

2112 2491 2275 2563 ὑμᾶς,
2313 2487 2390 2562 μὴ
2416 2488 2740 2558 κατηγορεῖν
2787 2484 2897 2539 τῶν
2931 2483 3251 2555 εἰρηκότων,
3282 2479 3570 2550 ὁμοούσιον
3626 2473 3707 2531 εἷ·-

2112 2599 2199 2636 ναι
2228 2580 2321 2635 τὸν
2353 2578 2484 2633 Υἱδν
2514 2578 2596 2649 τῷ
2624 2576 2820 2649 Πατρί·
2855 2574 2950 2630 καὶ
2993 2573 3164 2646 αὐτὴν
3191 2573 3251 2628 δὲ
3272 2574 3422 2644 ’ὅμως
3448 2571 3551 2644 τὴν
3603 2567 3705 2623 τοῦ

2112 2671 2397 2745 ὁμοουσίου
2426 2669 2571 2735 λέξιν
2627 2668 2749 2724 καθ’
2771 2666 2970 2739 ἑαυτὴν
3029 2666 3393 2737 ἐξετάσωμεν,
3438 2664 3525 2717 ἶνα
3552 2661 3706 2733 γνῶ-

2116 2783 2238 2836 μεν,
2279 2766 2328 2819 si
2360 2763 2467 2837 χρὴ
2503 2763 2681 2833 λέγειν
2734 2761 2874 2826 ὅλως
2923 2758 3229 2831 ὁμοούσιον,
3291 2759 3388 2812 καὶ
3435 2758 3485 2809 εἰ
3535 2755 3712 2827 κυρία

2112 2858 2256 2924 λέξις
2283 2859 2418 2925 ἐστὶ,
2446 2857 2540 2912 καὶ
2572 2854 2918 2930 ἁρμοζόντως
2940 2853 3087 2907 ἐστὶν
3141 2852 3283 2922 αὕτη
3321 2849 3414 2904 ἐπὶ
3444 2847 3574 2903 Υἱοῦ
3619 2848 3715 2901 λε-

2114 2949 2343 3022 γομένη.
2368 2948 2559 3003 Οἴδατε
2586 2947 2698 3020 γάρ
2723 2946 2817 3002 καὶ
2841 2947 3022 3016 ὑμεῖς,
3074 2941 3170 2998 καί
3192 2941 3302 2996 οὐδ’
3327 2941 3394 2996 ἄν
3414 2957 3502 3004 τις
3524 2940 3709 3010 ἀμφι-

2116 3041 2302 3096 ϐάλλοι
2331 3040 2467 3112 (78),
2495 3041 2577 3095 ὅτι
2608 3039 2670 3094 τὸ
2697 3040 2883 3111 ὅμοιον
2912 3036 3012 3090 οὐκ
3044 3033 3138 3089 ἐπὶ
3187 3033 3297 3088 τῶν
3318 3032 3541 3095 οὐσιῶν,
3585 3031 3711 3086 ἀλλ’

2117 3135 2211 3189 ἐπὶ
2239 3133 2533 3206 σχημάτων
2555 3132 2649 3187 καὶ⁸
2677 3131 2975 3203 ποιοτήτων
3000 3127 3220 3196 λέγεται
3238 3125 3443 3196 ὅμοιονο
3475 3123 3570 3176 ἐπὶ
3597 3122 3714 3194 γὰρ

2116 3228 2225 3281 τῶν
2254 3226 2451 3281 οὐσιῶν
2484 3226 2583 3296 οὐχ
2612 3223 2886 3295 ὁμοιότης,
2907 3217 3045 3275 ἀλλά
3062 3217 3331 3288 ταυτότης
3360 3215 3427 3270 ἂν
3460 3213 3712 3286 λεχθείη.

2121 3318 2440 3389 Ἀνθρωπος
2472 3314 2602 3385 γοῦν
2625 3311 2897 3387 ἀνθρώπῳ
2935 3312 3119 3383 ὅμοιος
3156 3309 3394 3377 λέγεται,
3442 3306 3505 3360 οὐ
3562 3304 3717 3361 κατὰ

2116 3408 2217 3481 τὴν
2241 3408 2450 3480 ούσίαν,
2493 3404 2630 3460 ἀλλά
2679 3403 2823 3458 κατὰ
2861 3402 2921 3456 τὺ
2949 3402 3135 3474 σχῆμα
3174 3400 3268 3454 καὶ
3316 3397 3410 3451 τὸν
3466 3394 3577 3468 (79)
3611 3415 3717 3467 χα-

2119 3500 2477 3575 ρακτῆραοτῇ
2507 3497 2615 3569 γάρ
2666 3496 2826 3567 οὐσίᾳ
2877 3495 3137 3565 ὁμοφυεῖς
3197 3492 3325 3546 εἱσι.
3377 3490 3491 3543 Καὶ
3542 3488 3716 3543 πάλιν

2117 3593 2403 3665 ἄνθρωπος
2433 3590 2557 3664 κυνὶ
2593 3589 2694 3643 οὐκ
2726 3587 2977 3660 ἀνόμοιος
3010 3585 3120 3656 (80)
3170 3584 3409 3654 λέγεται,
3443 3581 3560 3636 ἀλλ’
3593 3583 3718 3635 ἐτε-

2121 3685 2327 3759 ροφυής
2346 3700 2361 3713 ’
2389 3681 2585 3737 οὐκοῦν
2610 3680 2671 3734 τὸ
2708 3679 2807 3751 μὲν
2828 3677 3066 3749 ὁμοφυὲς
3093 3676 3185 3730 καὶ
3210 3673 3520 3745 ὁμοούσιον,
3557 3670 3624 3724 τδ
3655 3670 3716 3724 δὲ

2119 3776 2408 3850 ὲτεροφυὲς
2424 3775 2517 3828 καὶ
2536 3772 2752 3844 έτεροού
2761 3789 2895 3848 σιον,
2911 3769 3003 3826 Διὸ
3024 3770 3118 3824 καὶ
3139 3771 3167 3822 ὁ
3185 3767 3359 3836 λέγων
3385 3766 3572 3836 ὅμοιον
3588 3767 3716 3818 κατ²

2118 3872 2307 3926 οὐσίαν
2336 3871 2402 3923 ὲκ
2435 3868 2724 3940 μετουσίας
2752 3865 2911 3937 τούτο
2927 3864 3074 3938 λέγει
3090 3862 3293 3932 ὅμοιον.
3310 3859 3385 3912 Τὸ
3398 3857 3507 3929 γὰρ
3525 3858 3720 3929 ὅμοιον

2119 3963 2341 4035 ποιότης
2373 3962 2540 4025 ἐστὶν,
2569 3961 2691 4030 ἥτις
2719 3960 2784 4029 τῇ
2814 3956 2972 4027 οὐσίᾳ.
3004 3952 3341 4026 προσγένοιτ’
3360 3950 3445 4004 ἄν.
3465 3948 3719 4003 Τοῦτοδὲ

2117 4054 2226 4109 τῶν
2255 4051 2574 4123 ποιημάτων
2622 4049 2752 4102 ἴδιον
2800 4047 2866 4102 ἂν
2896 4044 3001 4116 εἴη·
3032 4041 3202 4096 ταῦτα
3228 4040 3338 4112 γὰρ
3361 4041 3425 4092 ἐκ
3478 4040 3718 4110 μετοχῆς

2118 4144 2399 4218 ὁμοιοῦται
2419 4142 2495 4215 τῷ
2517 4140 2656 4213 Θεῷ.
2697 4160 2716 4192 ι
2761 4140 2927 4201 Ὅταν
2957 4155 2976 4189 ι
3004 4134 3133 4207 γὰρ,
3167 4135 3321 4205 φησι,
3346 4150 3365 4183 ι
3395 4130 3716 4202 φανερωθῇ.

2119 4239 2295 4311 ὅμοιοι
2323 4234 2474 4307 αὐτῷ
2513 4231 2805 4305 ἐσόμεθα-ι
2839 4231 3015 4303 ὅμοιοι
3054 4225 3298 4299 δηλονότι
3349 4223 3410 4276 οὐ
3432 4225 3502 4295 τῇ
3532 4221 3715 4294 οὐσία,

2120 4323 2259 4386 ἀλλά
2312 4332 2377 4403 τῇ
2411 4328 2640 4399 υίότητι,
2694 4321 2764 4398 ἧς
2817 4320 3303 4399 μεταλαμὸἀνομεν
3360 4317 3495 4393 παρ’
3524 4314 3715 4369 αὐτοῦ.

2120 4424 2184 4500 EI!
2214 4422 2315 4494 μὲν
2340 4416 2435 4476 οὖν
2485 4420 2580 4474 καὶ
2627 4418 2720 4472 τὸν
2748 4415 2880 4470 Υίὸν
2933 4416 3000 4485 ὲκ
3037 4410 3326 4500 μετουσίας
3378 4405 3719 4500 λέγετεΚλε-

433 4498 640 4587 ptibne,
669 4523 835 4577 quam
860 4523 956 4579 per
992 4523 1125 4571 eum,
1154 4509 1567 4578 participamus.
1617 4505 1674 4579 Si
1707 4507 1872 4579 igitur
1893 4522 2010 4581 eum

2153 4496 2306 4565 ,ἐσθω
2335 4510 2435 4584 μέν
2482 4509 2611 4581 παρ’
2665 4504 2819 4583 ὑμῶν
2866 4502 3204 4587 ὁμοιοούσιος
3263 4499 3398 4570 (81).
3438 4499 3579 4589 ,Οὐκ
3599 4496 3714 4589 ἔστι

434 4616 503 4663 ex
550 4599 969 4670 participatione
1007 4598 1205 4655 Filium
1257 4601 1480 4678 dicitis,
1514 4600 1731 4657 dicatur
1778 4615 1810 4655 a
1861 4600 2019 4672 vobis

436 4693 747 4761 substantia
781 4693 980 4750 similis
1008 4709 1024 4746 :
1057 4694 1150 4749 sed
1190 4694 1237 4759 si
1276 4694 1351 4766 ita
1382 4694 1706 4765 appelletur,
1742 4708 1844 4749 nec
1873 4693 2020 4759 veri-

435 4798 542 4856 tas,
593 4803 695 4843 nec
743 4787 929 4842 lumen
976 4787 1273 4859 ullatenus,
1318 4801 1420 4842 nec
1470 4797 1662 4842 natura
1710 4785 1855 4843 Deus
1892 4787 2018 4854 erit,

433 4877 571 4934 Nam
600 4893 724 4950 quae
767 4893 832 4932 ex
875 4878 1294 4949 participatione
1322 4885 1472 4945 sunt,
1501 4893 1611 4933 non
1646 4892 1793 4943 vere,
1820 4877 1916 4934 sed
1946 4877 2024 4933 si-

436 4972 750 5038 militudine
780 4971 1031 5040 veritatis
1074 4971 1275 5027 similia
1308 4970 1608 5046 dicuntur;
1648 4971 1724 5026 ita
1771 4978 1834 5025 ut
1875 4971 2023 5040 quod

436 5065 825 5139 pairticipatur,
847 5081 879 5119 a
908 5063 1365 5139 participantibus
1391 5063 1641 5119 decidere
1667 5073 1722 5119 et
1754 5063 1869 5137 tolli
1894 5077 2024 5136 pos—

436 5149 510 5214 sit
536 5177 551 5213 :
580 5144 686 5213 hoc
730 5164 912 5212 autem
956 5156 1158 5213 creatis
1190 5156 1356 5212 rebus
1403 5164 1571 5227 atque
1608 5156 1844 5226 opiﬁciis
1897 5170 2025 5226 pro-

508 5318 527 5357 ³
567 5314 777 5376 lJoan.
809 5330 900 5382 ιιι,
928 5315 985 5369 2.

507 5454 621 5526 (76)
661 5452 939 5526 T011795
974 5451 1133 5526 deest
1153 5450 1207 5504 in
1234 5446 1492 5526 Felckm;
1506 5447 1559 5502 '5.

507 5514 618 5596 (77)
658 5524 976 5583 Felckman.
1004 5522 1262 5591 5,·Ἐσται
1300 5520 1401 5590 μὲν
1433 5514 1547 5573 οὖν.
1599 5515 1723 5576 Mox
1778 5514 1983 5587 Regius
2007 5555 2023 5581 ,

438 5598 622 5733 ἠῆᾷῖξί)
664 5665 867 5736 Regius
898 5665 1094 5723 codex.
1131 5661 1452 5736 ἀμφιϐάλοι.

513 5739 626 5801 (79)
667 5734 771 5791 Τόν
798 5738 950 5791 deest
979 5736 1032 5788 in
1066 5734 1252 5806 Regio.
1333 5804 1340 5806 ν
1550 5803 1559 5806 _
1921 5800 1927 5806 _

515 5809 642 5882 (80)
669 5812 747 5864 tta
793 5806 1036 5863 Felckm.
1071 5805 1103 5860 5
1136 5802 1189 5860 et
1214 5802 1435 5875 Regius,
1471 5803 1565 5877 qui
1616 5812 1795 5867 tamen
1849 5802 2032 5873 prima,

2127 4602 2312 4677 μέντοι
2366 4600 2658 4672 λεγόμενος
2714 4595 2889 4677 οὕτως
2931 4593 3179 4671 ἀλήθεια,
3233 4591 3355 4645 οὐδὲ
3404 4588 3544 4652 ὅλως
3578 4588 3717 4672 φῶς,

2122 4676 2243 4750 οὐδὲ
2274 4693 2433 4767 φύσει
2463 4690 2614 4757 Θεός.
2652 4690 2734 4746 Τὰ
2758 4676 2868 4761 γάρ
2914 4691 2980 4747 ὲκ
3013 4685 3303 4763 μετουσίας
3330 4683 3430 4737 οὐκ
3463 4681 3713 4753 ἀληθεία,

2123 4788 2237 4845 ἀλλ’
2264 4767 2518 4859 ὁμοιώσει
2544 4786 2645 4859 τῆς
2670 4783 2930 4856 ἀληθείας
2965 4781 3186 4850 λέγεται
3223 4781 3408 4850 ὃμοια,
3444 4775 3587 4830 ὥστε
3620 4776 3717 4852 καὶ

2126 4881 2506 4954 μεταπίπτειν,
2535 4878 2630 4934 καὶ
2658 4874 3009 4949 ἀφαιρεῖσθαι
3036 4871 3292 4943 δύνασθαι
3313 4869 3423 4924 ἀπὸ
3450 4867 3559 4922 τῶν
3586 4884 3717 4939 μετ-

2122 4976 2354 5046 εχόντων
2399 4973 2501 5046 τὴν
2543 4969 2864 5051 μετάληψιν,
2894 4966 3068 5021 Τοῦτο
3117 4965 3177 5019 δὲ
3222 4962 3387 5017 πάλιν
3419 4961 3551 5015 ἴδιον
3603 4958 3715 5051 τῶν

2124 5067 2442 5139 κτισμάτων
2471 5048 2575 5118 και
2622 5060 2942 5135 ποιημάτων
2995 5057 3163 5137 ἐστίν.
3222 5053 3435 5123 υὺκοῦν
3475 5053 3523 5105 εἰ
3555 5048 3715 5104 τοῦτο

2124 5137 2346 5224 ἄτοπον,
2366 5137 2476 5212 ὀὐκ
2505 5157 2572 5212 ἂν
2628 5137 2720 5225 εἴη
2763 5142 2829 5207 ὲκ
2891 5148 3213 5227 μετουσίας,
3240 5145 3378 5202 ἀλλὰ
3427 5143 3589 5215 φύσει
3618 5142 3714 5200 καὶ

2127 5459 2291 5505 manu
2329 5439 2541 5504 habuit,
2574 5439 2640 5494 ἂν
2668 5439 2876 5509 ὅμοιος,
2919 5445 2983 5509 ut
3019 5436 3232 5509 legitur
3264 5432 3538 5509 ineditis.
3572 5431 3711 5509 l_bi(_l.

2128 5503 2352 5584 Regius,
2378 5503 2621 5584 λέγεται,
2648 5503 3000 5584 re'cte._Edit.,
3018 5506 3270 5584 λέγηται.
3292 5503 3634 5584 _Mox_Ft-_lck.
3657 5504 3718 5576 5,

2131 5574 2239 5641 οὐκ
2264 5574 2357 5638 οὖν
2385 5574 2796 5648 τὸ’μέν,⁷ι’θοιο.
2818 5579 2877 5633 In
2902 5577 3074 5647 Regio
3098 5574 3155 5631 et
3176 5575 3341 5648 editis
3368 5574 3489 5648 μέᾉ
3502 5575 3675 5648 deest.

2202 5656 2311 5723 (Si)
2353 5653 2458 5727 Sict
2474 5644 2701 5727 Regius:
2721 5650 2890 5727 βςὶίιίρ
2911 5644 3262 5727 subiciam:
3292 5644 3413 5719 Μάι
3448 5644 3635 5727 Ρθὲςιί-
3660 5647 3722 5727 5t

2127 5715 2305 5792 οὕτως
2331 5715 2584 5797 ἀληθείᾳ,
2619 5720 2734 5779 ἀλλ’
2760 5715 3043 5793 ὁμοιώσει,
3072 5715 3296 5789 omissis
3320 5715 3627 5773 nonnullis.
