3824 6224
237 267 353 328 τ89
1673 273 1764 329 DE
1800 274 2108 330 SYNODIS.
3410 289 3512 346 790

238 385 482 457 ἀληθείᾳ.
505 387 654 452 Υίδς,
683 389 820 460 φῶς,
855 390 1035 461 σοφία,
1075 391 1228 455 Θεός.
1265 391 1428 447 Φύσει
1461 394 1519 448 δὲ
1551 392 1624 446 ὣν
1647 393 1742 447 xal.
1773 395 1816 446 oi

1937 396 2114 464 prium
2136 404 2238 452 est.
2271 385 2523 468 Itaque-si
2554 399 2852 456 absurdum
2879 401 3010 457 illud
3033 412 3136 472 est,
3163 418 3513 476 nequaquam

243 480 480 548 μετοχῇ,
508 479 609 533 οὐκ
634 479 699 534 ἂν
732 481 932 552 κυρίως
958 482 1170 554 λεχθείη
1203 484 1534 554 ὁμοιοοὺσιος
1565 484 1696 554 (82),
1717 483 1816 536 ἀλλ

1935 484 2042 538 erit
2085 500 2150 539 ex
2194 487 2629 557 participatione,
2687 490 2780 544 sed
2827 505 2893 545 ex
2927 499 3122 546 natura
3166 501 3221 547 et
3261 496 3509 563 veritate,

241 569 560 638 ὀμοούσιος.
586 575 650 627 '0
681 574 738 626 δὲ
767 575 900 644 μηδὲ
926 577 1014 628 ἐπ’
1034 575 1207 631 ἄλλων
1231 577 1295 631 ἄν
1321 595 1404 640 τις
1436 577 1599 630 εἴποι·
1619 576 1816 646 ἐδείχθτ

1934 574 2126 642 Filius,
2185 577 2392 644 lumen,
2438 579 2722 649 sapientia,
2777 579 2962 637 Deus:
3000 598 3122 637 cum
3177 593 3358 638 autem
3417 603 3515 641 na-

240 661 357 732 γὰρ
391 662 454 714 τὸ
479 665 662 733 ὅμοιον
729 667 803 735 μὴ
855 667 947 718 ἐπὶ
986 666 1094 719 τῶν
1143 667 1342 721 οὐσιῶν
1373 667 1679 738 λεγόμενον·
1718 667 1816 727 min

1934 676 2058 721 tura
2093 668 2216 723 talis
2254 671 2324 723 sit
2354 678 2406 724 et
2447 686 2557 724 non
2607 672 3044 742 participatione,
3073 691 3349 742 nunquam
3383 692 3508 745 pro—

242 753 347 806 οὐκ
373 756 603 826 ἀνόητον
641 758 758 826 μὲν,
794 757 826 828 ἢ
878 759 1017 828 τάχα
1043 760 1137 812 xal.
1167 760 1401 831 χαλεπὸν
1445 760 1604 813 τοῦτο
1627 760 1816 832 προφέ-

1935 758 2050 828 prie
2097 759 2398 814 substantia
2437 761 2632 816 similis
2687 763 2792 816 dici
2839 766 3096 832 potuerit,
3134 767 3228 819 sed
3269 768 3510 821 consub—

245 863 366 917 ρειν
396 849 489 899 ἐπὶ
524 848 674 913 Υίοῦ,
705 850 798 902 καὶ
828 850 900 921 μὴ
928 851 1126 921 μᾶλλον
1147 852 1207 904 τὸ
1234 852 1552 922 ὀμοούσιον;

1936 850 2230 905 stantialis.
2259 849 2414 916 Quod
2453 859 2633 905 autem
2686 852 2754 907 de
2798 853 2920 908 aliis
2966 869 3127 909 nemo
3170 857 3370 912 dixerit
3397 860 3514 925 (de-

245 948 614 995 monstratum
647 945 729 997 es’t
765 943 910 997 enim
942 983 957 1010 ,
999 943 1176 998 simile
1225 945 1290 998 de
1336 943 1656 1000 substantiis
1706 957 1817 996 non
1887 941 2240 1011 praedicari),
2293 943 2408 1013 qui,
2461 958 2687 1014 qua‘so,
2740 960 2849 1000 non
2899 947 3126 1003 stultum
3178 948 3385 1017 luerit,
3455 961 3512 1006 et

244 1031 486 1088 lortasse
546 1033 712 1089 etiam
785 1037 1169 1108 gravissimum
1246 1038 1300 1093 id
1380 1039 1447 1094 de
1522 1037 1661 1093 Filio
1718 1034 2003 1108 proferre,
2058 1045 2113 1092 et
2172 1054 2280 1093 non
2321 1039 2504 1108 potius
2549 1055 2673 1095 eum
2756 1042 3271 1099 consubstantialem
3322 1046 3510 1116 appel-

244 1124 363 1180 lare
380 1126 406 1180 τ

317 1219 409 1272 54.
438 1220 536 1274 Διὰ
585 1221 742 1274 τοῦτο
793 1222 901 1293 γὰρ
933 1225 1027 1277 καὶ
1079 1226 1112 1296 ἡ
1149 1227 1206 1278 ὲν
1234 1225 1444 1297 Νικαίᾳ
1492 1224 1649 1278 σύνοδ
1675 1243 1702 1288 ς
1730 1241 1829 1277 κα-

243 1309 355 1373 λῶς
389 1309 648 1382 ἔγραψεν,
678 1314 814 1385 ὅπερ
853 1314 1091 1386 ἔπρεπεν
1121 1317 1315 1380 εἰπεῖν,
1345 1317 1604 1387 γεννητὸν
1630 1317 1694 1368 ὲκ
1732 1319 1831 1387 τῆς

242 1401 432 1466 οὐσίας
465 1404 556 1456 τοῦ
584 1405 794 1476 Πατρὸς
836 1406 926 1459 τὸν
977 1408 1102 1460 Υίδν
1149 1409 1448 1479 ὁμοούσιον.
1501 1409 1683 1462 Ταῦτα
1717 1407 1829 1480 (85)

245 1493 342 1546 κα)⁸
373 1495 536 1564 ἡμεῖς
559 1496 838 1566 μαθόντες,
895 1499 968 1569 μὴ
1015 1501 1428 1571 σκιαμαχῶμεν,
1463 1501 1555 1554 καὶ
1595 1500 1828 1571 μάλιστα

242 1582 626 1652 γινώσκοντες,
653 1587 804 1640 ὃτιοί
839 1589 933 1641 καὶ
991 1588 1165 1642 ταῦτα
1219 1590 1561 1662 γράψαντες,
1611 1592 1710 1661 οὐχ
1752 1590 1828 1653 ώς

241 1676 717 1747 παρεξηγούμενοι
741 1679 840 1750 τὴν
862 1680 1136 1751 ἀλήθειαν,
1191 1682 1305 1734 ἀλλ’
1335 1682 1675 1744 ἐκδικοῦντες
1727 1681 1826 1751 μὲν

238 1767 340 1838 τὴν
367 1767 626 1838 ἀλήθειαν
655 1770 748 1824 xal.
774 1771 870 1842 τὴν
897 1774 976 1835 εἰς
1023 1773 1258 1842 Χριστὸν
1291 1774 1589 1839 εὐσέϐειαν,
1635 1772 1828 1826 καθαι-

243 1859 467 1927 ροῦντες
492 1859 547 1911 δὲ
575 1859 670 1924 τὰς
689 1863 806 1913 κατ’
827 1864 991 1916 αὐτοῦ
1009 1863 1116 1917 τῶν
1146 1864 1560 1935 Ἀρειομανιτῶν
1587 1863 1828 1933 βλασφη-
1864 1858 1874 1868 ’

1853 1941 1899 2001 Β
1929 1955 2202 2024 mulgasse
2231 1971 2408 2010 suam.
2446 1954 2916 2010 Considerandum
2945 1955 3091 2009 enim
3119 1964 3230 2022 est,
3260 1966 3316 2010 et
3351 1972 3508 2012 accu-

243 1951 396 2021 μίας,
422 1951 595 2016 οὕτως
621 1955 974 2026 ὡμολόγησαν
1006 1957 1104 2026 τὴν
1158 1958 1361 2011 πίστιν.
1415 1957 1683 2010 Σκεπτέον
1713 1956 1823 2027 γὰρ

239 2043 338 2095 καὶ
389 2047 746 2117 κατανοητέον
801 2047 1064 2119 ἀκριϐῶς,
1120 2050 1203 2101 ὅτι
1235 2049 1483 2118 λέγοντες
1549 2050 1646 2120 μὲν
1698 2050 1823 2102 ἀνο-

243 2137 546 2206 μοιοούσιον
585 2138 695 2208 (84)
730 2139 826 2191 καὶ
863 2140 1222 2210 ὲτεροούσιον,
1263 2141 1321 2194 οὐ
1355 2141 1692 2212 σημαίνομεν
1732 2141 1824 2194 τὸν

239 2216 492 2299 ἀληθινὸν
535 2229 684 2294 Υἱὸν,
728 2230 840 2284 ἀλλ’
889 2231 946 2284 ’έν
976 2249 1026 2284 τι
1060 2231 1168 2285 τῶν
1213 2233 1531 2304 ποιημάτων
1595 2233 1690 2286 καὶ
1733 2232 1824 2286 τὸν

239 2323 550 2392 εἰσποιητὸν
577 2324 671 2376 καὶ
717 2324 862 2376 θέσει
890 2325 1016 2378 Υίὸν
1045 2325 1178 2396 (85),
1220 2327 1356 2397 ὅπερ
1385 2330 1498 2390 τοῖς
1533 2329 1826 2398 αίρετικοῖς

237 2414 402 2467 δοκεῖ·
431 2415 678 2485 λέγοντες
701 2415 757 2468 δὲ
791 2416 864 2486 μὴ
917 2417 1210 2488 ἐριστικῶς
1241 2417 1301 2470 τὸ
1355 2417 1664 2489 όμοούσιον,
1698 2417 1825 2471 Υίδν

240 2508 581 2580 σημαίνομεν
601 2510 821 2579 γνήσιον
851 2513 916 2564 ὲκ
947 2509 1042 2565 τοῦ
1105 2511 1320 2582 Πατρὺς
1366 2511 1650 2578 πεφυκότα
1673 2550 1688 2575 ,
1721 2509 1826 2564 κᾶν

237 2601 298 2653 ὲν
325 2600 500 2671 τούτῳ
530 2601 997 2673 διαρῤηγνύωνται
1045 2603 1306 2666 πολλάκις
1351 2603 1400 2656 οί
1426 2601 1822 2674 Χριστομάχοι.

237 2690 424 2744 Ταῦτα
477 2692 596 2762 μὲν,
652 2693 797 2766 ἅπερ
855 2693 1025 2762 ἔγνων
1077 2692 1207 2762 ἐγὼ,
1274 2694 1368 2746 καὶ
1429 2693 1822 2764 διαλεγομένων

236 2783 449 2852 ἥκουσα
483 2783 778 2854 φρονίμων,
810 2784 878 2837 δι’
900 2785 1096 2854 ὀλίγων
1121 2785 1394 2856 γέγραφα·
1427 2785 1584 2856 ὑμεῖς
1617 2786 1694 2852 δὲ,
1723 2785 1822 2856 μέ-

237 2891 421 2940 νοντες
478 2877 570 2929 ἐπὶ
623 2877 712 2930 τὸν
766 2876 1014 2947 θεμέλιον
1056 2877 1164 2931 τῶν
1197 2878 1530 2942 ἀποστόλων,
1580 2879 1676 2932 καὶ
1723 2879 1822 2942 τὰς

238 2967 566 3039 παραδόσεις
588 2969 695 3021 τῶν
720 2969 979 3041 Πατέρων
997 2969 1107 3041 (86)
1127 2970 1464 3040 κατέχοντες,
1488 2969 1710 3040 εὔχεσθε
1736 2970 1824 3023 ἴνα

2007 1224 2098 1279 54.
2159 1222 2367 1278 Idcirco
2417 1222 2583 1292 probe
2642 1220 2859 1277 Nicaena
2912 1222 3152 1294 synodus
3195 1224 3247 1278 id
3292 1225 3511 1295 scripsit

1936 1315 2082 1388 quod
2127 1323 2554 1369 consentaneum
2588 1323 2743 1380 erat,
2793 1313 2990 1369 Filium
3034 1331 3228 1385 nempe
3267 1332 3333 1371 ex
3379 1318 3511 1372 sub-

1938 1408 2136 1464 stantia
2184 1406 2362 1462 Patris
2426 1406 2669 1476 genitum
2705 1447 2719 1473 ,
2777 1422 2900 1461 esse
2965 1409 3504 1465 consubstantialem.

1937 1498 2064 1554 Haec
2089 1498 2279 1554 eadem
2311 1513 2412 1552 nos
2443 1513 2568 1551 cum
2602 1497 2977 1561 didicerimus,
3025 1514 3094 1553 ne
3133 1514 3256 1553 cum
3300 1501 3508 1557 umbris

1932 1604 2270 1660 pugnemus:
2296 1589 2449 1658 gnari
2478 1589 2717 1643 maxime
2747 1603 2861 1656 eos,
2890 1589 2982 1658 qui
3011 1590 3124 1644 haec
3150 1589 3508 1660 scripserunt,

1932 1697 2041 1736 non
2091 1680 2271 1736 studio
2315 1693 2481 1747 prave
2525 1678 2832 1747 explicandi
2888 1679 3190 1744 veritatem,
3236 1679 3330 1733 sed
3387 1695 3508 1734 eam

1934 1791 2043 1831 una
2075 1789 2199 1829 cum
2246 1773 2443 1843 pietate
2485 1773 2540 1826 in
2570 1772 2850 1826 Christum
2899 1773 3200 1836 asserendi,
3246 1783 3298 1828 et
3345 1773 3505 1829 Ario‘

1934 1863 2263 1916 manilarum
2305 1863 2671 1932 blasphemias
2704 1862 3034 1929 damnandi,
3076 1863 3154 1917 sic
3190 1862 3348 1917 ﬁdem
3378 1879 3507 1935 pro-

1923 2057 2040 2102 rate
2085 2047 2629 2102 animadvertendum
2659 2087 2675 2114 ,
2743 2063 2868 2102 cum
2915 2063 3042 2102 eum
3079 2047 3314 2103 dicimus
3375 2050 3505 2104 sub-

1924 2141 2122 2195 stantia
2177 2140 2539 2205 dissimilem,
2601 2149 2658 2195 et
2715 2139 2945 2195 diversa:
2999 2139 3350 2209 substantiae,
3401 2156 3504 2195 nos

1923 2228 2344 2300 haudquaquam
2388 2246 2578 2284 verum
2621 2229 2820 2284 Filium
2847 2231 3177 2302 signiﬁcare,
3211 2232 3305 2287 sed
3331 2249 3501 2288 unum

1923 2338 1991 2378 ex
2022 2323 2275 2392 opiﬁciis,
2316 2331 2370 2378 et
2408 2323 2638 2378 ascitum
2676 2323 3078 2394 adoptioneque
3104 2323 3328 2390 Filium,
3354 2324 3501 2395 quod

1924 2415 2166 2470 hazretici
2205 2416 2448 2471 sentiunt
2476 2435 2489 2470 :
2521 2432 2685 2487 quem
2729 2417 2777 2472 si
2815 2417 3066 2472 dicamus
3119 2418 3238 2474 sine
3284 2427 3503 2473 conten-

1923 2504 2072 2560 tione
2101 2505 2644 2573 consubstantialem,
2676 2522 2864 2562 verum
2891 2507 3266 2577 signiﬁcamus
3302 2507 3501 2562 Filium

1924 2612 1993 2652 ex
2040 2597 2203 2654 Patre
2249 2607 2440 2654 natum
2495 2617 2508 2654 :
2552 2599 2768 2654 etiamsi
2811 2601 2917 2655 hac
2967 2599 3035 2655 de
3083 2616 3247 2655 causa
3296 2601 3502 2671 pluries

1922 2690 2334 2762 disrumpantur
2382 2693 2588 2748 Christi
2638 2693 2844 2748 hostes.
2899 2691 3026 2748 Haec
3066 2693 3323 2764 quidem,
3383 2711 3504 2765 qua:

1922 2791 2050 2838 nota
2083 2785 2240 2850 mihi,
2268 2796 2320 2840 et
2347 2801 2413 2840 ex
2441 2784 2791 2856 prudentium
2821 2784 3284 2854 disputationibus
3315 2787 3505 2856 explo-

1922 2885 2039 2932 rata
2063 2885 2242 2944 erant,
2271 2877 2460 2947 paucis
2488 2877 2704 2948 scripsi.
2733 2875 2845 2932 Vos
2873 2887 3054 2932 autem
3084 2888 3366 2935 manentes
3404 2895 3501 2935 su-

1921 2982 2019 3037 per
2061 2966 2477 3023 fundamentum
2517 2969 2931 3038 apostolorum,
2959 2967 3295 3039 Patrumque
3333 2971 3504 3025 tradi-

235 3060 341 3132 ήδη
379 3062 508 3114 ποτὲ
541 3061 817 3132 παύσηται
844 3063 994 3115 πᾶσα
1016 3063 1199 3118 λοιπὸν
1231 3063 1353 3134 ἔρις
1381 3064 1475 3116 καὶ
1503 3063 1684 3132 ζῆλος,
1715 3060 1816 3115 τῶν

1928 3059 2106 3114 tiones
2136 3060 2452 3125 retinentes,
2485 3070 2637 3115 orate
2689 3069 2751 3114 ut
2785 3060 2900 3130 jam
2931 3070 3106 3116 cesset
3152 3061 3330 3116 omnis
3371 3076 3503 3116 con-

231 3170 297 3206 τε
328 3153 614 3224 αίρετικῶν
646 3156 701 3206 αἱ
738 3156 918 3225 μωραὶ
950 3153 1204 3226 ζητήσεις
1251 3154 1695 3224 καταγνωσθῶσι,
1731 3156 1816 3208 καὶ

1928 3150 2097 3206 tentio
2122 3158 2177 3205 et
2214 3152 2382 3216 zelus,
2412 3152 2901 3220 haereticorumque
2937 3151 3144 3207 insanae
3170 3154 3501 3222 quaeStiunes

231 3245 389 3299 πᾶσα
420 3245 738 3315 λογομαχία·
775 3248 869 3299 xa‘t
900 3249 932 3317 ὴ
975 3247 1072 3317 μὲν
1120 3246 1436 3318 δυσώνυμος
1489 3247 1583 3300 καὶ
1610 3247 1816 3318 ἀνθρω-

1928 3250 1981 3297 et
2015 3258 2120 3297 una
2159 3244 2338 3298 omnis
2375 3243 2667 3298 verborum
2708 3243 2987 3296 contentio
3020 3242 3367 3309 damnentur,
3413 3255 3500 3298 ut-

233 3337 496 3400 ποκτόνος
521 3338 627 3390 τῶν
661 3339 950 3409 Ἀρειανῶν
985 3340 1195 3411 αἵρεσις
1251 3338 1654 3410 ἐξαφανισθείη,
1689 3340 1815 3392 ἀνα-

1928 3349 2029 3404 que
2079 3333 2289 3388 nefaria
2347 3343 2402 3389 et
2465 3333 2814 3404 sanguinaria
2877 3333 3207 3386 Arianorum
3273 3334 3499 3390 haeresis

231 3429 469 3498 λάμψειε
501 3430 556 3483 δὲ
590 3431 807 3484 πάντων
833 3433 888 3485 ἐν
911 3433 1030 3494 ταῖς
1061 3433 1311 3502 καρδίαις
1340 3435 1372 3504 ἡ
1402 3434 1648 3505 ἀλήθεια,
1677 3435 1816 3488 ὥστε

1928 3427 2224 3492 abolentur,
2270 3427 2328 3480 in
2375 3426 2622 3480 omnium
2660 3441 2790 3479 vero
2834 3425 3092 3479 cordibus
3134 3427 3335 3480 veritas
3379 3427 3499 3480 elu-

232 3521 446 3584 πάντας
477 3521 750 3592 πανταχοῦ
804 3522 863 3574 τὸ
897 3523 1027 3577 αὐτὸ
1070 3523 1271 3592 λέγειν,
1315 3525 1408 3578 καὶ
1459 3526 1567 3595 (87)
1598 3526 1658 3579 τὸ
1687 3527 1816 3581 αὐτὸ

1928 3528 2071 3584 ceat;
2117 3520 2192 3574 ita
2227 3529 2286 3574 ut
2316 3534 2507 3573 omnes
2549 3519 2747 3587 ubique
2779 3518 2920 3572 idem
2950 3518 3153 3582 dicant,
3197 3519 3340 3572 idem
3373 3535 3497 3574 sen-

233 3619 474 3686 φρονεῖν·
518 3616 787 3686 μηδεμιᾶς
811 3617 868 3670 δὲ
919 3616 998 3670 ἔτι
1033 3617 1492 3691 περιλειπομένης
1536 3621 1816 3691 ’Λρειανῆς

1928 3612 2058 3667 tiant
2083 3630 2096 3666 :
2126 3627 2190 3666 ac
2219 3613 2369 3667 nulla
2403 3613 2658 3682 deinceps
2686 3613 2874 3666 relicta
2901 3611 3103 3665 Ariana
3131 3613 3492 3682 blasphemia,

231 3704 563 3775 δυσφημίας,
589 3707 811 3778 λέγηται
837 3709 930 3761 καὶ
957 3710 1283 3780 ὁμολογῆται
1309 3711 1450 3764 κατὰ
1479 3714 1656 3767 πᾶσαν
1699 3713 1818 3768 Ἐκ-

231 3797 483 3869 χλησίαν·
516 3817 533 3849 t
565 3793 660 3862 Εἷς
688 3799 914 3870 Κύριος,
949 3800 1046 3870 μία
1078 3800 1280 3865 πίστις,
1332 3801 1391 3854 ἓν
1443 3803 1723 3874 βάπτισμα
1743 3845 1757 3869 ,
1789 3824 1808 3857 ι

231 3893 294 3944 ὲν
319 3889 541 3960 Χριστῷ
583 3890 756 3961 Ἰησοῦ
796 3891 872 3962 τῷ
901 3892 1092 3964 Κυρίῳ
1124 3893 1302 3964 ὴμῶν,
1353 3893 1418 3948 δι’
1444 3887 1505 3947 οὗ
1535 3894 1611 3965 τῷ
1640 3896 1815 3968 Πατρὶ

229 3985 268 4054 ἡ
290 3983 419 4050 δόξα
437 3983 546 4056 (88)
564 3985 658 4036 καὶ
673 3983 734 4037 τὸ
750 3984 947 4055 κράτος
978 3987 1057 4048 είς
1080 3986 1204 4050 τοὺς
1227 3985 1428 4050 αἰῶνας
1455 3986 1564 4041 τῶν
1580 3987 1809 4043 αἰώνων.

245 4077 440 4146 ’Δμήν.

302 4168 393 4223 55.
427 4168 579 4222 Μετὰ
602 4168 663 4221 τὸ
686 4167 894 4238 γράψαι
927 4168 1063 4239 μετὰ
1098 4169 1208 4240 (89)
1243 4171 1371 4242 περὶ
1417 4171 1525 4225 τῶν
1558 4171 1811 4238 συνόδων,

229 4255 406 4326 ἔγνων
439 4258 723 4327 γράψαντα
751 4259 842 4310 τὸν
871 4258 1230 4312 ἀσεϐέστατον
1271 4261 1648 4315 Κωνστάντιον
1678 4263 1814 4332 πρὸς

229 4351 358 4413 τοὺς
385 4352 440 4403 ἐν
479 4349 753 4422 ’Ᾱρὶμήνῳ
789 4351 1076 4421 μείναντας
1108 4353 1474 4417 ἐπισκόπους·
1518 4355 1613 4408 καὶ
1645 4372 1812 4408 σπου-

229 4442 328 4514 δὴν
359 4441 514 4512 ἔσχον
538 4443 722 4495 λαϐεῖν
750 4443 818 4496 τὰ
850 4444 1158 4513 ἀντίγραφα
1197 4445 1348 4516 παρὰ
1382 4446 1621 4515 γνησίων
1662 4446 1813 4500 ἀδελ-

232 4533 372 4603 φῶν,
407 4534 502 4586 καὶ
527 4534 839 4587 ἀποστεῖλαι
863 4535 1010 4605 ὑμῖν,
1041 4536 1135 4588 καὶ
1158 4534 1267 4605 (90)
1296 4536 1364 4588 τὰ
1391 4537 1538 4608 παρὰ
1561 4537 1666 4590 τῶν
1691 4539 1810 4590 ἐπι-

1917 3721 2015 3776 per
2081 3705 2390 3759 universam
2444 3703 2739 3758 Ecclesiam
2776 3703 3007 3769 dicatur,
3051 3713 3214 3772 atque
3268 3705 3321 3757 in
3365 3720 3496 3760 con-

1917 3799 2062 3854 fesso
2107 3799 2370 3852 habeatur
2415 3798 2568 3863 illud,
2607 3815 2624 3848 t
2663 3796 2814 3851 Unus
2853 3796 3136 3863 Dominus,
3180 3813 3286 3851 una
3337 3800 3491 3866 ﬁdes,

1916 3908 2086 3946 unum
2118 3891 2388 3960 baptisma
2416 3893 2457 3956 ³,
2493 3911 2510 3942 ι
2536 3890 2696 3961 613
2740 3891 2792 3943 in
2827 3889 3047 3944 Christo
3088 3889 3216 3945 Jesu
3261 3890 3492 3948 Domino

1916 3992 2126 4046 nostro,
2163 3998 2256 4052 per
2284 3997 2445 4051 quem
2473 3981 2621 4035 Patri
2649 3982 2817 4053 gloria
2855 3992 2910 4036 et
2945 3982 3256 4052 imperium,
3301 3985 3356 4037 in
3398 3999 3494 4040 saa-

1917 4077 2038 4131 cula
2067 4075 2414 4130 saeculorum.
2441 4074 2636 4128 Amen.

2117 4167 2411 4236 Postquam
2451 4166 2518 4220 de
2570 4165 2790 4236 synodis
2843 4165 3209 4235 scripsissem,
3247 4171 3488 4238 comperi

1917 4259 2298 4329 impiissimum
2344 4258 2728 4312 Constantium
2786 4259 2854 4312 ad
2910 4259 3196 4328 episcopos
3256 4259 3487 4315 Arimini

1914 4359 2194 4404 versantes
2241 4348 2558 4418 scripsisse;
2611 4363 2944 4418 operamque
3011 4349 3131 4404 dedi
3204 4361 3262 4404 ut
3304 4368 3488 4405 exem-

1914 4441 2003 4510 pla
2052 4457 2082 4494 a
2123 4432 2396 4511 germanis
2453 4439 2714 4493 fratribus
2779 4441 3102 4508 acciperem,
3159 4443 3224 4494 ad
3281 4457 3487 4512 vosque

1917 4534 2210 4598 mitterem,
2250 4540 2305 4598 et
2339 4532 2501 4586 simul
2531 4546 2750 4601 eaque:
2785 4533 3024 4601 episcopi
3059 4533 3482 4603 rescripserunt:

232 4628 450 4680 σκόπων
477 4627 878 4696 ἀντιγραφέντα
898 4643 911 4655 ⁸
945 4627 1030 4679 ἵνα
1059 4627 1233 4695 γνῶτε
1270 4626 1363 4680 τοῦ
1417 4629 1514 4698 μὲν
1550 4629 1810 4699 βασιλέως

1928 4634 1970 4678 tt
2027 4623 2215 4678 sciatis
2268 4637 2395 4677 eum
2459 4621 2806 4691 imperatoris
2871 4623 3092 4690 impiam
3148 4627 3484 4693 versutiam,

227 4718 328 4790 τὴν
359 4717 532 4787 ἀσεϐῆ
569 4717 923 4790 πανουργίαν,
950 4718 1057 4770 τῶν
1079 4718 1135 4770 δὲ
1166 4718 1480 4772 ἐπισκόπων
1509 4719 1570 4773 τὸ
1597 4721 1808 4791 ἑδραῖον

228 4811 327 4865 καὶ
358 4809 570 4874 ἁκλινὲς
600 4810 699 4881 τῆς
726 4811 862 4883 πρὸς
883 4811 982 4883 τὴν
1016 4809 1274 4882 ἀλήθειαν
1293 4810 1538 4884 γνώμης.

300 4967 324 4998 ²
363 4963 565 5035 Ephes.
597 4981 674 5033 ιν,
713 4966 766 5022 5.

301 5116 418 5192 (δῇ)
460 5117 550 5192 §ic
582 5119 805 5192 Regius.
835 5117 974 5192 Editi
1003 5129 1206 5192 autem,
1231 5119 1554 5192 ὀμοιούσιος.

327 5189 415 5259 85)
460 5189 657 5259 Regius
693 5190 882 5252 codex,
913 5190 1073 5244 αὐτά.

457 5260 530 5332 l_ta
563 5259 783 5332 Regius.
822 5259 958 5315 Editi
994 5276 1142 5326 vero,
1175 5261 1566 5332 ἀνομοιούσιον.

1913 4725 2025 4770 tum
2057 4716 2438 4784 episcoporum
2474 4714 2686 4768 ﬁrmam
2740 4715 3132 4786 immotamque
3167 4716 3222 4770 in
3263 4720 3487 4773 veritate

1911 4807 2254 4875 sententiam.
2269 4872 2274 4875 λ
2835 4807 2842 4814 ”

1908 5121 2049 5198 μίιπις⁸
2068 5119 2292 5198 λέγηται
2335 5119 2678 5191 ὁμολογῆται.
2710 5119 2932 5192 Regius,
2955 5125 3264 5197 δυσφημίας
3289 5126 3482 5198 λέγητε

1905 5190 2000 5245 καὶ
2029 5190 2358 5262 ὁμολογεῖτε.

1974 5253 2086 5342 (88)
2127 5253 2450 5342 ξεέριίιη.“5,
2475 5253 2580 5342 ᾧυὴ
2613 5259 2760 5340 δόξα,
2787 5271 2898 5342 ειςἒ
2927 5261 2983 5317 ln
3010 5266 3123 5319 haec
3151 5275 3332 5328 autem
3359 5284 3482 5342 ver-

302 5330 415 5408 (85)
455 5330 767 5385 Felckman.
798 5332 850 5397 5,
883 5332 976 5384 xal.
1016 5331 1125 5385 τῶν
1173 5330 1498 5403 εἰσποιητῶν
1529 5333 1624 5390 καὶ
1661 5333 1806 5389 θέσει

1928 5348 1973 5387 ιιι
2000 5330 2309 5408 desinebat
2336 5330 2554 5408 _Na_unii
2599 5334 2795 5408 vet-sio.
2853 5332 2977 5390 Haec
3006 5345 3212 5408 autem,
3253 5339 3393 5408 μετὰ
3422 5340 3484 5392 τὸ

230 5400 376 5454 Υἱόν.

299 5470 412 5540 (86)
453 5471 529 5524 Ita
573 5469 795 5541 Regius.
831 5471 973 5527 Editi
1005 5488 1135 5532 vero
1177 5483 1242 5530 et.
1280 5475 1460 5529 caeteri
1505 5491 1642 5530 mss.
1694 5474 1802 5529 τῶν

223 5541 560 5595 ἀποστόλων.

302 5611 414 5680 (87.)
454 5612 563 5684 Καί
593 5613 744 5684 deest
773 5613 824 5666 in
850 5612 1158 5669 Felckman.
1187 5615 1240 5667 5.
1261 5614 1430 5670 Paulo
1455 5623 1598 5684 post,
1632 5615 1796 5680 idem,

227 5681 576 5752 βλασφημίας
613 5683 836 5754 λέγηται
883 5686 976 5739 καὶ
1020 5686 1366 5756 ὁμολογῆται.
1404 5681 1565 5751 Editi,
1595 5686 1797 5757 δυσφη-

1910 5401 2138 5524 γράὶὲαι,
2165 5416 2287 5454 cum
2317 5401 2530 5454 duabus
2555 5401 2800 5466 epistolis
2835 5407 3209 5472 sequentibus,
3239 5401 3302 5462 ex
3337 5411 3476 5463 codi-

1911 5488 1973 5524 ce
2059 5472 2300 5524 asilicnsi
2340 5472 2547 5524 adiecta
2581 5471 2732 5524 luere
2765 5473 2820 5524 in
2851 5477 2982 5524 edit.
3020 5476 3232 5524 Comm-
3280 5481 3476 5524 haben.

1911 5471 1973 5527 ce
2015 5471 2300 5543 Basiliensi
2340 5472 2547 5543 adjecta
2581 5471 2732 5525 luere
2765 5473 2820 5526 in
2851 5471 2982 5530 edit.
3020 5476 3233 5536 Comm.
3277 5481 3482 5543 haben-

1910 5553 2109 5611 turqne
2140 5543 2192 5594 in
2224 5540 2393 5611 Regio
2426 5542 2634 5611 codice.

1981 5610 2094 5682 (89)
2138 5611 2209 5683 l_ta
2236 5610 2455 5683 Regius.
2496 5610 2811 5683 Editiivcro,
2845 5615 2969 5683 μέν,
2996 5616 3156 5671 male.

1983 5680 2095 5755 (90)
2137 5680 2228 5736 Sic
2259 5680 2480 5751 Regius.
2513 5681 2567 5738 ln
2601 5682 2759 5738 editis
2791 5680 2919 5739 vero
2949 5686 3039 5738 καί
3070 5689 3241 5749 deest.
