3824 6224
224 303 351 362 793
1162 303 1400 361 TOMUS
1433 305 1522 359 AD
1560 304 2065 364 ANTIOCHENOS.
2101 337 2172 349 —
2209 305 2550 362 MONITUM.
2573 321 2586 330 '
3387 310 3488 365 794

219 416 529 486 τοκράτορι
575 414 713 487 Θεῷ,
745 415 842 470 καὶ
889 415 968 486 τῷ
992 416 1238 488 Δεσπότῃ
1265 418 1359 471 καὶ
1414 417 1626 489 Σωτῆρι
1649 419 1729 489 ἡμ

1979 420 2114 484 nilo,
2155 435 2255 488 pro
2282 419 2510 502 imperio
2544 431 2639 474 tuo
2678 419 2968 476 consuetas
2999 437 3110 476 una
3136 436 3259 477 cum
3315 437 3485 491 popu-

221 506 462 580 Χριστῷ
490 507 589 577 (3),
619 507 697 579 τῷ
734 507 849 579 Υῑῷ
874 507 1040 561 αὐτοῦ
1068 507 1148 578 τῷ
1197 511 1475 578 μονογενεῖ
1493 549 1509 576 ,
1544 509 1684 581 ὑπὲρ
1713 527 1731 560 ιι

1971 529 1984 567 5
2008 527 2198 582 preces
2225 511 2502 566 eﬂundere
2536 531 2549 566 :
2586 513 2729 568 sicut
2758 521 2884 567 ante
2911 527 3124 583 semper
3149 512 3401 580 fecimus,
3431 522 3481 568 et

222 598 346 668 σῆς
391 597 687 668 βασιλείας,
719 599 818 663 τὰς
862 599 1084 669 ἐθίμους
1115 599 1282 670 εὐχὰς
1334 599 1475 670 μετὰ
1503 599 1612 653 τῶν
1668 600 1732 653 λα

1503 599 1612 653 τῶν
1668 599 1808 653 λαῶν
1913 617 2061 657 nunc
2089 612 2310 658 orantes
2342 601 2522 659 facere
2545 618 2656 659 non
2683 601 3013 658 desistimus.

218 686 590 757 ἀποπληροῦν
609 727 626 754 ,
655 687 836 754 καθὼς
866 690 963 745 καὶ
989 690 1078 743 ἀεὶ
1107 690 1532 762 ὲπετελέσᾳμεν,
1575 692 1671 746 καὶ
1716 691 1810 746 νῦν
1852 692 2111 769 ποιοῦμεν
2138 694 2442 770 εὐχόμενοι.

301 888 387 960 (3)
427 887 660 958 Socrat.,
675 889 850 962 Ἰησοῦ
875 888 1114 962 Χριστῷ.

237 1084 3450 1115 ,______________.____.____.____________________________.

911 1314 1100 1404 ἸΝ
1174 1311 1609 1406 TOMUM
1679 1310 1830 1400 AD
1899 1305 2756 1403 ANTIOCHENOS
2819 1311 2822 1314 ’

1485 1607 2214 1722 MONITUM.

291 1858 339 1915 Ι,
383 1857 450 1912 In
483 1855 749 1927 prioribus
781 1854 940 1912 editis
967 1852 1181 1925 {ercis
1224 1851 1460 1923 epistola:
1499 1867 1687 1909 nomen
1733 1852 1930 1908 obtinet
1977 1853 2073 1908 hoc
2121 1853 2461 1923 opusculum,
2503 1853 2764 1906 editorum
2793 1867 2920 1907 sane
2965 1854 3113 1919 vitio,
3144 1868 3268 1906 nam
3297 1853 3476 1923 Τόμος

205 1958 559 2018 nuncupatur
602 1947 659 2001 in
694 1945 932 2000 omnibus
968 1961 1094 2015 pene
1121 1944 1408 2010 codicibus,
1441 1953 1489 2011 e_t
1519 1943 1724 2001 Tomus
1758 1947 1812 1999 in
1840 1946 2096 2000 veteribus
2139 1947 2294 2000 editis
2328 1944 2561 2000 Latinis.
2609 1944 2678 1998 Et
2721 1962 2839 1999 vero
2871 1962 2975 2000 non
3019 1947 3326 1999 insolentem
3364 1962 3474 2001 esse

204 2039 440 2100 titulum
466 2037 746 2108 ejusmodi,
773 2051 889 2088 cum
911 2033 1034 2089 aliis
1065 2034 1338 2104 permultis
1371 2035 1653 2104 exemplis,
1706 2045 1816 2091 tum
1844 2037 2074 2091 maxime
2112 2036 2208 2090 hoc
2245 2036 2509 2090 luculento
2548 2035 2787 2106 Gregorii
2818 2035 3150 2090 Nazianzeni
3179 2037 3476 2092 testimonio

202 2129 612 2200 comprobatur.
647 2127 706 2183 Is
736 2127 875 2182 enim
912 2125 1134 2198 epistola
1161 2126 1230 2192 1,
1263 2126 1332 2179 ad
1366 2124 1693 2192 Cledonium,

1965 2136 1984 2180 t
2021 2127 2232 2199 loquens
2271 2129 2334 2182 de
2366 2127 2765 2198 Apollinaristis
2795 2144 2815 2181 :
2843 2127 3084 2194 Δείξουσι
3127 2128 3184 2181 δὲ
3222 2127 3471 2194 πάντως,

199 2225 238 2294 ἢ
271 2223 373 2278 διὰ
394 2223 556 2294 τόμου
598 2219 898 2285 συνοδικοῦ,
929 2218 964 2291 ἢ
1001 2217 1067 2271 δι’
1098 2217 1393 2272 ἐπιστολῶν
1421 2218 1768 2278 κοινωνικῶν.
1788 2212 1953 2283 Οὗτος
1989 2218 2098 2297 γὰρ
2127 2219 2234 2274 τῶν
2275 2219 2502 2273 συνόδων
2533 2222 2561 2273 ὁ
2590 2220 2772 2290 νόμος·
2807 2220 3043 2276 Omnino
3076 2229 3254 2276 autem
3295 2217 3484 2278 θείω-⁸

201 2316 348 2370 dent
378 2315 454 2384 (se
483 2311 680 2367 scilicet
707 2309 776 2364 ad
805 2309 1222 2368 communionem
1260 2307 1518 2362 admissos
1543 2311 1674 2379 esse)
1705 2308 1789 2363 vel
1813 2324 1910 2378 per
1934 2317 2139 2363 tomum
2169 2309 2504 2380 synodalem,
2537 2311 2622 2365 vel
2646 2326 2742 2380 per
2775 2313 3034 2383 epistolas
3073 2312 3478 2372 communionis

202 2410 446 2464 indices.
478 2405 612 2460 Nam
645 2406 733 2462 hic
761 2405 1092 2476 synodorum
1123 2419 1242 2460 mos
1269 2413 1374 2459 est.
1405 2404 1583 2474 Τόμος
1622 2415 1798 2462 autem
1828 2414 2066 2472 vocatur,
2102 2406 2177 2459 ait
2212 2404 2520 2461 Philotheus
2549 2417 2689 2476 patr.
2733 2405 2824 2460 lib.
2864 2422 2924 2475 ιι,
2957 2407 3219 2462 adversus
3244 2401 3471 2476 Niceph.

200 2504 536 2573 Gregoram,
573 2499 712 2569 quod
748 2499 806 2552 in
832 2513 891 2552 eo
921 2513 1001 2552 res
1035 2494 1507 2567 σνντετμημένως,
1536 2495 1592 2550 id
1619 2504 1696 2550 est

779 2515 806 2551 η
832 2513 891 2552 eo
921 2513 1001 2552 res
1035 2494 1507 2567 σνντετμημένως,
1536 2495 1592 2550 id
1619 2504 1696 2550 est
1726 2497 1930 2566 paucis,
1962 2505 2289 2551 enarrentur.

277 2616 351 2670 ll.
391 2613 560 2668 Putat
595 2611 980 2666 Felckmannus
1007 2610 1141 2664 hanc
1169 2609 1444 2680 epistolam
1476 2625 1570 2663 seu
1595 2617 1813 2676 tomum,
1847 2624 1958 2663 esse
2002 2610 2351 2680 fragmentum
2389 2610 2632 2666 alicunde
2673 2611 2957 2667 divulsum.
2992 2613 3123 2668 Haec
3168 2615 3316 2668 illius
3349 2624 3474 2668 sunt

199 2707 372 2770 verba
395 2720 414 2759 :
446 2703 503 2757 ln
534 2702 717 2758 codice
748 2699 1073 2756 Gobleriano
1111 2707 1331 2771 notatur
1363 2698 1432 2755 ad
1463 2698 1607 2754 hanc
1634 2700 1709 2768 cpi

1969 2701 2131 2770 Ζήτει
2159 2701 2257 2773 τὴν
2287 2701 2460 2773 ἀρχὴν
2491 2701 2585 2755 τοῦ
2615 2701 2780 2756 αὐτοῦ
2809 2703 2967 2772 λόγου
3000 2704 3298 2776 (praecessit
3325 2707 3471 2762 enim

201 2794 419 2861 Liberii
451 2791 746 2862 ἀκέφαλος)
779 2809 794 2846 :
826 2805 934 2859 quo
962 2789 1116 2844 innui
1147 2789 1363 2845 videtur
1394 2790 1536 2844 hanc
1567 2790 1819 2845 similiter
1851 2805 1972 2846 esse
1994 2790 2359 2862 fragmentum
2401 2792 2634 2862 alicujus
2668 2793 2814 2850 libri.
2851 2791 3020 2865 Ciijus
3053 2799 3128 2852 rei
3169 2798 3333 2852 etiam
3370 2798 3474 2854 hoc

199 2887 476 2943 indicium
515 2893 620 2950 est,
652 2883 799 2954 quod
827 2883 968 2938 infra
1006 2886 1109 2945 sub
1152 2886 1316 2941 ﬁnem
1351 2885 1668 2942 scribuntur
1699 2887 1946 2956 quaedam
1983 2902 2106 2957 qua:
2143 2888 2199 2942 in
2246 2888 2584 2944 Antiochena
2630 2889 2837 2960 synodo
2879 2898 2998 2944 acta
3027 2899 3176 2958 sunt,
3207 2892 3274 2946 ad
3306 2908 3472 2961 quam

203 2991 395 3036 tamen
429 2978 731 3033 habendam
759 2977 977 3034 demum
1003 2978 1260 3048 scriptam
1285 2992 1408 3034 esse
1428 2991 1496 3037 ex
1522 2985 1781 3032 contextu
1804 2987 2045 3048 apparet,
2073 2986 2127 3034 et
2151 2987 2342 3034 auctor
2369 2987 2454 3034 est
2483 2979 2756 3035 Socrates.
2790 2979 3031 3037 Putarim
3054 2999 3155 3054 ego
3182 2984 3470 3054 epistolam

200 3075 355 3128 hanc
391 3085 519 3127 cum
554 3069 870 3140 appendice,
901 3069 1136 3143 alicujus
1169 3067 1292 3123 libri
1314 3067 1560 3139 synodici
1594 3067 1958 3139 fragmentum
1987 3084 2130 3136 esse,
2167 3077 2262 3124 aut
2288 3076 2436 3124 certe
2468 3070 2559 3124 illa
2590 3069 2691 3124 sub
2715 3069 2878 3128 linem
2913 3073 3127 3129 aliunde
3165 3075 3232 3129 ad
3265 3077 3471 3146 episto-

198 3163 315 3220 lam
345 3171 553 3217 assuta.
581 3160 752 3215 Porro
785 3159 854 3214 ad
884 3161 1173 3230 marginem
1196 3157 1508 3230 Segucriani
1536 3160 1662 3213 item
1689 3159 1962 3225 scribitur,
1997 3162 2157 3233 Ζήτει
2190 3161 2386 3232 ἀρχήν,
2420 3161 2633 3230 perinde
2669 3173 2823 3235 atque
2855 3168 2909 3220 in
2942 3167 3253 3224 Gobleriano
3273 3212 3288 3237 ,
3317 3171 3469 3240 cujus

201 3267 392 3320 notam
423 3273 528 3311 non
560 3257 820 3312 intellexit
855 3253 1266 3318 Felcltmannus,
1303 3268 1395 3308 nec
1429 3253 1792 3309 intellecturus
1838 3263 1916 3308 est
1960 3256 2197 3326 quisquis
2235 3256 2472 3309 ordinent
2515 3262 2996 3330 manuscriptorum
3043 3262 3325 3318 Athanasii
3363 3282 3470 3319 non

197 3355 516 3409 adverterit.
549 3351 616 3407 In
645 3351 883 3406 omnibus
911 3351 1088 3420 itaque
1112 3347 1380 3404 codicibus
1409 3365 1560 3416 quos,
1591 3350 1669 3404 vel
1696 3366 1920 3421 quorum
1951 3350 2249 3420 catalogum
2276 3351 2531 3420 dispicere
2552 3351 2725 3422 licuit,
2756 3355 2840 3410 hic
2882 3367 3051 3411 tomus
3076 3358 3152 3413 bis
3173 3359 3471 3428 descriptus

198 3460 302 3518 est,
334 3465 386 3504 et
418 3451 590 3520 primo
619 3450 829 3520 quidem
853 3450 1052 3520 integer
1097 3457 1252 3520 atque
1278 3449 1572 3516 absolutus,
1599 3448 1939 3503 duodecimus
1969 3465 2185 3503 numero
2216 3449 2455 3517 habetur,
2488 3460 2643 3520 atque
2669 3453 2860 3507 iterum
2890 3455 2946 3508 in
2975 3454 3163 3510 iisdem
3190 3465 3470 3526 septuage-

199 3542 374 3592 simus
406 3555 574 3594 nonus
614 3538 796 3594 ordine
833 3538 1061 3606 locatur,
1093 3555 1196 3592 non
1231 3540 1442 3610 quidem
1469 3555 1534 3594 ea:
1560 3541 1764 3610 integro
1793 3539 2105 3609 descriptus,
2132 3541 2222 3594 sed
2252 3543 2316 3594 ab
2351 3542 2505 3596 initio
2538 3543 2652 3611 ejus
2680 3559 2804 3614 pars
2843 3545 2986 3599 haud
3013 3547 3203 3616 exigua
3229 3546 3304 3599 ibi
3345 3562 3468 3600 exa-

201 3641 382 3696 ratur.
413 3630 499 3684 Ad
525 3632 814 3702 marginem
845 3631 1009 3702 igitur
1036 3633 1335 3688 duodecimi
1379 3635 1615 3691 scribunt
1650 3635 1883 3702 librarii,
1927 3636 2089 3706 Ζήτει
2121 3635 2320 3711 ἀρχήν,
2353 3635 2546 3702 Quaere
2569 3638 2808 3703 initium,
2836 3641 2960 3709 quia
2997 3640 3198 3696 scilicet
3231 3641 3466 3709 ejusdem

198 3727 422 3780 initium
455 3727 833 3796 septuagesimo
863 3744 997 3782 nono
1026 3727 1140 3782 loco
1170 3730 1362 3786 iterum
1407 3731 1644 3799 ponitur,
1679 3745 1706 3787 c

1965 3735 2088 3781 nota
2119 3729 2176 3781 in
2215 3727 2373 3798 Regio
2404 3729 2602 3796 codice,
2641 3731 2969 3806 Προεγράφη
3003 3737 3082 3798 εἰς
3131 3736 3196 3788 ιϐ’
3225 3736 3380 3806 λόγον
3404 3737 3475 3791 τὰ

198 3816 348 3881 ὅλον,
384 3815 700 3887 Descriptus
729 3824 812 3873 cst
843 3834 1008 3888 supra
1036 3819 1245 3892 integer
1275 3820 1598 3876 duodecimo
1625 3828 1878 3875 tractatu.
1911 3817 2100 3890 Liquet
2128 3829 2304 3873 autem
2334 3820 2469 3874 hunc
2499 3830 2697 3875 tomum
2723 3825 2962 3880 omnibus
2991 3830 3221 3882 numeris
3250 3838 3302 3883 et
3338 3847 3468 3900 par.

200 3913 346 3967 tibus
372 3913 481 3966 suis
515 3911 812 3968 absolutum
845 3929 974 3980 esse,
1012 3923 1070 3968 ut
1101 3931 1166 3969 ne
1194 3915 1270 3971 vel
1294 3915 1516 3968 minima
1539 3915 1771 3984 suspicio
1786 3914 1866 3968 .sit
1896 3929 2006 3967 esse
2038 3912 2410 3983 fragmentum.
2439 3912 2658 3974 Paulini
2689 3931 2806 3970 vero
2835 3917 3067 3986 formula
3098 3919 3223 3989 ﬁdei
3247 3937 3365 3991 qua:
3396 3922 3468 3983 ad

199 4006 402 4062 calcem
433 4015 619 4059 assuta
659 4014 758 4068 est,
801 4005 1096 4062 Antiochia:
1139 4009 1349 4079 quidem
1379 4008 1524 4064 edita
1573 4009 1699 4078 fuit,
1733 4008 1824 4062 sed
1871 4016 2218 4078 congruenter
2243 4007 2364 4062 huic
2395 4017 2534 4063 tomo
2566 4009 2942 4068 Alexandrina:
2973 4014 3161 4084 synodi
3191 4019 3471 4086 attexitur,

198 4100 488 4164 subscribit
520 4101 657 4154 enim
689 4100 776 4154 ille
807 4101 957 4155 rebus
987 4101 1327 4158 Alexandriae
1362 4104 1605 4158 decretis.

273 4215 366 4270 Ill.
411 4213 553 4280 Quid
598 4215 951 4271 Athanasium
987 4226 1303 4288 ceterosque
1332 4218 1522 4274 Patres
1564 4219 1873 4290 compulerit
1913 4221 1984 4275 ad
2011 4239 2129 4276 eam
2165 4222 2535 4278 celebrandam
2569 4227 2851 4295 synodum,
2897 4241 2963 4281 ea:
3015 4226 3111 4280 hoc
3165 4242 3277 4296 ipso
3327 4214 3476 4278 torno.

196 4315 490 4384 comperire
521 4312 662 4366 licet.
697 4313 884 4367 Actum
917 4314 1056 4368 enim
1088 4314 1160 4368 ibi
1194 4315 1368 4386 primo
1399 4315 1502 4384 fuit
1537 4316 1601 4370 de
1630 4314 1782 4370 rebus
1811 4318 2149 4374 Antiocheam
2179 4317 2432 4374 Ecclesia:
2461 4321 2850 4391 componendis.
2900 4318 3044 4373 Nam
3077 4327 3178 4373 tres
3204 4321 3262 4372 in
3291 4327 3474 4386 partes,

107 4417 110 4420 ’
196 4412 463 4464 distracta
495 4418 620 4463 tunc
650 4408 834 4462 civitas
863 4419 998 4464 erat.
1029 4409 1215 4464 Prima
1244 4427 1460 4465 numero
1498 4412 1734 4464 maxima
1763 4421 1878 4466 erat
1911 4413 2255 4480 Arianorum,
2285 4415 2398 4486 qui,
2425 4416 2579 4483 pulso
2610 4401 2842 4481 Meletio,
2871 4412 3134 4467 Euzoium
3172 4428 3283 4466 sum
3313 4420 3468 4466 secttt'

197 4507 467 4572 hominem
492 4503 793 4572 episcopum
823 4503 926 4556 sibi
953 4506 1370 4566 constituerant;
1400 4501 1465 4555 2⁸
1497 4499 1928 4569 Meletianorum,
1959 4512 2018 4557 ut
2045 4503 2299 4558 vocabant
2335 4521 2370 4557 a
2401 4503 2615 4558 Meletio
2641 4502 2900 4573 episcopo,
2929 4517 3082 4572 quem
3111 4501 3299 4555 Ariani
3329 4499 3476 4557 ordi—.

196 4611 396 4658 narant
420 4601 739 4671 episcopum,
756 4599 860 4653 rati
884 4616 992 4656 sua:
1003 4600 1176 4669 favere
1186 4601 1476 4654 sententite.
1491 4599 1560 4651 At
1579 4597 1669 4657 ubi
1696 4605 1926 4668 primum
1955 4608 2275 4668 agnoverunt
2289 4615 2406 4652 eum
2421 4598 2989 4654 consubstantialitatis
3005 4607 3274 4650 strenuum
3289 4595 3468 4662 defen-

194 4713 371 4752 sorem
408 4712 538 4758 esse,
569 4695 627 4747 in
667 4694 916 4750 exsilium
944 4691 1177 4761 ablegari
1199 4700 1475 4756 curarunt,
1507 4709 1626 4745 cum
1667 4692 1754 4745 vix
1793 4693 2012 4761 triginta
2045 4692 2264 4746 sedisset
2295 4692 2426 4745 dies.
2461 4691 2647 4745 Reduc:
2671 4691 2762 4745 ille
2795 4708 2912 4746 cum
2959 4689 3102 4755 aliis,
3131 4687 3351 4742 Iuliano
3383 4689 3469 4741 in-

193 4792 351 4838 eunte
377 4784 679 4853 imperium,
711 4799 743 4835 a
774 4781 886 4836 suis
915 4781 1112 4850 ingenti
1141 4780 1337 4851 gaudio
1370 4791 1614 4849 exceptus
1647 4780 1856 4850 fuerat;
1883 4781 1947 4834 5a
1989 4779 2492 4845 Eustathianorum,
2542 4799 2576 4835 a
2611 4790 2795 4836 sancto
2846 4779 3129 4834 Eustathio
3174 4778 3464 4837 Antiochiae

100 4859 104 4861 l
194 4875 326 4941 olim
357 4875 638 4942 episcopo:
672 4871 762 4926 sed
791 4871 1131 4929 Arianorum,
1158 4868 1346 4937 quibus
1374 4866 1764 4936 infen‘sissimus
1793 4877 1929 4932 erat,
1975 4868 2186 4922 insidiis
2227 4869 2281 4922 in
2328 4868 2579 4924 exsilium
2629 4869 2804 4938 pulso,
2839 4881 2994 4939 atque
3034 4869 3147 4921 illic
3196 4868 3460 4937 defuncto.

199 4966 276 5019 Hi
306 4984 340 5020 a
369 4967 581 5036 reliquis
607 4964 847 5020 omnibus
881 4962 1135 5033 segregati
1166 4959 1387 5014 Paulini
1409 4960 1693 5030 presbyteri
1725 4959 2059 5014 conventibus
2088 4961 2408 5023 intererant,
2444 4972 2601 5031 atque
2639 4977 2758 5019 cum
2783 4961 3077 5014 Athanasio
3107 4960 3462 5019 communica,-

196 5057 345 5113 bant.
377 5057 521 5121 Quos
569 5057 637 5110 ad
682 5071 862 5125 pacem
904 5055 1206 5110 cohortatur
1255 5051 1602 5118 Athanasius,
1652 5052 1936 5123 suadetque
1969 5061 2027 5106 ut
2079 5067 2200 5105 cum
2233 5052 2300 5106 iis
2334 5051 2716 5105 communicent
2749 5053 2841 5121 qui
2872 5052 2927 5104 in
2973 5050 3145 5104 Veteri
3183 5061 3462 5102 conventus

196 5159 382 5220 agunt,
412 5150 614 5205 scilicet
643 5166 762 5203 cum
795 5149 1127 5213 Heletianis;
1157 5163 1262 5219 qua
1284 5148 1341 5200 in
1366 5163 1421 5202 re
1451 5162 1781 5217 nequaquam
1812 5147 2105 5201 Athanasio
2135 5145 2434 5217 synodoque
2465 5145 2844 5200 Alexandrina
2886 5143 3299 5213 obtemperatum
3338 5151 3416 5194 est
3438 5179 3467 5204 ._

194 5245 510 5298 diuturnum
538 5244 679 5298 enim
701 5253 883 5312 postea
910 5244 1014 5314 fuit
1040 5245 1344 5301 discidium.

263 5359 358 5415 IV.
399 5360 551 5426 Quod
591 5370 767 5416 autem
805 5362 882 5416 ait
920 5361 1223 5429 Baronius,
1264 5362 1575 5429 Paulinum,
1615 5371 1897 5434 antequam
1927 5364 2294 5419 Alexandrina
2322 5371 2592 5434 cogeretur
2619 5356 2873 5431 synodus,
2908 5377 2941 5414 a
2971 5359 3218 5431 Lucifero
3259 5363 3463 5432 episco-

195 5469 321 5525 pum
369 5454 672 5508 ordinatum
712 5454 894 5524 fuisse,
924 5453 1002 5507 vel
1039 5470 1104 5508 ea:
1135 5455 1230 5508 hoc
1262 5463 1423 5519 tomo,
1454 5457 1540 5509 cui
1573 5465 1747 5509 tamen
1789 5456 1892 5509 soli
1939 5456 2048 5525 ipse
2085 5456 2354 5521 innititur,
2399 5453 2594 5508 elevari
2642 5452 2866 5532 videtur.
2928 5449 3072 5505 Nam
3110 5453 3157 5507 si
3189 5453 3458 5524 episcopus

195 5556 354 5599 antea
385 5546 488 5614 fuit
519 5547 817 5611 ordinatus,
853 5564 948 5601 cur
987 5548 1215 5618 episcopi
1247 5565 1431 5602 nomen
1481 5549 1530 5602 ei
1582 5565 1841 5618 nusquam
1885 5551 1981 5604 hoc
2027 5557 2166 5603 torno
2206 5551 2476 5613 tribuitur,
2523 5549 2847 5614 maximeque
2881 5562 3024 5599 num.
3079 5545 3146 5609 9,
3207 5546 3297 5599 ubi
3340 5563 3458 5600 cum

195 5637 371 5702 agitur
395 5635 460 5688 de
500 5636 685 5706 legatis
718 5637 971 5706 Luciferi,
1007 5637 1226 5691 Paulini
1256 5648 1305 5692 et
1335 5638 1674 5706 Apollinarii,
1707 5640 1906 5706 primus
1945 5647 1994 5692 et
2024 5648 2314 5708 postremus
2353 5641 2578 5708 episcopi
2607 5639 2873 5699 dicuntur,
2916 5633 3174 5687 Paulinus
3204 5635 3466 5689 minime?

195 5729 273 5798 An
303 5729 551 5794 credibile
577 5741 655 5794 est
687 5733 732 5785 si
758 5733 870 5802 jam
905 5735 1173 5802 episcopus
1201 5731 1460 5793 Paulinus
1491 5734 1708 5803 fuisset,
1751 5750 1851 5790 non
1883 5734 2184 5790 hortaturos
2221 5734 2384 5803 fuisse
2414 5734 2598 5804 synodi
2637 5732 2856 5801 Patres,
2892 5744 2948 5789 ut
2984 5739 3157 5788 omnes
3194 5734 3461 5796 Catholici
