3824 6224
299 315 416 372 797

1473 311 1714 370 TOMUS
1747 314 1840 368 AD
1877 310 2380 368 ANTIOCHENOS.

3446 316 3548 373 793

296 423 460 493 οὗτος
503 427 618 502 (12)
652 427 984 498 ἀποπηδήσῃ
1034 428 1133 496 τῆς
1181 426 1404 481 ἐκείνων
1460 429 1687 513 μανίας·
1744 427 1861 482 ὥστλ

1986 429 2197 483 insania
2231 427 2438 482 resiliat
2472 443 2484 478 :
2521 427 2595 481 ita
2628 434 2689 481 ut
2715 442 2906 484 omnes
2943 429 3200 503 deinceps
3231 431 3432 502 ubique
3463 433 3546 486 di-

300 521 512 583 πάντας
532 518 806 588 πανταχοῦ
827 517 1012 571 λοιπὸν
1037 519 1216 586 λέγειν
1233 535 1247 548 ο
1273 537 1291 569 ‹
1315 514 1410 582 Εἷς
1433 519 1654 590 Κύριος,
1683 519 1778 590 μία
1794 521 1883 574 πί-

299 628 440 674 στις.
456 630 474 662 ι
495 610 560 662 Τί
581 609 690 680 γὰρ
711 608 854 662 οὕτω
881 609 1092 671 (καλὸν,
1109 630 1126 660 ι
1142 609 1216 672 ὡς
1233 611 1261 661 ὁ
1287 609 1558 680 ’Υμνῳδὸς
1579 601 1730 662 εἶπεν
1747 611 1878 680 (15),

294 700 332 771 ἢ
354 700 407 753 τί
429 719 448 752 ‹
471 699 700 772 τερπνὸν
738 717 757 751 ›
779 699 891 753 ἀλλ’
922 699 956 770 ἢ
985 717 1003 749 ι
1024 699 1085 752 τὸ
1114 701 1386 752 κατοικεῖν
1415 699 1674 768 ἀδελφοὺς
1702 700 1794 753 ἐπὶ
1821 701 1882 754 τὸ

295 790 467 855 αὐτός
492 809 510 842 ι
528 786 688 853 Οἶκος
710 790 766 843 δὲ
794 789 1000 860 ήμῶνὴ
1030 789 1338 860 Ἐκκλησίαο
1362 789 1454 842 καὶ
1471 791 1722 861 φρόνημα
1743 787 1881 846 εἶναι

296 881 505 950 πρέπει
529 881 590 934 τὺ
614 881 743 935 αὐτό
763 898 777 913 ·
795 881 936 934 οὕτω
963 880 1070 953 γὰρ
1100 881 1423 952 πιστεύομεν
1443 881 1536 935 καὶ
1563 882 1652 936 τὸν
1679 882 1881 956 Κύριον

297 971 425 1040 μεθ’
457 972 613 1042 ἡμῶν
637 973 985 1044 κατοικήσειν
1013 972 1271 1040 λέγοντα·
1307 991 1326 1024 ι
1380 974 1674 1044 Ἐνοικήσω
1706 975 1763 1027 ὲν
1783 973 1880 1026 αύ-

291 1064 415 1125 τοῖς
465 1062 560 1121 καὶ
580 1063 1029 1134 ὲμπεριπατήσω,
1068 1081 1088 1114 ι
1119 1064 1235 1126 καὶ,
1274 1058 1427 1116 «Ὧδε
1445 1063 1771 1134 κατοικήσω,
1798 1063 1878 1115 ὅτι

291 1140 640 1224 ᾑρέτισᾲμην
666 1152 776 1223 (14)
807 1147 1176 1224 αύτήν.›Ὦδε
1196 1154 1253 1206 δὲ
1283 1153 1409 1222 ποῦ,
1439 1153 1471 1224 ἢ
1507 1153 1632 1208 ἔνθα
1668 1153 1764 1224 μία
1789 1153 1878 1206 πίω

294 1261 428 1307 στις
460 1245 552 1297 κα)⁸
576 1245 826 1298 εὐσέϐεια
858 1244 1192 1315 κηρύσσεται
1218 1262 1233 1310 ;

370 1334 425 1392 2.
474 1334 835 1404 Ἐϐουλὸμεθα
868 1335 964 1406 μὲν
995 1331 1087 1389 οὖν
1122 1334 1338 1406 ἀληθῶς
1363 1337 1456 1388 καὶ
1487 1337 1648 1406 ἡμεῖς
1682 1336 1731 1387 οί
1769 1334 1878 1388 ἀπὸ

287 1426 398 1495 τῆς
429 1425 703 1494 Αἰγύπτου
753 1426 867 1496 ἅμα
919 1428 1030 1488 τοῖς
1084 1427 1388 1496 ἀγαπητοῖς
1426 1427 1584 1497 ἡμῶν
1631 1426 1877 1494 ἀδελφοῖς

290 1513 547 1582 Εὐσεϐίῳ
574 1515 666 1566 καὶ
712 1515 972 1584 Ἀστερίῳ
1000 1515 1107 1584 (15)
1141 1515 1227 1568 διὰ
1261 1514 1430 1568 πολλὰ
1475 1515 1604 1585 μὲν,
1645 1515 1877 1584 μάλιστα

289 1606 356 1658 δὲ
388 1604 577 1657 τούτου
611 1605 768 1675 χάριν
801 1604 996 1669 ἐλθεῖν,
1028 1603 1092 1657 ἵν’
1125 1605 1240 1676 ἅμα
1278 1606 1376 1676 τὴν
1412 1605 1684 1675 ὑμετέραν
1722 1622 1877 1675 περι-

292 1695 633 1767 πτυξώμεθα
655 1697 913 1762 διάθεσιν,
940 1699 1034 1752 καὶ
1057 1700 1207 1769 κοινῇ
1248 1698 1344 1768 τῆς
1370 1698 1622 1766 τοιαύτης
1645 1695 1876 1750 ἀπολαύ-

291 1807 482 1859 σωμεν
513 1791 736 1861 εἰρήνης
778 1807 835 1842 τε
889 1789 982 1842 καὶ
1028 1790 1312 1860 ὁμονοίας·
1357 1789 1542 1858 ἐπειδὴ
1573 1789 1650 1853 δὲ,
1696 1787 1877 1850 καθὼς

291 1881 394 1933 καὶ
425 1880 535 1949 (16)
566 1882 623 1932 ὲν
652 1886 772 1944 ταῖς
802 1880 989 1944 ἄλλαις
1017 1880 1328 1942 ἐπιστολαῖς
1362 1878 1732 1950 ἐδηλώσαμεν,
1782 1879 1876 1931 καὶ

288 1970 524 2023 δύνασθε
546 1971 734 2040 μαθεῖν
750 1969 899 2040 παρά
921 1969 1029 2022 τῶν
1049 1969 1230 2024 αὐτῶν
1254 1968 1679 2040 συλλειτουργῶν
1697 1971 1729 2040 ἡ
1738 1968 1873 2037 μῶν,

287 2064 354 2114 αἱ
394 2061 846 2131 ὲκκλησιαστικαὶ
867 2064 1046 2132 χρεῖαι
1077 2061 1394 2131 κατέχουσιν
1422 2061 1528 2129 (17)
1550 2062 1698 2131 ἡμᾶς
1722 2076 1735 2090 ·
1765 2060 1878 2120 ἐλυ-

286 2150 444 2222 men
454 2169 552 2220 μεν
577 2152 695 2221 μὲν,
724 2152 872 2222 ὅμως
893 2151 949 2203 δὲ
972 2151 1284 2222 ἠξιώσαμεν
1310 2152 1434 2214 τοὺς
1454 2152 1649 2214 αύτούς
1672 2151 1877 2204 συλλει-

285 2243 561 2313 τουργοὺς
591 2243 748 2313 ἡμῶν
779 2243 1038 2296 Εὐσέϐιον
1067 2244 1162 2296 καὶ
1225 2245 1500 2314 Ἀστέριον
1544 2243 1718 2303 ἐλθεῖν
1759 2242 1874 2297 ἀνθ’

286 2331 454 2402 ἡμῶν
481 2333 616 2404 πρὸς
638 2333 666 2384 ὑ
675 2335 781 2402 μᾶς
803 2348 818 2363 °
849 2333 944 2385 καὶ
965 2333 1124 2405 χάρις
1154 2332 1332 2386 αὐτῶν
1349 2335 1414 2404 τῇ
1447 2332 1746 2402 θεοσεϐείᾳ,
1769 2334 1872 2397 ὅτι,

285 2424 498 2496 καίπερ
513 2425 665 2478 αὐτοὶ
696 2424 986 2496 δυνάμενοι
1030 2424 1140 2496 (18)
1171 2424 1422 2478 σπεύδειν
1442 2425 1518 2488 είς
1558 2423 1659 2486 τὰς
1687 2440 1878 2495 παροι-

285 2519 424 2580 κίας
447 2507 677 2583 ἑαυτῶν,
708 2516 1036 2589 προέκριναν
1066 2517 1282 2571 πάντων
1309 2515 1407 2587 τὴν
1437 2507 1573 2587 πρὸς
1595 2515 1737 2586 ὑμᾶς
1761 2513 1876 2568 ὁδὸν

283 2610 456 2662 ἓνεκα
475 2608 586 2680 (19)
615 2609 714 2680 τῆς
735 2607 1170 2679 κατεπειγούσης
1185 2607 1645 2678 ὲκκλησιαστικῆς
1665 2607 1872 2678 χρείας.

287 2700 650 2771 Συνθεμένων
679 2695 772 2754 οὖν
816 2701 1026 2767 αὐτῶν,
1077 2698 1588 2772 παρεμυθησάμεθα
1625 2699 1872 2764 ἑαυτοὺς,

283 2793 400 2854 ὃτι.
435 2791 615 2845 αὐτῶν
633 2807 693 2843 τε
722 2790 816 2845 καὶ
856 2789 1011 2862 ὑμῶν
1060 2793 1177 2844 ἐκεῖ
1225 2791 1622 2861 τυγχανόντων,
1677 2791 1876 2855 πάντες

285 2884 522 2947 ἑαυτοὺς
537 2882 819 2953 ἡγούμεθα
842 2885 1081 2936 συνεῖναι
1111 2883 1261 2951 ύμῖν.

362 2975 416 3027 5.
444 2972 659 3036 Πάντας
683 2972 862 3026 τοίνυν
886 2973 1012 3035 τοὺς
1041 2971 1394 3042 βουλομένους
1417 2969 1714 3043 εἰρηνεύειν
1738 2970 1874 3042 πρὸς

284 3066 460 3136 ἡμᾶς,
489 3064 584 3117 καὶ
622 3063 854 3134 μάλιστα
872 3065 998 3126 τοὺς
1027 3065 1084 3115 ὲν
1108 3065 1174 3133 τῇ
1203 3063 1416 3134 Παλαιᾷ
1442 3062 1549 3133 (20)
1573 3063 1872 3133 συναγομέ-

1983 529 2110 574 cant
2142 539 2154 575 :
2193 538 2212 571 ι
2249 517 2400 574 Unus
2455 518 2736 581 Dominus,
2784 534 2890 573 una
2929 521 3058 576 lldes
3089 522 3129 577 ³.
3170 541 3189 574 ι
3232 521 3372 588 Quid
3401 525 3546 580 enim

1983 620 2094 664 tam
2136 629 2154 662 ι
2191 611 2417 676 bonum,
2457 629 2478 663 ›
2517 618 2577 664 ut
2627 611 2704 664 ait
2735 609 3048 678 Psalmista,
3082 621 3136 668 et
3161 621 3268 666 tam
3307 633 3326 664 ι
3354 614 3551 683 jucun-

1981 700 2135 767 dum,
2180 720 2199 754 ›
2231 717 2393 771 quam
2430 721 2449 754 ‹
2497 701 2744 756 habitare
2784 700 2980 756 fratres
3014 703 3066 756 in
3112 704 3354 758 unum‘?
3385 723 3404 756 ο
3443 704 3548 758 θος

1981 806 2106 846 mus
2169 803 2352 848 autem
2419 799 2606 845 nostra
2666 800 2751 846 est
2805 789 3085 857 Ecclesia;
3140 795 3396 862 quocirca
3454 809 3549 862 par

1979 889 2065 935 est
2121 881 2365 936 eamdem
2415 882 2572 936 nobis
2614 896 2734 936 esse
2783 883 3106 936 sententiam
3144 899 3156 934 :
3190 884 3269 938 sic
3304 885 3446 938 enim
3495 894 3550 938 et

1981 972 2271 1027 Dominum
2336 973 2620 1027 nobiscum
2677 971 3045 1026 habitaturum
3101 973 3394 1035 credimus.
3455 978 3548 1044 qui

1979 1065 2159 1118 dixit:
2203 1083 2220 1115 ‹
2275 1064 2594 1117 lnhabitabo
2634 1063 2686 1116 in
2734 1063 2839 1117 illis
2881 1073 2930 1116 et
2968 1061 3419 1129 inambulabo‘,»
3453 1075 3545 1120 et:

1985 1170 2003 1203 ι
2042 1152 2142 1206 Hic
2185 1152 2462 1215 habitabo,
2488 1153 2746 1220 quoniam
2781 1153 2914 1221 elegi
2942 1167 3062 1206 eam
3101 1153 3140 1206 ⁸.
3177 1173 3194 1205 ι
3231 1153 3333 1207 llic
3367 1163 3546 1207 autem

1977 1243 2223 1304 ubinam,
2259 1244 2364 1298 nisi
2406 1243 2492 1296 ubi
2529 1258 2636 1297 una
2686 1242 2821 1296 ﬁdes
2863 1252 2916 1297 et
2965 1244 3152 1314 religio
3190 1244 3552 1313 praedicatur?

2046 1335 2100 1388 2.
2143 1333 2412 1389 Vellemns
2429 1335 2645 1403 quidem
2681 1350 2782 1388 nos
2815 1333 3073 1405 Egyptii,
3116 1351 3222 1388 una
3247 1350 3367 1388 cum
3407 1336 3544 1389 dile-

1978 1426 2081 1480 ctis
2115 1425 2377 1480 fratribus
2417 1427 2623 1480 nostris
2656 1424 2893 1480 Eusebio
2922 1433 2976 1480 et
3005 1425 3218 1480 Asterio
3265 1426 3451 1480 multis
3484 1426 3550 1480 de

1977 1519 2159 1572 causis
2197 1517 2262 1570 ad
2299 1532 2396 1572 vos
2422 1517 2714 1586 proliciSri,
2759 1517 2853 1571 sed
2909 1517 3031 1572 ideo
3080 1517 3337 1580 maxime,
3369 1525 3427 1571 ut
3454 1534 3548 1572 ve-

1977 1616 2147 1663 stram
2175 1609 2496 1662 charitatem
2545 1609 3019 1677 amplecteremur,
3054 1618 3107 1662 et
3158 1609 3320 1663 simul
3356 1609 3551 1678 hujuso

1977 1699 2120 1751 modi
2146 1714 2277 1767 pace
2304 1708 2356 1752 et
2378 1698 2666 1752 concordia
2702 1697 3031 1751 frueremur.
3066 1696 3266 1752 Verum
3304 1699 3454 1767 quia,
3488 1710 3551 1753 ut

1907 1775 1950 1833 Β
1980 1787 2032 1840 in
2067 1787 2188 1841 aliis
2221 1803 2438 1857 quoque
2494 1787 2737 1856 epistolis
2791 1787 3175 1854 indicavimus,
3206 1797 3259 1842 et
3311 1789 3380 1842 ab
3417 1789 3550 1857 ipsis

1979 1877 2368 1934 comministris
2420 1879 2625 1933 nostris
2671 1879 2884 1933 discere
2929 1887 3177 1948 potestis,
3217 1880 3551 1934 ecclesiasti—

1979 1967 2058 2023 cis
2090 1969 2511 2024 necessitatibus
2556 1971 2908 2024 detinemur:
2949 1971 3052 2025 hac
3096 1971 3163 2024 de
3209 1985 3375 2025 causa
3417 1987 3550 2027 sane

1977 2057 2258 2122 dolemus;
2310 2060 2402 2114 sed
2435 2069 2615 2115 tamen
2647 2061 2867 2116 eosdem
2891 2061 3303 2117 comministros
3331 2074 3548 2119 nostros

1975 2147 2250 2204 Asterium
2274 2159 2328 2204 et
2353 2149 2647 2206 Eusebium
2692 2151 3026 2221 rogavimus,
3061 2161 3121 2206 ut
3160 2162 3408 2207 nostrum
3431 2155 3550 2208 vice

1983 2241 2049 2294 ad
2091 2257 2188 2297 vos
2229 2243 2490 2296 accedant
2531 2243 2887 2313 :gratiasque
2937 2243 3154 2298 illorum
3200 2244 3381 2313 pietati
3433 2245 3550 2316 agi-

1977 2345 2120 2392 mus,
2153 2332 2299 2400 quod
2335 2332 2554 2387 tametsi
2595 2333 2791 2387 licebat
2819 2332 2952 2402 ipsis
3010 2332 3076 2386 ad
3112 2348 3242 2388 suas
3273 2334 3548 2389 dioeceses

1974 2436 2292 2492 properare,
2347 2423 2606 2478 omnibus
2651 2433 2830 2478 tamen
2880 2421 3228 2492 posthabitis,
3281 2426 3445 2496 616
3477 2425 3550 2478 ob

1976 2523 2256 2584 urgentem
2291 2513 2548 2570 Ecclesia:
2588 2515 2970 2570 necessitatem
3007 2513 3074 2568 ad
3121 2530 3220 2570 vos
3256 2516 3357 2570 iter
3392 2517 3552 2572 insli-

1976 2614 2131 2659 tuere
2180 2607 2512 2665 maluerunt.
2558 2605 2670 2661 Illis
2710 2606 2875 2678 igitur
2921 2616 3114 2663 nostro
3143 2609 3420 2664 desiderio
3451 2626 3545 2665 ac-

1980 2695 2410 2764 quiescentibus,
2444 2697 2812 2766 nosmetipsos
2852 2699 3117 2752 consolati
3156 2713 3379 2766 sumus;
3419 2701 3547 2770 quia

1977 2786 2246 2856 ejusmodi
2275 2787 2407 2841 viris
2448 2787 2730 2847 vobiscum
2769 2787 2912 2842 istuc
2937 2789 3410 2856 convenientibus,
3442 2806 3548 2847 nos

1975 2893 2194 2947 quoque
2222 2892 2413 2932 omnes
2443 2879 2635 2934 adesse
2667 2877 3018 2937 arbitramur.

2043 2967 2095 3021 '5.
2129 2965 2408 3035 Quotquot
2436 2967 2601 3037 igitur
2630 2968 2914 3022 nobiscum
2953 2984 3141 3040 pacem
3189 2969 3393 3030 habere
3445 2986 3548 3026 cu-

1976 3057 2152 3126 piunt,
2202 3057 2438 3111 maxime
2486 3067 2668 3111 autem
2729 3058 2822 3127 qui
2878 3058 2932 3112 in
3019 3058 3194 3114 Veteri
3247 3069 3549 3116 conventus

285 3122 566 3222 νύυςῑκαὶ
595 3122 721 3219 τοὺς
746 3122 1228 3228 ἀποτρέχονταςηδὲ
1251 3154 1361 3225 (21)
1512 3122 1622 3207 τῶν
1663 3122 1861 3226 Ἀρέια·

1977 3154 2162 3216 agunt,
2185 3158 2240 3201 et
2271 3147 2366 3216 qui
2405 3147 2474 3202 ab
2507 3149 2833 3202 Arianorum
2869 3151 3117 3218 partibus
3167 3152 3440 3219 resiliunt,
3481 3153 3549 3205 ad

283 3248 399 3300 νῶν
429 3245 870 3318 προσκαλέσασθε
895 3246 1026 3317 παρ’
1058 3246 1290 3308 ἑαυτοῖς,
1334 3245 1428 3297 καὶ
1458 3245 1534 3308 ὼς
1567 3244 1665 3313 μὲν
1701 3245 1870 3297 πατέ-

290 3357 386 3412 ρες
423 3340 573 3402 υἱοὺς
598 3337 989 3408 προσλάϐεσθε,
1019 3337 1094 3400 ὡς
1123 3337 1178 3390 δὲ
1217 3335 1524 3390 διδάσκαλοι
1574 3337 1668 3390 καὶ
1711 3337 1871 3407 κηδε-

288 3430 457 3502 μόνες
475 3429 977 3504 ἀποδέξασθε(22),
1002 3430 1096 3486 καὶ
1141 3428 1474 3502 συνάψαντες
1515 3429 1710 3496 αἰετοὺς
1757 3431 1868 3498 τοῖς

285 3527 593 3594 ἀγαπητοῖς
622 3526 780 3596 ἡμῶν
804 3527 916 3588 τοῖς
942 3542 1007 3577 πε
1017 3525 1069 3596 ρ).
1087 3525 1368 3588 Παυλῖνον,
1392 3525 1556 3595 μηδὲν
1580 3524 1741 3577 πλέον
1754 3525 1864 3594 (25)

286 3616 631 3686 ἀπαιτήσητε
669 3617 798 3686 παρ’
849 3614 1027 3668 αὐτῶν
1079 3614 1112 3686 ἢ
1166 3613 1582 3685 ἀναθεματίζειν
1638 3614 1736 3684 μὲν
1769 3615 1866 3684 τὴν

362 3728 385 3760 ³
424 3726 623 3798 Ερὴρε.
651 3742 724 3794 tv,
758 3727 811 3782 5.
886 3726 909 3758 ⁵
945 3724 1092 3782 Psal.
1128 3741 1340 3794 cxxxn,
1374 3727 1426 3780 1.

364 3845 492 3929 (12).
520 3843 764 3929 .Sic
791 3844 964 3929 solus,
985 3843 1284 3929 sed~probe.
1301 3841 1446 3929 Editi
1473 3851 1527 3897 et
1547 3841 1752 3906 caeteri,
1771 3841 1862 3894 οὖ·-

285 3933 418 3978 τως.
458 3913 590 3969 lbid.
622 3915 845 3984 Regius,
879 3915 1242 3984 ἀποπηδήσει,
1273 3913 1434 3968 male.

365 3987 478 4054 (1'5)
521 3985 594 4039 Ila
629 3986 849 4053 Regius,
883 3983 1007 4054 Seg.
1044 3981 1496 4054 ethasil._Editi,
1524 3979 1650 4054 ἔφη.
1691 3980 1860 4054 Paulo

289 4051 439 4124 post.
460 4055 588 4108 editi
611 4065 665 4109 et
695 4051 1050 4122 manuscripti
1083 4051 1221 4116 Fel.,
1259 4053 1519 4124 ἀδελφοὺς
1554 4053 1647 4104 ἐπὶ
1673 4051 1739 4124 τὸ-
1766 4053 1864 4124 αὐτ

291 4122 394 4191 τό;
427 4125 569 4178 οὕτω
614 4125 743 4195 γάρ,
783 4135 912 4189 etc.,
957 4124 1158 4195 omissa
1197 4124 1384 4194 (quod
1431 4123 1658 4195 phrases
1699 4122 1864 4195 simili

287 4210 428 4249 voce
453 4193 728 4257 caderent)
757 4195 1008 4249 clausula
1053 4193 1284 4264 integra,
1313 4207 1479 4262 quam
1525 4193 1865 4247 restituimus

288 4281 356 4319 ex
389 4265 561 4334 Regio
587 4263 791 4334 etch.

366 4331 496 4404 (14)
521 4337 599 4388 Ita
633 4331 835 4403 Regius
865 4333 1038 4406 codex
1067 4341 1121 4388 et
1154 4331 1454 4406 SegEditi
1500 4340 1554 4406 et
1588 4331 1701 4395 alii,
1734 4333 1864 4403 ’ᾑρε-

285 4406 787 4491 τησάρηινκιίρεὲη,
815 4404 1184 4491 κηρύσσεται,
1206 4404 1370 4491 Editi,
1387 4404 1753 4491 'x'qptic'fetagt.

362 4471 474 4541 (13)
501 4471 690 4539 'Ed.tio
708 4471 1033 4541 Parisiénsis
1063 4471 1492 4544 sola,’Acspitp,;
1498 4474 1658 4526 male.
1686 4471 1864 4544 Paulo

285 4555 414 4622 post
455 4561 646 4668 omlnes
704 4544 1084 4627 manuscripti,
1119 4541 1620 4617 ὑμετέραν.Ἐιιὶιὶ,
1673 4541 1864 4620 ἡμετᾲ

288 4632 412 4668 οαν.
449 4632 533 4668 ma
561 4633 609 4668 e.

325 4633 412 4674 αν.
449 4632 609 4670 male.

287 4632 412 4686 ραν.
449 4632 609 4670 male.

291 4753 312 4755 g
359 4685 472 4754 (16)
512 4685 589 4740 ha
639 4684 843 4755 Regius
892 4683 1063 4755 codex
1117 4683 1288 4739 solus.
1319 4683 1528 4755 Inaliis
1559 4681 1654 4755 καί
1684 4681 1854 4755 deest.

1978 3255 2078 3296 vos
2109 3249 2428 3306 convocate,
2453 3254 2679 3309 eosque,
2705 3241 3165 3310 quemadmodum
3193 3251 3376 3311 patres
3407 3244 3548 3298 ﬁlios

1976 3350 2128 3401 suos,
2151 3334 2402 3404 excipite,
2437 3347 2501 3386 ac
2529 3333 2676 3386 velut
2701 3332 2945 3402 magistri
2969 3341 3023 3386 et
3047 3342 3253 3387 tutores
3277 3334 3551 3403 amplexa-

1974 3427 2157 3487 mini;
2202 3425 2520 3494 dilectisque
2563 3423 2763 3478 nostris
2828 3422 3059 3477 Paulino
3118 3431 3174 3477 et
3223 3425 3548 3493 sequacibus

1969 3527 2088 3596 ejus
2136 3525 2433 3596 adjungite,
2471 3524 2721 3592 nihilque
2765 3517 3004 3593 amplius
3035 3523 3104 3577 ab
3145 3523 3252 3577 illis
3288 3509 3542 3594 exigatis,

1970 3634 2132 3688 quam
2169 3627 2228 3672 ut
2277 3619 2535 3671 Arianam
2579 3617 2828 3672 haeresim
2874 3618 3222 3672 anathemate
3265 3617 3543 3684 damnent,

1504 3726 1525 3758 ⁸
1567 3724 1739 3779 Levit.
1777 3729 2061 3796 xxvl,12;
2106 3730 2150 3783 ll
2180 3730 2308 3785 Cor.
2344 3747 2417 3798 vt,
2449 3730 2537 3784 16.
2615 3731 2635 3761 °
2672 3729 2819 3784 Psal.
2855 3745 3040 3796 cxxxr,
3075 3730 3164 3784 14.

1967 3862 2107 3913 sam,
2139 3848 2388 3912 alteram,
2421 3846 2660 3901 παλαιάν
2706 3861 2808 3917 seu
2840 3847 3094 3917 ἀρχαίαν,
3133 3847 3237 3902 hoc
3267 3859 3350 3902 est
3397 3851 3546 3902 anti-

1967 3933 2156 3986 quam,
2193 3934 2314 3987 quae
2357 3917 2656 3972 secundum
2691 3915 2922 3970 Orontis
2947 3916 3094 3971 ﬂuvii
3129 3931 3282 3970 oram
3317 3919 3539 3988 longum

1968 3997 2126 4041 terra:
2157 3989 2459 4056 occupabat
2488 3987 2722 4056 spatium
2767 4005 2780 4040 :
2814 3988 3038 4040 alteram
3070 4002 3264 4041 novam
3308 3988 3362 4041 in
3394 3987 3543 4056 ejus-

1970 4058 2091 4110 dem
2119 4057 2268 4111 ﬂuvii
2297 4055 2474 4113 insula
2511 4057 2692 4120 sitam,
2723 4055 2897 4111 forma
2932 4058 3184 4126 rotunda,
3222 4073 3344 4126 qua:
3374 4055 3538 4126 quin-

1969 4143 2074 4194 que
2122 4129 2378 4196 pontibus
2434 4128 2676 4194 antiqua:
2711 4126 3061 4196 jungcbatur.
3095 4125 3151 4179 1n
3183 4125 3406 4196 antiqua
3441 4145 3540 4182 ex-

1967 4197 2147 4252 stabat
2193 4207 2347 4253 vetus
2396 4198 2623 4252 ecclesia
2673 4197 2741 4267 ab
2784 4196 3042 4265 apostolis
3094 4196 3340 4267 fundata,
3373 4215 3538 4267 quam

1967 4267 2088 4322 ideo
2113 4267 2478 4336 Apostolicam
2507 4275 2666 4329 vocat
2696 4265 3090 4336 Theodoretus,
3120 4265 3418 4321 Chronicoh
3446 4285 3539 4324 ve-

1965 4352 2030 4390 ro
2079 4335 2522 4403 Alexandrinum,
2552 4335 2797 4390 Παλαιάν
2844 4338 3098 4406 appellat,
3147 4337 3289 4392 unde
3336 4339 3538 4408 ambigi

1966 4408 2160 4475 possit,
2191 4418 2500 4464 veteremne
2523 4408 2736 4469 urbem,
2768 4407 2838 4461 an
2869 4418 3103 4462 veterem
3134 4408 3418 4463 ecclesiam
3445 4407 3536 4464 hic

1965 4477 2297 4534 Athanasius
2330 4485 2613 4532 memoret.
2654 4477 2922 4531 Caeterum
2971 4477 3235 4546 quidquid
3292 4478 3382 4542 sit,
3412 4494 3538 4533 cer-

1966 4554 2080 4618 tum
2109 4557 2192 4602 est
2217 4548 2489 4603 Meletium
2523 4547 2585 4618 in
2609 4555 2786 4601 vetere
2826 4547 3292 4618 urbeconventus
3325 4549 3527 4618 egisse,

1965 4616 2019 4668 in
2048 4618 2276 4672 ecclesia
2300 4659 2314 4682 ,
2348 4632 2511 4686 quam
2544 4615 2920 4686 Tiheodoretus
2950 4615 3341 4684 Apostolicam,
3365 4615 3535 4672 Chro-

1961 4687 2115 4740 m'con
2138 4685 2554 4740 Alexandrinum
2578 4685 2824 4740 Veterem
2853 4687 3104 4755 appellat.
3125 4686 3384 4743 Paulinus
3407 4704 3534 4744 vero

283 4751 462 4837 Paulo
485 4765 652 4837 “post,
681 4751 883 4837 [Regius
910 4763 965 4808 et
999 4753 1124 4824 Seg.
1152 4755 1304 4826 παρά
1325 4754 1434 4808 τῶν
1464 4753 1664 4807 αὐτῶν.
1692 4751 1856 4819 Editi,
1959 4771 2122 4837 unam
2153 4765 2368 4837 tantum
2396 4755 2684 4811 ecclesiam
2715 4751 3010 4837 admodum
3053 4759 3355 4837 parvam-in
3391 4774 3531 4813 nova

283 4825 549 4898 περὶ-τῶν
577 4825 777 4898 αὐτῶν,
809 4825 992 4878 minus
1029 4835 1194 4898 recte.

358 4890 373 4960 ξ
386 4895 471 4966 17)
513 4895 602 4952 Sic
629 4897 829 4965 Regius
859 4898 1028 4966 cortex
1063 4896 1234 4956 solus.
1260 4901 1422 4965 atque
1458 4893 1531 4948 ita
1557 4891 1688 4962 legit
1709 4890 1856 4946 Nan-

284 4966 434 5026 nius.
454 4964 561 5034 qui
591 4976 649 5020 ut
680 4964 778 5020 nos
805 4964 986 5027 vertit,
1015 4964 1342 5028 detinemur,’
1366 4973 1560 5032 estque
1592 4979 1850 5032 germana

285 5037 404 5090 haec
433 5037 610 5092 lectio.
645 5036 786 5089 Editi
811 5044 864 5088 et
893 5035 1006 5095 alii,
1035 5036 1474 5102 κατεπείγουσιν.

356 5106 470 5176 (18)
513 5107 714 5177 Regius
739 5107 930 5177 codex,
952 5105 1139 5177 _Xa1‘l.'0t
1165 5101 1470 5176 δυνάμενοι.
1504 5101 1644 5157 Editi
1673 5112 1726 5158 el.
1746 5119 1852 5159 oze-

282 5175 405 5235 teri,
435 5175 636 5246 xalrza'p
666 5176 820 5229 αὐτοὶ
839 5175 1146 5245 δυνάμενοι.

355 5246 466 5314 (l9)
509 5243 708 5316 Regius
757 5247 926 5304 codex
970 5243 1142 5312 Solus,
1172 5245 1335 5299 ἕνεκά
1383 5262 1464 5314 γε.
1514 5243 1636 5298 Mox
1680 5243 1845 5316 idem,

1958 4827 2094 4897 urbe
2142 4828 2466 4897 occupabat,
2518 4841 2694 4897 quam;
2737 4827 2978 4897 Euzoius
3025 4835 3153 4897 tunc
3197 4827 3528 4882 Arianorum

1955 4896 2246 4966 episcopus
2286 4895 2600 4952 reverentia
2647 4895 2751 4966 viri
2796 4906 3101 4951 commotus
3127 4895 3357 4952 Paulino
3387 4899 3531 4954 suis-

1953 4982 2058 5035 que
2099 4964 2461 5032 concesserat,
2493 4976 2550 5020 ut
2584 4966 2661 5020 ait
2697 4964 2970 5028 Socrates,
2999 4967 3137 5020 libro
3165 4968 3345 5033 tertio,
3386 4984 3434 5022 c.
3470 4969 3526 5024 9.

2023 5037 2134 5108 (21)
2173 5036 2252 5092 ita
2278 5037 2500 5108 Regius.
2534 5037 2603 5108 In
2637 5036 2800 5108 edi_tis
2826 5050 2977 5108 ivero
3026 5046 3079 5108 et
3129 5039 3361 5102 creteris,
3389 5039 3529 5091 ἀπο-

1951 5104 2240 5178 τρέχοντας
2271 5108 2328 5160 δέ
2351 5104 2522 5162 deest.
2554 5104 2678 5161 Mox
2707 5104 2930 5176 Regius,
2963 5106 3098 5178 πρὸς
3133 5107 3366 5172 ἑαυτοῖς.
3402 5110 3528 5164 Edi-

1950 5177 2010 5239 ti,
2034 5177 2170 5248 stap‘
2199 5180 2428 5240 ἑαυτοῖς.

2175 5251 2254 5328 ita
2290 5248 2490 5328 Regius
2517 5243 2724 5328 elnseg.
2763 5243 3369 5328 Ed‘111,'&ﬁ2‘5:€1§a60at.
3400 5247 3526 5328 L101

283 5313 626 5389 συνθεμένων
651 5316 802 5384 γοῦν,
849 5316 1366 5389 παραμυθησάμεθα
1395 5316 1637 5389 ἑαυτούς.
1680 5313 1846 5389 Paulo

1977 5313 2171 5388 legiu's,
2211 5313 2528 5388 Seguérian.
2561 5313 2725 5370 Basil.
2791 5315 3009 5380 αὐτούς.
3043 5314 3186 5371 Editi
3219 5334 3370 5387 vero,
3407 5321 3527 5372 ἐαυ-

286 5396 430 5453 post,
452 5380 824 5452 'Seguerianus
841 5380 1086 5441 cod'ex'et
1109 5380 1276 5442 editio
1291 5385 1720 5440 Commeliniana
1747 5385 1843 5437 ha-

281 5455 410 5543 ben}
471 5457 646 5528 ἡμῶν.
697 5457 800 5510 Alii
843 5471 1036 5513 omnes
1081 5467 1136 5512 et
1177 5457 1303 5512 editi
1357 5466 1413 5512 et
1458 5455 1838 5524 manuscripti,

282 5544 312 5579 υ
321 5543 455 5594 μων.

1943 5390 2091 5452 τούς.

2013 5460 2128 5531 (25)
2168 5459 2247 5514 Ita
2286 5458 2489 5531 Regius
2531 5455 2787 5531 et_Bas_il.
2819 5456 3010 5531 Gmteri
3041 5464 3095 5531 et
3121 5457 3273 5520 editi,
3313 5458 3521 5531 πλεῖον.

1940 5525 2120 5608 lfaulo'
2138 5540 2260 5600 post
2285 5525 2566 5608 lle_g.__Seg.
2598 5526 2853 5608 Ba_sil.et
2869 5525 3180 5608 Gobl'erian.
3237 5527 3391 5608 παρὰ
3414 5528 3522 5580 τῶν

353 5597 465 5666 (20)
505 5597 580 5668 lla
610 5595 810 5666 Regius
833 5597 1000 5652 codex
1023 5598 1192 5653 solus.
1223 5596 1280 5650 In
1312 5596 1470 5668 editis
1495 5603 1548 5668 et
1576 5594 1696 5668 aliis
1745 5595 1838 5668 καί

1978 5594 2327 5668 γίων,ἰ·ροιο.
2353 5594 2677 5668 Εόίιὶζπαςΐ
2702 5596 2892 5668 αὐτῶν
2919 5597 3119 5668 ἀγίωντ
3150 5594 3356 5656 erroris
3383 5613 3522 5655 Call-1

284 5664 455 5739 deest.
508 5664 731 5739 Ibidem,
762 5669 887 5730 τοὺς
915 5670 973 5720 ὲν
997 5672 1062 5738 τῇ
1091 5669 1322 5739 Παλαιᾷ.
1354 5665 1611 5739 Libanius
1637 5667 1689 5718 in
1717 5664 1836 5739 31:;-

288 5738 534 5805 tiurlu‘co,
564 5735 658 5794 ait
683 5735 1110 5794 Antiochiam'in
1137 5735 1289 5794 duas
1306 5737 1466 5793 urbes
1495 5735 1668 5793 fuisse
1699 5735 1834 5795 divi-

1939 5666 2054 5728 sam
2087 5671 2215 5731 vide.
2235 5670 2289 5727 in
2323 5668 2553 5740 Prologo
2582 5666 2648 5724 ad
2676 5667 2895 5722 Antonii
2934 5666 3130 5725 Vitam.
