3824 6224
279 303 381 360 799

854 303 912 358 S.
956 299 1334 357 ATllANASll
1368 297 1519 355 OPP.
1563 296 1744 353 PARS
1785 285 1834 351 1.⁴
1862 324 1933 338 η·-
1973 293 2350 350 HISTORICA
2389 294 2478 350 ET
2515 293 2938 352 DOGMATICA.

3437 294 3543 348 800

280 422 547 492 ﬁdemque
601 438 630 478 a
670 423 875 479 sanctis
923 422 1178 479 Patribus
1224 421 1419 480 Nicaea:
1453 423 1844 494 promulgatam

1967 419 2251 490 Ἀρειανὴν
2273 419 2506 489 αἵρεσιν.
2538 418 2819 489 ὁμολογεῖν
2844 417 2902 471 δὲ
2933 417 3034 490 τὴν
3063 415 3216 488 παρὰ
3236 415 3346 470 τῶν
3371 416 3538 484 ἁγίων

277 514 658 582 proﬁteantur.
703 513 1083 570 Condemnent
1130 517 1258 571 item
1313 531 1409 572 eos
1442 517 1536 586 qui
1587 515 1852 584 Spiritum

275 615 527 660 sanctum
556 607 824 661 aﬁirmant
844 616 1152 662 creaturam
1175 623 1298 663 esse
1323 619 1375 663 et
1402 624 1432 662 a
1462 607 1664 663 Christi
1713 609 1845 663 sub-

275 698 478 752 stantia
531 699 788 754 divisum.
824 699 960 755 lllud
1009 701 1154 755 enim
1187 717 1314 756 vere
1345 710 1432 757 est
1462 701 1675 756 resilire
1706 717 1736 756 a
1760 701 1856 756 de-

276 789 522 843 testanda
578 789 909 846 Arianorum
962 793 1178 860 haeresi,
1229 802 1477 849 sanctam
1531 793 1853 848 Trinitatem

275 895 382 932 non
423 881 687 950 dividere,
723 899 825 938 nec
858 884 1040 940 dicere
1073 885 1278 956 aliquid
1313 886 1458 957 quod
1481 886 1548 940 ad
1576 901 1696 940 eam
1732 901 1857 956 pcr-

272 971 443 1026 tineat
468 981 778 1028 creaturam
826 991 968 1032 esse.
1023 977 1160 1032 Nam
1195 978 1290 1048 qui
1339 979 1601 1034 simulant
1634 978 1853 1049 quidem

273 1078 333 1117 se
365 1063 642 1121 Nicrenam
680 1068 1138 1138 ﬁdemproﬁteri,
1187 1082 1351 1141 atque
1404 1072 1609 1126 interea
1663 1079 1853 1125 contra

274 1155 534 1224 Spiritum
562 1169 812 1214 sanctum
845 1160 1227 1230 blasphemare
1257 1177 1365 1217 non
1393 1163 1672 1229 dubitant,
1705 1163 1846 1217 nihil

272 1248 420 1302 aliud
455 1258 736 1318 praestant,
763 1267 928 1322 quam
952 1253 1096 1323 quod
1124 1253 1382 1308 Arianam
1413 1254 1646 1310 haeresin
1670 1255 1852 1310 verbis

270 1340 491 1407 quidem
525 1351 744 1412 negant,
769 1343 955 1398 animo
988 1353 1170 1398 autem
1199 1352 1253 1398 et
1291 1346 1560 1400 sententia
1592 1346 1846 1401 retinent.

272 1431 636 1488 Anathemate
668 1451 888 1506 quoque
922 1437 990 1491 ab
1023 1437 1280 1493 omnibus
1313 1438 1604 1493 damnetur
1629 1437 1851 1494 Sabellii

278 1535 331 1577 et
353 1523 507 1578 Pauli
566 1523 972 1582 Samosatensis
1025 1529 1295 1598 impietas,
1316 1528 1588 1586 Valentini
1639 1531 1767 1586 item
1799 1540 1853 1586 et

269 1617 528 1672 Basilidis
569 1619 781 1673 insania
813 1628 866 1674 et
918 1618 1348 1676 Manichzeorum
1390 1624 1626 1678 amentia
1661 1642 1675 1678 :
1705 1625 1850 1695 quod

269 1710 316 1764 si
353 1709 422 1764 ita
452 1711 564 1775 ﬁat,
603 1710 848 1767 futurum
875 1722 960 1768 est
993 1715 1252 1770 utomnis
1287 1716 1430 1770 mala
1482 1715 1722 1786 suspicio
1768 1717 1843 1773 le-

1958 511 2216 583 Πατέρων
2246 511 2670 582 ὁμολογηθεῖσαν
2691 512 2747 564 ἐν
2769 509 2974 582 Νικαίᾳ
3011 510 3197 563 πίστιν
3215 549 3230 574 ,
3267 508 3540 578 ἀναθεμα-

1954 601 2124 667 τίζειν
2156 604 2214 657 δὲ
2236 605 2330 658 καὶ
2359 606 2485 668 τοὺς
2510 604 2766 674 λέγοντας
2798 603 3004 674 κτίσμα
3043 598 3180 657 εῐναι
3215 603 3275 655 τὸ
3317 601 3540 672 Πνεῦμα

1956 696 2016 748 τὸ
2040 697 2213 765 ἅγιον,
2251 697 2342 750 καὶ
2371 697 2698 771 διῃρημένον
2723 699 2788 750 ἐκ
2812 698 2911 768 τῆς
2936 697 3125 760 οὐσίας
3151 695 3534 767 τοῦ-Χριστοῦ.

1955 789 2126 843 Τοῦτο
2153 789 2260 860 γάρ
2287 790 2435 843 ἐστιν
2466 788 2684 860 ἀληθῶς
2705 788 3120 859 ἁποπηδᾷνβιι)
3160 788 3267 840 ἀπὺ
3304 787 3408 857 τῆς
3441 806 3538 858 μυ-

1956 882 2130 952 σαρᾶς
2151 880 2416 952 αἱρέσεως
2447 878 2554 933 τῶν
2601 878 2916 951 Ἀρειανῶν,
2949 877 3011 931 τὸ
3044 877 3118 950 μὴ
3157 878 3385 949 διαιρεῖν
3441 879 3536 949 τὴν

1954 972 2115 1041 ἁγίαν
2137 965 2363 1043 Τριάδα,
2397 972 2493 1026 καὶ
2531 972 2712 1041 λέγειν
2737 990 2790 1025 τι
2813 971 3019 1042 ταύτης
3047 967 3185 1024 εἶναι
3219 971 3443 1040 κτίσμα.
3473 972 3536 1023 Οί

1953 1068 2062 1140 γὰρ
2086 1066 2540 1139 προσποιούμενοι
2570 1065 2668 1138 μὲν
2688 1065 2974 1137 ὀνομάζειν
2996 1065 3096 1136 τὴν
3116 1063 3535 1134 ὁμολογηθεῖσαν

1955 1159 2012 1210 ἐν
2046 1157 2253 1229 Νικαίᾳ
2303 1157 2509 1226 πίστιν,
2567 1156 2874 1228 τολμῶντες
2919 1156 2976 1210 δὲ
3028 1154 3172 1210 κατά
3227 1154 3322 1208 τοῦ
3381 1156 3534 1224 ἁγίου

1953 1249 2273 1322 Πνεύματος
2303 1251 2647 1322 βλασφημεῖν
2677 1249 2788 1322 (25)
2811 1290 2826 1313 ,
2859 1248 3011 1303 οὐδὲν
3065 1249 3225 1303 πλέον
3267 1249 3533 1314 ποιοῦσιν,

1953 1341 1985 1413 ἢ
2026 1341 2123 1414 τὴν
2169 1341 2449 1415 Ἀρειανὴν
2476 1342 2690 1414 αἵρεσιν
2739 1343 2853 1406 τοῖς
2889 1341 2988 1412 μὲν
3029 1341 3267 1412 ῥήμασιν
3313 1339 3536 1410 ἀρνοῦν-

1951 1451 2060 1499 ται,
2087 1435 2166 1506 τῷ
2194 1435 2252 1489 δὲ
2289 1435 2594 1507 φρονήματι
2621 1434 2824 1504 ταύτην
2853 1432 3189 1502 κατέχουσιν.
3236 1432 3537 1504 ’Δναθεμα-

1950 1526 2179 1592 τιζέσθω
2207 1527 2261 1581 δὲ
2287 1527 2437 1600 παρά
2457 1527 2673 1582 πάντων
2705 1530 2739 1600 ἡ
2763 1527 3048 1580 Σαϐελλίου
3087 1527 3181 1579 καὶ
3207 1525 3423 1578 Παύλου
3440 1523 3532 1582 τοῦ

1952 1622 2315 1692 Σαμοσατέως
2339 1622 2582 1686 ἀσέϐεια,
2620 1621 2714 1675 καὶ
2755 1619 3107 1674 Οὐαλεντίνου
3155 1620 3249 1672 καὶ
3290 1619 3535 1672 Βασιλεί-

1951 1710 2041 1764 δου
2074 1711 2184 1782 (26)
2214 1714 2246 1782 ὴ
2281 1712 2449 1782 μανία
2475 1753 2490 1779 ,
2524 1711 2620 1765 καὶ
2651 1710 2761 1765 τῶν
2804 1711 3124 1780 Μανιχαίων
3168 1713 3202 1781 ἡ
3241 1728 3532 1782 παραφρο-

267 1811 426 1854 vetur
456 1802 679 1872 ubique,
715 1811 769 1858 et
806 1803 922 1859 sola
956 1805 1240 1862 catholicae
1273 1804 1530 1864 Ecclesia
1555 1808 1690 1867 ﬁdes
1713 1825 1844 1880 pura

1954 1804 2086 1876 σύνη
2105 1821 2117 1834 °
2152 1805 2352 1858 τούτων
2379 1805 2488 1875 γὰρ
2517 1803 2658 1858 οὐτω
2679 1801 2998 1874 γινομένων,
3035 1803 3185 1856 πᾶσα
3215 1803 3364 1874 παρά
3398 1804 3534 1856 πάν-

267 1905 748 1952 commonstretur.

336 2071 391 2124 4.
426 2068 580 2136 Quod
615 2081 795 2128 autem
822 2074 963 2131 hanc
1020 2083 1301 2134 teneamus
1353 2078 1513 2135 ﬁdem
1562 2096 1688 2136 cum
1723 2098 1846 2149 nos,

271 2166 389 2214 tum
447 2177 640 2218 omnes
694 2165 788 2234 qui
839 2166 1131 2221 nobiscum
1187 2150 1402 2240 semper
1463 2175 1848 2230 communione

261 2252 441 2323 juncti
479 2254 652 2322 fuere,
702 2259 908 2313 nemini
943 2269 1189 2316 vestrum
1239 2277 1418 2332 neque
1470 2265 1561 2320 alii
1605 2267 1844 2339 cuipiam

265 2343 439 2400 latere
476 2347 831 2404 arbitramur.
882 2351 1151 2407 Caeterum
1211 2354 1342 2424 quia
1398 2359 1846 2428 congratulamur

265 2436 333 2492 iis
360 2437 452 2508 qui
486 2439 770 2495 nobiscum
804 2444 1072 2516 conjungi
1127 2455 1406 2515 exoptant,
1440 2450 1698 2508 omnibus
1722 2453 1846 2522 qui—

262 2528 405 2592 dein,
431 2530 525 2586 sed
573 2531 640 2586 iis
692 2535 1040 2605 potissimum
1065 2537 1160 2608 qui
1190 2538 1246 2592 in
1281 2538 1460 2594 Veteri
1493 2544 1842 2607 conveniunt,

259 2619 485 2692 jamque
514 2639 769 2694 magnam
821 2626 1055 2684 Domino
1105 2632 1332 2701 gloriam
1382 2633 1686 2702 retulimus,
1717 2651 1843 2691 cum

263 2711 332 2765 de
359 2712 481 2768 aliis
509 2715 786 2782 omnibus,
824 2726 936 2771 tum
971 2719 1037 2774 de
1079 2721 1226 2778 bono
1285 2725 1480 2779 horum
1527 2727 1841 2796 proposito;

265 2802 553 2858 hortamur
573 2821 670 2860 vos
700 2816 759 2862 ut
792 2807 878 2864 his
914 2812 1321 2870 conditionibus
1374 2819 1666 2874 concordia
1695 2819 1845 2875 inea-

266 2905 390 2961 tur;
429 2905 502 2962 et,
532 2898 610 2952 uti
661 2913 827 2970 supra
872 2899 1134 2972 diximus,
1164 2906 1300 2960 nihil
1337 2908 1462 2977 plus
1513 2909 1622 2977 his,
1649 2911 1719 2966 ab
1767 2912 1838 2967 iis

263 2990 357 3058 qui
413 2991 464 3044 in
512 2989 696 3046 Veteri
739 2995 1092 3063 conveniunt,
1131 2998 1362 3071 exigatis
1411 3020 1424 3056 :
1468 3018 1647 3074 neque
1686 3005 1842 3075 plura

1947 1911 2055 1946 των
2085 1892 2290 1962 ὑποψία
2318 1892 2494 1964 φαύλη
2527 1891 3052 1964 περιαιρεθήσεται,
3107 1891 3203 1945 καὶ
3245 1893 3380 1963 μόνη
3429 1893 3531 1962 τῆς

1947 1984 2238 2054 καθολικῆς
2276 1983 2612 2055 ηἘκκλησίας
2661 1985 2694 2053 ἡ
2713 1983 2896 2046 πίστις
2917 1981 3135 2054 καθαρά
3164 1982 3530 2054 δειχθήσεται.

2016 2075 2066 2128 4.
2103 2075 2223 2128 Ὅτι
2255 2075 2354 2146 μὲν
2379 2069 2471 2128 οὖν
2504 2074 2707 2147 ταύτην
2731 2073 2926 2146 ἔχομεν
2949 2074 3045 2146 τὴν
3078 2074 3258 2128 πίστιν
3285 2075 3449 2145 ἡμεῖς
3473 2092 3533 2128 τε

1945 2167 2041 2221 καὶ
2067 2167 2116 2220 oi
2141 2166 2228 2219 ἀεὶ
2248 2166 2367 2238 μεθ’
2395 2165 2550 2238 ἡμῶν
2565 2165 2662 2238 τὴν
2685 2165 2968 2220 κοινωνίαν
2995 2166 3310 2236 ἐσχηκότες,
3342 2165 3534 2222 οὐδένα

1944 2255 2068 2310 οὐτε
2103 2257 2256 2327 ὑμῶν
2287 2256 2399 2327 (27)
2430 2255 2543 2309 οὐθ’
2581 2255 2769 2326 ’έτερόν
2809 2273 2934 2310 τινα
2966 2256 3179 2324 ἀγνοεῖν
3221 2255 3529 2328 ἡγούμεθα.

1956 2346 2174 2419 Ἐπειδὴ
2189 2347 2246 2400 δὲ
2266 2347 2631 2419 ουγχαίρομεν
2647 2351 2760 2412 τοῖς
2778 2346 3123 2419 βουλομένοις
3140 2347 3530 2417 συνάπτεσθαι,

1945 2439 2080 2492 πᾶσι
2124 2439 2242 2510 μὲν,
2278 2438 2574 2508 ἐξαιρέτως
2604 2437 2661 2491 δὲ
2694 2441 2807 2502 τοῖς
2839 2438 2898 2492 ἐν
2945 2440 3010 2510 τῇ
3045 2439 3260 2510 Παλαιᾷ
3299 2456 3531 2508 συναγο-

1947 2530 2151 2602 μένοις,
2187 2530 2282 2583 καὶ
2314 2529 2548 2600 μάλιστα
2569 2529 2661 2583 τὸν
2695 2529 2807 2601 (28)
2831 2529 3038 2601 Κύριον
3068 2529 3426 2601 ἐδοξάσαμεν,
3455 2531 3533 2594 ὡς

1944 2624 2036 2677 ἐπὶ
2058 2625 2211 2690 πᾶσι,
2235 2623 2329 2678 καὶ
2357 2624 2448 2676 ἐπὶ
2466 2625 2532 2694 τῇ
2562 2622 2741 2696 ἀγαθῇ
2763 2623 3016 2694 προθέσει
3041 2623 3265 2677 τούτων·
3285 2642 3534 2696 παρακα-

1941 2714 2033 2767 λοῦ
2043 2733 2139 2786 μεν
2163 2716 2306 2785 ὑμᾶς
2326 2715 2416 2768 ἐπὶ
2436 2714 2644 2778 τούτοις
2663 2713 3123 2783 γίνεσθαιτούτων
3139 2715 3238 2788 τὴν
3253 2717 3528 2786 ὁμόνοιαν,

1943 2805 2038 2856 καὶ
2070 2803 2233 2874 μηδὲν
2267 2803 2470 2858 τούτων
2498 2803 2680 2868 πλέον,
2699 2803 2841 2858 καθά
2862 2803 3218 2877 προείπομεν,
3242 2807 3383 2877 μήτε
3405 2809 3532 2872 τοὺς

1944 2899 2003 2952 ἐν
2032 2902 2098 2971 τῇ
2127 2899 2338 2970 Παλαιᾷ
2369 2898 2768 2969 συναγομένους
2798 2899 3145 2955 ἀπαιτεῖσθαι
3193 2901 3321 2971 παρ’
3350 2900 3528 2971 ὑμῶν,

1949 2991 2087 3061 μήτε
2114 2992 2238 3054 τοὺς
2266 2991 2396 3061 περὶ
2420 2989 2684 3046 Παυλῖνον
2731 2989 2922 3061 ἕτερόν
2955 3007 3007 3043 τι
3047 2993 3185 3062 μήτε
3223 2989 3336 3062 (29)
3367 2991 3533 3047 πλέον

263 3095 426 3148 quam
454 3095 576 3149 quae
607 3080 800 3138 Nicaeae
842 3087 1058 3141 decreta
1113 3097 1265 3154 sunt,
1317 3087 1530 3147 Paulini
1581 3109 1844 3166 sequaces

1954 3083 2053 3143 τῶν
2086 3085 2144 3136 ἐν
2170 3083 2376 3156 Νικαίᾳ
2408 3081 2828 3155 προϐάλλεσθαι.

263 3180 592 3239 proponant.

334 3261 383 3316 ὅ.
422 3261 594 3328 Quam
625 3264 791 3335 igitur
821 3266 1074 3320 nonnulli
1119 3266 1329 3337 jactant
1367 3269 1643 3337 tabellam,
1681 3275 1840 3343 quasi

266 3352 317 3409 in
352 3349 665 3408 Sardicensi
699 3355 906 3425 synodo
940 3353 1008 3410 de
1062 3355 1166 3412 ﬁde
1218 3359 1602 3428 compositam,
1640 3377 1709 3418 ne
1738 3365 1841 3435 legi

265 3444 486 3512 quidem
533 3447 761 3501 omnino
791 3457 885 3503 aut
932 3448 1164 3519 proferri
1194 3450 1386 3506 sinatis
1419 3468 1433 3504 :
1471 3453 1606 3508 nihil
1642 3455 1843 3526 quippe

262 3533 531 3602 ejusmodi
592 3536 838 3592 definivit
875 3540 1136 3610 synodus.
1197 3539 1462 3608 Quamvis
1520 3545 1664 3601 enim
1705 3561 1844 3602 non-

264 3625 403 3679 nulli
454 3628 788 3696 postularint
835 3640 896 3686 ut
929 3633 1177 3702 quaedam
1207 3638 1274 3688 de
1304 3633 1409 3690 ﬁde
1444 3636 1840 3705 scriberentur,

264 3720 422 3789 quasi
455 3721 661 3791 aliquid
691 3721 924 3780 Nicaenae
963 3727 1172 3797 synodo
1206 3728 1440 3797 deesset,
1472 3740 1636 3802 atque
1666 3732 1720 3788 id
1744 3733 1842 3787 ob-

263 3811 439 3872 tinere
478 3821 680 3870 temere
713 3818 896 3872 conati
920 3816 1152 3885 fuerint;
1195 3822 1439 3891 synodus
1477 3831 1659 3879 tamen
1708 3823 1840 3880 Sar-

262 3903 398 3959 dicae
420 3915 608 3961 coacta
640 3922 754 3962 rem
797 3907 1019 3978 indigne
1070 3911 1212 3978 tulit,
1257 3914 1596 3986 sancivitque
1629 3926 1688 3971 ut
1721 3917 1843 3972 nul-

262 3996 373 4052 lum
407 3997 548 4053 ultra
575 3999 640 4054 de
669 3999 774 4054 lide
803 4001 1055 4057 ederetur
1105 4005 1456 4075 rescriptum,
1488 4009 1584 4064 sed
1621 4009 1840 4066 suﬁice-

261 4096 347 4143 ret
393 4089 528 4145 ﬁdes
583 4105 615 4145 a
671 4090 926 4150 Patribus
985 4092 1181 4150 Nicaea:
1256 4099 1625 4172 promulgata,
1675 4103 1838 4173 617

260 4183 461 4252 quippe
493 4199 613 4254 quae
655 4185 708 4239 in
733 4187 882 4241 nullo
936 4187 1210 4256 deﬁceret,
1263 4190 1355 4245 sed
1410 4193 1568 4262 plena
1621 4194 1840 4264 pictatis

261 4285 408 4331 esset
439 4295 452 4331 :
481 4277 776 4347 statuitque
833 4294 901 4334 ne
959 4280 1128 4335 altera
1179 4281 1429 4338 ederetur
1475 4283 1600 4340 ﬁdei
1633 4285 1842 4356 profes-

262 4365 368 4430 sio,
397 4382 465 4420 ne
488 4382 610 4436 quae
659 4367 852 4422 Nicaeae
898 4370 1207 4440 conscripta
1264 4371 1461 4437 fuerat,
1525 4375 1840 4445 imperfecta

2019 3277 2073 3332 5.
2115 3277 2226 3330 Καὶ
2257 3275 2318 3328 τὸ
2367 3274 2631 3347 θρυληθὲν
2662 3275 2796 3344 γοῦν
2824 3274 2977 3346 παρά
3003 3293 3166 3329 τινων
3209 3276 3492 3331 πιττάκιον
3511 3317 3530 3342 ,

1948 3366 2023 3431 ὡς
2055 3368 2111 3422 ἐν
2137 3369 2203 3438 τῇ
2235 3365 2375 3420 κατά
2397 3365 2666 3438 Σαρδικὴν
2694 3366 2896 3438 συνόδῳ
2930 3366 3224 3438 συνταχθὲν
3263 3367 3392 3439 περὶ
3439 3369 3531 3421 πί-

1952 3475 2138 3522 στεως,
2163 3457 2400 3512 κωλύετε
2433 3459 2536 3512 κᾶν
2564 3458 2700 3522 ὅλως
2735 3457 3204 3528 ἀναγινώσκεσθαι
3247 3459 3279 3530 ἢ
3313 3460 3530 3531 ,προφέ-

1951 3547 2168 3618 ρεσθαι’
2197 3547 2348 3602 οὐδὲν
2379 3547 2488 3620 γὰρ
2519 3549 2757 3602 τοιοῦτον
2783 3549 2981 3622 ὥρισεν
3007 3551 3040 3621 ή
3073 3549 3306 3613 σύνοδος.
3347 3549 3532 3615 Ἠξίω-

1952 3656 2049 3693 σαν
2079 3639 2178 3709 μὲν
2203 3638 2312 3708 γάρ
2341 3657 2512 3703 τινες,
2556 3638 2631 3702 ὡς
2663 3639 2874 3704 ἐνδεοῦς
2904 3638 3072 3711 οὐσης
3106 3640 3216 3712 (50)
3255 3644 3353 3712 τῆς
3387 3642 3530 3696 κατὰ

1948 3731 2184 3784 Νίκαιαν
2219 3731 2458 3795 συνόδου,
2489 3731 2699 3804 γράψαι
2727 3732 2857 3804 περὶ
2877 3733 3136 3799 πίστεως,
3166 3731 3259 3786 καὶ
3306 3733 3526 3803 ἐπεχεί-

1952 3823 2124 3893 ρησάν
2148 3839 2212 3890 γε
2243 3821 2529 3893 προπετῶς
2548 3839 2562 3853 ο
2597 3823 2709 3894 ἡδὲ
2738 3823 2868 3892 ἁγία
2895 3823 3110 3889 σύνοδος
3142 3827 3176 3896 ἠ
3199 3826 3257 3878 ἐν
3288 3825 3526 3896 Σαρδικῇ

1951 3913 2276 3985 συναχθεῖσα
2302 3913 2672 3986 ἠγανάκτησε,
2716 3915 2812 3969 καὶ
2843 3914 3011 3987 ὥρισε
3061 3917 3226 3988 μηδὲν
3269 3916 3350 3970 ἔτι
3396 3918 3529 3989 περὶ

1949 4007 2185 4070 πίστεως
2225 4005 2554 4078 γράφεσθαι,
2591 4005 2705 4059 ἀλλ’
2755 4007 3042 4076 ἀρκεῖσθαι
3095 4011 3163 4080 τῇ
3211 4010 3270 4062 ἐν
3321 4008 3527 4080 Νικαίᾳ

1950 4095 2101 4168 παρὰ
2133 4095 2241 4150 τῶν
2287 4097 2398 4166 (51)
2446 4096 2706 4169 Πατέρων
2734 4097 3127 4171 ὁμολογηθείσῃ
3177 4098 3393 4165 πίστει,
3437 4099 3527 4153 διὰ

1948 4186 2008 4240 τὸ
2039 4186 2202 4258 μηδὲν
2233 4186 2368 4258 αὐτῇ
2393 4187 2622 4254 λείπειν,
2652 4187 2786 4242 ἀλλὰ
2818 4189 3001 4262 πλήρη
3037 4189 3322 4255 εὐσεϐείας
3364 4188 3524 4256 εἷναι,

1947 4281 2041 4334 καὶ
2065 4282 2147 4333 ὅτι
2181 4280 2254 4353 μὴ
2277 4280 2387 4333 δεῖν
2411 4279 2669 4353 δευτέραν
2694 4281 3005 4336 ἐκτίθεσθαι
3027 4281 3232 4346 πίστιν,
3267 4284 3355 4336 ἴνα
3384 4284 3460 4355 μὴ
3488 4287 3523 4356 ή

1949 4376 2006 4427 ἐν
2044 4374 2250 4445 Νικαία
2295 4376 2568 4444 γραφεῖσα
2611 4373 2685 4437 ὡς
2738 4373 2934 4446 ἀτελὴς
2985 4371 3120 4430 οὖσα
3149 4376 3403 4447 νομισθῇ,
3434 4378 3528 4432 καὶ

187 4497 192 4503 -
260 4468 626 4528 reputarctur,
660 4476 796 4515 neve
818 4465 1036 4516 occasio
1061 4465 1128 4519 iis
1183 4465 1426 4533 daretur,
1462 4468 1556 4535 qui
1591 4484 1842 4539 saepenu-

1954 4461 2219 4533 πρόφασις
2247 4461 2372 4533 δοθῇ
2412 4465 2525 4526 τοῖς
2556 4462 2799 4517 ἐθέλουσι
2843 4464 3103 4528 πολλάκις
3143 4466 3380 4536 γράφειν
3432 4468 3526 4522 καὶ

261 4567 416 4609 mero
453 4553 520 4607 de
566 4553 671 4608 ﬁde
726 4554 966 4609 scribere
1006 4572 1070 4611 ac
1101 4557 1330 4612 deﬁnire
1361 4560 1569 4616 volunt.
1595 4558 1753 4617 Unde
1793 4563 1841 4619 si

261 4643 387 4714 quis
411 4643 544 4699 illud
589 4645 806 4700 aliudve
858 4659 1151 4718 proponat,
1199 4650 1530 4719 compescite
1567 4651 1840 4721 homines,

301 4802 448 4890 .(24)
487 4801 566 4858 lta
593 4803 796 4876 Regius
835 4813 890 4859 et
929 4777 1131 4860 caueri.
1180 4761 1324 4862 Editi
1355 4822 1502 4875 vero,
1533 4809 1596 4862 τὸ
1631 4809 1844 4883 ἀποπη-

329 4890 356 4926 ν

303 4930 314 4946 ’
332 4945 446 5016 (25)
487 4945 709 5016 Regius,
735 4946 1060 5016 δυσφημεῖν.

263 5085 305 5144 Β
335 5015 449 5140 (2f)
492 5015 716 5088 Seguer.
745 5015 1046 5071 Βασιλίδου.
1084 5015 1218 5073 Ibid.
1281 5018 1495 5074 articul.
1529 5021 1563 5093 ἡ
1603 5020 1755 5078 deest
1785 5022 1842 5078 in

309 5102 384 5142 asn
413 5127 434 5141 .

309 5102 434 5142 asu.

273 5227 286 5244 '
339 5158 452 5282 (a2?)
495 5157 586 5214 Sic
617 5158 839 5230 Regius,
873 5159 998 5233 Seg.
1047 5169 1103 5216 et
1149 5160 1317 5216 Basil.
1352 5159 1497 5217 Editi
1529 5177 1682 5230 vero,
1715 5161 1843 5217 οὔτε

273 5245 341 5282 νυ.
384 5246 432 5282 ς.

265 5245 432 5292 υμας.

303 5245 447 5370 “(digii
489 5301 692 5370 Regius
721 5304 915 5367 codex,
949 5302 1042 5358 καὶ
1075 5303 1176 5374 ἤδη
1202 5302 1315 5374 τόν.
1352 5300 1702 5374 Moxuomnes
1728 5320 1844 5358 ma-

265 5373 530 5445 nuscripti
577 5374 844 5445 et_editio
877 5372 1104 5445 Comm.
1144 5372 1429 5445 προθέσει.
1485 5372 1625 5445 Edit.
1668 5373 1841 5430 Paris.

264 5441 579 5514 προσθέσει.
637 5441 808 5500 Paulo
845 5455 988 5514 post,
1043 5441 1471 5514 Segfctgeditio
1519 5443 1732 5514 Comm.
1760 5445 1846 5513 γί-

264 5512 508 5579 γνεσθαι.
539 5513 612 5566 De
648 5513 732 5568 his
761 5512 885 5570 vide
920 5512 1199 5575 Ruﬁnum,
1239 5512 1384 5567 Hist.
1421 5513 1628 5581 eccles.,
1668 5531 1719 5571 c.
1744 5512 1842 5580 28,

264 5593 316 5635 et
340 5581 698 5653 Athanasium
728 5585 886 5653 epist.
924 5586 989 5639 ad
1019 5585 1367 5638 Ruﬁnianum
1398 5583 1560 5637 infra.

337 5652 568 5724 (29)__lta
612 5651 837 5721 Regius.
874 5655 1015 5708 Editi
1053 5670 1181 5708 vero
1237 5663 1291 5708 et
1341 5654 1454 5724 alii,
1504 5655 1659 5724 μηδέ.
1718 5655 1841 5710 Mox

266 5721 397 5794 Reg.
432 5721 566 5793 ch.
597 5724 756 5779 Gobl.
787 5734 840 5778 ct
865 5725 1100 5780 Fclckm.
1140 5725 1369 5794 primus,
1400 5721 1684 5796 Θρυληθέν.
1720 5727 1840 5782 Edi-

1947 4553 2148 4626 ὁρίζειν
2178 4556 2306 4625 περὶ
2335 4555 2590 4618 πίστεως.
2626 4556 2782 4610 Ὅθεν
2811 4556 2912 4610 κᾶν
2948 4557 3105 4611 τοῦτό
3129 4575 3234 4623 τις,
3276 4559 3309 4629 ἢ
3339 4559 3524 4630 ἕτερον

1946 4646 2337 4720 προϐάλληται,
2364 4646 2565 4701 παύετε
2589 4649 2717 4712 τοὺς
2746 4649 3042 4715 τοιούτους,
3093 4651 3190 4708 καὶ⁹
3225 4649 3425 4721 μᾶλλον
3451 4651 3525 4705 εί-

1946 4809 2015 4880 ti,
2043 4807 2361 4880 Θρυλληθέν.
2387 4806 2524 4863 Ibid.
2572 4825 2763 4866 omnes
2799 4810 3182 4880 manuscripti,
3218 4810 3520 4864 πιττάκιον.

1945 4879 2125 4934 Editio
2149 4879 2363 4934 Comm.
2395 4881 2724 4944 πιπτάκιον;
2771 4881 2945 4935 Paris.
2991 4879 3263 4935 πινάκιον.
3313 4880 3392 4934 Ea
3427 4897 3527 4935 au-

1944 4959 2052 5020 tem
2077 4949 2276 5020 tabella
2300 4950 2368 5003 de
2393 4950 2518 5015 ﬁde,
2538 4966 2633 5006 seu
2665 4951 2788 5006 ﬁdei
2805 4951 3102 5010 confessio.
3123 4951 3355 5006 habetur
3379 4951 3521 5020 apud

1945 5018 2348 5094 Theudor-etum
2380 5020 2477 5094 lib:
2497 5035 2582 5094 An,
2615 5036 2666 5094 ο.
2702 5021 2755 5085 8,
2793 5022 3252 5094 subjungiturque
3277 5018 3526 5094 epistola

1944 5089 2234 5161 encyclicae
2261 5088 2471 5161 synodi'
2493 5088 2837 5147 Sardiceusis
2871 5088 3082 5160 {atque
3111 5088 3216 5146 huc
3243 5088 3402 5161 pacto
3441 5093 3526 5145 in-

1944 5161 2117 5230 cipit:
2153 5160 2605 5230 ἀποκηρύττομεν
2653 5161 2712 5214 δὲ
2759 5163 3020 5226 ἐκείνους,
3053 5173 3156 5216 etc.
3206 5160 3285 5215 lbi
3323 5162 3526 5218 videsis

1943 5229 2011 5301 p.’
2029 5230 2118 5286 80.
2151 5229 2468 5301 Moxeditio
2501 5229 2742 5296 Comm.,
2774 5233 3012 5296 συνόδον,
3052 5232 3211 5286 male.

2015 5302 2135 5372 (50)
2167 5300 2245 5354 lta
2276 5299 2484 5372 Regius
2519 5318 2682 5371 quem
2714 5303 3022 5372 sequimur.
3054 5302 3198 5357 Editi
3227 5309 3281 5356 et
3314 5300 3526 5365 alii,ib;

1945 5366 2140 5435 ἐνδεῶξ
2164 5366 2418 5441 ἐχούσης.

2015 5443 2126 5512 (51)
2171 5441 2262 5495 Sic
2296 5439 2608 5512 κερδεὲ
2661 5441 2826 5497 Basil.
2877 5457 2931 5496 et
2976 5442 3136 5498 Gobl.
3169 5441 3354 5503 Editi,
3390 5442 3523 5512 παρ’

1945 5510 2131 5576 αὐτοῦ,
2166 5512 2326 5565 male.
2378 5510 2524 5583 infra
2565 5510 2778 5581 Regius
2817 5522 2870 5567 et
2909 5512 3067 5567 Gobl.
3129 5513 3373 5583 πλήρης.
3398 5510 3521 5564 Mox

1945 5598 2138 5637 omnes
2181 5582 2540 5654 manuscripti
2573 5593 2644 5654 _et
2690 5583 2844 5654 editi,
2886 5583 2960 5654 μὴ
2989 5584 3120 5636 δεῖν.
3150 5581 3416 5654 ΙΠΉειιίο
3443 5594 3524 5634 ta—

1945 5669 2068 5724 men
2120 5670 2148 5705 ν
2197 5654 2390 5724 ιψιοεο
2419 5651 2540 5708 fuit.
2573 5651 2744 5709 Paulo
2779 5651 2922 5723 post,
2949 5651 3189 5710 'articul.
3219 5655 3252 5724 ἡ
3278 5653 3434 5707 deest
3471 5654 3524 5704 in

1945 5723 2180 5780 editione
2206 5721 2420 5777 Comm.
