3824 6224
305 287 414 347 εοι

1481 282 1719 344 TOMUS
1753 285 1844 342 AD
1882 283 2392 342 ANTIOCHENOS.

3455 288 3565 344 802

307 400 561 478 ρηνεὺειν
589 399 784 465 αὑτοὺς
809 401 1024 454 πείθετε
1045 418 1059 432 ο
1092 400 1186 454 κα)⁵
1211 399 1320 473 γὰρ
1343 401 1496 455 οὐδὲν
1523 403 1685 458 πλέον
1717 403 1861 456 συνεί

1993 412 2154 472 atque
2182 403 2248 456 ad
2311 400 2553 457 studium
2609 399 2758 470 pacis
2821 400 3004 470 potius
3047 375 3391 458 hortamini:
3428 406 3569 461 nihii

301 495 470 566 δομεν
500 495 559 546 ἐν
583 492 793 556 τούτοις
819 491 851 563 ἢ
877 491 1208 560 φιλονεικίαν
1239 491 1427 563 μόνην.
1459 491 1567 556 Οὑς
1591 493 1702 565 γὰρ
1720 495 1890 564 ἐμέμ-

303 584 473 655 φοντό
522 601 666 647 τινες
702 583 778 646 ὡς
823 586 972 655 τρεῖς
1023 582 1280 651 λέγοντας
1310 583 1659 647 ὑποστάσεις,
1705 584 1793 637 διὰ
1831 585 1892 637 τὸ

301 676 592 747 ἀγράφους
617 675 707 727 καὶ
737 675 1012 738 ὑπόπτους
1030 673 1255 728 αὐτόθεν
1274 670 1411 727 εἶναι
1437 674 1730 739 τὰς,λέξεις
1753 676 1888 745 (52),

299 765 622 837 ἠξιώσαμεν
654 767 751 837 μὲν
781 767 946 836 μηδὲν
971 765 1131 820 πλέον
1158 763 1436 837 ἐπιζητεῖν
1466 766 1604 836 πλὴν
1625 767 1723 836 τῆς
1750 766 1890 820 κατὰ

300 860 544 913 Νίκαιαν
573 859 862 930 ὁμολογίας
883 877 897 890 ·
921 859 1286 930 ἀνεκρίναμεν
1307 859 1362 912 δὲ
1385 859 1533 929 ὅμως
1557 859 1778 922 τούτους
1801 859 1890 912 διὰ

297 948 406 1020 τὴν
437 950 788 1020 φιλονεικίαν,
843 951 918 1022 μὴ
973 947 1061 1021 ἆρ’
1100 950 1176 1012 ὼς
1218 952 1266 1002 οί
1321 949 1432 1020 (55)
1487 951 1890 1021 Ἀρειομανῖται

296 1037 557 1107 λέγουσιν
590 1040 1110 1110 ἁπηλλοτριωμένας
1133 1039 1226 1093 καὶ
1259 1038 1699 1110 ἀπεξενωμένας,
1731 1040 1888 1094 ἀλλο-

295 1130 766 1203 τριοουσίους(54)
785 1149 843 1184 τε
869 1131 1242 1203 ἀλλήλων,καί
1281 1131 1517 1202 ἑκάστην
1546 1132 1666 1186 καθ’
1693 1133 1893 1204 ἑαυτὴν

297 1222 604 1277 ὑπόστασιν
631 1221 989 1294 διῃρημένην,
1013 1223 1089 1286 ὼς
1113 1221 1228 1274 ἔστι
1248 1223 1317 1276 τά
1343 1239 1402 1276 τε
1427 1221 1562 1276 ἄλλα
1592 1223 1888 1294 κτίσματα,

294 1313 401 1368 καὶ
426 1315 470 1365 οί
504 1313 562 1378 ἐξ
592 1311 892 1385 ἀνθρώπων
921 1313 1249 1384 γεννώμενοι
1270 1331 1283 1345 ο
1315 1312 1348 1384 ἢ
1382 1313 1571 1386 ὥσπερ
1601 1315 1890 1386 διαφόρους

291 1403 512 1468 οὐσίας,
532 1403 718 1476 ὥσπερ
739 1405 855 1458 ἐστὶ
871 1404 1091 1476 χρυσὸς,
1113 1403 1146 1477 ἢ
1170 1405 1427 1477 ἄργυρος,
1447 1408 1479 1479 ἢ
1499 1409 1717 1478 χαλκὸς,
1749 1408 1892 1462 οὑτω

293 1495 398 1550 καὶ
415 1496 568 1548 αὑτοὶ
589 1495 819 1563 λέγωσιν
837 1496 945 1566 (55)
969 1512 980 1528 ’
1004 1497 1036 1568 ἢ
1065 1495 1139 1561 ὡς
1159 1498 1306 1552 ἄλλοι
1327 1500 1593 1570 αἰρετικοὶ
1615 1503 1762 1572 τρεῖς
1795 1502 1892 1572 ἀρ-

291 1583 406 1656 χὰς
433 1586 525 1637 καὶ
551 1588 699 1657 τρεῖς
729 1586 884 1649 Θεοὺς
908 1585 1327 1653 λέγουσιν,οῦτω
1355 1589 1448 1641 καὶ
1466 1585 1608 1644 οὗτοι
1631 1590 1890 1660 φρονοῦν-

290 1691 416 1739 τες,
444 1677 589 1746 τρεῖς
636 1677 964 1739 ὑποστάσεις
1017 1676 1216 1745 λέγωσι
1257 1679 1404 1749 (56);
1432 1680 1891 1736 Διεδεϐαιώσαντο

1992 495 2138 546 enim
2165 494 2220 546 in
2250 492 2371 546 istis
2407 492 2759 561 agnoscimus
2789 506 2955 562 quam
3003 493 3178 546 solum
3205 495 3566 550 contendendi

1992 583 2255 638 studium.
2286 580 2421 636 Nam
2461 596 2600 652 quos
2625 582 2848 652 quidam
2905 582 3251 648 incusabant,
3274 584 3419 653 quod
3449 593 3561 640 tres
3676 634 3684 641 .

1992 671 2315 742 liypostases
2353 671 2616 736 dicerent,
2665 670 2796 740 quia
2822 671 2906 726 hae
2935 686 3097 727 voces
3130 687 3254 727 cum
3315 672 3371 727 in
3418 672 3567 728 Scri-

1990 771 2148 830 ptura
2171 775 2282 814 non
2309 759 2801 825 habeantur,'liinc
2831 769 3099 830 suspectae
3151 777 3271 817 esse
3300 772 3561 832 possunt;

1990 851 2305 921 rogavimus
2339 859 2398 904 ut
2439 851 2576 905 nihil
2607 861 2798 921 praeter
2830 849 3106 907 Nicaznam
3159 851 3585 909 confessionem.

1992 943 2288 1012 inquirant.
2317 941 2445 998 Illos
2474 951 2654 997 tamen
2679 945 3046 1000 contentionis
3077 945 3363 1000 occasione
3390 947 3576 1016 inter-5

1993 1038 2328 1108 rogavimus,
2361 1052 2506 1092 anne
2536 1045 2595 1090 ut
2621 1036 2977 1092 Ariomanita;
3015 1038 3204 1093 dicunt
3237 1038 3564 1110 bypnstases

1992 1127 2114 1181 illas
2160 1127 2366 1181 alienas
2417 1125 2865 1196 peregrinasque,
2897 1141 2961 1182 ac
3003 1126 3231 1182 diversae
3259 1144 3289 1182 a
3335 1144 3394 1184 se
3427 1131 3566 1184 invi-

1991 1233 2109 1274 cem
2150 1218 2489 1284 substantiae,
2519 1225 2574 1272 et
2606 1231 3051 1288 unamquamque
3102 1219 3420 1289 hypostasin
3475 1236 3565 1274 se-

1991 1311 2228 1364 cundum
2259 1326 2317 1365 se
2370 1311 2438 1364 ab
2487 1309 2658 1362 altera
2710 1309 2964 1372 divisam,
3001 1321 3061 1364 ut
3103 1319 3232 1364 sunt
3257 1312 3375 1367 alia:
3409 1327 3564 1367 crea-

1992 1407 2148 1463 turae,
2179 1413 2279 1453 nec
2306 1413 2415 1452 non
2475 1397 2567 1466 qui
2605 1412 2671 1451 ex
2712 1397 3032 1453 hominibus
3087 1409 3391 1454 nascuntur
3431 1419 3446 1468 ;
3481 1401 3562 1455 vel

1991 1491 2144 1560 quasi
2175 1490 2417 1545 diversas
2454 1487 2806 1554 substantias,
2833 1487 2994 1557 quale
3013 1496 3097 1543 est
3124 1504 3342 1554 aurum,
3371 1505 3564 1559 argen-

1992 1591 2106 1635 tum
2139 1589 2192 1635 et
2215 1595 2328 1634 aes:
2367 1581 2448 1635 sic
2477 1589 2532 1634 et
2559 1581 2663 1650 ipsi
2693 1579 2940 1634 dicerent
2973 1598 2986 1634 :
3023 1595 3090 1634 an
3143 1579 3286 1634 sicut
3333 1581 3422 1634 alii
3451 1582 3561 1637 I18-

1993 1673 2167 1734 retici,
2199 1673 2301 1726 tria
2326 1671 2610 1742 principia,
2637 1679 2692 1726 et
2732 1680 2842 1726 tres
2886 1670 3028 1725 Deos
3071 1685 3192 1726 esse
3239 1671 3445 1738 dicunt,
3472 1687 3564 1726 ea-

295 1767 442 1836 μήτε
464 1742 660 1834 λέγειν,
682 1767 819 1837 μήτε
839 1742 1237 1838 πεφρονηκέναι
1256 1742 1596 1834 ποτὲ-οὑτως.
1617 1773 1861 1843 Ἐρωτὼν

1992 1766 2113 1820 dem
2147 1765 2247 1834 ipsi
2280 1765 2545 1820 sententia
2581 1763 2922 1818 afﬁrmarent
2969 1771 3079 1817 tres
3130 1776 3253 1817 esse
3303 1762 3562 1833 ltypostac

739 1855 1028 1874 9,,9‘I'I‘
1113 1853 1138 1873 τ’

287 1946 438 2010 ὅλως
455 1947 729 2010 τοιαύταις
744 1948 976 2020 χρῆσθαι
993 1950 1103 2020 (57)
1117 1950 1326 2014 λέξεσιν
1351 1969 1364 2014 ;
1397 1953 1780 2024 ἀπεκρίναντο,
1798 1954 1861 2008 δι‹

1989 1946 2250 2010 sensisse,
2282 1944 2649 2000 afﬁrmabant.
2682 1943 2850 1999 Nobis
2879 1953 3058 1998 autem
3087 1945 3558 2013 percontantibus,

287 2039 362 2091 τὸ
387 2040 467 2101 εἰς
493 2039 650 2106 ἁγίαν
685 2039 892 2110 Τριάδα
918 2041 1214 2105 πιστεύειν,
1267 2043 1368 2096 οὑκ
1412 2041 1635 2113 ὀνόματι
1678 2045 1861 2116 Τριάδι

1989 2039 2083 2108 qui
2109 2053 2239 2108 ergo
2263 2039 2381 2093 haec
2401 2037 2721 2092 dicitisiaut
2745 2052 2914 2106 quare
2944 2036 3156 2091 tandem
3180 2036 3559 2106 hujuscemodi

294 2130 485 2201 μόνον,
524 2131 638 2184 ἀλλ’
671 2130 886 2204 ἀληθῶς
909 2128 1072 2186 οὖσαν
1093 2135 1186 2187 καὶ
1212 2135 1530 2203 ὑφεστῶσαν
1551 2177 1564 2201 ,
1589 2137 1804 2209 Πατέρα
1823 2156 1861 2192 τι

1984 2129 2247 2184 vocabula
2308 2128 2619 2198 usurpatis?
2666 2128 3064 2198 reSponderunt
3120 2127 3198 2182 illi
3237 2144 3250 2181 :
3291 2127 3367 2183 Eo
3415 2129 3560 2198 quod

288 2222 516 2293 ἀληθῶς
531 2223 660 2277 ὄντα
680 2225 777 2278 καὶ
794 2225 1098 2294 ὑφεστῶτα,
1124 2227 1218 2280 καὶ
1239 2227 1367 2280 Υίὺν
1381 2228 1491 2298 (58)
1505 2228 1718 2300 ἀληθῶς
1740 2231 1860 2284 ἐνού

1995 2239 2050 2292 in
2093 2246 2338 2294 sanctam
2396 2236 2718 2293 Trinitatem
2795 2239 3104 2307 credamus,
3174 2253 3284 2294 non
3338 2240 3560 2295 nomine

289 2330 414 2368 σιον
440 2315 567 2370 ὄντα
599 2318 692 2370 καὶ
725 2317 1029 2386 ὑφεστῶτα,
1058 2319 1152 2370 καὶ
1185 2318 1407 2389 Πνεῦμα
1446 2320 1597 2388 ἅγιον
1645 2321 1860 2390 ὑφεστὼ

1992 2339 2152 2385 tenus
2194 2329 2540 2394 Trinitatem,
2571 2330 2665 2384 sed
2703 2345 2825 2400 quae
2867 2346 2996 2385 vere
3039 2331 3112 2386 sit
3146 2339 3202 2386 et
3251 2332 3554 2387 subsistat:

285 2407 394 2461 καὶ
432 2407 676 2478 ὑπάρχον
704 2409 945 2480 οἴδαμεν,
979 2411 1117 2481 μήτε
1139 2409 1196 2462 δὲ
1239 2409 1519 2480 εἰρηκέναι
1552 2414 1699 2482 τρεῖς
1732 2413 1861 2465 θεοί)⁴

1993 2420 2255 2474 nimirum
2279 2417 2492 2474 Patrem
2521 2433 2648 2474 vere
2677 2420 3032 2474 exsistentem
3056 2430 3108 2475 et
3137 2421 3554 2483 subsistentem,

285 2498 328 2568 ἢ
362 2497 473 2568 (59)
505 2502 656 2569 τρεῖς
685 2500 880 2570 ἀρχὰς,
927 2501 1052 2572 μήθ’
1083 2502 1221 2564 ὅλως
1247 2501 1542 2573 ἀνέχεσθαι
1585 2502 1696 2555 τῶν
1728 2503 1861 2557 τοῦυτι

1992 2513 2192 2567 Filium
2233 2512 2362 2567 item
2408 2527 2534 2566 vere
2582 2511 2994 2567 substantialem
3054 2527 3118 2567 ac
3145 2512 3554 2577 subsistentem,

285 2587 586 2658 λεγόντων,
633 2589 667 2659 ἢ
713 2588 1050 2660 φρονούντων
1077 2609 1091 2622 ·
1146 2591 1262 2644 ἀλλ’
1309 2592 1505 2646 εἰδέναι
1557 2594 1720 2663 ἁγίαν
1781 2595 1861 2666 μὲτ

1989 2598 2362 2670 Spiritumque
2385 2607 2632 2654 sanctum
2655 2598 3044 2656 subsistentem
3089 2609 3143 2657 et
3202 2602 3554 2659 exsistenlem

286 2681 527 2752 Τριάδα,
555 2681 682 2752 μίαν
713 2682 771 2734 δὲ
798 2682 1046 2754 θεότητα,
1076 2685 1169 2736 καὶ
1199 2683 1310 2753 (40)
1344 2685 1474 2754 μίαν
1523 2687 1696 2756 ἀρχὴν
1718 2726 1733 2750 ,
1787 2705 1861 2742 κα

1984 2694 2348 2764 agnoscimus.
2379 2691 2490 2748 Nec
2513 2705 2694 2748 tamen
2721 2708 2779 2748 se
2799 2693 3005 2749 dixisse
3030 2695 3245 2750 aiebant
3272 2705 3383 2752 tres
3417 2695 3556 2752 Deos

285 2777 427 2830 Υῐδν
463 2778 561 2848 μὲν
592 2776 874 2848 ὁμοούσιον
906 2777 984 2849 τῷ
1013 2779 1208 2850 Πατρὶ,
1241 2779 1317 2843 ὼς
1340 2773 1493 2834 εἶπον
1525 2782 1574 2833 οἰ
1620 2782 1861 2859 Πατέρες

1984 2796 2074 2840 aut
2097 2785 2198 2839 tria
2227 2784 2519 2855 principia,
2553 2799 2655 2839 nec
2688 2784 2914 2839 omnino
2936 2799 3030 2840 eos
3071 2787 3164 2857 qui
3197 2787 3271 2842 ita
3310 2789 3558 2844 dicerent

285 2869 358 2923 τὸ
381 2870 438 2923 δὲ
471 2869 624 2938 ἅγιον
645 2867 891 2940 Πνεῦμα,
917 2871 978 2922 οὑ
1007 2871 1233 2940 κτίσμα,
1262 2871 1382 2924 οὑδὲ
1406 2869 1573 2937 ξένον,
1608 2873 1721 2926 ἀλλ’
1755 2875 1861 2928 ῐδιο⁴

1984 2880 2330 2942 sentirentve,
2367 2878 2598 2932 tolerare
2629 2893 2641 2930 :
2673 2878 2766 2932 sed
2799 2892 2858 2932 se
2909 2887 3152 2933 sanctam
3183 2880 3403 2950 quidem
3434 2879 3556 2935 Tri-

286 2960 392 3014 καὶ
413 2961 710 3033 ἀδιαίρετον
739 2961 840 3032 τῆς
867 2961 1053 3024 οὑσίας
1082 2960 1175 3014 τοῦ
1209 2960 1338 3014 Υίοῦ
1367 2964 1460 3016 καὶ
1489 2963 1582 3016 τοῦ
1616 2965 1851 3036 Πατρός.

1984 2969 2203 3022 nitatem
2254 2981 2570 3037 agnoscere,
2629 2982 2906 3037 unamque
2951 2976 3130 3024 tamen
3180 2971 3434 3027 deitatem
3489 2989 3554 3026 ac

285 3070 469 3109 unum
510 3055 861 3125 principium,
911 3069 976 3110 ac
1013 3053 1210 3109 Filium
1265 3055 1485 3124 quidem
1542 3055 1690 3110 Patri
1738 3059 2279 3126 consubstantialem,
2329 3067 2389 3112 ut
2436 3058 2625 3113 Patres
2677 3058 3058 3127 declararunt,
3111 3071 3362 3118 sanctum
3424 3079 3556 3121 vero

288 3145 584 3217 Spiritum,
613 3163 722 3202 non
744 3156 1075 3211 creaturam,
1104 3164 1279 3219 neque
1317 3149 1552 3203 alienum
1575 3189 1590 3215 ,
1639 3151 1731 3205 sed
1779 3155 2080 3222 proprium,
2108 3162 2162 3208 et
2189 3167 2219 3207 a
2250 3151 2555 3207 substantia
2583 3149 2704 3204 Filii
2738 3158 2792 3204 et
2820 3149 2997 3206 Patris
3024 3151 3340 3209 indivisum.

367 3241 422 3294 6.
465 3239 876 3310 Ἀποδεξάμενοι
901 3239 959 3292 δὲ
989 3239 1194 3294 τούτων
1220 3241 1316 3312 τὴν
1341 3241 1635 3313 ἑρμηνείαν
1659 3243 1768 3296 τῶν
1797 3243 1861 3296 λέι

2043 3245 2097 3300 6.
2124 3243 2434 3314 Approbata
2462 3242 2630 3312 igitur
2657 3241 2926 3310 ejusmodi
2961 3249 3016 3296 et
3057 3257 3254 3298 vocum
3287 3246 3554 3315 interpre-

289 3331 453 3396 ξεων,
474 3330 568 3385 καὶ
598 3331 695 3402 τὴν
720 3331 1034 3398 ἀπολογίαν,
1081 3331 1442 3402 ἀνεκρίναμεν
1483 3331 1591 3402 (41)
1630 3334 1758 3396 τοὺς
1789 3335 1871 3386 αἰ-

284 3422 577 3486 τιαθέντας
605 3420 757 3494 παρὰ
779 3421 1004 3487 τούτων,
1024 3422 1099 3486 ὡς
1122 3422 1378 3490 λέγοντας
1401 3423 1528 3494 μίαν
1551 3424 1866 3491 ὑπόστασιν,

290 3513 374 3586 μὴ
407 3510 515 3585 ἆρα
546 3513 622 3577 ὡς
653 3513 936 3577 Σαϐέλλιος
960 3518 1164 3586 φρονεῖ,
1195 3513 1336 3569 οὕτω
1369 3517 1464 3569 κα)¹
1493 3509 1636 3570 οὗτοι
1677 3517 1868 3586 λέγου-

289 3623 382 3658 σιν
407 3606 498 3658 ἐπὶ
525 3604 797 3675 ἀναιρέσει
821 3603 918 3658 τοῦ
953 3605 1084 3658 Υἰοῦ
1107 3608 1199 3660 κα)⁵
1221 3606 1316 3660 τοῦ
1347 3606 1502 3675 ἁγίου
1529 3608 1864 3679 Πνεύματος,

285 3696 326 3767 ἢ
357 3697 434 3759 ὡς
466 3696 715 3749 ἀνουσίου
765 3695 916 3760 ὄντος
958 3695 1052 3750 τοῦ
1087 3697 1216 3751 Υἰοῦ
1243 3737 1258 3761 ,
1289 3697 1323 3769 ἢ
1373 3699 1741 3753 ἀνυποστάτου
1770 3699 1866 3754 τοῦ

290 3789 454 3857 ἁγίου
491 3788 839 3858 Πνεύματος;
884 3790 946 3842 Οί
981 3788 1038 3843 δὲ
1083 3789 1178 3843 καὶ
1220 3791 1378 3845 αὑτοὶ
1418 3791 1867 3846 διεϐεϐαιώσαντο

293 3879 435 3948 μήτε
459 3877 614 3930 τοῦτο
636 3877 834 3945 λέγειν,
865 3877 1001 3947 μήτε
1022 3875 1164 3930 οὑτω
1197 3877 1593 3949 πεφρονηκέναι
1624 3877 1862 3931 πώποτεο

285 3969 408 4025 ἀλλ’
444 3970 737 4022 ὑπόστασιν
772 3969 870 4039 μὲν
895 3967 1144 4039 λέγομεν,
1177 3969 1469 4040 ἡγούμενοι
1509 3970 1702 4023 ταύτὸν
1728 3968 1864 4024 εἶναι

287 4063 469 4113 εἰπεῖν
503 4061 799 4114 ὑπόστασιν
849 4059 941 4113 καὶ
976 4060 1200 4113 οὐσίαν*
1250 4058 1380 4130 μίαν
1429 4061 1486 4114 δὲ
1540 4062 1862 4133 φρονοῦμεν,

285 4151 472 4205 διά’τὸ
498 4153 561 4204 ὲκ
584 4151 682 4222 τῆς
712 4151 901 4214 οὑσίας
927 4149 1022 4204 τοῦ
1056 4150 1268 4222 Πατρὸς
1287 4147 1424 4205 εἶναι
1451 4151 1539 4204 τὸν
1573 4151 1701 4205 Υἰὸν
1721 4193 1734 4217 ,
1769 4153 1865 4206 καὶ

287 4242 379 4296 διὰ
414 4242 511 4312 τὴν
542 4242 848 4314 ταυτότητα
873 4242 973 4311 τῆς
1005 4241 1216 4309 φύσεως
1239 4259 1252 4271 ·
1297 4241 1442 4312 μίανι
1463 4243 1571 4314 γὰρ
1599 4243 1825 4314 θεότητα
1845 4284 1860 4308 ,

287 4335 387 4389 καὶ
427 4333 554 4403 μίαν
580 4328 718 4386 εἶναι
749 4333 846 4404 τὴν
867 4331 1069 4405 ταύτης
1095 4333 1253 4401 φύσιν
1287 4334 1630 4404 πιστεύομεν,
1652 4336 1745 4388 καὶ
1763 4337 1863 4390 οὑκ

287 4425 457 4494 ἄλλην
479 4424 576 4494 μὲν
607 4425 706 4494 τὴν
728 4422 822 4476 τοῦ
846 4423 1078 4496 Πατρδς,
1112 4423 1268 4495 ξένην
1305 4423 1362 4476 δὲ
1395 4423 1582 4477 τούτου
1630 4425 1729 4496 τὴν
1758 4408 1860 4478 ’τοῦ

289 4514 444 4579 Υίοῦ,
473 4514 567 4567 καὶ
594 4513 690 4584 τὴν
721 4512 814 4567 τοῦ
839 4513 994 4582 ἁγίου
1018 4513 1349 4582 Πνεύματος.
1394 4514 1608 4584 Ἀμέλει
1630 4515 1790 4568 κάκεῖ
1811 4516 1860 4567 οἱ

1977 3337 2182 3391 tatioue
2208 3343 2262 3389 et
2292 3331 2665 3395 excusatione,
2712 3343 2807 3383 eos
2838 3344 3056 3399 quoque
3086 3331 3570 3395 examinavimus,’

1975 3441 2114 3496 quos
2143 3425 2236 3480 isti
2303 3422 2659 3484 accusabant,
2683 3420 2830 3489 quod
2876 3436 3042 3474 unam
3096 3421 3338 3476 dicerent
3383 3421 3553 3492 hypo-

1976 3518 2171 3582 stasin,
2202 3531 2333 3570 num
2366 3515 2405 3570 ii
2458 3514 2516 3568 in
2563 3511 2787 3566 Sabellii
2841 3525 3003 3566 sensu
3059 3511 3133 3566 ita
3177 3513 3548 3582 loquerentur,

1973 3623 2083 3679 quo
2148 3606 2382 3671 Filium,
2445 3604 2818 3674 Spiritumque
2901 3611 3152 3658 sanctum
3228 3604 3295 3658 de
3373 3605 3549 3658 medio

1973 3697 2224 3751 tollerent
2279 3713 2294 3750 :
2351 3711 2422 3750 an
2484 3693 2684 3748 Filium
2765 3692 3115 3758 substantia,
3173 3693 3550 3764 Spiritumque

1974 3794 2220 3842 sanctum
2249 3784 2524 3856 ltypostasi
2556 3798 2744 3839 carere
2796 3783 3222 3839 existimarent?
3269 3783 3372 3850 Qui
3418 3785 3546 3838 item

1973 3878 2312 3934 atiirmarunt
2363 3893 2423 3933 se
2475 3892 2653 3946 neque
2717 3875 2822 3930 hoc
2883 3876 3062 3930 dicere
3133 3892 3233 3932 nec
3304 3892 3543 3946 unquam

1973 3972 2048 4027 ita
2112 3970 2381 4036 sensisse;
2437 3968 2530 4023 sed
2583 3967 2922 4038 bypostasin,
2989 3967 3224 4030 aiebant,
3285 3967 3544 4029 dicimus,

1971 4063 2347 4117 existimantes
2383 4057 2608 4130 perinde
2649 4071 2770 4112 esse
2803 4057 2983 4112 dicere
3034 4055 3350 4128 hypostasin
3383 4065 3546 4126 atque

1970 4154 2150 4209 dicere
2179 4152 2542 4209 substantiam
2593 4165 2919 4220 :unamque
2967 4149 3241 4204 credimus
3288 4150 3545 4220 hyposta-
3620 4197 3623 4201 .

1971 4246 2054 4301 sin
2084 4261 2149 4300 eo
2170 4246 2315 4315 quod
2346 4244 2516 4298 Filius
2549 4243 2621 4299 sit
2651 4258 2718 4297 ex
2749 4242 3056 4298 substantia
3087 4239 3284 4306 Patris,
3313 4254 3366 4296 et
3397 4241 3541 4311 quod

1971 4353 2078 4392 una
2108 4338 2406 4407 eademque
2426 4337 2498 4391 sit
2527 4344 2741 4390 natura.
2769 4333 2945 4389 Unam
2971 4337 3169 4404 quippe
3189 4333 3464 4398 deitatem,
3486 4342 3540 4386 et

1970 4445 2133 4484 unam
2162 4429 2280 4501 ejus
2307 4439 2558 4486 naturain
2596 4445 2718 4488 esse
2748 4427 3022 4485 credimus
3052 4442 3066 4480 :
3097 4441 3194 4482 nec
3229 4425 3388 4481 aliam
3421 4425 3537 4495 qui-

1968 4522 2092 4579 dem
2131 4523 2328 4584 Patris.
2361 4524 2592 4578 alienam
2623 4533 2802 4579 autem
2834 4522 2902 4576 ab
2928 4521 3020 4574 illo
3046 4519 3169 4573 Filii
3197 4534 3261 4574 ac
3300 4517 3539 4588 Spiritus

288 4603 627 4667 αἰτιαθέντες
657 4604 733 4668 ὡς
782 4603 1064 4674 εἰρηκότες
1097 4605 1256 4674 τρεῖς
1288 4603 1615 4669 ὑποστάσεις
1655 4606 1861 4660 συνετί-

1984 4616 2142 4671 sancti
2167 4615 2528 4670 substantiam
2587 4615 2874 4669 sentimus.
2907 4611 3062 4666 Tunc
3091 4625 3222 4664 sane
3246 4609 3339 4678 qui
3365 4624 3525 4663 accu-

288 4695 444 4749 θεντο
472 4694 582 4765 (42)
607 4693 849 4757 τούτοιςο
886 4693 982 4746 καὶ
1018 4695 1172 4747 αὑτοὶ
1217 4694 1274 4747 δὲ
1315 4696 1363 4747 οἰ
1397 4696 1680 4767 εἰρηκότες
1735 4700 1863 4768 μίαν

286 4785 480 4838 οὐσίαν
495 4784 562 4837 τὰ
577 4784 799 4837 ἐκείνων
819 4783 1006 4855 ὥσπερ
1029 4785 1376 4856 ἡρμήνευσαν
1395 4785 1490 4840 καὶ
1514 4787 1822 4858 ὡμολόγουν
1843 4828 1860 4856 ,

365 4981 746 5053 (5ἓ)ηΒεεῇιιηι
785 4981 876 5053 hi_c
901 4979 1371 5053 sequimurrEditi
1410 4992 1462 5036 et
1493 4984 1583 5037 alii
1635 4985 1714 5039 sic
1766 4985 1862 5038 ha-

289 5050 440 5116 bent,
477 5050 755 5104 Ἐντεῦθεν
808 5050 945 5104 εῐναι
995 5051 1094 5114 τὰς
1142 5051 1337 5119 λέξεις,

289 5121 452 5194 πλέον
485 5121 760 5194 ἐπιζητεῖν
801 5121 903 5191 τῆς
949 5121 1090 5174 κατὰ
1133 5123 1368 5176 Νίκαιαν
1397 5121 1859 5194 ὁμολογίας,’ἅνα-

290 5191 500 5260 κρίνειν
525 5190 582 5260 ᾷὲ
603 5192 771 5260 ὅμως.

285 5292 294 5299 -
336 5258 490 5331 (55)-
520 5258 838 5331 Sieﬂegius
860 5260 1054 5315 codex.
1086 5260 1141 5313 In
1170 5262 1327 5316 editis
1355 5270 1407 5315 et
1429 5264 1657 5322 caneris.
1681 5265 1730 5316 οἰ
1761 5265 1855 5317 de—

288 5328 393 5384 est.
443 5328 563 5382 Mox
580 5328 821 5401 _Begius,
853 5331 1171 5401 SegiaGobl.
1203 5341 1254 5384 et
1299 5331 1532 5385 Felckm.
1570 5334 1624 5398 5,
1653 5334 1849 5401 λέγου-

292 5416 346 5452 σι
377 5409 539 5453 recte.
580 5397 721 5469 Editi
769 5397 1169 5469 νει-ο,“λέγωσι.
1221 5403 1278 5456 In
1333 5412 1645 5469 sequentem
1673 5397 1852 5458 autem

290 5485 502 5541 vocem,
529 5468 1052 5541 ﬁmﬁhwpcwpéva;
1080 5470 1280 5540 Regius
1312 5468 1527 5526 desinit.

331 5539 473 5662 ί(54)
511 5539 603 5594 Sic
630 5539 854 5609 Seguer.
890 5539 1033 5596 Editi
1063 5539 1192 5596 vero
1222 5550 1276 5597 ct
1312 5541 1513 5609 caeteri,
1539 5541 1852 5613 ἀλλοτριου-

349 5626 463 5662 ους.
609 5638 615 5642 ι

291 5626 463 5671 σιους.
609 5638 615 5642 ’

364 5680 476 5746 (55)
518 5678 642 5750 Seg.
673 5678 940 5748 λέγουσιν.

1966 4703 2067 4757 sati
2119 4701 2355 4765 fuerant,
2387 4703 2532 4772 quod
2571 4710 2685 4757 tres
2737 4702 3004 4757 dixissent
3032 4701 3371 4770 hypostases,
3404 4713 3530 4752 cum

1966 4796 2085 4851 istis
2107 4795 2563 4850 consentiebant:
2595 4794 2630 4848 ii
2658 4803 2837 4848 autem
2887 4792 2980 4864 qui
3035 4805 3199 4846 unam
3246 4804 3367 4845 esse
3399 4790 3532 4847 sub-

2034 4987 2144 5070 (56)
2361 4987 2515 5043 Gobl.
2567 4997 2620 5043 et
2669 4986 2911 5044 Felckm.
2960 4988 3017 5054 l,
3065 4986 3301 5054 λέγουσι,
3347 4985 3531 5041 minus

1385 5053 1641 5125 ἠξιοῦμεν
1696 5056 1860 5125 μηδὲν
1959 5053 2124 5113 reete.

2033 5129 2142 5267 ἓξὲξ

2033 5130 2120 5198 (57
2184 5126 2306 5198 Seg.
2338 5137 2393 5182 et
2423 5128 2578 5184 Gobl.
2608 5125 2831 5200 χρᾶσθε.
2861 5123 3021 5183 Editi.
3059 5124 3283 5196 χρῆσθε.

2029 5129 2142 5266 (58)
2179 5199 2287 5252 Καί
2318 5207 2444 5251 ante
2486 5199 2613 5250 Υἰόν
2651 5199 2803 5252 deest
2834 5197 2886 5248 in
2921 5194 3077 5266 Gobl.
3109 5206 3163 5248 et
3195 5193 3283 5248 Fel

2179 5193 2287 5252 Καί
2318 5207 2444 5251 ante
2486 5193 2803 5252 Ytévmdeest
2834 5197 2886 5248 in
2921 5193 3163 5249 Goblfet'
3195 5193 3434 5249 Felckm.
3471 5195 3523 5248 l.

1958 5264 2258 5348 Infnan'ﬁeg:
2282 5268 2584 5348 ὑφεστηκός
2606 5283 2703 5348 pro
2719 5264 3005 5348 [peccarim

2031 5338 2142 5406 (59)
2187 5339 2258 5390 Ἤ
2293 5334 2444 5392 (tuest
2470 5334 2522 5390 in
2555 5334 2680 5390 edit.
2715 5334 2926 5406 Comm.
2956 5342 3188 5406 tantum.

2028 5403 2139 5474 (40)
2184 5407 2274 5477 _Sic
2314 5406 2436 5477 Seg.
2466 5416 2519 5460 et
2548 5406 2714 5460 Basil.
2747 5404 2838 5477 καί
2859 5405 3104 5477 degstin
3137 5403 3319 5459 editis.

2026 5471 2136 5546 (41)
2180 5475 2271 5530 Sic
2304 5471 2425 5546 Seg.
2463 5477 2625 5546 Basil.
2659 5485 2711 5546 et
2737 5474 2894 5546 Gobl.
2930 5473 3082 5546 (Editi
3123 5489 3270 5546 vero,
3307 5471 3527 5544 ἀνεκρί-

1950 5540 2134 5616 νομεν,
2174 5540 2448 5616 mendose.
2470 5545 2625 5616 intra
2659 5544 2955 5616 Gobl.,pi]
2988 5540 3076 5616 ἆρ’
3114 5544 3209 5608 ὡς.

2023 5613 2134 5687 (42)
2177 5616 2266 5671 Sic
2302 5614 2426 5686 Seg.
2468 5615 2630 5680 Ε‹Ιίιί,
2669 5613 3020 5667 συνετίθοντο.
