3824 6224
277 281 383 338 80⁸5

843 275 902 330 S.
940 271 1314 329 ATHANASII
1354 270 1506 328 OPP.
1544 267 1727 324 PARS
1761 266 1804 324 ἰ.
1839 296 1909 306 --
1946 262 2320 321 HlSTORlCA
2361 261 2450 317 ΕΤ
2489 258 2908 316 DOGMATICA.

3408 259 3513 315 θυι

281 395 537 452 stantiam
591 391 865 455 dixerant,
889 388 1113 443 illorum
1174 385 1507 450 doctrinam,
1535 391 1699 454 prout
1730 397 1852 437 eam

1962 379 2047 433 καὶ
2106 373 2527 447 ἁνεθεματίζετο
2596 372 2727 444 παρ’
2782 370 3108 442 ἀμφοτέρων
3172 369 3281 423 τῶν
3349 371 3531 442 μερῶν

285 485 624 556 interpretati
704 481 942 544 fuerant,
998 477 1394 549 proﬁtebantur
1448 493 1464 530 :
1523 484 1580 529 et
1635 473 1855 542 utrique

288 578 474 631 Arium
509 586 767 645 tanquam
797 571 1005 627 Christi
1036 572 1273 635 hostem,
1309 566 1608 622 Sabellium
1636 565 1763 620 item
1792 580 1855 619 ac

284 668 510 723 Paulum
558 666 1004 720 Samosatensem
1054 662 1200 716 velut
1249 659 1473 729 impios,
1505 656 1853 712 Valentinum

287 768 340 812 et
368 757 652 813 Basilidem
681 763 745 810 ut
771 755 979 809 alienos
1007 768 1043 808 a
1072 750 1699 819 veritateJlanichaeum
1725 762 1856 803 vero

288 858 348 903 ut
384 849 653 902 malorum
705 847 1068 909 inventorem,
1124 843 1471 897 anathemate
1502 841 1852 895 damnarunt.

287 940 490 997 Omnes
520 940 777 1009 denique,
804 936 901 992 Dei
935 936 1131 1007 gratia,
1163 942 1290 1004 post
1333 932 1649 1002 huiusmodi
1685 931 1858 985 inter-

288 1030 648 1101 pretationes,
687 1042 799 1083 una
842 1027 1172 1082 conﬁtentur
1214 1022 1528 1080 istiusmodi
1575 1020 1856 1076 vocabulis

284 1120 723 1190 praestantiorem
774 1117 1280 1186 accuratioremque
1305 1115 1473 1186 618
1522 1129 1645 1171 esse
1697 1113 1857 1169 tidem

287 1228 316 1267 a
372 1212 629 1268 Patribus
669 1209 863 1265 Nicaea:
941 1209 1376 1280 promulgatam;
1423 1217 1586 1277 atque
1639 1207 1858 1261 demum

287 1302 433 1357 illius
468 1301 636 1355 verba
668 1298 916 1354 suﬂicere
950 1297 1170 1360 debere,
1204 1298 1380 1365 iisque
1425 1295 1686 1350 utendum
1713 1308 1857 1349 esse.

361 1391 413 1446 7.
448 1389 554 1445 Sed
620 1405 744 1445 cum
804 1389 967 1444 etiam
997 1388 1065 1442 de
1102 1385 1403 1442 Salvatoris
1484 1384 1860 1441 incarnatione

288 1482 539 1537 nonnulli
571 1483 710 1536 inter
735 1496 794 1537 se
841 1481 1053 1550 litigare
1095 1479 1433 1541 viderentur,
1481 1485 1744 1546 utrosque
1776 1476 1860 1530 in-

288 1574 688 1643 terrogavimus
719 1589 731 1623 :
762 1581 878 1625 tum
902 1571 1050 1640 quod
1095 1570 1187 1624 alii
1211 1568 1630 1632 conﬁtebantur,
1662 1568 1719 1621 in
1756 1567 1863 1622 hoc

289 1665 380 1718 alii
407 1678 623 1733 quoque
657 1662 1093 1728 consentiebant,
1125 1675 1319 1730 nempe
1343 1675 1450 1715 non
1473 1660 1618 1715 sicut
1645 1660 1700 1714 in
1737 1672 1864 1727 pro-

287 1756 480 1825 phetas
536 1772 555 1805 ι
604 1752 811 1808 factum
865 1760 950 1806 est
976 1748 1234 1806 .Verbum
1293 1750 1512 1805 Domini
1537 1750 1582 1816 ⁷,
1615 1769 1634 1802 ι
1667 1748 1857 1804 eodem

298 1845 464 1898 modo
527 1844 584 1897 in
636 1852 888 1898 sanctum
942 1840 1216 1895 hominem
1266 1840 1322 1895 in
1390 1839 1861 1895 consummatione

289 1936 615 1989 saeculorum
641 1934 930 1988 advenisse
963 1951 976 1986 :
1005 1934 1101 1988 sed
1135 1933 1313 2002 ipsum
1350 1931 1589 1988 Verbum
1637 1947 1860 1987 carnem

288 2023 492 2079 factum
513 2038 656 2088 esse,
688 2032 892 2079 etcum
933 2023 987 2076 in
1043 2022 1216 2078 forma
1274 2022 1371 2078 Dei
1410 2032 1573 2086 esset,
1628 2022 1860 2077 formam

289 2115 432 2169 servi
479 2115 777 2184 accepisse,
829 2129 896 2168 ac
953 2129 1021 2169 ex
1065 2113 1235 2169 Maria
1286 2114 1589 2169 secundum
1636 2128 1858 2169 carnem

289 2216 507 2277 propter
532 2222 631 2261 nos
660 2207 935 2261 hominem
961 2221 1084 2262 esse
1115 2206 1343 2270 factum,
1369 2216 1424 2261 et
1447 2207 1528 2262 sic
1561 2208 1861 2261 humanum

288 2317 461 2372 genus
484 2302 538 2355 in
561 2302 679 2371 ipso
705 2302 912 2371 integre
934 2316 997 2355 ac
1017 2298 1257 2369 perfecte
1283 2314 1314 2352 a
1335 2307 1557 2368 peccato
1572 2298 1858 2351 liberatum

289 2392 346 2446 in
372 2408 599 2463 regnum
620 2393 886 2448 caelorum
910 2392 1203 2446 introduci.
1237 2390 1353 2447 Hoc
1379 2392 1505 2447 item
1535 2391 1864 2460 proﬁteban-

295 2493 406 2546 tur,
435 2499 542 2537 non
568 2499 768 2554 corpus
792 2484 1154 2538 inanimatum
1179 2492 1273 2538 aut
1297 2498 1493 2538 sensus
1517 2498 1733 2553 expers,
1768 2493 1864 2538 aut

291 2582 478 2627 mente
511 2588 704 2628 carens
763 2573 1097 2627 Salvatorem
1156 2572 1430 2626 habuisse.
1483 2568 1669 2640 Neque
1692 2571 1859 2636 enim,

295 2665 534 2731 aiebant,
581 2664 840 2733 possibile
891 2673 1029 2730 erat,
1054 2663 1285 2720 Domino
1317 2680 1413 2733 pro
1446 2664 1604 2719 nobis
1642 2664 1864 2718 homine

294 2752 456 2818 facto,
491 2768 689 2823 corpus
722 2754 841 2823 eius
871 2755 991 2809 sine
1017 2766 1198 2810 mente
1224 2756 1486 2810 exsistere
1521 2772 1537 2810 :
1575 2768 1683 2808 non
1716 2755 1861 2809 enim

288 2844 536 2911 corporis
557 2843 844 2908 duntaxat,
887 2844 982 2899 sed
1015 2844 1180 2898 etiam
1214 2845 1410 2898 anima:
1448 2843 1503 2897 in
1542 2842 1664 2913 ipso
1686 2842 1863 2898 Verbo

294 2935 447 2989 salus
479 2932 621 2988 facta
671 2942 789 2987 est:
819 2943 874 2989 et
927 2950 1051 2988 cum
1079 2949 1206 2988 vere
1237 2933 1409 2990 Filius
1461 2934 1556 2989 Dei
1585 2944 1751 3002 esset,
1778 2934 1861 2989 l‘a-

288 3036 411 3080 ctus
430 3034 587 3080 estet
628 3026 773 3080 (ilius
806 3027 1045 3081 hominis
1072 3043 1087 3078 :
1117 3041 1357 3097 cumque
1378 3026 1693 3097 unigenitus
1717 3036 1861 3082 esset

290 3117 464 3172 Filius
493 3115 608 3179 Dei,
658 3115 836 3172 lactus
875 3126 960 3171 est
992 3118 1108 3187 ipse
1162 3117 1562 3187 primogenitus
1592 3117 1646 3170 in
1677 3117 1863 3171 multis

290 3205 569 3262 fratribus.
595 3204 962 3272 Quamobrem
1017 3222 1127 3263 non
1178 3207 1320 3262 alius
1363 3215 1480 3262 erat
1523 3215 1649 3261 ante
1685 3206 1863 3260 Abra-

289 3297 417 3350 ham
447 3295 620 3351 Filius
642 3296 761 3361 Dei,
798 3298 941 3351 alius
971 3308 1099 3367 post
1157 3298 1430 3355 Abraham
1468 3316 1482 3353 :
1514 3313 1695 3368 neque
1720 3298 1864 3352 alius

288 3398 408 3443 erat
426 3389 520 3458 qui
552 3387 820 3442 Lazarum
845 3388 1155 3453 suscitavit,
1196 3389 1338 3444 alius
1361 3404 1493 3445 vero
1520 3390 1615 3460 qui
1650 3390 1718 3444 de
1771 3390 1865 3444 illo

290 3478 646 3548 interrogavit
680 3478 813 3533 :sed
860 3477 1004 3533 idem
1056 3478 1172 3548 ipse
1197 3488 1314 3533 erat
1338 3479 1434 3549 qui
1470 3480 1707 3535 humane
1737 3478 1863 3549 qui-

361 3590 383 3622 '
416 3587 528 3644 Jer.
560 3604 601 3656 ι,
631 3590 690 3650 2.
727 3590 1023 3657 4,11,!5.

293 3697 476 3822 σθὲιήὸ)
517 3697 642 3769 Seg.
676 3698 843 3755 Basil.
881 3699 1196 3756 Goblerian.
1249 3702 1502 3773 χρᾶσθαι.
1530 3701 1695 3771 Editi,
1722 3704 1861 3775 χρῆ-

525 3837 615 3895 Sic
639 3855 829 3895 omnes
847 3856 979 3894 mss.
1004 3849 1059 3894 et
1078 3842 1163 3896 ed.
1186 3840 1360 3898 Paris.
1402 3842 1462 3898 In
1489 3844 1617 3899 edit.
1641 3843 1857 3900 Comm.

289 3910 391 3962 οὺκ
424 3912 522 3984 εἰς,
549 3912 708 3984 male.
750 3910 979 3984 §eguet‘.
1017 3911 1178 3965 habet
1203 3912 1316 3982 οὐχ’
1345 3929 1469 3967 cum
1509 3917 1859 3984 apostropha,

290 3980 451 4051 quasi
477 3983 545 4051 ab
569 3979 688 4051 οὐχί
716 3979 853 4033 eliso
881 3989 935 4033 et
969 3982 1045 4051 ita
1070 3979 1471 4051 semper-alias.

364 4048 475 4117 (45)
517 4050 591 4103 Ita
624 4050 748 4120 Seg.
780 4061 960 4104 recte.
1005 4049 1147 4105 Editi
1181 4048 1307 4106 vero
1347 4064 1404 4108 et
1440 4054 1641 4117 caeteri,
1676 4055 1863 4122 γεγέν-

512 4187 884 4243 Ezlit.Comm.
911 4189 1053 4263 male
1083 4189 1219 4263 abst.
1244 4190 1373 4263 Mox
1401 4193 1563 4263 editi,
1585 4192 1857 4263 αἰσθητόν.

455 4255 649 4313 omnes
686 4260 1076 4333 manuscripti,
1128 4261 1471 4333 ἀναίσθητον.
1522 4262 1646 4316 Haec
1697 4255 1860 4329 plu-ro

289 4329 464 4401 verba
511 4344 633 4401 esse
670 4329 988 4401 Apollinei-ii
1024 4329 1354 4397 legatorum,
1382 4342 1526 4399 patet
1568 4348 1633 4386 ex
1686 4335 1858 4401 ipsius

1958 468 2174 541 Ἀρειός
2204 484 2264 519 τε
2292 466 2370 529 ὡς
2398 465 2797 536 Χριστομάχος,
2826 462 2921 515 καὶ
2949 459 3237 522 Σαὸἐλλιος
3261 461 3358 514 καὶ
3385 461 3535 514 Παῦσ-

1954 536 2045 623 λος
2074 536 2103 612 ό
2137 557 2485 628 Σαμοσατεὺς
2511 555 2588 619 ὡς
2632 554 2851 619 ἀσεϐεῖς
2874 594 2891 619 ,
2926 556 3020 609 καὶ
3054 554 3410 618 Ούαλεντίνος
3444 553 3539 608 καὶ

1955 648 2269 719 Βασιλείδης
2297 646 2372 723 ᾡς
2391 646 2660 717 ἀλλότριοι
2685 646 2784 718 τῆς
2812 644 3099 716 ἀληθείας,
3151 646 3455 715 Μανιχαϊος
3481 644 3539 699 δὲ

1956 742 2031 805 ὡς
2051 738 2348 811 ὲφευρετὴς
2376 738 2561 792 κακῶν
2582 753 2597 769 ⁶
2627 738 2829 802 πάντες
2860 756 2921 791 τε
2947 740 3014 809 τῇ
3040 737 3135 791 τοῦ
3167 737 3302 791 Θεοῦ
3331 738 3535 809 χάριτι,

1956 832 2052 886 καὶ
2082 831 2222 903 μετὰ
2259 830 2360 894 τὰς
2390 829 2645 892 τοιαύτας
2673 830 2971 901 ἑρμηνείας
3020 828 3156 900 ὁμοῦ
3202 815 3537 883 συντίθενται

1954 923 2064 978 τῶν
2087 923 2342 977 τοιούτων
2366 922 2563 987 λέξεων
2598 921 2845 993 βελτίονα
2863 922 2957 975 καὶ
2979 921 3269 994 ἀκριϐεστέ
3278 938 3377 993 ραν
3401 906 3536 975 εἶναι

1956 1017 2056 1088 τὴν
2082 1016 2140 1069 ὲν
2178 1014 2384 1087 Νικαία
2414 1011 2566 1086 παρὰ
2587 1013 2695 1069 τῶν
2718 1015 2976 1086 Πατέρων
3003 1013 3425 1085 ὁμολογηθεῖσαν
3451 1012 3540 1067 πί-

1959 1126 2096 1174 στιν,
2119 1107 2331 1163 καὶτοῦ
2363 1107 2551 1161 λοιποῦ
2598 1110 2714 1171 τοῖς
2752 1108 2960 1179 ταύτης
2998 1107 3287 1181 ἀρκεῖσθαι
3337 1110 3537 1180 μᾶλλον

1958 1204 2054 1260 καὶ
2081 1204 2315 1276 χρᾶσθαι
2341 1203 2454 1275 (45)
2489 1204 2747 1275 ῥήμασιν.

2028 1381 2083 1433 7.
2135 1380 2293 1434 Ἀλλὰ
2315 1378 2495 1433 καὶτὸ
2516 1381 2642 1450 περὶ
2678 1379 2780 1449 τῆς
2811 1377 2956 1433 κατὰ
3007 1378 3185 1449 σάρκα
3230 1364 3540 1447 οἰκονομίας

1959 1472 2054 1528 τοῦ
2085 1473 2354 1544 Σωτῆρος,
2401 1471 2589 1543 ἐπειδὴ
2618 1472 2712 1524 καὶ
2743 1471 2872 1542 περὶ
2896 1469 3085 1524 τούτου
3124 1458 3342 1523 ἐδόκουν
3386 1454 3538 1538 φιλο-

1960 1567 2157 1618 νεικεῖν
2176 1581 2319 1627 τινες
2343 1564 2480 1635 πρὸς
2502 1562 2781 1634 ἀλλήλους,
2804 1562 3168 1638 ἀνεκρίναμεν
3194 1560 3289 1613 καὶ
3314 1559 3540 1621 τούτους

1963 1641 2246 1719 κάκείνους
2271 1696 2285 1720 ,
2320 1648 2413 1708 καὶ
2446 1653 2588 1724 ἆπερ
2625 1651 2938 1722 ὡμολόγουν
2966 1643 3110 1703 οὗτοι
3135 1688 3149 1713 ,
3204 1649 3541 1702 συνετίθεντο

1961 1749 2223 1808 κάκεῖνοι,
2253 1746 2335 1798 ὅτι
2368 1744 2466 1814 οὐχ
2497 1742 2607 1814 (44)
2641 1742 2717 1805 ὡς
2765 1743 2845 1805 εἰς
2875 1740 3000 1803 τοὺς
3044 1740 3326 1810 προφήτας
3367 1758 3386 1788 t
3421 1738 3543 1807 ἐγέ-

1961 1856 2079 1893 νετο
2110 1839 2139 1891 ὁ
2158 1837 2327 1906 Λόγος
2357 1835 2583 1907 Κυρίου,
2626 1853 2645 1884 ι
2678 1832 2820 1887 οὕτω
2852 1832 2945 1886 καὶ
2973 1833 3053 1894 εἰς
3082 1831 3234 1900 ἅγιον
3253 1830 3538 1901 ἄνθρωπον

1961 1930 2111 1999 ὲνεδή
2121 1944 2289 1997 μησεν
2322 1927 2417 1979 ἐπὶ
2446 1925 2724 1996 συντελείᾳ
2754 1924 2863 1976 τῶν
2893 1922 3124 1984 αἰώνων,
3167 1920 3282 1974 ἀλλ’
3320 1922 3481 1985 αὐτὸς
3511 1923 3541 1975 ὁ

1959 2022 2130 2090 Λόγος
2178 2020 2314 2091 σὰρξ
2352 2018 2565 2087 ἐγένετο
2589 2035 2603 2049 ο
2633 2017 2726 2070 κα)⁸
2761 2017 2818 2069 ἐν
2856 2018 3036 2086 μορφῇ
3063 2012 3199 2067 Θεοῦ
3254 2012 3537 2084 ὑπάρχων,

1960 2112 2120 2167 ἐλαὸε
2159 2112 2346 2175 δούλου
2389 2108 2600 2181 μορφὴν
2624 2151 2639 2175 ,
2696 2107 2759 2161 ἐκ
2804 2124 2863 2161 τε
2894 2107 2993 2177 τῆς
3024 2106 3243 2177 Μαρίας
3284 2106 3346 2158 τὸ
3397 2104 3538 2159 κατὰ

1964 2205 2142 2276 σάρκα
2159 2203 2449 2274 γεγένηται
2498 2201 2608 2271 (45)
2649 2198 2934 2270 ἄνθρωπος
2978 2197 3044 2251 δι’
3087 2196 3388 2268 ήμᾶςμῦ),
3445 2184 3539 2250 καὶ

1961 2297 2103 2351 οὕτω
2133 2296 2353 2358 τελείως
2386 2295 2481 2349 καὶ
2529 2292 2840 2363 ὁλοκλήρως
2881 2292 2942 2344 τὸ
2986 2289 3324 2361 ἀνθρώπινον
3382 2288 3540 2357 γένος

1961 2387 2406 2459 ὲλευθερούμενον
2436 2386 2544 2440 ἀπὸ
2569 2388 2668 2457 τῆς
2694 2384 2968 2455 ἁμαρτίας
2990 2384 3046 2434 ὲν
3079 2380 3246 2452 αὐτῷ,
3274 2382 3369 2434 καὶ
3399 2380 3537 2445 ζωο-

1962 2480 2281 2551 ποιούμενον
2322 2482 2386 2532 ἐκ
2422 2477 2530 2531 τῶν
2571 2475 2781 2547 νεκρῶν
2800 2516 2815 2541 ,
2841 2476 3117 2543 εἰσάγεται
3141 2477 3220 2537 είς
3250 2474 3351 2544 τὴν
3383 2472 3540 2542 βασι-

1960 2571 2113 2625 λείαν
2175 2570 2282 2624 τῶν
2328 2567 2594 2639 οὐρανῶν.
2663 2566 2985 2638 Ὠμολόγουν
3034 2566 3143 2637 γὰρ
3198 2559 3293 2618 καὶ
3342 2563 3500 2617 τοῦτο
3521 2603 3538 2628 ,

1961 2663 2043 2715 ὅτι
2078 2661 2188 2731 (46)
2222 2661 2282 2714 οὐ
2310 2659 2470 2731 σῶμα
2491 2660 2715 2729 ἄψυχον,
2740 2657 2849 2711 οὐδ’
2869 2657 3214 2726 ἀναίσθητον,
3241 2655 3350 2708 οὐδ’
3380 2655 3541 2725 ἀνόησ

1959 2770 2050 2807 τον
2072 2748 2215 2823 εἶχεν
2242 2754 2271 2806 ὁ
2301 2752 2510 2823 Σωτήρ.
2544 2751 2677 2805 Οὐδὲ
2704 2749 2812 2822 γὰρ
2840 2743 2950 2803 οἷόν
2977 2766 3039 2801 τε
3068 2744 3137 2822 ἦν
3157 2787 3172 2811 ,
3209 2746 3302 2801 τοῦ
3332 2748 3539 2819 Κυρίου

1960 2845 2027 2899 δι’
2058 2846 2207 2917 ἡμᾶς
2236 2842 2523 2914 ἀνθρώπου
2545 2842 2860 2913 γενομένου,
2885 2841 3111 2912 ἀνόητον
3136 2835 3278 2894 εἶναι
3296 2826 3358 2893 τδ
3381 2840 3540 2910 σῶμα

1962 2936 2148 3001 αὑτοῦ,
2177 2935 2297 2988 οὐδὲ
2325 2934 2575 3006 σώματος
2600 2934 2783 3005 μόνου,
2822 2932 2957 2987 ἀλλὰ
2985 2934 3081 2987 καὶ
3103 2932 3280 3004 ψυχῆς
3300 2935 3358 2987 ὲν
3387 2933 3539 3004 αὐτῷ

1960 3028 2040 3099 τῷ
2061 3030 2217 3099 Λόγῳ
2241 3027 2484 3099 σωτηρία
2524 3026 2746 3095 γέγονεν
2770 3043 2784 3057 ·
2820 3026 2946 3090 Υἱός
2978 3043 3039 3079 τε
3067 3025 3141 3080 ὣν
3180 3012 3399 3098 άληθῶς
3438 3026 3536 3081 τοῦ

1963 3117 2119 3185 Θεοῦ,
2153 3119 2342 3187 γέγονε
2371 3117 2465 3171 καὶ
2490 3118 2603 3181 υἱὸς
2630 3116 2917 3188 ἀνθρώπου
2940 3130 2953 3144 ⁸
3001 3117 3097 3170 καὶ
3147 3117 3437 3188 μονογενὴς
3462 3116 3539 3171 ὢν

1964 3209 2093 3273 Υίὸς
2119 3208 2213 3262 τοῦ
2246 3208 2402 3273 Θεοῦ,
2433 3208 2654 3278 γέγονεν
2676 3209 2705 3260 ὁ
2756 3208 2920 3271 αὐτὸς
2970 3209 3066 3261 καὶ
3096 3196 3439 3281 πρωτότοκος
3480 3201 3538 3263 ἐν

1964 3303 2174 3365 πολλοῖς
2201 3303 2469 3371 ἀδελφοῖς.
2506 3300 2598 3354 Διὸ
2621 3299 2735 3354 οὗθ’
2767 3300 2878 3371 (47)
2904 3300 3091 3373 ἕτερος
3127 3301 3225 3371 μὲν
3264 3297 3331 3371 ἦν
3362 3304 3391 3354 ό
3429 3301 3540 3374 πρὸ

1962 3393 2056 3447 τοῦ
2086 3392 2332 3464 Ἀϐραὰμ
2347 3393 2473 3455 Υἱὸς
2488 3392 2580 3446 τοῦ
2597 3391 2752 3455 Θεοῦ,
2773 3390 2958 3462 ἕτερος
2982 3391 3039 3443 δὲ
3060 3394 3088 3444 ό
3110 3391 3246 3462 μετὰ
3262 3380 3536 3463 Ἀϐραάμο

1964 3486 2073 3539 οὐδ’
2103 3486 2289 3557 ἕτερος
2317 3485 2413 3557 μὲν
2436 3480 2504 3557 ἦν
2536 3487 2564 3538 ὁ
2583 3484 2674 3539 τὸν
2701 3482 2951 3557 Λάζαρον
2976 3484 3194 3557 ἐγείρας
3216 3525 3231 3550 ,
3265 3485 3449 3557 ἕτερος
3479 3485 3539 3539 δὲ

1963 3710 2101 3763 nisse
2141 3707 2363 3762 Verbum
2390 3707 2506 3771 Dei,
2541 3707 2678 3778 quod
2708 3719 2820 3762 erat
2851 3709 2906 3762 in
2931 3710 3216 3779 prophetis,
3245 3711 3336 3764 sed
3361 3710 3535 3777 ipsum

1974 3779 2199 3832 Verbum
2223 3794 2431 3832 carnem
2459 3779 2657 3847 factum
2688 3796 2799 3833 esse
2825 3796 2927 3833 non
2949 3792 3219 3849 assumpta
3243 3791 3410 3833 mente
3438 3782 3536 3833 hu-

1964 3865 2142 3909 mana.
2182 3858 2349 3901 mente
2382 3849 2647 3919 mutabili,
2681 3865 2818 3918 quae.
2858 3850 3096 3919 turpibus
3120 3851 3533 3919 cogitationibus

1964 3920 2169 3987 captiva
2199 3919 2431 3982 ducitur,
2456 3918 2543 3971 sed
2570 3919 2749 3972 divina
2776 3931 2961 3983 mente,
2989 3918 3327 3984 immutabili,
3354 3930 3402 3974 et
3427 3937 3532 3974 cae-

1962 3989 2100 4041 lesti.
2140 3987 2489 4052 Quamobrem
2551 4004 2649 4041 non
2703 4000 2889 4057 corpus
2940 3990 3313 4057 inanimatam.
3368 4007 3528 4054 neque

1962 4074 2117 4111 sensu
2159 4069 2209 4110 et
2253 4058 2601 4126 intelligentia
2627 4056 2849 4111 vacuum
2896 4059 3076 4111 habuit
3114 4056 3380 4114 Salvator.
3417 4059 3529 4113 Nec

1961 4129 2099 4181 enim
2145 4127 2260 4195 ﬁeri
2283 4138 2514 4199 poterat.
2552 4139 2606 4180 ut
2634 4145 2749 4181 cum
2786 4130 3039 4181 Dominus
3078 4139 3289 4199 propter
3318 4146 3412 4183 nos
3443 4130 3528 4199 fa-

1962 4207 2075 4267 ctus
2104 4206 2235 4250 esset
2272 4197 2467 4267 homoL
2486 4213 2673 4267 corpus
2710 4199 2821 4266 ejus
2850 4210 2979 4252 esset
3024 4201 3133 4251 sine
3162 4197 3530 4267 intelligentia.

1963 4265 2096 4320 Cum
2128 4271 2259 4319 esset
2282 4283 2394 4319 vere
2424 4265 2598 4320 Filius
2628 4265 2739 4336 Dei,
2764 4269 2935 4336 factus
2963 4282 3035 4320 est
3065 4267 3240 4322 Filius
3264 4265 3492 4323 hominis
3512 4287 3531 4324 :

1962 4346 2010 4389 et
2036 4346 2318 4408 cumressetq
2336 4335 2823 4408 unigenitusFilius
2853 4337 2974 4408 Dei,
2996 4338 3166 4406 factus
3191 4348 3269 4391 est
3291 4339 3401 4405 ipse
3421 4339 3535 4408 pri-

290 4398 613 4465 Apolliuarii
660 4392 888 4475 epistola
923 4400 987 4475 ad
1020 4392 1856 4475 eﬁsctipos_'D'ioca;sarete'con-
1891 4392 1933 4447 ι)
1962 4407 2251 4475 mogenitus
2302 4406 2358 4458 in
2408 4392 2589 4459 multis
2621 4406 2897 4475 fratribus.
2932 4392 3078 4460 Unde
3122 4424 3221 4460 non
3246 4392 3385 4462 alius
3415 4392 3531 4463 brat

292 4477 561 4540 gregatos,
591 4469 730 4540 apud
771 4467 1068 4540 Leontium
1102 4467 1481 4540 Byzantinum,
1513 4474 1649 4525 libro
1676 4474 1859 4527 adver-

291 4553 379 4589 sus
404 4537 618 4605 fraudes
648 4537 1174 4609 Apollinaristarum‘,
1207 4556 1368 4608 quam
1397 4542 1484 4594 hic
1507 4542 1707 4595 referre
1731 4557 1860 4609 ope-

291 4622 367 4660 rae
402 4608 635 4684 pretium
671 4606 856 4673 fuerit,
884 4610 1030 4676 quod
1076 4612 1144 4663 ad
1189 4606 1303 4665 haec
1339 4612 1686 4684 intelligenda
1718 4606 1859 4666 mul-

294 4684 411 4729 tum
438 4675 705 4731 conferat.

326 4759 543 4800 υοκιιιιε
570 4761 691 4801 ιιειε
711 4760 1152 4804 αοαοιιλτιεεηηε
1176 4765 1440 4806 ειηεεοῐιιε
1465 4765 1821 4808 οιοωκδλιιεε

783 4831 834 4869 ιΝ
866 4831 1067 4873 υοιικο
1105 4834 1371 4875 SALUTEM.

362 4881 833 4951 Ezspectabamus,
869 4888 1060 4941 litteris
1096 4891 1288 4943 nostris
1319 4890 1387 4942 ad
1432 4907 1521 4945 vos
1569 4892 1766 4954 missis,
1800 4900 1858 4945 ut

290 4955 539 5030 similiter
568 4972 602 5007 a
628 4964 801 5030 uestra
832 4956 1088 5030 charitate
1115 4960 1317 5013 litteras
1350 4962 1722 5030 acciperemus,
1756 4961 1861 5014 Do-

292 5027 425 5100 mini
464 5025 882 5100 honoratissimi,
924 5029 1107 5100 quales
1148 5045 1348 5097 semper
1379 5047 1411 5083 a
1439 5025 1588 5085 beato
1622 5034 1858 5100 episcopo

294 5096 587 5171 Athanasio
627 5097 913 5171 accipimus
945 5112 962 5148 :
988 5098 1077 5166 qui
1106 5100 1202 5151 scit
1230 5096 1326 5171 nos
1351 5108 1399 5153 et
1432 5102 1482 5153 in
1526 5096 1857 5171 dogmatibus

293 5181 410 5239 cum
442 5166 554 5234 ipso
587 5167 896 5228 consentire,
919 5174 975 5239 et
1001 5184 1055 5220 tn
1097 5169 1336 5222 omnibus
1368 5187 1559 5223 morem
1587 5166 1632 5224 ei
1662 5187 1855 5239 gerere.

296 5235 434 5309 Quia
479 5250 594 5289 vero
641 5250 743 5309 non
768 5236 1132 5309 rescripsistis,
1164 5240 1460 5293 existimavi
1488 5235 1709 5307 fortasse
1736 5257 1859 5309 pro-

293 5305 560 5359 lixitatem
588 5305 826 5373 epistolae
851 5321 951 5359 non
976 5307 1271 5362 declarasse
1288 5310 1427 5362 vobis
1455 5305 1691 5363 nostram
1720 5305 1861 5362 men-

295 5386 397 5427 tem
425 5392 487 5428 ac
516 5375 844 5428 sententiam.
883 5373 965 5428 En
1002 5378 1144 5432 clare
1198 5380 1474 5432 scribimus
1513 5388 1858 5433 consentanea

295 5446 556 5519 communi
596 5446 861 5519 magistro
883 5458 1063 5500 nostro
1088 5458 1136 5501 et
1163 5458 1346 5502 vestro.
1387 5448 1512 5503 Dico
1556 5452 1719 5519 igitur
1746 5450 1859 5504 [nec

295 5513 358 5565 de
388 5514 566 5586 diuina
598 5514 981 5586 incarnatione,
1020 5519 1437 5586 quandoquidem
1467 5519 1529 5573 de
1552 5513 1631 5573 his
1661 5523 1857 5574 multus

298 5582 553 5635 tumultus
581 5599 682 5658 non
714 5600 747 5658 ᾳ
778 5584 947 5650 nobis,
976 5582 1066 5640 sed
1100 5588 1163 5639 ab
1184 5582 1328 5658 aliis,
1357 5606 1484 5658 quos
1519 5601 1683 5651 taceo,
1712 5594 1856 5643 exci-

297 5661 439 5706 tatus
466 5661 561 5708 est.
588 5650 932 5723 Conﬁtemur,
963 5672 1065 5711 non
1103 5658 1171 5710 ad
1200 5650 1457 5713 hominem
1494 5650 1734 5715 sanctum
1777 5677 1855 5715 vc-

1960 4474 2137 4527 Filius
2170 4474 2265 4527 Dei
2294 4485 2413 4528 ante
2439 4474 2727 4534 Abraham.
2765 4477 2903 4530 alius
2932 4493 3048 4531 vero
3077 4490 3187 4544 post
3219 4478 3488 4531 Abraham
3510 4495 3531 4532 :

1959 4544 2049 4616 sed
2070 4562 2202 4597 unus
2218 4545 2487 4616 perfectus
2511 4548 2805 4616 unigenitus
2831 4545 2944 4610 Dei,
2970 4548 3226 4615 perfectus
3252 4559 3425 4600 autem
3448 4548 3533 4600 di-

1959 4615 2079 4687 vina
2105 4615 2437 4687 perfectione,
2464 4625 2512 4667 et
2540 4615 2640 4669 non
2669 4616 2919 4669 humana.
2943 4616 3074 4687 Cum
3104 4618 3171 4687 iis
3201 4618 3291 4687 qui
3312 4619 3394 4687 sic
3414 4633 3533 4671 sen-

1960 4685 2119 4743 tiunt.
2154 4686 2464 4752 conﬁtemur
2487 4700 2581 4738 nos
2607 4687 3021 4739 communionem
3046 4685 3253 4739 habere.
3282 4686 3417 4740 Cum
3460 4689 3530 4741 iis

1957 4755 2205 4824 veroqui
2246 4764 2431 4824 contgu
2461 4755 2686 4809 sentiunt
2733 4765 2782 4809 et
2826 4755 3081 4821 scribunt,
3112 4758 3531 4810 communionem

1958 4840 2063 4896 non
2085 4821 2359 4896 habemus.
2378 4821 2482 4877 Uhi
2508 4838 2700 4880 caetera
2731 4825 2948 4894 quidem
2974 4826 3157 4896 omnia
3192 4835 3250 4879 ut
3278 4828 3363 4880 hic
3386 4827 3530 4896 apud

1957 4894 2315 4947 Athanasium
2349 4894 2621 4963 leguntur,
2654 4897 2746 4949 sed
2773 4896 2903 4949 dum
2929 4896 3005 4949 ait
3044 4894 3277 4949 Verbum
3312 4894 3531 4950 non—as-

1958 4964 2259 5035 sumpsisse
2304 4972 2536 5035 mentem
2589 4966 2881 5035 humanam
2928 4966 3021 5018 sed
3071 4964 3338 5031 divinam,
3380 4967 3529 5021 virus

1959 5048 2071 5087 sua:
2104 5033 2372 5103 haereseos
2396 5033 2617 5103 detegit,
2649 5035 2792 5103 quod
2811 5033 2904 5088 his
2943 5043 3101 5087 antea
3130 5035 3310 5088 verbis
3339 5036 3527 5088 occul-

1958 5110 2119 5174 tarat,
2138 5101 2382 5174 ob_oibpa
2405 5101 2632 5172 ἄψυχον,
2658 5101 2764 5156 οὐδ’
2782 5103 3124 5174 ἀναίσθητον,
3159 5103 3267 5156 οὐδ’
3300 5104 3530 5174 ἀνόητον

1958 5166 2101 5241 εἶχεν
2129 5172 2158 5222 ό
2191 5166 2401 5243 Σωτήρ,
2444 5166 2629 5240 corpus
2676 5166 3196 5243 noninanimatum,
3229 5191 3320 5228 nec
3349 5166 3528 5228 sensus

1958 5256 2160 5309 expers,
2196 5257 2287 5293 nec
2316 5242 2484 5295 mente
2508 5258 2691 5296 carens
2714 5242 2895 5296 habuit
2926 5242 3173 5298 Salvator
3196 5260 3215 5297 :
3242 5244 3390 5298 vafre
3420 5245 3530 5302 sci-

1958 5310 2084 5383 licet.
2104 5326 2179 5383 ac
2207 5310 2433 5383 subdole
2476 5313 2847 5383 intelligendo,
2876 5323 3113 5367 mentem
3157 5315 3392 5368 divinam
3418 5330 3521 5383 Aso-

1960 5381 2070 5453 lum
2100 5382 2278 5434 inesse
2311 5379 2546 5453 Christo.
2583 5379 2701 5448 Qu’a
2743 5383 2810 5437 de
2834 5398 2893 5437 re
2921 5384 3120 5436 iterum
3152 5394 3340 5453 agetur
3364 5381 3433 5436 ad
3462 5384 3530 5437 li-

1959 5452 2315 5521 hrosgcoptra
2351 5452 2769 5521 Apollinarium.

2033 5519 2142 5585 (47)
2186 5518 2435 5587 ὃεᾳιιριὶ,
2467 5520 2609 5578 οὔτε.
2639 5522 2762 5575 Mox
2795 5523 2848 5576 in
2876 5520 3065 5575 eodem
3100 5519 3195 5575 τοῦ
3222 5521 3373 5575 deest
3404 5530 3531 5575 ante

1971 5587 2237 5661 Ἀϐραάμ.
2268 5588 2392 5643 Mox
2425 5591 2563 5647 idem
2596 5602 2649 5650 ct
2680 5590 2867 5661 Basil.,
2900 5592 3085 5662 ἕτερος
3109 5591 3208 5662 μὲν
3227 5586 3314 5663 ἦν.
3341 5593 3403 5646 lu
3423 5594 3511 5647 edi

1971 5659 2030 5715 lis
2068 5659 2166 5730 μέν
2201 5662 2372 5718 deest.

1960 5667 2030 5715 tis
2069 5667 2166 5718 μέν
2201 5667 2372 5718 deest.
