3824 6224
177 260 284 318 805

1363 257 1600 315 TOMUS
1638 258 1733 314 AD
1771 256 2284 315 ANTIOCHENOS.

3351 224 3485 321 eos

176 387 205 439 ό
236 381 650 454 πυνθανόμενος
669 382 799 455 περὶ
829 380 998 436 αὑτοῦ
1024 400 1037 414 ο
1061 381 1174 437 ἀλλ’
1202 380 1232 434 ὁ
1259 382 1422 447 αὐτὸς
1455 379 1523 456 ἦν
1555 382 1767 454 ἀνθρω-

1880 382 1993 438 iem
2015 381 2231 437 dicebat
2254 398 2269 434 :
2296 397 2315 432 ι
2360 378 2465 437 Ubi
2497 381 2715 452 positus
2738 390 2825 439 est
2868 381 3111 438 Lazarus
3136 381 3196 436 εἳ
3230 401 3249 435 ι
3283 391 3338 439 ει
3364 381 3462 454 qui

178 477 345 541 πίνως
383 478 487 549 μὲν
531 476 702 544 λέγων
726 515 742 540 ,
779 494 798 527 ι
834 474 947 528 Ποῦ
984 474 1233 547 Λάζαρος
1262 478 1471 542 κεῖται;
1518 495 1536 527 ›
1569 475 1768 538 θεῖκῶς

179 570 233 622 δὲ
258 566 452 622 τοῦτον
485 567 786 637 ἀνεγείρων
809 564 920 635 (48)
942 582 957 596 ·
984 567 1013 618 ό
1046 565 1208 629 αὐτὸς
1238 565 1295 618 δὲ
1336 560 1405 635 ἦν
1442 562 1770 635 σωματικῶς

184 659 277 730 μὲν
298 657 377 721 ὡς
401 656 693 729 ἄνθρωπος
714 656 919 721 πτύων,
941 655 1140 720 θεῖκῶς
1172 657 1230 709 δὲ
1258 656 1333 719 ὡς
1351 655 1480 719 Υίὺς
1506 656 1601 709 τοῦ
1630 653 1766 708 Θεοῦ

181 751 411 819 ἀνοίγων
437 751 570 814 τοὺς
597 748 910 821 ὀφθαλμοὺς
932 749 1027 802 τοῦ
1060 751 1126 802 ὲκ
1150 750 1376 819 γενετῆς
1411 747 1614 817 τυφλοῦ
1635 766 1648 779 ’
1675 748 1768 802 καὶ¹

182 845 343 915 σαρκὶ
399 844 507 914 μὲν
549 843 796 913 πάσχων,
847 842 925 906 ὡς
980 838 1130 897 εἶπεν
1165 843 1193 895 ὁ
1220 841 1448 913 Πέτρος,
1483 839 1680 904 θεῖκῶς
1709 840 1768 894 δὲ

184 936 415 1005 ἀνοίγων
440 934 516 989 τὰ
549 934 837 1005 μνήματα,
876 933 974 987 καὶ
1021 931 1320 1004 ἀνεγείρων
1358 932 1487 996 τοὺς
1518 931 1764 1003 νεκρούς.

193 1025 280 1091 Ἐξ
311 1018 389 1079 ὧν
418 1025 519 1078 καὶ
544 1023 721 1077 πάντα
753 1022 823 1076 τὰ
854 1025 912 1076 ὲν
946 1022 1024 1094 τῷ
1044 1023 1362 1094 Εὺαγγελίῳ
1398 1022 1541 1077 οὕτω
1586 1022 1779 1077 νοοῦν-·

182 1136 289 1183 τες,
322 1117 386 1171 τὸ
420 1117 558 1171 αὐτὸ
579 1119 796 1189 φρονεῖν
822 1117 951 1189 περὶ
969 1116 1070 1186 τῆς
1098 1114 1429 1188 σαρκώσεως
1473 1116 1569 1170 καὶ
1608 1117 1766 1172 ἐναν-

101 1237 105 1242 “
184 1209 523 1281 θρωπήσεως
549 1207 643 1261 τοῦ
674 1207 849 1277 Λόγου
871 1205 1340 1261 διεϐεϐαιὼσαντο.

250 1300 302 1356 8.
326 1301 552 1356 Τούτων
571 1300 750 1355 τοίνυν
787 1299 961 1364 οὕτως
995 1300 1437 1372 ὁμολογηθέντων
1460 1341 1474 1366 ,
1512 1318 1765 1372 παρακα-

182 1391 375 1465 λοῦμεν
398 1393 549 1465 ὑμᾶς
575 1394 702 1457 τοὺς
728 1392 827 1462 μὲν
852 1392 1025 1456 οὓτως
1056 1391 1448 1463 ὁμολογοῦντας
1471 1393 1566 1446 καὶ
1596 1395 1768 1465 ἑρμη-

183 1484 436 1548 νεύοντας
468 1482 584 1555 (49)
623 1483 764 1537 οὕτω
800 1481 901 1546 τὰς
925 1481 1119 1547 λέξεις,
1140 1482 1208 1546 ἃς
1230 1482 1467 1551 λέγουσι,
1493 1483 1567 1555 μὴ
1601 1502 1768 1538 κατα-

185 1578 396 1649 κρίνετε
415 1576 730 1649 προπετῶς,
763 1575 898 1648 μηδὲ
920 1575 1031 1647 (50)
1058 1575 1413 1641 ἀποϐάλλετε,
1453 1576 1590 1630 ἀλλὰ
1633 1576 1769 1649 μᾶλ-

185 1669 272 1724 λον
296 1669 685 1742 εἱρηνεύοντας
706 1668 802 1723 καὶ
851 1668 1319 1739 ἀπολογουμένους
1354 1668 1768 1740 προσλαμϐάνε-

1868 472 2129 529 divinitus
2156 473 2308 528 illum
2330 473 2590 529 excitavit
2618 492 2633 529 ε
2659 474 2802 530 idem
2837 475 2956 545 ipse
2986 483 3104 530 erat
3131 475 3226 547 qui
3254 488 3457 545 corpo-

1867 569 2052 625 raliter
2076 568 2296 638 quidem
2324 577 2384 623 ut
2412 568 2579 624 homo
2605 569 2867 639 spuebat,
2897 569 3165 625 divinitus
3199 584 3330 623 vero
3349 607 3364 635 ,
3400 576 3465 624 ut

1867 660 1964 716 Dei
1991 659 2183 724 Filius,
2207 660 2486 731 aperiebat
2512 662 2704 717 oculos
2725 661 2854 716 caeci
2882 661 2997 715 nati
3023 680 3037 716 :
3060 669 3115 716 et
3141 675 3310 716 carne
3338 661 3461 729 qui-

1866 754 1992 809 dem
2034 753 2360 824 patiebatur,
2399 765 2459 810 ut
2518 754 2596 809 ait
2646 753 2843 809 Petrus
2881 757 2941 820 ⁸,
2965 754 3231 809 divinitus
3272 762 3456 807 autem

1867 852 2223 899 monumenta
2251 844 2532 914 aperiebat
2576 854 2935 915 mortuosque
2969 844 3292 901 suscitabat.
3352 845 3457 899 Δι-

1867 951 1976 1008 que
2004 937 2189 992 omnia
2221 952 2345 1007 quae
2366 938 2422 991 in
2451 935 2750 1008 Evangelio
2779 936 3050 992 habentur
3074 938 3265 993 eadem
3296 953 3457 1008 pror-
3504 968 3507 969 ν

1868 1044 1966 1084 sus
2017 1028 2230 1083 ratione
2279 1027 2667 1099 intelligentes,
2727 1028 3065 1085 aﬂirmarunt
3109 1045 3169 1085 se
3218 1030 3455 1100 idipsum

1868 1120 2072 1177 sentire
2105 1120 2173 1176 de
2196 1121 2571 1178 incarnatione
2595 1130 2651 1177 et
2676 1121 2744 1177 de
2766 1130 3049 1192 assumpta
3081 1137 3113 1177 a
3141 1120 3322 1178 Verbo
3349 1122 3458 1180 hu—

1867 1228 2032 1268 mana
2072 1222 2290 1268 natura.

1936 1305 1991 1360 8.
2016 1304 2155 1361 Cum
2181 1307 2296 1361 haec
2318 1305 2484 1377 igitur
2508 1305 2582 1361 ita
2608 1303 2849 1362 confessi
2884 1305 3015 1372 sint,
3047 1306 3335 1364 hortamur
3354 1322 3456 1364 vos

1859 1399 1937 1451 ‘ne
1968 1410 2064 1451 eos
2094 1396 2316 1466 quidem
2341 1395 2433 1466 qui
2470 1395 2552 1450 sic
2578 1395 2907 1466 proﬁtentur
2926 1435 2942 1461 ,
2973 1404 3120 1451 eteo
3145 1405 3311 1466 pacto
3342 1412 3459 1454 ver-

1865 1487 1934 1543 ba
1966 1502 2089 1558 quas
2117 1482 2435 1557 proferunt,
2473 1486 2925 1556 interpretantur,
2955 1493 3164 1542 temere
3190 1488 3421 1543 eondem
3439 1517 3455 1528 -

1868 1594 2002 1634 nare
2027 1587 2123 1633 aut
2152 1579 2378 1649 rejicere
2397 1577 2575 1633 velitis
2594 1616 2610 1642 ,
2632 1576 2728 1633 sed
2756 1577 2963 1647 patius,
3003 1577 3157 1648 ipsos
3182 1579 3305 1649 paci
3338 1588 3458 1635 stu—

1867 1668 2059 1724 dentes
2085 1676 2140 1724 et
2165 1683 2285 1725 sese
2317 1679 2613 1739 purgantes
2639 1668 2936 1738 recipiatis.
2996 1668 3107 1726 Eos
3137 1679 3330 1725 contra
3358 1672 3455 1741 qui

188 1761 305 1815 σθε·
343 1732 475 1826 τοῦς
525 1762 585 1815 δὲ
611 1762 686 1834 μὴ
723 1732 1077 1832 βουλομένους
1126 1732 1296 1826 οὕτως
1343 1732 1624 1833 ὁμολογεῖν
1676 1763 1769 1816 καὶ

1880 1760 1988 1815 haec
2010 1761 2253 1831 proﬁteri
2281 1732 2337 1817 et
2355 1732 2518 1816 verba
2541 1760 2637 1815 tali
2661 1732 2824 1816 modo
2847 1761 3122 1831 explicare
3147 1732 3452 1828 renuerint,

187 1853 566 1926 διερμηνεύειν
598 1853 698 1916 τὰς
725 1853 923 1921 λέξεις,
940 1853 1165 1919 τούτους
1188 1854 1431 1923 ,κωλύετε
1459 1856 1554 1910 καὶ
1586 1856 1770 1928 ἐντρέ-

189 1963 335 2010 πετε,
366 1946 445 2011 ὡς
494 1947 772 2010 ὑπόπτους
820 1946 899 2018 τῷ
947 1948 1276 2019 φρονήματι.
1327 1948 1544 2003 Τούτων
1576 1967 1639 2003 τε
1694 1950 1768 2022 μὴ

189 2038 501 2110 ἀνεχόμενοι
528 2038 925 2111 συμϐουλεύετε
948 2039 1223 2103 κάκείνοις
1253 2043 1366 2103 τοῖς
1396 2040 1573 2113 ὀρθῶς
1596 2043 1769 2114 ἑρμη-

191 2130 397 2185 νεύουσί
440 2149 504 2185 τε
539 2132 634 2186 καὶ
666 2131 920 2203 φρονοῦσι
955 2131 1119 2203 μηδὲν
1152 2131 1314 2186 πλέον
1341 2131 1600 2204 ἀλλήλους
1633 2134 1767 2187 ἀνα-

190 2221 391 2292 κρίνειν
425 2224 564 2295 μηδὲ
599 2225 919 2295 λογομαχεῖν
951 2223 1038 2276 ἐπ’
1088 2223 1240 2277 οὐδὲν
1282 2226 1551 2296 χρήσιμον
1578 2264 1593 2289 ,
1629 2226 1767 2296 μήτε

192 2316 304 2378 ταῖς
326 2315 609 2380 τοιαύταις
651 2316 828 2383 λέξεσι
863 2317 1260 2390 διαμάχεσθαι,
1301 2317 1438 2370 ἀλλά
1462 2316 1540 2387 τῷ
1566 2316 1768 2389 φρονή-

192 2426 319 2480 ματι
341 2411 442 2481 τῆς
477 2409 761 2474 εὐσεϐείας
789 2414 1119 2480 συμφωνεῖν.
1150 2412 1214 2465 Οί
1243 2409 1352 2481 γὰρ
1374 2410 1448 2481 μὴ
1480 2409 1622 2463 οὕτω
1655 2408 1769 2461 δια-

192 2499 464 2570 νοούμενοι
484 2541 500 2562 ,
531 2500 670 2554 ἀλλὰ
721 2500 880 2572 μόνον
914 2500 1007 2554 ἐπὶ
1041 2503 1153 2564 τοῖς
1192 2501 1451 2564 τοιούτοις
1494 2498 1768 2566 λεξειδίοις

194 2591 637 2662 φιλονεικοῦντες,
690 2594 784 2647 καὶ
842 2591 993 2666 παρά
1036 2594 1106 2646 τά
1137 2596 1194 2646 ὲν
1234 2593 1440 2663 Νικαίᾳ
1488 2590 1767 2662 γραφέντα

195 2682 495 2755 ζητοῦντες,
518 2684 674 2738 οὐδὲν
694 2684 879 2754 ἕτερον
900 2683 1165 2749 ποιοῦσιν,
1196 2685 1228 2755 ἢ
1262 2703 1281 2735 ι
1307 2683 1614 2748 ποτίζουσιν
1639 2683 1769 2736 ἀνα-

193 2775 392 2848 τροπὴν
427 2776 658 2845 θολερὸν
707 2775 800 2829 τὸν
826 2775 1074 2846 πλησίον,
1119 2795 1138 2827 ι
1175 2775 1251 2837 ὼς
1298 2769 1619 2845 φθονοῦντες
1668 2776 1767 2848 τὴν

197 2866 410 2937 εἰρήνην
441 2868 535 2921 καὶ
576 2866 901 2936 ἀγαπῶντες
941 2866 1008 2921 τὰ
1057 2866 1348 2938 σχίσματα.
1413 2867 1549 2920 Ἀλλ’
1587 2868 1764 2939 ὑμεῖς,

195 2954 266 3019 ὡς
297 2958 489 3026 ἀγαθοὶ
513 2958 628 3032 (51)
655 2958 930 3031 ἄνθρωποι
954 2960 1050 3013 καὶ
1082 2960 1263 3012 πιστοὶ
1282 2958 1478 3023 δοῦλοι,
1502 2960 1597 3013 καὶ
1625 2962 1768 3013 οἱκο-

199 3045 344 3147 νόμοι
371 3049 463 3103 τοῦ
494 3049 702 3122 Κυρίου
722 3092 737 3117 ,
785 3051 852 3105 τὰ
905 3039 1013 3122 μὲν
1042 3051 1460 3116 σκανδαλίζοντα
1492 3052 1586 3105 καὶ
1630 3050 1766 3116 ξενί-
1793 3089 1835 3147 c

201 3136 351 3202 ζοντα
373 3142 580 3196 παύετε
613 3144 708 3196 καὶ
735 3141 970 3196 κωλύετε
995 3184 1010 3207 ,
1046 3145 1264 3199 πάντων
1299 3142 1357 3196 δὲ
1405 3142 1603 3214 μᾶλλον
1634 3161 1765 3214 προ-

201 3227 407 3296 κρίνετε
439 3230 541 3303 τὴν
609 3230 864 3303 τοιαύτην
916 3233 1163 3304 εἰρήνην,
1201 3232 1368 3305 οὔσης
1418 3233 1766 3305 ὑγιαινούσης

203 3316 454 3384 πίστεως
483 3323 618 3385 ἴσως
666 3324 694 3375 ὀ
732 3322 936 3396 Κύριος
967 3323 1182 3396 ἐλεήσει
1207 3326 1354 3396 ἡμᾶς
1374 3364 1388 3389 ,
1417 3326 1511 3379 καὶ
1538 3327 1765 3396 συνάψει

200 3407 265 3460 τὰ
286 3409 606 3485 διῃρημένα,
652 3413 750 3468 καὶ
774 3414 1075 3486 γενομένης
1125 3418 1255 3486 μιᾶς
1297 3417 1530 3489 ποίμνης
1553 3457 1567 3482 ,
1606 3418 1767 3473 πάλιν

202 3497 390 3566 πάντες
441 3504 539 3558 ἕνα
570 3504 766 3576 ἔχομεν
821 3504 1196 3576 καθηγεμόνα,
1254 3504 1347 3560 τὸν
1376 3505 1581 3578 Κύριον
1609 3506 1766 3578 ἡμῶν

215 3587 407 3661 Ἰησοῦν
430 3594 689 3667 Χριστόν.

268 3686 318 3740 9.
352 3688 535 3743 Ταῦτα
563 3691 727 3762 ¹ἡμεῖς
754 3689 872 3761 μὲν,
907 3691 955 3743 εἰ
982 3691 1075 3744 καὶ
1104 3690 1273 3762 μηδὲν
1320 3690 1481 3747 πλέον
1531 3691 1638 3746 ἔδει
1671 3691 1767 3765 ζη-

203 3778 309 3829 τεῖν
330 3778 425 3849 τῆς
456 3783 513 3834 ὲν
543 3781 747 3853 Νικαίᾳ
778 3781 1019 3849 συνόῖου,
1062 3783 1199 3854 μηδὲ
1240 3783 1526 3855 ἀνέχεσθαι
1564 3785 1674 3839 τῶν
1703 3787 1768 3840 ἐκ

208 3865 522 3937 φιλονεικίας
551 3873 832 3945 ῥημάτων,
865 3874 1002 3928 ἀλλά
1034 3891 1098 3944 γε
1126 3876 1213 3930 διὰ
1245 3877 1343 3948 τὴν
1376 3880 1617 3949 εἰρήνην,
1672 3878 1767 3931 καὶ

207 3956 356 4014 ἕνεκα
378 3964 467 4017 τοῦ
511 3965 587 4037 μὴ
614 3965 937 4020 ἀποϐάλλειν
970 3964 1080 4039 (52)
1124 3968 1251 4032 τοὺς
1293 3968 1468 4041 ὀρθῶς
1492 3970 1767 4024 πιστεύειν

209 4049 494 4123 ἐθέλοντας,
522 4060 910 4130 ἀνεκρίναμεν,
943 4060 1038 4112 καὶ
1064 4059 1207 4131 ἆπερ
1231 4060 1610 4133 ὡμολόγησαν,
1646 4078 1769 4114 συν·-

210 4141 376 4213 τόμως
404 4150 882 4222 ὑπηγορεύσαμεν,
908 4152 957 4204 οἱ
985 4150 1425 4223 περιλειφθέντες
1445 4155 1502 4206 ὲν
1532 4155 1598 4224 τῇ
1629 4154 1770 4206 Ἀλε-

214 4230 467 4310 ξανδρείᾳ,
494 4244 646 4312 κοινῇ
673 4242 931 4312 μετὰτῶν
957 4241 1382 4314 συλλειτουργῶν
1405 4246 1436 4316 ἡ
1445 4244 1560 4316 μῶν
1586 4245 1769 4299 Ἀστε-

216 4324 321 4393 ρίου
360 4330 467 4403 (55)
499 4335 595 4388 καὶ
646 4333 943 4387 Εὐσεϐίου·
999 4335 1051 4388 οἱ
1083 4334 1192 4406 γὰρ
1226 4336 1466 4390 πλεῖστοι
1496 4338 1555 4405 ἐξ
1612 4338 1769 4410 ἡμῶν

1869 1860 1932 1907 ut
1976 1861 2245 1923 suspectae
2272 1854 2554 1909 sententiae
2581 1854 2834 1911 homines
2866 1855 3099 1910 arceatis
3134 1856 3454 1927 pudoreque

1868 1944 2138 2001 alﬁciatis.
2185 1942 2298 1999 Hos
2323 1945 2488 2015 igitur
2516 1960 2586 2000 ne
2619 1946 2895 2013 toleretis;
2925 1960 3019 2003 eos
3052 1955 3234 2002 autem
3274 1950 3367 2018 qui
3397 1959 3453 2006 et

1866 2047 2012 2093 recte
2036 2037 2199 2091 verba
2233 2035 2657 2105 interpretantur
2678 2045 2731 2091 et
2763 2038 2932 2107 probe
2967 2040 3230 2107 sentiunt,
3258 2040 3450 2095 horta-

1866 2127 2003 2184 mini
2049 2141 2118 2181 ne
2150 2126 2460 2181 ulteriorem
2510 2127 2654 2181 inter
2683 2142 2743 2182 se
2781 2127 3076 2184 adhibeant
3106 2130 3451 2200 disquisitio-

1865 2233 1988 2273 nem
2014 2258 2028 2283 ,
2058 2232 2158 2271 nec
2193 2216 2374 2272 verbis
2399 2216 2663 2273 inutiliter
2688 2218 2998 2285 deeertent,
3039 2234 3218 2290 neque
3251 2221 3450 2292 hujus-

1866 2309 2015 2365 modi
2048 2309 2330 2364 vocabulis
2357 2309 2723 2377 contendant,
2758 2311 2852 2367 sed
2896 2311 2951 2365 in
2983 2312 3201 2381 pietatis
3230 2321 3453 2369 senten-

1867 2403 1995 2457 tiam
2022 2402 2371 2457 conveniant.
2396 2399 2532 2457 Nam
2554 2404 2647 2472 qui
2667 2419 2773 2459 non
2796 2404 2877 2460 sic
2900 2406 3085 2460 animo
3100 2406 3277 2463 allecti
3296 2419 3447 2470 sunt.

1866 2494 1959 2550 sed
1984 2495 2050 2548 de
2071 2493 2385 2563 hujusmodi
2407 2499 2619 2548 tantum
2637 2495 2847 2551 voculis
2870 2497 3198 2566 quaestiones
3219 2500 3448 2569 agitant,

1865 2589 1919 2636 et
1944 2590 2141 2650 praeter
2163 2583 2333 2654 619
2350 2598 2414 2637 ea
2439 2599 2563 2653 quae
2578 2582 2772 2640 Nicaea:
2798 2587 3106 2658 conscripta
3139 2603 3286 2653 sunt,
3310 2605 3455 2645 non-

1864 2674 2012 2729 nulla
2039 2676 2346 2745 requirunt,
2371 2676 2507 2729 nihil
2534 2676 2679 2731 aliud
2712 2687 2898 2748 agunt,
2926 2693 3091 2750 quam
3111 2681 3252 2750 quod
3282 2701 3302 2734 ι
3323 2696 3454 2753 pro-

1864 2765 2016 2821 ximo
2044 2782 2146 2823 suo
2175 2766 2581 2823 subversionem
2611 2768 2885 2823 turbidam
2919 2772 3294 2840 propinant”,
3320 2791 3339 2824 ι
3362 2780 3453 2827 ut-

1865 2867 1989 2927 pote
2003 2858 2095 2928 qui
2127 2859 2244 2928 paci
2264 2860 2541 2915 invideant
2554 2869 2606 2915 et
2623 2860 2918 2917 schismata
2936 2862 3184 2933 diligant.
3210 2864 3315 2920 Sed
3333 2879 3450 2929 vos,

1865 2956 1928 3003 ut
1961 2948 2117 3018 probi
2147 2948 2433 3014 homines,
2466 2948 2760 3020 ﬁdelesque
2784 2951 3020 3015 servi‘ac
3042 2952 3453 3021 dispensatores

1867 3039 2120 3103 Domini,
2161 3055 2284 3109 quae
2317 3039 2659 3122 oliendiculo‘
2676 3041 2896 3111 quidem
2940 3054 3105 3107 sunt,
3154 3052 3210 3099 et
3247 3061 3276 3100 a
3318 3060 3454 3102 eon-

1871 3132 2053 3187 cordia
2082 3132 2373 3197 deterrent,
2396 3134 2721 3202 compescite
2761 3143 2817 3189 et
2848 3135 3132 3205 impedite,
3168 3139 3453 3193 omnibus-

1870 3235 1978 3288 que
1996 3220 2309 3290 liujusmodi
2335 3235 2519 3290 pacem
2544 3223 2878 3292 anteponite,
2899 3238 3023 3291 cuin
3046 3241 3179 3281 sana
3196 3228 3266 3282 sit
3282 3228 3449 3283 tides;

1871 3310 2100 3366 forsitan
2133 3311 2395 3367 Dominus
2428 3315 2603 3369 nostri
2636 3314 2916 3381 misertus,
2952 3331 3076 3386 quae
3096 3318 3270 3372 divisa
3297 3317 3453 3374 fuere

1873 3404 2162 3474 eoaptabit,
2190 3403 2446 3474 factoque
2467 3407 2721 3476 deinceps
2746 3422 2856 3462 uno
2881 3408 3032 3475 ovili,
3061 3424 3253 3466 omnes
3276 3426 3449 3466 unum

1873 3496 2194 3552 habebimus
2233 3497 2428 3552 ducem
2464 3496 2758 3554 Dominum
2788 3508 3039 3556 nostrum
3068 3499 3256 3558 Jesum
3289 3501 3451 3559 Cini-

1872 3597 2038 3641 stum.

1941 3697 1995 3752 9.
2031 3696 2158 3753 Haec
2203 3714 2304 3755 nos
2342 3700 2558 3770 quidem
2596 3700 2835 3770 (tametsi
2863 3703 3001 3759 nihil
3039 3713 3236 3775 prater
3268 3704 3447 3763 Nicat-

1872 3807 1998 3847 nam
2052 3792 2318 3863 synodum
2349 3794 2734 3865 requirendum
2778 3805 2897 3851 erat
2919 3839 2934 3864 ,
2966 3812 3141 3867 neque
3172 3799 3451 3856 toleranda

1872 3893 2029 3940 erant
2059 3887 2422 3941 contentionis
2455 3888 2653 3953 verba;
2689 3897 2926 3944 attamen
2967 3891 3118 3960 pacis
3153 3892 3454 3946 concilian-

1873 3977 1955 4032 da:
1990 3992 2155 4032 causa
2175 4018 2192 4045 ,
2223 3986 2276 4032 et
2301 3995 2365 4032 ne
2390 3994 2484 4033 eos
2515 3980 2607 4050 qui
2650 3988 2795 4035 recte
2831 3982 3032 4036 sentire
3057 3984 3282 4053 cupiunt
3314 3984 3453 4054 abji-

1874 4068 2141 4139 cereinus)
2182 4072 2646 4135 examinavimns,
2681 4081 2736 4125 et
2766 4087 2887 4142 quae
2924 4073 3025 4143 ipsi
3063 4074 3292 4145 professi
3324 4085 3455 4131 sunt

1873 4161 2061 4231 paucis
2083 4162 2426 4228 dictavimus,
2448 4178 2549 4218 nos
2571 4164 2662 4234 qui
2679 4163 3022 4220 Alexandria:
3042 4167 3215 4222 relicti
3236 4183 3450 4232 sumus.

1875 4252 2037 4323 idque
2068 4269 2173 4307 una
2208 4270 2329 4307 eum
2365 4254 2756 4309 comministris
2781 4257 2983 4312 nostris
3006 4256 3222 4312 Asterio
3250 4266 3304 4312 et
3337 4255 3451 4313 Eu-

1876 4344 2067 4399 sebio:
2089 4344 2308 4414 plurimi
2348 4360 2585 4415 namque
2640 4354 2888 4400 nostrum
2924 4347 2989 4401 ad
3028 4363 3156 4402 suas
3187 4348 3453 4404 dioeceses

213 4411 551 4507 ἀτῖξ-δήμησαν
597 4425 678 4486 είς
715 4422 815 4487 τὰς
865 4422 1159 4494 παροικίας
1194 4423 1422 4479 ἑαυτῶν.
1475 4424 1663 4494 Ὑμεῖς
1711 4426 1768 4478 δὲ

1880 4443 2006 4490 sunt
2035 4435 2288 4506 profecti.
2338 4434 2450 4492 Vos
2474 4437 2658 4507 itaque
2689 4438 2742 4491 in
2772 4454 3062 4494 commune
3090 4440 3184 4494 ubi
3210 4456 3452 4496 conven-

215 4504 362 4562 πάλιν
387 4516 534 4585 κοινῇ
566 4512 695 4567 ἔνθα
722 4514 817 4567 καὶ
836 4511 1067 4566 εἰώθατε
1098 4512 1461 4582 συνάγεσθαι,
1494 4514 1769 4582 ἀνάγνωτέ

1881 4538 1967 4584 tus
1992 4543 2151 4598 agere
2188 4529 2396 4594 soletis,
2434 4530 2549 4586 haec
2570 4530 2807 4601 legitote,
2841 4532 3076 4603 illucque
3102 4548 3295 4589 omnes
3318 4549 3455 4589 con-

216 4596 394 4666 ταῦτα,
425 4607 586 4659 κάκεῖ
616 4606 826 4668 πάντας
855 4603 1331 4679 προσκαλέσασθαι
1375 4604 1774 4671 καταξιώσατε.

218 4688 418 4747 Δίκαιον
445 4699 551 4771 γὰρ
584 4700 702 4752 ἐκεῖ
729 4698 946 4771 πρῶτον
973 4696 1071 4769 τὴν
1107 4697 1395 4769 ἐπιστολὴν
1419 4697 1776 4768 ἀναγνωσθῆ-

221 4794 322 4849 ναι,
351 4790 506 4845 κάκεῖ
526 4792 655 4855 τοὺς
675 4790 1033 4862 βουλομένους
1059 4790 1156 4844 καὶ
1175 4790 1655 4863 ἀντιποιουμένους
1675 4790 1779 4862 τῆς

286 4917 308 4948 ⁸
340 4918 489 4982 Joan.
525 4941 605 4990 τι,
632 4926 723 4981 54.
788 4926 809 4959 ⁸
848 4923 870 4979 1
902 4924 1047 4981 Petr.
1077 4942 1147 4991 IV,
1182 4927 1235 4983 1.
1313 4926 1355 4959 ¹⁰
1379 4925 1582 4981 Habac.
1621 4942 1684 4988 ll.
1720 4927 1776 4982 5.

223 5059 244 5138 Ἀ
291 5052 393 5127 (48)
449 5062 953 5138 Βιιεϋηᾲὲγείρων.Δ
979 5060 1124 5138 Infra
1147 5071 1321 5138 _post‘
1350 5061 1552 5138 πτύων.
1608 5061 1775 5138 Editi,

229 5135 609 5200 πνευματικῶς.
804 5133 976 5193 Βοεὶί.
1017 5133 1212 5196 θεῖκῶς
1239 5134 1455 5188 habent.
1494 5134 1618 5189 llaec
1662 5136 1779 5203 ipsa

227 5196 412 5272 {Idesis
470 5216 609 5260 orat.
649 5208 704 5272 3,
753 5218 937 5261 contra
984 5205 1232 5267 Arianos,
1267 5219 1319 5272 p.
1345 5204 1471 5271 461,
1502 5220 1654 5259 num.
1684 5204 1775 5258 52.

229 5240 704 5353 ῗξιῖὗῖροζὶᾛεζῖ
741 5240 1781 5353 ἕὶζῧ’ὲ’ἀίὶἷὲζ”ἑῖ”ἐεξῆεἷῑῖξ.’ἐιὶῖὲἱὶῖξῖδὶ

232 5345 436 5414 γεγξῖῆς
469 5363 590 5400 cum
620 5345 672 5411 ε,
704 5348 920 5402 melius.

422 5405 554 5490 βυεἐ
584 5427 637 5490 et
657 5405 857 5490 'Basil.
876 5415 1350 5490 διερμηνεύοντας.

296 5477 685 5559 S50)_lanasil.
727 5488 864 5559 μηδέ
915 5477 1086 5541 deest.
1137 5477 1502 5559 Seguerianus
1531 5498 1662 5540 vero
1701 5484 1782 5559 sic

234 5537 552 5612 haber'hune
567 5537 884 5629 Ῑᾶἕιίιιῖξᾞή
915 5537 1309 5628 δὶἆιὲέιὶρινὲῗὲ,
1324 5537 1781 5628 aeseptem;

235 5612 556 5679 ἀποϐάλλετε.

300 5687 402 5759 ίδί)
440 5692 557 5767 Seg.
588 5716 633 5755 ω
659 5697 870 5768 ἀγαθοί.

1876 4634 2073 4674 vocare
2103 4621 2421 4691 dignemini.
2451 4620 2692 4691 Aiquum
2723 4624 2868 4678 enim
2895 4632 2979 4680 est
2999 4634 3059 4679 ut
3083 4625 3193 4680 illic
3214 4626 3453 4694 primum

1877 4711 2107 4781 epistola
2136 4712 2345 4785 legatur
2368 4751 2383 4778 ,
2419 4728 2484 4767 ac
2517 4712 2718 4769 ibidem
2752 4717 2848 4785 qui
2876 4732 3066 4788 pacem
3099 4726 3289 4787 optant
3322 4731 3454 4789 prov

1877 4811 2181 4874 curantque
2204 4844 2220 4871 ,
2257 4805 2361 4861 sibi
2393 4805 2627 4863 invicem
2655 4809 3015 4865 concilientur
3048 4826 3062 4863 :
3094 4824 3161 4866 ac
3190 4810 3453 4882 deinceps

1954 5065 2066 5135 (52)
2112 5063 2236 5135 Seg.
2266 5071 2321 5119 et
2349 5062 2508 5120 Gobl.
2540 5064 2854 5135 ἀποϐαλεῖν.

1954 5134 2068 5206 (55)
2087 5134 2233 5208 __Seg.
2261 5136 2409 5208 solus
2434 5136 2538 5208 sic_.
2559 5134 2821 5208 Εὐσεϐίου
2847 5135 2942 5189 καὶ
2981 5136 3278 5208 Ἀστερίου.
3302 5135 3456 5190 Aste-

1878 5203 2456 5270 rium'Orientalium,
2496 5203 2793 5260 Eusebium
2843 5222 2973 5260 vero
3021 5203 3453 5262 Occidentalium

1881 5291 2105 5346 causam
2156 5276 2208 5329 in
2242 5277 2345 5329 hac
2389 5276 2601 5346 synodo
2631 5277 2807 5346 egisse
2839 5287 3031 5331 auctor
3074 5288 3158 5331 est
3202 5276 3454 5341 Ruﬁnus.

1883 5345 2030 5400 Hist.
2055 5345 2262 5411 eodem,
2296 5347 2388 5400 lib.
2420 5345 2457 5409 ι,
2494 5360 2545 5400 c.
2575 5345 2868 5401 ‘29.’Purro
2904 5348 2993 5402 hic
3020 5348 3272 5402 Asterius
3298 5350 3343 5402 is
3370 5358 3456 5401 est

1882 5418 1975 5486 qui
2009 5418 2138 5470 olim
2166 5418 2399 5472 Arianos
2435 5416 2714 5471 Serdicam
2752 5429 3102 5486 properantes
3142 5417 3196 5470 in
3229 5420 3311 5470 via
3357 5418 3457 5472 de-

1884 5488 2058 5558 seruit
2113 5503 2220 5540 una
2264 5502 2387 5558 cum
2446 5489 2576 5541 Ario
2634 5488 2917 5558 Petrarum
2965 5489 3243 5556 episcopo,
3293 5496 3458 5558 atque

1885 5556 2198 5611 Sardicensi
2223 5557 2432 5627 synodo
2462 5558 2804 5627 subscripsu.
2824 5556 2943 5623 Qua
2971 5563 3039 5611 de
3072 5573 3237 5612 causa
3264 5556 3456 5613 iisdem

1883 5626 2104 5700 Arianis
2136 5625 2453 5700 auctoribus
2485 5627 2545 5700 in
2595 5625 2942 5700 Superiorem
2974 5627 3215 5684 Africam
3252 5629 3460 5700 relega-

1888 5708 1997 5764 tus,
2025 5698 2079 5752 in
2113 5698 2289 5753 reditu
2318 5697 2447 5756 huic
2481 5697 2728 5755 interfuit
2756 5698 2981 5766 synodo.
