3824 6224
369 271 473 336 8οἾ

943 275 1002 330 S.
1042 271 1412 328 ATHANASll
1451 269 1602 326 OPP.
1638 268 1818 324 PARS
1865 269 1905 323 1.
1936 301 2006 312 -
2039 268 2412 327 HISTORICA
2448 270 2537 324 ET
2577 271 3002 328 DOGMATICA.

3519 279 3627 334 808

373 410 497 456 cum
531 406 724 453 mutuo
756 393 1028 451 conciliati
1083 391 1320 454 fuerint,
1372 391 1685 458 ubicunque
1745 389 1943 459 populo

2057 392 2269 462 εἰρήνης
2299 390 2698 444 συνάπτεσθαιο
2728 392 2822 443 καὶ
2858 391 3045 445 λοιπὸν
3095 392 3476 461 συναφθέντων
3524 400 3628 450 αὐ-

376 491 672 562 placuerit,
704 498 968 560 prasente
995 494 1172 540 vestra
1205 484 1541 538 humanitate
1567 483 1677 537 illic
1707 497 1944 537 conven-

376 593 464 638 tus
495 583 834 637 celebrentur
854 618 869 644 ,
899 586 954 632 et
978 577 1208 631 Domino
1241 589 1349 629 una
1374 574 1546 644 gloria
1575 574 1846 628 tribuatur
1875 574 1944 628 ab

375 674 650 729 omnibus.
714 670 965 726 Salutant
1012 683 1112 723 vos
1167 665 1364 721 fratres
1402 665 1496 734 qui
1536 679 1748 719 mecum
1794 673 1940 721 sunt.

373 766 514 838 Opto
541 781 640 822 vos
686 765 822 820 bene
850 763 1062 826 valere,
1112 768 1168 815 et
1214 759 1536 813 memoriam
1583 759 1756 812 nostri
1802 757 1944 828 apud

374 857 665 915 Dominum
698 855 896 921 facere,
928 853 1043 924 Ego
1075 850 1446 906 Athanasius:
1473 849 1564 902 alii
1602 850 1807 919 pariter
1831 849 1944 917 epis-

371 950 542 1019 scopi,
577 949 672 1018 qui
697 946 861 1003 simul
889 953 1262 1000 convenerunt
1288 943 1664 1011 subscripsere
1690 959 1701 994 :
1731 955 1942 994 necnon

369 1041 465 1112 qui
493 1040 646 1094 missi
686 1049 815 1094 sunt
843 1054 872 1092 a
903 1036 1157 1092 Lucifero
1191 1036 1410 1106 quidem
1457 1035 1722 1090 Sardinia
1753 1033 1944 1089 insula

369 1132 624 1202 episcopo
644 1173 659 1198 ,
709 1130 922 1187 diaconi
973 1131 1081 1184 duo
1106 1171 1120 1196 ,
1158 1127 1462 1183 Herennius
1491 1136 1545 1182 et
1571 1128 1846 1197 Agapetus
1874 1145 1886 1180 :
1911 1141 1941 1180 a

371 1224 598 1278 Paulino
631 1231 811 1278 autem
835 1221 1104 1278 Maximus
1135 1229 1189 1274 et
1213 1219 1555 1284 Calemerus,
1592 1219 1695 1287 ipsi
1724 1231 1944 1287 quoque

369 1315 604 1370 diaconi.
636 1315 874 1370 Aderant
910 1323 964 1369 et
987 1314 1208 1385 quidam
1231 1297 1486 1366 monachi
1514 1311 1582 1365 ab
1603 1309 1940 1381 Apollinario

369 1406 626 1475 episcopo
663 1405 716 1458 in
754 1405 858 1459 hoc
884 1405 1059 1474 ipsum
1097 1401 1271 1457 missi.

445 1666 529 1720 10.
556 1664 806 1735 Episcopi
839 1673 1019 1720 autem
1069 1661 1309 1733 praedicti
1347 1661 1415 1715 ad
1436 1674 1576 1730 quos
1615 1658 1816 1728 scripta
1858 1666 1942 1713 est

370 1757 618 1828 epistola,
657 1758 711 1810 hi
735 1768 862 1812 sunt
884 1776 898 1812 :
924 1756 1194 1810 Eusebius
1216 1753 1588 1808 Vercellorum
1617 1750 1804 1806 Gallia
1849 1767 1940 1805 ur-
1971 1740 2012 1796 Β

370 1851 477 1916 bis,
528 1849 744 1903 Lucifer
787 1848 1051 1902 Sardinia
1108 1847 1320 1912 insula,
1367 1844 1616 1900 Asterius
1653 1842 1939 1897 Petrarum

369 1941 614 2006 Arabiae,
644 1939 922 2011 Cymatius
964 1937 1101 1993 Palti
1141 1936 1481 2008 Calesyria,
1516 1934 1800 1989 Anatolius
1840 1933 1943 1988 Eu-

369 2033 546 2191 ὺωίῗιιί
572 2137 701 2178 vero
732 2121 1013 2192 epistolam
1044 2118 1401 2189 scripserunt,
1435 2116 1492 2170 hi
1517 2123 1666 2180 sunt,
1694 2113 1942 2168 Athana-

371 2217 486 2271 sius
518 2229 657 2285 papa
700 2221 755 2268 et
785 2213 878 2283 qui
915 2228 1038 2268 cum
1065 2226 1133 2266 eo
1161 2209 1500 2265 Alexandria
1542 2207 1798 2274 adfuere,
1827 2208 1944 2278 ipse

370 2304 639 2362 Eusebius
657 2312 711 2359 et
737 2304 982 2358 Asterius
1007 2321 1021 2357 :
1051 2302 1246 2372 reliqui
1271 2311 1450 2356 autem
1472 2341 1487 2367 ,
1519 2299 1688 2356 Gaius
1714 2298 1943 2353 Paratoa-

371 2398 449 2454 nii
503 2397 748 2468 proxime
777 2395 1002 2467 Libyam
1029 2433 1045 2462 ,
1076 2395 1322 2466 Agathus
1358 2391 1662 2463 Phragonis
1691 2399 1744 2446 et
1774 2391 1943 2461 partis

372 2490 658 2560 cujusdam
684 2487 982 2544 Elearchia
997 2486 1238 2558 Egypti,
1261 2486 1586 2541 Ammonius
1602 2483 1944 2540 Pachnemu-

372 2583 458 2639 nis
480 2623 495 2648 ,
554 2590 610 2636 et
654 2579 878 2650 reliqua
915 2579 1087 2649 partis
1137 2577 1434 2634 Elearcbia
1463 2595 1477 2631 ι
1507 2575 1942 2646 Agathodamon

373 2674 617 2731 Schedia
633 2683 688 2728 et
712 2671 1004 2738 Menelaiti,
1028 2669 1353 2726 Dracontius
1374 2683 1556 2740 parva
1575 2666 1941 2738 ﬂermopolis,

372 2767 670 2837 Ldelphius
702 2763 950 2837 Onuphis
991 2781 1114 2836 qua
1145 2773 1232 2821 est
1270 2764 1622 2836 Lychnorum
1643 2804 1658 2829 ,
1683 2762 1943 2818 Hermion

373 2857 607 2924 Taneos,
635 2858 851 2914 Marcus
884 2857 1184 2928 Zygrorum
1209 2858 1456 2928 proxime
1483 2856 1708 2928 Libyam
1725 2896 1740 2924 ,
1764 2855 1943 2910 Theo-

371 2952 541 3007 dorus
565 2949 826 3012 Athribis,
857 2949 1106 3003 Andreas
1129 2947 1425 3011 Arsenoiti,
1447 2945 1786 3016 Paphnutius
1810 2943 1942 2999 Sae-

371 3057 436 3098 os
455 3082 470 3107 ,
504 3041 719 3098 Marcus
746 3041 1026 3096 Philorum
1050 3080 1066 3107 ,
1091 3039 1280 3096 Zoilus
1307 3038 1493 3094 Andro
1519 3079 1534 3106 ,
1567 3037 1753 3094 Menas
1784 3036 1941 3092 Anti-
1965 3077 2008 3135 Ο

582 3146 657 3184 ιιι.

372 3135 828 3279 Ρὴὲἔξιίῑυεθδίυε
860 3235 1081 3292 quoque
1101 3219 1291 3276 Latine
1316 3219 1665 3291 subscripsit,
1705 3233 1940 3290 quorum

371 3316 488 3372 hac
515 3323 600 3371 est
639 3313 1009 3384 interpretatio
1047 3331 1062 3369 :

441 3403 556 3476 Ego
573 3401 863 3465 Eusebius,
891 3401 1192 3457 secundum
1213 3407 1459 3456 exactam
1483 3407 1717 3454 vestram
1738 3397 1942 3452 utrius-

373 3512 479 3567 que
497 3497 666 3566 partis
689 3493 1231 3562 confessionem,qua
1254 3495 1308 3547 in
1331 3491 1579 3548 eamdem
1607 3491 1751 3546 circa
1772 3490 1942 3560 hypo-

373 3598 547 3645 stases
558 3588 879 3644 sententiam
897 3586 1252 3652 convenistis,
1264 3586 1321 3640 in
1336 3584 1580 3640 eamdem
1593 3597 1810 3652 quoque
1820 3596 1945 3636 con-

373 3681 494 3736 veni
515 3698 531 3748 ;
559 3679 654 3736 sed
669 3679 833 3736 etiam
853 3679 996 3735 circa
1012 3679 1179 3750 620
1195 3676 1623 3734 incarnationem
1643 3674 1942 3729 Salvatoris

374 3769 569 3837 nostri,
601 3783 794 3839 nempe
815 3767 911 3822 Dei
939 3766 1136 3821 Filium
1168 3766 1446 3822 hominem
1470 3764 1674 3820 factum
1700 3779 1856 3830 esse,
1889 3772 1944 3818 et

376 3861 560 3916 omnia
581 3867 773 3926 prater
797 3867 1076 3929 peccatum
1100 3857 1484 3927 assumpsisse,
1501 3855 1809 3926 cuiusmodi
1827 3864 1945 3910 erat

376 3952 633 4021 antiquus
671 3959 854 4006 noster
877 3950 1044 4006 homo
1074 3969 1088 4005 :
1114 3950 1276 4020 idque
1301 3949 1455 4019 juxta
1485 3957 1798 4003 contextum
1825 3947 1942 4017 epi-

377 4044 529 4099 stola
569 4059 689 4098 meo
728 4041 988 4114 suﬁ'ragio
1037 4041 1372 4097 conﬁrmavi.
1405 4039 1471 4095 Et
1502 4040 1942 4110 quandoquidem

377 4136 598 4191 exclusa
625 4136 827 4190 dicitur
854 4133 1196 4190 Sardicensis
1221 4133 1440 4190 concilii
1465 4134 1682 4199 tabella,
1711 4148 1779 4188 ne
1801 4134 1943 4188 ultra

377 4226 653 4283 Nicanam
683 4225 844 4282 ﬁdem
875 4226 1080 4296 aliquid
1125 4225 1321 4296 exponi
1365 4225 1609 4280 videatur
1638 4243 1653 4280 :
1687 4240 1786 4295 ego
1817 4226 1946 4280 huic

378 4335 594 4389 quoque
623 4319 703 4374 rei
724 4321 1026 4384 consentio,
1057 4334 1124 4374 ne
1146 4334 1241 4389 per
1263 4320 1409 4374 illam
1436 4317 1652 4374 Nicana
1685 4319 1817 4374 ﬁdes
1845 4333 1942 4372 ex-

2044 482 2173 546 τῶν,
2217 481 2346 534 ἔνθα
2369 481 2448 549 ,ἂν
2484 482 2657 554 ἀρέσῃ
2685 484 2819 536 πᾶσι
2843 488 2956 547 τοῖς
2985 485 3160 548 λαοῖς,
3195 488 3478 560 παρούσης
3525 492 3629 562 τῆς

2047 574 2319 645 ὑμετέρας
2353 575 2898 645 χρηστότητος,οὲκεῖ
2934 577 3034 640 τὰς
3073 577 3319 642 συνάξεις
3361 582 3627 636 ἐπιτελεῖ-

2047 666 2188 731 σθαι,
2215 667 2307 719 καὶ
2333 667 2424 719 τὸν
2446 665 2649 738 Κύριον
2680 671 2832 738 κοινῇ
2863 669 3012 740 παρά
3031 670 3247 723 πάντων
3276 671 3623 738 δοξάζεσθαι.

2044 759 2550 829 Προσαγορεύουσιν
2589 761 2735 830 ὑμᾶς
2761 762 2810 812 οἱ
2841 761 2940 832 σὺν
2972 762 3096 832 ἐμοὶ
3131 763 3375 832 ἀδελφοί.
3421 767 3628 839 Ἐρῤῶ-

2048 851 2169 905 σθαι
2200 853 2362 921 ὑμᾶς,
2393 852 2489 904 καὶ
2522 853 2883 923 μνημονεύειν
2911 854 3068 924 ἡμῶν
3115 855 3193 925 τῷ
3231 857 3426 929 Κυρίῳ
3450 860 3624 930 ,εὖχο-

2051 960 2170 1014 μαι,
2200 943 2341 1011 Ἐγώ
2372 960 2431 996 τε
2461 943 2776 1007 Ἀθανάσιος
2794 961 2808 974 '
2830 945 3031 1015 ὁμοίως
3059 963 3119 998 τε
3149 949 3196 1000 οἱ
3223 948 3371 1002 ἄλλοι
3402 952 3625 1005 ἐπίσκο-

2047 1036 2213 1086 ποιοί
2256 1033 2598 1097 συνελθόντες
2649 1032 3009 1106 ὑπέγραψανο
3053 1038 3148 1090 καὶ
3193 1039 3241 1090 οἱ
3291 1041 3623 1095 ἀποσταλέν-

2045 1140 2136 1186 τες
2165 1123 2276 1194 (54)
2318 1123 2376 1176 δὲ
2406 1123 2556 1194 παρά
2583 1124 2681 1192 μὲν
2698 1123 3036 1195 Λουκίφερος
3060 1124 3173 1196 (55)
3198 1127 3293 1179 τοῦ
3319 1131 3622 1183 ἐπισκόπου

2043 1213 2276 1284 Σαρδίας
2311 1215 2496 1284 νήσου,
2536 1212 2771 1266 διάκονοι
2793 1212 2908 1276 δύο,
2940 1214 3230 1283 Ἐρέννιος,
3253 1218 3345 1269 καὶ
3379 1217 3624 1289 Ἀγαπη-

2042 1305 2132 1368 τός
2152 1322 2168 1338 ο
2208 1304 2360 1375 παρά
2395 1304 2450 1356 δὲ
2473 1304 2737 1357 Παυλίνου
2762 1304 3014 1375 Μάξιμος
3035 1307 3128 1358 καὶ
3157 1307 3506 1380 Καλήμερος,
3529 1310 3622 1363 xui.

2043 1396 2194 1449 αὐτοὶ
2230 1396 2484 1450 διάκονοι.
2519 1396 2779 1468 Παρῆσαν
2801 1397 2857 1450 δὲ
2887 1397 2980 1451 καί
3016 1415 3162 1462 τινες
3213 1400 3620 1473 Ἀπολλιναρίου

2041 1483 2136 1538 τοῦ
2187 1485 2485 1540 ἐπισκόπου
2528 1485 2870 1557 μονάζοντες,
2931 1489 3062 1557 παρ’
3092 1489 3257 1541 αὐτοῦ
3321 1489 3403 1552 είς
3464 1489 3622 1544 τοῦτο

2042 1584 2110 1628 πε
2118 1576 2405 1645 μφθέντες.

2113 1667 2199 1721 10.
2245 1669 2400 1721 Ἐστι
2430 1668 2487 1722 δὲ
2517 1667 2632 1738 (56)
2656 1668 2886 1734 ἕκαστος
2932 1668 3041 1724 τῶν
3087 1670 3465 1742 προκειμένων
3499 1673 3622 1726 sm-

2041 1757 2279 1824 σκόπων,
2312 1759 2451 1830 πρὸς
2483 1758 2578 1822 οὓς
2602 1762 2634 1830 ἡ
2657 1759 2913 1831 ἐπιστολὴ
2944 1761 3182 1832 ἐγράφη,
3223 1761 3484 1826 Εὐσέϐιος
3523 1762 3622 1817 πό-

2041 1849 2177 1914 λεως
2226 1848 2526 1922 Βιργίλλων
2575 1852 2674 1922 τῆς
2706 1852 2936 1916 Γαλλίας
2981 1852 3134 1923 (57),
3195 1854 3474 1927 Λουκίφερ
3523 1855 3624 1926 τῆς

2041 1942 2272 2014 Σαρδίας
2292 1944 2477 2013 νήσου,
2517 1943 2791 2015 Ἀστέριος
2810 1943 3032 2015 Πετρῶν
3059 1944 3156 2015 τῆς
3201 1945 3482 2016 Ἀραϐίας,
3513 1947 3626 1998 Κυ-

2045 2035 2234 2105 μάτιος
2262 2034 2470 2088 Παλτοῦ
2509 2035 2712 2106 Κοίλης
2745 2034 2975 2106 Συρίας,
3019 2035 3322 2098 Ἀνατόλιος
3369 2037 3622 2101 Εὐϐοίας.

2113 2127 2178 2179 υἱ
2211 2126 2268 2179 δὲ
2306 2125 2706 2189 ὲπιστείλαντες
2730 2127 2758 2179 ὅ
2793 2143 2854 2178 τε
2887 2127 3076 2190 πάπας
3129 2127 3476 2193 Ἀθανάσιος,
3529 2131 3624 2182 καὶ

2041 2220 2090 2272 oi
2130 2218 2534 2290 παρατυχόντες
2584 2218 2682 2271 σὺν
2720 2216 2870 2287 αὐτῷ
2908 2219 2966 2270 ὲν
3012 2217 3417 2290 Ἀλεξανδρείᾳ,
3462 2221 3624 2283 αὐτός

2039 2319 2101 2364 τε
2134 2309 2392 2372 Εὐσέϐιος
2421 2311 2515 2363 καὶ
2557 2307 2863 2380 Ἀστέριος·
2903 2309 2998 2361 καὶ
3025 2311 3074 2362 οἱ
3101 2310 3281 2363 λοιποὶ
3311 2310 3470 2374 Γάϊος
3511 2313 3624 2365 Πα-

2046 2403 2289 2476 ρατονίου
2316 2403 2413 2473 τῆς
2437 2401 2663 2470 ἔγγιστα
2698 2401 2808 2472 (58)
2849 2401 3077 2472 Λιϐύης,
3123 2401 3351 2469 Ἀγαθδς
3396 2403 3624 2473 Φραγὼ·

2043 2511 2177 2558 νεως
2205 2494 2301 2547 καὶ
2325 2493 2524 2564 μέρους
2561 2489 2877 2564 Ἐλεαρχίας
2913 2493 3016 2563 τῆς
3037 2492 3349 2561 Αἰγύπτουο
3394 2495 3621 2565 Ἀμμώ-

2042 2603 2152 2649 νιος
2193 2584 2614 2656 [Ιαχνεμούνεως
2636 2587 2731 2639 καὶ
2756 2584 2848 2637 τοῦ
2872 2585 3060 2639 λοιποῦ
3090 2586 3291 2656 μέρους
3320 2587 3422 2656 τῆς
3470 2588 3623 2640 Ἐλε-

2041 2676 2256 2748 αρχίας,
2296 2673 2702 2746 Ἀγαθοδαίμων
2724 2673 2946 2746 Σχεδίας
2971 2676 3066 2728 καὶ
3097 2676 3428 2730 Μενελαΐτου
3444 2692 3459 2707 ·
3483 2681 3625 2749 Δρα-

2041 2767 2250 2829 κόντιος
2298 2765 2713 2838 Ἑρμουπόλεως
2744 2768 2965 2837 μικρᾶς,
2997 2767 3273 2836 Ἀδέλφιος
3320 2767 3623 2838 Ὀνούφεως

2040 2860 2136 2930 τῆς
2169 2858 2412 2929 Λύχνων,
2452 2858 2693 2930 Ἑρμίων
2726 2858 2942 2922 Τάνεως
2962 2898 2976 2921 ,
3008 2859 3234 2930 Μάρκος
3271 2859 3497 2931 Ζύγρων
3522 2861 3627 2930 τῆς

2041 2949 2264 3019 ἔγγιστα
2303 2949 2528 3020 Λιϐύης,
2557 2949 2832 3020 Θεόδωρος
2873 2948 3188 3019 Ἀθρίϐεως,
3224 2949 3483 3020 Ἀνδρέας
3508 2951 3624 3021 (59')

2054 3042 2409 3113 Ἀρσενοῖτου,
2465 3039 2798 3110 Παφνούτιος
2857 3039 3038 3104 Σάεως
3063 3080 3078 3105 ,
3146 3042 3374 3114 Μάρκος
3422 3043 3623 3108 Φίλων,

2041 3132 2239 3195 Ζώῖλος
2273 3133 2506 3204 Ἀνδρω,
2528 3133 2722 3203 Μῆνας
2764 3128 3066 3203 ’Δντίφρων
3100 3132 3231 3204 (60).

2111 3224 2333 3288 Τούτοις
2359 3226 2452 3279 καὶ
2490 3225 2749 3290 Εὐσέϐιος
2779 3223 3066 3298 ὑπέγραψε
3123 3223 3442 3296 Ῥωμαϊστὶ,
3473 3217 3550 3280 ὧν
3587 3226 3626 3296 ἡ

2041 3313 2312 3386 ἑρμηνεία
2330 3329 2345 3344 ⁸

2123 3403 2265 3474 Ἐγὼ
2325 3404 2584 3469 Εὐσέϐιος
2638 3404 2936 3470 ἐπίσκοπος
2984 3405 3128 3460 κατά
3176 3405 3276 3478 τὴν
3331 3405 3626 3477 ἀκρίϐειαν

2041 3497 2195 3569 ὑμῶν
2225 3495 2322 3568 τὴν
2351 3499 2481 3568 παρ’
2533 3497 2810 3569 ἑκατέρων
2848 3497 2957 3552 τῶν
2991 3498 3171 3571 μερῶν
3195 3498 3626 3569 ὁμολογηθεῖσαν

2040 3588 2288 3657 ἀλλήλοις
2337 3587 2736 3659 συντιθεμένων
2765 3590 2896 3661 περὶ
2943 3589 3054 3643 τῶν
3111 3589 3484 3653 ὑποστάσεων,
3528 3591 3627 3644 καὶ

2039 3679 2204 3742 αὐτὸς
2259 3679 2704 3752 συγκατεθέμην·
2757 3683 2821 3735 οὐ
2881 3682 2988 3753 μὴν
3025 3681 3164 3735 ἀλλά
3191 3681 3304 3752 (61)
3344 3683 3438 3734 καὶ
3491 3683 3625 3752 περὶ

2041 3767 2141 3837 τῆς
2170 3766 2497 3839 σαρκώσεως
2533 3769 2628 3823 τοῦ
2661 3770 2911 3842 Σωτῆρος
2941 3770 3119 3843 ἡμῶν,
3159 3773 3241 3824 ὃτι
3263 3771 3292 3821 ὁ
3336 3771 3430 3823 τοῦ
3481 3770 3622 3824 Θεοῦ

2043 3857 2192 3922 Υἱὸς,
2216 3860 2310 3912 καὶ
2349 3859 2632 3932 ἄνθρωπος
2655 3862 2877 3931 γέγονεν
2898 3904 2912 3927 ,
2953 3862 3236 3917 ἀναλαϐὼν
3280 3864 3460 3917 πάντα
3489 3863 3620 3917 ἄνευ

2042 3949 2337 4021 ἁμαρτίας,
2354 3945 2465 4015 οἷος
2489 3953 2518 4004 ό
2538 3951 2766 4014 παλαιὸς
2792 3952 2947 4022 ὴμῶν
2979 3951 3264 4024 ἄνθρωπος
3293 3953 3620 4024 συνέστηκε,

2043 4041 2186 4095 κατά
2223 4042 2285 4095 τὸ
2339 4043 2440 4112 τῆς
2494 4042 2782 4114 ἐπιστολῆς
2842 4042 2976 4113 ὕφος
3038 4045 3449 4115 ὲπιστωσάμην,
3509 4047 3622 4098 Καὶ

2043 4135 2231 4206 ἐπειδὴ
2269 4135 2466 4201 ἔξωθεν
2513 4134 2733 4204 λέγεται
2783 4135 2846 4189 τὺ
2884 4139 2985 4206 τῆς
3026 4135 3293 4206 Σαρδικῆς
3337 4138 3622 4192 πιττάκιον

2043 4225 2232 4280 ἕνεκεν
2258 4226 2352 4279 τοῦ
2385 4225 2459 4297 μὴ
2483 4225 2634 4298 παρά
2664 4227 2762 4298 τὴν
2785 4228 2842 4281 έν
2871 4227 3076 4298 Νικαίᾳ
3103 4229 3289 4281 πίστιν
3316 4227 3493 4282 δοκεῖν
3525 4232 3622 4284 ὲκ⁵

2044 4315 2310 4381 τίθεσθαι,
2341 4317 2435 4369 καὶ
2467 4315 2578 4384 ἐγὼ
2606 4299 3092 4386 συγκατατίθεμαι,
3121 4318 3208 4372 ἵνα
3243 4317 3318 4389 μὴ
3349 4320 3383 4388 ἡ
3421 4318 3535 4390 (69.)
3563 4321 3622 4370 ὲν

379 4412 530 4466 clusa
561 4411 829 4475 videatur,
853 4425 1028 4479 neque
1050 4410 1430 4480 proferendam
1457 4425 1578 4466 eam
1601 4425 1722 4466 esse
1745 4410 1941 4466 sentio.

2057 4404 2255 4474 Νικαίᾳ
2287 4405 2469 4467 πίστις
2515 4404 2607 4459 διὰ
2660 4405 2850 4460 τούτου
2901 4406 3244 4461 ὲκκλείεσθαι
3276 4407 3424 4480 δόξῃ,
3483 4410 3622 4480 μήτε

379 4499 518 4573 Opto
551 4502 608 4558 in
641 4501 872 4558 Domino
897 4517 995 4558 vos
1023 4503 1162 4558 bene
1183 4502 1399 4571 valere:

410 4922 426 4975 ἱ
451 4848 565 4921 (54)
606 4847 828 4920 Seguer.
858 4849 1058 4922 ὁμοίως
1079 4869 1139 4905 τε
1160 4855 1210 4905 οἱ
1250 4851 1420 4907 ἄλλοι.
1442 4849 1603 4919 Editi,
1630 4854 1832 4925 ὁμοίως
1852 4856 1947 4910 καὶ

377 4937 446 4976 ομ

450 4990 562 5061 (55)
601 4988 824 5066 _Segue_r_.
859 4992 1032 5066 prima
1060 5009 1246 5059 manu,
1279 4994 1634 5066 Aouxiqaspog,
1683 4997 1942 5066 secunda,

376 5059 735 5132 Λουκιφέρου.
768 5059 946 5116 Unum
977 5062 1242 5117 duntaxat
1279 5059 1569 5119 diaconum
1617 5080 1646 5117 a
1692 5059 1946 5120 Lucifero

378 5130 862 5201 legatum'narrant
894 5133 1122 5188 Rufinus
1172 5135 1316 5187 Hist.
1351 5135 1558 5192 eccles.,
1584 5133 1679 5187 lib.
1710 5150 1748 5197 I,
1776 5149 1823 5187 c.
1851 5135 1943 5201 i7,

376 5199 695 5271 cfSozom.
715 5200 808 5255 lib.
838 5218 890 5266 v,
914 5202 1073 5256 ο.12.
1108 5203 1306 5271 Aitque
1335 5204 1474 5258 idem
1517 5203 1767 5266 Rullnus,
1799 5199 1944 5257 simi-

379 5272 608 5342 literque
655 5268 1026 5326 Tlieodoretus
1075 5273 1165 5325 lib.
1197 5268 1275 5334 Iit,
1307 5289 1425 5342 cap.
1452 5274 1502 5336 5,
1531 5272 1842 5326 Luciferum
1879 5275 1946 5328 ab

379 5339 892 5411 Euscbiorrogatum
917 5351 975 5395 ut
997 5339 1387 5396 Alexandriam
1414 5358 1597 5398 secum
1632 5342 1947 5411 proﬁcisce-

379 5421 548 5473 retur,
585 5410 636 5462 id
667 5411 942 5466 abnuisse.

452 5479 562 5546 (56)
605 5479 767 5549 ﬁasil.
799 5482 912 5534 Οὐκ
944 5481 1057 5534 ἔστι
1088 5481 1165 5549 δέ,
1200 5483 1357 5537 male.

450 5551 561 5621 (57)
603 5547 694 5602 Sic
724 5565 913 5604 omnes
949 5547 1300 5621 manuscripti
1331 5562 1385 5606 et
1409 5552 1560 5607 editi.
1587 5551 1654 5606 At
1679 5553 1732 5606 in
1762 5552 1949 5608 Histo-

381 5619 461 5671 ria
495 5619 812 5672 Arianorum
860 5621 927 5672 ad
961 5619 1259 5689 monachos,
1295 5639 1445 5678 num.
1478 5623 1569 5687 55,
1602 5624 1946 5680 restituimus

380 5704 445 5742 ex
481 5705 614 5744 mss.
647 5689 974 5751 Βερκέλλων.

2045 4491 2184 4547 εἶναι
2217 4497 2634 4567 προκομιστέον.
2686 4497 2991 4570 Ἐῥρὦθαι
3023 4498 3168 4568 ὑμᾶς
3205 4500 3264 4552 ἐν
3300 4499 3492 4571 Κυρίῳ
3530 4498 3622 4552 εὐ·-

2046 4599 2232 4654 χομαι.

2120 4860 2271 4916 Multi
2303 4878 2367 4917 ex
2403 4863 2807 4940 his-episcopis
2839 4867 3059 4936 relegati
3090 4884 3190 4940 pro
3214 4869 3486 4926 catholica
3516 4870 3621 4926 ﬁde

2049 4935 2470 5010 recensenturin
2491 4933 2633 5010 (list.
2666 4933 2988 5010 Arianorum
3017 4933 3397 4993 ad'monachoa
3431 4957 3619 5010 supra.

2053 5017 2204 5077 num.
2242 5002 2332 5077 72,
2361 5003 2434 5077 _in
2468 5003 2723 5077 Apologia
2765 5008 2827 5060 de
2855 5008 3001 5077 fuga,
3040 5024 3193 5063 num.
3229 5010 3280 5074 7,
3311 5020 3366 5064 et
3398 5011 3451 5063 in
3485 5002 3623 5068 Ᾱνοὲ

2049 5072 2191 5139 logia
2239 5072 2306 5151 ad
2333 5070 2958 5151 _Constnnti_izum_,_num.
2996 5078 3085 5130 ‘27.
3124 5070 3623 5151 Deepiscopatibus

2051 5151 2230 5220 autem
2258 5141 2381 5220 vide
2412 5159 2573 5220 supra
2605 5141 3352 5220 Tabellamgeographicam.

2123 5209 2237 5278 (58)
2280 5210 2371 5266 Sic
2428 5209 2651 5283 Séguer.
2681 5225 2734 5267 et
2767 5209 3080 5270 Goblé—rian.
3114 5209 3220 5271 Alii
3255 5229 3308 5272 et
3340 5218 3496 5282 editi,
3531 5218 3622 5286 ἐγ-

2051 5295 2246 5347 γυστα.

2123 5351 2234 5436 (ὅθ)
2275 5349 2451 5405 Editio
2483 5351 2694 5406 Comm.
2743 5354 3036 5427 Ἀνδρείας.
3076 5354 3199 5410 Mox
3232 5355 3454 5426 Seguer.
3505 5354 3626 5422 Ἀρ-

2054 5436 2304 5488 σενοητου
2314 5460 2326 5472 .

2127 5490 2237 5569 (ϐυ)
2264 5489 2457 5569 _Editi_o
2479 5491 3116 5569 Comm._’Av$pwp.1}v&;
3165 5497 3442 5569 Αντιφρω.
3477 5496 3618 5552 Edit.

2051 5557 2229 5610 Puris.
2263 5559 2386 5624 διὲκ.
2422 5560 2584 5616 Basil.
2621 5573 2681 5615 ut
2708 5564 2760 5616 in
2793 5557 2961 5617 (εέιυί

2130 5629 2240 5706 (ξξί
2282 5628 2459 5706 Editiu
2491 5631 2863 5706 Comnt._sola,
2895 5636 2955 5686 οὐ
2985 5636 3082 5706 μὲν
3109 5637 3262 5706 ἀλλά.

2130 5698 2239 5768 (6:!)
2293 5697 2355 5751 Ἦ
2384 5701 2536 5755 deest
2561 5701 2613 5754 in
2641 5703 2772 5757 edit.
2806 5697 3055 5761 ParisCet
3085 5707 3138 5760 in
3167 5705 3330 5762 Basil.
3360 5705 3511 5762 solis.
