3824 6224
145 359 256 416 809

1318 342 1554 410 TOMUS
1589 352 1681 408 AD
1715 343 2216 410 ANTIOCHENOS.

3279 364 3382 420 8I0

236 472 378 542 Ἐγὼ
421 472 694 543 Ἀστέριος
715 469 1016 525 συνευδοκῶ
1044 473 1156 535 τοῖς
1184 474 1699 546 προγεγραμμένοις,

1886 471 1998 545 Ego
2046 473 2293 530 Asterius
2325 475 2697 545 superioribus
2735 476 2954 548 scriptis
2983 478 3284 550 astipulor,
3325 489 3383 536 et

142 563 247 616 »καὶ
284 561 560 639 ἐρρῶσθαι
599 563 742 634 ὑμᾶς
781 563 838 614 ὲν
865 560 1054 633 Κυρίῳ
1087 560 1338 633 εὔχομαι.

221 654 311 709 Η.
347 654 455 708 Καὶ
484 654 622 725 μετὰ
648 649 710 708 τὸ
746 654 1114 724 ἀποσταλῆναι
1169 655 1278 708 ἀπὸ
1321 654 1719 729 Ἀλεξανδρείας

146 741 240 794 τὸν
266 742 434 813 τόμον
488 741 696 808 τοῦτον,
755 741 896 795 οὑτω
969 742 1118 813 παρὰ
1147 742 1256 798 τῶν
1308 745 1718 817 προειρημένων

145 831 658 906 ὑπογεγραμμένον,
703 833 839 905 μετὰ
862 832 1036 888 ταῦτα
1071 835 1164 888 καὶ
1195 832 1348 890 αὑτοὶ
1376 835 1713 907 ὑπέγραψαν·

231 923 376 993 Ἐγὼ
404 925 666 989 Παυλῖνος
683 925 791 996 (65)
819 923 959 979 οὕτω
984 925 1194 998 φρονῶ,
1214 925 1394 991 καθὼς
1412 928 1716 999 παρέλαϐον

143 1017 301 1089 παρὰ
331 1018 441 1073 τῶν
474 1020 928 1092 Πατέρων,’οντα
957 1022 1048 1075 καὶ
1077 1022 1359 1092 ὑφεστῶτα
1385 1024 1603 1095 Πατέρα
1629 1026 1717 1079 τέ-

142 1107 288 1162 λειον
328 1111 425 1164 καὶ
462 1111 746 1180 ὑφεστῶτα
783 1111 910 1166 Υἱὸν
935 1112 1159 1178 τέλειον,
1199 1113 1294 1166 καὶ
1323 1113 1625 1186 ὑφεστηκὸς
1655 1109 1715 1170 τὸ

137 1200 374 1272 Πνεῦμα
414 1202 474 1255 τὸ
517 1203 670 1272 ἅγιον
718 1204 942 1258 τέλειον.
973 1204 1067 1258 Διὸ
1101 1205 1193 1260 καλ⁴
1229 1206 1563 1278 ἀποδέχομαι
1601 1207 1712 1279 (64)

137 1295 242 1364 τὴν
292 1293 796 1368 προγεγραμμένην
847 1295 1144 1368 ἑρμηνείαν
1192 1297 1321 1370 περὶ
1382 1299 1491 1352 τῶν
1547 1300 1713 1371 τριῶν

137 1385 516 1452 ὑποστάσεων,
546 1382 640 1440 καὶ
668 1388 767 1458 τῆς
801 1389 928 1458 μιᾶς
953 1389 1320 1455 ὑποστάσεως,
1350 1390 1470 1461 ἢτοι
1502 1391 1710 1456 οὐσίας,

134 1477 234 1529 καὶ
261 1477 391 1540 τοὺς
414 1477 741 1549 φρονοῦντας
767 1477 959 1544 οὕτως.
1008 1475 1244 1544 Εὑσεϐὲς
1273 1482 1381 1553 γάρ
1427 1483 1543 1535 ἐστι
1582 1499 1713 1555 φρο-

132 1570 250 1620 νεῖν
277 1568 373 1622 καὶ
403 1569 683 1640 ὁμολογεῖν
707 1573 806 1644 τὴν
839 1572 998 1642 ἁγίαν
1027 1572 1232 1645 Τριάδα
1265 1574 1322 1628 ἐν
1352 1576 1452 1646 μιᾷ
1479 1574 1708 1645 θεότητι.

132 1657 250 1710 Καὶ
279 1657 409 1730 περὶ
441 1658 544 1730 τῆς
570 1660 1031 1733 ὲνανθρωπήσεως
1064 1661 1121 1715 δὲ
1146 1663 1245 1734 τῆς
1280 1663 1348 1716 δι’
1378 1665 1526 1734 ἡμᾶς
1559 1680 1711 1732 γενο-

133 1746 312 1818 μένης
340 1747 434 1802 τοῦ
465 1751 639 1819 Λόγου
678 1751 773 1804 τοῦ
820 1751 1036 1823 Πατρὺς
1074 1753 1218 1806 οὑτω
1263 1753 1472 1824 φρονῶ,
1525 1754 1709 1820 καθὼς

127 1840 486 1910 γέγραπται,
531 1844 635 1907 ὅτι,
674 1843 833 1908 κατὰ,
856 1844 946 1897 τὸν
982 1844 1253 1916 Ἰωάννην,
1285 1847 1314 1898 ὁ
1344 1846 1517 1915 Λόγος
1568 1846 1706 1919 σὰρξ

127 1931 386 2014 ἐγένετο·
411 1932 472 1985 οὑ
516 1932 655 1986 κατά
699 1935 826 1998 τοὺς
862 1935 1254 1999 ἀσεϐεστάτους
1289 1937 1415 2000 τοὺς
1452 1936 1707 2007 λέγοντας

130 2019 442 2092 μεταϐολὴν
466 2021 628 2075 αὑτὸν
651 2021 764 2094 (65)
791 2023 1132 2085 πεπονθέναι,
1164 2024 1277 2078 ἀλλ’
1301 2025 1383 2078 ὅτι
1423 2025 1704 2096 ἄνθρωπος

123 2112 196 2166 δι’
225 2114 382 2183 ἡμᾶς
415 2113 666 2182 γέγονεν,
713 2116 778 2168 ὲκ
819 2116 916 2186 τῆς
955 2117 1114 2185 ἁγίας
1156 2117 1434 2189 Παρθένου
1486 2117 1705 2189 Μαρίας

125 2203 226 2256 καὶ
263 2202 424 2272 ἁγίου
450 2204 764 2276 Πνεὺματος
801 2207 1098 2279 γεννηθείς.
1144 2207 1279 2262 Οὔτε
1325 2209 1435 2280 γᾴρ
1474 2208 1702 2280 ἄψυχον,

122 2291 257 2345 οὔτε
285 2293 628 2366 ἀναίσθητον,
665 2295 786 2350 οὔτε
837 2298 1064 2369 ἀνόητον
1121 2299 1281 2371 σῶμα
1326 2295 1470 2371 εἶχεν
1521 2303 1550 2354 ὁ
1592 2301 1705 2354 Σω-

122 2384 238 2455 τήρ
278 2383 425 2452 (66)°
457 2384 578 2438 οὔτε
606 2387 715 2460 γὰρ
753 2385 863 2443 οἷόν
897 2389 947 2442 τ’
981 2385 1072 2461 ἦν,
1111 2390 1204 2444 τοῦ
1243 2391 1448 2463 Κυρίου
1495 2391 1705 2464 ἀνθρώ-

121 2491 234 2528 που
289 2474 361 2528 δι’
397 2476 542 2545 ἡμᾶς
576 2479 889 2550 γενομένου,
943 2480 1166 2552 ἀνόητον
1228 2478 1367 2537 εἶναι
1426 2482 1590 2537 αὑτοῦ
1642 2484 1704 2538 τὸ

122 2563 316 2634 σῶμα.
353 2565 512 2618 Ὅθεν
541 2567 922 2639 ἀναθεματίζω
948 2571 1073 2635 τοὺς
1116 2573 1216 2643 τὴν
1243 2573 1300 2626 ὲν
1333 2573 1539 2643 Νικαίᾳ
1572 2575 1702 2644 ὁμο-

120 2653 457 2725 λογηθεῖσαν
498 2657 676 2711 πίστιν
712 2659 1055 2726 ἀθετοῦντας,
1093 2663 1187 2716 καὶ
1240 2661 1315 2733 μὴ
1349 2661 1602 2731 λέγοντας
1637 2665 1702 2717 ὲκ

118 2747 230 2817 τῆς
253 2746 443 2810 οὐσίας
468 2748 561 2801 τοῦ
585 2749 816 2821 Πατρὸς.
844 2750 938 2804 καὶ
973 2752 1258 2823 ὁμοοὺσιον
1295 2749 1434 2807 εἶναι
1463 2753 1555 2807 τὸν
1576 2753 1702 2808 Υίὸν

117 2834 206 2906 τῷ
222 2835 422 2906 Πατρί.
454 2837 855 2908 Ἀναθεματίζω
873 2840 928 2892 δὲ
952 2841 1078 2904 τοὺς
1106 2841 1362 2910 λέγοντας
1382 2841 1442 2894 τὸ
1473 2841 1700 2912 Πνεῦμα

115 2928 184 2982 τὸ
218 2927 380 2994 ἅγιον
418 2927 621 2999 κτίσμα
649 2929 715 2982 δι’
755 2929 885 2983 Υἱοῦ
922 2932 1160 3000 γεγονός.
1193 2933 1312 2986 Ἔτι
1343 2932 1399 2986 δὲ
1424 2931 1700 3003 ἀναθεμα-

114 3018 264 3082 τίζω
292 3017 582 3072 Σαϐελλίου
612 3019 722 3090 (67)
763 3023 856 3075 καὶ
893 3023 1187 3086 Φωτεινοῦ,
1219 3023 1315 3076 καὶ
1343 3025 1522 3077 πᾶσαν
1545 3022 1700 3094 α’ίρε-

117 3127 238 3176 σιν,
286 3109 514 3181 στοιχῶν
551 3115 618 3184 τῇ
656 3113 832 3167 πίστει
881 3117 948 3185 τῇ
977 3115 1117 3170 κατὰ
1144 3116 1400 3181 Νίκαιαν,
1432 3114 1530 3169 καὶ
1563 3117 1698 3168 πᾶσι
1725 3150 1768 3208 c

113 3205 238 3266 τοῖς
273 3203 801 3275 προγεγραμμένοις.
832 3205 1133 3277 Ἐρρῶσθαι
1153 3207 1297 3278 ὑμᾶς
1332 3205 1562 3277 εὔχομαι
1584 3204 1696 3275 ἐγὼ

112 3291 436 3364 Καρτέριος
468 3292 599 3365 (68).

218 3469 316 3539 65)
357 3467 482 3525 Haec
533 3468 746 3540 Paulini
801 3470 1128 3540 subscriptio
1169 3478 1224 3525 et
1253 3469 1376 3525 fidei
1419 3467 1690 3540 professio

113 3539 533 3610 habeturapud
564 3539 926 3610 Epiphaniam
966 3539 1156 3596 haeresi
1181 3539 1268 3607 77,
1296 3556 1352 3610 p.
1379 3539 1540 3603 1015,
1565 3553 1689 3610 cum

115 3613 233 3664 hoc
269 3609 450 3676 titulo,
467 3609 823 3682 Ἀντίγραφον
849 3610 1030 3682 χειρὸς
1057 3609 1323 3682 Παυλίνού
1352 3609 1694 3682 τοῦ-ἐπισκο-

112 3696 255 3745 που,
287 3689 343 3734 et
368 3690 577 3749 postea,
596 3679 745 3749 Ἐγὼ
759 3679 1020 3744 Παυλῖνος
1044 3681 1073 3732 ὁ
1095 3679 1411 3744 ἐπίσκοπος.
1443 3679 1569 3735 Mox
1597 3680 1693 3734 ibi.

112 3748 415 3822 ὰοωιὰπὸ
441 3748 547 3822 τῶν
563 3748 846 3822 Πατέρων,
872 3749 1027 3822 Hanc
1049 3750 1172 3822 fidei
1215 3750 1609 3822 professionem
1634 3749 1690 3804 in

112 3819 339 3890 synodo
364 3820 698 3890 Antiochena
718 3818 849 3874 anni
871 3821 994 3890 565,
1015 3818 1249 3890 primum
1271 3820 1470 3875 editam
1494 3818 1686 3883 fuisse,

110 3889 447 3944 existimant
488 3889 756 3944 Baronius
793 3901 847 3944 et
880 3889 1249 3956 Hermantius,
1279 3890 1479 3958 quibus
1509 3899 1688 3943 tamen

113 3959 393 4029 refragari
435 3959 647 4013 videtur
692 3960 1029 4029 Epiphanius
1082 3960 1236 4029 hisce
1273 3961 1498 4014 verbis:
1541 3959 1690 4012 Μετὰ

112 4029 399 4120 ξκθέσειρς
443 4029 719 4120 ἐγγράφου
753 4031 900 4120 ὴὶμᾶς
920 4029 1176 4120 ὶἔπεισεν,
1203 4029 1271 4120 ἧς
1299 4029 1691 4120 ἧδηιπρόιξερον

114 4097 422 4166 ἀπολογίας
485 4097 643 4171 χάριν
702 4097 840 4171 προς
861 4099 976 4171 ’τὸν
1033 4097 1338 4171 μακαρίτην
1377 4097 1690 4171 Ἄθανάσιον

113 4171 422 4238 ἐποιήσατο
465 4168 571 4238 τὴν
610 4168 1394 4253 συγκατάθεσινίΠροσήνεγκε
1441 4168 1548 4240 γὰρ
1595 4168 1688 4222 καὶ

111 4239 570 4309 ἑπέδωκενῌὴμῖν
601 4255 802 4308 ταυτης
833 4239 1255 4309 τὸνάντίγραφον
1303 4239 1418 4309 μεθ’
1450 4240 1692 4309 ὑπογρα-

112 4255 398 4292 επεοωκεν
439 4255 570 4309 ημιν
601 4255 802 4308 ταυτης
833 4255 895 4292 το
929 4255 1255 4310 αντιγραφον
1303 4255 1417 4309 μευ
1450 4255 1690 4309 ὑπογρα-

112 4307 483 4388 φῆςιραφῶς.
497 4309 624 4388 περὶ
643 4309 876 4388 Τριάᾷος
893 4308 1014 4380 ἔχον
1034 4308 1191 4388 ὁμοὺ,
1209 4311 1302 4388 καὶ
1325 4308 1571 4388 περὶ..νοῦ
1591 4309 1690 4380 τῆς

106 4377 486 4451 τοίίΧρέστοζ)
513 4377 993 4451 ὲνανθρωπῄσεώς,
1027 4377 1172 4451 χειρξι
1195 4377 1358 4432 αὐτοῦ
1378 4377 1478 4451 τοῦ
1513 4377 1690 4451 μακα-

107 4449 279 4522 ργίτου
303 4447 516 4519 Πατρὸς
548 4447 704 4522 ἡμῶν
741 4447 1076 4522 ’ᾼθανασίουε
1112 4447 1168 4522 ld
1199 4458 1282 4504 est
1315 4467 1329 4502 :
1367 4447 1480 4501 Nos
1509 4447 1693 4522 (_Pau-_

106 4519 290 4588 Unus)
322 4533 416 4586 per
454 4519 706 4586 scriptam
735 4519 858 4588 ﬁdei
899 4520 1274 4587 expositionem
1297 4520 1579 4588 persuasit,
1603 4519 1690 4571 cui

97 4592 233 4660 jam
252 4587 435 4660 antea.
457 4588 540 4640 sui
562 4587 700 4657 apud
725 4591 889 4643 beata:
905 4589 1169 4660 memerita
1189 4587 1540 4660 Athanasium
1562 4604 1690 4660 pur-

105 4657 283 4730 gandi
311 4673 497 4740 eausa,
531 4673 800 4740 assensum
824 4657 1512 4740 prwbuer'at.‘ilujus‘enim
1540 4657 1687 4740 nobis

104 4726 498 4805 {retemptare
536 4742 590 4780 se
635 4726 986 4805 subscriptum
1023 4727 1226 4805 obtulit.
1249 4727 1587 4805 tradiditque,
1627 4727 1687 4805 in
1715 4749 1761 4805 Β

105 4814 220 4869 quo
251 4798 319 4869 de
350 4795 628 4869 Trinitate,
652 4806 701 4850 et
729 4795 847 4869 una
865 4798 928 4869 tie
964 4807 1128 4852 mente
1162 4795 1360 4869 Christi
1399 4795 1683 4869 incantati,

104 4866 178 4924 ea:
198 4867 368 4936 ipsius
389 4866 552 4921 beata:
572 4868 836 4921 memoria:
856 4867 1035 4922 Patris
1057 4867 1224 4922 nostri
1246 4867 1526 4922 Athanasii
1550 4868 1683 4920 scri-

106 4939 445 5008 ριοκάίεενις
471 4936 740 5008 agebatur.
768 4936 976 5004 Quibus
1007 4951 1112 4992 non
1136 4938 1374 5008 iobsﬁcure
1403 4936 1678 5008 significa-

112 5005 208 5065 tur
241 5005 385 5062 banc
410 5005 626 5065 Paulini
643 5007 1098 5079 subscriptionem
1119 5007 1354 5078 fideique
1378 5005 1675 5078 professio-

425 5838 694 5906 Ρλτιιοιη
729 5835 845 5899 Gtt.
868 5832 1100 5896 XXVI.

1820 571 1948 633 Opto
1981 563 2035 618 in
2065 563 2295 620 Domino
2327 581 2424 620 vos
2452 567 2587 622 bene
2616 567 2814 623 valere.

1888 655 1976 710 Η.
1999 653 2290 726 Postquam
2306 665 2485 712 autem
2515 667 2694 714 tomus
2717 658 2806 714 hic
2828 658 3155 716 Alexandria
3177 661 3379 718 missus

1817 753 1935 812 est,
1971 760 2003 800 a
2043 760 2209 816 supra
2241 747 2402 803 dictis
2446 751 2518 802 ita
2556 750 2930 820 subscriptus,
2967 760 3156 823 postea
3189 763 3244 810 et
3272 755 3377 826 ipsi

1817 851 2030 907 quoque
2051 836 2415 909 (Antiocheni)
2447 839 2522 894 ita
2552 841 2954 912 subscripsere:

1889 926 1999 996 Ego
2056 927 2313 985 Paulinus
2367 931 2446 986 sic
2495 932 2670 988 sentio
2701 943 2760 989 ut
2803 950 2834 989 a
2859 933 3109 993 Patribus
3145 939 3327 1007 accepi
3358 956 3372 992 :

1815 1011 1949 1070 Esse
1977 1024 2031 1070 et
2063 1017 2358 1072 subsistere
2385 1018 2601 1076 Patrem
2629 1023 2926 1091 perfectura
2949 1066 2964 1092 ,
3000 1033 3056 1080 et
3080 1027 3377 1084 subsistere

1814 1103 2012 1158 Filium
2047 1105 2343 1174 perfectum
2368 1147 2383 1170 ,
2433 1118 2486 1164 et
2515 1110 2814 1167 subsistere
2837 1111 3096 1182 Spiritum
3125 1126 3377 1172 sanctum

1809 1193 2134 1264 perfectum.
2170 1195 2510 1268 QuaprOpter
2540 1202 2781 1270 approbo
2811 1220 2978 1274 supra
3017 1207 3274 1277 scriptam
3309 1209 3378 1264 de

1815 1285 1988 1342 tribus
2033 1287 2418 1358 hypostasibus
2459 1300 2512 1346 et
2555 1293 2622 1347 de
2652 1309 2756 1349 una
2787 1295 3060 1366 hypostasi
3093 1298 3209 1354 sive
3253 1300 3378 1356 sub-

1813 1381 2008 1433 stantia
2045 1382 2541 1451 interpretationem
2557 1416 2581 1450 -,
2624 1386 2862 1458 itemque
2897 1404 2991 1446 eos
3019 1391 3115 1462 qui
3143 1392 3218 1446 ita
3247 1407 3378 1448 cen-

1813 1476 1952 1521 sent.
1973 1465 2131 1522 Pium
2161 1470 2305 1524 enim
2332 1482 2417 1527 est
2440 1483 2682 1529 sanctam
2705 1474 3023 1533 Trinitatem
3051 1479 3109 1534 in
3133 1496 3238 1535 una
3261 1481 3379 1537 dei-

1810 1567 1922 1615 tate
1954 1560 2155 1616 sentire
2179 1571 2343 1632 atque
2374 1564 2638 1620 conﬁteri.
2692 1566 2767 1622 De
2792 1569 3164 1628 incarnatione
3189 1582 3372 1629 autem

1817 1648 1973 1705 Verbi
2001 1649 2181 1708 Patris
2212 1663 2431 1723 propter
2466 1670 2568 1711 nos
2601 1655 2762 1723 facta,
2797 1660 2868 1714 ita
2897 1662 3107 1728 sentio,
3143 1672 3204 1718 ut
3229 1665 3372 1720 scri-

1810 1751 1961 1812 ptum
1995 1754 2096 1812 est,
2131 1761 2325 1816 nempe
2353 1751 2650 1804 secundum
2673 1748 2960 1818 Joannem,
2987 1752 3226 1810 Verbum
3246 1770 3376 1813 car-

1808 1847 1931 1888 nem
1961 1832 2165 1890 factum
2188 1849 2310 1892 esse
2338 1854 2352 1891 :
2386 1852 2494 1892 non
2523 1853 2680 1905 vero,
2716 1850 2777 1896 ut
2808 1841 3117 1912 impiissimi
3148 1845 3372 1916 quidam

1805 1925 2012 1992 dicunt,
2035 1927 2212 1997 ipsum
2230 1931 2582 1986 mutationem
2604 1948 2727 1990 esse
2751 1949 3004 2005 passum;
3030 1937 3127 1993 sed
3147 1948 3372 2010 propter

1805 2028 1907 2070 nos
1940 2015 2212 2071 hominem
2262 2016 2464 2073 factum
2498 2036 2617 2076 esse
2638 2059 2654 2087 ,
2702 2039 2878 2094 exque
2923 2036 3111 2082 sancta
3145 2025 3370 2099 Virgine

1803 2106 2006 2174 Maria,
2050 2116 2104 2162 et
2155 2122 2225 2164 ex
2252 2107 2460 2179 Spiritu
2487 2125 2677 2168 sancto
2704 2129 2827 2169 esse
2869 2117 3131 2187 genitum.
3181 2116 3371 2189 Neque

1804 2196 1948 2251 enim
1995 2197 2388 2269 inanimatam,
2441 2212 2536 2258 aut
2564 2219 2759 2260 sensus
2789 2221 3015 2278 expers,
3055 2219 3151 2266 aut
3187 2222 3370 2270 mente

1803 2301 1996 2345 carens
2029 2304 2228 2360 corpus
2261 2292 2447 2348 habuit
2483 2293 2732 2351 Salvator
2759 2312 2776 2363 ;
2803 2314 2930 2354 nam
2974 2302 3091 2356 fieri
3130 2317 3241 2359 non
3268 2319 3370 2374 po-

1802 2379 1942 2446 tuit,
1993 2388 2054 2436 ut
2107 2396 2231 2436 cum
2263 2381 2523 2440 Dominus
2551 2401 2652 2456 pro
2683 2388 2841 2445 nobis
2875 2389 3042 2446 homo
3071 2391 3246 2451 factus
3275 2395 3368 2460 sit,

1802 2483 2002 2540 corpus
2054 2471 2172 2542 ejus
2213 2484 2394 2530 mente
2443 2477 2698 2532 caruerit.
2752 2477 2987 2550 Ideoque
3022 2483 3372 2542 anathemate

1803 2559 2002 2616 damno
2029 2578 2124 2618 eos
2163 2563 2258 2634 qui
2290 2564 2450 2621 fidem
2490 2566 2680 2625 Nicaeae
2711 2571 3105 2643 promulgatam
3137 2575 3371 2646 vilipen-

1802 2652 1938 2708 dunt
1956 2692 1972 2718 ,
2003 2662 2056 2708 et
2087 2654 2180 2724 qui
2209 2665 2409 2727 negant
2438 2656 2637 2714 Filium
2660 2675 2727 2716 ex
2751 2661 3051 2718 substantia
3076 2661 3282 2734 Patris,
3311 2675 3370 2724 et

1802 2745 1952 2802 Patri
1984 2749 2504 2805 consubstantialem
2549 2765 2691 2808 esse.
2760 2753 3118 2812 Anathemate
3146 2771 3370 2830 quoque

1801 2839 2003 2896 damno
2031 2855 2124 2896 eos
2149 2841 2244 2912 qui
2275 2841 2462 2896 dicunt
2487 2841 2747 2912 Spiritum
2779 2853 3029 2900 sanctum
3059 2855 3370 2904 creaturam

1801 2947 1923 2988 esse
1951 2947 1982 2988 a
2008 2932 2147 2988 Filio
2179 2932 2400 2989 factam.
2463 2933 2875 3009 Anathematizo
2903 2953 3122 3009 quoque
3147 2937 3368 2996 Sabelli?

1801 3031 1852 3080 et
1883 3023 2099 3079 Photini
2122 3033 2176 3080 et
2216 3004 2602 3095 quamcunque
2628 3026 2790 3080 aliam
2817 3004 3051 3084 haeresin
3067 3069 3083 3096 ,
3113 3028 3370 3088 incedens

1801 3115 2099 3171 secundum
2127 3115 2401 3172 Nieaznam
2441 3115 2600 3171 fidem
2619 3156 2634 3182 ,
2662 3126 2715 3172 et
2738 3118 3033 3174 secundum
3060 3121 3244 3177 omnia
3268 3137 3369 3178 διισ-

1799 3205 1984 3277 perius
2011 3205 2237 3276 scripta.
2269 3204 2462 3261 Valere
2482 3221 2578 3261 vos
2600 3215 2730 3276 opto
2774 3220 2877 3279 ego
2905 3207 3184 3267 Carterius

1791 3481 1915 3523 nem
1952 3476 2066 3521 tum
2098 3467 2333 3536 primum
2370 3466 2565 3520 editam
2592 3464 2764 3521 fuisse
2792 3481 2916 3522 cum
2941 3475 3125 3523 tomus
3153 3468 3218 3523 ad
3242 3467 3358 3525 An-

1789 3536 2100 3592 tiochenses
2124 3536 2468 3592 Antiochiam
2494 3536 2852 3597 pervenisset.
2882 3545 2942 3590 ut
2965 3537 3055 3591 hic
3083 3537 3249 3593 etiam
3273 3540 3358 3594 in-

1789 3609 1996 3672 nuitur,
2028 3606 2132 3660 hoc
2172 3617 2264 3676 est
2303 3620 2448 3676 anno
2477 3605 2604 3668 562,
2634 3605 3032 3676 Paulinumque
3081 3622 3225 3662 anno
3270 3625 3359 3664 se-

1788 3678 1978 3749 quenti
2012 3675 2139 3749 565,
2170 3674 2472 3749 Epiphanio
2501 3676 2728 3749 aliisque
2766 3674 3120 3749 Antiochense
3153 3680 3350 3749 synodi

1788 3744 2064 3816 Patribus,
2099 3744 3040 3816 hujus'profpssionis’iapogtgphum
3069 3744 3355 3804 obtulisse.

1861 3813 2519 3888 (64)1-ιοίΕρ⁷ίρ1]ᾆιι.μὸοε.
2554 3824 2608 3868 et
2630 3813 2798 3888 (Basili.
2822 3813 2966 3888 Editi
3000 3817 3161 3888 male,
3185 3817 3357 3871 ἀπεύ-

1789 3883 1974 3958 χομαι.
2007 3883 2216 3941 Ibidem
2235 3883 2592 3956 Epiphanius,
2618 3883 2914 3957 ἑρμηνείαν
2934 3885 3099 3958 τριῶν
3121 3887 3359 3943 ὑποστά-

1792 3974 1949 4010 σεων.

1862 4027 1972 4097 (65)
2010 4023 2086 4097 ita
2116 4023 2486 4097 Seguerianus
2515 4033 2569 4079 et
2591 4024 2856 4097 Epiphan.
2906 4025 3051 4082 Editi
3079 4041 3230 4097 vero,
3251 4027 3351 4081 αὑ-

1787 4093 1907 4168 τήν.
1939 4093 2083 4168 Infra
2109 4093 2474 4164 Seguerianus
2505 4093 2946 4167 ροειίΠαρθένου
2979 4097 3140 4152 habet
3169 4096 3350 4151 θεοτό-

1788 4166 1887 4220 κου
1919 4166 2088 4222 solus.

1862 4235 1973 4306 (66)
2011 4235 2144 4290 Post
2183 4230 2327 4304 εἶχεν
2373 4235 2403 4287 ὁ
2433 4235 2873 4306 ,Σωτήρηοωηοε
2903 4234 3187 4306 Epiphanii
3219 4237 3353 4292 editi

1789 4304 1991 4378 habent
2018 4306 2112 4378 καὶ
2138 4306 2194 4360 ὲν
2223 4308 2293 4378 τῇ,
2313 4305 2454 4376 χειρὶ
2478 4306 2570 4358 τοῦ
2585 4304 3151 4378 νὶΑθοινιξισίου,ξιῐίἱὶηιε
3181 4307 3352 4378 signi-

1788 4375 1984 4431 ﬁcatur
2027 4376 2142 4429 haec
2186 4375 2348 4430 verba
2395 4375 2462 4429 ex
2511 4389 2672 4445 opere
2699 4375 2984 4430 Athanasii
3014 4391 3175 4430 manu
3215 4375 3351 4431 con-

1789 4447 1994 4516 scripto
2044 4446 2330 4513 desumpta
2362 4460 2504 4516 esse.
2552 4453 2613 4499 ut
2643 4445 2899 4516 sup_erius
2944 4446 3110 4516 etiam
3141 4447 3349 4501 dictum

1789 4524 1874 4586 est
1890 4513 1920 4584 ;“
1943 4516 2124 4586 sintne
2151 4525 2332 4570 autem
2363 4513 2596 4586 Paulini,
2623 4529 2694 4569 an
2729 4514 3043 4586 Epiphanii,
3069 4516 3155 4571 vel
3183 4516 3352 4572 libra-

1789 4585 1858 4639 rii
1873 4584 2193 4655 (cujusdam,
2221 4585 2549 4655 noniliquet.

1883 4653 1973 4720 67)
2015 4653 2162 4723 $63.,
2183 4655 2286 4723 Δκαὶ
2316 4653 2622 4723 Σαϐελλίου.

1883 4723 1972 4795 68)
2167 4721 2408 4796 G_obl._et
2452 4722 2688 4796 Eelckut.
2719 4724 2928 4796 primus
2969 4732 3095 4796 post
3136 4725 3352 4796 Καρτέ-

1791 4792 1925 4866 ριος,
1954 4792 2160 4866 addunt
2180 4792 2318 4866 ἔστι,
2329 4793 2386 4846 δὲ
2412 4793 2617 4866 πάλεως
2647 4792 2866 4866 Συρίας,
2889 4792 3034 4864 qubd
3062 4803 3146 4866 est.
3167 4792 3351 4865 cujus-

1787 4863 2230 4946 dam‘glossema:
2281 4863 2508 4946 garterii
2543 4863 2788 4944 meminit
2830 4863 3346 4946 Atbapasius,_An-

1785 4931 1965 4990 taradi'
2022 4933 2254 4989 civitatis
2298 4931 2466 5005 Syriae
2516 4933 2754 5005 episc0pi
2777 4977 2792 5002 ,
2852 4933 3004 5003 Apol.
3075 4934 3141 4988 de
3191 4935 3342 5005 fuga,

1785 5022 1885 5060 sua
1916 5021 2067 5060 num.
2108 5003 2159 5060 5.

1783 5022 1885 5060 sua
1916 5021 2067 5061 num.
