3824 6224
441 305 540 361 8M
1005 301 1062 357 S.
1103 299 1471 358 ATHANASII
1510 301 1659 359 OPP.
1701 299 1884 356 PARS
1918 299 1958 355 l.
1996 331 2064 341 —-
2100 299 2473 357 HISTORICA
2513 299 2599 355 ΕΤ
2639 299 3060 358 DOGMATICA.
3577 303 3676 361 812

1769 708 2342 803 MONITUM

1033 907 1104 967 In
1135 903 1472 983 sequentia
1502 902 1814 972 Opuscula
1843 903 2098 964 Ioviani
2143 900 2548 982 imperatoris
2580 907 2862 980 tempore
2892 904 3080 968 edita,

515 1230 736 1307 6211.
768 1229 1055 1300 Postquam
1085 1223 1334 1278 Julianus
1355 1222 1608 1290 Apostata
1644 1221 1941 1274 miserrima
1968 1238 2086 1276 nece
2113 1221 2352 1276 sublatus
2369 1231 2469 1284 est,
2502 1236 2694 1290 magna
2709 1218 3137 1277 Christianorum
3159 1225 3313 1282 rebus
3334 1227 3429 1282 lux
3455 1231 3677 1300 effulsit,

407 1357 414 1359 -
443 1343 566 1380 cum
603 1323 862 1378 Jovianus
892 1322 947 1374 in
967 1319 1078 1388 ejus
1113 1316 1213 1387 fuit
1237 1313 1408 1367 locum
1436 1313 1811 1382 inauguratus.
1847 1309 1903 1364 Is
1932 1323 1988 1366 ut
2023 1320 2159 1376 erat,
2187 1320 2314 1365 teste
2340 1309 2590 1380 Gregorio
2621 1309 2992 1379 Nazianzeno,
3027 1313 3164 1368 mira
3188 1316 3384 1384 pietate
3411 1321 3679 1380 animique

447 1415 665 1471 lenitate
700 1413 980 1485 praeditus,
1002 1407 1241 1463 exsulum
1263 1407 1622 1477 episcoporum
1652 1408 1974 1460 revocatione
1996 1407 2275 1476 imperium
2305 1413 2382 1460 est
2402 1405 2728 1474 auspicatus.
2762 1405 2897 1460 Ante
2926 1423 3100 1464 omnes
3129 1419 3304 1464 autem
3331 1412 3680 1472 Athanasium

446 1516 675 1571 exsulem
708 1506 957 1570 restituit,
988 1519 1077 1573 qui
1104 1499 1340 1554 omnibus
1369 1502 1560 1554 virtute
1582 1502 1955 1570 prarstabat,et
1977 1515 2070 1568 pro
2097 1500 2292 1568 pietate
2322 1499 2433 1553 sine
2455 1497 2570 1552 ulla
2595 1497 2926 1554 dubitatione
2959 1510 3286 1571 oppugnatus
3319 1504 3519 1573 fuerat.
3550 1508 3680 1562 Λύει

449 1615 570 1682 μὲν,
592 1611 667 1662 sic
697 1603 1002 1674 Gregorius,
1029 1598 1140 1661 τοῖς
1169 1598 1488 1661 ἐπισκόποις
1517 1596 1616 1668 τὴν
1646 1596 1884 1668 ὲξορίαν,
1915 1600 2026 1660 τοῖς
2051 1613 2112 1649 τε
2140 1595 2320 1658 ἄλλοις
2347 1594 2541 1660 ἆπασι,
2576 1598 2672 1652 καὶ
2704 1597 2810 1670 πρὸ
2841 1595 3058 1652 πάντων
3098 1598 3176 1670 τῷ
3205 1600 3310 1672 πρὸ
3341 1602 3562 1658 πάντων
3587 1605 3682 1678 τὴν

444 1700 784 1776 ἀρετὴν,-καὶ
815 1693 1090 1767 προδήλως
1124 1691 1264 1763 ὑπὲρ
1290 1693 1388 1762 τῆς
1409 1692 1689 1756 εὑσεὸείας
1720 1692 1954 1764 πολεμηθ

2172 1691 2270 1745 ’uic
2296 1692 2576 1761 epistolam
2605 1695 2776 1763 primo
2799 1694 2944 1747 misit
2970 1694 3256 1763 imperator
3289 1698 3354 1752 ab
3381 1699 3682 1772 Epiphanio

445 1805 812 1857 memoratam,
834 1789 996 1845 .er.
1020 1800 1212 1852 vam,
1245 1799 1301 1853 p.
1330 1783 1454 1849 726,
1483 1799 1640 1854 quam
1666 1800 1760 1838 suo
1789 1782 1900 1838 loco
1926 1785 2281 1848 restituentes,
2311 1783 2540 1852 priorem
2571 1783 2654 1836 hic
2675 1783 2968 1852 posuimus,
3000 1784 3092 1838 ubi
3114 1787 3467 1844 Athanasium
3490 1795 3684 1861 patrita

446 1885 1102 1960 Ecclesitequeremittens,
1125 1880 1238 1948 ejus
1272 1880 1516 1932 virtutem
1547 1880 1814 1950 animique
1837 1879 2145 1948 ﬁrmitatem
2162 1879 2348 1949 quanti
2370 1878 2537 1948 faciat
2574 1879 2909 1947 testiﬁcatur.
2927 1877 3096 1932 Porro
3120 1878 3344 1935 Joviano
3360 1881 3572 1937 litteras
3593 1885 3683 1937 εύ-

445 1982 828 2060 χαριστηρίους
868 1974 1195 2044 rescripsisse
1224 1971 1595 2038 Athanasium,
1623 1972 1743 2026 licet
1785 1972 1856 2026 ad
1907 1987 2002 2026 nos
2037 1973 2250 2026 minime
2293 1974 2636 2042 pervenerint,
2679 1973 2822 2027 haud
2869 1969 3218 2027 dubitandum
3244 1970 3468 2024 videtur.
3503 1970 3684 2042 Neque

446 2087 616 2131 tamen
639 2071 840 2144 putavit
868 2064 1193 2121 Athanasius
1217 2061 1624 2125 exspectandam
1652 2061 1753 2116 sibi
1776 2077 1885 2117 esse
1909 2062 2160 2117 redeundi
2187 2061 2495 2133 facultatem
2518 2079 2538 2128 ;
2565 2063 2953 2118 Alexandriam
2992 2061 3134 2116 enim
3173 2061 3484 2131 remigrassc
3513 2062 3687 2132 fertur

438 2183 561 2221 cum
591 2165 818 2234 primum
845 2175 1017 2215 necem
1037 2154 1246 2211 Juliani
1275 2155 1499 2222 audivit,
1533 2163 1592 2208 ut
1617 2153 1857 2224 pluribus
1879 2155 1936 2209 in
1967 2153 2091 2210 Vita
2121 2155 2407 2212 Athanasii
2436 2173 2738 2238 narramus.

491 2254 579 2310 ιιι.
607 2254 811 2308 Praeter
838 2251 972 2304 hanc
992 2249 1292 2318 epistolam,
1324 2250 1488 2305 aliam
1514 2251 1808 2308 Athanasio
1837 2254 1984 2307 misit
2017 2251 2300 2322 Jovianus,
2333 2270 2440 2325 qua
2471 2235 2714 2326 rogabat,
2750 2235 2811 2308 ut
2836 2251 2962 2324 fidei
2991 2253 3264 2308 veritatem
3297 2254 3355 2308 in
3383 2263 3685 2321 sexcentos,

442 2363 502 2408 ut
535 2351 609 2405 ait
623 2347 830 2402 vibidem
869 2345 1173 2416 Gregorius,
1207 2347 1474 2415 opiniones
1502 2358 1781 2419 partesque
1806 2349 2144 2418 distractam,
2187 2350 2257 2404 ad
2288 2366 2343 2404 se
2385 2352 2785 2405 transmitteret.
2815 2349 2947 2416 Qui:
2971 2347 3179 2418 quidem
3219 2346 3442 2415 epistola
3473 2347 3688 2416 injuria

443 2457 732 2514 temporum
765 2440 1006 2511 disperiit
1030 2456 1050 2494 :
1077 2450 1409 2512 superestque
1439 2443 1609 2496 solum
1637 2459 1699 2496 ea
1727 2459 1887 2514 quam
1916 2445 2225 2514 imperatori
2261 2445 2529 2514 rescripsit
2557 2445 2904 2510 Athanasius,
2939 2443 3138 2497 eximia
3169 2457 3294 2496 sane
3315 2451 3362 2495 et
3395 2451 3548 2495 tanto
3592 2442 3688 2496 do-

443 2551 584 2596 ctore
612 2537 963 2609 dignissima:
987 2534 1075 2588 ubi
1092 2533 1318 2590 laudato
1347 2537 1602 2606 principis
1634 2553 1761 2608 erga
1789 2555 1870 2592 res
1895 2539 2122 2593 calestes
2147 2555 2344 2603 amore,
2369 2524 2525 2609 atque
2551 2537 2790 2593 discendi
2816 2536 3013 2599 studio,
3051 2533 3328 2588 Nicaznam
3351 2534 3686 2588 commendat

440 2637 622 2708 ﬁdem,
643 2636 699 2689 in
719 2633 1046 2702 Arianosque
1073 2631 1268 2686 acriter
1292 2633 1576 2701 invehitur,
1603 2634 1741 2704 quod
1772 2633 1920 2687 illius
1946 2635 2134 2704 synodi
2163 2635 2387 2689 decretis
2410 2645 2552 2688 stare
2576 2635 2843 2688 renuerint
2870 2648 2888 2687 :
2918 2631 3056 2685 unde
3083 2640 3280 2684 exorta:
3309 2637 3474 2684 tanta:
3496 2629 3682 2697 turbae,

443 2739 595 2784 tanta
617 2744 707 2798 per
743 2717 1032 2779 Ecclesiam
1062 2721 1309 2778 dissidia.
1339 2721 1630 2776 Enumerat
1675 2723 1794 2776 inde
1823 2725 2120 2793 provincias
2147 2733 2197 2778 et
2232 2725 2486 2796 regiones,
2521 2740 2746 2795 quarum
2797 2721 3048 2778 Ecclesia:
3097 2719 3333 2775 Nicatnte
3371 2721 3690 2778 inhtererent

443 2821 591 2892 ﬁdei,
629 2817 814 2886 paucis
847 2812 1074 2882 exceptis
1103 2810 1344 2877 Arianis,
1387 2812 1479 2883 qui
1506 2807 1756 2866 hactenus
1791 2812 2042 2867 adversus
2080 2828 2199 2868 eam
2230 2821 2611 2867 concertarent.
2648 2811 2787 2866 Hinc
2837 2813 2996 2882 refert
3032 2813 3312 2870 Nictenum
3352 2813 3685 2886 Symbolum,

443 2913 530 2965 cui
558 2907 813 2964 nonnulla
848 2901 1239 2974 perspicuitatis
1265 2917 1429 2956 causa
1459 2901 1752 2973 subjungit,
1778 2918 1841 2956 ac
1872 2902 2072 2972 liquido
2095 2903 2331 2973 Spiritus
2355 2904 2527 2957 sancti
2552 2902 2884 2957 divinitatem
2910 2902 3171 2960 declarat.
3198 2907 3482 2974 Acceptam
3507 2917 3687 2961 autem

441 2999 665 3055 Joviano
699 2996 862 3066 fuisse
886 2993 1022 3047 hanc
1056 2990 1338 3046 Athanasii
1377 2992 1655 3062 epistolam
1689 2999 1917 3046 testatur
1943 2993 2054 3062 ipse
2080 2993 2370 3062 imperator
2397 2992 2646 3060 inferius,
2674 2991 2732 3044 in
2764 2991 2927 3045 tertia
2962 2997 3165 3051 scilicet
3197 3000 3520 3053 Arianorum
3549 3001 3689 3069 peti-

441 3098 601 3160 tione,
632 3092 722 3148 ubi
763 3093 838 3146 ait
883 3106 937 3146 se
979 3088 1256 3159 diligenter
1285 3085 1615 3139 sciscitatum
1653 3083 1986 3153 comperisse.
2012 3083 2365 3137 Athanasium
2395 3092 2533 3137 recte
2555 3083 2771 3146 sentire,
2802 3092 2960 3154 atque
2987 3089 3334 3144 orthodoxam
3370 3107 3502 3147 esse.
3531 3090 3691 3165 Hanc

436 3195 566 3249 item
595 3187 926 3246 commendat
961 3183 1241 3256 Gregorius
1274 3181 1672 3249 Nazianzenus,
1707 3180 1958 3236 Oratione
1978 3179 2070 3245 2|,
2102 3181 2280 3252 aitque
2305 3178 2363 3236 S.
2410 3180 2697 3246 doctorem,
2725 3181 2887 3234 trium
2919 3196 3260 3251 personarum
3305 3199 3468 3237 unam
3507 3199 3692 3239 esseu-

434 3290 594 3352 τίσει,
626 3295 781 3356 atque
816 3283 1049 3352 Spiritus
1081 3276 1251 3334 sancti
1284 3273 1620 3329 divinitatem
1651 3273 1831 3343 palam
1871 3272 1927 3325 in
1954 3287 2016 3326 ea
2043 3271 2288 3340 epistola,
2321 3271 2437 3326 licet
2478 3271 2686 3340 paucis,
2722 3271 2985 3341 conﬁteri.
3018 3272 3211 3327 Exstat
3248 3273 3359 3329 htec
3390 3277 3510 3344 ipsa
3546 3275 3692 3343 apud

442 3383 848 3447 Thesdoretum,
873 3378 969 3433 lib.
1017 3376 1093 3442 iv,
1117 3389 1235 3444 cap.
1269 3371 1328 3437 2,
1361 3371 1714 3424 Athanasium
1742 3371 2009 3442 episcopos
2037 3370 2284 3425 doctrina
2327 3369 2727 3440 prastantiores
2776 3381 3138 3440 congregasse,
3160 3373 3219 3419 ut
3259 3381 3438 3419 eorum
3463 3365 3691 3422 consilio

438 3497 557 3538 eam
583 3476 953 3539 conscriberet,
979 3471 1308 3533 mitteretque
1334 3459 1402 3513 ad
1425 3457 1734 3513 Iovianum.

499 3572 598 3628 'llI.
626 3569 925 3626 Antiochia:
954 3558 1219 3620 autem-ab
1240 3553 1538 3609 Athanasio
1568 3553 1828 3622 sociisque
1857 3552 2211 3622 conscriptam
2238 3551 2405 3622 fuisse
2427 3551 2566 3606 hanc
2593 3552 2868 3620 epistolam
2896 3551 3148 3621 opinatur
3185 3548 3423 3604 Valesius
3460 3551 3518 3604 ίη
3549 3552 3690 3605 ποτε,

437 3665 506 3720 ad
531 3682 647 3734 cap.
680 3665 734 3728 ὅ,
760 3661 853 3717 lib.
879 3677 932 3714 ιν
963 3651 1294 3716 Theodoreti,
1327 3649 1416 3704 sed
1449 3648 1711 3702 levissimo
1734 3663 1861 3702 sane
1886 3648 2076 3702 ductus
2101 3655 2431 3734 argumento.
2472 3644 2688 3699 Nititur
2713 3646 2905 3716 quippe
2933 3645 3047 3699 solo
3079 3643 3237 3712 hujus
3273 3644 3510 3712 epistola:
3533 3645 3691 3700 titulo

437 3757 528 3828 qui
546 3731 623 3810 sic
641 3755 784 3824 jacet
812 3751 951 3823 apud
968 3747 1385 3803 Theodoretum:
1412 3737 1503 3809 Τῷ
1521 3737 1902 3828 summa“?
1929 3755 1947 3790 α

2181 3731 2553 3808 ινθρωποτάτῳ
2563 3737 2756 3806 νικητῇ
2791 3734 3086 3806 Αὐγούστῳ
3100 3734 3355 3806 Ἴωσιανῷ
3370 3735 3691 3801 Ἀθανάσιος

437 3824 533 3900 ita!
560 3847 609 3898 oi
636 3843 811 3897 λοιποὶ
837 3842 1124 3896 ἐπίσκοποι
1166 3835 1214 3887 οἱ
1257 3830 1502 3904 imane;
1529 3830 1594 3883 ἐκ
1632 3827 1934 3900 ,προσώπου
1968 3828 2186 3883 πάντων
2215 3827 2323 3880 τῶν
2354 3826 2461 3880 ἀπὸ
2484 3825 2584 3896 τῆς
2615 3824 2894 3893 Αἰγύπτου
2931 3827 3025 3879 καὶ
3047 3824 3309 3896 Θηϐαΐδος
3337 3825 3433 3878 καὶ
3469 3825 3692 3883 Λιῦυῶν

437 3935 774 3991 ἐπισκόπων.
800 3933 1065 4002 Putatque
1096 3930 1177 3983 his
1208 3927 1378 3983 verbis
1408 3925 1640 3980 indicari
1669 3925 2026 3979 Athanasium
2049 3933 2098 3979 et
2124 3925 2259 3978 alios
2272 3923 2534 3992 quosdam
2553 3922 2842 3992 episcopos,
2863 3938 2928 3976 ex
2955 3938 3173 3992 persona
3195 3921 3691 3994 omniuszgypti,

440 4025 723 4082 Thebaidis
755 4037 805 4081 et
837 4023 1019 4096 Libya:
1038 4019 1346 4094 prtesulum,
1372 4017 1707 4072 Antiochiam
1737 4017 1956 4081 venisse,
1985 4025 2044 4070 ut
2070 4014 2296 4069 Joviano
2334 4031 2513 4068 coram
2549 4030 2604 4068 se
2641 4014 2906 4079 sisterent,
2936 4023 3092 4084 atque
3129 4012 3203 4067 ibi
3234 4013 3518 4083 epistolam
3552 4017 3692 4069 scri-

433 4119 602 4190 psisse
625 4134 643 4183 ;
669 4117 758 4172 sed
791 4124 1008 4186 apparet
1035 4130 1098 4168 ex
1127 4113 1444 4185 prxcedenti
1471 4111 1784 4166 Theodoreti
1798 4111 2002 4181 .capite,
2025 4111 2119 4164 ubi
2141 4112 2217 4164 ait
2238 4109 2590 4164 Athanasium
2612 4125 2954 4180 congregasse
2979 4110 3247 4180 episcopos
3277 4109 3526 4164 doctrina
3547 4127 3692 4178 prte-

434 4207 744 4268 stantiores,
769 4204 949 4273 ipsum
981 4204 1331 4258 Athanasium
1355 4217 1458 4255 non
1491 4199 1606 4254 loco
1628 4201 1867 4264 movisse,
1909 4203 1998 4252 sed
2030 4198 2372 4254 Alexandriae
2402 4199 2492 4253 ubi
2521 4208 2645 4253 tunc
2670 4208 2786 4254 erat
2808 4201 3038 4255 stetisse.
3072 4198 3217 4254 Nam
3244 4201 3401 4266 illud,
3427 4203 3475 4255 oi
3505 4203 3693 4258 ἐλθόν-

435 4315 550 4364 τες,
580 4313 684 4351 non
707 4297 776 4351 ad
801 4297 1152 4351 Athanasium
1191 4296 1436 4366 refertur,
1466 4294 1556 4348 sed
1589 4292 1657 4347 ad
1690 4293 1824 4348 illud
1854 4294 1904 4346 οἱ
1937 4293 1945 4346 1

2179 4293 2452 4358 πῖσκοποι,
2475 4295 2572 4365 qui
2604 4294 2806 4350 scilicet
2841 4295 3226 4350 Alexandriam
3264 4297 3425 4351 acciti
3463 4315 3522 4354 se
3561 4316 3689 4354 con-

439 4391 692 4446 tulerunt.
727 4390 952 4462 Ecquid,
983 4407 1179 4462 quasso,
1213 4406 1342 4459 opus
1368 4399 1426 4442 ut
1458 4388 1688 4458 episcopi
1710 4388 1919 4442 adirent
1940 4388 2344 4457 imperatorem,
2378 4386 2642 4442 silitteris
2667 4404 2786 4441 cum
2809 4404 2868 4442 eo
2896 4389 3070 4442 acturi
3093 4391 3290 4446 erant?
3321 4388 3438 4444 Hoc
3460 4400 3602 4446 certe
3633 4392 3690 4446 in

438 4487 551 4540 loco
579 4485 800 4540 Baronii
823 4486 1113 4550 sententiae,
1141 4485 1230 4555 qui
1263 4484 1449 4538 datam
1481 4490 1636 4553 putat
1661 4481 1940 4553 epistolam
1969 4481 2332 4548 Alexandria,
2351 4498 2520 4552 quam
2553 4481 2773 4552 Valesii,
2806 4483 2900 4554 qui
2929 4485 3187 4554 scriptam
3235 4484 3539 4540 arbitratur
3564 4486 3688 4557 An-

439 4579 669 4645 tiochiae,
698 4589 841 4635 stare
865 4580 1150 4634 malumus.

503 4665 593 4721 IV.
620 4666 873 4736 Epistolas
889 4669 1167 4726 Athanasii
1194 4671 1262 4726 ad
1280 4670 1566 4726 Jovianum
1587 4670 1896 4741 subjicimus
1921 4678 2152 4742 quatuor
2176 4671 2438 4742 supplices
2462 4670 2618 4727 Lucii
2633 4671 3058 4746 Arianorumque
3083 4677 3362 4746 petitiones
3386 4677 3691 4733 Antiochiae

438 4760 508 4815 ad
530 4759 814 4816 Iovianum
841 4763 1054 4833 factas:
1080 4783 1203 4837 qute
1245 4783 1520 4838 perperam
1554 4768 1612 4822 in
1642 4766 1799 4822 editis
1833 4765 2074 4821 omnibus
2106 4765 2391 4836 CoHoquia
2435 4766 2823 4820 inscribuntur.
2866 4765 2980 4825 Vox
3009 4771 3147 4824 enim
3177 4771 3419 4842 ὲντυχία,
3450 4789 3555 4826 non
3577 4773 3692 4828 cola

436 4855 672 4926 loquium
699 4858 785 4911 hic
807 4859 1094 4930 signiﬁcat,
1117 4863 1210 4918 sed
1241 4863 1526 4932 supplicem
1552 4861 1878 4931 petitionem,
1909 4878 2000 4916 seu
2024 4877 2144 4916 voce
2164 4877 2255 4916 seu
2286 4861 2504 4931 scripto,
2533 4862 2759 4932 principi
2797 4861 2874 4917 vel
2915 4863 3271 4932 magistratui,
3299 4863 3553 4919 adversus
3581 4865 3692 4918 ali-

435 4963 586 5018 quem
618 4949 849 5005 oblatam
873 4967 892 5006 :
913 4969 1019 5024 qua
1050 4959 1308 5010 sententia
1339 4973 1438 5011 usu
1471 4957 1614 5011 venit
1671 4957 1798 5010 item
1831 4971 1945 5024 vox,

2178 4956 2369 5026 (ἀνειν.
2398 4955 2489 5012 Sic
2527 4955 2560 5010 1
2592 4956 2838 5014 Μαειιαὸ.
2869 4974 2925 5022 x,
2962 4959 3054 5021 65,
3077 4960 3142 5014 de
3171 4957 3410 5013 Jonatha
3447 4960 3688 5026 dicitur;

436 5042 549 5097 Καὶ
579 5044 830 5102 ἐκάθισεν
855 5047 1018 5103 αὐτὸν
1042 5050 1070 5102 ὁ
1097 5049 1346 5121 βασιλεὺς
1379 5053 1495 5123 μετ’
1511 5049 1697 5117 αὐτοῦ,
1726 5051 1822 5105 καὶ
1853 5045 1976 5104 εἶπε
2017 5052 2131 5114 τοῖς
2161 5049 2420 5122 ἄρχουσιν
2437 5049 2622 5104 αὐτοῦ’
2652 5050 2925 5116 Ἐξέλθετε
2953 5052 3070 5121 μετ’
3093 5050 3258 5104 αὐτοῦ
3281 5053 3362 5115 εἰς
3389 5050 3558 5122 μέσον
3591 5053 3693 5122 τῆς

435 5129 660 5198 πόλεως,
689 5134 783 5188 καὶ
813 5137 1085 5208 κηρύξατε
1114 5141 1208 5194 τοῦ
1242 5141 1446 5213 μηδένα
1473 5140 1821 5211 ἐντυγχάνειν
1854 5157 1945 5194 καιι

2180 5185 2181 5196 χ
2213 5141 2342 5212 περὶ
2370 5140 2594 5212 μηδενὸς
2625 5141 2968 5213 πράγματος.
3010 5139 3111 5195 Ubi
3131 5141 3208 5194 sic
3229 5139 3383 5194 habet
3421 5139 3690 5212 Vulgata:

434 5216 502 5273 Et
531 5219 818 5276 collocavit
845 5239 972 5280 eum
1008 5241 1101 5282 rex
1141 5228 1330 5286 sedere
1348 5243 1556 5286 secum.
1588 5227 1841 5298 Dixitque
1864 5227 2202 5299 principibus
2229 5229 2346 5285 suis
2372 5243 2386 5283 :
2409 5228 2566 5286 Exite
2587 5244 2712 5285 cum
2746 5245 2812 5287 eo
2841 5231 2898 5286 in
2929 5231 3166 5287 uredium
3190 5231 3450 5296 civitatis,
3472 5241 3528 5286 et
3551 5247 3693 5302 prm-

431 5311 629 5382 dicate,
655 5324 716 5372 ut
747 5333 910 5375 nemo
941 5320 1202 5380 adversus
1225 5337 1352 5378 eum
1374 5321 1683 5394 interpellet
1707 5323 1775 5378 de
1799 5321 1910 5378 ullo
1943 5323 2184 5392 negotio.
2221 5321 2353 5392 Vox,
2377 5323 2746 5394 ἐντυγχάνειν.
2767 5324 2951 5379 eadem
2995 5325 3254 5379 sententia
3275 5325 3349 5379 ibi
3377 5340 3517 5394 sepe
3540 5341 3689 5396 repe-

433 5405 584 5462 titur.
616 5407 857 5464 Similem
884 5429 1039 5468 usum
1063 5415 1225 5484 vocis,
1245 5415 1486 5486 ὲντυχία,
1513 5412 1806 5470 observavit
1828 5415 1910 5468 vir
1939 5414 2091 5470 erud.
2127 5413 2368 5470 Valesius
2392 5416 2447 5470 in
2477 5417 2618 5470 notis
2647 5417 2715 5470 ad
2737 5415 3047 5472 Theodoreti
3079 5414 3376 5472 Historiam
3393 5417 3530 5472 eccl.
3555 5433 3611 5487 p.
3633 5416 3689 5474 5.

432 5494 535 5551 Ha:
559 5509 680 5554 sunt
709 5501 874 5572 igitur
901 5505 1158 5576 supplices
1184 5507 1461 5578 petitiones
1483 5504 1638 5561 Lucii
1671 5515 1727 5561 et
1754 5506 2078 5560 Arianorum
2117 5508 2366 5564 adversus
2392 5507 2748 5564 Athanasium
2793 5512 2885 5582 qui
2915 5520 3028 5564 tum
3055 5511 3351 5566 Antiochiet:
3389 5511 3606 5576 aderat,
3633 5513 3691 5567 in

431 5587 684 5660 cujusque
703 5590 876 5647 locum
894 5597 1190 5668 episcopum
1215 5597 1383 5654 alium
1405 5597 1712 5668 postulant;
1743 5594 1968 5652 Lucium
1989 5597 2193 5655 scilicet
2223 5601 2461 5656 ordinari
2492 5602 2864 5672 peroptabant,
2899 5619 3051 5674 quem
3085 5589 3351 5673 Georgius
3375 5603 3692 5675 pseudoepi—

423 5693 618 5748 scapus
656 5680 1048 5745 Alexandrinus
1084 5695 1439 5765 presbqterum
1461 5694 1832 5754 constituerat.
1879 5693 2073 5752 Palam
2099 5697 2236 5754 enim
2273 5697 2409 5754 illud
2452 5705 2531 5756 est
2557 5698 2712 5756 exiis
2739 5714 2858 5770 qua:
2892 5698 2988 5755 sub
3016 5699 3175 5771 ﬁnem
3208 5697 3378 5756 tertiae
3409 5681 3687 5770 pelitionis
