3824 6224
448 305 552 362 815

1039 299 1096 354 S.
1137 296 1509 354 ATHANASII
1548 295 1696 352 OI’P.
1738 295 1922 351 PARS
1959 293 1999 350 I.
2047 321 2110 336 ι-
2147 292 2522 350 HISTORICA
2557 293 2648 347 ET
2677 291 3101 350 'DOGMATICA.

3583 293 3687 350 816

448 422 648 477 tholica
697 426 950 474 auctores
1002 416 1243 473 fuerunt.
1291 416 1505 472 Nemini
1552 425 1735 472 tamen
1779 415 2000 472 obscura

2115 430 2236 468 σεῖο
2265 415 2426 468 αἴτιοι
2457 412 2514 465 δὲ
2545 411 2832 481 γεγόνασιν
2860 412 3123 483 αἱρέσεως
3148 409 3246 464 καὶ
3271 409 3593 482 σχισμάτων
3612 414 3678 480 τῇ

447 529 569 569 esse
603 519 797 582 potest,
830 523 956 564 vera
998 519 1054 562 et
1094 509 1184 578 pia
1215 509 1268 562 in
1298 508 1586 563 Dominum
1614 507 1770 574 Iides,
1803 516 1861 562 ut
1889 523 2010 578 qua

447 623 510 660 ex
531 604 728 660 divinis
749 601 1046 671 Scripturis
1071 601 1257 655 haberi
1277 610 1329 656 et
1360 601 1659 656 internosci
1695 609 1876 671 queat.
1900 599 2013 654 Hac

447 697 591 751 enim
619 695 814 750 initiati
839 693 1036 758 sancti,
1069 701 1338 764 martyres
1367 701 1492 746 sunt
1522 692 1718 759 effecti,
1749 692 1846 763 qui
1886 693 2008 762 qui-

447 789 570 842 dem
602 786 764 842 soluti
788 801 820 839 a
845 798 1094 854 corpore,
1130 799 1273 838 nunc
1303 792 1434 839 sunt
1462 784 1518 838 in
1542 783 1774 840 Domino
1799 803 1813 838 :
1841 799 2014 854 eaque

451 878 704 932 inviolata
741 876 1034 932 mansisset
1081 889 1322 944 semper,
1358 874 1465 930 nisi
1507 876 1869 944 quorumdam
1905 876 2013 929 ha-

450 970 744 1024 reticorum
786 966 990 1020 malitia
1041 966 1213 1035 ipsam
1263 964 1569 1020 adulterare
1611 974 1889 1022 tentasset.
1927 965 2014 1019 Si-

448 1059 666 1129 quidem
699 1055 862 1110 Arius
888 1054 1108 1125 quidam
1133 1063 1188 1108 et
1210 1055 1329 1124 ejus
1350 1063 1645 1109 sectatores
1668 1053 1827 1108 tidem
1862 1053 2010 1106 illam

449 1150 628 1204 conati
672 1155 802 1202 sunt
847 1160 1228 1214 corrumpere,
1263 1144 1706 1214 impietatemque
1755 1144 2014 1198 adversus

446 1254 564 1294 eam
600 1238 878 1302 inducere,
904 1250 1026 1290 cum
1057 1235 1264 1290 scilicet
1293 1235 1475 1289 dicere
1496 1235 1615 1290 ausi
1653 1242 1780 1289 sunt
1813 1234 2011 1288 Filium

446 1329 540 1384 Dei
557 1344 620 1384 ex
640 1328 832 1394 nihilo,
853 1342 1072 1396 remque
1086 1336 1322 1381 creatam
1335 1327 1496 1397 623
1513 1335 1565 1381 ct
1583 1325 1798 1393 factam,
1817 1341 1879 1381 ac
1893 1342 2013 1379 mu-

447 1422 665 1476 tabilem
700 1435 842 1475 esse.
871 1418 1194 1490 Cujusmodi
1216 1419 1559 1474 sermonibus
1588 1419 1789 1473 multos
1825 1420 2011 1487 utique

444 1514 791 1582 deceperunt,
816 1520 875 1581 ut
895 1513 1055 1565 etiam
1091 1511 1127 1563 ii
1155 1509 1249 1579 qui
1277 1509 1481 1579 aliquid
1511 1505 1634 1564 esse
1660 1509 2007 1576 videbantur,

445 1604 499 1656 in
527 1603 742 1658 illorum
792 1601 995 1657 inducti
1039 1601 1148 1654 sint
1191 1600 1556 1670 impietatem;
1605 1601 1858 1671 quamvis
1886 1616 2005 1653 eam

444 1695 617 1749 sancti
645 1692 832 1747 Patres
858 1692 1029 1747 nostri
1067 1693 1121 1745 iu
1146 1691 1380 1755 Nicana,
1417 1702 1478 1745 ut
1510 1692 1768 1754 diximus,
1798 1691 2007 1763 synodo

2115 505 2374 576 καθολικῇ
2437 504 2753 576 Ἐκκλησία.
2796 500 2862 556 Ἦ
2897 504 2997 574 μὲν
3042 503 3153 576 γὰρ
3198 503 3313 575 (79)
3347 501 3557 574 ἀληθὴς
3589 504 3683 557 καὶ

2111 597 2338 670 εὐσεϐὴς
2372 598 2451 660 είς
2491 597 2582 650 τὸν
2625 596 2827 667 Κύριον
2875 597 3057 658 πίστις
3116 593 3325 666 φανερά
3364 596 3500 648 πᾶσι
3520 593 3680 648 καθέ-

2113 706 2330 761 στηκεν,
2377 691 2440 742 ὲκ
2481 687 2588 740 τῶν
2621 686 2781 740 θείων
2835 686 3067 758 Γραφῶν
3090 685 3467 758 γινωσκομένη
3497 703 3560 738 τε
3590 687 3679 738 καὶ

2111 779 2614 852 ἀναγινωσκομένη.
2653 780 2742 832 Ἐν
2760 779 2932 852 ταύτῃ
2955 778 3062 851 γὰρ
3084 779 3180 832 καὶ
3205 779 3256 831 oi
3281 778 3426 846 ἅγιοι
3456 777 3680 830 τελειω-

2111 873 2294 937 θέντες
2334 871 2722 944 ὲμαρτύρησαν
2743 911 2759 934 ,
2801 872 2894 924 καὶ
2935 869 3031 926 νῦν
3059 869 3423 932 ἀναλύσαντές
3453 871 3595 922 εἰσιν
3627 872 3686 921 ὲν

2112 959 2332 1033 Κυρίῳ·
2365 962 2458 1014 καὶ
2496 961 2710 1030 ἔμεινεν
2742 960 2807 1013 ἂν
2855 962 2889 1032 ἡ
2923 961 3105 1024 πίστις
3136 959 3376 1030 ἀϐλαϐὴς
3420 959 3513 1013 διὰ
3544 976 3687 1012 παν-

2111 1051 2202 1115 τὸς
2229 1051 2361 1122 (80),
2391 1054 2440 1104 εί
2470 1051 2544 1122 μὴ
2587 1052 2818 1122 πονηρία
2857 1051 3015 1104 τινῶν
3047 1051 3338 1124 αἱρετικῶν
3370 1053 3686 1123 παραποιῆ-

2113 1159 2204 1196 σαι
2251 1143 2456 1213 ταύτην
2500 1142 2814 1214 ἐτόλμησεν.
2854 1143 3068 1214 ¹Ἄρειος
3097 1143 3206 1213 γάρ
3243 1159 3328 1205 τις
3358 1144 3453 1196 καὶ
3492 1146 3545 1196 οἱ
3589 1144 3689 1195 σὺν

2111 1234 2259 1304 αὐτῷ
2290 1233 2598 1302 διαφθεῖραι
2644 1229 2879 1303 ταύτην,
2926 1233 3020 1284 καὶ
3057 1231 3310 1284 ἀσέϐειαν
3353 1234 3476 1286 κατ’
3512 1234 3685 1301 αὐτῆς

2111 1325 2495 1390 ἐπεισαγαγεῖν
2528 1322 2890 1393 ἐπεχείρησαν
2909 1360 2924 1385 ,
2966 1321 3264 1390 φάσκοντες
3290 1319 3350 1386 ἐξ
3376 1321 3477 1374 οὐκ
3512 1321 3683 1374 ὄντων

2112 1417 2206 1470 καὶ
2215 1405 2433 1484 ’κτίσμα
2459 1414 2554 1467 καὶ
2574 1414 2700 1484 ποίη
2710 1431 2784 1484 μα
2803 1413 2894 1466 καὶ
2911 1412 3144 1484 τρεπτὸν
3160 1407 3298 1466 εἶναι
3314 1413 3407 1466 τὸν
3432 1412 3568 1466 Υἱδν
3593 1411 3682 1464 τοῦ

2109 1508 2265 1560 Θεοῦ.
2297 1506 2530 1569 Πολλοὺς
2561 1506 2617 1559 δὲ
2645 1505 2854 1569 τούτοις
2887 1503 3172 1576 ἠπάτησαν
3203 1505 3316 1566 τοῖς
3339 1502 3523 1572 λόγοις
3550 1503 3681 1575 (81),

2110 1597 2250 1651 ὥστε
2277 1597 2523 1660 καὶτοὺς
2554 1595 2843 1659 δοκοῦντας
2869 1589 3009 1649 εἷναί
3040 1612 3094 1648 τι
3134 1594 3551 1664 συναπαχθῆναι
3575 1594 3684 1664 (82)

2110 1689 2288 1744 αὐτῶν
2311 1691 2378 1760 τῇ
2415 1686 2732 1758 βλασφημίᾳ
2753 1703 2766 1718 ·
2794 1687 2972 1741 καίτοι
3002 1687 3303 1757 φθάσαντες
3327 1685 3428 1756 μὲν
3455 1686 3508 1739 οῖ
3537 1685 3682 1753 ἅγιοι

442 1785 772 1855 congregati,
797 1783 1135 1838 anathemate
1154 1783 1538 1852 percusserint,
1561 1783 1831 1852 simulque
1846 1782 2000 1836 ﬁdem

2108 1779 2346 1850 Πατέρες
2382 1779 2538 1851 ἡμῶν
2578 1777 2920 1842 συνελθόντες
2943 1819 2958 1844 ,
2996 1775 3075 1842 ὡς
3120 1778 3491 1850 προείπομεν,
3542 1779 3684 1831 κατὰ

441 1873 722 1928 catholica
738 1871 993 1928 Ecclesia
1027 1873 1228 1941 scripto
1259 1871 1369 1926 sint
1396 1870 1656 1938 confessi,
1682 1880 1742 1925 ut
1767 1871 1858 1925 illa
1884 1871 2005 1925 ubi-

441 1980 547 2035 que
587 1964 947 2034 promulgata,
984 1965 1203 2018 haeresis
1239 1963 1307 2016 ab
1343 1963 1610 2017 haereticis
1637 1976 1867 2018 accensa
1903 1977 2002 2016 ex-

441 2055 830 2124 stingueretur.
849 2052 926 2107 Ea
960 2052 1123 2123 igitur
1151 2052 1363 2107 sincere
1384 2067 1447 2106 ac
1463 2052 1582 2107 sine
1605 2051 1732 2106 dolo
1764 2066 1860 2122 per
1887 2066 2006 2105 om-

440 2161 563 2200 nem
599 2144 896 2199 Eeclesiam
947 2143 1126 2214 agnita
1174 2152 1228 2196 et
1283 2143 1594 2212 pervulgata
1640 2140 1762 2196 fuit.
1802 2140 2004 2196 Verum

439 2251 564 2292 cum
606 2236 862 2291 Arianam
896 2235 1126 2290 haresin
1171 2234 1392 2304 quidam
1442 2249 1590 2288 nunc
1640 2247 1904 2288 renovare
1950 2233 2004 2286 in

441 2328 624 2382 animo
655 2327 934 2388 habentes,
967 2324 1129 2378 fidem
1178 2325 1337 2389 hanc,
1371 2338 1536 2392 quam
1579 2321 1769 2378 Patres
1812 2320 2006 2377 Nicaa

439 2417 676 2475 confessi
726 2428 872 2480 sunt,
911 2416 1029 2470 ausi
1058 2417 1166 2470 sint
1196 2414 1442 2484 rejicere,
1478 2429 1709 2484 eamque
1755 2414 2005 2469 conﬁteri

441 2510 698 2566 simulent
723 2522 847 2562 cum
873 2520 1058 2559 revera
1085 2514 1300 2575 negent,
1322 2505 1522 2574 quippe
1543 2505 1637 2574 qui
1663 2519 1850 2559 vocem
1877 2520 2006 2560 eon-

441 2598 813 2656 substantialis
833 2636 848 2663 ,
895 2612 1059 2666 prave
1091 2597 1506 2665 interpretentur
1525 2635 1539 2660 ,
1575 2596 1849 2666 impiaque
1880 2612 2006 2667 pro-

437 2693 619 2748 ferant
651 2694 706 2746 in
737 2689 1001 2760 Spiritum
1043 2699 1314 2755 sanctum,
1344 2704 1506 2758 quem
1552 2689 1810 2744 nimirum
1855 2691 2009 2744 aiunt

445 2795 559 2835 rem
587 2787 828 2834 creatam
859 2793 980 2831 esse
1007 2787 1058 2831 et
1087 2792 1184 2846 per
1203 2775 1399 2831 Filium
1427 2775 1626 2832 factam
1655 2796 1667 2831 :
1699 2795 1800 2834 nos
1825 2793 2010 2833 neces-

434 2872 588 2925 sario
633 2855 1025 2940 perpendentes
1067 2870 1348 2934 damnum,
1400 2869 1545 2938 quod
1591 2870 1806 2939 populis
1850 2869 2006 2925 aﬂert

441 2960 751 3030 huiusmodi
799 2959 1070 3028 impietas,
1117 2960 1274 3013 fidem
1317 2975 1480 3028 quam
1527 2959 1720 3015 Nicaea:
1768 2959 2004 3016 confessi

2103 1873 2202 1943 τὴν
2234 1873 2290 1924 ἐν
2334 1872 2537 1944 Νικαίᾳ
2571 1867 2808 1935 σύνοδον,
2856 1869 3255 1942 ἀνεθεμάτισαν
3279 1887 3294 1899 ’
3324 1869 3425 1940 τὴν
3469 1868 3531 1922 δὲ
3583 1869 3682 1939 τῆς

2105 1963 2401 2033 καθολικῆς
2461 1961 2787 2032 Ἐκκλησίας
2835 1961 3019 2014 πίστιν
3067 1961 3425 2033 ὡμολόγησαν
3473 1960 3682 2031 ἐγγρά-

2105 2072 2240 2123 φως,
2285 2054 2458 2118 ὥστε,
2497 2052 2703 2124 ταύτης
2747 2051 3019 2123 πανταχοῦ
3062 2052 3507 2124 κηρυττομένης,
3545 2053 3680 2104 ἀπο-

2107 2145 2398 2214 σϐεσθῆναι
2421 2144 2519 2214 τὴν
2547 2142 2880 2212 ἀναφθεῖσαν
2906 2143 3116 2212 αἵρεσιν
3148 2141 3301 2212 παρὰ
3325 2143 3437 2196 τῶν
3467 2143 3681 2213 αἱρετι-

2104 2236 2234 2289 κῶν.
2265 2232 2373 2288 τΗν
2417 2235 2515 2306 μὲν
2542 2231 2634 2288 οὖν
2663 2235 2800 2304 αῦτη
2847 2231 3120 2305 πανταχοῦ
3164 2234 3304 2288 κατὰ
3340 2237 3524 2288 πᾶσαν
3562 2236 3684 2288 Ἐκ-

2105 2327 2332 2398 κλησίαν
2364 2325 2564 2389 ἀδόλως
2606 2326 2982 2397 γινωσκομένη
3022 2342 3082 2378 τε
3113 2326 3208 2380 καὶ
3246 2327 3630 2398 κηρυττομένη
3666 2345 3679 2356 ·

2105 2419 2218 2474 ἀλλ’
2252 2418 2436 2490 ἐπειδὴ
2461 2419 2556 2474 νῦν
2588 2418 2722 2491 (85),
2744 2419 2846 2489 τὴν
2888 2418 3168 2490 Ἀρειανὴν
3200 2420 3409 2490 αἰρεσιν
3439 2421 3680 2475 ἀνανεῶ-

2107 2523 2196 2558 σαι
2227 2505 2536 2577 βουλόμενοί
2566 2524 2730 2570 τινες,
2745 2507 2951 2579 ταύτην
2981 2507 3082 2578 μὲν
3097 2507 3196 2578 τὴν
3228 2510 3286 2562 ὲν
3302 2509 3512 2580 Νικαία
3528 2511 3681 2582 παρὰ

2103 2597 2210 2651 τῶν
2243 2598 2502 2668 Πατέρων
2527 2598 2950 2670 ὁμολογηθεῖσαν
2988 2598 3171 2654 πίστιν
3201 2599 3509 2673 ἐτόλμησαν
3552 2601 3680 2657 ἀθε-

2105 2690 2288 2760 τῆσαι,
2325 2691 2420 2744 καὶ
2456 2681 2877 2763 σχηματίζονται
2914 2691 3011 2762 μὲν
3029 2692 3310 2764 ὁμολογεῖν
3334 2693 3526 2766 αὐτὴν,
3562 2697 3682 2757 ταῖς

2103 2780 2160 2833 δὲ
2193 2780 2467 2851 ἀληθείαις
2499 2781 2788 2853 ἀρνοῦνται
2807 2823 2823 2846 ,
2862 2783 3368 2854 παρερμηνεύοντες
3396 2784 3459 2838 τὸ
3489 2785 3683 2856 ὁμοσύ-

2107 2888 2242 2936 σιον,
2281 2871 2374 2924 καὶ
2402 2873 2554 2925 αὐτοὶ
2586 2871 2695 2945 (84)
2746 2871 3192 2942 βλασφημοῦντες
3218 2875 3299 2938 είς
3338 2873 3400 2926 τὸ
3456 2873 3684 2944 Πνεῦμα

2103 2961 2166 3014 τὸ
2197 2962 2386 3031 ἆγιον,
2420 2965 2479 3016 ὲν
2510 2961 2588 3034 τῷ
2622 2963 2850 3042 φάσκειν
2897 2964 3092 3026 αὐτοὺς
3138 2965 3344 3035 κτίσμα
3393 2960 3536 3020 εἶναι
3587 2967 3683 3018 αύ-

438 3059 590 3115 sunt,
617 3059 724 3104 tua
746 3049 991 3118 religioni
1016 3050 1229 3102 tradere
1255 3048 1461 3118 absque
1495 3065 1646 3103 mora
1668 3049 2000 3115 curavimus,

2108 3053 2166 3106 τὸ
2197 3052 2328 3125 (85),
2361 3055 2452 3108 καὶ
2489 3054 2700 3126 ποίημα
2723 3054 2810 3109 διὰ
2841 3055 2933 3108 τοῦ
2956 3056 3086 3109 Υιοῦ
3118 3055 3448 3126 γεγενῆσθαι
3469 3072 3483 3085 ⁸
3516 3058 3680 3126 ἀναγ-

437 3148 499 3194 ut
541 3139 747 3195 scilicet
785 3154 894 3194 non
941 3139 1150 3209 ignoret
1191 3146 1281 3193 tua
1310 3139 1505 3208 pietas,
1537 3156 1658 3210 qua
1697 3141 1849 3195 omni
1873 3157 1996 3195 cum

2108 3109 2301 3209 xatiog,
2348 3109 2722 3216 θεωρήσαντες
2757 3144 2856 3215 τὴν
2881 3146 2984 3216 τῆς
3019 3147 3082 3198 ὲκ
3126 3109 3383 3218 τοίαύτης
3427 3109 3677 3216 βλασφη-

437 3231 714 3302 diligentia
747 3232 946 3300 scripta
977 3239 1124 3296 sunt,
1151 3239 1523 3302 quantumque
1553 3242 1738 3287 errent
1761 3232 1858 3303 qui
1892 3233 1997 3286 alia

2109 3234 2235 3302 μίας
2264 3234 2466 3307 βλάϐην
2491 3234 2778 3305 γινομένην
2805 3235 2915 3307 (86)
2943 3236 3084 3291 κατά
3118 3237 3224 3289 τῶν
3263 3236 3430 3305 λαῶν,
3461 3236 3681 3290 tmes-

436 3333 630 3394 prater
656 3323 861 3377 hancce
882 3323 1040 3376 fidem
1066 3322 1283 3377 docent.

2108 3343 2190 3377 ναι
2238 3329 2308 3396 τῇ
2343 3329 2409 3397 σῇ
2463 3325 2719 3394 εὐλαϐείᾳ
2751 3324 2852 3395 τὴν
2894 3328 2952 3380 ὲν
3003 3327 3209 3398 Νικαίᾳ
3249 3326 3684 3398 ὁμολογηθεῖσαν

437 3417 618 3470 πίστιν
665 3415 1097 3484 ἐσπουδάσαμεν,
1147 3413 1232 3466 ἵνα
1281 3411 1396 3483 γνῷ
1442 3429 1534 3466 σου
1581 3415 1615 3484 ἡ
1668 3412 1944 3468 θεοσέϐεια
2004 3414 2041 3468 ἃ
2104 3416 2241 3485 μετά
2293 3417 2473 3489 πάσης
2527 3418 2812 3490 ἀκριϐείας
2858 3417 2971 3490 (87)
2986 3418 3346 3490 ιγέγραπται,
3399 3419 3497 3472 καὶ
3549 3419 3678 3472 ὅσον

438 3509 745 3563 πλανῶνται
769 3509 820 3560 oi
847 3507 997 3578 παρὰ
1024 3507 1228 3578 ταύτην
1258 3506 1615 3572 διδάσκοντες.

504 3607 558 3660 2.
597 3604 745 3658 Scito
774 3603 950 3670 enim,
993 3603 1400 3673 religiosissime
1431 3604 1677 3674 Auguste
1701 3644 1717 3671 ,
1755 3604 1871 3658 hac
1929 3605 1997 3659 ab

2166 3605 2221 3659 2.
2251 3603 2489 3658 Γίνωσκε
2523 3615 2652 3677 γαρ,
2677 3604 3054 3673 θεοφιλέστατε
3083 3602 3476 3671 Δδγουστειὸτι
3501 3604 3678 3658 ταῦτα

435 3697 585 3753 cmni
614 3711 731 3751 avo
758 3710 878 3750 esse
924 3695 1214 3764 pradicata
1247 3733 1262 3761 ,
1308 3694 1557 3765 hancque
1610 3695 1786 3765 ipsam
1838 3695 1997 3750 fidem

2108 3698 2200 3769 μὲν
2251 3697 2310 3764 ἐξ
2344 3697 2537 3760 αἰῶνός
2569 3699 2684 3750 ἐστι
2731 3696 3130 3767 κηρυττόμενα,
3165 3697 3372 3767 ταύτην
3415 3696 3474 3750 δὲ
3518 3699 3568 3750 oi
3617 3699 3682 3752 ἐν

434 3786 645 3852 Patres,
671 3787 764 3859 qui
799 3785 992 3842 Nicaea
1021 3796 1411 3853 convenerunt,
1462 3786 1746 3843 confessos
1797 3787 1988 3852 fuisse,

2108 3789 2303 3860 Νικαίᾳ.
2337 3788 2678 3851 συνελθόντες
2711 3787 3066 3858 ὡμολόγησαν
3093 3788 3367 3860 Πατέρες,
3400 3789 3495 3842 καὶ
3535 3789 3675 3841 ταύ-

433 3895 665 3949 eamque
703 3878 960 3948 suffragio
1001 3893 1100 3933 suo
1132 3879 1488 3948 comprobare
1518 3878 1800 3934 universas
1834 3880 2000 3933 totius

2108 3900 2165 3957 τῃ
2217 3883 2328 3955 (88)
2367 3882 2648 3954 σύμψηφοι
2697 3883 3026 3952 τυγχάνουσι
3078 3882 3251 3934 πᾶσαι
3294 3881 3349 3934 αἱ
3394 3881 3672 3951 πανταχοῦ

434 3973 584 4028 orbis
627 3971 922 4036 Ecclesias,
957 3985 1150 4038 nempe
1190 3968 1482 4039 Hispania,
1517 3969 1829 4034 Britannia,
1875 3969 2000 4024 Gal-

2108 3975 2239 4029 ιιατά
2264 3974 2430 4028 τόπον
2451 3973 2784 4044 Ἐκκλησίαι,
2808 3974 2866 4026 αῖ
2897 3989 2956 4026 τε
2988 3972 3129 4026 κατά
3148 3972 3246 4043 τὴν
3274 3972 3513 4026 Σπανίαν
3532 3973 3671 4046 (89),

433 4064 543 4128 lia,
572 4063 742 4117 totius
769 4060 954 4127 Italia,
993 4059 1294 4125 Dalmatia,
1338 4059 1536 4122 Dacia,
1577 4059 1784 4131 Mysia,
1818 4060 2000 4116 Mace—

2108 4067 2194 4121 Kal.
2240 4065 2538 4137 Βρετανίαν
2562 4105 2578 4128 ,
2605 4065 2700 4118 καὶ
2733 4063 2990 4130 Γαλλίας,
3024 4065 3118 4118 καὶ
3160 4065 3262 4135 τῆς
3306 4064 3532 4127 Ἰταλίας
3562 4066 3671 4118 πάι-

432 4155 630 4218 donia,
679 4153 1010 4222 Graeciaque
1056 4161 1109 4206 et
1145 4150 1344 4206 Africa
1392 4154 1682 4218 universa,
1739 4167 1840 4206 nec
1888 4167 1996 4206 non

2108 4175 2216 4228 σης,
2254 4158 2348 4211 καὶ
2375 4157 2706 4228 Δαλματίας,
2737 4157 2940 4222 Δακίας
2971 4173 3032 4209 τε
3090 4156 3184 4209 καὶ
3217 4156 3452 4222 Μυσίας,
3485 4157 3674 4210 Μακε-

432 4245 719 4309 Sardinia,
748 4243 931 4315 Cypri,
962 4243 1157 4308 Creta,
1189 4241 1541 4312 Pamphylia,
1591 4240 1794 4312 Lycia,
1844 4241 1998 4298 Isau-

2093 4246 2288 4309 δονίας,
2309 4246 2403 4300 καὶ
2427 4246 2608 4317 πάσης
2638 4247 2737 4317 τῆς
2773 4246 3041 4311 Ἑλλάδος,
3069 4245 3164 4299 καὶ
3187 4245 3328 4300 κατά
3353 4246 3453 4317 τὴν
3491 4247 3677 4318 ’Δφριο

503 4413 618 4491 (Ἰθ)
656 4413 770 4491 ιῖᾲρ
797 4412 949 4491 abest
972 4409 1565 4491 apud_:l‘heodoretum.
1592 4411 1792 4491 Ibidem
1830 4413 1990 4491 idem,

2171 4421 2280 4491 (84)
2323 4419 2617 4487 Theodor.,
2645 4417 2808 4477 οὗτοι.

427 4481 523 4550 εἰς’
547 4484 637 4537 τὸν
682 4481 885 4554 Κύριον
906 4481 1084 4554 Ai]va
1117 4482 1322 4554 Ἰησοῦν
1347 4484 1579 4552 Χριστὸν
1613 4483 1810 4554 πίστις.
1851 4483 1992 4554 Idem

427 4565 575 4618 ante,
605 4555 670 4606 ἐκ
696 4551 805 4608 τῶν
835 4551 1272 4623 θείώνλΓραφῶν,
1304 4551 1454 4623 addit
1484 4553 1810 4621 particulam
1843 4553 1954 4608 καί.

465 4624 948 4747 ϐἓῖίὲήὲΐὴροάυῐη
982 4621 1165 4693 ἔμεινε
1212 4622 1269 4676 δὲ
1313 4622 1401 4676 ἀεὶ
1431 4624 1464 4693 ἡ
1494 4623 1676 4688 πίστις
1701 4623 1994 4688 διαπαντὸς

501 4696 691 4748 λαϐής.

426 4694 959 4836 ῗϐῗὲὅήςιῖιιεοᾷοτἹ
980 4760 1214 4836 Πολλοὺς
1255 4761 1312 4836 δὲ
1354 4763 1412 4815 ὲν
1442 4761 1651 4836 τούτοις
1677 4763 1990 4836 ἠπάτησαν,

425 4831 719 4898 ὥστε,’θιε.
756 4833 888 4886 Ibid.
925 4832 1145 4902 Regius,
1183 4832 1426 4899 τούτους,
1457 4831 1734 4889 mendose.

501 4903 613 4974 (82)
656 4903 746 4974 Si_c
776 4901 1052 4974 'l‘heodor.
1086 4903 1158 4956 At
1197 4904 1560 4974 manuscripti
1581 4912 1633 4957 et
1661 4903 1790 4958 edit.
1822 4901 1990 4956 Com-

425 4969 636 5039 me‘linl,
671 4969 762 5026 οὖν
789 4972 1115 5043 ἀπαχθῆναι,
1140 4983 1348 5036 errore,
1387 4981 1445 5026 ut
1478 4969 1993 5043 videturLIibrario-

424 5059 571 5106 rum,
601 5046 695 5113 qui
731 5060 760 5113 ο
788 5041 962 5113 ριόσ
987 5041 1124 5096 forte
1150 5043 1486 5113 scripserint.
1519 5042 1653 5096 Ibid.
1692 5041 1987 5107 Theodor.,

423 5111 694 5184 auctor/ri)
721 5111 1022 5183 δυσφημίᾳ,
1051 5114 1146 5184 καὶ
1172 5111 1474 5184 φθάσαντες
1507 5113 1627 5184 μέν,
1656 5122 1761 5184 etc.
1792 5113 1991 5182 Regius

423 5198 640 5253 quoque
684 5182 1004 5253 particulam
1060 5183 1158 5253 μέν
1199 5182 1369 5243 addit,
1400 5182 1564 5253 quam
1620 5183 1710 5235 alii
1762 5192 1816 5236 et
1860 5184 1988 5235 editi

424 5251 701 5307 emit—lunt.
740 5251 1012 5323 Theodor.
1044 5251 1192 5323 mox,
1216 5253 1290 5323 ὡς
1321 5252 1674 5323 προείπομεν,
1703 5253 1760 5303 ὲν
1788 5255 1854 5323 τῇ
1889 5269 1989 5323 κα-

419 5324 489 5377 τὰ
515 5323 748 5376 Νικαιαν
782 5322 980 5392 συνόδῳ
1005 5321 1100 5392 τὴν
1138 5307 1232 5392 μεν
1271 5307 1785 5392 ζΑρῖειανὴφαἵρεσιν
1811 5307 1991 5375 ἀνεθε-

423 5394 685 5464 μάτισαν.
702 5394 837 5464 Ibid.
869 5391 1090 5462 Regius,
1127 5391 1596 5464 ᾠς-προείπαμεν.

496 5464 606 5548 (85)
646 5463 758 5548 Νῦν
794 5461 969 5548 deest
1005 5461 1490 5548 apud'Thert‘idor.:
1514 5461 1685 5548 Paulo
1734 5471 1856 5530 post
1878 5477 1988 5546 'pro

418 5531 643 5620 ταύτην,
693 5531 992 5593 Theodor.,
1049 5531 1263 5602 αὑτήν,
1299 5532 1500 5602 Regius
1549 5537 1741 5597 codex,
1791 5531 1983 5601 ταύτη.

421 5601 546 5656 Mox
589 5602 620 5655 Γ
628 5603 873 5673 hcodor..
907 5601 1298 5673 τετολμήκασιν
1347 5602 1624 5673 ἀθετῆσαι.
1657 5641 1669 5654 .
1701 5643 1712 5654 .
1753 5603 1894 5673 τινες
1929 5588 1987 5653 δὲ

423 5670 844 5744 σχηματίζονται
862 5670 1141 5742 ὁμολογεῖν
1154 5674 1342 5744 αὐτήν.
1361 5670 1518 5740 Ibid.,
1540 5673 1709 5742 αὐτήν
1723 5670 1981 5742 om._Reg.

2165 4513 2280 4598 (85)
2316 4513 2456 4566 Αὑτό
2484 4513 2634 4569 abest
2669 4529 2699 4568 a
2725 4512 2956 4579 Theod.,
2992 4515 3086 4584 qui
3118 4529 3263 4577 mox,
3302 4513 3390 4567 διὰ
3414 4515 3511 4568 τοῦ
3537 4514 3668 4569 Υξοῦ

2132 4599 2334 4636 εγονος.

2132 4601 2155 4635 ε
2197 4599 2334 4636 ονοθ.

2093 4601 2128 4652 γ
2161 4598 2592 4740 ἷεθῗτὴοοειοτ.
2643 4680 2699 4743 et
2747 4671 2969 4743 Regius,
3014 4672 3330 4743 γινομένην.
3371 4671 3564 4728 (lateri
3615 4683 3668 4727 οι

2089 4743 2246 4864 taedia,
2280 4743 2600 4814 γενομένην.
2653 4742 2777 4797 Mox
2828 4741 3226 4807 Theodoretus,
3264 4741 3344 4812 τῇ
3397 4746 3467 4814 σῇ
3515 4745 3669 4796 εὐσε-

2131 4830 2155 4864 ε
2186 4830 2240 4864 α.

2131 4830 2240 4866 εια.

2161 4903 2610 4977 (87)_T_heodor_.,
2647 4904 2765 4976 μεθ’
2796 4906 2928 4977 ὅσης
2954 4904 3277 4977 ἀκριϐείας.
3325 4903 3472 4960 Idem
3514 4921 3668 4969 mox,

2090 4974 2138 5026 ot
2167 4974 2298 5046 παρ’
2314 4974 2482 5046 αὐτὴν
2504 4974 2864 5046 διδάσκοντες.
2884 4974 3266 5046 Γάρεθαιιεηε
3299 4977 3453 5029 abest
3484 4978 3554 5030 ab
3576 4991 3669 5029 ei»

2091 5047 2212 5165 dim
2241 5044 2334 5113 Qui
2369 5044 2494 5098 item
2529 5061 2675 5108 mox,
2701 5046 2784 5098 ὅτι
2804 5045 2943 5114 αῦτη
2968 5044 3068 5115 μὲν
3091 5045 3148 5110 ἐξ
3170 5044 3365 5108 αἰῶνος
3396 5061 3668 5116 κηρυττο-

2094 5131 2133 5184 μ
2166 5132 2253 5185 νη.

2137 5131 2192 5166 εν
2240 5153 2253 5167 .

2094 5131 2133 5184 μ
2165 5132 2276 5275 (38)
2319 5204 2409 5261 Sic
2439 5205 2570 5276 Reg.
2602 5215 2656 5262 et
2680 5206 2886 5262 Theod.
2909 5206 3101 5262 Cateri
3126 5222 3254 5262 vero
3280 5213 3334 5262 et
3355 5205 3514 5274 editi,
3538 5206 3668 5261 ταύ-

2087 5293 2206 5348 της.
2243 5275 2365 5333 Mox
2402 5275 2680 5348 πανταχοῦ
2715 5278 2867 5332 deest
2894 5279 2949 5330 in
2981 5275 3169 5332 Theod

2159 5391 2272 5461 (89)
2314 5391 2481 5447 Basil.
2503 5391 2742 5449 Felckm.
2765 5394 2816 5456 7,
2853 5409 2956 5449 ms.
2982 5405 3036 5450 et
3060 5395 3495 5458 edit.CommeI.,
3525 5394 3664 5446 ὥστε

2087 5462 2362 5536 κατά-τὴν
2401 5462 2661 5536 Σπανίαν.
2699 5465 2831 5536 Ibid.
2863 5463 3158 5536 Theodor.,
3186 5467 3540 5536 Βρεττανίαν,
3568 5464 3666 5536 καὶ

2085 5531 2334 5604 Γαλλίας,
2366 5535 2460 5585 καὶ
2487 5535 2542 5584 αί
2575 5537 2672 5603 τῆς
2706 5535 2933 5598 Ἰταλίας
2964 5534 3167 5604 πάσης,
3192 5531 3283 5587 καὶ
3309 5534 3662 5604 Καμπανίας,

2086 5601 2397 5676 Δαλματίας
2429 5619 2487 5654 τε
2523 5601 2927 5667 καῖ’Μυσίας...
2961 5605 3054 5658 καὶ
3081 5601 3136 5657 αἱ
3168 5604 3308 5658 κατὰ
3342 5601 3439 5676 τὴν
3475 5605 3662 5674 Ἀφρι-

2087 5672 2188 5740 κὴν
2216 5673 2408 5727 πᾶσαι.
2440 5683 2545 5729 etc.
