3824 6224
147 269 192 326 8
205 271 268 327 I7
1334 268 1666 326 EPISTOLA
1702 268 1794 323 AD
1829 269 2178 327 JOVIANUM
2189 310 2200 324 .
3295 281 3356 333 8i
3368 280 3402 336 8

153 391 265 461 κήν
291 389 496 456 πᾶσαν,
537 387 630 444 καὶ
659 388 978 461 Σαρδανίαν,
1024 389 1118 445 καὶ
1151 389 1376 462 Κύπρον
1402 431 1416 454 ,
1446 391 1541 445 καὶ
1584 389 1732 462 Κρή-

1838 387 1951 455 riae,
1987 388 2226 460 Egypti,
2262 386 2445 460 Libyae
2471 429 2485 454 ,
2515 386 2715 454 Ponti,
2758 389 3151 461 Cappadociae,
3197 393 3404 450 vicinas

150 498 283 553 την,
313 481 640 552 Παμφυλίαν
666 499 748 544 τε,
785 481 880 536 καὶ
907 482 1138 550 Λυκίαν,
1163 483 1258 537 καὶ
1298 483 1568 554 Ἰσσωρίαν
1596 482 1730 553 (90),

1838 494 2053 550 quoque
2081 478 2238 534 nobis
2271 494 2371 534 nec
2417 495 2524 533 non
2565 477 2802 534 Orientis
2857 481 3128 538 Ecclesias
3153 523 3168 546 ,
3219 487 3404 554 paucis

152 575 258 629 καὶ
294 573 353 627 αἱ
410 573 532 628 κατ’
564 573 838 643 Αιγυπτον
873 572 968 626 καὶ
1015 571 1115 638 τὰς
1161 573 1366 636 Λιϐύας
1398 565 1490 629 καὶ
1535 573 1732 627 Πόντον

1838 568 2079 637 exceptis
2107 567 2201 638 qui
2240 566 2354 622 Arii
2403 567 2634 624 haeresin
2689 579 3016 640 sequuntur.
3077 570 3210 639 Quae
3256 574 3401 628 enim

153 665 257 719 καὶ
308 663 728 729 Καππαδοκίαν,
775 665 870 718 καὶ
907 665 962 718 ai.
997 663 1224 735 πλησίον
1273 663 1430 735 ὴμῶν
1474 663 1604 734 (91),
1642 663 1732 717 καὶ

1839 659 1913 714 sit
1937 659 2182 713 omnium
2212 659 2428 714 illarum
2451 659 2815 716 Ecclesiarum
2849 666 3139 732 sententia,
3158 675 3213 720 et
3241 683 3403 736 expe-

151 759 218 810 αἱ
248 755 390 811 κατά
415 755 681 820 ἀνατολάς
719 757 1055 828 Ἐκκλησίαι,
1084 756 1258 828 παρὲξ
1289 757 1482 824 ὀλίγων
1515 755 1625 808 τῶν
1664 753 1732 808 τά

1838 751 2032 806 rientia
2072 751 2348 816 novimus,
2395 759 2450 806 et
2489 767 2677 806 earum
2725 753 2992 811 habemus
3033 757 3262 813 litteras.
3295 757 3404 814 Nec

166 845 384 914 Ἀρείου
428 844 790 916 φρονούντων.
833 843 1116 897 Ἀπάντων
1163 845 1272 916 γὰρ
1318 844 1426 897 τῶν
1480 861 1736 916 προειρη-

151 935 342 1005 μένων
373 933 468 987 καὶ
501 933 667 1005 πείρᾳ
693 931 1012 1005 ἐγνώκαμεν
1037 933 1133 1004 τὴν
1159 932 1404 1004 γνώμην,
1429 933 1524 986 καὶ
1550 933 1732 1005 γράμ-

151 1043 308 1096 ματα
352 1025 568 1097 ἔχομεν.
619 1025 729 1080 Καὶ
772 1021 922 1090 οἶδας
947 1066 962 1090 ,
1014 1020 1060 1079 ὧ
1093 1025 1469 1095 θεοφιλέστατε
1531 1024 1736 1094 Αὐγουφ

147 1134 252 1170 στε
289 1116 426 1187 (92),
467 1117 572 1181 ὅτι,
615 1115 718 1170 κᾶν
742 1115 914 1185 ὀλίγοι
941 1117 1085 1180 τινὲς
1119 1117 1436 1185 ἀντιλέγωσι
1466 1116 1640 1190 ταύτῃ
1665 1119 1732 1188 τῇ

143 1210 361 1272 πίστει,
401 1210 461 1262 οὐ
491 1209 741 1265 δύνανται
779 1209 1061 1281 πρόκριμα
1101 1213 1292 1274 ποιεῖν,
1323 1209 1502 1279 πάσης
1525 1209 1624 1278 τῆς
1653 1209 1732 1260 οἰ-

142 1301 433 1376 κουμένης
466 1301 565 1372 τὴν
595 1300 958 1372 ἀποστολικὴν
992 1301 1173 1354 πίστιν
1203 1298 1530 1372 κρατούσης.
1560 1299 1734 1351 Ἐκεῖ-

141 1409 233 1444 νοι
267 1390 401 1463 γὰρ,
432 1391 611 1462 πολλῲ
639 1393 816 1464 χρόνῳ
848 1391 1135 1462 βλαϐέντες
1164 1391 1274 1445 ἀπὸ
1309 1391 1408 1462 τῆς
1454 1391 1734 1462 Ἀρειανῆς

141 1483 444 1554 αἱρέσεως,
479 1483 906 1555 φιλονεικότερον
938 1483 1285 1537 ἀνθίστανται
1325 1481 1422 1536 νῦν
1465 1485 1532 1553 τῇ
1574 1482 1732 1534 εὐσε.

139 1575 298 1648 δείᾳ.
319 1577 428 1630 Kal.
446 1577 585 1648 ὐπὲρ
601 1575 707 1640 τοῦ,
723 1575 1009 1646 γινώσκειν
1035 1575 1134 1647 τὴν
1159 1573 1268 1647 (95)
1301 1575 1399 1646 σὴν
1431 1573 1730 1638 εὐσέϐειαν,

140 1668 336 1722 καίτοι
387 1666 781 1737 γινώσκουσαν,
838 1669 989 1738 ὅμως
1059 1666 1470 1736 ἐσπουδάσαμεν
1520 1665 1621 1737 τὴν
1673 1667 1734 1718 ἐν

1833 859 1964 898 vero
1989 852 2038 898 te
2063 842 2220 914 fugit,
2258 844 2505 914 piissime
2534 844 2800 916 Auguste,
2824 848 3039 903 tametsi
3075 851 3234 918 pauci
3276 853 3402 922 qui-

1835 931 1961 987 dam
1997 932 2125 987 huic
2182 933 2304 987 fidei
2362 934 2743 1000 adversantur,
2791 939 3166 1008 prazjudicium
3217 952 3404 998 tamen

1835 1022 2014 1079 facere
2061 1039 2169 1079 non
2218 1039 2425 1094 posse,
2475 1028 2676 1096 quippe
2725 1043 2849 1082 cum
2903 1028 3054 1085 orbis
3106 1033 3415 1091 universus.

1835 1116 2182 1184 apostolicam
2215 1117 2377 1171 fidem
2427 1118 2675 1173 retineat.
2711 1118 2792 1174 Illi
2819 1187 2822 1190 ξ
2847 1121 2994 1176 enim
3045 1123 3250 1179 Ariana
3288 1125 3401 1180 bae-

1834 1207 1942 1263 resi
1975 1207 2167 1278 perdiu
2191 1208 2305 1271 jam
2353 1206 2561 1274 infecti,
2612 1225 2754 1266 verae
2798 1212 2984 1282 pietati
3031 1213 3194 1270 hodie
3236 1218 3402 1286 perti-

1835 1298 2028 1353 nacius
2053 1297 2430 1354 adversantur.
2475 1298 2744 1366 Quocirca
2777 1312 2838 1357 ut
2879 1318 2941 1358 ea
2973 1303 3043 1360 de
3087 1320 3147 1360 re
3196 1308 3420 1362 certior-

1834 1389 2009 1458 possit
2038 1404 2161 1445 esse
2191 1398 2283 1445 tua
2316 1391 2509 1460 pietas,
2544 1391 2671 1446 licet
2699 1393 2750 1448 ei
2783 1395 3009 1467 minime
3030 1395 3214 1462 lateat,
3239 1397 3418 1453 fidem.

1833 1497 1998 1552 quam
2031 1482 2277 1553 episcopi
2312 1482 2504 1538 Nicaeae
2528 1483 2765 1541 confessi
2806 1495 2969 1554 sunt,
3001 1489 3274 1559 subjicere
3299 1507 3402 1544 novo

1833 1573 1919 1628 bis
1951 1574 2135 1631 studio
2184 1574 2306 1631 fuit.
2355 1573 2542 1645 Itaque
2587 1577 2722 1634 fides
2761 1595 2925 1649 quam
2975 1579 3164 1637 Patres
3207 1581 3420 1640 Nicaea

1835 1663 2075 1721 confessi
2105 1674 2254 1734 sunt,
2285 1666 2400 1721 haec
2426 1676 2542 1722 cst?

139 1758 360 1832 Νικαία
394 1760 576 1813 πίστιν
623 1758 1044 1830 ὁμολογηθεῖσαν
1097 1759 1201 1812 ὐπὸ
1246 1755 1354 1812 τῶν
1398 1755 1707 1810 ἐπισκόπων
1741 1753 2020 1820 ὑποτάξαι.
2058 1755 2214 1810 Ἐστι
2252 1756 2351 1827 μὲν
2406 1752 2497 1810 οῦν
2542 1759 2574 1828 ή
2619 1758 2770 1832 παρά
2804 1761 2913 1816 τῶν
2967 1761 3223 1836 Πατέρων
3275 1767 3422 1838 ὁμο-ι

137 1855 447 1927 λογηθεῖσα
467 1855 650 1918 πίστις
679 1856 736 1908 ἐν
768 1855 973 1926 Νικαίᾳ
1001 1854 1162 1925 αῦτηο

224 1949 279 2002 3.
330 1947 664 2018 Πιστεύομεν
706 1950 786 2012 είς
831 1948 926 2002 ἕνα
957 1949 1124 2015 Θεὸν,
1158 1947 1377 2019 Πατέρα
1425 1946 1730 2017 παντοκρά-

1902 1937 1956 1993 5.
1990 1937 2384 1994 Credimus'in
2433 1955 2602 1995 unum
2643 1940 2834 2008 Deum,
2889 1941 3104 1999 Patrem
3151 1945 3403 2016 omnipo-

136 2057 312 2112 τορα,
341 2040 561 2093 πάντων
594 2039 804 2111 ὁρατῶν
838 2057 898 2093 τε
928 2041 1022 2094 καὶ¹
1048 2040 1296 2112 ἀοράτων
1336 2039 1564 2109 ποιητήν
1585 2055 1598 2067 ·
1640 2038 1734 2090 καὶ

138 2134 236 2196 εις
268 2131 360 2186 τὸν
390 2130 500 2203 (94)
529 2131 627 2184 ἕνα
674 2131 878 2201 Κύριον
913 2129 1120 2202 Ἰησοῦν
1163 2129 1418 2202 Χριστὸν,
1467 2130 1559 2182 τὸν
1605 2128 1733 2182 Υἱὸν

137 2222 251 2278 τοῦ
277 2221 438 2288 Θεοῦ,
475 2222 802 2292 γεννηθέντα
833 2225 898 2276 ὲκ
925 2221 1016 2275 τοῦ
1040 2222 1252 2292 Πατρὸς
1288 2220 1566 2292 μονογενῆ,
1584 2236 1735 2274 τουτ-

137 2313 307 2366 έστιν
369 2314 433 2366 ὲκ
462 2313 564 2382 τῆς
587 2313 777 2376 οὐσίας
804 2311 899 2366 τοῦ
923 2313 1160 2384 Πατρὸς,
1181 2312 1312 2366 Θεὸν
1344 2315 1408 2365 ὲκ
1437 2310 1595 2376 Θεοῦ,
1618 2311 1734 2380 φῶς

140 2405 219 2456 ὲκ
259 2403 460 2472 φωτὸς,
497 2403 629 2457 Θεὸν
660 2403 911 2473 ἀληθινὸν
955 2406 1020 2458 ὲκ
1057 2401 1192 2457 Θεοῦ
1232 2402 1508 2475 ἀληθινοῦ,
1543 2420 1734 2473 γεννη-
1764 2417 1766 2420 '

140 2495 343 2559 θέντα,
387 2495 448 2548 οὐ
493 2495 807 2566 ποιηθέντα,
835 2496 1119 2566 όμοούσιον
1145 2495 1223 2566 τῷ
1249 2497 1444 2568 Πατρὶ,
1480 2495 1544 2548 δι’
1571 2489 1631 2549 οῦ
1666 2494 1733 2548 τά

144 2586 340 2640 πάντα
369 2586 607 2654 ἐγένετο.
635 2587 705 2640 τά
750 2604 808 2639 τε
833 2589 891 2638 ὲν
919 2587 997 2659 τῷ
1023 2586 1234 2658 οὐρανῷ
1279 2588 1374 2641 κα)¹
1411 2586 1482 2640 τὰ
1516 2588 1608 2640 ἐπὶ
1637 2587 1734 2657 τῆς

143 2679 260 2750 γῆς
281 2693 298 2709 ο
332 2677 422 2731 τὸν
447 2678 514 2731 δι’
550 2679 699 2749 ἡμᾶς
730 2680 856 2742 τοὺς
884 2679 1205 2752 ἀνθρώπους
1235 2680 1328 2734 καὶ
1357 2678 1448 2734 διά
1477 2678 1576 2751 τὴν
1599 2681 1736 2749 ἠμε-

143 2767 328 2839 τέραν
357 2769 634 2840 σωτηρίαν
674 2770 1022 2836 κατελθόντα,
1058 2772 1154 2825 καὶ
1204 2771 1314 2844 (95)
1358 2770 1733 2842 σαρκωθέντα,

143 2859 678 2933 ἐνανθρωπήσαντα,
711 2861 970 2927 παθόντα,
1003 2863 1098 2916 καὶ
1135 2862 1444 2917 ἀναστάντα
1477 2865 1543 2935 τῇ
1576 2862 1735 2934 τρίτῃ

145 2955 361 3027 ἡμέρᾳ,
402 2955 500 3010 καὶ
527 2955 820 3010 ἀνελθόντα
846 2957 927 3020 εἰς
961 2956 1087 3021 τοὺς
1119 2955 1403 3027 οὐρανοὺς,
1443 2955 1734 3026 ἐρχόμενον

147 3047 343 3117 κρῖναι
377 3043 584 3110 ζῶντας
625 3045 718 3098 καὶ
752 3044 1006 3116 νεκρούς·
1037 3045 1132 3100 καὶ
1169 3047 1250 3109 είς
1285 3045 1344 3099 τὸ
1372 3045 1596 3116 Πνεῦμα
1623 3045 1732 3115 (96)

144 3137 214 3188 τὸ
249 3135 428 3204 ἆγιον.
463 3136 604 3199 Τοὺς
635 3136 691 3190 δὲ
723 3136 977 3205 λέγοντας
997 3175 1011 3200 ,
1046 3133 1155 3190 ἾΙν
1201 3155 1350 3200 ποτε,
1391 3137 1478 3191 ὅτε
1511 3139 1611 3190 οὐκ
1643 3133 1730 3209 ἦν,

143 3226 273 3291 καὶ,
301 3228 440 3299 Πρὶν
469 3227 782 3300 γενηθῆναι,
820 3230 921 3282 οὐκ
953 3223 1041 3300 ἦν,
1082 3229 1176 3282 καὶ
1203 3230 1284 3282 ὅτι
1325 3229 1413 3294 Ἐξ
1440 3231 1540 3283 οὐκ
1567 3229 1734 3283 ὄντων

144 3319 396 3386 ἐγένετο,
439 3319 472 3388 ἢ
513 3317 573 3385 ἐξ
600 3319 791 3392 ἐτέρας
822 3320 1172 3385 ὑποστάσεως
1203 3320 1236 3391 ἢ
1281 3321 1470 3386 οὐσίας
1500 3321 1734 3391 φάσκον-

144 3427 254 3472 τας
302 3404 464 3474 εἷναι,
514 3409 547 3480 ἢ
603 3411 839 3476 κτιστόν,
869 3411 903 3482 ἢ
937 3412 1206 3483 τρεπτὸν,
1237 3411 1270 3483 ἢ
1304 3412 1594 3466 ἀλλοιωτὸν
1641 3411 1732 3466 τὸν

148 3500 284 3553 Υἱὸν
315 3499 414 3552 τοῦ
450 3500 608 3565 Θεοῦ,
633 3503 853 3566 τούτους
882 3502 1264 3574 ἀναθεματίζει
1289 3505 1323 3574 ἠ
1359 3503 1617 3575 καθολικὴ
1639 3504 1732 3557 καὶ

148 3591 485 3664 ἀποστολικὴ
521 3593 812 3664 Ἐκκλησία
839 3594 973 3665 (97).

224 3683 277 3737 ι.
305 3683 494 3756 Ταύτῃ
528 3687 595 3756 τῇ
632 3685 836 3752 πίστει,
877 3685 1172 3755 Λῦγουστε,
1204 3685 1410 3749 πάντας
1451 3685 1730 3756 ἐπιμένειν

149 3775 472 3843 ἀναγκαῖον,
502 3776 577 3839 ὼς
610 3775 729 3847 θείᾳ
770 3777 862 3830 καὶ
900 3778 1249 3849 ἀποστολικῇ.
1291 3777 1383 3830 καὶ
1414 3777 1616 3848 μηδένα
1645 3795 1732 3848 με·

149 3869 397 3921 τακινεῖν
425 3867 595 3937 αὐτὴν
627 3867 1028 3937 πιθανολογίαις
1050 3870 1144 3924 καὶ
1183 3868 1561 3940 λογομαχίαις,
1595 3870 1732 3940 ὅπερ

148 3959 520 4030 πεποιήκασιν
539 3960 590 4012 οί
635 3961 1036 4032 Ἀρειομανίται
1063 3960 1196 4032 (98),
1232 3959 1292 4026 ἐξ
1314 3961 1413 4015 οὐκ
1446 3961 1615 4016 ὄντων
1639 3963 1731 4015 τὸν

153 4053 283 4105 Υἱὸν
316 4051 413 4105 τοῦ
447 4051 581 4105 Θεοῦ
610 4052 876 4122 λέγοντες,
905 4054 1000 4107 καὶ
1027 4055 1109 4108 ὅτι
1136 4050 1205 4126 ἦν
1239 4073 1368 4108 ποτε
1401 4055 1489 4108 ὅτε
1519 4055 1619 4108 οὐκ
1639 4051 1727 4126 ἦν,

149 4144 248 4196 καὶ
270 4143 508 4206 κτιστὸς,
539 4144 634 4196 καὶ
653 4144 894 4214 ποιητὸς,
923 4146 1014 4198 καὶ
1038 4146 1267 4218 τρεπτός
1288 4148 1424 4200 ἐστι.
1455 4148 1553 4201 Διά
1574 4146 1731 4200 τοῦτο

147 4245 283 4308 γαρ,
317 4235 462 4290 καθά
517 4236 889 4307 προείπομεν,
935 4238 1030 4290 καὶ
1077 4240 1111 4308 ἡ
1161 4239 1221 4290 ἐν
1260 4237 1465 4310 Νικαίᾳ
1512 4239 1730 4302 σύνοδος

145 4327 516 4398 ἀνεθεμάτισε
547 4326 644 4398 τὴν
674 4327 928 4398 τοιαύτην
971 4329 1199 4400 αἵρεσιν,
1241 4329 1340 4400 τὴν
1370 4329 1425 4382 δὲ
1457 4331 1566 4402 τῆς
1607 4330 1732 4401 ἀλη-

148 4421 308 4482 θείας
335 4419 519 4472 πίστιν
542 4416 911 4490 ὡμολόγησεν.
938 4419 1013 4471 Οὐ
1039 4419 1145 4492 γάρ
1163 4419 1349 4483 ἁπλῶς
1371 4421 1556 4491 ὅμοιον
1579 4423 1731 4494 είρή-

145 4528 282 4567 κασι
302 4508 396 4563 τὸν
411 4509 537 4562 Υἱὸν
556 4508 635 4580 τῷ
650 4508 848 4580 Πατρὶ,
865 4508 952 4562 ἵνα
969 4509 1042 4580 μὴ
1063 4509 1250 4573 ἁπλῶς
1264 4509 1447 4580 ὅμοιος
1469 4509 1728 4582 Θεῷ,ἀλλ’

227 4685 342 4756 (90)
381 4684 605 4756 Regius.
634 4685 930 4757 Παμφυλία
955 4705 1013 4740 τε
1039 4687 1132 4740 καὶ
1150 4687 1325 4740 Λυκία
1344 4687 1438 4740 καὶ
1469 4688 1725 4757 ’Ῑσαυρία.

151 4755 290 4812 Ibid.
329 4767 453 4826 post
474 4755 786 4827 V’Iaauptav,
822 4755 1123 4824 Theodor.,
1159 4757 1252 4809 καὶ
1281 4759 1337 4811 at
1371 4757 1514 4810 κατά
1551 4755 1729 4814 πᾶσαν

151 4825 434 4895 Αἴγυπτον
463 4827 556 4879 καὶ
584 4825 812 4895 Λιϐύην.

230 4897 354 4983 (91),
385 4895 690 4983 Τὴρᾳᾱρικ,
715 4899 810 4983 κα).
835 4895 1162 4983 τάηπλίησίον
1197 4895 1374 4983 μέρη..
1394 4895 1536 4952 Idem
1570 4898 1778 4983 ibid.,.

154 4965 250 5021 καί
298 4967 357 5020 αἱ
401 4967 542 5039 κατά
581 4965 844 5039 ἀνατολάς
869 4965 1210 5039 Ἐκκλησίαιζ
1247 4965 1600 5039 Βμθςίιιειηεη
1639 4971 1730 5022 καὶ

157 5039 258 5108 τὴν
301 5037 444 5109 κατὰ
466 5037 565 5109 τὴν
588 5037 854 5109 ἀνατολὴν
892 5036 1237 5109 Ἐκκλησίαν.
1270 5036 1475 5109 galeri
1498 5046 1552 5092 et
1577 5039 1730 5106 editi,

285 5106 386 5170 τὰς
416 5106 557 5192 κατά
588 5106 853 5192 ἀνατολὴν
889 5106 1229 5179 Ἐκκλησίας.
1269 5107 1396 5162 Mox.
1434 5106 1730 5178 Theodor.,

159 5179 386 5232 Πάντων
418 5177 548 5248 γάρ,
578 5187 682 5234 etc.
1077 5177 1084 5179 “
1717 5177 1723 5178 ί

230 5247 346 5318 (92)
367 5245 460 5318 Sic
493 5264 770 5318 manuscr.
795 5256 850 5302 et
876 5249 1006 5304 edit.
1032 5247 1324 5303 Cnmmel..
1357 5247 1590 5313 Theod.,
1621 5249 1734 5304 Καὶ

159 5315 403 5388 οἴδαμεν,
427 5315 804 5389 θεοφιλέστατε
829 5318 1126 5387 Αὐγουστε,
1157 5327 1262 5372 etc.
1283 5318 1411 5389 Mur
1431 5320 1594 5380 idem.
1610 5321 1736 5389 πρό-

161 5404 341 5470 κριμα
363 5390 536 5469 ποιεῖν
742 5390 1154 5512 τῇῃοίκουμένῃ.
1181 5388 1368 5460 Πολλῷ
1395 5389 1504 5458 γάρ
1536 5388 1733 5470 χρόνῳ,

163 5459 506 5513 intermedtts
534 5473 777 5514 omissus.
856 5476 1010 5522 emus
1042 5460 1174 5514 Ibid.
1202 5470 1320 5522 post
1347 5460 1560 5522 πάσης,
1584 5460 1737 5515 addit

163 5459 506 5539 initerntediis
534 5459 777 5541 omissis.
802 5459 1011 5541 Regius
1042 5459 1174 5514 ibid.
1202 5460 1560 5583 pos+.1rdtcnq,
1584 5460 1731 5515 addit

161 5547 261 5616 της
281 5528 367 5616 ‘a'b
398 5528 793 5616 aliisietledttis
824 5528 1276 5616 omissudeem
1346 5529 1594 5598 heodor.,
1629 5545 1731 5600 pro

163 5599 503 5668 ἁντιλέγωσι,
533 5599 694 5655 habet
715 5600 1073 5668 ἀντιλέγουσι.
1156 5649 1160 5652 .
1646 5599 1649 5600 ⁷

231 5671 345 5742 (93)
387 5668 465 5725 Ex
497 5667 766 5728 Theodor.
805 5670 901 5724 σύν
930 5670 1202 5729 addimus.
1238 5679 1297 5726 ut
1324 5678 1377 5726 et
1399 5669 1558 5726 vertit
1582 5668 1726 5725 Nan-

1759 4641 1806 4695 D

1835 2032 2064 2091 tentem,
2095 2024 2344 2080 omnium
2375 2025 2677 2082 visibilium
2705 2037 2758 2083 ct
2792 2030 3149 2086 invisibilium
3180 2031 3402 2088 eﬂecto-

1835 2129 1950 2167 rem
1984 2132 1998 2168 :
2027 2121 2082 2168 et
2115 2113 2170 2167 in
2203 2129 2372 2168 unum
2415 2113 2709 2171 Dominum
2737 2116 2922 2174 Jesum
2967 2118 3270 2184 Christum,
3309 2118 3402 2174 Fi-

1834 2205 1970 2260 lium
1999 2203 2097 2260 Dei
2130 2205 2370 2276 genitum
2401 2221 2468 2261 ex
2497 2205 2659 2262 Patre
2698 2207 3058 2278 unigenitum,
3096 2209 3148 2263 id
3209 2219 3292 2266 est
3332 2227 3400 2266 ex

1835 2294 2141 2350 substantia
2167 2292 2364 2358 Patris,
2401 2293 2571 2349 Deum
2605 2311 2669 2349 ex
2703 2295 2834 2363 Deo,
2864 2296 3046 2352 lumen
3074 2312 3140 2352 ex
3169 2297 3398 2365 lumine,

1837 2383 2008 2440 Deum
2041 2400 2229 2441 verum
2257 2401 2324 2440 ex
2357 2384 2469 2441 Deo
2499 2401 2650 2452 vero,
2694 2387 2934 2458 genitum
2967 2429 2982 2453 ,
3017 2404 3125 2442 non
3170 2388 3396 2454 factum,

1835 2476 2356 2532 consubstantialem
2413 2476 2599 2545 Patri,
2649 2493 2745 2548 per
2799 2494 2961 2546 quem
3020 2479 3202 2534 omnia
3257 2480 3400 2536 facta

1835 2575 1983 2636 sunt,
2013 2569 2128 2624 sive
2152 2583 2273 2638 qua:
2303 2568 2358 2622 in
2388 2569 2547 2636 coelo,
2568 2570 2682 2625 sive
2713 2585 2834 2640 quae
2864 2571 2918 2624 in
2950 2580 3093 2625 terra
3110 2579 3273 2638 sunt;
3300 2573 3396 2641 qui

1835 2669 2059 2730 propter
2081 2673 2182 2714 nos
2209 2659 2462 2716 homines
2484 2672 2538 2716 et
2565 2668 2787 2730 propter
2815 2659 2980 2733 625.
3017 2670 3263 2717 nostram
3305 2678 3398 2718 sa-

1836 2751 2004 2806 lutem
2029 2751 2349 2816 descendit,
2393 2759 2446 2807 et
2479 2751 2794 2808 incarnatus
2822 2761 2937 2818 est,
2965 2761 3016 2807 et
3036 2752 3200 2808 homo
3225 2753 3400 2809 factus

1837 2849 1942 2906 est,
1985 2855 2182 2910 passus
2212 2849 2316 2906 est,
2343 2827 2397 2895 et
2419 2841 2720 2896 resurrexit
2739 2841 2898 2895 tertia
2925 2841 3034 2904 die,
3076 2850 3130 2895 et
3156 2843 3403 2898 ascendit

1840 2932 1894 2984 in
1939 2931 2128 2996 caelos,
2174 2945 2238 2986 ac
2258 2939 2523 2986 venturus
2555 2938 2638 2986 est
2667 2931 2734 2985 ad
2764 2930 3117 3000 iudicandum
3149 2931 3303 2987 vivos
3349 2942 3406 2988 et

1837 3033 2105 3077 mortuos.
2146 3020 2212 3076 Et
2233 3021 2288 3076 in
2322 3022 2587 3092 Spiritum
2623 3031 2892 3078 sanctum.
2924 3021 3048 3078 Illos
3074 3033 3254 3078 autem
3302 3026 3397 3095 qui

1836 3111 2049 3176 dicunt,
2102 3110 2228 3167 Fuit
2275 3111 2569 3182 aliquando
2593 3127 2718 3166 cum
2751 3128 2861 3168 non
2891 3121 3057 3178 esset,
3103 3123 3178 3181 et,
3208 3113 3404 3170 Prius-

1848 3218 2013 3273 quam
2053 3204 2208 3258 ﬁeret
2229 3218 2339 3257 non
2374 3211 2514 3268 erat,
2550 3211 2625 3268 et,
2656 3203 2736 3256 Ex
2769 3203 2940 3256 nihilo
2982 3202 3159 3260 factus
3186 3213 3289 3272 est,
3319 3205 3405 3260 vel

1761 3283 1804 3339 C
1839 3293 1934 3362 qui
1980 3308 2046 3347 ex
2093 3293 2198 3347 alia
2254 3292 2540 3363 hypostasi
2601 3301 2696 3346 aut
2743 3294 3048 3349 substantia
3095 3310 3217 3350 esse
3247 3334 3262 3360 ,
3314 3297 3402 3351 vel

1837 3388 2086 3436 creatum
2117 3396 2238 3438 esse
2279 3391 2374 3436 aut
2401 3383 2602 3437 mutari
2634 3391 2729 3438 aut
2768 3387 3012 3440 converti
3043 3401 3201 3455 posse
3245 3387 3404 3444 aiuns

1831 3470 2030 3526 Filium
2076 3471 2194 3538 Dei,
2247 3475 2594 3528 anathemate
2625 3473 2750 3529 ferit
2789 3475 3056 3530 catholica
3096 3485 3151 3531 et
3179 3485 3400 3547 aposto-

1832 3565 1934 3618 lica
1966 3563 2228 3619 Ecclesia.

1902 3675 1955 3728 4.
1989 3674 2046 3728 In
2074 3674 2176 3729 hac
2205 3674 2335 3741 fide,
2371 3673 2634 3746 Auguste,
2661 3683 2923 3746 tanquam
2953 3678 3136 3733 divina
3170 3689 3225 3734 et
3263 3695 3395 3750 apo-

1832 3771 2045 3835 stolica,
2091 3785 2281 3825 omnes
2337 3785 2558 3825 necesse
2605 3778 2686 3826 est
2733 3787 3073 3840 permanere,
3119 3789 3220 3829 nec
3253 3775 3398 3830 ullus

1833 3878 1952 3917 eam
1988 3862 2280 3917 subtilibus
2332 3861 2678 3918 sermonibus
2716 3871 2771 3918 et
2818 3865 3260 3920 contentionibus
3294 3866 3398 3920 im-

1833 3965 2046 4011 mutare
2073 3955 2251 4023 debet,
2287 3956 2364 4010 uti
2399 3955 2576 4010 fecere
2612 3955 2819 4018 Ariani,
2849 3955 2942 4025 qui
2971 3955 3172 4012 Filium
3202 3957 3296 4013 Dei
3328 3974 3396 4014 ex

1833 4047 2004 4102 nihilo
2037 4061 2160 4102 esse
2187 4047 2361 4110 aiunt,
2394 4044 2672 4115 fuisseque
2706 4044 2997 4114 aliquando
3027 4061 3150 4101 cum
3181 4063 3288 4103 non
3317 4064 3399 4103 es-

1832 4149 1939 4202 set,
1963 4149 2322 4209 creatumque
2351 4148 2405 4192 et
2448 4138 2654 4193 factum
2685 4153 2750 4192 ac
2779 4138 3096 4193 mutabilem
3127 4155 3266 4195 esse.
3307 4140 3396 4195 Si-

1832 4232 2057 4300 quidem
2093 4231 2318 4298 idcirco,
2367 4231 2445 4285 uti
2493 4246 2658 4299 supra
2691 4231 3147 4298 commonuimus,
3181 4231 3397 4289 Nicaena
3426 4279 3429 4282 .

1833 4324 2077 4393 synodus
2131 4321 2448 4392 hujusmodi
2506 4321 2740 4375 haeresin
2803 4322 3148 4377 anathemate
3203 4324 3401 4378 multa-

1833 4416 1928 4482 vit,
1955 4423 2010 4471 et
2059 4415 2218 4470 fidem
2257 4414 2504 4469 veritatis
2538 4413 2792 4469 confessa
2823 4423 2925 4470 est.
2972 4413 3084 4470 Nec
3114 4416 3257 4470 enim
3307 4416 3397 4470 Fi-

1831 4509 1963 4562 lium
2018 4506 2166 4561 Patri
2205 4523 2330 4562 esse
2385 4507 2619 4562 similem
2655 4507 3030 4562 tantummodo
3063 4507 3269 4574 dixere,
3326 4526 3396 4564 ne

1835 4691 1980 4753 nius,
2010 4698 2172 4775 atque
2201 4689 2272 4743 ita
2298 4689 2596 4775 legendum.
2616 4701 2736 4775 esse
2761 4695 2905 4757 patet
2936 4688 3274 4775 exnseqttenti
3305 4703 3402 4775 vo.-

1834 4777 1916 4822 ce,
1947 4756 2340 4828 γινώσκουσαν.
2358 4756 2532 4828 'quam
2584 4756 2786 4813 habent
2825 4773 2955 4814 mss.
2983 4756 3120 4827 Reg.
3144 4773 3206 4812 ac
3232 4757 3396 4812 Basil.

1835 4846 1958 4884 cum
1989 4828 2259 4884 Theodor.
2295 4828 2473 4883 Editio
2495 4836 2672 4882 autem
2704 4827 2917 4882 Comm.
2947 4842 3069 4882 cum
3105 4827 3342 4882 Felckm.
3371 4828 3401 4882 7

1835 4901 1998 4955 habet
2035 4898 2414 4968 γινώσκουσιν.
2451 4899 2725 4968 Attamen,
2760 4899 2858 4968 σήν
2899 4897 3053 4952 deest
3081 4909 3134 4968 et
3166 4898 3220 4952 in
3264 4915 3396 4951 mss.

1835 4979 1890 5025 et
1927 4971 1980 5024 in
2009 4967 2188 5024 editis.
2223 4968 2392 5024 Paulo
2421 4979 2545 5038 post
2586 4967 2694 5020 τῶν
2741 4967 2865 5022 ante
2911 4967 3223 5020 ἐπισκόπων
3251 4968 3398 5021 deest

1835 5041 1889 5112 in
1920 5039 2107 5112 Regio.
2145 5038 2415 5112 Theodor.
2458 5039 2620 5093 habet
2655 5039 2759 5091 ὐπὸ
2781 5039 3109 5092 τριακοσίων
3146 5038 3280 5092 δέκα
3309 5040 3413 5092 καὶ

1833 5109 1978 5164 ὀκτὼ
2009 5109 2342 5164 ἐπισκόπων.

1903 5178 2162 5250 (94ΜΤόν
2190 5181 2342 5236 abest
2369 5195 2398 5234 a
2425 5178 2592 5250 Regio
2620 5189 2674 5232 et
2703 5177 2974 5234 Theodor.

1908 5249 2020 5319 (95)
2060 5250 2170 5315 Καί
2199 5252 2348 5306 deest
2380 5251 2433 5304 in
2459 5249 2729 5319 Theodor.

1907 5317 2018 5392 (96)
2059 5319 2356 5392 ’[Ιιεοάοτη
2385 5318 2551 5392 είςτὸ
2576 5319 2730 5392 ἅγιον
2763 5317 3004 5392 Πνεῦμα.

1913 5387 2041 5463 (97)
2067 5389 2363 5463 Theodor.,
2393 5392 2426 5461 ἡ
2451 5388 2590 5463 ἀγία
2619 5387 2713 5442 καὶ
2750 5387 3009 5463 καθολικὴ
3045 5387 3160 5463 καί,
3187 5395 3316 5452 etc.,
3335 5396 3421 5463 _el-

1843 5477 1988 5526 mox,
2008 5459 2733 5531 θεοφιλέστατελῦγουστε.
2765 5459 2926 5515 Deest
2957 5459 3012 5514 in
3051 5459 3240 5514 eodem
3277 5459 3401 5516 πάντ

1839 5548 1956 5584 τας.

1910 5549 2028 5672 (98)-
2063 5599 2228 5670 Idem,
2249 5603 2385 5673 ὅπερ
2418 5599 2678 5677 ἐποίησαν
2710 5599 2766 5669 ἐξ
2793 5601 2965 5673 ἀρχῆς
2990 5601 3060 5664 οἱ,
3087 5608 3192 5656 etc.
