3824 6224
396 318 505 378 819
970 316 1031 374 S.
1071 311 1448 371 ATHANASII
1487 311 1639 370 OPP.
1680 311 1863 368 PARS
1897 309 1938 366 1.
1979 341 2049 354 -
2085 309 2462 369 HISTOBICA
2497 310 2588 368 ET
2624 309 3048 368 DOGMATICA.
3558 313 3668 370 820

397 442 652 500 videlicet
700 439 899 498 similis
943 438 1212 494 duntaxat
1243 409 1359 492 Deo
1396 442 1684 506 putaretur
1716 453 1731 490 :
1775 435 1870 491 sed
1910 443 1970 488 ut

2114 451 2138 487 It
2154 431 2289 487 Θεοῦ
2302 433 2432 496 Θεὸς
2448 431 2702 504 ἀληθινὸς
2721 431 3064 504 πιστεύηταιο
3082 429 3197 485 ἀλλ’
3208 428 3494 501 όμοούσιος
3504 429 3570 499 ἔγ
3578 448 3667 503 ρα-

395 550 562 591 verus
592 549 660 590 ex
714 532 828 590 Deo
879 531 1025 588 Deus
1057 545 1187 588 esse
1230 529 1584 596 crederetur,
1637 529 1976 598 scripserunt

396 625 921 685 consubstantialem
962 638 1108 688 esse,
1141 624 1291 696 quod
1339 621 1559 694 quidem
1587 621 1808 692 proprie
1843 636 1976 677 con-

394 720 547 775 venit
572 733 836 790 germano
861 726 915 773 et
944 731 1078 772 vero
1098 715 1238 772 Filio
1257 715 1372 770 veri
1401 724 1456 769 et
1478 714 1746 770 naturalis
1770 712 1972 768 Patris.

387 809 587 882 Neque
639 810 806 866 etiam
861 807 1126 879 Spiritum
1175 816 1426 864 sanctum
1465 821 1498 861 a
1533 804 1692 861 Patre
1739 811 1795 860 et
1835 804 1976 860 Filio

393 900 734 971 disjunxere,
761 899 858 956 sed
882 899 1038 954 illum
1069 899 1254 970 potius
1301 913 1410 954 una
1455 913 1581 954 cum
1617 897 1777 955 Patre
1799 906 1854 952 et
1885 896 1978 952 Fi-

395 996 472 1049 lio
500 993 914 1064 gloriﬁcavere,
967 992 1025 1048 in
1073 1008 1187 1050 una
1243 1000 1448 1048 sanetae
1479 990 1769 1046 Trinitatis
1819 989 1926 1048 [ide
1955 1028 1973 1054 ,

391 1085 523 1156 quia
565 1100 761 1156 nempe
809 1099 919 1140 una
955 1084 1124 1140 estin
1159 1082 1359 1138 saecula
1392 1080 1661 1137 Trinitate
1687 1081 1970 1136 divinitas.

393 1196 595 1256 Petilio
630 1200 699 1252 ad
746 1197 1038 1255 Iovianum
1075 1197 1448 1264 imperatorem
1492 1195 1788 1250 Antiochia:
1829 1194 1976 1262 facta

469 1286 503 1323 a
538 1268 724 1332 Lucio,
760 1268 1080 1322 Berniciano
1105 1306 1120 1330 ,
1153 1275 1205 1320 et
1235 1266 1358 1320 aliis
1385 1265 1702 1336 quibusdam
1754 1265 1975 1320 Arianis

465 1348 654 1394 contra
681 1339 1034 1393 Athanasium
1067 1337 1369 1408 episcopum
1407 1336 1762 1391 Alexandriae.

404 1519 590 1579 Prima
616 1523 806 1592 petitio
841 1539 1005 1595 quam
1039 1521 1286 1595 fecerunt
1307 1565 1322 1589 ,
1351 1524 1680 1587 imperatore
1721 1523 1776 1595 in
1827 1536 1979 1579 cam-

598 1610 728 1665 pum
755 1594 1108 1664 concedente,
1133 1594 1194 1652 in
1219 1605 1377 1668 porta
1410 1594 1764 1652 Romanensi.
1819 1669 1830 1679 _

481 1709 760 1783 Rogamus
805 1712 1103 1782 potentiam
1152 1717 1336 1778 tuam,
1375 1710 1666 1780 imperium
1715 1718 1873 1765 tuum
1923 1715 1980 1764 et

2075 524 2202 595 ψαν,
2235 526 2373 597 ὅπερ
2407 523 2539 578 ίδιον
2577 519 2646 596 ἧν
2679 523 2903 594 γνησίου
2937 521 3046 595 (99)
3079 521 3176 576 καὶ
3220 521 3475 594 ἀληθινοῦ
3504 521 3664 586 Υἱοῦ,

2076 616 2331 687 ἀληθινοῦ
2368 617 2463 670 κα).
2505 616 2666 686 φύσει
2710 614 2806 669 τοῦ
2845 615 3083 687 Πατρός.
3139 614 3280 668 Ἀλλ’
3322 613 3448 668 οὐδὲ
3479 613 3666 685 ἀπηλ-

2075 709 2374 780 λοτρίωσαν
2404 707 2466 761 τὸ
2498 705 2726 776 Πνεῦμα
2761 705 2824 758 τὺ
2855 705 3009 774 ἅγιον
3040 703 3151 757 ἀπὸ
3184 702 3281 758 τοῦ
3319 702 3539 776 Πατρδς
3571 702 3668 757 καὶ

2076 802 2170 856 τοῦ
2202 800 2357 866 Υἱοῦ,
2402 800 2540 856 ἀλλά
2588 799 2788 872 μᾶλλον
2823 797 3180 864 συνεδόξασαν
3213 797 3347 852 αὐτὸ
3372 797 3453 868 τῷ
3486 796 3667 868 Πατρὶ

2077 893 2272 964 καὶτῷ
2296 893 2411 966 Υίῷ
2433 894 2490 947 ἐν
2523 895 2590 966 τῇ
2622 894 2722 967 μιᾷ
2751 891 2853 964 τῆς
2881 891 3040 960 ἁγίας
3076 891 3309 963 Τριάδος
3336 890 3547 959 πίστει,
3576 889 3667 944 διὰ

2075 985 2137 1039 τὸ
2165 986 2260 1040 καὶ
2286 985 2414 1056 μίαν
2443 979 2582 1040 εἶναι
2623 987 2682 1038 ὲν
2712 986 2778 1060 τῇ
2815 983 2946 1057 ἀγίᾳ
2974 983 3164 1056 Τριάδι
3197 981 3450 1056 θεότητα.

2093 1207 2404 1289 Ἐντυχία-
2428 1207 2726 1277 γενομένη
2773 1205 2851 1330 (ll)
2903 1205 2983 1260 ἐν’
3023 1203 3345 1273 Ἀντιοχείᾳ
3395 1202 3670 1284 Ἰοέϐιανφ

2147 1279 2418 1330 Βασιλει.
2458 1277 2620 1330 παρὰ
2657 1283 2818 1330 Λουκ
2846 1294 2918 1330 ου
2958 1275 3059 1330 καὶ
3098 1277 3488 1330 Βεονικιανου
3509 1311 3528 1330 .
3570 1271 3669 1328 καὶ

2145 1271 2418 1344 βασιλεῖ,
2437 1271 2620 1345 ’παρὰ
2657 1271 2918 1331 Λουκίου
2958 1275 3059 1330 καὶ
3098 1271 3488 1342 Rapiatur-017
3509 1311 3528 1334 .
3570 1271 3669 1345 καὶ

2147 1342 2367 1417 ἐτέρων
2404 1342 2599 1403 τινῶν
2665 1345 2976 1415 Ἆρειανῶν
3005 1384 3021 1411 ,
3092 1345 3245 1400 κατὰ
3305 1342 3668 1398 Ἁθανασίου

2145 1419 2486 1475 ἐπισκόπου
2531 1417 3009 1486 Ἀλεξανδρείας.

2077 1531 2126 1584 Π
2311 1531 2555 1603 ἐντυχία,
2575 1530 2642 1603 ἢν
2675 1531 3020 1603 ἐποιήσαντο,
3043 1527 3420 1603 ἀπερχομένου
3443 1524 3546 1603 tofi
3574 1524 3669 1597 βας

2149 1596 2342 1666 σιλέὼς
2373 1596 2704 1673 εἰς’κάμπον
2731 1603 2789 1656 ὲν
2816 1596 2883 1674 τῇ
2928 1596 3283 1671 Ῥωμανησίᾲ
3305 1597 3452 1672 πύλῃ
3475 1596 3580 1670 (2).

2149 1716 2395 1787 Δεόμεθά
2421 1734 2516 1772 σου
2543 1716 2640 1771 τοῦ
2677 1716 2933 1791 κράτους,
2977 1715 3074 1769 καὶ
3112 1714 3208 1768 τοῦ
3239 1712 3514 1784 βασιλείου
3551 1728 3670 1778 σου,

413 1804 672 1876 pietatem
702 1813 877 1873 tuam,
923 1813 987 1860 ut
1016 1819 1119 1860 nos
1168 1803 1381 1860 audias.
1439 1805 1743 1873 Imperator
1794 1800 1974 1857 dixit:

2114 1806 2175 1860 αὶ
2206 1806 2308 1878 τῆς
2340 1807 2623 1872 εὐσεϐείας
2661 1789 2791 1875 σου,
2835 1807 3068 1862 ἄκουσον
3099 1805 3280 1878 ἡμῶν.
3321 1805 3381 1860 'O
3413 1802 3675 1873 βασιλεὺς

392 1897 631 1975 Quinam
691 1896 869 1964 estis,
919 1905 975 1952 et
1033 1896 1221 1954 unde?
1260 1895 1685 1966 Responderunt
1735 1894 1972 1950 Ariani:

392 1988 719 2057 Christiani,
757 1989 998 2046 domine.
1040 1987 1341 2059 Imperator
1379 1988 1564 2043 dixit:
1609 1986 1768 2043 Unde
1809 1996 1866 2042 et
1907 2001 1976 2042 ex

391 2098 502 2153 qua
547 2081 808 2138 civitate?
858 2080 1050 2136 Ariani
1102 2080 1399 2136 dixerunt:
1444 2078 1525 2134 Ex
1580 2079 1973 2135 Alexandrina.

393 2177 701 2245 Imperator
755 2172 894 2228 dixit
924 2190 939 2226 :
991 2170 1135 2238 Quid
1189 2170 1411 2226 vultis?
1447 2170 1640 2224 Ariani
1672 2169 1973 2226 dixerunt:

395 2263 676 2337 Rogamus
709 2264 1012 2335 potentiam
1070 2272 1223 2319 tuam
1271 2271 1329 2318 et
1376 2262 1669 2332 imperium
1724 2270 1882 2316 tuum
1915 2269 1976 2315 ut

392 2357 492 2419 des
524 2356 685 2417 nobis
716 2356 1055 2429 episcopum.
1083 2353 1386 2426 Imperator
1412 2355 1554 2410 dixit
1586 2372 1602 2409 :
1632 2352 1782 2412 Jussi
1815 2355 1968 2426 prio-

391 2465 510 2510 rem
550 2464 716 2521 quem
763 2447 1031 2511 habuistis
1066 2446 1430 2509 Athanasium
1466 2446 1521 2500 in
1558 2446 1758 2503 throno
1805 2446 1976 2502 collo—

391 2539 530 2604 cari.
559 2539 752 2602 Ariani
797 2539 1100 2602 dixerunt;
1137 2538 1417 2609 Rogamus
1454 2537 1756 2607 potentiam
1789 2547 1965 2606 tuam,

388 2632 504 2705 iam
543 2631 734 2695 multis
770 2632 932 2691 annis
965 2630 1124 2691 exsul
1151 2639 1208 2694 et
1231 2638 1525 2689 accusatus
1551 2639 1662 2686 est.
1691 2629 1845 2686 Miles
1874 2631 1975 2685 de-

390 2733 620 2795 repente
665 2732 976 2783 oommotus
1019 2721 1302 2793 respondit
1341 2740 1354 2776 :
1393 2719 1635 2778 Obsecro
1681 2721 1974 2792 imperium

390 2823 575 2882 tuum,
603 2828 668 2876 ut
714 2815 832 2885 ipse
880 2814 1131 2886 inquiras
1159 2813 1407 2883 'quinam
1462 2820 1519 2868 et
1564 2811 1710 2869 unde
1741 2813 1872 2868 sint.
1904 2809 1976 2866 Hi

393 2907 544 2962 enim
580 2916 710 2964 sunt
743 2905 972 2976 abjeCta:
1015 2905 1266 2976 reliquias
1299 2903 1662 2978 Cappadociae
1683 2945 1700 2972 ,
1751 2903 1972 2960 residua

393 2996 632 3068 improbi
674 2995 822 3055 illius
861 2993 1115 3066 Georgii,
1161 2994 1258 3065 qui
1301 2994 1578 3050 civitatem
1619 3003 1676 3050 et
1702 2995 1971 3051 mundum

391 3086 669 3187 desertum
703 3086 1004 3187 reddidere.
1032 3084 1130 3148 His
1171 3085 1374 3187 auditis
1420 3085 1720 3156 imperator
1768 3101 1971 3159 equum
2001 3128 2044 3187 Ω

394 3177 703 3243 calcaribus
731 3176 1047 3242 concitavit,
1082 3184 1135 3233 et
1157 3175 1291 3232 abiit
1321 3176 1378 3238 in
1406 3191 1686 3248 campum.

764 3365 1009 3424 Secunda
1043 3368 1228 3439 petitio
1257 3370 1603 3426 Arianorum.

466 3458 863 3517 Accusatioues
922 3468 979 3516 et
1037 3461 1388 3531 probationes
1441 3462 1710 3519 habemus
1787 3472 1980 3520 contra

394 3554 784 3623 Athanasium,
832 3554 928 3626 qui
967 3563 1095 3610 ante
1143 3554 1328 3611 decem
1365 3564 1420 3611 et
1463 3556 1658 3626 viginti
1691 3571 1868 3614 annos
1911 3557 1981 3613 ab

396 3655 615 3708 aeternae
637 3646 917 3702 memoriae
937 3645 1303 3705 Constantino
1329 3655 1382 3702 et
1402 3646 1726 3703 Constantio
1750 3648 1805 3702 in
1836 3649 1982 3704 exsi-

401 3740 536 3802 lium
571 3739 765 3809 pulsus
791 3748 875 3794 est
906 3756 920 3799 :
960 3737 1029 3793 Et
1049 3738 1155 3795 sub
1189 3738 1294 3794 deo
1323 3738 1704 3804 dilectissimo,
1736 3740 1982 3810 philoso-

399 3831 543 3904 phia:
576 3829 984 3890 studiosissimo
1017 3869 1034 3896 ,
1085 3839 1142 3886 et
1193 3831 1514 3888 beatissimo
1569 3830 1790 3887 Juliano
1849 3833 1980 3889 item

399 3923 694 3980 exsulavit.
728 3921 1029 3993 Imperator
1057 3922 1197 3978 dixit
1227 3940 1242 3977 :
1269 3921 1390 3983 Jam
1433 3923 1814 3993 praeterierunt
1855 3939 1982 3994 qua:

401 4022 530 4074 ante
580 4013 886 4080 decimum,
921 4013 1245 4071 vicesimum
1287 4022 1343 4069 et
1387 4013 1728 4070 tricesimum
1775 4029 1979 4070 annum

397 4107 664 4172 institutae
694 4115 825 4162 sunt
851 4105 1252 4166 accusationes.
1287 4103 1365 4160 Ne
1415 4106 1553 4162 mihi
1582 4106 1651 4160 de
1675 4106 1980 4162 Athanasio

398 4199 598 4268 dicatis
626 4218 642 4254 :
679 4201 798 4255 scio
829 4199 976 4255 enim
1007 4199 1368 4270 quamobrem
1398 4208 1696 4260 accusatus
1727 4208 1781 4254 et
1806 4215 1981 4270 quare

399 4291 743 4369 proscriptus
768 4290 861 4350 sit.

715 4380 878 4455 625
902 4379 1082 4440 Tertia
1101 4381 1286 4451 petitio
1316 4381 1661 4438 Arianorum.
1732 4438 1738 4444 ,

2076 1893 2232 1953 εἶπεν
2250 1913 2265 1928 ⁶
2297 1899 2456 1964 Τίνες
2484 1900 2630 1968 ἐστὲ,
2658 1900 2756 1955 καὶ
2777 1899 2941 1954 πόθεν
2966 1917 2982 1967 ;
3009 1900 3073 1954 Oi
3102 1896 3370 1971 ’Apstavo't
3395 1891 3556 1951 εἷπον
3572 1895 3670 1969 (5)’

2075 1989 2272 2062 Κύριε,
2308 1991 2651 2062 Χριστιανοί.
2689 1992 2751 2046 'O
2782 1991 3038 2064 βασιλεὺς
3071 1984 3194 2044 εἷπε
3223 2005 3238 2020 ·
3273 1987 3448 2042 Πόθεν
3480 1988 3581 2042 καὶ
3608 1989 3674 2044 ὲκ

2075 2083 2237 2146 ποίας
2268 2083 2512 2150 πόλεως;
2559 2086 2624 2138 Οἱ
2672 2084 2941 2156 Ἀρειανοὶ
2986 2080 3142 2138 εἶπον
3170 2099 3184 2113 ·
3233 2079 3670 2153 Ἀλεξανδρείας.

2087 2175 2146 2228 '0
2181 2174 2434 2246 βασιλεὺς
2461 2170 2581 2229 εἷπε
2607 2193 2622 2207 ο
2652 2176 2718 2230 Τί
2748 2175 3004 2246 βούλεσθε
3036 2174 3110 2246 (4)
3143 2190 3157 2241 ;
3183 2171 3251 2229 Οἱ
3287 2173 3564 2246 Ἀρειανο).
3593 2169 3672 2226 εἷ-

2076 2283 2210 2321 πον⁹
2252 2267 2499 2340 Δεόμεθά
2533 2285 2628 2322 σου
2676 2267 2770 2322 τοῦ
2818 2269 3058 2339 κράτους
3102 2268 3198 2322 καὶ
3243 2265 3338 2320 τοῦ
3389 2265 3671 2338 βασιλείου

2077 2376 2194 2428 σου,
2219 2361 2518 2414 ἐπίσκοπον
2552 2362 2685 2433 ἡμῖν
2721 2360 2829 2425 δός.
2879 2361 2938 2414 Ὁ
2980 2359 3234 2431 βασιλεὺς
3273 2354 3428 2412 εἶπεν
3450 2374 3466 2389 ·
3515 2356 3674 2416 Ἐκέο

2075 2456 2242 2509 λευσα
2275 2455 2368 2510 τὸν
2397 2455 2684 2527 πρότερον,
2715 2455 2886 2526 ὅνπερ
2919 2453 3093 2524 εἴχετε
3118 2451 3180 2506 τὸ
3218 2451 3484 2523 πρότερον
3514 2449 3674 2502 Ἀθαο

2074 2547 2280 2607 νάσιον,
2323 2544 2650 2611 καθέζεσθαι.
2699 2548 2756 2600 ὲν
2809 2546 2888 2615 τῷ
2922 2544 3120 2616 θρόνῳ.
3170 2544 3235 2598 Οἱ
3272 2541 3542 2614 Ἀρειανοὶ
3594 2536 3668 2594 εἷ-

2075 2657 2176 2695 πον
2210 2640 2285 2712 (5)
2307 2656 2321 2672 °
2347 2640 2594 2712 Δεόμεθά
2617 2657 2711 2692 σου
2757 2636 2852 2692 τοῦ
2879 2636 3118 2711 κράτους
3140 2650 3155 2664 ⁶
3185 2636 3282 2689 καὶ
3309 2635 3368 2688 ὲν
3391 2631 3672 2704 ὲξορισμῷ

2077 2733 2173 2786 κα).
2207 2735 2266 2787 ὲν
2295 2732 2601 2805 κατηγορίᾳ
2628 2731 2776 2785 ἐστὶν
2809 2728 2904 2800 ἐτη
2942 2727 3135 2785 πολλά.
3185 2725 3536 2798 Στρατιώτης
3584 2723 3673 2792 ἐξ-

2077 2820 2275 2892 αίφνης
2305 2818 2557 2890 ζηλώσας
2589 2818 2926 2889 ἀπεκρίνατο
2946 2833 2962 2850 ο
3001 2815 3204 2888 Δέομαί
3256 2833 3348 2869 σου
3380 2814 3475 2868 τοῦ
3509 2815 3670 2886 βασιο

2076 2909 2244 2975 λείου,
2276 2910 2438 2974 αὐτὸς
2476 2908 2753 2975 ἐξέτασον,
2786 2907 2934 2971 τίνες
2982 2906 3121 2970 εἰσὶ,
3157 2905 3251 2959 καὶ
3282 2902 3469 2958 πόθεν.
3506 2898 3671 2958 Οὗτοι

2075 3002 2186 3074 γάρ
2213 3004 2319 3057 εἰσι
2350 3001 2421 3056 τά
2449 3001 2679 3072 λείψανα
2713 3001 2809 3054 καὶ
2844 3001 2879 3075 ή
2913 2996 3200 3075 παραϐολὴ
3227 2999 3328 3068 τῆς
3364 2995 3669 3049 Καππαδο-

2076 3093 2220 3158 κίας,
2239 3093 2309 3147 τά
2332 3093 2599 3153 ὑπόλοιπα
2615 3090 2706 3146 τοῦ
2723 3089 2938 3145 ἀνοσίου
2955 3088 3166 3143 ἐκείνου
3189 3087 3487 3160 Γεωργίου,
3505 3088 3553 3140 οἱ
3569 3085 3671 3158 τὴν

2081 3186 2236 3238 πόλιν
2251 3184 2445 3239 καὶτὸν
2461 3183 2664 3254 κόσμον
2680 3184 2778 3255 ὲρη
2787 3182 3084 3252 μώσαντες.
3103 3180 3364 3244 Ἀκούσας
3374 3182 3402 3234 ὁ
3414 3179 3671 3251 βασιλεὺς

2081 3278 2368 3352 ὲπτέρνισε
2402 3277 2493 3333 τὸν
2540 3278 2726 3344 ἵππον,
2769 3277 2865 3330 καὶ
2905 3277 3148 3347 ἀπῆλθεν
3182 3277 3263 3341 εἰς
3293 3275 3386 3330 τὸν
3425 3276 3665 3350 mpm.

2293 3369 2547 3438 Δευτέρα
2569 3369 2822 3438 ἑντυχία
2858 3368 2933 3438 (6)
2969 3367 3091 3424 τῶν
3125 3368 3454 3439 Ἀρειανῶν.

2153 3462 2505 3534 Κατηγορίας
2533 3461 2630 3515 κα)⁸
2671 3460 2975 3525 ἀποδείξεις
3019 3460 3214 3532 ἔχομεν
3258 3459 3404 3519 κατά
3440 3459 3672 3517 Ἀθανα-

2083 3560 2222 3625 σίου,
2252 3559 2401 3623 ὅστις
2431 3559 2537 3630 πρὸ
2569 3557 2704 3611 δέκα
2737 3558 2833 3612 καὶ
2865 3559 3070 3611 εἴκοσιν
3099 3555 3538 3635 ἐτῶνέχωρίσθη
3559 3556 3672 3611 ἀπὸ

2081 3648 2191 3704 τῶν
2221 3649 2566 3720 ἀειμνήστων
2592 3647 3009 3702 Κωνσταντίνου
3031 3646 3124 3700 καὶ
3145 3646 3551 3713 Κωνσταντίου,
3575 3647 3671 3700 καὶ

2081 3741 2176 3794 ἐπὶ
2219 3738 2313 3793 τοῦ
2362 3737 2776 3808 θεοφιλεστάτου
2808 3739 2904 3792 καὶ
2956 3738 3035 3810 (7)
3087 3739 3532 3808 φιλοσοφωτάτου
3577 3741 3672 3797 καὶ

2086 3829 2504 3909 μακαριωτάτου
2554 3829 2840 3883 Ἰουλιανοῦ
2869 3829 2994 3901 ἔσχε
3027 3830 3127 3902 τὴν
3155 3830 3416 3902 ὲξόρισιν.
3467 3832 3526 3886 'O
3574 3830 3672 3902 βα-

2085 3923 2266 3987 σιλεὺς
2299 3918 2454 3978 εἴπεν
2479 3940 2492 3953 ·
2522 3923 2589 3980 Ai
2625 3922 2731 3994 πρὸ
2757 3923 2888 3976 δέκα
2917 3923 3012 3976 καὶ
3039 3923 3110 3988 κ’,
3152 3924 3249 3978 καὶ
3276 3925 3320 3978 λ’
3351 3925 3489 3981 ἑτῶν
3537 3942 3674 3980 κατ-

2083 4013 2308 4086 ηγορίαι
2339 4013 2441 4084 ήδη
2473 4012 2755 4088 παρῆλθον
2774 4030 2787 4044 °
2807 4013 2962 4086 Ἐμοὶ
2999 4015 3073 4088 μὴ
3110 4014 3301 4084 λέγετε
3335 3995 3464 4089 περὶ
3506 4017 3671 4072 Ἀθασ-

2081 4107 2269 4161 νασίου
2293 4123 2306 4137 ο
2340 4102 2459 4162 οῖδα
2509 4105 2619 4178 γὰρ
2650 4105 2740 4160 διὰ
2786 4105 2840 4160 τί
2872 4108 3247 4181 κατηγορήθη,
3285 4110 3383 4164 καὶ
3420 4110 3543 4175 πῶς
3574 4108 3666 4175 ἐξ·

2083 4196 2314 4270 ωρίσθη.

2395 4399 2564 4468 Τρίτη
2605 4399 2855 4470 ἐντυχία
2884 4399 3003 4456 τῶν
3032 4400 3364 4471 Ἀρειανῶν.

471 4475 540 4539 Et
571 4491 720 4532 nunc
764 4475 962 4529 iterum
995 4474 1263 4544 quasdam
1305 4473 1441 4529 alias
1472 4474 1853 4533 accusationes
1879 4476 1974 4532 ha-

2154 4489 2268 4543 Κα).
2313 4488 2409 4544 νῦν
2459 4491 2624 4545 πάλιν
2676 4491 3254 4564 κατηγορίαςξέχομεν
3305 4492 3472 4558 ἄλλας
3516 4493 3672 4559 τινάς

397 4568 594 4629 bemus
619 4575 811 4621 contra
834 4565 1216 4621 Athanasium.
1251 4566 1553 4635 Imperator
1578 4565 1752 4622 dixit:
1774 4565 1893 4624 Non
1914 4583 1983 4624 ex

402 4659 636 4723 tumultu
661 4666 716 4719 et
746 4657 1098 4728 loquacitate,
1128 4657 1275 4727 quod
1307 4657 1518 4726 justum
1549 4667 1634 4718 est
1658 4661 1980 4731 apparebit:

405 4750 502 4811 sed
546 4748 728 4820 eligite
769 4747 911 4802 duos
949 4762 1017 4801 ex
1059 4747 1236 4812 vobis,
1269 4757 1324 4802 et
1366 4762 1432 4803 ex
1459 4748 1616 4818 plebe
1640 4750 1779 4807 duos
1819 4751 1979 4811 alios.

403 4839 625 4910 Nequeo
653 4838 798 4894 enim
822 4838 886 4893 ad
915 4837 1163 4908 singulos
1205 4848 1449 4894 vestrum
1479 4842 1828 4910 respondere.
1879 4844 1982 4911 Qui

397 4947 467 4994 ex
489 4931 642 5001 plebe
681 4937 840 4996 erant
877 4928 1170 4991 dixerunt;
1198 4928 1264 4982 Hi
1293 4937 1421 4984 sunt
1461 4930 1708 5000 reliquias
1745 4931 1982 5003 improbi

399 5021 640 5094 Georgii,
666 5021 761 5091 qui
793 5019 1130 5092 provinciam
1156 5029 1401 5078 nostram
1434 5021 1818 5090 devastarunt;
1851 5034 1906 5078 et
1926 5025 1983 5082 in

399 5117 714 5178 civitatibus
740 5114 951 5170 nullum
981 5113 1282 5184 permisere
1310 5112 1684 5168 consiliarium
1711 5115 1978 5172 habitare.

472 5314 584 5384 (99)
627 5313 796 5381 Idem,
813 5313 950 5368 ἀλλὰ
975 5313 1071 5368 καὶ
1094 5312 1378 5384 ὁμοούσιον
1405 5312 1671 5385 ἔγραψαν,
1693 5314 1829 5386 ὅπερ
1851 5315 1980 5374 ἴδιόν

397 5385 515 5448 ἔστι
549 5386 797 5455 γνησίου,
833 5395 937 5440 etc.

471 5456 552 5527 (1)
596 5455 818 5527 Betim.
849 5456 1133 5527 γινομένη·

473 5526 556 5596 (2)
597 5524 810 5596 Scripta
836 5524 987 5596 anno
1015 5524 1140 5582 565.

475 5592 555 5659 (5)
595 5592 818 5664 Regius,
847 5592 1030 5651 είπαν.

473 5665 552 5733 (4)
591 5662 795 5746 Ιξοεζίᾳε
820 5662 1200 5746 (ξοόοιλιΕίπεο
1221 5667 1296 5746 Τί
1312 5668 1601 5746 βούλεσθε;
1632 5673 1681 5746 οἱ
1713 5671 1977 5746 ᾎρειανοὶ

402 5731 582 5802 εἶπεν.
613 5731 780 5808 Ειίἱιὶ,
811 5731 952 5799 εἷπε·
980 5739 1046 5798 Τί
1078 5731 1366 5816 βούλεσθέ,
1411 5731 1673 5819 Ἀρειανοὶ
1697 5731 1868 5803 εἷπον.

2086 4581 2230 4636 κατά
2286 4581 2627 4637 Ἀθανασίου.
2669 4582 2730 4636 '0
2775 4581 3028 4653 βασιλεὺς
3056 4581 3245 4638 εἶπενο
3296 4585 3414 4640 Οὐκ
3461 4586 3530 4640 ὲκ
3568 4586 3670 4657 τῆς

2085 4671 2413 4742 πολυοχλίας
2444 4672 2539 4726 καὶ
2571 4673 2637 4726 ὲκ
2679 4671 2790 4725 τῶν
2831 4673 3317 4746 πολυφωνημάτων
3365 4676 3437 4731 τά
3481 4676 3672 4732 δίκαια

2087 4761 2416 4832 φανήσει-αι’
2447 4759 2564 4814 ἀλλ’
2606 4761 2641 4832 ἢ
2685 4760 2980 4828 ἐκλέξασθε
3008 4762 3102 4816 δύο
3127 4762 3189 4830 ἐξ
3220 4766 3452 4830 ἑαυτῶν,
3479 4768 3578 4820 καὶ
3603 4769 3675 4823 ὲκ

2084 4851 2195 4905 τῶν
2221 4849 2316 4902 τοῦ
2351 4849 2590 4922 πλήθους
2617 4849 2837 4922 ἑτέρους
2866 4851 2978 4905 δύο.
3014 4853 3090 4910 Οὐ
3121 4853 3232 4926 γὰρ
3264 4855 3499 4927 δύναμαι
3531 4857 3675 4931 πρὸς

2057 4943 2181 5002 ‘Eva
2211 4943 2442 4997 ἕκαστον
2468 4942 2622 5014 ὑμῶν
2659 4943 3073 5013 ἀποφαίνεσθαι.
3106 4947 3170 5000 Οἱ
3201 4950 3267 5001 ὲκ
3296 4947 3390 5002 τοῦ
3431 4950 3674 5022 πλήθους

2085 5030 2247 5088 εἶπαν
2271 5051 2285 5066 ο
2342 5028 2502 5088 Οὗτοί
2546 5036 2654 5088 εἰσι
2704 5035 2774 5090 τὰ
2804 5036 3030 5106 λείψανα
3070 5036 3147 5109 (8)
3179 5037 3289 5091 ἀπὸ
3327 5037 3425 5092 τοῦ
3454 5039 3673 5095 ἀνοσίου

2083 5126 2356 5199 Γεωργίου
2381 5125 2476 5180 τοῦ
2507 5125 2898 5199 ἐρημώσαντος
2923 5127 3024 5200 τὴν
3061 5128 3332 5202 ἐπαρχίαν
3363 5129 3542 5202 ήμῶν,
3577 5133 3674 5185 καὶ

2177 5301 2236 5392 ἕ)
2278 5321 2502 5393 Regius,
2528 5318 2711 5378 εἶπαν,

2180 5394 2236 5464 6)
2277 5393 2482 5464 Regius
2512 5395 2686 5464 prima
2717 5411 2904 5462 manu,
2935 5398 3208 5464 ὲντυχεία.

2081 5464 2386 5603 Βθῧὲθιςαε
2413 5464 2565 5520 deest
2607 5466 2662 5520 in
2693 5467 2858 5522 editis
2880 5477 2937 5523 et
2964 5469 3020 5523 in
3047 5464 3239 5537 Basil.,
3263 5469 3360 5525 sed
3389 5469 3593 5541 legitur
3613 5467 3671 5523 in

2149 5605 2228 5680 _(_8)
2269 5604 2452 5680 Editio
2501 5605 2690 5680 Basil._
2723 5616 2786 5680 et
2828 5607 3030 5680 Regius
3074 5610 3250 5680 prima
3297 5625 3486 5673 manu,
3514 5609 3569 5662 οἱ
3599 5609 3672 5664 τὰ

2078 5674 2335 5808 ἒῗὲςὲἒέἱ
2360 5677 2454 5734 sed
2485 5679 2536 5732 οἱ
2573 5677 2630 5734 in
2657 5677 2829 5751 Regio
2857 5674 3141 5750 abrasum,
3173 5696 3207 5744 ει
3240 5680 3400 5737 nobis
3450 5695 3670 5753 expun-

3818 437 3824 684 1
