3824 6224
305 163 326 171 ’
387 197 494 260 823
960 203 1018 260 s.
1057 181 1434 262 ﬁlmmsu
1467 183 1617 264 opp.
1648 207 1815 264 PARS

2138 210 2428 268 STORICA
2466 213 2564 270 ΕΤ·
2589 216 3010 277 DOGMATICA.
3523 227 3648 286 82‘

384 317 598 375 lunaiis
619 319 754 391 ipsis
771 330 1092 378 succenseat
1112 323 1206 394 qui
1236 332 1414 379 tecum
1443 325 1787 396 navigarunt,
1807 341 1894 395 qut

2136 327 2273 394 ύκιε,
2308 333 2337 386 ὁ
2368 333 2502 398 Θεὸς
2531 334 2624 390 τοῦ
2657 337 2886 411 κόσμου,
2930 342 3024 396 καὶ
3057 342 3318 416 κομήτης*
3331 343 3446 416 (16)
3477 346 3646 418 ἥλιος

385 425 498 466 non
535 419 590 468 te
615 411 668 466 in
684 413 849 484 626
871 429 1020 470 mare
1048 413 1400 484 abiecerunt:
1431 426 1486 472 et
1515 417 1671 472 navis
1698 417 1788 472 illa
1814 433 1895 471 nu:

2135 425 2150 476 ἱ
2184 425 2699 503 σελήνη,ὀργισθειη
2732 433 2915 498 αὐτοῖς
2946 411 3645 510 ὲκείνοίςντοῖςνὲιλπλέουξ

383 517 550 573 quam
598 507 653 558 in
701 513 978 574 posterum
1024 507 1281 563 secundis
1323 507 1539 564 fruatur
1581 508 1760 564 ventis
1800 524 1814 562 :
1854 523 1888 562 ιι

2130 534 2142 569 l
2169 517 2285 588 ἅμα
2312 537 2413 586 σοι,
2447 521 2528 575 ὅτι
2560 523 2660 577 οὐκ
2700 524 2932 598 Eppude
2963 544 3022 581 σε
3050 529 3132 592 εἰς
3167 529 3266 600 τὴν
3308 507 3588 586 θάλασσαν
3621 551 3640 565 υ

382 609 510 650 cum
551 595 755 666 iactata
789 595 1051 654 ﬂuctibus
1099 599 1239 667 erit,
1285 615 1412 657 cum
1451 599 1833 672 navigantibus
1885 617 1892 653 ε

2134 611 2152 664 ἱ
2177 613 2210 683 ή
2236 609 2368 677 ναῦς
2394 612 2452 667 δὲ
2489 614 2670 686 ἐκείνη
2823 595 2950 690 tam
2971 620 3051 683 εἰς
3075 619 3167 674 τὸν
3197 595 3415 676 άπαντσ.
3440 623 3644 695 χρόνον

381 696 601 758 portum
631 687 884 758 appellat.

2131 703 2354 775 Βρόμους
2383 705 2570 772 πνοὰς,
2606 709 2744 778 μήτε
2772 687 3335 782 ίχειμᾶζομένημετὰ
3527 718 3641 788 ep,-

836 862 848 874 ,
1091 872 1099 874 Α
1148 863 1162 874 _
1318 872 1323 874 _
1415 863 1453 874 _
1526 865 1539 874 _
1621 866 1634 874 _
1863 869 1895 874 __
2054 795 2326 851 πλεόντων
2353 797 2568 868 λιμένος
2602 799 2713 871 (17)
2746 800 2918 872 τύχοι,

450 859 530 916 Ac
557 875 657 930 per
680 859 945 918 Euzoium
980 863 1332 934 postularunt
1358 880 1390 920 a
1415 863 1673 922 Probatio
1696 877 1750 923 et
1765 869 1952 937 sociis,

2127 889 2237 944 Kal.
2276 891 2346 946 δι’
2379 859 2621 956 έὺζωίον
2669 859 2908 964 ’ἠξίωσαν
2953 898 3079 961 τοὺς
3131 897 3260 970 περὶ
3306 899 3636 970 Προεάτιον,

379 949 476 1020 qui
511 950 729 1008 Eusebii
770 961 826 1007 et
852 952 1137 1010 Bardionis
1173 971 1518 1014 successores
1557 968 1733 1022 erant,
1776 973 1889 1015 eun:

2130 983 2183 1048 υς
2214 949 2490 1054 διαδόχουᾷ
2519 949 2781 1039 Εὐσεέιῖω
2809 987 2904 1040 καὶ
2940 949 3260 1060 Βαρἑίωνὲς,
3293 949 3640 1054 ὧξὲοῶ

380 1043 524 1108 chis,
542 1053 604 1099 ut
622 1046 1150 1103 commendationem
1180 1049 1446 1106 baberent
1475 1049 1718 1108 inﬁdeles
1741 1051 1890 1107 Aria:

2127 1092 2207 1140 υς,
2234 1075 2312 1139 ὡς
2354 1043 2441 1129 ilva
2471 1077 2781 1141 συστάσεως
2819 1043 3053 1150 τύχωσιν
3083 1079 3134 1132 οἱ
3160 1079 3379 1134 ἄπιστοι
3418 1082 3637 1153 Ἀρεια-

379 1135 461 1192 Re
500 1137 756 1209 cognita,
798 1139 1092 1210 imperator
1138 1143 1418 1198 eunuchos
1465 1145 1748 1201 tormentis
1785 1161 1888 1216 app

2126 1135 2307 1222 iiKal'.
2348 1169 2510 1235 γνοὺς
2539 1165 2699 1221 τοῦτο
2729 1135 3004 1238 βασιλὲὺς,
3052 1170 3147 1224 καὶ
3187 1173 3316 1236 τοὺς
3342 1135 3636 1244 εὐνοιίχους

379 1243 512 1284 cans
538 1228 678 1285 dixit
702 1250 715 1286 :
742 1229 867 1288 Haec
895 1232 1134 1304 patiatur
1155 1235 1405 1306 quisquis
1436 1236 1671 1292 voluerit.
1687 1235 1887 1294 Christi

2123 1228 2399 1324 :cavlaac',
2444 1228 2630 1314 είπενο
2779 1277 2865 1325 τις
2906 1228 3148 1333 ὲνξυχεῖν
3194 1228 3442 1334 βούλεται
3491 1228 3633 1318 ἔτιτᾶ

379 1336 483 1378 nos
515 1321 749 1380 deferre.
782 1323 852 1380 Et
880 1326 960 1383 sic
980 1325 1188 1382 dimisit
1215 1342 1310 1384 eos
1350 1329 1664 1393 imperator.

2122 1350 2427 1418 stactavﬁw,
2481 1351 2707 1414 τοιαῦτα
2757 1352 2950 1414 statim.
2975 1355 3088 1416 Καὶ
3132 1355 3303 1420 οὕτως
3345 1356 3561 1428 ἀφῆκεν
3601 1358 3632 1412 ὁ

2055 1442 2326 1514 βασιλεύς.

451 1648 563 1728 (16)
603 1648 702 1728 Sic_
729 1649 864 1720 Reg.
891 1650 1059 1728 Basil.
1089 1661 1167 1728 et__
1186 1653 1354 1728 editio
1371 1654 1607 1728 _Cotnm.
1639 1654 1784 1728 Edit.
1818 1671 1944 1728 vero
2051 1669 2262 1728 omnes,
2275 1654 2521 1728 σελήνη.

375 1721 550 1777 Paris.
597 1720 756 1790 male,
785 1724 1088 1794 κοσμήτης.
1129 1723 1330 1779 Ibidem
1366 1723 1589 1796 Regius,
1622 1727 1796 1798 μήνη.
1839 1728 1884 1780 Α

1378 1723 1589 1796 Regius,
1622 1727 1796 1798 μήνη.
1839 1726 1946 1780 Alii
2124 1720 2256 1798 (1⁸7)
2275 1720 2488 1797 Regius
2510 1724 2699 1792 codex,
2727 1724 2888 1798 τύχῃ,

1031 2085 1159 2174 ΙΝ
1244 2081 1770 2176 ΑΝΤΟΝΙΙ
1849 2083 2230 2176 νιΤΑΜ
2308 2082 2541 2178 MOl‘

1427 2081 1653 2176 ΓΟΝ
1677 2085 1770 2173 ΙΙ
1849 2083 2230 2176 νιΤΑΜ
2308 2082 2937 2180 MONITUM.

1975 2302 2036 2322 '-

438 2460 481 2516 l.
503 2459 726 2515 Antonii
767 2455 966 2520 Vitam,
991 2454 1246 2510 eximium
1267 2455 1552 2508 Athanasii
1575 2470 1727 2524 opus,
1762 2454 1906 2509 haud
1933 2455 2028 2508 diu
2057 2464 2175 2525 post
2203 2451 2673 2522 Jovianitempora
2697 2451 2896 2506 editam
2919 2449 3222 2521 opinamur,
3248 2469 3388 2508 anno
3411 2453 3630 2510 circiter

362 2551 493 2618 365,
516 2566 621 2622 quo
641 2548 828 2604 sedata
851 2547 1232 2618 persecutione,
1262 2547 1489 2600 invictus
1516 2545 1644 2615 ﬁdei
1673 2546 1940 2616 defensor,
1962 2546 2018 2600 in
2045 2563 2174 2616 pace
2201 2545 2412 2599 demum
2434 2543 2778 2600 Alexandriae
2803 2546 3134 2602 morabatur.
3169 2546 3492 2620 Rogantibus
3520 2565 3625 2602 au-

366 2655 466 2701 tem
501 2640 871 2697 transmarinis
897 2636 1192 2700 monachis,
1227 2645 1298 2700 et,
1324 2645 1382 2688 ut
1407 2651 1522 2689 vere
1549 2635 1758 2705 quidem
1781 2635 2009 2700 videtur,
2049 2634 2494 2699 Occidentalibus,
2523 2651 2642 2690 eam
2669 2636 3002 2705 conscripsit,
3032 2646 3091 2691 ut
3124 2648 3349 2693 testatur
3381 2640 3493 2710 ipse
3525 2641 3623 2695 sub

360 2740 602 2796 initium.
636 2735 819 2807 Neque
838 2749 996 2805 porro
1020 2732 1338 2791 assentimur
1365 2731 1434 2785 iis
1462 2730 1574 2800 qui,
1605 2730 1768 2800 quod,
1799 2731 1870 2802 Πε

2133 2732 2192 2783 ὲν
2222 2732 2290 2802 τῇ
2329 2727 2455 2803 ξένῃ
2487 2729 2772 2801 μοναχούς,
2805 2741 3152 2803 nuncupetur,
3179 2735 3398 2790 missam
3429 2745 3623 2805 putant

363 2831 436 2886 ad
467 2829 750 2884 monachos
783 2824 1092 2880 monasterii
1119 2821 1417 2892 cujusdam,
1444 2821 1530 2876 cui
1562 2837 1754 2876 nomen
1796 2820 1943 2876 Xene
1975 2820 2162 2891 fuerit,
2201 2830 2295 2875 aut
2324 2822 2554 2891 regionis
2581 2821 2695 2891 ejus
2721 2824 2948 2878 nominis
2976 2825 3120 2879 circa
3148 2823 3368 2880 Scethen
3399 2843 3418 2881 :
3458 2844 3623 2898 quam

368 2939 470 2996 quo
507 2932 662 2994 pacto
688 2919 1104 2978 transmarinam
1133 2915 1430 2970 existiment
1459 2915 1745 2972 nescimus.
1777 2913 1922 2968 Nam
1955 2931 2016 2971 eo
2041 2931 2258 2984 prorsus
2295 2914 2450 2968 modo
2489 2914 2572 2968 hic
2604 2915 3007 2985 intelligendum
3036 2919 3243 2974 videtur
3275 2920 3334 2974 ὲν
3361 2917 3488 2994 ξένῃ
3515 2936 3622 2990 quo

364 3035 552 3090 supra,
581 3035 635 3089 p.
657 3017 746 3084 99,
792 3014 932 3087 μετὰ
951 3014 1051 3086 τὴν
1075 3013 1168 3070 ἐπὶ
1197 3012 1376 3083 ξένηςι,
1405 3011 1526 3065 ἀντὶ
1552 3013 1652 3083 τῆς
1676 3011 1874 3076 οἰκείας

2119 3011 2393 3086 οῤῥοτάτω
2433 3011 2736 3084 διατριϐήν.
2767 3012 2900 3070 Post
2937 3014 3126 3079 vitam,
3161 3014 3384 3080 scilicet,
3429 3012 3629 3068 relicta

363 3111 566 3184 patria,
590 3111 646 3165 in
676 3118 936 3165 extranea
958 3107 1184 3177 regione
1220 3106 1306 3178 (in
1333 3104 1528 3178 Gallia)
1553 3121 1776 3178 peregre
1815 3123 1873 3162 ac

2112 3107 2137 3160 't
2172 3125 2227 3178 p.
2255 3107 2378 3176 156,
2405 3109 2516 3164 Kal.
2548 3109 2658 3181 γὰρ
2689 3109 2788 3180 τῆς
2820 3111 2913 3164 ἐπὶ
2945 3111 3105 3182 ξένης
3145 3111 3311 3165 αὑτοῦ
3337 3109 3622 3182 διατριϐῆς

360 3211 523 3282 ὑμεῖς
555 3205 877 3280 παραμυθία
898 3205 1178 3275 γεγόνατε.
1218 3201 1332 3258 Vos
1357 3203 1502 3260 enim
1534 3203 1612 3258 illi
1646 3204 1702 3258 in
1734 3212 1870 3260 extr:

2107 3205 2243 3272 {ioue
2271 3205 2363 3275 (in
2393 3206 2568 3278 Italia)
2602 3203 2968 3261 commoranti
3006 3201 3368 3258 consolationi
3407 3198 3617 3256 fuistis.

358 3303 530 3374 Atque
556 3317 621 3356 ea:
645 3300 726 3354 his
761 3299 990 3370 fortasse
1013 3295 1144 3350 locis
1169 3295 1432 3366 suspicari
1462 3294 1639 3360 liceat,
1661 3296 1870 3349 nomine
1895 3295 2075 3367 ξένης,
2099 3295 2331 3350 indicari
2355 3311 2728 3366 nonnunquam
2748 3297 2961 3366 proprie
2983 3292 3333 3348 occidentales
3357 3291 3619 3360 regiones,

359 3410 473 3454 tum
499 3403 637 3468 quod
663 3394 848 3466 procul
876 3400 1093 3450 remota:
1113 3401 1162 3446 et
1187 3391 1565 3445 transmarina:
1587 3400 1777 3454 essent,
1807 3399 1918 3445 tum
1945 3392 2106 3446 etiam
2139 3392 2279 3460 quod
2307 3392 2515 3446 diversa
2536 3393 2609 3446 ibi
2634 3393 2816 3464 lingua
2839 3392 3112 3446 obtineret.
3131 3391 3288 3468 _Certe
3310 3391 3365 3443 in
3391 3387 3620 3443 Italiam

359 3492 540 3549 Graece
574 3489 944 3546 transmissum
966 3487 1218 3557 oportuit,
1243 3502 1361 3540 cum
1393 3485 1467 3539 ibi
1497 3501 1613 3538 eam
1637 3483 1898 3555 Euagrius
1915 3483 2102 3539 Latine
2136 3486 2495 3551 transtulerit,
2531 3495 2592 3540 ut
2621 3488 2766 3557 infra
2797 3487 3023 3540 dicimus
3046 3501 3065 3538 :
3093 3500 3184 3539 nec
3212 3483 3408 3536 mirum
3435 3479 3621 3535 Greece

352 3591 610 3658 scriptam
653 3586 796 3641 mitti
833 3585 904 3639 ad
945 3582 1188 3647 Latinos,
1233 3580 1326 3634 ubi
1378 3581 1448 3634 iis
1489 3580 1806 3650 temporibus
1853 3579 2032 3635 Greece
2064 3581 2425 3652 intelligebant
2465 3581 2703 3652 plurimi.
2743 3581 2898 3638 Certe
2927 3581 3293 3638 Occidentales
3323 3576 3622 3646 intelligere

353 3682 566 3736 omnino
595 3679 801 3737 videtur
832 3675 1182 3737 Athanasius,
1210 3687 1329 3725 cum
1358 3672 1664 3742 gratulatur
1696 3670 1761 3725 de
1797 3671 2176 3742 propagatione
2209 3674 2650 3727 monasteriorum
2681 3681 2731 3728 et
2767 3675 3144 3728 monachorum
3178 3688 3197 3725 :
3231 3672 3347 3725 Καὶ
3381 3671 3488 3739 γὰρ
3519 3671 3620 3722 καὶ

354 3773 488 3845 παρ’
512 3773 641 3843 ὑμῖν
670 3771 856 3826 λοιπὸν
883 3770 1120 3842 μοναστή
1131 3786 1238 3842 ρια,
1274 3769 1370 3822 καὶ
1394 3768 1457 3822 τό
1486 3767 1593 3822 τῶν
1622 3768 1864 3840 μοναχῶν

2107 3768 2465 3822 πολιτεύεται.
2496 3767 2633 3822 Nam
2678 3770 2818 3839 apud
2850 3784 2948 3824 vos
2988 3783 3206 3845 quoque
3244 3767 3358 3838 jam
3390 3768 3617 3821 demum

356 3843 485 3921 sunt
517 3863 872 3926 monasteria,
908 3870 964 3916 et
1003 3860 1400 3915 monachorum
1442 3873 1643 3914 nomen
1690 3859 2018 3914 celebratur.
2050 3857 2205 3924 Quod
2249 3861 2337 3914 vix
2373 3859 2442 3914 ad
2472 3858 2658 3931 Syros,
2690 3860 2914 3926 Cilicas,
2935 3854 3027 3916 'vel
3065 3843 3200 3915 alios
3225 3861 3617 3916 transmarinos

352 3977 513 4016 artam
539 3958 905 4016 Occidentales
939 3956 1140 4012 dictum
1165 3954 1432 4010 credatur.
1467 3952 1724 4008 Nostram
1761 3963 1936 4008 tamen
1978 3955 2335 4022 conjecturam
2363 3957 2637 4026 prudentis
2671 3957 2880 4010 lectoris
2908 3953 3111 4024 judicio
3133 3952 3510 4021 permittimus.

426 4051 491 4108 ΙΙ.
524 4051 654 4108 Ηιεε
684 4049 863 4107 Greece
891 4051 1122 4120 primum
1169 4049 1385 4120 vulgata
1434 4049 1536 4119 fuit
1581 4065 1720 4103 anno
1763 4048 1923 4114 1611,
1959 4060 2179 4104 curante
2209 4048 2408 4104 Davide
2457 4049 2778 4118 Hocschelio,
2805 4052 3135 4120 Augustano,
3158 4047 3248 4118 qui
3273 4061 3392 4099 eam
3419 4042 3616 4107 Latine

353 4145 584 4201 reddidit
604 4152 655 4198 et
681 4144 820 4198 notis
846 4141 1158 4206 illustravit,
1187 4141 1326 4195 unde
1363 4157 1479 4195 eam
1506 4143 1737 4195 mutuati
1765 4150 1888 4195 sunt
1913 4141 2242 4197 Parisienses
2270 4143 2513 4198 editores.
2539 4143 2605 4198 At
2634 4160 2752 4197 cum
2783 4144 2984 4199 codices
3012 4141 3199 4212 quibus
3224 4148 3300 4194 est
3330 4154 3458 4192 usus
3486 4136 3618 4190 Hse-

354 4241 582 4299 schelius
614 4240 820 4298 mendis
845 4255 973 4310 pene
997 4239 1222 4308 inﬁnitis
1248 4239 1492 4305 respersi,
1519 4247 1568 4291 et
1591 4253 1965 4309 nonnunquam
1989 4239 2165 4292 mutili
2195 4239 2417 4310 fuerint,
2439 4239 2801 4310 imperfectam
2829 4241 3040 4294 omnino
3066 4220 3230 4294 Edidit
3253 4255 3270 4292 :
3295 4237 3386 4308 qui
3408 4237 3454 4290 si
3469 4236 3615 4290 Eva-~

351 4337 458 4407 grii
488 4336 776 4390 versionem
807 4332 1176 4398 consuluisset,
1204 4330 1374 4386 multa
1405 4331 1524 4385 loca
1555 4333 1832 4386 restituere
1859 4333 2137 4402 potuisset,
2163 4332 2336 4386 multa
2368 4348 2708 4403 perpurgare.
2745 4332 2920 4388 Licuit
2955 4343 3090 4386 certe
3116 4331 3267 4386 nobis
3299 4346 3391 4399 per
3419 4343 3614 4384 manu-

350 4429 670 4498 scriptorum
695 4426 902 4497 copiam
925 4436 975 4480 et
1006 4428 1392 4497 praestantiam,
1421 4427 1778 4481 emaculatum
1817 4429 2049 4499 vulgare.
2096 4429 2261 4498 Atque
2300 4428 2518 4500 Evagrii
2539 4431 2826 4484 versionem
2864 4446 2972 4483 una
3012 4427 3306 4482 cudendam
3333 4425 3622 4486 duximus.

350 4540 472 4596 quc
499 4524 701 4578 scilicet
723 4533 901 4593 utpote
930 4523 1129 4578 Gra’cis
1153 4524 1439 4579 Athanasii
1468 4535 1624 4581 aztate
1659 4543 1876 4598 suppar,
1914 4527 2187 4597 permagni
2223 4537 2300 4581 est
2345 4527 2415 4581 ad
2460 4526 2647 4581 Greece
2678 4521 3033 4578 restauranda
3073 4520 3453 4590 asserendaque
3498 4533 3614 4570 mo—

351 4619 537 4672 menti.
559 4615 696 4669 Eam
725 4617 908 4670 itidem
935 4633 1055 4670 cum
1088 4618 1571 4689 manuscriptorum
1596 4631 1645 4674 et
1668 4622 1879 4692 quidem
1903 4623 2411 4693 antiquissimorum,
2435 4633 2546 4674 tum
2569 4629 2798 4675 veterum
2823 4619 3086 4672 editorum
3105 4634 3198 4688 ope
3218 4617 3346 4688 ﬁdei
3366 4617 3611 4688 pristinae

352 4709 630 4764 restituere
661 4707 840 4761 conati
867 4723 1070 4763 sumus.
1107 4705 1271 4762 Edita
1291 4708 1390 4764 illa
1420 4710 1526 4780 fuit
1569 4712 1665 4764 sub
1695 4711 1824 4782 ipsis
1861 4713 2219 4783 tgpographia'
2262 4713 2595 4768 incunabulis
2631 4730 2664 4765 a
2693 4710 3016 4774 Mombritio,
3048 4725 3109 4763 ac
3146 4710 3334 4764 deinde
3367 4708 3610 4763 omnibus

295 4863 297 4865 ι
347 4816 478 4872 pene
507 4800 648 4854 cusis
686 4797 816 4854 Vitae
854 4805 1169 4854 sanctorum
1197 4799 1594 4857 collectionibus
1638 4804 1860 4872 inserta,
1889 4805 2191 4863 accuratius
2229 4804 2440 4858 demum
2476 4821 2508 4857 a
2547 4802 2838 4868 Rosweido,
2867 4810 2917 4856 et
2944 4809 3124 4872 postea
3153 4817 3186 4854 a
3214 4799 3478 4854 Bollando
3511 4817 3613 4870 pu-

352 4893 554 4949 blicata
587 4901 688 4949 est.

421 4989 508 5046 lll.
532 4989 664 5045 Esse
694 4999 872 5045 autem
907 5005 1215 5060 germanum
1251 4989 1536 5044 Athanasii
1576 4989 1741 5058 fetum
1773 4989 1923 5043 nulla
1961 4999 2039 5044 est
2069 4989 2351 5043 dubitandi
2387 5005 2570 5055 causa,
2593 5005 2685 5044 nec
2707 4997 2840 5042 esset
2871 4987 3085 5057 quodin
3109 5001 3170 5038 eo
3193 4985 3465 5054 probando
3489 4982 3609 5036 diu-

350 5085 456 5138 tius
480 5083 907 5144 immoraremur,
930 5081 1036 5134 nisi
1063 5088 1388 5133 novatorunv
1407 5080 1681 5134 conatibus
1711 5080 2070 5133 obsistendum
2100 5079 2257 5148 foret,
2293 5078 2384 5149 qui
2418 5079 2474 5133 id
2511 5079 2850 5142 contendunt,
2881 5079 2936 5131 id
2969 5088 3229 5149 pugnant,
3251 5090 3310 5133 ut
3349 5096 3479 5150 opus
3513 5080 3609 5132 hoc

347 5181 613 5251 egregium
641 5179 932 5232 Athanasio
953 5177 1254 5245 abjudicent
1279 5191 1297 5228 :
1325 5175 1434 5231 imo
1463 5176 1518 5228 in
1543 5177 1656 5244 ejus
1702 5184 1970 5230 auctorem
1995 5175 2176 5246 gravia
2203 5175 2477 5244 proferunt
2503 5175 2806 5239 maledicta,
2834 5171 3096 5227 insulsum
3117 5172 3320 5225 scilicet
3346 5170 3608 5224 hominem

347 5282 613 5339 vocantes,
647 5272 871 5342 insignis
900 5270 1182 5334 mendacii,
1218 5269 1445 5339 insignis
1499 5268 1660 5321 scorti
1696 5278 1984 5322 auctorem.
2012 5266 2304 5332 Nimirum,
2324 5268 2538 5336 facilius
2557 5266 2723 5319 multo
2755 5267 2884 5335 ipsis
2914 5274 2991 5318 est
3022 5266 3269 5319 conviciis
3305 5279 3608 5335 oppugnare

347 5378 508 5431 quam
529 5362 872 5432 argumentis.
899 5359 948 5414 F
952 5361 1109 5414 utilia
1134 5377 1354 5432 prorsus
1380 5370 1500 5414 sunt
1529 5375 1645 5428 qua:
1667 5358 1919 5413 hactenus
1953 5359 2216 5414 immisere
2244 5359 2370 5424 tela,
2405 5374 2467 5411 ac
2497 5357 2618 5411 licet
2649 5357 2861 5426 jamdiu
2893 5356 3087 5425 fracta,
3111 5355 3327 5425 jamdiu
3351 5367 3606 5425 quassata

350 5454 570 5521 fuerint,
600 5471 706 5509 non
729 5464 934 5510 cessant
969 5456 1026 5510 in
1055 5457 1167 5510 dies
1197 5475 1257 5513 οτι
1287 5450 1402 5528 ipsa
1429 5468 1779 5525 contorquere.
1815 5452 1948 5519 Qua:
1967 5452 2136 5510 denuo
2160 5449 2414 5520 depellere
2436 5463 2540 5502 non
2561 5448 2778 5519 pigebit,
2803 5463 2920 5500 cum
2949 5455 3177 5501 veterum
3206 5443 3435 5499 Patrum
3459 5446 3606 5499 testi-

350 5549 529 5602 monia
566 5549 923 5604 attulerimus.

373 5641 472 5694 *i.
500 5641 667 5706 Atque
695 5651 753 5695 ut
777 5642 986 5696 initium
1031 5645 1095 5698 ab
1138 5646 1602 5719 ipso.Athanasio_
1620 5647 1867 5713 ducatur,

2091 5652 2233 5702 nctus
2269 5642 2455 5698 doctor
2478 5640 2641 5709 infra,
2660 5639 2750 5693 ὅτε
2792 5635 2850 5692 δὲ
2876 5637 3165 5709 ἀπεδήμει,
3198 5637 3291 5690 καὶ
3325 5634 3601 5707 προεπέμ-
