3824 6224
245 235 348 294 335
1301 224 1462 283 VITA
1503 226 1562 283 s.
1601 224 1904 282 ANTONll.
1927 257 1998 266 -
2021 225 2364 284 MONITUM.
3365 229 3474 286 826

247 367 412 426 πομεν
435 347 615 414 αὐτὸν,
635 346 712 411 ὡς
740 342 1052 415 ἐφθάσαμεν
1081 342 1160 408 εἰς
1181 343 1279 417 τὴν
1294 344 1488 417 πύλην,
1520 343 1742 398 ὄπισθέν
1769 362 1850 408 τις
1873 344 2001 399 ἐϐόα
2029 347 2185 418 γυνή’
2208 365 2226 396 ι
2249 346 2468 413 Μεῖνον,
2485 343 2739 417 ἄνθρωπε
2758 343 2853 398 τοῦ
2873 342 3028 412 Θεοῦ,
3049 343 3344 418 ὴθυγᾶτηρ
3371 364 3476 420 μου

245 445 424 508 δεινῶς
449 443 552 497 ὑπὸ
580 439 674 495 τοῦ
705 440 956 508 δαίμονος
983 438 1276 510 ἐνοχλεῖται
1302 455 1316 469 ⁶
1355 441 1558 510 μεῖνον,
1607 439 1928 510 παρακαλῶ,
1955 440 2030 512 μὴ
2066 439 2220 511 κάγὼ
2248 440 2573 496 κινδυνεύσω
2613 441 2904 512 τρέχουσα.
2936 463 2958 494 ι
3004 436 3140 498 Εἶτα
3177 442 3415 506 ἀκούσας
3446 445 3476 497 ὁ

244 537 436 610 γέρων,
472 533 563 587 καὶ
590 529 840 597 ἀξιωθεὶς
865 529 995 602 παρ’
1023 529 1199 601 ἡμῶν,
1231 529 1399 584 θέλων
1426 529 1656 603 ἔμεινεν,
1693 541 1754 587 ett

1985 539 2166 588 autem
2195 533 2497 589 discederet
2531 533 2900 606 (Alexandria)
2934 550 3143 606 nosque
3190 536 3342 590 illum
3373 537 3474 592 ho-

245 631 392 687 noris
411 643 576 685 causa
604 627 1014 692 comitaremur,
1048 624 1138 679 ubi
1163 625 1228 679 ad
1256 633 1469 694 portam
1504 627 1875 696 pervenimus,
1911 637 2056 682 retro
2096 627 2293 682 mulier
2339 627 2612 684 clamabat
2641 647 2655 681 :
2693 646 2710 680 ι
2742 626 2979 694 Maneto,
3025 628 3188 684 homo
3214 628 3331 700 Dei,
3364 629 3475 684 ﬁlia

243 737 360 778 mea
385 719 620 790 graviter
642 734 674 772 a
695 717 938 772 daemone
967 726 1230 769 vexatur:
1258 722 1492 780 maneto,
1529 729 1734 785 quaeso,
1765 730 1832 772 ne
1856 715 1986 770 mihi
2012 730 2227 786 quoque
2241 715 2478 770 currenti
2502 716 2573 771 sit
2600 718 2919 786 periculum.
2957 738 2975 770 ι
3017 718 3156 773 Tum
3193 721 3280 776 his
3307 737 3476 777 senex

166 839 174 846 -
243 816 458 879 auditis,
493 814 757 884 nobisque
793 810 1114 880 rogantibus
1145 809 1317 865 libens
1337 809 1600 866 substitit.
1633 808 1733 865 Ubi
1760 809 1977 880 planum
2014 820 2091 866 est
2125 811 2298 880 ipsum
2326 809 2671 864 Athanasium
2712 811 2869 881 hujus
2903 813 3039 868 Vitae
3076 815 3386 878 scriptorem
3412 815 3476 868 de

241 925 292 962 se
321 905 483 978 loqui.
520 902 700 974 Neque
729 918 847 957 vero
875 911 953 956 est
981 900 1118 971 quod
1140 900 1371 964 dicatur,
1395 899 1562 954 alium
1587 916 1697 955 esse
1730 901 1820 970 qui
1847 901 2035 970 fraude
2065 901 2320 972 quadam,
2343 901 2622 955 Athanasii
2642 919 2918 972 personam
2936 921 3045 973 prae
3070 923 3124 961 se
3145 909 3302 976 ferat.
3329 905 3474 961 Nunt

242 999 348 1052 htec
376 999 496 1067 ipsa
522 994 679 1050 verba
702 993 757 1047 in
789 990 1005 1062 Evagrii
1031 990 1262 1045 versione
1294 989 1650 1058 reperiuntur,
1676 1005 1794 1060 qua:
1821 989 1901 1042 vel
1926 989 2037 1058 ipso
2063 990 2346 1042 Athanasii
2379 997 2626 1056 tempore,
2657 995 2734 1049 vel
2757 1013 2859 1052 non
2887 1000 3069 1054 multis
3087 1011 3203 1068 post
3228 1002 3340 1072 ejus
3361 1002 3476 1056 obi-

242 1105 350 1149 tum
379 1093 534 1146 annis
563 1090 877 1145 concinnata
898 1087 1021 1157 fuit.
1053 1083 1234 1156 Neque
1260 1101 1379 1140 vero
1412 1095 1539 1153 puto
1568 1100 1791 1139 ausuros
1825 1093 2122 1145 novatores,
2149 1083 2472 1151 quantalibet
2503 1101 2632 1140 cura
2655 1086 2776 1142 huic
2806 1091 2950 1158 operi
2973 1092 3182 1156 νοθείας
3210 1095 3475 1148 maculam

237 1201 502 1257 aspergere
531 1191 800 1246 conentur,
823 1180 994 1233 dicere
1024 1177 1152 1248 ipsis
1179 1176 1461 1230 Athanasii
1486 1176 1820 1242 temporibus,
1850 1175 1930 1230 vel
1950 1175 2091 1230 haud
2118 1177 2211 1229 diu
2238 1185 2354 1246 post
2373 1177 2487 1246 ejus
2509 1178 2725 1246 obitum,
2747 1181 2942 1249 falsum
2967 1184 3310 1237 Athanasium
3344 1184 3478 1240 Vita:

236 1279 449 1332 Antonii
485 1277 796 1347 scriptorem
818 1279 1057 1328 exortum
1083 1283 1234 1332 esse;
1262 1267 1412 1336 cujus
1441 1283 1591 1336 opus,
1618 1264 1796 1320 Vitam
1827 1284 1860 1320 a
1891 1283 2008 1322 vero
2027 1269 2321 1322 Athanasio
2346 1270 2600 1337 scriptam
2629 1271 2709 1324 ita
2740 1273 3058 1334 obscurarit.
3084 1285 3137 1328 ut
3161 1277 3362 1330 nemine
3386 1275 3478 1330 ob-

237 1372 447 1426 sistente
472 1371 584 1426 haec
613 1368 849 1423 admissa
873 1365 942 1418 sit
971 1362 1035 1417 ab
1060 1361 1320 1425 omnibus,
1343 1360 1712 1415 Athanasiana
1739 1377 1858 1415 vero
1881 1360 2114 1432 neglecta
2137 1361 2279 1415 haud
2304 1363 2397 1416 diu
2431 1373 2612 1432 postea
2633 1365 2916 1421 interierit.

303 1463 356 1516 2.
387 1460 673 1532 Gregorius
706 1459 1106 1522 Nazianzenus,
1139 1465 1277 1510 orat.
1304 1454 1396 1521 21,
1423 1455 1564 1509 haud
1589 1455 1738 1526 longe
1768 1457 1813 1510 al

1969 1457 2018 1510 i0
2052 1471 2072 1511 :
2098 1457 2283 1511 Πάντα
2319 1456 2501 1528 μέντοι
2527 1458 2595 1512 τὰ
2629 1459 2838 1538 ἐκείνου
2873 1460 2987 1532 (τοῦ
3004 1459 3344 1532 Ἀθανασίου)
3387 1460 3475 1513 λέ-

236 1575 350 1628 γειν
373 1575 433 1612 τε
459 1559 556 1612 καὶ
589 1557 908 1628 θαυμάζειν,
939 1555 1271 1626 μακρότερον
1299 1552 1364 1607 ἂν
1391 1552 1475 1624 εἴη
1501 1551 1742 1624 τυχὸν,ἢ
1772 1553 1913 1607 κατὰ
1931 1552 2030 1624 τὴν
2056 1552 2336 1626 παροῦσαν
2362 1554 2536 1626 ὁρμὴν
2559 1555 2650 1608 τοῦ
2676 1555 2855 1622 λόγου,
2883 1554 2978 1608 καὶ
3001 1554 3242 1624 ἱστορίας
3294 1553 3476 1624 ἔργον,

237 1649 333 1703 οὐκ
362 1649 640 1720 εὐφημίας
657 1665 671 1679 ο
702 1648 739 1704 ἃ.
763 1651 856 1703 καὶ
883 1649 989 1721 ἰδίᾳ
1019 1647 1351 1720 παραδοῦναι
1379 1649 1564 1719 γραφῇ
1596 1647 1869 1720 παίδευμά
1898 1665 1958 1701 τε
1995 1649 2089 1702 καὶ
2114 1649 2330 1720 ἥδυσμα
2350 1653 2463 1713 τοῖς
2487 1652 2566 1714 εἰς
2593 1649 2818 1723 ὕστερον
2851 1651 3016 1722 εὐχῆς
3040 1650 3200 1722 ἔργον
3224 1651 3349 1720 ἐμοὶ
3373 1648 3482 1702 ὥσ-

237 1760 339 1816 περ
363 1744 653 1810 ὃνὲκεῖνος
667 1745 948 1799 Ἀντωνίου
982 1743 1074 1798 τοῦ
1099 1743 1241 1797 θείου
1260 1743 1406 1808 βίον
1449 1742 1772 1814 συνέγραψε,
1795 1742 1889 1796 τοῦ
1925 1744 2209 1816 μοναδικοῦ
2255 1743 2368 1814 βίου
2400 1744 2718 1815 νομοθεσίαν
2757 1746 2814 1798 ὲν
2847 1745 3124 1817 πλάσματι
3155 1743 3476 1815 διηγήσεως.

235 1839 410 1910 Atque
438 1849 612 1896 totam
646 1840 868 1911 quidem
912 1839 1240 1914 (Athanasii)
1273 1838 1440 1894 vitam
1478 1853 1731 1894 sermone
1764 1847 1820 1895 et
1853 1838 2216 1896 admiratione
2254 1842 2512 1911 prosequi
2550 1841 2768 1912 longius
2812 1839 3046 1896 fortasse
3091 1837 3276 1901 fuerit,
3309 1849 3473 1905 quam

237 1929 498 1985 orationis
525 1930 758 2002 hujusce
786 1929 1096 1990 institutum
1127 1934 1304 2001 ferat;
1337 1942 1501 2005 atque
1531 1935 1777 1990 historiae
1803 1950 1943 2006 opus
1965 1935 2150 2003 fuerit,
2178 1951 2287 1992 non
2315 1937 2549 1992 encomii
2577 1957 2590 1991 :
2625 1953 2788 2007 quam
2809 1939 2973 2010 627
3001 1938 3187 1998 etiam,
3211 1940 3272 1988 ut
3295 1941 3477 2002 poste-

239 2021 315 2078 ris
342 2023 676 2084 documento
699 2035 862 2100 atque
885 2029 1239 2086 oblectationi
1267 2027 1531 2094 futuram,
1557 2030 1776 2099 proprio
1805 2030 2010 2100 scripto
2037 2031 2298 2086 mandare
2321 2046 2447 2087 cum
2480 2031 2674 2100 primis
2696 2039 2939 2102 aptarem
2965 2045 2980 2082 :
3015 2019 3477 2096 quemadmodum

237 2112 350 2183 ipse
378 2115 508 2172 dicti
533 2119 755 2176 Antonii
797 2121 968 2177 Vitam
993 2126 1338 2198 conscripsit,
1362 2135 1418 2182 et
1439 2128 1563 2182 vitae
1591 2128 1906 2185 monasticae
1942 2129 2088 2199 leges
2115 2129 2449 2185 narrationis
2473 2129 2654 2199 specie
2683 2129 2927 2184 tradidit.
2957 2127 3134 2182 Vitam
3176 2123 3345 2193 igitur
3363 2117 3476 2172 An-

236 2205 367 2260 tonii
399 2208 616 2279 scripsit
646 2211 992 2283 Athanasius,
1023 2233 1140 2289 qute
1167 2219 1289 2274 vita:
1319 2220 1628 2274 monasticae
1653 2236 1840 2275 norma
1869 2232 2017 2275 erat:
2042 2221 2179 2290 quod
2203 2221 2325 2274 huic
2353 2221 2587 2291 apprime
2608 2221 2862 2276 convenit.

305 2303 358 2358 5.
391 2303 770 2379 Hieronymus,
790 2309 866 2367 De
890 2313 1252 2384 scriptoribus
1286 2315 1694 2384 ecclesiasticis,
1721 2332 1840 2387 cap.
1868 2317 2009 2372 125:
2037 2316 2300 2387 Evagrius
2323 2316 2628 2372 Antiochiae
2666 2316 2975 2386 episcOpus,
2999 2309 3144 2365 acris
3168 2321 3233 2363 ac
3261 2304 3475 2360 ferven-

237 2397 308 2453 tis
333 2398 563 2472 ingenii,
598 2417 720 2459 cum
746 2407 926 2462 adhuc
949 2415 1093 2464 esset
1119 2411 1420 2482 presbyter,
1445 2410 1790 2466 diversarum
1822 2411 2153 2483 hypoteseon
2186 2419 2450 2468 tractatus
2491 2411 2626 2466 mihi
2667 2406 2819 2482 legit,
2851 2417 2990 2474 quos
3021 2399 3254 2456 ῐιθοάυιιι
3286 2396 3473 2451 editi“-

249 2489 418 2546 Vitam
446 2510 669 2567 quoque
701 2499 838 2555 beati
867 2503 1084 2556 Antonii
1103 2501 1170 2558 de
1198 2503 1386 2560 Graeco
1405 2504 1692 2560 Athanasii
1724 2505 1779 2559 in
1805 2520 2114 2560 sermonem
2137 2513 2385 2561 nostrum
2413 2506 2711 2561 transtulit.
2743 2503 2918 2572 Hujus
2943 2498 3158 2568 Evagrii
3188 2495 3352 2551 versio
3373 2507 3475 2546 ste-

237 2582 448 2650 pissime
491 2604 624 2642 cusa
659 2589 784 2658 fuit.
823 2590 1161 2665 Habeturque
1194 2594 1415 2665 Evagrii
1442 2598 1651 2651 nomine
1676 2597 1733 2650 in
1769 2596 2035 2652 codicibus
2076 2596 2338 2652 omnibus.
2371 2596 2594 2668 Ipseque
2627 2597 2978 2666 Hieronymus
3018 2591 3294 2662 prologum
3339 2584 3478 2654 ejus,

241 2677 398 2731 tacito
429 2679 650 2752 Evagrii
677 2686 906 2754 nomine,
932 2689 1169 2758 epistola:
1204 2691 1273 2744 ad
1312 2690 1718 2747 Pammachium
1746 2692 1994 2747 inseruit.
2025 2691 2161 2748 Cum
2189 2701 2366 2746 autem
2393 2692 2652 2764 Euagrius
2682 2694 2738 2747 in
2775 2691 3041 2748 codicibus
3071 2685 3478 2754 editisqucpre-

238 2770 407 2843 sbyter
435 2777 674 2848 dicatur,
699 2797 902 2838 necesse
929 2765 1167 2840 estOhanc
1198 2787 1464 2858 scripserit
1508 2797 1787 2860 antequam
1810 2798 2077 2843 crearetur
2115 2790 2407 2857 episcopus,
2441 2790 2498 2842 id
2535 2799 2612 2844 est
2644 2801 2767 2844 ante
2790 2800 2987 2840 annum
3013 2779 3154 2842 568;
3183 2792 3307 2830 nam
3336 2789 3477 2827 anno

237 2867 338 2926 368
371 2873 426 2926 in
448 2876 813 2946 episcopatum
838 2879 1219 2934 Antiochenum
1243 2890 1514 2952 promotus
1537 2882 1662 2953 fuit.
1697 2881 1849 2948 Quod
1879 2884 1927 2938 si
1956 2881 2320 2947 Innocentius,
2362 2882 2431 2936 ad
2455 2899 2605 2953 quem
2630 2883 2903 2952 prologum
2940 2891 3094 2931 suum
3120 2876 3404 2938 nuncupat,
3433 2867 3481 2919 is

240 2966 346 3036 ipse
370 2970 439 3024 sit
463 2971 559 3041 qui
585 2989 722 3028 anno
748 2977 961 3030 circiter
982 2976 1087 3030 569
1116 2975 1266 3044 obiit,
1297 2978 1435 3048 quod
1472 2994 1587 3032 vere
1619 2978 1792 3032 simile
1821 2978 1968 3032 nobis
2006 2979 2234 3043 videtur,
2263 2977 2466 3047 aliquot
2487 2987 2607 3032 ante
2629 2977 2829 3031 obitum
2865 2968 3146 3026 Athanasii
3174 2964 3326 3020 annis
3369 2961 3484 3014 haec

238 3058 602 3131 interpretatio
625 3066 821 3122 Latina
847 3069 912 3124 ab
941 3069 1170 3142 Evagrio
1201 3073 1346 3128 edita
1377 3075 1562 3143 fuerit.
1599 3072 1951 3139 Quamobrem
1999 3089 2118 3128 cum
2164 3075 2243 3128 vel
2288 3076 2485 3129 vivente
2513 3072 2826 3137 Athanasio,
2857 3068 2936 3124 vel
2979 3064 3219 3136 pauculis
3258 3061 3322 3115 ab
3363 3059 3476 3128 ejus

222 3165 399 3212 'morte
421 3163 580 3214 annis
604 3178 756 3216 suam
785 3169 1071 3222 versionem
1101 3169 1425 3222 concinnarit
1453 3167 1734 3239 Euagrius,
1763 3169 1881 3237 ipsa
1906 3183 2032 3222 sane
2058 3168 2172 3223 luce
2197 3169 2428 3223 lucidius
2452 3167 2638 3237 fuerit,
2660 3175 2718 3218 ut
2738 3179 3041 3236 germanam
3063 3159 3308 3213 habemus
3340 3154 3475 3207 Eva-

239 3247 337 3315 grii
360 3255 650 3308 versionem
671 3273 734 3310 ea:
755 3257 938 3314 erco
967 3262 1252 3319 Athanasii
1280 3264 1614 3334 adornatam,
1643 3267 1722 3320 ita
1758 3265 1946 3319 habere
1979 3267 2152 3336 ipsam
2186 3267 2469 3320 Athanasii
2501 3263 2762 3324 Grtvcam,
2791 3277 2906 3333 qua:
2939 3259 3060 3312 huic
3101 3257 3179 3309 ita
3215 3251 3475 3316 convenit,

239 3348 294 3391 ut
321 3357 383 3396 ne
403 3345 779 3414 interpolatum
805 3352 1014 3417 quidem
1047 3356 1354 3412 utramlibet
1381 3359 1644 3428 suspicari
1670 3359 1847 3415 liceat.
1878 3360 2020 3414 Huic
2048 3367 2355 3428 argumento
2385 3373 2490 3426 qua
2522 3357 2729 3409 ratione
2761 3364 3028 3406 occurrere
3064 3345 3266 3415 possint
3298 3351 3477 3395 neote-

240 3431 352 3500 rici,
379 3435 673 3509 intelligere
700 3446 970 3512 nequimus
992 3465 1011 3502 :
1041 3450 1143 3505 nisi
1168 3450 1304 3520 forte
1344 3449 1527 3506 dicunt
1571 3451 1813 3507 Gra'cum
1841 3453 2127 3522 falsiﬁcum
2166 3467 2286 3504 cum
2330 3449 2523 3504 Latina
2560 3447 2909 3508 conspirasse,
2939 3453 3032 3496 aut
3069 3440 3260 3494 saltem
3297 3434 3477 3489 εοάεηι

240 3531 410 3586 animo
443 3535 502 3588 id
539 3535 797 3604 facinoris
826 3541 1142 3611 admisisse;
1171 3556 1230 3600 ut
1259 3546 1350 3600 ille
1377 3549 1586 3602 nomine
1612 3548 1898 3603 Athanasii
1926 3551 1983 3602 in
2017 3547 2230 3604 Oriente
2261 3547 2441 3601 Vitam
2484 3544 2706 3599 Antonii
2751 3539 3112 3598 conscriberet,
3147 3532 3230 3584 hic
3276 3529 3331 3583 in
3374 3526 3479 3582 0c-

240 3625 434 3683 cidente
472 3629 696 3702 Evagrii
721 3637 930 3692 nomine
957 3639 1069 3708 ejus
1109 3644 1398 3696 versionem
1434 3644 1760 3698 adornaret:
1791 3643 1979 3714 quibus
2011 3645 2088 3697 ita
2115 3659 2196 3697 res
2220 3657 2285 3696 ex
2311 3651 2428 3696 voto
2453 3640 2686 3702 cesserit,
2718 3652 2776 3692 ut
2814 3634 2968 3705 falsis
3000 3630 3209 3701 scriptis
3244 3643 3363 3681 vera
3387 3624 3479 3679 ob—

241 3725 454 3793 ηίθτίητ,
483 3737 536 3782 et
560 3729 934 3789 oblitterarint.
973 3735 1102 3792 Hac
1126 3741 1462 3809 quantumvis
1493 3739 1725 3795 absurda
1756 3741 2001 3810 fortassis
2025 3739 2378 3810 usurpabunt,
2408 3739 2497 3808 qui
2542 3736 2709 3790 multo
2739 3733 2983 3803 [utiliora
3013 3729 3261 3798 obiecere.

306 3814 359 3871 4.
391 3815 590 3873 Eodem
621 3820 710 3875 ille
733 3822 890 3888 libro,
915 3841 1031 3894 cap.
1056 3826 1160 3881 87:
1186 3827 1401 3896 Fertur,
1430 3831 1531 3897 ait,
1571 3830 1853 3886 Athanasii
1896 3831 2146 3895 historia,
2179 3830 2394 3883 Antonii
2435 3827 2678 3882 monachi
2713 3825 2887 3879 Vitam
2918 3822 3222 3878 continens.
3257 3815 3325 3870 Et
3353 3830 3471 3882 cap.

239 3904 305 3961 88
322 3927 334 3963 :
353 3908 628 3969 Antonius
651 3917 976 3986 monachus,
999 3919 1156 3991 cujus
1182 3921 1359 3978 Vitam
1381 3923 1714 3981 Athanasius
1736 3923 2118 3980 Alexandrinae
2150 3924 2302 3981 urbis
2334 3923 2645 3995 episcopus,
2680 3920 2878 3992 insigni
2905 3916 3183 3974 volumine
3214 3927 3474 3985 prosecu-

240 4003 324 4054 tus
349 4010 450 4058 est.

308 4095 358 4152 5.
389 4097 581 4155 Sancti
606 4100 856 4172 Ephremi
894 4107 1119 4178 insignis
1147 4119 1322 4166 eatstat
1347 4113 1518 4179 locus,
1543 4114 1598 4168 in
1637 4113 1796 4181 illud,
1832 4114 2064 4171 Attende
2102 4114 2201 4169 tibi
2234 4113 2336 4184 ipsi
2363 4132 2376 4167 :
2409 4129 2560 4184 quem
2610 4111 2994 4183 longiusculum
3022 4109 3142 4164 licet
3167 4108 3266 4162 huc
3287 4106 3481 4176 referre

239 4188 402 4244 visum
426 4203 526 4248 est.
562 4193 883 4264 Cujusmodi
917 4208 1141 4256 sanctus
1165 4203 1437 4261 Antonius
1464 4206 1693 4273 exstitit,
1720 4206 2183 4276 quemadmodum
2205 4213 2260 4262 et
2283 4214 2511 4260 sanctus
2534 4203 2869 4258 Athanasius
2901 4200 3190 4270 episcopus
3228 4195 3477 4252 meminit

244 4284 301 4338 in
341 4286 470 4344 Vita
497 4307 664 4361 quam
691 4294 758 4349 de
787 4309 854 4350 eo
894 4295 1244 4366 conscripsit.
1279 4296 1416 4354 Nam
1444 4300 1615 4355 multa
1657 4301 2066 4365 exercitatione,
2094 4314 2268 4370 eaque
2310 4298 2617 4354 incitatiore
2645 4312 2711 4352 ac
2751 4293 3156 4351 vehementiore
3195 4303 3278 4348 est
3321 4305 3472 4345 usus.

237 4371 524 4446 Jejunabat
544 4383 689 4438 enim
727 4400 960 4457 semper,
985 4383 1470 4458 indumentumque
1496 4389 1735 4465 gerebat,
1767 4389 1994 4445 interius
2023 4389 2240 4460 quidem
2271 4388 2533 4451 cilicium,
2581 4385 2822 4442 exterius
2861 4392 3040 4440 autem
3060 4383 3365 4456 pelliceum,
3393 4380 3476 4436 id-

241 4481 345 4536 que
373 4474 439 4528 ad
463 4483 694 4529 mOI-tem
723 4492 898 4548 usque
931 4479 1209 4548 servavit;
1239 4479 1315 4534 ita
1345 4491 1404 4535 ut
1429 4495 1604 4552 neque
1644 4496 1844 4552 corpus
1897 4483 2138 4537 sordium
2179 4498 2348 4538 causa
2381 4483 2538 4553 aquis
2586 4484 2849 4551 ablueret,
2873 4499 3047 4554 neque
3087 4482 3302 4552 penitus
3341 4493 3484 4535 suos

239 4566 401 4635 pedes
429 4569 660 4636 lavaret,
687 4587 862 4643 neque
891 4573 1014 4629 illos
1047 4589 1287 4644 unquam
1317 4575 1565 4642 omnino,
1598 4575 1680 4630 vel
1724 4591 1870 4646 aqua
1913 4575 2166 4648 tingeret,
2200 4577 2309 4632 nisi
2361 4579 2689 4634 necessitate
2725 4587 2969 4650 cogente.
3007 4576 3112 4632 Sed
3143 4590 3320 4645 neque
3351 4576 3489 4643 quis.

241 4675 363 4716 eum
394 4665 732 4722 denudatum
781 4685 1022 4740 unquam
1049 4671 1350 4742 conspexit,
1375 4687 1476 4727 nec
1498 4687 1723 4742 prorsus
1744 4673 1967 4728 Antonii
1992 4675 2373 4744 corpusculum
2400 4674 2629 4742 nudum,
2653 4681 3010 4746 praeterquam
3037 4685 3159 4726 cum
3182 4676 3308 4738 post
3329 4683 3478 4722 mor-

240 4763 345 4811 tem
390 4761 736 4831 sepeliretur,
768 4764 1025 4834 cuiquam
1062 4766 1257 4835 patuit.
1299 4765 1602 4837 Rursusque
1644 4767 1759 4820 ait:
1791 4765 1905 4822 Etsi
1941 4768 2044 4822 ista
2081 4767 2152 4822 ad
2187 4768 2334 4824 illius
2364 4768 2618 4823 virtutem
2650 4785 2852 4840 parva,
2885 4784 2953 4822 ex
2984 4767 3050 4822 iis
3086 4775 3270 4821 tamen.
3295 4763 3487 4834 qualis

242 4855 331 4911 Dei
356 4873 549 4916 servus
581 4859 745 4916 fuerit
766 4863 1060 4930 Antonius,
1086 4865 1438 4921 considerare
1466 4865 1814 4936 etaestimare
1844 4865 2000 4932 licet;
2031 4864 2232 4935 quippe
2254 4864 2347 4935 qui
2375 4880 2406 4919 a
2429 4865 2716 4934 juventute
2739 4865 2806 4919 ad
2829 4870 3034 4918 tantam
3063 4875 3237 4930 usque
3262 4867 3480 4914 aetatem

243 4953 501 5022 aqualem
538 4970 752 5026 semper
778 4959 1032 5014 servabat
1061 4959 1116 5015 in
1143 4963 1538 5018 exercitatione
1561 4963 1898 5017 alacritatem
1927 4979 1940 5016 :
1967 4970 2022 5017 et
2049 4976 2227 5030 neque
2255 4969 2536 5016 senectute
2582 4959 2812 5026 fractus,
2842 4957 3253 5020 delicatioribus
3285 4955 3476 5009 uteba-

245 5051 331 5098 tur
361 5047 528 5116 cibis;
559 5064 737 5118 neque
758 5058 978 5120 propter
1003 5052 1334 5109 debilitatem
1366 5056 1612 5125 corporis
1646 5057 1970 5112 immutabat
2000 5055 2087 5112 sui
2117 5054 2420 5109 indumenti
2449 5054 2718 5108 habitum.
2749 5053 2860 5106 Aut
2889 5051 2936 5106 si
2963 5049 3104 5105 forte
3143 5049 3308 5119 pedes
3331 5061 3474 5116 aqua

245 5143 491 5215 ῑῖηὸθτθι,
519 5155 572 5202 et
596 5157 775 5206 tamen
813 5150 868 5203 in
900 5153 1156 5210 omnibus
1194 5155 1396 5211 illaesus
1447 5157 1837 5226 permanebat:
1871 5172 1996 5212 nam
2047 5155 2210 5212 etiam
2241 5156 2434 5211 oculos
2465 5155 2662 5210 illaesos
2709 5155 3058 5220 integrosque
3083 5145 3356 5206 servabat.
3385 5157 3474 5196 re-

242 5245 431 5309 cteque
457 5253 764 5300 cernentes.
796 5244 862 5299 Et
888 5259 958 5300 ne
981 5243 1196 5313 singula
1227 5253 1640 5311 consectemur;
1673 5245 1884 5302 cunctis
1918 5245 2012 5315 qui
2040 5245 2178 5300 cibis
2209 5244 2396 5309 variis,
2426 5253 2479 5298 et
2503 5243 2732 5298 lavacris
2763 5239 3100 5307 diversisque
3135 5232 3485 5289 vestimentis.

243 5338 482 5398 utuntur,
511 5335 625 5403 ipse
656 5339 829 5393 multo
858 5335 1122 5391 illustrior
1142 5335 1454 5405 apparebat,
1480 5350 1545 5390 ac
1571 5336 1771 5390 clarior
1794 5346 1847 5392 et
1873 5337 1941 5391 ad
1967 5334 2338 5391 fortitudinem
2374 5335 2622 5390 alacrior.
2651 5333 2779 5394 Haec
2805 5330 2862 5386 S.
2891 5327 3141 5398 Ephremi
3180 5322 3484 5378 Athanasio

243 5421 458 5486 mqualis
483 5428 634 5480 verba
659 5443 718 5481 eo
743 5429 1017 5486 retulimus
1036 5445 1100 5484 ea:
1128 5430 1348 5500 integro,
1369 5419 1508 5501 quod
1537 5431 1641 5486 sint
1670 5431 1804 5486 Vita:
1817 5431 2038 5486 Antonii
2062 5430 2459 5495 Athanasiante,
2483 5438 2541 5483 ut
2560 5430 2680 5498 jam
2712 5432 2997 5494 comparet,
3019 5421 3186 5476 veluti
3231 5431 3476 5486 compen-

245 5511 424 5576 dium;
456 5527 511 5568 ut
545 5533 693 5572 nemo
723 5537 883 5577 sanus
919 5539 1021 5576 non
1047 5522 1218 5576 videat
1241 5521 1403 5592 fuisse
1428 5521 1521 5576 illa
1545 5538 1608 5575 ea:
1634 5523 1699 5577 iis
1730 5539 1996 5592 expressa.
2042 5522 2194 5587 Quod
2234 5524 2375 5576 enim
2409 5522 2563 5575 habet
2601 5519 2831 5590 Ephrem
2878 5519 2942 5572 de
2970 5518 3108 5571 victu
3145 5513 3206 5569 S.
3234 5512 3486 5576 Antonii»,

247 5607 308 5663 de
331 5613 560 5694 corporis
586 5615 822 5686 neglectu
849 5626 899 5672 et
930 5620 1322 5686 maceratione;
1351 5619 1432 5674 hic
1458 5619 1635 5674 omnia
1669 5619 1944 5688 habentur,
1975 5629 2023 5674 et
2049 5635 2166 5690 qua:
2195 5618 2349 5673 initio
2380 5611 2684 5686 attulimus,
2715 5616 2902 5672 iisdem
2933 5613 3101 5671 verbis
3133 5628 3275 5669 num.
3311 5609 3404 5667 47.
3482 5670 3486 5677 λ
