3824 6224
331 285 440 344 sar
890 268 1367 344 ἐέᾌτιιΑΝΑειι
1405 284 1555 343 ορρ.
1602 286 1784 342 rans
1819 287 1841 341 ι

2082 264 2379 340 εῒοιιιοΑ
2413 280 2504 337 ET
2543 277 2969 338 DOGMATICA.
3473 274 3586 330 sas

405 401 461 460 ϐ.
499 401 924 474 Chrysostomus,
948 401 1172 457 homilia
1200 401 1233 457 8
1262 401 1317 458 in
1341 401 1561 469 Matth.,
1595 403 1688 456 sub
1713 402 1906 471 finem:

2078 441 2080 449 .
2101 417 2184 464 τις
2207 397 2461 453 οὐδέποτε
2490 395 2662 466 ἐπέϐη
2680 393 2789 449 τῶν
2811 391 3027 464 σκηνῶν
3054 390 3299 455 ἐκείνων,
3331 388 3588 443 ἐννοείτω

333 495 428 550 τὸν
458 493 616 566 μέχρι
640 492 736 548 νῦν
768 494 826 546 ἐν
852 494 963 558 τοῖς
985 491 1241 547 ἁπάντων
1266 493 1526 564 στόμασιν
1557 492 1706 557 ὅντα,
1733 492 1792 546 ὃν
1829 491 1966 563 μετὰ
1985 491 2110 553 τοὺς
2126 487 2455 550 ἀποστόλους
2480 489 2514 558 ὴ
2536 486 2812 555 Αἴγυπτος
2830 486 3050 556 ἧνεγκε,
3072 483 3164 536 τὸν
3187 481 3454 553 μακάριον
3490 481 3590 534 καὶ

339 592 842 666 μέγανἈντώνιονζ·
870 591 967 645 καὶ
989 585 1306 658 λογιζέσθω,
1331 588 1414 641 ὅτι
1443 587 1536 641 καὶ
1562 578 1714 652 οὗτος
1747 587 1805 641 ἐν
1833 585 2018 658 ἐκείνῃ
2044 587 2111 657 τῇ
2143 583 2296 654 χώρᾳ.
2320 583 2561 652 γέγονεν,
2576 582 2635 634 ἐν
2733 580 2828 633 καὶ
2854 576 3054 649 Φαραώ
3077 593 3091 608 ·
3117 576 3230 632 ἀλλ’
3253 577 3404 646 ὅμως
3433 576 3590 631 οὐδὲν

337 664 680 758 παρεϐλάϐη,
712 681 850 738 ἀλλὰ
872 681 969 736 καὶ
990 679 1141 743 Θείας
1164 679 1342 750 ὅψεως
1369 677 1684 750 κατηξιώθη
1707 694 1720 708 ·
1747 676 1840 732 καὶ
1860 675 2100 732 τοιοῦτον
2129 673 2439 741 ἐπεδείξατο
2465 671 2599 742 βίον,
2627 664 2736 725 οἷον
2763 671 2812 724 οἱ
2836 668 2930 722 τοῦ
2959 668 3195 740 Χριστοῦ
3221 667 3374 738 νόμοι
3392 667 3593 739 ζητοῦ-

337 794 442 832 σιν.
471 777 582 832 Καὶ
616 775 776 830 τοῦτο
812 773 1022 830 εἴσεταί
1046 791 1131 838 τις
1167 775 1307 845 μετὰ
1337 773 1645 846 ἀκριϐείας,
1667 770 1904 840 ἐντυχὼν
1925 769 2002 840 τῷ
2035 768 2226 840 βιϐλίῳ
2252 767 2329 839 τῷ
2369 767 2468 839 τὴν
2505 765 2748 841 ἱστορίαν
2777 764 2955 835 ἔχοντι
2977 763 3074 835 τῆς
3100 763 3307 818 ἐκείνου
3335 763 3502 833 ζωῆς,
3526 765 3590 816 ἐν

335 865 382 938 ᾧ
411 870 507 923 καὶ
535 867 736 940 πολλὴν
755 867 946 938 ὄψεται
975 865 1075 938 τὴν
1107 868 1464 939 προφητείαν,
1499 867 1594 921 καὶ
1625 866 1734 938 γὰρ
1769 882 1845 928 πε

2070 863 2133 917 τὰ
2148 861 2356 935 ’Δρείου
2387 861 2705 917 νοσούντων.
2765 859 2823 916 Si
2867 856 2993 928 quis
3039 871 3169 912 vero
3207 857 3450 912 nondum
3489 857 3580 914 illa

337 961 473 1018 adiit
522 959 895 1026 tabernacula,
953 959 1002 1014 is
1051 957 1228 1013 virum
1278 959 1476 1029 cogitet
1520 957 1614 1029 qui
1671 957 1934 1012 hactenus
1977 955 2031 1009 in
2069 953 2314 1008 omnium
2361 967 2456 1008 ore
2497 960 2766 1016 versatur,
2799 966 2961 1021 quem
2993 961 3118 1022 post
3149 951 3426 1024 apostolos
3456 952 3588 1007 tulit

337 1057 626 1130 Egyptus,
661 1057 880 1112 beatum
914 1055 1124 1112 scilicet
1151 1064 1206 1111 et
1231 1069 1490 1126 magnum
1514 1053 1811 1108 Antonium
1838 1071 1852 1106 :
1886 1050 2304 1120 memineritque
2326 1049 2381 1105 in
2404 1048 2593 1105 eadem
2623 1048 2774 1103 illum
2811 1063 2917 1118 qua
2943 1047 3154 1105 Pharao
3177 1050 3395 1121 regione
3415 1046 3588 1104 exsti-

337 1151 499 1218 tisse;
522 1149 764 1220 nihilque
794 1157 972 1204 tamen
999 1147 1129 1202 hinc
1160 1147 1367 1216 accepit
1403 1144 1734 1210 detrimenti,
1767 1144 1878 1198 imo
1907 1143 2090 1198 divina
2131 1142 2364 1197 donatus
2409 1149 2493 1196 est
2514 1139 2741 1195 visione.
2779 1139 2955 1208 Atque
2983 1139 3090 1195 tale
3129 1140 3252 1194 vitae
3279 1155 3450 1211 genus
3491 1155 3588 1196 cor

337 1246 442 1301 luit
469 1244 685 1316 qualem
714 1244 996 1314 postulant
1025 1239 1226 1295 Christi
1262 1239 1427 1308 leges.
1471 1235 1683 1305 Cuique
1714 1241 1896 1290 autem
1929 1232 1982 1288 id
2018 1239 2272 1288 accurate
2306 1230 2546 1286 ediscere
2585 1229 2642 1284 in
2670 1240 2921 1299 promptu
2969 1238 3073 1298 est,
3101 1229 3328 1299 legendo
3377 1231 3586 1286 scilicet

339 1341 545 1397 librum
593 1341 648 1394 in
697 1353 810 1410 quo
851 1337 975 1394 vitae
1017 1335 1162 1392 illius
1192 1333 1420 1390 historia
1448 1332 1776 1387 continetur.
1826 1329 1993 1384 Multa
2039 1328 2238 1399 quippe
2269 1326 2587 1398 prophetico
2614 1325 2749 1380 vidit
2777 1322 2996 1394 Spiritu,
3037 1321 3092 1375 in
3123 1321 3322 1390 quibus
3358 1336 3424 1377 ea
3459 1331 3588 1377 sunt

346 1449 473 1503 quae
490 1432 558 1488 de
589 1431 825 1495 Arianis,
857 1438 962 1486 etc.
985 1427 1118 1494 Quae
1145 1424 1318 1494 fusius
1340 1422 1413 1477 ibi
1435 1421 1524 1475 ille
1551 1421 1883 1491 prosequitur
1906 1435 1924 1472 :
1953 1419 2129 1490 aitque
2154 1417 2361 1472 nullum
2387 1433 2618 1487 unquam
2643 1415 2909 1471 exstitisse
2941 1413 3081 1482 apud
3109 1413 3380 1467 haereticos
3401 1412 3588 1480 huius-

339 1523 484 1578 modi
520 1523 710 1578 uirum.
743 1521 910 1586 Quem
933 1527 1109 1574 autem
1134 1517 1218 1570 hic
1247 1522 1502 1570 memorat
1531 1513 1750 1576 librum,
1782 1528 1893 1566 esse
1919 1511 2202 1565 Athanasii
2229 1526 2333 1564 non
2361 1519 2443 1564 est
2467 1508 2724 1572 dubium;
2751 1524 2873 1562 nam
2899 1510 3134 1580 fatentur
3162 1510 3399 1575 sectarii,
3427 1512 3588 1564 etiam

324 1612 660 1667 Damasceni
693 1619 918 1682 tempore
943 1608 1206 1664 exstitisse
1230 1620 1405 1660 verum
1434 1603 1713 1658 Athanasii
1751 1603 1827 1658 De
1856 1601 2075 1656 Antonii
2099 1596 2219 1656 Vita
2252 1599 2467 1667 librum,
2492 1616 2584 1654 nec
2616 1599 2696 1654 vel
2724 1600 2863 1668 ipsos
2889 1610 3016 1671 puto
3044 1601 3298 1666 dicturos,
3323 1600 3441 1670 jam
3481 1601 3590 1669 [al-

340 1706 555 1774 siﬁcum
581 1704 748 1759 alium
772 1703 1041 1766 edidisse;
1067 1701 1158 1771 qui
1185 1701 1324 1753 enim
1359 1709 1468 1753 tam
1499 1698 1707 1753 modico
1736 1705 1854 1768 post
1879 1697 2230 1750 Athanasium
2265 1705 2492 1764 tempore
2520 1695 2615 1748 hoc
2645 1695 2854 1764 facinus
2885 1710 3159 1764 aggressus
3177 1693 3267 1748 ille
3291 1695 3382 1762 sit,
3419 1694 3499 1747 ita
3530 1703 3589 1747 ut

349 1810 480 1864 opus
507 1795 620 1864 ejus
650 1797 808 1848 etiam
827 1810 1045 1865 magnos
1073 1795 1559 1865 eruditissimosque
1582 1795 1720 1850 viros
1741 1836 1755 1861 ,
1782 1795 2054 1864 ipsumque
2085 1790 2516 1863 Chrysostomum
2560 1791 2615 1844 in
2651 1805 2880 1845 errorem
2921 1789 3213 1843 deduceret.
3249 1787 3421 1843 Porro
3460 1789 3592 1842 visio

341 1889 443 1944 illa
490 1888 554 1944 de
597 1889 811 1943 Arianis
857 1905 1016 1960 quam
1063 1897 1340 1958 memorat,
1381 1889 1476 1942 hoc
1499 1889 1557 1942 in
1589 1903 1740 1958 opere
1773 1895 2044 1952 narratur,
2079 1901 2198 1939 cum
2241 1885 2366 1939 aliis
2395 1900 2511 1954 qua:
2535 1884 2598 1939 de
2627 1883 2925 1954 prophetico
2951 1885 3167 1941 Antonii
3205 1885 3394 1956 spiritu
3439 1884 3593 1939 habet

340 1981 747 2052 Chrysostomus
764 1999 784 2048 ;
814 1999 931 2053 qua:
961 1991 1135 2038 tamen
1160 1985 1454 2040 adversarii
1481 1985 1537 2036 in
1562 1983 1856 2037 Athanasio
1887 1996 2038 2051 opere
2064 1995 2167 2034 non
2195 1980 2506 2034 admittunt.

412 2073 466 2128 7.
492 2072 736 2144 Ruﬁnus,
771 2074 809 2127 ι.
844 2091 862 2128 ι
908 2074 1047 2131 Hist.
1098 2078 1234 2134 eccl.
1263 2093 1381 2146 cap.
1408 2077 1440 2131 8
1473 2095 1487 2131 :
1520 2075 1598 2132 De
1632 2075 1927 2130 virtutibus
1957 2074 2202 2140 Antonii,
2249 2074 2346 2138 ait,
2373 2081 2536 2144 atque
2577 2072 2848 2130 institutis
2874 2086 2929 2131 et
2961 2077 3252 2133 sobrietate
3276 2077 3500 2142 mentis,
3533 2084 3596 2130 ut

340 2168 402 2223 in
451 2169 743 2226 solitudine
781 2169 946 2223 vitam
987 2168 1209 2240 degens,
1260 2182 1394 2223 usus
1440 2166 1787 2222 solummodo
1825 2165 1897 2220 sit
1927 2164 2207 2221 consortio
2244 2163 2567 2227 bestiarum,
2600 2172 2656 2218 et
2681 2163 2748 2217 de
2776 2164 3114 2224 damonibus
3158 2167 3378 2224 crebros
3425 2181 3594 2238 agens

341 2263 676 2334 triumphos,
708 2263 976 2334 placuerit
1007 2263 1116 2318 Deo
1161 2277 1325 2332 supra
1375 2269 1604 2317 cunctos
1645 2260 1937 2325 mortales,
1967 2268 2134 2330 utque
2153 2259 2512 2314 institutionis
2542 2274 2654 2313 sua:
2681 2260 2936 2328 praaclara
2976 2275 3152 2331 usque
3182 2262 3237 2315 in
3266 2258 3593 2314 hodiernum

343 2353 488 2409 diem
532 2355 819 2411 monachis
860 2354 1106 2424 exempla
1141 2353 1442 2424 reliquerit,
1479 2352 1752 2408 volentem
1789 2367 1876 2407 me
1903 2352 2085 2421 aliqua
2115 2366 2409 2422 exponere,
2441 2351 2531 2406 ille
2557 2351 2774 2406 libellus
2794 2355 3049 2421 exclusit,
3075 2354 3170 2425 qui
3197 2355 3266 2409 ab
3289 2351 3593 2406 Athanasio

342 2452 608 2522 scriptus,
644 2452 808 2506 etiam
839 2450 1036 2506 Latino
1068 2464 1322 2506 sermone
1349 2448 1529 2504 editus
1556 2457 1662 2504 est.
1691 2448 1824 2516 Quis
1855 2463 1961 2503 non
2004 2447 2142 2502 videt
2167 2463 2456 2504 memorare
2487 2446 2738 2517 Ruﬁnum
2770 2445 2948 2503 Vitam
2989 2462 3148 2517 quam
3179 2461 3313 2499 nunc
3341 2442 3592 2497 habemus

339 2557 464 2597 cum
491 2527 695 2598 Latina;
709 2541 923 2614 Evagrii
949 2543 1219 2597 versione?

415 2639 472 2694 8.
514 2639 864 2710 Augustinus,
896 2637 1144 2694 Confess.
1177 2637 1267 2691 lib.
1289 2651 1412 2704 vm,
1445 2652 1559 2706 cap.
1600 2637 1686 2704 1'5,
1714 2635 1975 2707 prteclara
1999 2635 2154 2691 habet
2184 2635 2247 2691 de
2277 2636 2532 2702 Antonio,
2558 2636 2800 2708 longiora
2831 2643 3010 2690 autem
3038 2649 3197 2703 quam
3227 2631 3392 2703 628
3422 2640 3484 2685 ut
3506 2649 3590 2686 mc

344 2735 678 2803 a/ferantur:
708 2751 878 2804 pauca
933 2749 1272 2802 excerpamus
1294 2746 1314 2786 :
1349 2731 1715 2802 Stupebamus
1758 2740 1961 2796 autem,
2007 2733 2106 2796 ait,
2137 2731 2418 2786 audientes
2450 2740 2557 2786 tam
2587 2731 2794 2785 recenti
2841 2728 3138 2793 memoria,
3175 2742 3341 2797 prope
3384 2726 3593 2782 nostris

346 2827 682 2898 temporibus
707 2827 1059 2883 testatissima
1090 2825 1360 2880 mirabilia
1393 2833 1484 2880 tua
1518 2825 1573 2879 in
1608 2824 1712 2880 ﬂde
1735 2833 1882 2880 recta
1917 2833 1975 2880 et
2010 2825 2276 2882 catholica
2324 2824 2586 2881 Ecclesia.
2627 2823 2828 2881 Omnes
2863 2824 3221 2887 mirabamur,
3251 2832 3304 2877 et
3326 2837 3427 2878 nos
3463 2823 3595 2894 quia

343 2929 458 2975 tam
481 2933 673 2990 magna
703 2925 860 2972 erant
881 2926 935 2973 et
967 2919 1056 2972 ille
1086 2920 1474 2993 (Pontitianus)
1505 2922 1634 2992 quia
1661 2921 1903 2976 inaudita
1937 2921 2094 2976 nobis
2121 2930 2294 2986 erant,
2329 2930 2434 2976 etc.
2467 2919 2538 2974 Et
2565 2937 2680 2989 cap.
2715 2920 2815 2976 l9:
2845 2919 3088 2990 Surgunt
3115 2919 3317 2973 indocti
3351 2919 3437 2990 (de
3484 2919 3596 2972 An-

346 3009 494 3063 tonio
523 3009 758 3081 loquens)
797 3017 850 3064 et
877 3011 1074 3066 coelum
1102 3014 1343 3084 rapiunt,
1367 3021 1420 3068 et
1443 3027 1543 3068 nos
1572 3027 1698 3067 cum
1742 3011 2006 3067 doctrinis
2046 3011 2248 3067 nostris
2283 3011 2401 3067 sine
2428 3012 2611 3076 corde,
2641 3025 2767 3066 ecce
2806 3010 2897 3065 ubi
2934 3011 3237 3065 volutamur
3264 3009 3319 3063 in
3343 3023 3511 3062 carne
3543 3013 3596 3062 et

345 3101 629 3171 sanguine.
655 3101 786 3167 Qua:
809 3100 882 3156 ibi
914 3102 1030 3156 vide
1055 3100 1190 3157 lectu
1209 3120 1335 3158 sane
1361 3102 1695 3172 dignissima.
1732 3099 1802 3154 Et
1837 3116 1952 3169 cap.
1981 3100 2053 3155 28
2080 3117 2094 3154 :
2127 3099 2420 3154 Audieram
2462 3099 2608 3154 enim
2645 3098 2713 3154 de
2735 3097 2992 3166 Antonio,
3018 3099 3160 3170 quod
3189 3114 3255 3153 ex
3284 3097 3596 3165 evangelica

345 3188 579 3246 lectione
603 3192 692 3248 cui
713 3191 851 3247 forte
877 3198 1283 3261 supervenerat,
1309 3190 1618 3245 admonitus
1644 3187 1827 3255 fuerit,
1857 3197 2117 3256 tanquam
2149 3187 2254 3243 sibi
2285 3188 2555 3242 diceretur
2575 3229 2590 3255 ,
2628 3187 2775 3257 quod
2802 3187 3080 3257 legebatur
3108 3207 3121 3242 :
3163 3207 3181 3240 ι
3223 3187 3386 3252 Vade,
3421 3187 3596 3242 vende

346 3287 532 3342 omnia
560 3303 683 3358 quae
709 3289 900 3358 habes,
924 3297 980 3344 et
1003 3289 1068 3343 da
1099 3287 1450 3358 pauperibus,
1485 3294 1540 3343 et
1569 3284 1794 3340 habebis
1826 3285 2146 3339 thesaurum
2179 3283 2234 3338 in
2261 3284 2435 3351 caelis,
2457 3294 2510 3339 ct
2539 3283 2688 3345 veni.
2715 3297 2942 3352 sequere
2963 3297 3071 3350 me,
3104 3301 3124 3334 ι
3166 3290 3220 3337 et
3255 3281 3348 3336 tali
3370 3282 3597 3336 oraculo

345 3379 633 3435 confestim
661 3380 727 3436 ad
755 3389 806 3436 te
837 3397 958 3439 esse
985 3398 1327 3439 conversum.
1359 3381 1490 3448 Quae
1517 3381 1784 3451 ipsissima
1811 3388 1933 3434 sunt
1965 3396 2082 3450 qua:
2102 3389 2390 3433 narrantur
2421 3397 2566 3434 num.
2593 3379 2647 3434 2.

419 3470 472 3527 9.
499 3470 648 3526 Idem
673 3473 996 3544 Augustinus
1021 3475 1075 3528 in
1103 3473 1316 3543 prologo
1346 3472 1422 3528 De
1443 3472 1689 3528 doctrina
1711 3471 2059 3526 Christiana:
2086 3469 2484 3532 Recordentur,
2511 3471 2608 3537 ait,
2632 3485 2690 3525 se
2715 3477 2895 3524 tamen
2919 3483 3015 3538 per
3037 3469 3286 3525 homines
3314 3469 3594 3535 didicisse,

349 3566 439 3620 vel
470 3566 702 3632 litteras,
728 3583 828 3624 nec
861 3577 1145 3639 propterea
1184 3568 1289 3623 sibi
1323 3568 1391 3622 ab
1413 3566 1650 3621 Antonio
1683 3574 1874 3621 sancto
1899 3573 1952 3620 et
1973 3563 2212 3634 perfecto
2240 3564 2356 3619 viro
2388 3564 2641 3635 [Egyptio
2669 3562 2938 3619 monacho
2971 3561 3222 3615 insultari
3258 3560 3476 3627 debere,
3503 3560 3597 3629 qui

347 3656 470 3713 sine
498 3658 606 3712 ulla
638 3659 863 3714 scientia
900 3662 1204 3717 litterarum
1239 3662 1548 3732 Scripturas
1575 3660 1810 3724 divinas,
1840 3668 1894 3714 et
1925 3660 2238 3714 memoriter
2275 3659 2545 3716 audiendo
2594 3659 2855 3724 tenuisse,
2888 3663 2943 3712 et
2969 3655 3265 3727 prudenter
3304 3655 3596 3726 cogitando

349 3747 684 3803 intellexisse
721 3749 1069 3818 prmdicatur.
1103 3751 1182 3806 De
1206 3768 1306 3822 quo
1337 3751 1621 3821 Augustini
1653 3750 1766 3803 loco
1793 3749 2014 3817 inferius
2040 3749 2270 3819 agimus.

424 3841 513 3897 10.
539 3843 823 3913 Paulinus,
840 3847 1054 3917 prologo
1076 3847 1144 3901 ad
1169 3845 1345 3900 Vitam
1370 3845 1540 3900 sancti
1555 3845 1828 3900 Ambrosii
1852 3862 1867 3899 :
1894 3841 2158 3910 Hortaris,
2187 3844 2286 3910 ait,
2309 3843 2630 3900 venerabilis
2651 3843 2810 3901 Pater
2843 3845 3164 3918 Augustine,
3192 3857 3252 3902 ut
3286 3847 3426 3903 sicut
3449 3847 3598 3904 beati

349 3937 475 4004 viri,
501 3937 834 3996 Athanasius
855 3941 1142 4013 episcopus
1161 3952 1214 3999 et
1239 3941 1602 4013 Hieronymus
1629 3941 1932 4012 presbyter,
1959 3939 2100 4010 stylo
2129 3939 2406 4010 prosecuti
2431 3949 2560 3996 sunt
2594 3939 2770 3996 Vitam
2793 3951 3103 3997 sanctorum
3127 3941 3279 3997 Pauli
3306 3941 3598 3997 etAntonii

348 4030 408 4082 in
444 4041 630 4084 eremo
661 4030 989 4100 positorum.

420 4151 507 4205 il.
538 4149 824 4208 Palladius
861 4155 919 4208 in
949 4153 1190 4210 Historia
1214 4152 1503 4219 Lausiaca,
1542 4169 1589 4206 c.
1614 4151 1669 4220 8,,
1699 4153 1764 4207 de
1789 4151 1930 4206 Amm

2086 4151 2320 4205 τΤούτου
2357 4150 2542 4222 θαῦμα
2577 4151 2876 4224 διηγήσατο
2906 4152 2936 4206 6
2974 4153 3241 4225 μακάριος
3282 4152 3596 4218 Ἀθανάσιος

345 4245 378 4299 ὁ
399 4245 715 4311 ἐπίσκοπος,
748 4249 967 4321 γράψας
997 4251 1077 4313 είς
1108 4249 1198 4302 τὸν
1225 4249 1354 4321 περὶ
1391 4247 1676 4302 Ἀντωνίου
1713 4246 1844 4317 βίον,
1872 4248 1975 4315 ὅτι,
2017 4245 2388 4319 παρέρχεσθαί
2418 4262 2552 4300 ποτε
2607 4246 2816 4317 μέλλων
2855 4247 2948 4301 τὸν
2984 4247 3160 4301 Λύκον
3203 4247 3446 4318 ποταμὸν
3479 4248 3598 4317 ἅμα

347 4341 609 4414 Θεοδώρῳ
641 4345 855 4417 μαθητῇ
878 4345 1064 4412 αὐτοῦ,
1098 4345 1375 4399 εὐλαϐεῖτο
1400 4343 1791 4408 ἀποδύσασθαι,
1816 4344 1903 4396 ἵνα
1940 4343 2014 4414 μὴ
2038 4343 2242 4414 γυμνὸν
2270 4342 2464 4396 ἐαυτὸν
2493 4342 2578 4414 ἴδῃ
2596 4341 2754 4395 ποτέο
2787 4343 2880 4396 καὶ
2906 4345 2966 4396 ἐν
3001 4341 3078 4414 τῷ
3103 4343 3381 4414 διαπορεῖν
3407 4342 3591 4408 αὐτὸν,

349 4436 432 4499 εἰς
453 4436 515 4489 τὸ
542 4438 714 4509 πέραν
742 4439 936 4512 εὑρέθη
973 4440 1066 4493 τοῦ
1105 4439 1370 4510 ποταμοῦ,
1402 4439 1478 4504 ὡς
1515 4440 1572 4491 ἐν
1600 4439 1856 4492 ἐκστάσει
1888 4438 2135 4509 περάσας
2166 4438 2291 4508 δίχα
2314 4437 2583 4513 πορθμοῦ,
2618 4439 2725 4492 ὑπὸ
2757 4439 3004 4508 ἀγγέλων
3059 4439 3423 4511 μετενεχθείς.
3460 4438 3592 4493 Rem

351 4531 549 4586 miram
581 4532 648 4588 de
685 4533 778 4588 illo
823 4536 1064 4589 narravit
1091 4534 1422 4590 Athanasius
1467 4533 1779 4603 episcopus,
1821 4533 1998 4587 Vitam
2036 4533 2387 4589 conscribens
2431 4532 2674 4600 Antonii,
2707 4533 2852 4603 quod
2889 4549 3015 4588 cum
3069 4535 3402 4590 transiturus
3450 4543 3597 4588 esset

354 4626 562 4700 Lycum
584 4628 809 4685 ﬂuvium
831 4646 954 4686 cum
975 4631 1260 4686 Theodoro
1281 4630 1550 4700 discipulo
1578 4645 1700 4696 suo,
1724 4640 2114 4699 verereturque
2146 4628 2472 4684 vestimenta
2505 4643 2723 4694 exuere,
2740 4643 2809 4684 ne
2827 4642 2949 4684 sese
2978 4626 3185 4681 nudum
3218 4625 3590 4696 conspiceret:

349 4740 474 4780 cum
496 4729 694 4783 anxius
732 4737 898 4791 esset,
929 4742 1050 4783 sese
1092 4737 1244 4782 trans
1261 4727 1483 4782 ﬂuvium
1517 4727 1804 4796 reperisse,
1838 4725 1997 4796 quasi
2021 4726 2080 4780 in
2109 4723 2315 4780 cxstasi
2348 4723 2554 4794 absque
2579 4723 2779 4794 scapha
2819 4724 3144 4794 traiecisset,
3188 4721 3488 4776 translatus
3524 4719 3596 4774 ab

347 4814 576 4884 aligelis.
603 4815 776 4881 Quam
804 4816 1084 4870 historiam
1111 4815 1268 4870 habes
1295 4817 1350 4870 in
1379 4815 1474 4868 hoc
1503 4831 1677 4884 opere.

421 4931 506 4986 12.
550 4932 817 4996 Socrates,
843 4934 977 4987 libro
1001 4949 1040 4999 ι,
1068 4949 1185 5002 cap.
1211 4933 1276 4986 21
1311 4951 1325 4986 z
1356 4933 1565 4996 Ὀποῖος
1594 4931 1650 4984 δὲ
1677 4927 1746 5002 ἦν
1781 4932 1873 4984 ἐπὶ
1903 4949 1931 4984 τ

2080 4930 2216 4985 ύτῶν
2244 4931 2450 5003 χρόνων
2476 4931 2569 4985 καὶ
2603 4933 2632 4985 6
2655 4931 2884 5003 μοναχὸς
2915 4928 3198 4993 Ἀντώνιος
3219 4929 3276 4982 ἐν
3300 4929 3367 4999 τῇ
3399 4928 3590 5000 ἐρήμῳ

347 5025 450 5097 τῆς
481 5027 780 5097 Αἰγύπτου,
802 5027 877 5091 ὡς
907 5027 1155 5097 φανερῶς
1184 5029 1297 5090 τοῖς
1316 5027 1564 5097 δαίμοσιν
1593 5026 1986 5091 ἀντεπάλαιεν,
2028 5025 2366 5096 ὲφευρίσκων
2405 5041 2466 5078 τε
2508 5025 2692 5088 ἁπλῶς
2740 5026 2839 5088 τὰς
2864 5025 3060 5096 τέχνας
3097 5021 3278 5076 αὐτῶν
3330 5021 3426 5075 καὶ
3465 5021 3590 5083 τοὺς

340 5119 567 5184 ἄθλους,
601 5121 696 5174 καὶ
715 5120 864 5184 ὅπως
888 5121 1058 5174 πολλὰ
1087 5121 1261 5174 ἐποίει
1302 5121 1591 5191 τεράστια,
1632 5120 1886 5192 περιττὸν
1915 5120 2093 5189 λέγειν
2112 5121 2276 5192 ’ἡμᾶς
2295 5137 2309 5151 ο
2338 5119 2538 5188 ἔφθασε
2578 5119 2686 5193 γὰρ
2743 5120 3057 5184 Ἀθανάσιος
3092 5121 3122 5172 6
3186 5114 3591 5186 Ἀλεξανδρείας

351 5209 668 5277 ἐπίσκοπος,
698 5212 1012 5283 μονὸϐιϐλον
1035 5214 1116 5277 είς
1137 5213 1228 5267 τὸν
1259 5213 1424 5267 αὐτοῦ
1459 5212 1574 5282 βίον
1605 5213 1861 5284 ἐκθέμενο

2079 5213 2141 5268 lis
2171 5213 2226 5267 in
2250 5213 2542 5269 solitudine
2570 5213 2790 5284 Egypti
2830 5213 2993 5268 fuerit
3032 5211 3224 5268 iisdem
3252 5209 3589 5280 temporibus

351 5307 624 5362 Antonius
653 5309 980 5372 monachus,
1016 5309 1109 5378 qui
1138 5324 1262 5364 cum
1295 5308 1635 5363 daemonibus
1666 5309 1846 5376 palam
1870 5307 2171 5371 dimicavit,
2211 5317 2364 5364 astus
2388 5323 2578 5364 eorum
2613 5319 2777 5378 atque
2807 5307 3036 5362 insidias
3067 5320 3257 5360 omnes
3283 5302 3588 5372 deprehen-

354 5401 522 5464 dens;
563 5409 619 5456 et
647 5409 709 5456 ut
737 5402 907 5457 multa
934 5402 1182 5473 prodigia
1224 5417 1289 5457 ac
1329 5401 1595 5456 miracula
1626 5401 1894 5468 ediderit,
1942 5401 2278 5472 superﬂuum
2334 5402 2471 5457 mihi
2498 5402 2710 5456 videtur
2749 5414 3200 5456 commemorare.
3250 5396 3590 5451 Athanasius

352 5493 554 5563 quippe
588 5493 929 5550 Alexandria:
948 5494 1239 5564 episcopus
1267 5494 1477 5564 jamdiu
1507 5494 1709 5548 librum
1745 5509 1915 5547 unum
1959 5493 2025 5547 de
2048 5494 2157 5547 vita
2192 5492 2340 5548 illius
2373 5493 2718 5564 conscripsit.
2756 5491 2906 5546 Idem
2961 5490 3026 5545 de
3069 5491 3330 5543 Ammunc
3373 5486 3590 5556 loquens

354 5579 628 5647 monacho,
658 5582 759 5648 ait,
785 5581 988 5634 Τούτου
1018 5581 1111 5634 τοῦ
1151 5581 1393 5651 Ἀμμοῦν
1429 5579 1526 5652 τὴν
1567 5580 1744 5650 ψυχὴν
1795 5579 1931 5650 μετὰ
1971 5579 2199 5634 θάνατον
2247 5581 2768 5654 ἀναλαμϐανομένην
2798 5582 2903 5636 ὑπὸ
2939 5581 3185 5651 ἀγγέλων
3217 5580 3246 5633 6
3276 5579 3397 5632 κατ’
3428 5575 3593 5630 αὐτὸν

355 5667 556 5746 βιώσας
589 5670 867 5739 Ἀντώνιος
894 5671 1172 5743 ἐθεάσατο,
1206 5671 1280 5737 ὥς
1309 5675 1548 5748 φησινέν
1573 5672 1651 5744 τῷ
1680 5673 1796 5738 Βίῳ
1841 5671 2006 5728 αὐτοῦ
2037 5674 2066 5727 6
2091 5673 2189 5746 τῆς
2230 5673 2633 5747 Ἀλεξανδρείας
2683 5677 2978 5741 ἐπίσκοπος
3027 5673 3359 5736 Ἀθανάσιος.
3419 5667 3596 5740 Hujus
