3824 6224
238 280 350 342 829
1317 279 1482 337 VITA
1520 280 1580 335 S.
1621 279 1930 336 ANTONII.
1971 309 2042 320 —
2081 275 2399 334 MONITUM
3391 278 3500 336 830

238 400 538 459 Ammunis
564 399 802 456 animam
835 409 960 469 post
989 409 1198 457 orntum
1233 399 1303 456 ab
1334 400 1539 470 angelis
1566 399 1767 464 eﬂ‘erri,
1793 398 2083 467 Antonius,
2114 398 2211 470 qui
2260 397 2452 454 iisdem
2476 394 2693 452 vivebat
2731 394 3116 470 temporibus,’
3145 396 3323 466 vidit;
3360 396 3503 454 sicut

238 498 295 555 in
316 497 442 569 ejus
488 497 609 552 lita
636 506 822 552 narrat
850 495 1183 552 Athanasius
1226 496 1633 553 Alexandrinus
1666 497 1978 567 episcopus.

311 610 638 669 Sozomenus
672 610 807 665 libro
836 626 874 676 t,
903 626 1020 681 cap.
1051 611 1138 678 i5,
1184 609 1321 666 Vitae
1345 612 1567 666 Antonii
1600 612 1966 681 compendium
1989 612 2218 667 adornat
2244 628 2308 666 es:
2366 613 2462 666 hoc
2519 611 2664 665 haud
2697 609 2857 665 dubie
2889 611 3027 667 libro
3062 620 3384 683 excerptum,
3416 614 3506 671 ubi

240 719 344 757 non
382 702 545 755 modo
569 716 671 765 res,
698 701 787 755 sed
812 700 973 754 etiam
1003 701 1223 771 integrae
1259 705 1530 757 sententia
1574 703 1694 756 hinc
1740 704 2140 772 depromuntur,
2172 713 2232 756 ut
2268 704 2485 773 quisque
2520 701 2736 756 videat:
2775 702 2915 773 quod
2946 712 3124 757 autem
3157 704 3400 774 quendam
3432 703 3506 759 ibi

238 801 566 847 enarrantur
585 807 703 861 qua
722 806 981 860 nusquam
1003 801 1305 861 comparent
1335 792 1477 863 apud
1493 792 1870 860 Athanasium,
1896 794 2023 865 quid
2056 794 2270 859 mirum,
2298 809 2418 846 cum
2448 802 2694 858 testatur,
2723 792 2834 861 ipse
2854 809 2909 846 se
2937 793 3214 847 minimam
3238 802 3505 865 gestorum

241 883 463 939 Antonii
516 890 722 953 partem
767 892 1113 935 narraturum
1141 896 1160 934 :
1193 882 1533 954 horteturque
1579 884 1863 939 monachos
1917 892 1975 937 ut
2029 885 2366 939 sciscitantur
2389 902 2423 938 a
2450 884 2654 951 multis,
2690 900 2752 939 ac
2792 893 2932 938 certo
2958 884 3128 939 sciant
3152 900 3209 939 se
3238 900 3505 956 nunquam

241 976 424 1031 omnia
450 974 600 1029 illius
631 970 975 1027 Memoranda
1006 980 1153 1042 gesta
1180 971 1460 1027 audituros
1484 974 1510 1028 2

309 1098 402 1157 ii.
437 1099 642 1154 Auctor
669 1093 807 1149 Vita:
829 1094 1003 1149 sancti
1052 1091 1336 1149 Pachomii
1367 1093 1461 1148 sub
1484 1094 1698 1149 initium
1722 1108 1743 1147 :
1787 1096 1819 1148 Ἰ

1993 1112 2042 1167 ῑρ
2087 1093 2536 1165 ἀσκητικωτάτου
2586 1092 2681 1146 καὶ
2726 1091 2943 1162 ἀληθῶς
2987 1092 3242 1163 ἐναρέτου
3290 1091 3503 1164 Πατρὸς

241 1192 398 1265 ⁴ἡμῶν
442 1190 731 1245 Ἀντωνίου
758 1184 998 1250 τοιοῦτος
1023 1180 1090 1256 ἦν
1115 1187 1143 1240 ὁ
1174 1186 1308 1257 βίος,
1348 1187 1425 1253 ὡς
1447 1189 1475 1241 ὁ
1495 1189 1589 1242 τοῦ
1621 1189 1858 1259 μεγάλου
1905 1189 2109 1253 Ἠλίου,
2145 1189 2240 1243 καὶ
2280 1188 2604 1253 Ἐλισσαίου,
2643 1188 2735 1241 καὶ
2770 1189 3017 1242 Ἰωάννου
3050 1188 3144 1242 τοῦ
3174 1188 3502 1252 Βαπτιστοῦ,

242 1282 425 1348 καθὼς
456 1283 555 1337 xal.
582 1280 874 1353 ἐγγράφως
899 1279 1169 1349 μαρτυρεί
1197 1280 1328 1349 περὶ
1360 1278 1525 1333 αὐτοῦ
1556 1280 1695 1351 μετὰ
1722 1280 1823 1352 τὴν
1847 1279 2103 1350 τελευτὴν
2136 1280 2165 1332 ὁ
2201 1277 2506 1347 ἁγιώτατος
2552 1276 2984 1350 ἀρχιεπίσκοπος
3028 1279 3362 1343 Ἀθανάσιος,
3409 1280 3506 1332 καὶ

239 1376 337 1447 τὴν
369 1374 547 1446 αὐτὴν
573 1370 846 1441 διαγωγὴν
871 1366 1006 1440 ὁμοῦ
1031 1366 1275 1438 δηλώσας
1298 1367 1392 1421 τοῦ
1426 1368 1583 1437 ἁγίου
1614 1369 1828 1441 [ἰατρὸς
1851 1368 2074 1440 Ἀμοῦν,
2102 1368 2561 1439 ἀρχιμονάζοντος
2588 1369 2648 1421 ὲν
2680 1368 2758 1439 τῷ
2790 1372 2905 1444 ὄρει
2934 1373 3039 1443 τῆς
3084 1373 3133 1427 Ν
3140 1373 3317 1445 ιτρῑας
3349 1372 3504 1427 ἀδελ-

243 1466 378 1537 φῶν,
407 1467 506 1521 καὶ
540 1466 636 1520 σὺν
668 1463 818 1536 αὐτῷ
843 1462 1141 1535 Θεοδώρου.
1174 1462 1428 1519 Praeclari
1455 1464 1656 1519 etenim
1682 1480 1753 1520 351

2005 1480 2134 1520 vere
2160 1464 2457 1519 virtutibus
2487 1463 2673 1519 eximii
2696 1463 2875 1522 Patris
2902 1469 3076 1523 nostri
3107 1467 3352 1533 Antonii,
3383 1467 3506 1524 talis

245 1561 349 1616 vita
364 1560 473 1616 fuit
497 1560 678 1631 qualis
691 1559 876 1629 magni
890 1558 1039 1624 Elite,
1058 1558 1235 1615 Elisaei
1253 1569 1307 1615 et
1321 1558 1548 1616 Joannis
1578 1559 1852 1631 Baptista,
1876 1568 1937 1615 ut
1960 1560 2016 1614 in
2047 1559 2167 1630 ejus
2193 1558 2463 1629 Vita'post
2480 1568 2709 1614 mortem
2728 1559 2902 1631 ipsius
2918 1563 3118 1633 scripta
3135 1572 3362 1618 testatur
3375 1576 3506 1617 san-

240 1654 524 1712 ctissimus
548 1634 994 1725 archiepiscopus
1003 1653 1333 1711 Athanasius
1355 1672 1369 1709 :
1391 1654 1482 1712 ubi
1506 1654 1571 1711 de
1594 1656 1702 1711 vita
1727 1655 1857 1712 item
1876 1655 2165 1710 Ammunis
2188 1656 2299 1726 agit
2323 1655 2713 1710 monachorum
2738 1655 2979 1727 praefecti
3012 1656 3066 1711 in
3092 1662 3279 1710 monte
3297 1652 3503 1711 Nitriae.

246 1758 349 1799 nec
374 1760 487 1801 non
514 1744 584 1801 de
608 1742 920 1801 Theodoro.

313 1857 403 1913 15.
429 1857 668 1913 Joannes
717 1857 1098 1925 Damascenus,
1130 1868 1269 1916 orat.
1332 1862 1357 1917 Ι
1406 1860 1482 1919 De
1528 1862 1857 1935 imaginibus
1896 1881 1911 1920 :
1948 1862 2439 1931 Quemadmodum,
2489 1865 2590 1926 ait,
2634 1865 2841 1921 scimus
2888 1865 3109 1921 beatum
3144 1864 3504 1921 Athanasium

247 1957 570 2005 sanctorum
622 1950 881 2022 reliquias
922 1969 1033 2010 non
1078 1941 1133 2010 in
1165 1957 1320 2013 urnis
1350 1958 1719 2023 collocandas,
1754 1958 1847 2014 sed
1880 1959 2035 2013 humi
2073 1959 2406 2026 condendas,
2428 1973 2495 2014 eo
2528 1959 2756 2014 consilio
2785 1960 3085 2027 censuisse,
3111 1968 3171 2015 ut
3204 1958 3504 2014 absurdum

250 2035 633 2108 Egyptiorum
662 2052 871 2094 morem
901 2039 1209 2113 abrogaret,
1243 2043 1338 2114 qui
1368 2052 1618 2100 mortuos
1654 2059 1788 2101 suos
1823 2060 1933 2100 non
1958 2045 2062 2101 sub
2100 2054 2244 2102 terra
2283 2047 2611 2113 condebant,
2637 2049 2730 2105 sed
2776 2050 2830 2104 in
2860 2050 3073 2105 lectulis
3099 2056 3154 2103 et
3185 2049 3505 2118 scimpodiis

244 2124 610 2181 collocabant.
635 2124 707 2180 Et
734 2127 788 2180 in
826 2125 1062 2185 Historia
1107 2130 1378 2187 Barlaami
1418 2141 1475 2188 et
1519 2131 1827 2203 Josapltati,
1861 2150 1911 2188 c.
1946 2134 2057 2191 57:
2090 2135 2169 2191 Ac
2204 2136 2436 2207 denique
2465 2137 2737 2206 ingentem
2767 2138 2821 2193 in
2858 2138 3028 2209 ipsius
3058 2138 3265 2205 animo,
3311 2153 3505 2208 quem-

246 2216 547 2272 admodum
576 2214 813 2286 quodam
845 2217 967 2273 loco
1005 2220 1072 2291 de
1098 2236 1295 2294 magno
1317 2224 1555 2279 Antonio
1577 2225 1850 2295 proditum
1880 2233 1983 2293 est,
2011 2225 2403 2296 cogitationum
2430 2228 2710 2298 pulverem
2730 2231 3132 2287 commovebat.
3166 2226 3329 2283 Prior
3352 2230 3500 2283 locus

246 2310 436 2383 legitur
471 2311 572 2367 sub
598 2313 776 2382 ﬁnem.
803 2312 951 2368 Alter
979 2315 1110 2384 ipsis
1140 2318 1307 2371 verbis
1348 2334 1492 2372 num.
1530 2318 1586 2376 5.

316 2426 405 2484 IV.
430 2427 607 2483 Plura
635 2427 861 2498 proferri
891 2440 1099 2499 possent
1127 2431 1357 2488 Patrum
1402 2434 1542 2500 loca,
1577 2435 1669 2491 sed
1708 2435 1990 2508 plusquam
2018 2436 2155 2491 satis
2188 2435 2300 2491 haec
2333 2444 2479 2493 sunt.
2525 2435 2870 2505 Ecquodnam
2902 2436 3189 2492 Athanasii
3227 2451 3357 2507 opus
3382 2450 3506 2504 ger-

249 2535 461 2574 manum
493 2520 680 2589 fuerit,
708 2521 755 2574 si
778 2522 1016 2591 spurium
1050 2524 1196 2578 istud
1226 2526 1546 2581 concedatur
1567 2543 1587 2582 :
1620 2528 1771 2596 cujus
1802 2528 2095 2583 auctoritas
2127 2536 2205 2582 tot
2248 2526 2501 2594 Patrum,
2540 2538 2591 2584 et
2640 2529 2851 2600 quidem
2896 2529 3184 2584 multorum
3213 2527 3511 2582 Athanasio

250 2612 537 2681 aqualium
568 2612 865 2666 testimonio
893 2612 1144 2681 ﬁrmatur
1168 2616 1194 2669 ?
1219 2614 1289 2669 Et
1318 2616 1457 2687 quod
1483 2633 1686 2672 omnem
1711 2618 1975 2673 dimoveat
2002 2618 2353 2687 suspicionem
2378 2619 2529 2674 adest
2562 2618 2779 2690 Evagrii
2810 2620 3002 2699 versio,
3026 2633 3188 2689 quam
3216 2617 3296 2672 vel
3320 2632 3507 2686 super-

250 2708 388 2771 stite,
412 2706 494 2760 vel
523 2704 667 2759 haud
698 2704 792 2760 diu
818 2713 1024 2759 mortuo
1046 2706 1365 2774 Athanasio,
1394 2716 1602 2763 constat
1629 2725 1739 2764 esse
1767 2711 2044 2780 scriptam.
2080 2710 2526 2767 Adversariorum
2546 2713 2875 2783 argumentis
2904 2711 3061 2782 plane
3097 2709 3376 2765 levissimis
3390 2707 3511 2779 jam

256 2809 625 2849 occurramus.

328 2888 482 2941 Aiunt
515 2901 629 2941 esse
670 2890 1016 2939 commentum
1060 2881 1250 2937 insulsi
1290 2882 1517 2937 hominis
1555 2884 1646 2952 qui
1673 2883 1875 2955 insigne
1906 2883 2259 2951 mendacium,
2290 2885 2496 2957 insigne
2541 2895 2779 2941 scortum
2805 2888 3030 2943 ediderit
3057 2904 3075 2946 :
3107 2887 3177 2941 ad
3203 2901 3321 2956 qua:
3350 2892 3401 2939 et
3436 2900 3513 2939 st-

253 2982 399 3036 milia
421 2980 647 3037 Sculteti
671 2988 825 3049 atque
852 2975 1017 3031 Riveti
1041 2977 1327 3031 maledicta
1355 2978 1451 3031 hoc
1477 2993 1641 3031 unum
1667 2994 1994 3049 reponemus.
2020 2978 2196 3050 Longe
2216 2980 2375 3035 aliter
2411 2982 2639 3037 sensisse
2664 2997 2841 3039 omnes
2864 2987 2956 3054 qui
2984 2985 3048 3038 ab
3077 2982 3360 3037 Athanasii
3384 2990 3514 3036 tem-

256 3096 377 3150 pore
403 3079 655 3136 exstitere
684 3076 897 3141 Patres,
928 3084 1083 3146 atque
1107 3092 1170 3130 ea
1197 3076 1283 3129 hic
1310 3076 1412 3147 legi
1438 3076 1760 3132 Christianae
1781 3086 1832 3133 et
1864 3080 2169 3134 monasticae
2199 3080 2320 3135 vita:
2350 3080 2668 3137 documenta
2688 3120 2704 3148 ,
2732 3097 2851 3154 qua:
2884 3079 3116 3151 prudens
3151 3075 3512 3139 Christianus,

256 3173 446 3229 nedum
485 3178 818 3241 aspernetur,
852 3176 911 3221 ut
938 3164 1199 3236 praeclara
1232 3165 1354 3219 vita:
1381 3164 1716 3221 instituenda
1737 3177 1997 3236 praecepta
2020 3168 2265 3238 amplecti
2291 3168 2496 3225 debeat.

322 3266 443 3323 Non
463 3266 649 3323 haberi
674 3265 798 3319 item
831 3264 1013 3317 dicunt
1043 3261 1352 3315 monastica:
1378 3259 1499 3315 vita:
1531 3259 1690 3332 leges,
1726 3278 1857 3333 quas
1890 3260 2267 3318 Nazianzenus
2290 3264 2475 3319 scribit
2503 3264 2859 3345 Athanasium
2893 3261 2988 3317 sub
3013 3259 3338 3315 narrationis
3371 3272 3512 3327 pra.”

261 3370 400 3416 tetctu
420 3360 649 3417 voluisse
674 3355 1030 3427 promulgare.
1073 3350 1176 3407 Sed
1206 3349 1582 3405 Nazianzenus
1626 3352 1741 3407 loco
1786 3353 2025 3422 superius
2066 3370 2099 3407 a
2132 3351 2282 3408 nobis
2314 3354 2484 3410 allato
2519 3356 2575 3408 id
2613 3355 2787 3409 solum
2823 3354 3024 3419 innuit,
3064 3351 3288 3406 Antonii
3331 3349 3514 3406 Vitam

264 3456 325 3510 ab
356 3454 651 3510 Athanasio
696 3450 952 3520 scriptam
993 3443 1298 3500 monasticis
1347 3444 1470 3498 vita:
1499 3459 1740 3498 normam
1767 3460 1897 3509 esse,
1923 3445 2060 3516 quod
2108 3461 2235 3500 sane
2279 3446 2400 3501 huic
2446 3447 2639 3517 optime
2690 3448 2964 3503 convenire
2999 3445 3136 3501 nulli
3169 3461 3274 3500 non
3303 3442 3515 3513 conspi-

264 3564 413 3602 cuum
445 3554 547 3604 est.
2914 3523 2923 3533 ι

330 3638 567 3695 Narrant
591 3635 755 3691 etiam
787 3630 902 3697 alii,
932 3629 1011 3685 ait
1035 3628 1270 3693 Rivetus,
1294 3628 1589 3685 Antonium
1618 3637 1956 3685 causrdtcum
2003 3630 2177 3688 fuisse
2224 3640 2279 3687 et
2327 3632 2485 3689 valde
2527 3634 2770 3691 doctum.
2800 3644 2873 3691 At
2916 3634 3322 3692 commentitius
3350 3631 3520 3706 629

267 3741 448 3788 auctor
472 3733 581 3787 iste
610 3727 743 3783 dicit
768 3739 892 3781 eum
922 3721 1204 3778 indoctum
1234 3718 1406 3776 fuisse
1437 3728 1493 3775 et
1531 3719 1836 3775 litterarum
1861 3720 2197 3791 imperitum.
2230 3722 2287 3778 Id
2322 3723 2543 3794 quidem
2584 3740 2777 3781 verum
2825 3732 2910 3780 est
2941 3723 3234 3794 Augustini
3273 3731 3519 3792 tempore

265 3824 520 3894 iactatum
550 3820 738 3876 fuisse.
764 3814 1061 3871 Antonium
1088 3812 1241 3867 illum
1267 3812 1387 3868 sine
1415 3810 1525 3866 ulla
1552 3809 1778 3866 scientia
1816 3809 2117 3865 litterarum
2167 3810 2481 3881 Scripturas
2511 3812 2725 3870 divinas
2779 3824 2834 3870 et
2886 3814 3203 3870 memoriter
3246 3811 3523 3867 audiendo

271 3915 503 3970 tenuisse
527 3921 583 3968 et
611 3908 905 3981 prudenter
936 3901 1223 3975 cogitando
1253 3900 1607 3956 intellexisse.
1635 3898 1825 3955 Simile
1850 3900 2017 3956 etiam
2046 3902 2176 3973 quid
2213 3904 2565 3973 praedicatum
2593 3905 2763 3961 fuisse
2782 3905 2850 3961 de
2885 3920 3044 3961 servo
3076 3904 3310 3959 barbaro
3352 3900 3520 3956 Chri-

271 4006 439 4063 stiano
463 4025 478 4075 ;
506 4004 603 4061 sed
631 4008 896 4073 quantum
927 3997 1014 4055 his
1042 3996 1451 4052 narrationibus
1488 3994 1613 4050 ﬁdei
1662 3994 1913 4050 tribuerit
1950 3994 2309 4068 Augustinus,
2341 4013 2408 4053 ex
2439 4014 2505 4054 eo
2539 4008 2686 4070 patet
2733 4001 2880 4070 quod
2919 3999 3140 4070 subjicit
3163 3997 3237 4053 De
3274 3996 3521 4050 doctrina

272 4102 593 4167 Christiana,
627 4099 667 4155 l.
689 4114 729 4166 ι,
756 4097 812 4153 in
839 4095 1066 4167 prologo
1093 4111 1107 4149 :
1143 4111 1161 4143 ι
1189 4093 1260 4147 At
1306 4092 1354 4147 si
1403 4091 1522 4146 haec
1563 4090 1787 4161 quidem
1836 4089 1974 4146 falsa
2001 4091 2321 4159 arbitretur,
2353 4108 2461 4149 non
2503 4108 2605 4165 ago
2632 4090 2970 4165 pugnaciter.
2999 4109 3017 4142 ι
3049 4087 3207 4154 Quod
3239 4101 3371 4141 sane
3410 4100 3520 4141 non

269 4197 489 4256 dixisset
511 4198 562 4255 si
582 4192 939 4251 Athanasium
958 4190 1080 4261 ejus
1114 4186 1445 4243 narrationis
1468 4201 1577 4241 non
1606 4186 1891 4241 habuisset
1915 4196 2219 4243 auctorem.
2250 4186 2377 4242 Hac
2396 4186 2631 4256 Rivetus,
2652 4204 2813 4259 quam
2842 4187 2977 4241 bona
2998 4184 3123 4255 ﬁde,
3151 4184 3272 4236 hinc
3293 4180 3517 4235 edisces-

275 4294 562 4368 Postquam
606 4294 671 4349 de
690 4290 922 4347 Antonio
959 4303 1078 4358 quae
1112 4300 1273 4354 supra
1301 4282 1582 4338 attulimus
1624 4290 1677 4336 et
1718 4292 1868 4337 notat
1900 4282 1984 4336 hic
2016 4282 2250 4351 liivetus,
2279 4285 2521 4338 narravit
2555 4284 2910 4354 Augustinus,
2952 4281 3133 4337 subdit
3161 4299 3174 4336 :
3200 4280 3309 4334 Aut
3337 4277 3406 4334 ab
3427 4276 3522 4332 illo

277 4403 424 4446 servo
448 4389 684 4447 barbaro
715 4382 1048 4446 Christiano,
1082 4378 1150 4435 de
1187 4391 1297 4449 quo
1327 4392 1359 4432 a
1395 4375 1736 4448 gravissimis
1771 4376 1985 4446 ﬁdeque
2019 4376 2359 4447 dignissimis
2400 4377 2535 4432 viris
2576 4393 2752 4447 nuper
2792 4374 3142 4445 accepimus:
3175 4370 3270 4443 qui
3314 4370 3524 4425 litteras

278 4495 483 4552 quoque
510 4482 660 4551 ipsas
699 4475 851 4531 nullo
878 4473 1109 4528 docente
1152 4467 1393 4534 homine,
1424 4475 1529 4523 etc.
1561 4465 1635 4520 Et
1666 4475 1785 4536 post
1810 4466 1946 4521 hanc
1976 4466 2256 4522 historiam
2297 4467 2511 4537 subjicit
2535 4481 2554 4520 :
2581 4468 2653 4521 At
2683 4467 2730 4522 si
2757 4467 2872 4524 haec
2903 4464 3176 4538 quispiam
3210 4462 3346 4518 falsa
3375 4462 3523 4517 arbi-

280 4582 464 4645 tretur,
492 4592 603 4633 non
636 4588 738 4646 ago
766 4569 1102 4643 pugnaciter.
1134 4565 1269 4623 Cum
1294 4564 1426 4618 dicit
1453 4580 1507 4618 se
1539 4562 1676 4617 hanc
1705 4573 2023 4633 postremam
2050 4564 2331 4618 historiam
2366 4582 2400 4618 a
2431 4565 2762 4635 gravissimis
2811 4563 3012 4633 ﬁdeque
3040 4557 3366 4630 dignissimis
3396 4556 3525 4610 viris

285 4672 558 4741 accepisse,
587 4679 753 4724 totum
786 4664 954 4720 Riveti
975 4660 1158 4716 evertit
1192 4656 1566 4721 ratiocinium;
1590 4656 1727 4726 quod
1749 4672 1870 4711 cum
1900 4655 2060 4726 probe
2081 4656 2365 4711 adverterit
2386 4656 2626 4723 Rtvetus,
2653 4657 2752 4711 illa
2774 4655 2928 4710 verba
2953 4654 3145 4709 callide
3163 4649 3523 4722 praetermisit.

288 4761 423 4819 Nam
451 4768 521 4833 si,
555 4774 613 4819 ut
645 4775 917 4834 perperam
942 4761 1142 4827 pugnat
1170 4752 1406 4816 Rivetus,
1430 4750 1547 4805 ideo
1572 4752 1655 4805 ait
1678 4752 2008 4822 Augustinus
2030 4766 2051 4806 :
2079 4752 2151 4806 At
2181 4752 2228 4808 si
2267 4753 2561 4823 quisquam
2599 4751 2740 4807 falsa
2785 4752 3106 4817 arbitretur,
3142 4762 3249 4803 non
3285 4760 3387 4816 ago
3418 4759 3525 4814 pu-

286 4866 537 4932 gnaciter,
574 4861 713 4936 quod
751 4872 942 4932 parum
986 4852 1111 4922 ﬁdei
1139 4851 1222 4904 his
1266 4848 1664 4903 narrationibus
1709 4848 1983 4914 tribueret,
2015 4848 2149 4903 nihil
2184 4858 2440 4919 repugnat
2476 4848 2857 4903 Athanasiante
2885 4842 3257 4936 Itistoriatﬁnon
3286 4836 3529 4890 habuisse

286 4954 456 5027 ﬁdem,
488 4959 733 5031 quiitem
765 4948 1000 5007 historiae
1026 4967 1059 5004 a
1088 4945 1418 5019 gravissimis
1447 4944 1652 5015 ﬁdeque
1680 4945 2008 5015 dignissimis
2037 4945 2164 4999 viris
2200 4945 2417 5001 traditis
2440 4962 2632 5015 parum
2666 4942 2792 5014 ﬁdei
2815 4939 3084 5031 tribuerit.
3106 4935 3209 4991 Sed
3234 4946 3529 5031 reveraqnec

288 5028 568 5106 Athanasio
596 5064 686 5102 nec
716 5045 839 5100 aliis
862 5043 972 5098 illis
1004 5039 1108 5111 ﬁde
1132 5036 1455 5108 dignissimis
1489 5036 1616 5089 viris
1643 5035 1799 5103 ﬁdem
1832 5044 1889 5088 ut
1916 5034 2129 5104 deroget
2168 5034 2496 5103 Augustinus
2523 5032 2623 5086 illa
2662 5032 2793 5085 dicit
2826 5046 2844 5083 :
2878 5029 2990 5094 sed,
3022 5036 3079 5080 ut
3115 5031 3278 5094 patet,
3309 5028 3530 5075 conten-

292 5139 437 5195 tionis
456 5141 687 5198 vitandae
712 5137 913 5194 studio.
938 5132 1186 5203 Alioquin
1208 5148 1302 5185 cur
1326 5129 1430 5199 ﬁde
1460 5128 1800 5199 dignissimos
1825 5135 2079 5190 vocasset,
2106 5140 2176 5178 an
2198 5134 2256 5178 ut
2286 5132 2470 5193 postea
2498 5139 2553 5176 se
2579 5137 2761 5176 eorum
2795 5120 2955 5174 dictis
2982 5132 3173 5188 parum
3202 5114 3325 5185 ﬁdei
3342 5112 3531 5165 habere

294 5234 692 5303 testiﬁcaretur?
719 5232 789 5286 At
824 5244 942 5285 vero
971 5243 1075 5282 non
1105 5226 1199 5278 hoc
1231 5222 1403 5277 solum
1440 5220 1493 5273 in
1527 5221 1642 5274 loco
1666 5217 1722 5272 id
1745 5217 2072 5287 Augustinus
2099 5216 2174 5270 ait
2198 5232 2215 5274 .'
2242 5216 2331 5271 sed
2399 5216 2560 5270 etiam
2604 5210 3022 5268 Confessionum
3061 5208 3157 5263 lib.
3196 5221 3318 5271 vm,
3347 5221 3393 5259 c.
3437 5203 3530 5271 19,

293 5325 376 5379 ubi
401 5328 461 5383 de
477 5327 707 5383 Antonio
729 5326 944 5396 loquens
971 5321 1045 5376 ait
1070 5335 1088 5373 :
1113 5318 1359 5386 Surgunt
1389 5314 1617 5378 indocti,
1649 5322 1780 5378 etc.,
1813 5329 1930 5382 quae
1959 5310 2076 5366 vide
2099 5312 2363 5381 superius.

362 5416 506 5483 Quod
551 5438 670 5477 vero
720 5395 872 5473 aiunt
900 5414 1262 5485 Hospinianus
1299 5411 1497 5482 aliique
1538 5410 1827 5464 Antonium
1867 5408 2197 5462 causidicum
2218 5407 2383 5476 fuisse
2420 5413 2470 5460 et
2492 5404 2643 5459 valde
2672 5403 2919 5460 doctum:
2945 5404 3061 5466 hoc.
3091 5410 3149 5457 ut
3174 5398 3400 5455 advertit
3421 5395 3533 5451 Ro-

298 5514 529 5581 sweidus,
562 5531 628 5571 ex
659 5515 828 5570 Suida
862 5511 1167 5582 expiscatus
1202 5507 1291 5562 ille
1316 5515 1417 5561 est.
1451 5503 1532 5558 Ad
1578 5505 1753 5573 ipsum
1795 5501 2053 5566 Suidam,
2086 5502 2357 5556 brevitatis
2392 5516 2574 5565 causa,
2606 5500 2850 5555 lectorem
2890 5500 3209 5554 remittimus
3242 5507 3261 5546 :
3288 5492 3362 5546 ibi
3393 5491 3534 5545 enim

299 5604 524 5668 protinus
554 5607 723 5677 quivis
750 5607 1027 5676 perspiciet
1052 5614 1253 5660 auanta
1291 5604 1361 5657 sit
1401 5605 1539 5658 inter
1566 5601 1855 5658 Antonium
1896 5600 2051 5653 illum
2080 5608 2130 5654 et
2155 5610 2394 5655 nostrum
2438 5596 2817 5666 discrepantia.
2865 5592 3066 5647 Mirum
3095 5602 3221 5643 sane
3257 5592 3532 5653 postquam

306 5686 604 5765 Hospiniani
630 5708 979 5755 commentum
999 5698 1259 5756 detectum
1280 5696 1479 5768 fuerat,
1499 5695 1562 5752 ab
1586 5694 1827 5752 omnibus
1852 5704 2025 5750 tamen
2056 5692 2145 5763 qui
2166 5692 2311 5748 illius
2335 5690 2481 5761 [uere
2501 5687 2776 5744 sententia:
2798 5690 3109 5755 usurpatum
3127 5688 3307 5753 postea
3332 5684 3533 5747 fuisse:
