3824 6224
269 250 367 306 851
885 253 942 310 S.
986 254 1362 312 ATHANASII
1400 256 1550 313 OPP.
1594 256 1776 314 PARS
1811 259 1850 315 l.
1892 293 1960 302 -—
2000 259 2365 317 HISTORICA
2408 263 2496 317 ΕΤ
2537 264 2957 323 DOGMATICA.
3427 276 3569 330 8'52

272 385 393 463 cum
415 373 646 463 maxime
673 374 937 445 falsorum
963 374 1179 427 deorum
1213 375 1386 431 cultor
1416 375 1623 444 feratur
1649 377 1704 431 in
1736 376 1905 432 Suida
1931 380 2213 434 Antonius.
2247 380 2373 446 Sed,
2392 383 2492 436 etsi
2516 381 2850 438 Christianus
2878 395 3033 454 esset,
3053 405 3121 442 an
3146 389 3322 445 liceret
3348 410 3564 463 quem—

272 459 350 514 vis
385 461 592 518 obvium
618 469 930 533 Antonium,
957 471 1120 524 istum
1154 486 1266 524 esse
1293 471 1595 540 aﬂirmare?

352 552 503 624 Piget
547 572 675 611 sane
721 561 870 614 tricis
901 561 1208 632 hujusmodi
1254 575 1455 636 tempus
1495 576 1678 633 terere,
1719 579 1878 638 utque
1917 570 2056 625 brevi
2086 573 2497 640 complectamur
2521 574 2748 630 dicimus
2790 578 2961 631 multa
2991 579 3256 634 levissima
3287 599 3321 634 a
3349 581 3557 636 Riveto

273 645 456 743 objici,
489 651 708 718 utquod
743 657 818 707 ait
845 655 909 710 de
938 673 1182 727 responso
1211 661 1279 712 ad
1301 660 1637 728 philosophos
1658 661 1947 714 Antonium
1972 664 2454 736 irridentes,digno
2485 683 2612 722 sane
2640 673 2817 740 magni
2844 671 3098 736 Antonii;
3123 674 3284 743 quod,
3315 683 3374 727 ut
3400 675 3516 728 ridi

275 741 453 796 culum
477 743 741 814 exhibeat,
772 750 1050 806 detruncat
1078 752 1313 821 Rivetus,
1341 757 1421 809 uti
1445 757 1631 826 cuique
1661 757 1834 811 videre
1858 756 1998 813 licet.

351 833 512 926 Aliud
538 838 692 906 a/jert
722 841 862 896 idem
896 844 959 900 de
990 843 1177 913 pallio,
1206 846 1346 916 quod
1391 845 1650 901 Antonius
1677 849 1734 901 in
1764 851 2014 903 extremis
2047 866 2207 919 agens
2243 852 2557 917 Athanasio,
2583 870 2616 906 a
2640 871 2742 924 qua
2773 867 3044 926 acceperat
3079 858 3242 913 dedit.
3281 859 3425 913 Nam
3475 873 3544 915 ut

273 908 639 1026 tlult.Rivetus,
671 946 787 1026 cum
816 908 1042 1003 pallium
1073 942 1138 995 ab
1165 908 1462 997 Athanasio
1487 943 1589 997 sibi
1618 943 1804 997 datum
1849 963 1944 1014 pro
1979 908 2140 1001 Pauvli
2174 965 2391 1019 corpore
2432 908 2696 1004 huniando
2725 908 3548 1026 tradiderit—,-nonwpot—uitillm;

273 1015 448 1113 ipsum
487 1018 783 1113 Athanasio
804 1030 1096 1086 restituere.
1137 1033 1290 1098 Quod
1316 1051 1476 1105 quam
1515 1034 1670 1102 futile
1713 1036 1783 1088 sit
1829 1045 1886 1090 ut
1926 1039 2127 1104 videas,
2167 1015 2294 1094 nota
2328 1041 2616 1095 Antonium
2639 1045 2933 1113 quindecim
2966 1015 3088 1100 ante
3113 1015 3333 1102 mortem
3367 1066 3540 1104 annos

273 1103 450 1160 Paulo
485 1112 714 1258 {milium
739 1119 983 1176 attulisse
1006 1121 1069 1176 ab
1100 1103 1397 1178 Athanasio
1427 1123 1528 1179 sibi
1557 1123 1763 1180 datum.
1804 1127 1944 1192 Quid
1969 1103 2144 1184 autem
2170 1140 2307 1185 vetat
2345 1142 2405 1186 ut
2433 1143 2550 1203 post
2578 1103 2688 1189 huic
2720 1137 2868 1190 aliud
2901 1137 2967 1190 ab
2992 1139 3286 1194 Athanasio
3308 1141 3542 1210 pallium

273 1213 532 1258 acceperit

273 1213 532 1269 acceperit

343 1292 432 1399 Ait
461 1305 638 1399 autem
666 1300 856 1356 ibidem
880 1301 1013 1356 nihil
1042 1303 1125 1357 hic
1152 1305 1336 1361 haberi
1363 1309 1426 1362 de
1456 1309 1632 1365 Paulo
1661 1314 1873 1382 quicum
1900 1313 2162 1366 Antonius
2183 1314 2474 1368 collocutus
2491 1323 2568 1368 est
2591 1331 2612 1369 :
2637 1317 2776 1386 quod
2799 1337 3065 1392 nunquam
3095 1334 3250 1392 putat
3277 1325 3340 1378 ab
3367 1327 3535 1380 Atha-

273 1393 427 1488 nasio
459 1393 810 1488 omittendum
840 1398 1023 1467 fuisse.
1065 1398 1169 1453 Sed
1192 1418 1310 1454 cum
1338 1402 1717 1476 Hieronymus,
1749 1408 1840 1477 qui
1864 1408 1997 1461 hanc
2019 1418 2206 1462 narrat
2231 1410 2529 1472 historiam,
2549 1410 2692 1464 dicat
2709 1411 2860 1466 illam
2881 1431 2934 1468 se
2950 1417 3175 1471 scribere
3191 1419 3315 1488 quia
3335 1419 3538 1474 omissa

275 1475 437 1581 fuerit
462 1519 477 1543 ,
519 1481 585 1581 ab
618 1484 914 1544 Athanasio
956 1504 1092 1548 certe
1124 1497 1228 1561 fuit
1269 1501 1488 1566 omissa,
1521 1503 1673 1572 cujus
1710 1475 1855 1556 haud
1887 1503 2043 1558 dubie
2072 1506 2274 1573 scripta
2306 1505 2504 1575 legerat
2539 1501 2910 1574 Hieronymus.
2952 1508 3018 1561 Et
3053 1475 3254 1581 alioqui
3295 1513 3538 1566 Athana-

272 1573 404 1639 δίων
433 1584 492 1679 ίξί
533 1575 737 1679 fimum
775 1594 874 1651 δεῖν
903 1604 956 1641 se
992 1599 1216 1646 testatur
1258 1596 1533 1650 minimam
1582 1607 1785 1666 partem
1829 1599 2048 1653 Antonii
2071 1611 2336 1668 gestorum
2359 1615 2629 1653 narrasse.
2669 1600 2820 1665 Quod
2847 1605 2978 1656 satis
3007 1605 3076 1658 sit
3103 1573 3185 1658 ad.
3211 1609 3390 1660 omnia
3425 1607 3540 1663 alia

272 1680 339 1765 ea?
361 1670 572 1724 omissis
598 1675 785 1740 Petita,
811 1675 1121 1746 depellenda
1155 1695 1489 1754 argumenta.
1525 1685 1758 1740 Exstant
1783 1704 1910 1742 sane
1939 1689 2202 1757 permulta
2235 1687 2343 1741 alia
2368 1688 2587 1742 Antonii
2617 1688 2781 1741 vitam
2833 1697 3146 1761 spectantia,
3172 1712 3292 1765 quae
3315 1697 3399 1750 hic
3431 1699 3539 1751 mi-

272 1763 414 1818 nime
444 1766 712 1838 leguntur,
743 1788 959 1844 qumque
992 1775 1292 1834 Bollandus
1327 1797 1391 1835 ex
1421 1783 1582 1836 variis
1615 1783 1836 1836 collecta
1863 1784 2231 1852 scriptoribus,
2256 1783 2325 1836 ad
2349 1783 2547 1836 calcem
2567 1782 2701 1837 Vita:
2734 1782 2957 1837 Antonii
2990 1763 3257 1854 apposuit.

346 1863 500 1929 Quod
530 1882 805 1936 corporeas
830 1870 996 1940 faciat
1029 1871 1291 1926 dwmones
1323 1873 1607 1941 Antonius,
1639 1882 1696 1926 ut
1730 1873 1842 1927 vult
1881 1872 2116 1942 Rivetus,
2149 1875 2362 1928 minime
2387 1884 2593 1928 constat
2621 1892 2638 1928 :
2674 1875 2751 1927 ait
2782 1874 2950 1928 solum
2983 1875 3072 1929 ille
3100 1877 3364 1931 dtemanes
3405 1878 3540 1932 levi-

273 1963 369 2018 bus
393 1964 472 2017 uti
507 1965 834 2035 corporibus.
876 1965 1108 2021 Etiamsi
1132 1983 1405 2037 corporeos
1443 1968 1662 2034 faceret,
1685 1969 1812 2038 quid
1845 1969 1968 2022 hinc
1994 1968 2280 2038 colligatur
2297 1970 2322 2022 1’
2341 1969 2496 2022 multi
2521 1985 2744 2040 namque
2775 1967 2965 2021 Patres
2993 1977 3114 2021 ante
3135 1968 3410 2035 deﬁnitam
3427 1985 3545 2022 rem

272 2072 349 2133 ita
379 2063 666 2117 tradidere.
701 2062 769 2117 Et
801 2063 1002 2134 alioqui
1030 2081 1100 2118 an
1128 2063 1176 2118 si
1204 2080 1309 2134 qua
1336 2063 1392 2117 in
1421 2061 1677 2118 Patribus
1707 2063 1770 2118 de
1797 2063 2044 2119 doctrina
2066 2065 2347 2135 diﬂicultas
2370 2074 2635 2133 occurrat,
2657 2065 2842 2119 statim
2862 2063 3074 2127 νοθείας
3099 2065 3369 2134 suspicio?
3395 2064 3543 2132 Quot

269 2167 480 2211 exstant
515 2158 688 2215 talia?

349 2246 443 2302 Res
467 2266 572 2303 non
597 2262 674 2305 est
706 2251 933 2321 difﬁcilis
958 2267 1225 2304 remanere
1255 2251 1312 2303 in
1341 2260 1487 2304 statu
1514 2251 1828 2306 innocentia:
1857 2267 1962 2320 qua
1993 2250 2194 2304 conditi
2218 2267 2424 2318 sumus,
2458 2260 2517 2306 ut
2543 2253 2619 2305 ait
2646 2253 2928 2320 Antonius,
2962 2259 3091 2311 dum
3127 2259 3268 2312 adsit
3291 2258 3387 2313 Dei
3415 2276 3545 2328 gra-

274 2339 372 2407 tia,
401 2355 559 2411 quam
587 2358 858 2411 perperam
896 2341 1105 2394 Rivetus
1140 2339 1252 2394 vult
1280 2339 1490 2394 excludi
1523 2337 1587 2392 ab
1621 2339 1848 2392 Antonio
1873 2354 1890 2391 :
1919 2356 2038 2392 cum
2080 2356 2144 2394 ne
2172 2339 2383 2394 verbum
2413 2341 2623 2411 quidem
2656 2341 2914 2411 ejusmodi
2951 2365 3173 2420 usquam
3204 2351 3261 2402 in
3284 2350 3382 2403 hoc
3405 2350 3544 2404 libro

271 2448 594 2508 compareat.
649 2438 899 2503 Quinimo
945 2453 1083 2507 καῖρε
1128 2453 1188 2489 ac
1227 2435 1575 2506 liquidissime
1633 2435 1812 2488 innuit
1852 2434 2141 2500 Antonius,
2185 2435 2362 2488 omnia
2405 2435 2554 2489 nobis
2591 2435 2746 2504 bona,
2787 2437 3085 2496 dwmanum
3120 2442 3544 2512 lapsum,victo-

272 2537 414 2590 riam
438 2536 501 2589 de
535 2535 916 2588 tentationibus
946 2541 1271 2602 reportatum
1294 2547 1321 2584 e
1348 2529 1574 2583 Domino
1602 2529 1894 2598 provenire.

350 2627 566 2681 Demum
598 2629 674 2681 ait
702 2626 916 2681 Rivetus
943 2640 962 2678 :
995 2624 1172 2681 Verus
1195 2625 1553 2691 Athanasius,
1585 2625 1640 2679 in
1670 2624 1916 2695 Epistola
1947 2624 2017 2678 ad
2045 2623 2340 2688 salitarios,
2376 2635 2586 2690 narrat,
2624 2625 2790 2681 Blacii
2827 2627 3007 2684 femur
3040 2631 3438 2699 proﬁciscentis
3468 2632 3552 2687 ad

270 2724 504 2794 primam
549 2725 913 2788 mansionem,
937 2737 1137 2792 equum
1163 2721 1252 2776 cui
1282 2720 1552 2776 insidebat
1587 2719 1897 2775 cervicibus
1931 2719 2170 2784 retortis,
2209 2719 2281 2773 ita
2311 2719 2694 2786 momordisse,
2739 2731 2901 2790 atque
2931 2736 2998 2776 ex
3033 2721 3201 2778 dorso
3245 2739 3546 2779 excussum

271 2815 423 2869 humi
448 2815 706 2878 aﬂixisse,
727 2825 785 2870 ut
813 2816 955 2870 intra
985 2818 1225 2872 triduum
1255 2815 1569 2886 proximum
1596 2815 1840 2886 perierit.
1869 2815 2074 2870 Auctor
2107 2830 2237 2868 vero
2267 2812 2399 2868 Vita:
2419 2814 2635 2868 Antonii
2663 2830 2864 2884 equum
2892 2830 3003 2882 quo
3029 2815 3313 2872 Nestorius
3336 2833 3552 2887 praeses

271 2903 572 2958 vehebatur
606 2919 792 2959 morsu
829 2906 1110 2975 repentino
1139 2906 1379 2962 Blacium
1410 2905 1723 2961 decussisse
1753 2905 1807 2958 in
1840 2915 2064 2970 terram,
2089 2920 2152 2960 ac
2178 2905 2256 2959 sic
2288 2905 2340 2958 in
2374 2920 2500 2959 eum
2533 2905 2836 2959 inhiantem
2871 2904 3077 2961 femora
3112 2907 3232 2975 ejus
3265 2908 3547 2964 lacerasse

270 3002 327 3051 et
359 2996 683 3062 corrosisse,
715 3007 776 3052 ut
801 2999 984 3053 statim
1026 2999 1229 3056 relatus
1257 3001 1313 3054 in
1352 2999 1626 3056 civitatem
1662 3008 1784 3069 post
1825 2997 2070 3054 triduum
2103 3008 2354 3054 mortuus
2395 3000 2484 3053 sit.
2521 2997 2648 3055 Haec
2693 3000 2926 3054 varietas
2952 3015 3140 3054 verum
3178 3000 3547 3054 Athanasium

272 3104 303 3142 a
333 3091 523 3146 lictitio
561 3091 837 3147 evidenter
883 3093 1188 3164 distinguit.
1217 3094 1350 3150 Leve
1374 3096 1550 3161 illud;
1579 3113 1701 3149 nam
1732 3096 1904 3165 primo
1934 3112 2096 3166 equus
2127 3096 2216 3166 qui
2258 3095 2544 3149 Balacium
2585 3096 2721 3150 male
2757 3097 2978 3163 accepit,
3010 3095 3287 3164 utrobique
3331 3095 3555 3150 Balacii

272 3181 493 3244 dicitur,
525 3181 728 3235 scilicet
759 3200 922 3254 supra
951 3201 1072 3256 pag.
1103 3186 1208 3240 278
1245 3196 1295 3241 et
1327 3188 1472 3256 infra
1497 3188 1552 3240 in
1577 3187 1674 3241 hoc
1706 3203 1876 3256 opere.
1911 3186 2166 3255 Superius
2204 3197 2382 3240 autem
2405 3188 2621 3258 legitur,
2649 3189 3008 3258 ἐπιστραφεὶς
3041 3191 3069 3241 ὁ
3094 3190 3282 3252 ἵππος,
3314 3203 3551 3243 conver-

276 3289 373 3329 sus
409 3291 606 3344 equus,
645 3277 772 3348 quin
802 3277 1038 3339 dicatur,
1077 3275 1303 3343 fueritne
1336 3274 1428 3328 ille
1454 3292 1617 3345 equus
1647 3291 1748 3344 quo
1777 3273 2042 3330 insidebat
2087 3274 2343 3329 Balacius
2362 3315 2378 3339 ,
2411 3293 2478 3330 an
2513 3276 2654 3330 alius
2682 3279 2772 3348 qui
2801 3281 2924 3332 item
2953 3296 3080 3332 suus
3103 3288 3256 3334 esset.
3295 3278 3364 3332 Ut
3390 3279 3550 3332 detur

277 3379 452 3424 tamen
479 3387 591 3426 esse
619 3373 852 3443 aliquam
873 3371 1304 3439 discrepantiam,
1331 3371 1531 3440 quoties
1562 3370 1622 3439 ﬁt
1653 3377 1712 3422 ut
1751 3368 2000 3422 historias
2029 3386 2158 3440 quas
2180 3370 2380 3423 dudum
2418 3372 2774 3436 narravimus,
2799 3376 3103 3425 accuratius
3134 3381 3313 3440 postea
3337 3371 3548 3424 edisca-

277 3479 414 3517 mus.
445 3459 505 3518 Si
530 3464 627 3517 hoc
657 3474 1024 3535 argumentum
1046 3463 1305 3535 aliquanti
1336 3464 1492 3534 pretii
1521 3471 1675 3529 esset,
1710 3459 2008 3531 Epistolam
2033 3463 2100 3516 ad
2135 3463 2435 3518 monachos
2469 3465 2643 3532 potius
2682 3472 2875 3534 peteret
2905 3479 3063 3534 quam
3090 3461 3268 3516 Vitam
3295 3462 3545 3517 Antonii.

279 3555 426 3610 Nam
455 3559 810 3612 certissimum
836 3559 960 3614 licet
997 3561 1067 3614 sit
1105 3560 1334 3634 priorem
1355 3559 1636 3613 Athanasii
1674 3574 1806 3625 esse,
1837 3574 2164 3628 nequaquam
2214 3557 2312 3611 illa
2345 3568 2419 3612 tot
2453 3570 2683 3614 veterum
2719 3559 3058 3625 testimoniis,
3100 3567 3175 3612 tot
3219 3560 3546 3628 argumentis

276 3656 489 3708 nititur.
529 3654 641 3709 Nec
667 3656 879 3726 defuere
921 3658 1020 3710 viri
1059 3653 1305 3707 doctrina
1348 3653 1638 3722 conspicui,
1671 3653 1761 3724 qui
1805 3653 2048 3722 putarint
2095 3669 2199 3706 non
2230 3653 2295 3707 ab
2326 3654 2438 3723 ipso
2479 3656 2794 3718 Athanasio,
2825 3659 2916 3710 sed
2943 3655 3056 3724 ejus
3081 3655 3240 3724 jussu
3271 3653 3334 3708 ab
3367 3655 3552 3722 aliquo

277 3751 531 3819 scriptam
564 3751 717 3804 illam
747 3751 912 3821 fuisse
934 3766 953 3803 :
986 3749 1111 3820 quia
1155 3749 1358 3803 scilicet
1406 3765 1672 3818 nunquam
1699 3757 1890 3817 putant
1925 3748 1979 3800 in
2022 3748 2195 3817 prima
2226 3765 2453 3818 persona
2486 3750 2749 3819 singulari
2788 3749 3019 3803 locutum
3057 3749 3130 3802 ibi
3167 3748 3543 3812 Athanasium,

277 3842 418 3915 quod
449 3853 624 3899 tamen
651 3846 824 3899 minus
858 3861 1036 3899 verum
1061 3854 1159 3898 est.
1190 3841 1332 3896 Nam
1363 3843 1644 3914 aliquoties
1681 3843 1735 3896 in
1758 3859 1980 3912 persona
2005 3843 2290 3897 Athanasii
2319 3844 2554 3914 loquitur
2583 3845 2798 3900 ibidem.
2839 3843 2950 3898 Nec
2981 3843 3258 3898 minimum
3297 3843 3445 3896 dubii
3468 3851 3546 3897 est

280 3956 395 3995 esse
428 3941 595 4010 ipsius
621 3940 928 4006 Athanasii,
952 3941 1043 4013 qui
1085 3940 1248 3994 etiam
1285 3955 1339 3992 se
1371 3947 1599 3992 testatur
1632 3938 1687 3991 in
1715 3936 1956 4008 Epistula
1995 3938 2062 3992 ad
2096 3923 2470 4008 Serapionem,
2493 3938 2754 4008 ejusmodi
2784 3937 2988 3992 litteras
3021 3935 3089 3988 ad
3130 3934 3411 3988 monachos
3448 3936 3548 3989 mi-

279 4049 431 4088 81888.

361 4144 418 4200 ν.
453 4145 698 4217 Scriptor
724 4163 974 4218 nuperus,
997 4144 1358 4215 superioribus
1384 4143 1555 4197 denuo
1582 4143 1764 4197 allatis
1796 4145 2147 4214 argumentis,
2186 4159 2377 4197 novum
2402 4144 2500 4198 hac
2529 4145 2749 4214 profert,
2775 4143 3044 4200 Socratem
3069 4144 3268 4199 scilicet
3299 4152 3348 4198 et
3379 4141 3544 4197 Soza-

280 4256 492 4294 menum
521 4241 714 4307 dicere,
738 4243 876 4312 quod
917 4242 1145 4296 historia
1175 4242 1380 4311 feratur
1420 4241 1484 4295 de
1516 4241 1770 4294 Ammone
1799 4241 1855 4292 in
1885 4240 2073 4294 cretum
2097 4239 2260 4306 elato,
2289 4241 2417 4311 quin
2444 4252 2731 4296 memorent
2756 4259 2874 4296 eam
2899 4243 2964 4297 ab
2993 4243 3284 4296 Athanasio
3309 4245 3543 4310 narrari,

281 4336 420 4391 unde
453 4339 691 4407 sequitur
720 4339 856 4392 hanc
878 4338 1102 4392 Antonii
1139 4335 1316 4392 Vitam
1341 4338 1396 4391 in
1423 4353 1528 4406 qua
1555 4346 1814 4390 narratur
1843 4336 1952 4391 hac
1978 4336 2228 4404 historia,
2250 4355 2368 4391 eam
2393 4355 2497 4392 non
2518 4355 2628 4393 esse
2659 4356 2778 4410 qua:
2807 4338 2873 4391 ab
2908 4336 3200 4390 Athanasio
3228 4337 3426 4405 scripta
3445 4345 3540 4390 est.

285 4429 416 4484 llrcc
442 4447 600 4497 quam
628 4439 1000 4500 consequenter
1020 4430 1263 4500 judicent
1294 4430 1514 4495 eruditi,
1547 4430 1637 4484 sed
1661 4431 1947 4483 oscitanter
1972 4429 2260 4483 admodum
2289 4431 2518 4500 scriptor
2541 4432 2639 4485 iste
2663 4432 2760 4497 ait,
2791 4445 2892 4484 non
2919 4429 3089 4482 dicere
3123 4427 3400 4482 Socratem
3428 4444 3544 4482 eam

282 4527 456 4594 ipsam
506 4526 687 4580 haberi
737 4525 878 4594 apud
923 4525 1299 4578 Athanasium.
1338 4521 1479 4576 Nam
1507 4532 1624 4592 post
1663 4523 1890 4578 allatam
1931 4539 2047 4576 eam
2083 4522 2364 4576 historiam
2404 4524 2480 4577 ait
2512 4539 2529 4576 :
2561 4521 3028 4588 Quemadmodum
3074 4520 3131 4574 in
3179 4518 3302 4573 Vita
3329 4519 3545 4574 Antonii

285 4615 345 4669 S.
379 4615 710 4670 Athanasius
735 4615 1178 4684 archiepisc0pus
1200 4613 1620 4678 Alexandrinus,
1648 4622 1780 4678 etc.;
1807 4613 1972 4684 630
1993 4622 2113 4666 ante
2135 4611 2412 4667 Socratem
2438 4629 2556 4668 vero
2584 4613 2871 4668 Palladius
2898 4613 3129 4682 idipsum
3154 4627 3219 4665 ex
3248 4611 3544 4665 Athanasio

285 4713 464 4779 refert.
507 4710 790 4784 Utriusque
819 4711 993 4766 locum
1025 4712 1143 4766 vide
1173 4727 1358 4781 supra.

367 4834 446 4890 Vl.
483 4835 664 4889 Restat
688 4844 747 4889 ut
772 4851 935 4889 unum
964 4835 1186 4890 levemus
1209 4833 1557 4903 quorumdam
1588 4832 1916 4902 scrupulum,
1943 4833 2034 4902 qui
2067 4847 2206 4900 aegre
2236 4841 2311 4884 tot
2350 4832 2498 4898 visis,
2525 4841 2602 4886 tot
2628 4831 2905 4901 prodigiis,
2939 4838 3014 4883 tot
3041 4829 3339 4883 daemonum
3371 4827 3544 4896 phon-

286 4933 441 4986 tasiis
470 4941 520 4985 et
557 4931 830 4999 portentis,
868 4937 994 4999 quot
1028 4927 1084 4979 in
1111 4927 1210 4980 hac
1250 4925 1371 4980 Vita
1392 4925 1657 4996 leguntur,
1690 4927 1880 4978 habent
1914 4925 2092 4993 ﬁdem.
2127 4923 2230 4978 Sed
2261 4926 2359 4976 hac
2388 4925 2440 4977 in
2481 4940 2537 4977 re
2573 4924 2676 4978 tria
2713 4940 2831 4976 cum
2855 4923 3041 4993 primis
3071 4921 3353 4989 cogitanda
3377 4930 3543 4974 sunt:

286 5029 341 5077 1°
369 5023 637 5094 Quidquid
665 5025 734 5077 sit
762 5029 824 5076 de
847 5023 972 5077 visis
1005 5020 1115 5074 illis
1144 5029 1193 5074 et
1223 5020 1518 5073 daemonum
1546 5019 1871 5088 phantasiis,
1909 5033 1978 5070 an
2022 5034 2144 5071 vera
2181 5017 2382 5070 scilicet
2423 5017 2553 5083 sint,
2594 5031 2791 5080 necne;
2818 5031 2884 5068 ex
2927 5013 3308 5084 Chrysostami,
3341 5010 3542 5081 Ruﬁni,

287 5117 575 5186 Augustini
609 5126 658 5170 et
693 5114 935 5171 Socratis
982 5112 1297 5166 testimoniis
1329 5110 1570 5180 superius
1618 5109 1824 5175 allatis,
1853 5117 2178 5177 compertum
2225 5118 2323 5174 est,
2355 5125 2436 5162 res
2460 5107 2720 5176 ejusmodi
2758 5105 2955 5159 multas
2990 5105 3044 5157 in
3071 5102 3193 5158 Vita
3220 5101 3445 5157 Antonii
3480 5101 3544 5155 ab

288 5209 590 5264 Athanasio
623 5209 823 5278 scripta
851 5207 1021 5276 fuisse
1049 5208 1356 5273 recensitos,
1378 5222 1540 5276 quare
1577 5203 1775 5258 nullius
1809 5204 1864 5256 id
1891 5204 2140 5257 momenti
2167 5212 2242 5256 est
2268 5202 2336 5255 ad
2371 5219 2486 5255 eam
2525 5201 2818 5254 Athanasio
2855 5198 3290 5267 abjudicandam.
3317 5196 3378 5249 2°
3405 5195 3544 5250 Licet

290 5317 396 5354 non
415 5310 604 5354 temere
634 5300 819 5368 cuique
845 5299 957 5351 visa
979 5308 1028 5351 et
1057 5297 1357 5351 daemonum
1386 5304 1590 5361 spectra
1624 5291 1853 5361 loquenti
1881 5291 2194 5345 credendum
2232 5291 2322 5356 sit,
2349 5306 2468 5342 cum
2504 5289 2732 5342 maxime
2760 5289 2917 5342 multi
2947 5288 3142 5359 fabulis
3169 5287 3433 5357 ejusmodi
3465 5303 3541 5338 re-

290 5398 561 5452 censendis
587 5400 874 5467 gaudeant,
898 5392 1232 5448 temerarium
1255 5405 1469 5460 prorsus
1496 5387 1627 5457 foret
1654 5387 1766 5440 sine
1787 5385 1990 5440 delectu
2014 5390 2190 5439 omnia
2217 5385 2516 5454 explodere,
2537 5401 2653 5437 cum
2679 5385 3011 5454 potissimum
3032 5383 3291 5453 ejusmodi
3313 5383 3544 5452 plurima

291 5498 349 5548 in
379 5493 665 5565 Evangelia
694 5493 949 5563 legamus,
974 5491 1268 5544 dtemonum
1292 5485 1492 5540 scilicet
1517 5483 1743 5554 legiones
1775 5482 1988 5534 unicum
2020 5480 2308 5551 aliquando
2334 5480 2616 5546 hominem,
2648 5478 2936 5550 aliquando
2963 5493 3244 5548 porcorum
3269 5476 3391 5528 bina
3431 5476 3538 5529 mil-

293 5588 371 5641 lia
399 5588 723 5655 invadentes,
745 5585 1114 5654 diabolumque
1140 5584 1405 5637 videamus
1430 5583 1497 5634 ad
1513 5578 1696 5633 Iesum
1713 5575 2040 5631 accedentem
2073 5577 2245 5645 forma
2274 5576 2352 5647 (ut
2380 5585 2568 5644 putant
2595 5575 2702 5644 fere
2731 5571 2931 5643 omnes)
2955 5574 3186 5625 humana
3220 5587 3238 5624 :
3267 5587 3386 5624 cum
3410 5586 3546 5640 prae—

295 5681 556 5739 nuntiarit
598 5681 721 5734 item
754 5677 1007 5733 Dominus
1040 5676 1148 5742 fore
1192 5684 1247 5728 ut
1292 5673 1382 5744 qui
1405 5672 1668 5727 crederent
1707 5669 1759 5723 in
1809 5683 1947 5732 eum,
1982 5668 2037 5721 in
2069 5669 2274 5722 nomine
2301 5669 2413 5734 ejus
2439 5667 2699 5721 dtemania
2748 5665 3013 5734 ejicerent,
3044 5663 3253 5733 aliaque
3282 5662 3548 5732 prodigia,
