3824 6224
211 276 323 332 85?:
1359 276 1512 334 VITA
1553 279 1608 334 S.
1651 279 1956 336 ANTONII.
1997 311 2066 321 —-
2103 277 2445 336 MONITUM.
3405 285 3511 340 8'54

207 391 391 443 etiam
422 396 676 464 majora.
701 414 861 468 quam
898 400 1026 467 ipse,
1048 400 1296 454 ederent:
1323 415 1441 453 cum
1483 400 1623 469 apud
1648 417 1824 456 omnes
1851 403 2014 470 ferme
2040 400 2228 455 Patres
2257 403 2419 454 etiam
2459 400 2796 469 gravissimos
2835 401 3319 471 eruditissimosque
3352 403 3509 472 paria

207 498 600 542 enarrentur.
634 490 778 545 Unde
804 510 908 547 non
940 497 1210 563 prudentis
1232 507 1364 550 esset
1387 511 1467 550 res
1494 487 1772 564 ejusmodi,
1799 494 1971 549 solum
2001 496 2124 566 quia
2157 505 2278 548 sunt
2299 503 2492 564 praeter
2519 495 2971 561 consuetudinem,
2994 494 3142 548 nulla
3165 493 3346 549 habita
3378 512 3508 550 nar-

210 581 479 665 rantium
535 587 768 654 ratione,
791 589 930 642 inter
969 591 1136 644 aniles
1179 591 1390 659 fabulas
1413 600 1734 660 computare.
1780 591 1836 644 5ο
1865 589 1996 656 Quae
2029 591 2114 644 hic
2152 592 2216 645 de
2243 591 2542 645 daemonum
2569 591 2868 659 phantasiis
2899 591 3161 661 leguntur,
3187 591 3368 646 eadem
3390 592 3509 661 ipsa

207 669 423 724 iisdem
465 673 598 742 fere
627 679 793 732 verbis
827 695 1074 749 expressa
1101 681 1358 735 habentur
1377 683 1431 734 in
1460 681 1702 752 Epistola
1739 682 1806 736 ad
1834 683 2120 753 episcopos
2144 682 2360 754 Egypti
2391 692 2446 738 et
2477 682 2658 755 Libya:
2680 687 2775 739 sub
2805 683 3016 736 initium
3040 698 3058 736 :
3085 682 3175 736 ubi
3196 681 3319 736 bene
3343 683 3508 737 multa

210 767 465 831 reperies
499 770 633 823 istis
658 772 786 825 adeo
813 773 1031 837 similia,
1061 783 1118 826 ut
1143 775 1376 827 eamdem
1408 773 1564 843 facile
1595 775 1874 828 Athanasii
1909 792 2122 828 manum
2153 793 2429 846 agnoscas.

292 884 421 942 VII.
470 888 710 960 Evagrii
729 895 1014 947 versionem
1041 897 1180 963 quod
1210 902 1430 963 spectat.
1461 911 1624 965 usque
1651 895 1781 949 adeo
1805 895 1974 951 libera
2002 905 2101 962 est,
2126 906 2185 950 ut
2214 912 2570 966 swpenumero
2609 899 2884 954 verborum
2905 899 3184 954 Athanasii
3208 897 3341 952 nihil
3358 898 3505 968 pensi

205 982 488 1038 habuisse
525 988 795 1054 videatur,
822 989 926 1043 imo
956 991 1020 1044 ab
1049 989 1162 1060 ejus
1198 1008 1352 1062 scopo
1395 992 1812 1063 frequentissime
1842 995 2075 1059 aberrat,
2099 995 2330 1066 soletque
2356 996 2559 1050 brevius
2598 995 2968 1050 Athanasiana
3003 991 3313 1061 exprimere,
3344 1004 3504 1060 quam

206 1075 266 1126 in
298 1073 531 1130 Graecis
579 1092 904 1135 enarrentur.
940 1082 1072 1150 Quae
1103 1101 1264 1138 causa
1297 1085 1445 1139 nobis
1478 1087 1582 1156 fuit
1614 1096 1671 1140 ut
1702 1088 1990 1141 versionem
2022 1106 2049 1143 e
2081 1091 2289 1160 regione
2321 1088 2492 1144 Graeci
2542 1097 2710 1144 textus
2753 1105 2871 1161 qua:
2919 1087 3020 1157 ipsi
3051 1085 3260 1140 omnino
3296 1100 3505 1154 respon—

203 1163 366 1218 deret
390 1169 826 1236 adornaremus,
852 1173 1066 1246 Evagrii
1093 1179 1324 1232 versione
1359 1179 1426 1232 ad
1451 1179 1615 1232 imum
1640 1165 1848 1248 pagina:
1874 1183 2070 1250 posita.
2106 1181 2471 1238 Innocentium
2501 1201 2660 1254 porro
2681 1183 2748 1237 ad
2769 1199 2920 1254 quem
2941 1189 3202 1248 nuncupat
3227 1177 3503 1249 prologum

204 1271 377 1360 ευξιηῑ
410 1259 718 1331 Euagrius.
753 1267 1030 1336 opinamur
1059 1287 1175 1322 cum
1201 1270 1466 1326 Rosweido
1495 1289 1612 1326 eum
1646 1290 1777 1340 esse,
1810 1275 1873 1329 de
1901 1293 2000 1346 quo
2031 1276 2386 1348 Hieronymus
2411 1281 2567 1350 epist.
2602 1278 2667 1333 41
2701 1277 2770 1331 ad
2806 1275 3057 1346 Ruﬁnum
3083 1288 3100 1327 .‘
3128 1271 3500 1328 Innocentium

202 1359 391 1414 enim,
426 1365 659 1421 partem
706 1359 900 1414 animae
947 1377 1100 1429 meae,
1130 1365 1442 1434 repentinus
1491 1365 1724 1422 febrium
1754 1368 1918 1422 ardor
1945 1369 2229 1426 abstraxit.
2281 1370 2437 1426 Nunc
2479 1386 2589 1426 uno
2613 1386 2680 1424 ex
2710 1376 2826 1424 toto
2868 1367 3002 1422 mihi
3028 1365 3232 1419 lumine
3271 1361 3503 1431 Evagrio

205 1455 416 1499 nostro
442 1444 652 1516 fruor;
688 1453 774 1505 cui
799 1468 897 1524 ego
922 1470 1133 1525 semper
1157 1457 1405 1514 inﬁrmus
1436 1461 1503 1515 ad
1535 1461 1775 1516 laborem
1806 1463 2058 1518 cumulus
2098 1467 2324 1521 accessi.
2352 1464 2517 1535 Cujus
2540 1480 2682 1519 mors
2705 1481 2824 1518 cum
2856 1478 2993 1516 anno
3016 1460 3120 1516 569
3148 1456 3347 1514 vel'570
3378 1473 3504 1512 con-

204 1537 428 1698 ;igerit,
480 1545 732 1612 sequitur
783 1547 926 1602 haud
985 1551 1077 1604 diu
1118 1565 1233 1621 post
1280 1555 1535 1624 scriptam
1601 1555 1780 1612 Crazce
1829 1557 2052 1614 Antonii
2113 1559 2318 1628 Vitam,
2365 1561 2559 1616 Latine
2612 1577 2815 1615 versam
2870 1557 3168 1612 Athanasio
3225 1556 3507 1625 superstite

235 1647 412 1684 uisse.

235 1647 412 1684 “1888.

287 1726 438 1784 VIII.
476 1730 622 1786 Cum
652 1734 914 1792 Bollando
939 1749 1112 1793 autem
1137 1742 1500 1797 existimamus
1534 1744 1646 1810 ejus
1688 1745 2170 1815 interpretationem
2199 1743 2488 1798 adornasse
2520 1740 2811 1810 Evagrium
2854 1753 2972 1791 cum
3021 1736 3076 1790 in
3115 1733 3284 1789 Italia
3323 1742 3498 1788 esset:

207 1824 490 1882 nimirum
516 1828 746 1892 Italiam
774 1833 1028 1906 Euagrius
1057 1854 1172 1890 cum
1200 1837 1424 1894 Eusebio
1459 1839 1770 1895 Vercellensi
1797 1824 2018 1911 petierat
2051 1842 2190 1894 circa
2225 1857 2418 1894 annum
2461 1837 2587 1902 562,
2619 1836 2809 1889 isthinc
2837 1849 3070 1889 reversus
3107 1840 3185 1886 est
3224 1847 3343 1884 cum
3369 1829 3503 1882 Hie-

206 1931 450 1987 ronymo
478 1931 534 1976 et
570 1918 874 1981 Innocentio
919 1939 1035 1998 post
1081 1929 1294 1985 Eusebii
1335 1930 1676 1986 Vercellensis
1711 1933 1934 1993 obitum.
1959 1949 2096 1987 anno
2130 1932 2337 1986 circiter
2373 1931 2476 1986 ’569
2499 1929 2575 1984 vel
2615 1929 2738 1984 570.
2773 1925 3112 1982 Innocentius
3144 1939 3261 1977 vero
3293 1921 3499 1974 itineris

209 2011 422 2080 socius,
460 2015 560 2068 cui
593 2020 877 2073 versionem
906 2038 1058 2074 suam
1097 2036 1385 2092 nuncupat,
1419 2027 1473 2079 in
1506 2028 1617 2095 ipso
1661 2029 1729 2080 ad
1759 2025 1977 2096 Syriam
2017 2026 2242 2080 adventu
2284 2025 2436 2088 obiit,
2467 2034 2524 2076 ut
2561 2022 2915 2090 Hieronymus
2947 2019 3149 2073 indicat
3184 2015 3402 2084 epistola
3427 2012 3491 2067 41

208 2098 285 2152 ad
315 2101 618 2171 Ruﬁnum.
648 2105 824 2172 Quare
847 2126 946 2162 non
969 2112 1138 2180 potuit
1161 2122 1276 2182 post
1312 2113 1538 2167 reditum
1558 2131 1671 2168 eam
1695 2117 1978 2170 versionem
2007 2117 2287 2178 adornare,
2319 2123 2471 2183 atque
2497 2113 2566 2166 ad
2600 2111 2958 2166 Innocentium
2987 2107 3288 2162 inscribere.
3343 2107 3496 2174 Quod

211 2205 402 2252 autem
427 2201 743 2271 suspicatur
769 2204 1084 2274 Bollandus,
1111 2207 1400 2279 Evagrium
1426 2212 1560 2279 forte
1585 2212 1967 2266 Alexandriam
2000 2230 2120 2267 cum
2159 2211 2386 2266 Eusebio
2429 2210 2740 2265 Vercellensi
2768 2209 3164 2278 commigrasse,
3198 2215 3354 2277 atque
3384 2206 3497 2260 illic

209 2285 452 2345 Antonii
492 2291 676 2348 Vitam
706 2297 769 2349 ab
808 2301 1095 2359 Athanasio
1138 2305 1316 2362 Graece
1342 2311 1636 2378 accepisse;
1676 2310 1731 2364 id
1765 2328 1891 2365 sane
1928 2312 2045 2380 fieri
2087 2312 2299 2364 omnino
2346 2326 2448 2364 non
2483 2310 2716 2379 potuisse
2765 2306 3106 2361 arbitramur.
3159 2304 3304 2359 Nam
3360 2321 3499 2375 prte-

213 2383 472 2446 terquam
522 2385 665 2452 quod
711 2403 812 2442 non
850 2401 933 2446 sat
975 2396 1070 2447 otii
1100 2395 1390 2451 Athanasio
1432 2401 1594 2468 fuisse
1626 2409 1748 2454 tunc
1797 2400 2001 2455 videtur
2027 2402 2096 2454 ad
2134 2419 2251 2456 eam
2295 2399 2744 2466 conscribendam,
2771 2399 2960 2468 quippe
2985 2397 3075 2466 qui
3099 2397 3397 2465 nuperrime
3428 2395 3496 2449 ab

209 2473 408 2528 exsilio
434 2479 803 2549 remigrasset,
833 2494 883 2538 et
905 2491 1228 2556 gravissimis
1266 2501 1389 2546 tunc
1408 2493 1655 2550 Ecclesice
1687 2496 2079 2550 necessitatibus
2103 2496 2439 2558 detineretur,
2477 2495 2554 2548 ait
2583 2494 2692 2563 ipse
2723 2493 2780 2546 in
2819 2490 3036 2560 prologo
3078 2489 3146 2542 ad
3173 2487 3352 2543 Vitam
3381 2489 3497 2542 An-

211 2565 377 2656 tonii,
414 2572 739 2638 rogantibus
766 2579 1032 2633 monachis
1055 2581 1111 2633 id
1135 2585 1302 2652 operis
1329 2601 1626 2654 aggressum
1651 2602 1706 2640 se
1738 2587 1912 2656 urgeri
1951 2603 1983 2640 a
2024 2586 2332 2651 tabellario,
2353 2587 2443 2656 qui
2475 2584 2755 2639 Athanasii
2784 2581 3094 2651 opusculum
3122 2580 3309 2649 (jussu
3347 2580 3490 2633 haud

209 2655 375 2750 dubie
401 2664 811 2735 monachorum)
832 2669 1098 2738 delaturus
1129 2683 1264 2739 erat,
1292 2677 1430 2744 quod
1464 2677 1660 2730 scilicet
1693 2678 1761 2730 ad
1787 2655 1943 2748 finem
1963 2689 2185 2749 vergeret
2209 2680 2489 2750 navigandi
2509 2687 2807 2748 tempestas.
2833 2674 2902 2728 At
2928 2691 3046 2728 cum
3074 2672 3333 2727 Eusebius
3368 2671 3498 2726 Ver-

212 2747 467 2806 cellensis
485 2753 817 2812 Alexandria
837 2761 903 2813 sit
925 2762 1187 2831 profectus
1208 2766 1347 2818 circa
1370 2766 1663 2836 Augustum
1687 2784 1932 2833 mensem,
1959 2770 2186 2822 nondum
2211 2770 2538 2823 Athanasius
2561 2785 2687 2837 opus
2707 2785 2861 2823 suum
2889 2768 3282 2836 conscripsisse,
3303 2775 3355 2820 et
3374 2777 3500 2820 tunc

215 2839 460 2913 Evagrio
499 2849 787 2904 tradidisse
815 2856 1002 2920 potuit.
1034 2857 1211 2924 Quare
1256 2869 1500 2928 putamus
1526 2862 1656 2916 data
1703 2861 1954 2917 Ecclesia:
1994 2864 2389 2937 Athanasioque
2425 2881 2632 2919 summa
2663 2881 2794 2934 pace
2831 2880 2969 2916 anno
3001 2863 3214 2916 circiter
3260 2861 3367 2918 365
3398 2862 3496 2916 hoc

216 2939 546 3092 ppusculum
581 2941 644 2996 ab
669 2945 959 3003 Athanasio
986 2952 1183 3006 editum
1234 2954 1288 3008 in
1335 2953 1557 3010 Italiam
1608 2959 2015 3025 transmissum,
2079 2971 2233 3031 atque
2291 2960 2404 3014 illic
2445 2971 2626 3030 postea
2667 2959 2731 3013 ab
2774 2959 3003 3029 Evagrio
3054 2957 3243 3013 Latine
3292 2974 3497 3014 versum

244 3045 409 3085 uisse.

244 3045 409 3085 uisse.

287 3121 384 3177 IX.
419 3123 588 3179 Hanc
629 3135 800 3181 autem
844 3130 1128 3187 versionem
1169 3133 1232 3187 ab
1270 3134 1586 3206 Hieronymo
1615 3136 1779 3206 fuisse
1817 3139 2136 3190 adornatam
2175 3133 2379 3202 putavit
2416 3139 2535 3201 post
2587 3131 2722 3184 alios
2750 3131 3003 3202 quosdam
3036 3130 3339 3195 Baronius;
3372 3133 3497 3186 hinc

218 3209 471 3281 deceptus
503 3217 646 3285 quod
681 3217 736 3270 in
763 3219 1102 3286 epistolaAOl
1133 3218 1202 3272 ad
1249 3219 1650 3275 Pammachium
1698 3221 2048 3292 Hieronymus
2082 3220 2356 3291 prologum
2400 3217 2613 3288 Evagrii
2659 3218 2908 3286 referens,
2951 3220 3112 3271 tacito
3147 3218 3359 3289 Evagrii
3399 3236 3495 3272 no-

221 3303 383 3369 mine,
417 3307 537 3362 haac
576 3309 760 3364 dicat:
785 3311 973 3378 Qualis
1002 3328 1166 3383 super
1197 3314 1301 3369 hoc
1329 3330 1524 3384 genere
1552 3315 1962 3385 praefatiuncula
1997 3315 2088 3378 sit,
2121 3315 2176 3368 in
2212 3314 2350 3368 libro
2379 3328 2490 3382 quo
2533 3311 2670 3365 beati
2708 3310 2933 3365 Antonii
2973 3311 3097 3366 Vita
3137 3313 3488 3378 describitur,

224 3396 402 3465 ipsius
434 3403 674 3459 lectione
699 3419 967 3474 cognosce
997 3425 1009 3461 :
1052 3425 1071 3458 ι
1105 3405 1183 3461 Ex
1210 3407 1316 3462 alia
1347 3408 1401 3462 iu
1425 3408 1608 3473 aliam,
1636 3428 1654 3460 ι
1683 3417 1814 3472 etc.,
1849 3417 1908 3461 ut
1944 3408 2109 3478 infra,
2134 3405 2230 3460 sub
2262 3406 2419 3475 ﬁnem
2457 3404 2650 3474 legitur
2675 3420 2694 3457 :
2726 3403 2819 3473 qui
2865 3404 3079 3458 beatum
3107 3403 3405 3458 Antonium
3438 3413 3496 3459 te

223 3505 438 3560 petente
471 3501 806 3571 transposui.
836 3501 989 3568 Quod
1025 3505 1088 3559 de
1127 3523 1180 3560 se
1225 3504 1424 3559 dixisse
1449 3503 1828 3574 Hieronymum
1861 3504 1999 3558 male
2023 3503 2227 3574 putavit
2271 3502 2538 3557 Baronius
2574 3517 2592 3556 :
2629 3501 2781 3570 cujus
2815 3499 2996 3571 lapsus
3018 3500 3136 3570 jam
3166 3501 3360 3556 nemini
3385 3517 3493 3555 non

227 3585 429 3656 liquet:
452 3607 620 3660 quare
645 3609 747 3646 non
774 3603 845 3647 est
871 3594 1007 3664 quod
1039 3596 1092 3650 in
1123 3597 1204 3650 his
1237 3595 1438 3650 diutius
1469 3585 1836 3650 immorentur.

293 3701 363 3758 Χ.
399 3705 669 3761 Caeterum
713 3709 948 3764 ordinem
978 3713 1220 3780 temporis
1270 3712 1450 3768 sedulo
1498 3721 1670 3768 servat
1714 3711 1809 3767 hoc
1835 3712 1890 3766 in
1914 3710 2048 3765 libro
2094 3709 2422 3766 Athanasius
2462 3710 2600 3781 quod
2628 3727 2664 3764 a
2690 3709 2819 3764 viris
2859 3708 3152 3763 eruditione
3191 3707 3490 3773 conspicuis

230 3794 442 3850 minime
474 3799 900 3854 animadversum
921 3804 1118 3856 erroris
1151 3802 1259 3857 illis
1288 3820 1448 3857 causa
1475 3804 1595 3874 fuit.
1629 3803 1944 3860 Curavimus
1969 3817 2062 3856 nos
2094 3800 2304 3872 singula
2326 3809 2476 3869 gesta
2501 3801 2610 3855 suis
2653 3799 2974 3870 temporibus
3005 3798 3285 3865 ascribere,
3331 3798 3490 3851 annis

229 3900 386 3953 quam
411 3894 718 3948 accuratius
748 3895 1014 3964 potuimus
1045 3897 1114 3951 ad
1138 3899 1424 3970 marginem
1457 3901 1674 3954 notatis.

810 4233 1240 4298 PROLOGUS
1284 4233 1644 4296 EVAGRII
1691 4234 1806 4300 ΙΝ,
1840 4233 2111 4298 VITAM
2158 4233 2320 4298 SAN

1397 4233 1644 4296 AGRII
1691 4234 1806 4300 ΙΝ,
1840 4233 2111 4298 VITAM
2158 4233 2467 4298 SANCTI
2523 4234 2907 4324 ANTONII.

298 4434 586 4514 Presbyter
613 4440 876 4512 Evagrius
901 4441 1216 4496 Innocentio
1246 4441 1570 4497 charissimo
1601 4441 1712 4496 ﬁlio
1746 4442 1800 4496 in
1830 4439 2062 4498 Domino
2092 4443 2325 4499 salutem
2354 4441 2493 4514 (18).

297 4557 372 4615 Ex
399 4564 503 4618 alia
535 4564 588 4618 in
625 4564 786 4618 aliam
811 4563 1051 4632 linguam
1078 4563 1146 4618 ad
1176 4563 1400 4618 verbum
1428 4579 1686 4633 expressa
1718 4564 2002 4620 translatio
2023 4580 2218 4620 sensus
2260 4564 2437 4633 operit
2471 4563 2607 4634 (l9),
2635 4572 2689 4618 et
2715 4562 2882 4619 veluti
2924 4563 3048 4618 laeto
3084 4563 3329 4634 gramine
3367 4573 3486 4617 sata

235 4657 553 4725 strangulat.
576 4655 713 4709 Dum
741 4655 882 4709 enim
914 4655 1132 4710 casibus
1154 4665 1206 4710 et
1228 4655 1414 4725 ﬁguris
1446 4657 1612 4710 servit
1637 4657 1834 4722 oratio,
1859 4656 2000 4726 quod
2035 4655 2148 4724 (20)
2175 4656 2325 4710 brevi
2355 4664 2566 4724 poterat
2599 4655 2845 4709 indicare
2872 4669 3146 4719 sermone,
3178 4654 3341 4724 longo
3366 4669 3483 4708 am-

236 4745 345 4803 bitu
372 4752 704 4808 circumacu
735 4751 827 4805 vix
852 4751 1088 4820 explicat
1119 4750 1252 4822 (21).
1288 4749 1400 4805 Hoc
1445 4752 1612 4822 igitur
1639 4767 1740 4821 ego
1790 4752 1991 4838 vitans,
2015 4749 2194 4804 Vitam
2231 4750 2374 4804 beati
2404 4749 2654 4815 Antonii,
2680 4758 2734 4805 te
2777 4755 3012 4820 petente,
3046 4749 3120 4802 ita
3145 4748 3486 4818 transposui,

234 4851 288 4898 ut
316 4847 450 4902 nihil
493 4847 634 4904 desit
673 4862 740 4902 ex
773 4861 956 4912 sensu,
989 4861 1114 4902 cum
1149 4846 1356 4917 aliquid
1385 4847 1526 4902 desit
1566 4862 1636 4902 ev
1660 4847 1865 4903 verbis.
1904 4846 2011 4901 Alii
2055 4845 2297 4917 syllabas
2321 4855 2664 4914 aucupentur
2696 4853 2751 4901 et
2787 4845 3020 4907 litteras,
3057 4851 3114 4898 tu
3144 4855 3327 4912 quaere
3358 4855 3485 4895 sen-

236 4942 480 4999 tentiam.

306 5117 413 5186 (18)
450 5121 817 5183 Colbertinus,
837 5118 1020 5174 Sancti
1047 5118 1302 5173 Germani
1329 5118 1519 5182 codev,
1543 5115 1796 5172 Gemme-
1899 5115 1956 5183 2,
1981 5124 2036 5170 et
2060 5113 2405 5186 Hieronym.,
2429 5113 2690 5186 indicare,
2717 5111 2812 5186 alii
2840 5125 3050 5176 omnes,
3083 5111 3333 5186 indicari:

242 5181 450 5260 licensis
474 5193 530 5254 2,
563 5181 842 5260 Presbyter
873 5189 1129 5260 Euagrius
1156 5191 1338 5242 carino
1367 5191 1381 5254 (
1407 5181 1662 5260 German.
1695 5187 1793 5240 ad-
1943 5181 2090 5260 ’(21)
2128 5181 2492 5260 Hieronymus
2519 5201 2532 5237 :
2567 5181 2680 5235 Hoc
2708 5183 2870 5251 igitur
2913 5197 3004 5250 ego
3035 5183 3336 5260 ὐἱέ-ρης.ᾳυὶ
3363 5185 3486 5260 bea-

241 5254 316 5330 ρὶι
368 5251 695 5330 charissima)
727 5251 866 5330 filio.
896 5251 1160 5330 Nimirum
1195 5275 1316 5314 cum
1356 5251 1502 5330 esset
1529 5258 1792 5330 scriptum
1901 5251 2012 5330 tum
2057 5251 2368 5330 Antonium:
2397 5263 2445 5307 te
2494 5261 2694 5330 petente
2741 5252 3067 5330 transposui.
3102 5251 3170 5306 Et
3204 5252 3284 5307 sic
3316 5256 3482 5330 etiam

240 5319 292 5377 in
317 5329 635 5398 quihusdam
670 5319 970 5396 co'dicibus,
1001 5327 1188 5385 θαι-ἦἷο
1225 5345 1325 5398 pro
1351 5319 1694 5393 charissima,
1721 5342 1788 5390 ex
1891 5325 2066 5398 Colb.
2087 5326 2303 5398 Gemini.
2340 5324 2374 5377 ﬁ
2412 5332 2467 5398 e_t
2494 5319 2740 5398 'Germ.,_
2760 5323 2852 5398 qui
2878 5319 3075 5398 tamen
3105 5337 3205 5398 p_r_o
3239 5324 3363 5398 qui.
3385 5326 3484 5398 ha-_

240 5391 418 5453 carina
450 5403 666 5457 demum
693 5404 880 5456 carino
905 5391 1108 5455 factum
1137 5391 1259 5454 fuit.
1680 5391 1687 5393 “
1893 5396 2023 5450 bent
2051 5396 2152 5461 ita,
2172 5395 2385 5450 melius.
2419 5393 2686 5448 Gemmet.
2720 5394 2772 5458 1,
2804 5391 2979 5461 Igitur
3005 5391 3115 5461 ego
3139 5391 3312 5445 Vitam
3344 5395 3485 5447 beati

311 5468 416 5542 (19)
457 5472 814 5542 Hieronymus
841 5472 906 5542 ad
938 5470 1372 5533 Pammachium,
1395 5484 1621 5542 sensum.
1654 5464 1789 5542 Ibid.
1894 5467 2134 5542 Antonii.
2166 5466 2310 5542 itate
2350 5472 2572 5542 petente,
2601 5463 2923 5542 transposui.
2955 5461 3096 5516 Edit.‘
3122 5481 3135 5518 ;
3172 5461 3287 5542 Hoc
3316 5464 3483 5534 igitur

247 5531 594 5604 Colbisolus,
627 5531 816 5609 aperit.
845 5541 968 5594 Mox
998 5556 1189 5594 omnes
1212 5531 1570 5608 manuscripti
1597 5546 1651 5591 et
1677 5534 1796 5597 llie-
1895 5553 1987 5606 ego
2014 5533 2401 5609 v_itans,Vi_tam
2431 5533 2831 5609 beatiAntonii,
2864 5544 2912 5587 te
2937 5542 3159 5609 petente,
3184 5536 3261 5585 ita
3306 5531 3479 5588 trans-

249 5618 478 5681 ΐοιψηη
502 5602 624 5667 ιωέο
653 5602 905 5681 gramine.
936 5609 1100 5681 Editi,
1135 5611 1317 5681 lectum
1342 5602 1578 5679 gramen.
1606 5677 1616 5681 _
1686 5678 1700 5681 _
1896 5602 2072 5681 p'os‘ui.
2101 5603 2526 5681 Mox__G_emmet.
2558 5603 2582 5655 1
2615 5613 2669 5657 et
2691 5603 2869 5681 9011).,
2903 5602 3125 5681 syllabis
3161 5613 3484 5681 occupentur

317 5673 420 5747 (20)
457 5673 737 5746 ϐετηιειῖι..
773 5682 1011 5735 breviter.
1054 5679 1173 5735 Mox
1203 5673 1650 5735 Gemineticcnsis
1679 5678 1704 5731 1
1742 5684 1798 5730 et
1897 5673 1946 5729 et
1979 5675 2193 5732 litteris.
2229 5674 2366 5731 Ibid.
2396 5675 2583 5730 Germ.
2611 5683 2667 5730 et
2699 5673 2970 5730 Gemmet.
3006 5673 3062 5742 2,
3105 5675 3320 5744 qmeris.
