3824 6224
219 290 335 349 857

850 400 1251 459 ΠΡΟΟΙΜΙΟΝ.
1316 471 1349 483 _

307 496 585 569 Ἀγαθὴν
599 495 826 567 άμιλλαν
842 495 927 548 ὲνε
934 495 1030 567 στή
1037 494 1200 549 σασθε
1218 494 1351 567 πρὸς
1367 494 1493 559 τοὺς
1505 495 1562 549 ὲν
1574 483 1836 566 Αἰγύπτῳ

222 590 570 659 μοναχοὺς,
620 588 739 659 ῆτοι
770 584 1176 658 παρισωθῆναι,
1222 586 1256 657 ἢ
1290 587 1383 640 καὶ
1405 585 1837 659 ὑπερὸάλλεσθαι

218 678 475 744 τούτους
522 677 885 749 προελόμενοι
918 680 985 748 τῇ
1012 680 1130 731 κατ’
1159 678 1361 751 ἀρετὴν
1398 677 1551 749 ὑμῶν
1582 677 1833 749 ἀσκήσει.

217 772 339 824 Καὶ
372 770 504 842 γὰρ
542 770 643 824 καὶ
689 771 821 842 παρ’
851 770 980 841 ὑμῖν
1011 771 1088 840 (2)
1117 768 1304 825 λοιπὸν
1341 770 1711 842 μοναστήρια,
1741 769 1837 823 καὶ

215 862 281 915 τὸ
307 861 432 915 τῶν
464 860 731 933 μοναχῶν
758 861 929 932 ὄνομα
954 861 1314 920 πολιτεύεται.
1371 861 1585 934 Ταύτην
1620 862 1717 938 μὲν
1744 857 1835 918 οὖν

216 954 324 1025 τὴν
364 945 906 1027 πρόθεσιν⁹δικαίως
930 954 994 1009 ἄν
1017 972 1102 1020 τις
1132 955 1435 1010 ἐπαινέσειε
1454 994 1469 1020 ,
1494 956 1588 1009 καὶ
1607 953 1835 1026 εὐχομέ-

217 1062 334 1099 νων
376 1046 412 1098 ὑ
422 1045 561 1117 μῶν
593 1044 690 1115 (5),
719 1046 749 1098 ό
780 1043 912 1108 Θεὸς
937 1044 1269 1099 τελειώσειεν
1288 1062 1302 1077 ο
1331 1044 1517 1116 ἐπειδὴ
1542 1044 1599 1099 δὲ
1623 1044 1837 1117 ἀπῃτή-

220 1154 362 1190 σατε
390 1138 503 1192 καὶ
536 1139 667 1209 παρ’
694 1135 828 1208 ἐμοῦ
860 1138 986 1209 περ)⁸
1009 1138 1110 1209 τῆς
1139 1137 1412 1201 πολιτείας
1437 1136 1532 1190 τοῦ
1561 1138 1834 1209 μακαρίου

232 1224 584 1289 Ἀντωνίου,
605 1224 792 1296 μαθεῖν
813 1223 1056 1289 θέλοντες
1075 1226 1223 1290 ὅπως
1247 1243 1305 1279 τε
1326 1225 1525 1297 ἧρξατο
1541 1226 1643 1296 τῆς
1666 1226 1836 1297 ἀσκή-

224 1326 377 1373 σεως
402 1349 421 1373 ,
467 1312 577 1364 καὶ
608 1311 690 1374 τίς
719 1306 786 1382 ἦν
817 1312 924 1383 πρὸ
950 1313 1184 1384 ταύτης,
1229 1315 1324 1367 καὶ
1355 1316 1538 1368 ὁποῖον
1584 1313 1708 1384 ἔσχε
1739 1312 1833 1368 τοῦ

224 1400 355 1471 βίου
388 1400 460 1454 τὸ
500 1402 684 1468 τέλος,
719 1404 813 1456 καὶ
844 1404 893 1456 εἰ
926 1402 1002 1474 (4)
1034 1404 1207 1475 ἀληθῆ
1235 1406 1304 1459 τά
1336 1406 1464 1476 περὶ
1490 1404 1653 1458 αὑτοῦ
1684 1405 1835 1474 λεγό-

226 1491 380 1562 μενά
417 1493 623 1560 ἐστιν,
654 1493 739 1547 ἵνα
770 1493 863 1546 καὶ
897 1495 1031 1566 πρὸς
1057 1495 1149 1548 τὸν
1174 1495 1382 1550 ἐκείνου
1413 1496 1573 1567 ζῆλον
1608 1498 1834 1562 ἑαυτοὺς

223 1583 499 1655 ἀγάγητε
522 1602 537 1615 ·
580 1585 716 1656 μετὰ
748 1586 948 1658 πολλῆς
979 1586 1285 1659 προθυμίας
1317 1587 1584 1660 ἐδεξάμην
1617 1589 1678 1643 τὸ
1706 1592 1832 1662 παρ’

228 1675 398 1746 ὑμῶν
434 1676 752 1747 ἐπίταγμα.
818 1678 1000 1749 Κάμοὶ
1032 1677 1140 1750 γὰρ
1172 1679 1315 1749 μέγα
1350 1679 1541 1752 κέδρος
1569 1680 1835 1749 ὠφελείας

1580 284 1741 341 νιτΑ
1781 284 1838 341 S.
1883 280 2184 340 ANTONII.

1862 405 1913 464 Α
1934 424 1935 431 ,

3401 280 3510 340 838

2504 394 2928 452 PROGEMIUM.
2958 444 2967 461 ,

2006 492 2165 564 331
2196 490 2401 545 Bonum
2433 503 2548 544 :um
2570 488 2843 562 IEgyptiis
2865 489 3151 546 monachis
3171 490 3369 548 iniistis
3389 506 3511 549 cer-

1945 591 2144 649 tamen,
2163 597 2285 638 cum
2305 596 2399 637 eos
2419 581 2636 636 virtutis
2651 581 3056 647 exercitatione,
3079 582 3164 637 vel
3186 598 3403 653 aequare
3424 583 3508 641 vel

1941 673 2104 729 etiam
2126 687 2384 743 superare
2400 672 2776 727 constituistis.
2801 669 2935 726 Nam
2954 673 3096 742 apud
3113 687 3212 729 vos
3231 675 3392 729 etiam
3415 675 3508 730 de-

1942 777 2090 816 mum
2109 769 2237 818 sunt
2251 760 2597 828 monasteria,
2605 758 2717 831 jam
2737 760 3127 815 monachorum
3150 777 3347 817 nomen
3368 762 3507 818 cele-

1942 852 2148 908 bratur.
2178 850 2293 908 Hoe
2321 853 2503 923 itaque
2525 851 2863 922 propositum
2891 851 3016 922 jure
3038 852 3162 922 quis
3182 852 3504 920 laudaverit,

1942 944 2205 1014 vobisque
2239 943 2589 1013 precantibus
2609 983 2624 1008 ,
2654 942 2836 1012 ipsum
2880 942 3023 997 Deus
3061 942 3320 1012 perlicere
3351 945 3502 1000 velit.

1940 1034 2077 1092 Cum
2111 1045 2291 1092 autem
2319 1036 2386 1090 de
2408 1036 2532 1091 vitae
2562 1035 2819 1090 instituto
2845 1035 3023 1090 sancti
3052 1036 3271 1091 Antonii
3301 1052 3389 1092 me
3413 1052 3504 1094 ro-

1941 1131 2217 1199 gaveritis,
2280 1132 2560 1202 cupientes
2589 1131 2834 1187 ediscere
2875 1146 3113 1201 quanam
3156 1132 3368 1189 ratione
3400 1134 3509 1189 hoc

1940 1221 2344 1277 exercitationis
2375 1238 2546 1292 genus
2582 1236 2872 1293 aggressus
2897 1223 2986 1277 ille
3014 1221 3122 1289 sit,
3177 1222 3301 1293 quis
3346 1232 3506 1279 antea

1940 1313 2226 1378 exstiterit,
2262 1314 2385 1384 quis
2412 1314 2577 1369 fuerit
2604 1315 2730 1369 vita:
2757 1314 2877 1384 ejus
2899 1314 3078 1369 exitus
3100 1354 3117 1378 ,
3159 1328 3356 1369 verane
3397 1316 3510 1371 sint

1940 1421 2062 1476 quae
2092 1407 2158 1463 de
2194 1407 2287 1462 illo
2331 1406 2589 1461 dicuntur
2612 1446 2628 1473 ,
2682 1414 2741 1461 ut
2786 1405 2854 1460 ad
2886 1420 3010 1461 eum
3050 1404 3373 1460 imitandum
3404 1420 3503 1462 vos

1940 1500 2263 1567 conferatis;
2286 1500 2455 1556 multa
2481 1515 2605 1556 cum
2630 1499 2911 1555 alacritate
2938 1499 3254 1553 mandatum
3286 1499 3503 1569 suscepi

1938 1594 2199 1641 vestrum.
2257 1585 2510 1657 Magnum
2541 1587 2741 1657 quippe
2774 1585 2911 1640 mihi
2939 1585 3153 1640 lucrum
3181 1586 3266 1641 vel
3292 1602 3360 1641 ex
3390 1587 3503 1642 sola

1940 1675 2161 1730 Antonii
2182 1676 2443 1731 memoria
2478 1676 2713 1731 obvenit.
2744 1672 2881 1729 Novi
2911 1682 3057 1730 certe
3083 1674 3327 1731 futurum
3354 1690 3498 1742 esse,

224 1768 354 1819 ἐστὶ
385 1768 494 1820 καὶ
539 1768 605 1821 τὸ
648 1769 808 1839 μόνον
852 1769 1134 1823 Ἀντωνιου
1174 1771 1550 1841 μνημονεύειν.
1596 1767 1728 1826 Οἶδα
1753 1773 1826 1837 δὲ,

1948 1776 2001 1823 ut
2030 1783 2161 1834 vos,
2212 1777 2503 1838 postquam
2540 1768 2628 1823 his
2673 1766 2876 1822 auditis
2925 1766 3201 1822 hominem
3250 1768 3507 1824 admirati

224 1859 314 1911 ὅτι
343 1860 449 1912 καὶ
474 1860 642 1930 ὑμεῖς
664 1859 1013 1928 ἀκούσαντες,
1047 1860 1186 1932 μετὰ
1208 1860 1300 1914 τοῦ
1329 1861 1605 1934 θαυμάσαι
1629 1863 1720 1918 τὸν
1741 1864 1835 1918 ἄν·

232 1948 495 2020 θρωπον,
531 1949 789 2021 θελήσετε
817 1951 910 2005 καὶ
931 1950 1170 2022 ζηλῶσαι
1191 1953 1291 2022 τὴν
1314 1953 1521 2007 ἐκείνου
1545 1953 1800 2025 πρόθεσιν
1816 1972 1830 1986 ο

234 2038 362 2091 ἔστι
404 2039 527 2111 γὰρ
577 2043 828 2110 μοναχοῖς
857 2041 1037 2106 ἱκανὸς
1063 2043 1349 2114 χαρακτὴρ
1374 2043 1512 2114 πρὸς
1547 2043 1778 2119 ἄσκησιν
1807 2046 1836 2098 ὁ

244 2130 561 2183 Ἀντωνίου
599 2130 730 2200 βίος.
757 2126 851 2195 Οἷς
883 2132 981 2202 μὲν
1008 2133 1084 2203 (5)
1108 2128 1201 2187 οὖν
1226 2133 1495 2203 ἠκούσατε
1519 2134 1645 2205 περὶ
1669 2133 1833 2187 αὑτοῦ

232 2217 396 2291 παρὰ
426 2220 548 2274 τῶν
584 2222 1047 2291 ἀπαγγειλάντων,
1081 2222 1155 2294 μὴ
1180 2223 1546 2295 ἀπιστήσητε,
1593 2223 1749 2293 ὀλίγα
1774 2225 1833 2278 δὲ

236 2310 451 2381 μᾶλλον
486 2312 789 2383 ἀκηκοέναι
818 2314 947 2383 παρ’
972 2315 1150 2368 αὐτῶν
1177 2304 1425 2386 νομίζετε
1444 2331 1458 2345 ·
1488 2315 1834 2388 πάντωςιγὰρ

238 2404 500 2457 κάκεῖνοι
552 2406 711 2476 μόγις
736 2405 810 2475 (6)
839 2404 1074 2460 τοσαῦτα
1096 2407 1439 2478 διηγήσαντο.
1475 2408 1624 2461 Ἐπεὶ
1655 2407 1830 2477 κάγὼ,

235 2488 600 2557 προτραπεὶς
626 2492 753 2562 παρ’
770 2489 948 2561 ὑμῶν,
983 2490 1081 2543 ὅσα
1108 2489 1172 2543 ἂν
1196 2491 1284 2544 διὰ
1307 2490 1408 2560 τῆς
1427 2491 1714 2563 ἐπιστολῆς
1739 2509 1835 2563 ση-

240 2581 424 2651 μανῶ,
450 2581 620 2650 ὀλίγα
636 2582 745 2635 τῶν
767 2583 974 2636 ἐκείνου
1000 2583 1373 2655 μνημονεύσας
1393 2585 1711 2639 ἐπιστείλω·
1738 2588 1833 2641 καὶ

238 2672 405 2742 ὑμεῖς
456 2674 521 2727 δὲ
578 2673 652 2745 μὴ
697 2674 978 2746 παύσησθε
1010 2677 1135 2739 τοὺς
1168 2675 1376 2729 ἐνθένδε
1410 2676 1669 2740 πλέοντας
1698 2679 1837 2750 ἐρω-

238 2765 367 2835 τᾷν.
405 2766 582 2828 Ἴσως
613 2764 723 2838 γὰρ
747 2805 761 2828 ,
796 2767 1025 2821 ἑκάστου
1058 2765 1305 2835 λέγοντος
1333 2767 1467 2839 ὅπερ
1499 2762 1639 2833 οἶδε,
1677 2769 1836 2839 μόγις

239 2854 491 2921 ἐπαξίως
521 2858 559 2926 ή
592 2857 720 2927 περὶ
751 2856 957 2909 ἐκείνου
989 2856 1212 2927 γένηται
1244 2856 1515 2927 διήγησις.
1586 2856 1834 2910 Ἐϐουλό-

244 2963 351 3018 μην
381 2947 503 3020 γὰρ
525 2943 648 3017 οὖν,
685 2948 975 3021 δεξάμενος
1003 2948 1157 3020 ὑμῶν
1187 2949 1285 3021 τὴν
1315 2947 1602 3021 ἐπιστολὴν
1622 2988 1636 3013 ,
1668 2966 1833 3021 μετα-

1938 1858 2188 1924 ἓυει-ἰιίε,
2221 1859 2341 1929 ejus
2380 1860 2713 1929 propositum
2744 1858 2944 1913 imitari
2985 1859 3300 1929 peroptetis.
3364 1858 3505 1929 Apta

1940 1947 2139 2020 quippe
2168 1946 2342 2002 forma
2379 1948 2447 2002 ad
2478 1947 2923 2004 exercitationem
2956 1948 3241 2003 monachis
3273 1958 3357 2004 est
3386 1948 3503 2004 An-

1940 2038 2076 2093 tonii
2112 2038 2240 2093 vita.
2301 2036 2379 2093 Ne
2409 2038 2574 2109 igitur
2603 2038 2953 2095 narrantibus
2982 2039 3049 2095 de
3074 2039 3312 2095 Antonio
3343 2040 3505 2096 ﬁdem

1939 2129 2213 2199 derogate,
2267 2129 2377 2184 imo
2424 2145 2596 2200 pauca
2645 2145 2745 2186 vos
2787 2130 3007 2186 audisse
3036 2131 3505 2188 existimatezvix

1939 2221 2084 2274 enim
2112 2220 2189 2274 illi
2210 2229 2437 2291 potuere
2471 2229 2550 2276 tot
2570 2230 2859 2293 tantasque
2886 2237 2975 2278 res
2999 2224 3152 2279 vobis
3172 2225 3499 2287 renuntiare.

1938 2309 2149 2367 Etenim
2183 2326 2283 2383 ego
2305 2354 2321 2380 ,
2340 2313 2501 2384 632
2528 2313 2842 2383 rogantibus
2862 2313 3041 2381 vobis,
3085 2324 3507 2386 quantacunque

1938 2418 2034 2473 per
2052 2404 2335 2474 epistolam
2358 2406 2576 2471 misero,
2602 2405 2821 2462 nonnisi
2847 2421 3019 2476 pauca
3046 2407 3201 2463 vobis
3230 2422 3299 2462 ex
3336 2407 3504 2479 gestis

1938 2495 2086 2552 illius
2127 2497 2433 2562 enarrabo;
2478 2512 2647 2568 quare
2693 2513 2762 2553 ne
2799 2497 3062 2554 desinatis
3093 2498 3344 2555 homines
3373 2499 3503 2555 hinc

1939 2584 2007 2639 ad
2032 2600 2131 2641 vos
2154 2586 2467 2656 navigantes
2489 2586 2814 2656 percontari.
2859 2585 3111 2644 Fortasse
3139 2588 3285 2643 enim
3313 2589 3503 2659 singu-

1944 2676 2012 2732 lis
2041 2692 2162 2747 quae
2197 2689 2322 2733 nota
2347 2678 2451 2733 sibi
2484 2686 2613 2734 sunt
2639 2679 3005 2736 indicantibus
3023 2719 3038 2743 .
3064 2680 3151 2735 vix
3177 2695 3278 2750 pro
3308 2680 3506 2736 merito

1941 2766 2090 2822 illius
2127 2768 2287 2838 digna
2317 2766 2480 2823 fuerit
2508 2770 2768 2825 narratio.
2824 2769 3040 2826 Litteris
3082 2771 3263 2841 itaque
3305 2772 3503 2826 vestris

1939 2858 2194 2928 acceptis,
2226 2858 2472 2914 volebam
2502 2860 2766 2929 quosdam
2791 2861 3091 2917 monachos
3110 2876 3408 2924 accersere,
3433 2876 3502 2917 ex

1940 2949 2007 3005 iis
2051 2950 2286 3006 maxime
2332 2952 2428 3022 qui
2471 2951 2808 3024 frequentius
2854 2952 3006 3009 illum
3037 2952 3386 3010 adibant:ut
3433 2953 3506 3009 ab

1597 3105 1855 3163 VERSIO
1892 3105 2194 3164 EVAGRII.

1214 3247 1276 3305 S.
1327 3248 1610 3303 Athanasii
1657 3248 1885 3319 episcopi
1904 3247 2260 3319 Alexandrini
2284 3248 2550 3320 prwfatio.

324 3402 668 3460 Athanasius
700 3401 990 3473 episcopus
1026 3400 1092 3456 ad
1116 3400 1431 3472 peregrinos
1459 3397 1675 3456 fratres.

320 3496 611 3567 Optimum
639 3539 654 3563 ,
684 3496 882 3552 fratres
907 3537 922 3562 ,
958 3496 1158 3567 iniistis
1184 3506 1455 3567 certamen
1481 3502 1624 3567 ,Jaut
1649 3506 1864 3563 mquare
1896 3490 2113 3567 Egypti
2152 3493 2450 3567 monachos
2478 3494 2579 3566 (7),
2609 3501 2704 3551 aut
2726 3508 2987 3565 superare
3018 3494 3254 3551 nitentes
3276 3495 3501 3567 virtutis

251 3562 540 3649 instantia.
576 3562 786 3622 Etenim
817 3567 958 3636 apud
979 3582 1075 3621 vos
1092 3566 1203 3649 jam
1229 3565 1457 3648 plurima
1489 3563 1564 3637 (8)
1596 3562 2130 3649 sunt‘iiionasterial:
2166 3562 2556 3649 monachorum
2587 3562 3134 3649 quoque'nomenest
3161 3566 3368 3649 celebre
3400 3584 3412 3618 :
3446 3578 3502 3624 et

256 3637 399 3692 hanc
435 3641 777 3693 voluntatem
824 3632 1058 3692 vestram
1088 3632 1243 3706 juste‘
1276 3632 1508 3705 quisque
1545 3632 1830 3706 mirabitur
1862 3632 2299 3706 :_orantibusqu_e
2342 3633 2495 3706 vobis
2526 3632 2963 3706 optatuinnDeus
2980 3636 3192 3706 tribuet
3224 3634 3498 3706 eﬂ‘ectum.

252 3706 533 3771 Quoniam
563 3708 727 3778 igitur
762 3707 1016 3776 exegistis
1040 3702 1199 3778 a'me
1222 3744 1237 3768 ,
1260 3702 1507 3778 utgvobis
1535 3704 1828 3758 scriberem
1866 3702 1933 3757 de
1974 3703 2393 3778 conversatione
2425 3702 2573 3778 beati
2595 3704 2857 3778 Antonii,
2906 3704 3213 3778 volentibus
3261 3705 3497 3778 discere,

254 3772 720 3845 quemadmodum
747 3772 971 3846 coeperit
994 3815 1009 3839 ,
1044 3776 1304 3846 quive4(9)
1330 3774 1495 3846 fuerit
1523 3783 1646 3846 ante
1670 3781 1916 3846 sanctum
1947 3772 2302 3846 propositum,
2323 3775 2539 3842 qualem
2563 3774 2726 3830 etiam
2757 3776 3007 3830 habuerit
3032 3775 3319 3829 terminum
3352 3772 3497 3846 vitae,

255 3843 372 3901 etsi
404 3864 538 3903 vera
565 3847 673 3902 sint
705 3863 789 3913 ea,
813 3843 934 3918 quae
960 3847 1026 3918 de
1051 3843 1170 3918 ipso
1198 3843 1338 3899 fama
1363 3844 1635 3918 dispersit,
1659 3851 1718 3918 ut
1747 3843 1814 3918 ad
1836 3843 1955 3918 ejus
1974 3843 2385 3918 aemulationem
2421 3851 2582 3918 atque
2606 3846 2914 3918 exemplum
2941 3861 3039 3918 vos
3073 3846 3356 3899 instituere
3379 3845 3494 3917 (l0)

256 3918 549 3992 possitis;
592 3911 787 3992 magna
821 3911 944 3973 cum
982 3911 1165 3992 laetitia
1200 3915 1415 3992 suscepi
1441 3911 1635 3992 vestrae
1661 3912 1942 3967 charitatis
1972 3913 2282 3992 imperi-um.
2331 3911 2541 3992 Etenim
2572 3914 2717 3992 mihi
2752 3911 2940 3992 ingens
2974 3917 3185 3992 lucrum
3211 3923 3295 3969 est
3334 3911 3500 3985 atque

261 3982 470 4044 utilitas
498 3989 607 4042 hoc
631 3982 829 4056 ipsum,
859 3985 1003 4056 quod
1029 3986 1284 4040 recordor
1298 3982 1516 4038 Antonii
1542 4001 1556 4038 :
1579 3996 1632 4038 et
1653 3997 1751 4038 vos
1772 3998 1895 4037 cum
1925 3982 2285 4037 admiratione
2310 3983 2614 4042 audientes.
2640 3983 2756 4039 scio
2780 3982 2899 4052 ejus
2924 4001 3023 4054 pro
3065 3984 3263 4039 ositum
3293 3982 3499 4054 cupere

261 4059 458 4109 sectari
503 4078 518 4109 :
562 4058 796 4109 perfecta
827 4054 1095 4109 siquidem
1138 4065 1223 4109 est
1264 4055 1332 4109 ad
1359 4054 1610 4108 virtutem
1637 4054 1723 4107 via
1754 4051 1889 4109 (11).
1914 4052 2209 4108 Antonium
2235 4052 2377 4107 seire
2398 4053 2522 4109 auis
2552 4053 2736 4108 fuerit.
2768 4054 2909 4109 Erao
2940 4064 2998 4109 ut
3028 4001 3265 4109 Breviter
3294 4054 3496 4109 dicam.

257 4059 458 4113 sectari
503 4078 518 4113 :
561 4051 1095 4127 per—fecta’siquidem
1138 4065 1223 4110 est
1264 4055 1332 4109 ad
1359 4054 1610 4108 virtutem
1637 4054 1723 4107 via
1754 4051 1889 4175 (11).

259 4131 315 4175 et
338 4129 619 4175 omnibus-
642 4142 764 4175 num
789 4128 855 4175 de
880 4141 946 4175 eo
974 4125 1322 4175 referentium
1365 4139 1544 4175 sermo
1567 4124 1786 4175 iactavit
1809 4124 1826 4175 (
1867 4122 1901 4175 2

259 4131 315 4177 et
338 4124 619 4198 omnibus,
642 4142 764 4198 qua:
789 4128 855 4182 de
880 4124 946 4181 eo
972 4125 1322 4198 referentium
1365 4139 1544 4178 sermo
1555 4124 1826 4198 jactavit_(

1914 4052 2209 4135 Antonium
2235 4052 2522 4135 scirequis
2552 4053 2736 4108 fuerit.
2768 4054 2909 4135 Ergo
2928 4052 2998 4135 'ut

3068 4055 3265 4109 reviter
3294 4054 3496 4122 dicam,

1904 4127 1944 4193 ),
1971 4122 2205 4187 credite,
2242 4130 2297 4177 et
2319 4122 2545 4178 minima
2573 4138 2671 4178 vos
2702 4122 3011 4180 existimate
3042 4123 3156 4196 (15)
3179 4123 3401 4180 audisse
3430 4127 3501 4180 de

259 4197 554 4256 maximis:
582 4193 711 4267 quia
738 4213 848 4252 non
878 4195 1127 4265 ambigo,
1157 4210 1256 4250 nec
1283 4209 1376 4250 eos
1422 4193 1605 4248 omnia
1645 4193 1889 4264 potuisse
1921 4206 2251 4263 cognoscere
2271 4232 2288 4259 ,
2315 4207 2441 4248 cum
2473 4204 2529 4249 et
2570 4208 2671 4264 ego
2700 4206 2925 4266 rogatus
2954 4210 2986 4250 a
3030 4193 3186 4250 vobis
3205 4233 3220 4260 ,
3256 4204 3497 4265 quanta-

330 4359 407 4431 (2)
448 4358 549 4431 Sic
578 4357 779 4431 Regius
814 4357 922 4431 l_et
944 4355 1135 4431 Jesuit.
1168 4352 1321 4431 EAditi_
1338 4362 1396 4431 e_t_
1422 4354 1535 4431 alii,
1548 4353 1666 4431 γάρ
1695 4355 1825 4426 παρ’
1853 4359 1895 4417 C
1998 4353 2076 4431 (7)
2117 4352 2210 4410 Sic
2230 4367 2438 4431 omnes
2469 4351 2845 4423 manuscripti.
2878 4349 3052 4417 Editi,
3084 4355 3287 4424 aquari
3325 4353 3500 4427 Αἰθυ-

260 4424 409 4498 ὑμῖν,
440 4424 789 4485 Οηιίεεοᾶαί.
814 4427 940 4482 Mox
972 4427 1172 4498 Regius
1196 4425 1252 4498 2,
1282 4424 1436 4481 Colb.
1461 4426 1517 4492 2,
1545 4424 1736 4497 ὄνομα,
1767 4424 1826 4480 ut

260 4494 401 4567 legit
420 4498 705 4567 Evagrius.
738 4497 845 4552 Alii
871 4507 925 4567 et
952 4497 1102 4559 editi,
1132 4494 1335 4566 σχῆμα.

331 4562 408 4640 (ὅ)
446 4562 602 4640 ϐοῇ).
635 4568 691 4631 2,
721 4566 1057 4640 ἡμῖνῖλῐηίνα
1079 4562 1381 4640 ὶᾱεῴειξω
1408 4562 1600 4640 _Re_gio
1638 4563 1692 4627 2,
1731 4581 1830 4640 μα-

262 4634 475 4708 καρίου.
521 4638 665 4693 Editi
712 4634 774 4693 e't'
807 4637 920 4703 alii,
966 4637 1144 4705 ἁγίου.
1175 4634 1329 4708 Quod
1371 4634 1445 4708 ait
1494 4634 1827 4708 Athanasius

264 4702 425 4787 paulo
445 4709 695 4772 inferius,
729 4722 790 4763 se
814 4702 1160 4762 narraturum
1182 4705 1380 4786 qualis.
1400 4702 1564 4787 fuerit
1587 4704 1711 4758 vitae
1735 4720 1829 4758 ex-

264 4784 371 4848 Itus
403 4779 646 4842 Antonii,
670 4776 1141 4848 liquidorconfutat
1167 4790 1261 4830 eos
1290 4790 1381 4848 qui
1410 4783 1564 4848 alunt
1587 4772 1829 4848 Athana-

265 4846 426 4913 sium,
450 4817 672 4904 lvi‘venie
697 4817 953 4912 Aintonio,
984 4846 1103 4916 ejus
1140 4817 1529 4916 consci‘ipsisse
1551 4845 1737 4898 vitam.
1760 4842 1828 4897 Et

269 4929 399 4988 sane
429 4928 660 4972 mortem
692 4918 812 4988 ejus
844 4916 972 4988 fuse
988 4914 1173 4988 narrat
1198 4914 1301 4988 sub
1329 4915 1512 4988 tinem.

358 4988 412 5059 ξι)
450 4988 651 5059 Regius
679 4982 737 5059 1;
761 4987 916 5059 Colb.
952 4987 987 5040 2
1014 4997 1068 5041 et
1087 4985 1307 5059 desuit.,
1343 4986 1411 5059 si.
1446 4982 1646 5059 _Alii_et
1674 4982 1824 5059 editi,

266 5056 322 5128 ᾗ.
344 5051 499 5124 Quod
528 5051 606 5128 ait
639 5051 802 5128 infra,
829 5058 1014 5127 Κὰμοὶ
1040 5056 1148 5128 γὰρ
1171 5054 1316 5126 μέγα
1341 5053 1529 5128 κέρδος
1556 5051 1826 5128 ᾠφελείας

268 5124 382 5199 ἔστι
413 5128 507 5181 καὶ
555 5127 621 5199 τὲ
669 5127 826 5199 μόνον
861 5124 1141 5199 Ἀντωνίού
1174 5124 1553 5199 μνημονεύειν,
1583 5124 1827 5179 imitatus

267 5196 473 5264 videtur
491 5214 558 5253 ex
581 5196 939 5264 Xenophonte
968 5197 1061 5251 lib.
1097 5211 1152 5250 tv
1197 5196 1714 5264 Ἀπομνημονευμ.
1767 5209 1821 5263 p.

270 5262 405 5345 790,_
422 5270 541 5323 ἐπεὶ
568 5269 661 5345 καὶ
684 5262 750 5322 ea
775 5267 985 5345 ἐκείνου
1016 5262 1825 5345 (Σωκρ-άτουςλμεμνῆσθαι.μῂ

270 5340 547 5408 παρόντος,
572 5339 646 5410 οὑν
682 5337 855 5410 μικρά
899 5334 1098 5410 ὠφελεῖ
1127 5334 1252 5410 τοὺς
1281 5334 1536 5410 εζωθότας
1578 5349 1642 5410 τε
1678 5334 1826 5403 αὑτῷ

272 5403 655 5465 συνεῖναιζϋιιί
682 5403 827 5464 haud
851 5403 1084 5464 multum
1113 5406 1361 5463 absimile
1393 5405 1557 5461 habet
1584 5403 1739 5459 Plato
1768 5410 1824 5458 In

274 5473 548 5550 Phtedone,
574 5494 631 5550 p.

342 5548 415 5618 (5)
434 5538 651 5632 ~Re'gi'us
680 5549 717 5603 2
744 5555 799 5604 et
818 5547 974 5606 Colb.
1008 5547 1063 5617 5,
1097 5546 1134 5602 ἃ
1162 5547 1260 5619 μὲν
1284 5538 1397 5600 οὗν.
1421 5542 1570 5598 Infra
1594 5543 1748 5600 Colb.
1767 5543 1822 5610 2,

503 5638 549 5675 ε.

276 5612 589 5761 imiimi).
604 5689 641 5745 2
670 5689 759 5749 hic
776 5698 830 5750 et
850 5689 1012 5757 infra,
1032 5688 1206 5762 μόλις.
1229 5685 1355 5744 Mox
1373 5684 1539 5753 idem,
1554 5684 1655 5744 ὅσα
1668 5685 1712 5741 δ’
1734 5684 1820 5742 ἄν.

1931 4425 2016 4494 pti
2035 4425 2322 4479 monachis.

1998 4507 2078 4577 (8)
2099 4507 2281 4563 Germ.
2312 4508 2348 4561 2
2372 4515 2425 4563 et
2439 4508 2707 4577 Gemmet.
2733 4507 2789 4570 2,
2810 4506 2986 4577 plura.
3018 4504 3159 4560 Infra
3189 4506 3493 4575 Maximin.,

1927 4576 2300 4647 orantibusque
2320 4578 2488 4631 nobis.
2516 4577 2636 4632 Mox
2656 4576 2921 4631 Gemmet.
2945 4576 2999 4641 2,
3025 4578 3208 4631 tribuit
3230 4578 3485 4647 e/fectum.

1927 4646 2053 4702 Mox
2081 4646 2234 4702 Colb.
2269 4657 2323 4703 et
2358 4647 2625 4703 Gemmet.
2651 4647 2706 4715 2,
2742 4646 2976 4717 exigitis.

1997 4738 2074 4809 (9)
2113 4739 2407 4794 Colhertin.
2437 4748 2491 4793 et
2521 4736 2702 4792 Germ.
2728 4738 2785 4803 2,
2822 4738 3031 4803 Quisve.
3069 4736 3215 4792 Infra
3243 4737 3398 4793 Colb.
3441 4749 3496 4794 et

1930 4807 2114 4863 Germ.
2142 4810 2199 4870 2.
2234 4817 2283 4862 et
2307 4810 2354 4861 si
2383 4825 2504 4863 vera
2530 4818 2675 4863 sunt.

1997 4891 2107 4962 (10)
2150 4891 2268 4962 Nos
2286 4893 2565 4959 instruere,
2591 4890 2773 4946 Germ.
2806 4888 2861 4943 2.
2909 4887 3053 4945 lnl‘ra
3081 4888 3258 4956 Colb.,
3291 4899 3341 4948 et
3363 4890 3495 4944 milii

1924 4962 2064 5016 enim
2086 4961 2209 5017 eum
2244 4961 2524 5017 Bollando.

2022 5044 2108 5107 11)
2146 5044 2325 5107 Colb.,
2365 5044 2461 5099 Est
2488 5045 2629 5099 ratio
2660 5044 2729 5098 ad
2761 5045 3017 5098 virtutum
3040 5044 3199 5097 viam.

2024 5113 2108 5183 l2)
2147 5115 2297 5170 Colb.
2328 5124 2383 5169 et
2409 5115 2673 5170 Gemmet.
2698 5115 2750 5178 1,
2780 5130 2896 5183 qua:
2918 5115 2979 5167 de
2998 5129 3058 5166 eo
3088 5113 3409 5183 referuntur,
3434 5121 3494 5165 ut

1950 5182 2215 5240 Gemmet.
2236 5186 2288 5250 1,
2306 5186 2378 5255 et)
2397 5201 2567 5239 sermo
2596 5182 2841 5253 jactavit.
2862 5182 3137 5255 Gemmet.
3169 5182 3205 5236 2
3230 5191 3284 5237 et
3305 5182 3489 5238 Germ.

1968 5294 1982 5320 ,
2003 5271 2122 5325 qua:
2142 5255 2205 5309 de
2223 5271 2283 5309 eo
2306 5255 2633 5325 referendum
2661 5270 2831 5308 sermo
2841 5254 3089 5321 jactavit.

1996 5338 2109 5408 (l5)
2147 5338 2325 5402 Colb.,
2368 5339 2575 5391 minora
2600 5353 2697 5408 gvos
2722 5337 2998 5408 wstimate.
3029 5331 3298 5408 Germ.‘2,
3328 5333 3493 5408 mini—

1927 5404 2017 5462 ma
2042 5404 2234 5462 credite
2250 5425 2329 5462 me
2350 5408 2561 5462 audisse
2575 5407 2637 5460 de
2654 5407 2918 5461 maximis.
2937 5404 3200 5460 Gemmet.
3225 5404 3280 5468 2,
3299 5404 3495 5459 credite

1924 5488 1977 5532 et
2002 5479 2225 5530 minima
2248 5474 2477 5532 audisse.
2514 5476 2658 5531 Infra
2687 5475 2868 5531 Germ.
2907 5473 2964 5539 2,
2993 5484 3240 5528 exoratus
3265 5490 3297 5527 a
3324 5474 3489 5528 vobis.

1925 5547 2079 5603 Colb.
2111 5547 2375 5602 Gemmet.
2398 5548 2424 5601 1
2454 5557 2507 5602 et
2537 5547 2592 5614 2,
2623 5548 2951 5601 exhortatus.
2987 5544 3108 5599 Mox
3121 5542 3375 5607 Germ.‘2,
3395 5558 3493 5614 per

1925 5616 2195 5686 epistolas.
2222 5618 2348 5672 Mox
2371 5616 2548 5682 Colb.,
2576 5613 2678 5671 non
2699 5615 2989 5686 aequalibus
3012 5616 3111 5669 sim
3133 5614 3330 5671 meritis
3353 5613 3490 5683 ejus.

1880 5756 1895 5766 ἢ
1925 5685 2088 5757 lbid.,
2119 5687 2231 5759 ejus
2259 5688 2415 5746 deest
2442 5689 2499 5745 in
2529 5687 2795 5753 Gemmet.
2829 5687 2855 5742 1
2886 5696 2940 5742 et
2964 5685 3018 5740 2.
