3824 6224
187 198 298 254 841

1523 181 1689 247 ’ἯΤΛ
1733 191 1792 247 S.
1836 187 2137 245 ANTONII.

3334 186 3442 244 842

185 311 538 388 Χριστιανῶν
570 309 748 364 αὐτῶν
765 297 962 373 όντων,
991 307 1390 381 Χριστιανικῶς
1418 309 1654 380 ἀνήγετο
1675 307 1769 360 και)¹

1878 305 2020 361 tibus
2048 303 2337 368 oriundus,
2363 302 2802 359 Christianorum
2834 311 2889 358 et
2920 302 3037 374 ipse
3066 317 3217 359 more
3242 299 3442 360 educa-

184 403 380 468 αὐτός.
422 403 532 456 Καὶ
561 401 771 456 παιδίον
799 401 899 471 μὲν
935 399 1013 452 ὢν
1033 441 1048 464 ,
1077 401 1334 472 ἐτρέφετο
1363 399 1515 470 παρά
1540 402 1652 462 τοῖς
1679 415 1770 466 γο-

184 493 366 557 νεῦσι,
398 492 559 545 πλέον
579 491 758 544 αὐτῶν
787 493 880 544 καὶ
905 491 1000 544 τοῦ
1026 493 1176 544 οἴκου
1205 491 1372 563 μηδὲν
1399 491 1585 562 ἕτερον
1603 489 1766 559 γινώ-

187 603 341 639 σκων
361 603 373 614 ·
422 583 607 654 ἐπειδὴ
629 584 683 637 δὲ
707 585 796 638 καὶ
832 584 1070 656 αὐξήσας
1091 584 1305 652 ἐγένετο
1327 587 1473 648 παῖς,
1509 586 1604 650 κα).
1633 601 1767 654 προσ

186 678 392 732 ἔκοπτε
409 679 473 748 τῇ
494 675 697 747 ἡλικίᾳ,
715 675 1017 747 γράμματα
1045 675 1142 747 μὲν
1173 675 1360 746 μαθεῖν
1371 676 1469 728 οὐκ
1491 675 1766 745 ἠνέσχετο,

188 766 519 838 βουλόμενος
547 766 701 830 ἐκτὸς
717 763 971 821 εἶναικαὶ
992 767 1092 837 τῆς
1118 767 1253 837 πρὸς
1267 767 1392 830 τοὺς
1417 766 1614 828 παῖδας
1641 783 1767 818 συν-

185 857 384 930 ηθείας
401 874 416 887 ·
436 857 531 928 τὴν
553 858 608 911 δὲ
630 856 922 926 ἐπιθυμίαν
941 859 1120 911 πᾶσαν
1140 853 1272 928 εἶχε,
1291 857 1433 910 κατὰ
1452 848 1512 909 τὸ
1526 872 1769 927 γεγραμ-

186 949 356 1018 μένον
385 948 514 1018 περὶ
544 947 636 1001 τοῦ
679 947 873 1002 Ἰακὼὸ
905 948 1018 1018 (24)
1042 988 1058 1012 ,
1085 947 1160 1011 ὡς
1195 948 1468 1012 ἄπλαστος
1509 949 1677 1002 οίκεῖν
1709 951 1767 1001 ὲν

180 1041 257 1110 τῇ
304 1039 452 1110 οἰκίᾳ
483 1037 668 1092 αὐτοῦ.
729 1039 1001 1112 Συνήγετο
1035 1039 1218 1111 μέντοι
1267 1039 1405 1111 μετὰ
1432 1039 1540 1094 τῶν
1567 1039 1767 1110 γονέων

182 1132 247 1183 ἐν
291 1130 372 1200 τῷ
412 1129 695 1201 Κυριακῴ·
732 1131 824 1184 καὶ
858 1131 982 1184 οὔτε
1010 1131 1085 1194 ὡς
1117 1133 1246 1194 παῖς
1276 1130 1611 1203 ἐρρᾳθύμει,
1644 1130 1765 1184 οὔτε

179 1219 264 1284 ὼς
297 1223 364 1291 τῇ
395 1220 579 1291 ἡλικίᾳ
613 1220 936 1290 προκόπτων
963 1221 1318 1292 κατεφρόνει·
1349 1221 1487 1274 ἀλλά
1522 1222 1619 1275 καὶ
1654 1225 1767 1284 τοῖς

181 1307 444 1376 γονεῦσιν
488 1309 820 1362 ὐπετάσσετο
839 1347 854 1371 ,
882 1309 985 1362 καὶ
1015 1312 1126 1372 τοῖς
1157 1310 1546 1380 ἁναγνώσμασι
1598 1327 1766 1381 προσ-

182 1399 354 1469 έχων,
382 1399 480 1470 τὴν
510 1397 570 1463 ἐξ
593 1399 769 1453 αὐτῶν
793 1399 1057 1468 ὠφέλειαν
1083 1403 1140 1453 ὲν
1169 1401 1277 1470 (25)
1307 1394 1480 1472 ἐαυτῷ
1509 1402 1763 1472 διετήρει.

182 1491 331 1543 Οὔτε
357 1492 413 1544 δὲ
437 1491 602 1544 πάλιν
626 1492 701 1555 ὡς
724 1494 854 1555 παῖς
876 1493 934 1544 ἐν
959 1492 1155 1564 μετρία
1181 1492 1463 1564 περιουσίᾳ.
1485 1495 1768 1564 τυγχάνων

181 1583 424 1655 ἠνώχλει
456 1588 568 1649 τοῖς
599 1584 815 1654 γονεῦσι
850 1585 1101 1657 ποικίλης
1135 1586 1233 1638 καὶ
1261 1585 1582 1649 πολυτελοῦς
1606 1586 1769 1640 ἕνεκα

1877 405 1964 452 tus
1995 405 2100 452 est.
2157 398 2235 452 Ac
2269 397 2446 454 infans
2483 397 2664 452 adhuc
2692 410 2817 450 cum
2856 405 3033 463 esset,
3068 397 3142 452 ita
3174 397 3317 468 apud
3348 414 3442 468 pa-

1877 500 2052 545 rentes
2085 490 2453 556 nutriebatur,
2483 497 2542 544 ut
2568 497 2762 559 praeter
2783 487 2905 543 illos
2925 497 2980 544 et
3007 487 3234 543 domum
3259 498 3446 543 nosset

1875 581 2030 636 nihil.
2076 581 2269 637 Postea
2297 597 2424 636 vero
2453 597 2617 652 quam
2645 581 2940 636 crescendo
2969 595 3104 651 puer
3128 579 3307 636 iactus
3338 589 3443 643 est.

1874 685 2037 746 atque
2079 685 2238 732 aetate
2289 677 2595 745 processit,
2634 676 2830 731 litteris
2875 676 3088 732 institui
3126 676 3345 741 renuit,
3386 685 3446 729 ut

1873 783 2164 838 puerorum
2195 769 2532 823 consortium
2565 777 2730 836 atque
2757 766 3207 822 consuetudinem
3234 766 3445 822 devita-

1876 865 1990 924 ret;
2027 864 2311 927 totumque
2341 857 2502 928 633
2529 857 2856 912 desiderium
2887 857 2940 910 in
2967 871 3033 911 eo
3062 855 3299 926 positum
3341 855 3445 910 ha-

1874 947 2058 1013 bebat,
2095 957 2156 1003 ut
2187 947 2451 1017 scriptum
2485 957 2570 1004 est
2597 949 2664 1004 de
2687 946 2913 1014 Iacobo,
2944 957 3004 1001 ut
3035 947 3262 1016 simplex
3293 946 3440 1002 domi

1876 1040 2255 1094 remaneret".
2286 1039 2422 1094 Cum
2447 1039 2760 1110 parentibus
2782 1053 2909 1092 vero
2931 1038 2984 1092 in
3004 1036 3286 1093 Dominico
3307 1051 3408 1092 con
3425 1065 3442 1077 -

1873 1131 2127 1186 ventibus
2155 1131 2344 1186 aderat
2368 1150 2380 1185 ε
2413 1147 2590 1201 neque
2618 1146 2742 1186 cum
2771 1145 2906 1200 puer
2937 1139 3082 1186 esset
3102 1130 3216 1184 otio
3236 1128 3444 1184 dililue-

1873 1222 2000 1284 bat,
2031 1238 2207 1291 neque
2252 1231 2412 1276 aetate
2435 1235 2756 1291 pregressus
2784 1229 3123 1290 contemptor
3145 1228 3296 1286 erat;
3334 1221 3445 1274 imo

1873 1327 2001 1365 vero
2019 1311 2338 1381 parentibus
2359 1318 2478 1364 erat
2499 1311 2824 1380 obsequens,
2848 1319 2902 1363 et
2927 1309 3250 1363 lectionibus
3273 1317 3437 1362 atten.

1872 1410 1983 1467 tus,
2006 1417 2194 1456 earum
2237 1403 2290 1456 in
2321 1417 2383 1458 se
2411 1401 2649 1456 fructum
2687 1401 3065 1456 conservabat.
3109 1399 3296 1470 Neque
3323 1417 3417 1454 rur

1873 1510 1994 1549 sum
2022 1495 2148 1549 licet
2176 1494 2230 1547 in
2267 1504 2353 1550 sat
2389 1493 2579 1564 pingui
2609 1492 2828 1549 fortuna
2852 1533 2867 1558 ,
2921 1503 3089 1562 puer,
3126 1492 3445 1562 parentibus

1873 1585 2006 1640 lauti
2037 1596 2200 1657 atque
2227 1585 2361 1640 varii
2389 1587 2496 1641 cibi
2527 1600 2694 1642 causa
2718 1625 2733 1654 ,
2763 1595 2882 1642 erat
2913 1586 3256 1656 importunus
3280 1626 3296 1652 ,
3344 1601 3447 1640 nec

179 1675 434 1745 τροφῆς,
464 1675 586 1729 οὔτε
619 1678 716 1740 τάς
743 1678 808 1729 ὲκ
832 1676 1033 1748 ταύτης
1053 1677 1246 1748 ήδονὰς
1268 1675 1477 1748 ἐζήτειο
1513 1675 1693 1748 μόνοις
1715 1678 1769 1732 δὲ

1878 1677 1984 1730 ullo
2015 1677 2176 1732 modo
2200 1675 2469 1745 ejusmodi
2500 1677 2758 1746 voluptati
2783 1676 3036 1731 deditus:
3062 1675 3159 1732 sed
3207 1675 3446 1731 inventis

181 1754 272 1824 οἷς
298 1761 562 1832 ηῦρισκεν
589 1763 835 1834 ήρκεῖτο,
863 1765 958 1818 καὶ
990 1765 1148 1818 πλέον
1171 1765 1323 1818 οὐδὲν
1345 1765 1545 1836 ἐζήτει.

257 1853 317 1906 2.
363 1854 518 1907 Μετά
545 1853 602 1907 δὲ
628 1854 720 1907 τὸν
750 1855 977 1909 θάνατον
1011 1856 1119 1909 τῶν
1147 1857 1349 1925 γονέων
1367 1892 1384 1921 ,
1413 1856 1577 1920 αὐτὸς
1612 1855 1773 1928 μόνος

181 1945 519 2016 κατελείφθη
554 1945 691 2016 μετά
723 1947 850 2016 μιᾶς
882 1946 1227 2019 βραχυτάτης
1268 1947 1504 2018 ἀδελφῆς
1525 1955 1542 1977 ⁸
1574 1947 1670 2002 καὶ
1703 1943 1772 2019 ἧν

183 2035 332 2089 ἐτῶν
356 2037 523 2104 ἐγγὺς
544 2037 676 2090 δέκα
701 2039 792 2090 καὶ
813 2037 976 2106 ὀκτὼ,
1004 2038 1036 2109 ἢ
1070 2039 1164 2092 καὶ
1190 2038 1362 2092 εἴκοσι
1384 2036 1643 2107 γεγονὼς,
1676 2040 1774 2092 αὐ-

180 2129 282 2192 τός
313 2145 374 2180 τε
405 2128 502 2198 τῆς
527 2129 703 2191 οἰκίας
727 2129 821 2183 καὶ
848 2131 946 2202 τῆς
975 2129 1209 2202 ἀδελφῆς
1236 2129 1570 2201 ἐφρόντιζεν.
1607 2128 1772 2183 Οὔπω

181 2223 244 2276 δὲ
285 2222 456 2292 μῆνες
494 2219 557 2285 ἓξ
588 2221 866 2293 παρῆλθον
893 2221 989 2275 τοῦ
1029 2221 1258 2275 θανάτου
1289 2221 1399 2275 τῶν
1438 2221 1640 2290 γονέων
1671 2221 1770 2274 αὑ-

180 2311 288 2366 τοῦ
321 2310 466 2381 (26),
513 2311 607 2364 καὶ
639 2311 780 2366 κατά
811 2312 872 2367 τὸ
921 2313 1111 2377 εἰωθὸς
1145 2313 1545 2384 προερχόμενος
1591 2314 1669 2376 είς
1709 2313 1771 2365 τὸ

183 2401 493 2477 κυριακὸν,
529 2405 622 2457 καὶ
653 2405 901 2474 συνάγων
931 2405 1124 2460 ἐαυτοῦ
1155 2405 1255 2477 τὴν
1285 2405 1558 2468 διάνοιαν,
1593 2405 1770 2473 ἐλογίο

185 2492 689 2568 ζετο.περιπατῶν,
720 2496 838 2560 πῶς
869 2498 920 2551 οἱ
954 2496 1052 2567 μὲν
1087 2496 1370 2550 ἀπόστολοι
1399 2496 1576 2550 πάντα
1605 2511 1771 2549 κατα-

185 2589 443 2653 λιπόντες
471 2588 840 2660 ὴκολούθησαν
866 2589 942 2660 τῷ
970 2589 1182 2660 Σωτῆρι
1201 2604 1214 2618 ⁸
1247 2590 1298 2643 oi
1330 2589 1388 2642 δὲ
1414 2591 1470 2643 ἐν
1490 2592 1608 2654 ταῖς
1623 2591 1770 2662 Πρά-

185 2682 310 2748 ξεσι
349 2681 656 2745 πωλοῦντες
681 2683 749 2736 τά
771 2681 978 2736 ἑαυτῶν
1004 2681 1198 2753 ἔφερον
1249 2683 1340 2736 καὶ
1383 2683 1592 2738 ἐτίθουν
1621 2684 1770 2756 παρὰ

184 2776 320 2838 τοὺς
346 2774 515 2838 πόδας
541 2773 650 2827 τῶν
670 2774 1002 2840 ἀποστόλων,
1044 2776 1126 2838 είς
1155 2774 1387 2829 διάδοσιν
1422 2776 1530 2830 τῶν
1577 2777 1768 2849 χρείαν

1873 1778 2183 1835 contentus,
2214 1769 2351 1824 nihil
2385 1771 2524 1825 ultra
2552 1769 2883 1840 requirebat.

1944 1861 1999 1914 2.
2025 1860 2156 1917 Post
2197 1871 2480 1932 parentum
2509 1869 2692 1916 autem
2723 1860 2930 1916 obitum
2950 1897 2966 1928 ,
2996 1859 3146 1916 solus
3169 1874 3294 1915 cum
3327 1861 3444 1916 sola

1877 1966 2067 2008 sorore
2094 1952 2384 2007 admodum
2408 1968 2573 2022 parva
2598 1953 2838 2017 relictus,
2871 1968 2996 2008 cum
3025 1953 3213 2008 decem
3240 1959 3295 2007 et
3317 1962 3445 2008 octo

1871 2044 1956 2100 vel
1988 2045 2173 2114 viginti
2205 2060 2474 2099 annorum
2502 2055 2666 2107 esset.
2695 2044 2892 2099 domus
2921 2044 3237 2113 sororisque
3253 2057 3442 2100 curam

1870 2133 2059 2204 gessit.
2120 2133 2227 2188 Sex
2255 2142 2434 2188 autem
2468 2133 2711 2188 nondum
2745 2133 2952 2188 exactis
2981 2133 3261 2188 mensibus
3283 2148 3315 2188 a
3345 2148 3444 2204 pa-

1872 2229 2086 2276 rentum
2119 2223 2266 2277 exitu
2290 2263 2306 2290 ,
2335 2239 2458 2278 cum
2493 2224 2560 2278 de
2599 2237 2750 2278 more
2777 2224 2845 2277 ad
2874 2221 3216 2278 Dominicum
3248 2239 3443 2294 proce-

1871 2312 2055 2380 deret,
2101 2323 2265 2382 atque
2299 2328 2484 2368 secum
2527 2314 2712 2369 animo
2741 2314 3040 2385 cogitaret,
3082 2328 3191 2384 qua
3231 2314 3446 2371 ratione

1871 2405 2104 2475 apostoli
2135 2406 2340 2461 relictis
2367 2407 2623 2462 omnibus
2653 2407 2826 2462 secuti
2865 2415 2994 2462 sunt
3014 2406 3352 2463 Salvatorem
3377 2408 3446 2474 ⁸³,

1870 2505 1925 2550 et
1952 2495 2046 2565 qui
2083 2496 2135 2550 in
2169 2497 2394 2551 Actibus
2423 2497 2836 2566 apostolorum,
2873 2499 3109 2554 Venditis
3139 2500 3446 2570 possessio-

1869 2586 2033 2642 nibus
2054 2629 2068 2650 ,
2101 2587 2273 2656 pretia
2323 2588 2618 2644 ati‘erebant
2643 2589 2710 2644 ad
2741 2589 2905 2660 pedes
2933 2592 3306 2661 apostolorum
3329 2632 3348 2658 ,
3386 2602 3446 2648 ut

1870 2677 2056 2746 egenis
2083 2675 2544 2732 distribuerentur
2562 2679 2604 2709 “
2637 2696 2651 2733 :
2682 2693 2782 2734 nec
2803 2693 2912 2734 non
2938 2693 3184 2750 quaenam
3215 2691 3445 2751 quanta-

1869 2779 1978 2835 que
2001 2765 2122 2822 istis
2144 2781 2266 2836 spes
2289 2767 2342 2820 in
2367 2767 2519 2822 caelis
2539 2768 2778 2838 reposita
2801 2769 2905 2835 sit;
2936 2769 3051 2824 haec
3074 2784 3259 2824 secum
3281 2786 3446 2840 repu-

187 2863 429 2934 ἑχόντων
452 2900 468 2928 ,
503 2863 588 2926 τίς
614 2879 673 2917 τε
697 2863 791 2916 καὶ
825 2863 965 2934 πόση
998 2862 1208 2926 τούτοις
1245 2863 1402 2928 ἐλπὶς
1441 2865 1498 2918 ἐν
1526 2865 1769 2936 οὐρανοῖς

1878 2868 1998 2912 tans
2019 2897 2035 2924 ,
2068 2857 2122 2910 in
2163 2857 2450 2913 ecclesiam
2495 2859 2830 2930 ingreditur,
2864 2857 3199 2929 contigitque
3235 2867 3296 2914 ut
3328 2867 3444 2914 tum

186 2955 504 3010 ἀπόκειται.
554 2955 739 3009 Ταῦτα
759 2955 824 3027 δὴ
846 2955 1262 3027 ἐνθυμούμενος,
1289 2957 1536 3029 εἰσῆλθεν
1566 2959 1646 3022 είς
1676 2958 1776 3029 τὴν

193 3047 521 3120 ἐκκλησίαν,
594 3046 688 3101 καὶ
715 3045 912 3118 συνέϐη
943 3047 1067 3101 τότε
1106 3049 1168 3102 τὸ
1208 3049 1534 3118 Εὐαγγέλιον
1583 3050 1776 3117 ἀναγι-

187 3136 521 3201 νώσκεσθαι,
551 3136 645 3191 καὶ
672 3137 871 3208 ἢκουσε
893 3136 989 3191 τοῦ
1019 3136 1222 3210 Κυρίου
1237 3137 1485 3206 λέγοντος
1510 3137 1587 3209 τῷ
1609 3137 1774 3191 πλου-

190 3231 332 3302 σίῳ·
369 3233 440 3284 Εἰ
490 3229 684 3295 θέλεις
734 3227 964 3294 τέλειος
990 3219 1172 3292 εἶναι,
1215 3228 1428 3300 ὕπαγε,
1487 3227 1776 3297 πώλησον

189 3321 395 3375 πάντα
422 3321 495 3374 τὰ
526 3318 878 3389 ὑπάρχοντά
903 3335 1002 3373 σοι
1034 3319 1181 3389 (27),
1218 3321 1316 3373 καί
1353 3320 1460 3387 δὸς
1495 3322 1771 3392 πτωχοῖς,

190 3407 295 3462 καὶ
319 3406 497 3474 δεῦρο
521 3407 836 3462 ἀκολούθει
855 3423 956 3475 μοι
981 3445 996 3471 ,
1038 3406 1136 3460 καὶ
1175 3406 1329 3472 ἕξεις
1373 3408 1679 3477 θησαυρὸν
1703 3409 1774 3462 ἐν

191 3498 496 3568 οὐρανοῖς.
547 3498 604 3552 '0
634 3498 690 3551 δὲ
731 3496 1032 3562 Ἀντώνιος,
1077 3497 1266 3569 ὥσπερ
1309 3497 1493 3552 θεόθεν
1525 3499 1773 3572 ἐσχηκὼς

189 3591 294 3664 τὴν
316 3585 427 3644 τῶν
458 3589 626 3658 ἁγίων
662 3587 906 3661 μνήμην,
936 3591 1030 3644 καὶ
1064 3590 1139 3654 ὡς
1176 3589 1245 3643 δι’
1292 3588 1456 3643 αὐτδν
1479 3593 1771 3660 γενομένου

1877 2946 2225 3018 Evangelium
2248 2949 2534 3019 legeretur,
2569 2957 2624 3004 et
2649 2949 2854 3004 audivit
2876 2948 3168 3005 Dominum
3193 2951 3347 3006 diviti
3370 2952 3448 3006 illi

1876 3039 2082 3096 dixisse
2114 3056 2127 3094 :
2163 3038 2222 3095 Si
2250 3041 2327 3094 vis
2357 3041 2615 3111 perfectus
2640 3056 2788 3107 esse,
2841 3040 3005 3108 vade,
3060 3041 3220 3097 vende
3269 3045 3448 3098 omnia

1876 3145 1994 3202 qua:
2025 3131 2181 3186 habes
2201 3173 2217 3198 ,
2248 3143 2296 3186 et
2332 3132 2402 3186 da
2431 3133 2767 3204 pauperibus,
2817 3142 2866 3187 et
2891 3135 3044 3199 veni,
3081 3149 3289 3205 sequere
3319 3152 3400 3189 me
3424 3154 3446 3191 :

1874 3233 1924 3278 et
1975 3222 2186 3278 habebis
2237 3224 2543 3279 thesaurum
2569 3225 2628 3278 in
2657 3224 2798 3278 caelis
2831 3226 2897 3282 ¹⁸.
2956 3227 3229 3282 Antonius
3280 3241 3447 3295 porro

1876 3313 2038 3384 quasi
2077 3314 2338 3368 divinitus
2378 3313 2623 3369 immissa
2661 3314 2764 3370 sibi
2799 3323 2946 3369 esset
2980 3323 3293 3371 sanctorum
3327 3330 3445 3371 me-

1877 3407 2080 3474 moria,
2114 3419 2169 3463 et
2197 3407 2351 3478 quasi
2383 3409 2467 3462 sui
2500 3423 2666 3464 causa
2693 3409 2830 3464 lecta
2860 3409 2950 3464 illa
2978 3407 3228 3477 fuissent,
3251 3423 3442 3483 egres—

1876 3514 1971 3556 3us
2008 3500 2411 3570 quamprimum
2445 3516 2510 3554 ex
2541 3498 2861 3568 Dominico,
2895 3515 3034 3570 quas
3064 3515 3096 3556 a
3143 3501 3444 3572 majoribus

1874 3591 2068 3646 habuit
2099 3591 2476 3661 possessiones
2506 3591 2684 3662 (erant
2711 3600 2890 3646 autem
2921 3592 2995 3646 illi
3022 3603 3200 3649 arurae
3228 3599 3440 3649 trecen-

1559 3705 1801 3761 VERSIO
1837 3696 2138 3762 EVAGRII.

191 3828 280 3874 est
308 3817 375 3872 de
402 3817 589 3881 Jacob,
619 3819 933 3875 innocenter
949 3813 1226 3875 habitabat
1255 3819 1400 3874 domi
1426 3841 1438 3874 ι
1463 3819 1529 3874 ad
1554 3821 1836 3876 ecclesiam
1867 3835 2085 3890 quoque
2126 3837 2246 3875 cum
2279 3819 2593 3890 parentibus
2641 3835 2782 3890 saepe
2821 3821 3150 3876 conveniens
3171 3859 3186 3886 ,
3225 3835 3327 3876 nec
3357 3820 3443 3876 in-

193 3893 410 3962 fantum
437 3890 710 3955 lascivias,
731 3907 830 3946 nec
860 3906 1146 3960 puerorum
1180 3891 1560 3962 negligentiam
1603 3891 1720 3961 (28)
1755 3892 2065 3946 sectabatur
2093 3910 2104 3945 :
2139 3891 2233 3946 sed
2265 3901 2474 3946 tantum
2513 3905 2576 3946 ea
2606 3907 2727 3962 qua:
2755 3891 3073 3961 legebantur
3099 3893 3460 3962 auscultans,

196 3959 487 4013 utilitatem
519 3971 908 4083 pra-certorum
941 3963 1060 4014 vitae
1085 3959 1424 4014 institutiOne
1452 3959 1732 4019 servabat;
1765 3979 1871 4014 non
1907 3963 2044 4027 suis,
2086 3971 2146 4015 ut
2181 3962 2318 4016 solet
2351 3962 2441 4016 illa
2464 3959 2756 4031 mtas,pro
2772 3959 2937 4016 variis
2961 3970 3014 4016 et
3034 3961 3277 4016 delicatis
3301 3961 3440 4018 cibis

196 4045 442 4083 unauam
491 4031 648 4083 taedio
716 4031 821 4083 uit:
865 4045 973 4083 non
1011 4046 1150 4083 esca:
1187 4030 1452 4083 mollioris
1492 4031 1862 4083 blandimenta
1902 4041 2144 4083 sectatus
2185 4040 2301 4083 est.
2349 4029 2434 4083 bis
2468 4032 2644 4083 solum
2676 4047 2796 4083 quae
2821 4030 3092 4083 dabantur
3116 4029 3436 4083 contentus:

195 4045 442 4152 unlqtliam
491 4031 648 4152 llaedio
690 4029 821 4091 fuit;
865 4045 973 4084 non
1011 4046 1150 4086 esea:
1187 4030 1452 4085 mollioris
1492 4031 1862 4086 blandimenta
1902 4041 2144 4088 sectatus
2185 4040 2302 4098 est,
2349 4029 2434 4086 bis
2468 4032 2644 4086 solum
2661 4029 2796 4102 qua:
2821 4030 3092 4086 dabantur
3116 4029 3436 4097 contentus;

195 4117 248 4152 ιιι
278 4104 312 4152 li
370 4114 495 4152 amo
520 4115 602 4152 IUS
632 4100 936 4152 requisivit.

193 4101 336 4154 nihil
368 4101 602 4168 amplius
632 4100 936 4168 requisivit.

264 4117 336 4152 nu
370 4117 454 4151 am
499 4117 602 4153 nus
632 4117 688 4154 re
732 4117 782 4153 ιιι
823 4117 936 4154 ινιι.

264 4170 323 4223 2.
360 4117 495 4222 Posit’
528 4117 755 4224 mortecrln
788 4117 971 4224 gutem
999 4178 1283 4239 parentum
1305 4212 1321 4235 ,
1353 4185 1621 4224 annorum
1651 4168 1867 4223 circiter
1893 4167 2082 4223 decem
2117 4176 2171 4223 et
2215 4177 2340 4223 octo
2373 4183 2466 4224 seu
2495 4169 2682 4238 viginti
2704 4209 2718 4230 .
2758 4183 2884 4223 cum
2906 4183 3116 4239 sorore
3143 4169 3438 4226 admodum

191 4240 424 4311 parvula
454 4240 765 4311 derelictus,
786 4249 841 4294 et
860 4237 1054 4294 domus
1081 4249 1135 4294 et
1156 4240 1360 4295 sororis
1390 4242 1671 4295 honestam
1699 4241 1810 4308 (29)
1835 4253 2023 4293 curam
2051 4240 2273 4308 gerebat
2297 4257 2310 4292 :
2339 4237 2573 4293 necdum
2603 4255 2734 4311 vero
2774 4254 2868 4311 ses
2895 4237 3161 4294 ﬂuxerunt
3201 4256 3442 4306 menses,

190 4307 400 4380 quibus
431 4307 500 4380 ad
530 4309 816 4380 ecclesiam
837 4347 852 4373 ,
882 4320 941 4363 ut
978 4311 1188 4364 solebat
1213 4325 1507 4366 accurrens
1529 4351 1543 4376 ,
1575 4307 1969 4380 recordabatur
2007 4307 2281 4378 quomodo
2323 4323 2375 4364 et
2408 4310 2637 4380 apostoli
2659 4348 2674 4370 ,
2723 4310 2977 4364 omnibus
3006 4311 3232 4380 spretis,
3269 4313 3438 4366 secuti

191 4377 431 4450 inissent
469 4377 800 4450 Salvatorem
831 4397 845 4434 :
872 4389 925 4433 et
957 4381 1111 4434 multi
1133 4419 1148 4442 .
1181 4380 1235 4434 in
1265 4381 1490 4436 Actibus
1511 4380 1880 4450 apostolorum
1901 4420 1915 4441 ,
1950 4377 2299 4434 facultatibus
2328 4377 2728 4443 suis'venditis,
2762 4381 2928 4450 pretia
2957 4377 3218 4448 ad’pcdes
3249 4395 3441 4434 eorum

189 4447 515 4520 detulissent
538 4449 819 4520 egentibus
844 4451 1142 4520 partienda,
1173 4465 1356 4520 quaeve
1384 4458 1475 4504 aut
1499 4447 1701 4520 quanta
1726 4467 1848 4518 spes
1880 4451 2069 4505 iisdem
2096 4450 2326 4518 reposita
2351 4463 2493 4520 esset
2522 4451 2574 4503 in
2597 4447 2777 4520 caelis.
2793 4447 2941 4502 Talia
2981 4447 3163 4503 secum
3197 4451 3442 4511 volvens,

191 4518 423 4589 intravit
443 4517 497 4571 in
528 4517 812 4572 ecclesiam
835 4517 972 4589 (50),
999 4529 1053 4574 et
1082 4517 1276 4574 accidit
1307 4531 1363 4574 ut
1383 4517 1888 4589 tunc'Evaugelium
1909 4517 2193 4589 legeretur,
2217 4523 2268 4574 in
2301 4536 2409 4589 quo
2434 4519 2696 4574 Dominus
2724 4519 2860 4589 dicit
2887 4521 2952 4571 ad
2979 4519 3196 4574 divitem
3230 4539 3242 4574 :
3271 4521 3332 4575 Si
3368 4521 3444 4573 vis

189 4588 458 4660 perfectus
495 4604 605 4660 esse
624 4626 638 4650 ,
669 4589 836 4660 vade,
859 4598 907 4641 et
931 4588 1091 4642 vende
1116 4592 1294 4643 omnia
1330 4600 1420 4642 tua
1445 4588 1763 4658 quazcunque
1784 4588 1980 4652 habes,
2000 4598 2050 4644 et
2081 4593 2150 4641 da
2172 4588 2509 4660 pauperibus,
2539 4600 2587 4644 et
2617 4588 2753 4650 veni,
2785 4605 2996 4658 sequere
3027 4605 3126 4647 me.
3159 4600 3208 4643 et
3229 4590 3445 4644 habebis

193 4658 499 4710 thesaurum
528 4659 581 4710 in
610 4658 774 4712 cwlis.
805 4657 924 4724 Quo
953 4661 1175 4724 audito,
1208 4661 1363 4730 quasi
1404 4657 2005 4729 divinitusbujusmodi
2037 4657 2516 4714 ante'metnoriam
2543 4657 2910 4728 concepisset,
2945 4671 2998 4713 et
3025 4660 3189 4715 veluti
3221 4671 3444 4730 pr0pter

268 4775 312 4805 “
349 4773 482 4827 Gen.
521 4789 645 4840 xxv,
668 4773 758 4827 27.
836 4773 880 4805 "
917 4771 1106 4828 Matth.
1139 4789 1212 4840 Iv,
1242 4773 1331 4826 20.
1375 4772 1418 4803 “
1455 4771 1575 4828 Act.
1607 4789 1675 4835 Iv,
1707 4773 1796 4828 55.

1876 4771 1918 4806 ¹⁶
1959 4773 2147 4828 Matth.
2175 4789 2290 4839 xix,
2321 4772 2412 4826 2|.

266 4870 393 4940 (24)
421 4867 551 4940 Post
580 4869 985 4940 γεγραμμένον,
1016 4867 1145 4924 editi
1171 4878 1224 4922 et
1255 4869 1475 4937 quidam
1502 4885 1634 4940 mss.
1668 4887 1766 4921 πε-

1939 4870 2054 4940 (28)
2091 4867 2274 4940 (3011),,
2305 4867 2670 4940 negligentias.
2704 4867 2848 4922 lnl'ra
2874 4865 3090 4940 (Gemm.
3124 4866 3178 4940 2_,
3206 4882 3306 4919 non
3333 4881 3442 4940 suis

225 4941 251 4992 l.
277 4938 396 4991 θτοῦ
444 4938 636 5009 Ἰακώὸ
666 4938 886 5004 habent,
917 4941 1012 4994 sed
1047 4940 1160 5009 haec
1191 4942 1386 4994 desunt
1415 4941 1468 4992 in
1504 4939 1673 5009 Regio
1699 4940 1763 5006 2,

219 5010 351 5064 iolb.
381 5009 435 5062 2.
466 5008 589 5063 Mox
615 5009 771 5063 Coll).
801 5009 856 5071 2,
883 5008 1096 5064 ἑαυτοῦ.

267 5078 382 5149 (25)
424 5081 702 5149 _’Evgdeest
741 5081 796 5133 in
834 5079 965 5148 Reg.
1003 5083 1026 5134 1
1061 5089 1117 5133 et
1147 5080 1200 5132 2.

265 5147 383 5220 (26)
423 5147 480 5202 In
508 5147 639 5218 Reg.
673 5149 709 5202 2
736 5157 792 5202 et
815 5147 968 5204 Coll).
998 5149 1033 5202 2
1083 5148 1248 5202 αὐτοῦ
1292 5149 1390 5220 dce
1421 5156 1459 5200 t.
1498 5147 1620 5201 Mox
1649 5161 1768 5220 om-

194 5219 294 5274 nes
328 5221 445 5290 l'ereg
465 5221 842 5288 manuscripti,
862 5221 1288 5290 προερχόμενος.
1311 5219 1474 5290 Editi,
1494 5219 1769 5290 παρερχό-

194 5306 395 5360 μενος.
431 5288 564 5343 Ibid.
601 5290 755 5343 Coll).
785 5289 840 5353 2,
875 5288 1214 5357 συναγαγών.
1246 5289 1370 5343 Mox
1420 5288 1621 5358 Regius
1653 5288 1688 5339 2
1715 5296 1768 5342 et

193 5361 350 5431 Coll).
373 5359 576 5431 2,_r:epi.
592 5361 807 5412 πάντων
838 5375 938 5428 pro
967 5359 1304 5431 περιπατῶν.

267 5429 384 5497 (27)
424 5426 627 5499 Regius
658 5426 867 5499 primus
900 5439 954 5483 et
999 5426 1274 5494 Vaticana,
1312 5445 1448 5499 croo._
1467 5427 1591 5482 Mox
1642 5426 1768 5497 quis

194 5499 320 5554 dam
357 5515 490 5553 mss.
512 5497 860 5561 “cum'editis,
888 5502 947 5552 ἐν
978 5503 1091 5563 τοῖς
1118 5500 1384 5563 οὐρανοῖς.
1424 5497 1528 5553 Sed
1568 5501 1770 5552 articuo

195 5570 282 5624 lus
314 5572 426 5630 τοῖς
463 5571 617 5623 deest
647 5569 698 5622 in
733 5571 866 5638 Reg.
901 5572 955 5636 1,
988 5573 1043 5635 2,
1083 5580 1136 5626 et
1161 5569 1316 5626 Coll).
1345 5570 1400 5633 2,
1443 5584 1545 5623 nec
1575 5569 1769 5638 legitur

199 5641 252 5696 in
283 5638 474 5694 Graeco
497 5639 792 5708 Scriptura:
821 5651 989 5694 testu.

481 5738 752 5793 ΡΑτιιοι..
799 5734 919 5794 Gn.
966 5735 1199 5798 XXVI.

3387 4939 3415 4953 ρ

1867 4936 1974 4994 otio
1997 4936 2121 4993 ιαηα
2160 4939 2257 4992 illa
2289 4936 2592 4994 manu.“
2627 4949 2742 5008 post
2778 4939 2935 4993 (adio
2971 4938 3092 5006 fuit,
3125 4936 3335 4992 Gemm.
3386 4939 3440 5002 5,

1869 5027 1968 5064 non
1997 5011 2168 5064 vestiti
2193 5009 2450 5062 mollioris
2483 5009 2840 5062 blandimenta
2875 5019 3102 5060 sectatus
3125 5019 3225 5060 est.

1938 5082 2050 5152 (29)
2073 5080 2269 5152 kColb.,
2290 5080 2420 5152 satis
2454 5080 2745 5152 honestam.
2768 5078 2911 5131 ldem
2944 5093 3089 5141 mox,
3111 5076 3436 5152 eﬂiuxerunt.

1869 5148 2003 5206 Ibid.
2031 5148 2271 5205 'Gemm.
2309 5150 2360 5212 1,
2395 5150 2582 5218 quibus
2617 5160 2732 5216 post
2778 5157 2996 5201 mortem
3048 5159 3325 5218 parentum
3371 5148 3444 5200 ad

1867 5221 2162 5280 ecclesiam.
2202 5229 2308 5274 etc.
2336 5215 2434 5272 Cui
2489 5215 2688 5274 accinit
2737 5218 2957 5273 Graecus
3005 5224 3206 5270 textus.
3239 5215 3444 5270 Ibidem

1869 5291 2050 5354 (lolb.,
2083 5307 2381 5344 occurrens.
2408 5289 2578 5343 Paulo
2609 5288 2748 5342 infra
2783 5289 2936 5350 editi,
2967 5297 3015 5338 et
3056 5286 3208 5340 multi
3229 5296 3284 5340 ut
3313 5288 3448 5356 legi-

1880 5370 1966 5412 tur
1995 5363 2051 5414 in
2076 5361 2246 5422 Actis,
2281 5376 2416 5414 mss.
2455 5376 2665 5417 omnes.
2698 5360 2849 5412 ntulti
2877 5361 2931 5411 in
2957 5357 3194 5410 Actibus.

1949 5432 2060 5502 (50)
2094 5429 2192 5502 _Sic
2218 5431 2369 5502 C_oll_).
2394 5429 2613 5502 AGcmm.
2649 5429 2684 5482 2
2716 5440 2770 5483 et
2798 5430 2851 5482 5.
2884 5428 2987 5480 Alii
3016 5438 3070 5480 et
3103 5426 3446 5502 editi,_intra-

1875 5496 1966 5554 vit'
1995 5496 2288 5554 ecclesiani.
2324 5499 2466 5555 Infra
2495 5516 2687 5554 omnes
2707 5516 2864 5565 mss.,
2903 5503 3232 5563 thesaurum,
3259 5498 3314 5550 in
3344 5512 3445 5550 σαι-

1874 5572 1960 5626 Iis.
1990 5571 2151 5640 Editi,
2189 5572 2243 5624 in
2274 5571 2422 5625 caelo.

3049 5723 3125 5784 2'7
