3824 6224
85 218 99 267 τ
134 244 280 306 ’σεε
1524 234 1686 291 vnn
1727 234 1784 290 s.
1825 229 2124 288 mronu.
3328 223 3436 281 ατο

136 365 390 441 ,χαλκῆς
418 362 689 437 δραχμῆς,
725 358 811 417 ἵνα
840 360 1077 433 κερδήσῃ
1108 360 1313 431 χρυσᾶς
1343 359 1592 431 δραχμὰς
1620 361 1751 413 ἑκα-

1864 362 1920 410 ιιι
1948 360 2166 410 centum
2205 364 2400 405 aureas
2429 342 2767 415 iueraretur;
2808 346 2882 402 ita
2912 346 2959 403 si
2995 345 3123 418 quis
3155 345 3432 402 universa:

142 458 287 523 τὸν,
322 456 494 520 οὕτως
526 459 554 509 ό
582 456 763 525 πάσης
792 453 889 524 τῆς
917 454 1024 523 γῆς
1050 451 1237 524 κύριος
1268 449 1363 513 ὢν,
1393 451 1486 504 καὶ
1518 451 1760 503 ἀποτασ-

154 548 409 621 σόμενος
439 548 600 617 αὐτῇ,
637 545 817 614 ὀλίγον
849 545 1064 614 ἀφίησι,
1104 544 1198 596 καὶ
1230 541 1761 595 ἑκατονταπλασίονα

151 640 467 712 λαμϐάνει.
498 639 562 692 Εἰ
604 636 662 691 δὲ
698 636 820 690 οὐδὲ
852 638 1002 690 πᾶσα
1036 636 1070 705 ἡ
1102 635 1175 704 γῆ
1209 633 1334 701 ἀξία
1372 633 1482 686 τῶν
1517 632 1760 703 οὐρανῶν

154 736 349 798 ἐστιν,
392 733 422 785 ό
452 731 561 802 ἄρα
590 731 749 799 ἀφεὶς
776 728 963 797 ὀλίγας
995 727 1255 799 ἀρούρας,
1293 726 1368 789 ὡς
1412 725 1563 777 οὐδὲν
1593 741 1762 778 κατα-

151 823 486 895 λιμπάνων,
534 821 636 875 κᾶν
672 822 858 875 οἰκίαν
899 821 932 892 ἦ
975 821 1197 892 χρυσίον
1254 819 1437 873 ἱκανὸν
1486 819 1619 887 ἁφῇ,
1660 818 1761 870 οὐκ

153 914 381 984 ὀφείλει
413 912 720 984 καυχᾶσθαι
760 913 795 983 ἢ
837 912 1086 983 ἀκηδιᾷν.
1122 910 1332 974 Ἀλλως
1367 927 1428 963 τε
1462 909 1760 979 όφείλομεν

153 1004 508 1075 λογίζεσθαι,
554 1006 658 1069 ὅτι,
709 1004 815 1058 κᾶν
865 1004 940 1075 μὴ
999 1002 1228 1073 ἀφῶμεν
1263 1003 1331 1056 δι’
1374 1002 1595 1074 ἀρετὴν,
1646 1001 1758 1055 ἀλλ’

157 1098 406 1171 ὕστερον
452 1098 882 1168 ἀποθνήσκοντες
933 1094 1415 1167 καταλιμπάνομεν
1453 1093 1594 1147 αὑτά
1637 1093 1761 1146 πολ-

154 1187 334 1253 λάκις
361 1188 458 1242 καὶ
483 1183 566 1252 οἷς
593 1188 653 1241 οὐ
685 1186 929 1257 θέλομεν,
950 1186 1026 1250 ὡς
1053 1184 1457 1256 ἐμνημόνευσεν
1482 1186 1511 1236 ό
1542 1182 1764 1252 Ἐκκληι

159 1281 427 1352 σιαστής.
456 1278 557 1332 Διά
581 1279 633 1332 τί
660 1274 752 1333 οὖν
789 1278 863 1349 μὴ
891 1277 960 1331 δι’
991 1276 1190 1349 ἀρετὴν
1224 1277 1384 1347 ἡμεῖς
1414 1274 1762 1345 καταλιμπά-

153 1381 364 1441 νομεν,
393 1371 479 1425 ἵνα
502 1370 599 1424 καὶ
627 1368 904 1440 βασιλείαν
929 1368 1030 1439 κλη
1041 1369 1457 1439 ρονομήσωμεν;
1482 1365 1581 1419 Διά
1602 1364 1761 1419 τοῦτο

160 1460 313 1531 μηδὲ
339 1460 433 1514 τοῦ
464 1459 694 1514 κτᾶσθαί
716 1477 800 1522 τις
824 1458 978 1529 ἡμῶν
1008 1457 1302 1527 ἐπιθυμίαν
1329 1455 1669 1525 λαμϐανέτω.
1695 1456 1760 1509 Τί

155 1552 280 1622 γὰρ
307 1550 505 1622 κέρδος
526 1549 697 1604 ταῦτα
724 1550 977 1614 κτᾶσθαι,
1002 1547 1039 1601 ἀ
1071 1547 1204 1619 μηδὲ
1231 1546 1460 1618 αἴρομεν
1491 1546 1608 1617 μεθ’
1641 1548 1762 1600 ἑαυ-

154 1643 314 1708 τῶν;
351 1642 406 1695 τί
434 1642 496 1695 ού
530 1641 642 1710 (58)
681 1640 880 1712 μᾶλλον
918 1642 1103 1693 ἐκεῖνα
1130 1636 1408 1708 κτώμεθα,
1440 1636 1477 1691 ἃ.
1508 1636 1604 1691 καὶ
1640 1636 1758 1707 μεθ’

158 1732 389 1787 ἑαυτῶν
416 1727 546 1802 ἆραι
570 1730 874 1802 δυνάμεθα,
907 1728 1065 1783 ἀτινὰ
1095 1730 1210 1781 ἐστι
1245 1726 1524 1799 φρόνησις,
1549 1727 1756 1780 δικαιο-

154 1823 337 1894 σύνη,
385 1821 729 1894 σωφροσύνη,
767 1820 1008 1891 ἀνδρεία,
1054 1818 1288 1882 σύνεσις,
1340 1818 1561 1886 ἀγάπη,
1613 1815 1760 1885 φιλο-

158 1912 415 1982 πτωχία,
459 1913 637 1975 πίστις
664 1912 697 1982 ἡ
730 1912 810 1973 είς
835 1908 1086 1981 Χριστὸν,
1119 1906 1406 1977 ἀοργησία,
1444 1903 1753 1974 φιλοξενίας

160 2003 367 2058 Ταῦτα
398 2001 688 2072 κτώμενοι,
730 2001 1036 2072 εὑρήσομεν
1070 1998 1206 2050 αύτά
1256 1996 1362 2068 πρὸ
1400 1995 1605 2049 ἑαυτῶν
1644 1997 1760 2048 ἐκεῖ

161 2095 438 2149 ’ποιοῦντα
462 2094 592 2164 ἡμῖν
621 2091 800 2158 ξενίαν
833 2092 891 2144 ἐν
918 2093 984 2162 τῇ
1016 2092 1087 2160 γῇ
1123 2087 1229 2142 τῶν
1264 2088 1506 2141 πραέων.

239 2266 343 2321 18.
400 2267 562 2318 Ὥστε
624 2265 717 2318 καὶ
756 2265 820 2318 ὲκ
864 2263 1118 2317 τοιούτων
1162 2262 1392 2316 πειθέτω
1439 2279 1522 2325 τις
1568 2262 1757 2315 ἑαυτὸν

162 2355 248 2428 μὴ
290 2357 603 2428 ὁλιγωρεῖν’
648 2357 743 2409 καὶ
795 2354 1050 2426 μάλιστα,
1094 2353 1189 2406 ἐὰν
1231 2354 1535 2424 λογίσηται,
1572 2353 1756 2406 δοῦλον

165 2448 373 2504 husz
401 2444 540 2502 εἶναι
579 2445 672 2500 τοῦ
716 2447 943 2517 Κυρίου,
974 2445 1068 2498 κα)⁵
1106 2444 1385 2515 ὀφείλοντα
1415 2443 1492 2515 τῷ
1523 2443 1756 2515 δεσπότῃ

163 2538 470 2593 δουλεύειν.
506 2540 713 2609 Ὥσπερ
746 2534 839 2591 οὖν
880 2538 909 2589 ὁ
950 2536 1131 2600 δοῦλος
1161 2536 1261 2589 ούκ
1292 2536 1359 2590 ἂν
1395 2536 1640 2607 τολμήσῃ
1681 2535 1759 2588 λέ-

166 2647 291 2697 γειν
332 2630 472 2701 (59)·
515 2630 733 2700 Ἐπειδὴ
770 2629 897 2700 χθὲς
925 2627 1290 2701 εἰργασάμην,
1332 2628 1431 2681 οὐκ
1456 2627 1758 2699 ἐργάζομαι

167 2725 444 2794 σήμερον·
482 2721 604 2775 οὐδὲ
637 2720 728 2774 τὸν
757 2719 1091 2792 παρελθόντα
1123 2719 1310 2791 χρόνον
1360 2717 1594 2790 μετρῶν,
1623 2717 1761 2770 παύ-

168 2831 333 2868 σεται.
361 2813 472 2867 τῶν
496 2813 624 2882 ἑξῆς
649 2812 896 2884 ἡμερῶν,
924 2811 1059 2865 ἀλλά
1089 2810 1211 2864 καθ’
1235 2811 1466 2881 ἡμέραν,
1491 2810 1566 2873 ὡς
1594 2811 1649 2862 ὲν
1683 2808 1761 2880 τῷ

168 2904 504 2975 Εὑαγγελίῳ
527 2903 857 2973 γέγραπται,
889 2901 988 2971 τὴν
1020 2901 1190 2972 αὐτὴν
1222 2899 1527 2971 προθυμίαν
1552 2898 1761 2952 δείκνυ-

170 3013 279 3061 σιν,
314 2997 406 3050 ἴνα
437 2994 517 3066 τῷ
542 2993 714 3065 κυρίῳ
744 2990 908 3045 αὑτοῦ
942 2990 1151 3061 ἀρέσκῃ
1181 2989 1317 3058 (40),
1347 2990 1443 3042 καὶ
1473 2988 1548 3060 μὴ
1583 2989 1762 3043 κινδυ-

168 3059 365 3159 νεύσῃ*
397 3059 539 3137 οὔτ-ω
577 3059 697 3136 καὶ-
717 3084 876 3154 ἡμεῖς
918 3059 1039 3133 καθ’
1067 3059 1280 3151 ἡμέραν
1312 3059 1660 3149 ἐπιμένωμεν
1690 3081 1754 3150 τῇ
1788 3059 1830 3117 (ἶ

168 3177 433 3248 ἀσκήσει,
465 3174 683 3239 εἰδότες,
716 3174 824 3236 ὅτι,
854 3172 949 3226 ἐὰν
980 3173 1107 3244 μίαν
1135 3170 1347 3243 ἡμέραν
1372 3168 1755 3241 ἀμελήσωμεν,

170 3268 232 3321 ού
263 3268 359 3321 διὰ
381 3266 474 3320 τὸν
501 3264 836 3335 παρελθόντα
861 3264 1052 3335 χρόνον
1077 3263 1208 3333 ἡμῖν
1237 3260 1600 3331 συγχωρήσει,
1621 3258 1757 3312 ἀλλά

168 3357 258 3411 διὰ
291 3356 398 3427 τὴν
422 3354 681 3424 ἀμέλειαν
704 3352 1077 3422 ἀγανακτήσει
1099 3348 1220 3403 καθ’
1251 3346 1430 3419 ήμῶν.
1453 3345 1638 3409 Οὕτως
1663 3342 1757 3399 καὶ

171 3449 231 3501 ἐν
258 3446 344 3518 τῷ
380 3444 639 3516 Ἱεζεχιὴλ
666 3442 1001 3513 ἠκούσαμεν·
1032 3439 1205 3503 οὕτως
1237 3439 1333 3491 καὶ
1364 3440 1393 3492 ὁ
1441 3435 1640 3500 Ἰούδας
1665 3435 1755 3490 διὰ

172 3538 352 3594 νύκτα
384 3537 510 3609 μίαν
539 3534 782 3589 ἀπώλεσε
808 3526 904 3587 καὶ
934 3528 1028 3587 τοῦ
1058 3523 1417 3593 παοελθόντος
1438 3529 1630 3601 χρόνον
1662 3527 1754 3582 τὸν

174 3630 445 3701 κάματον.

1862 452 2022 498 terrae
2085 440 2342 498 dominus
2409 438 2751 494 renuntiaret
2804 437 2904 504 illi,
2939 436 2989 492 is
3032 451 3223 507 parum
3261 436 3431 497 relin—

1861 542 2073 604 queret,
2128 546 2193 586 ac
2243 529 2555 599 centuplum
2591 527 2878 598 reciperet.
2916 525 3073 593 Quod
3114 527 3162 582 si
3203 541 3274 581 ne
3319 534 3432 580 tota

1861 623 2084 694 quidem
2119 629 2264 677 terra
2295 620 2457 690 digna
2492 619 2563 674 sit
2606 632 2777 688 regno
2823 616 3113 683 caelorum,
3160 615 3255 685 qui
3304 629 3435 684 ergo

1861 730 2055 770 aruras
2109 728 2316 784 paucas
2347 711 2638 780 relinquit,
2676 709 2835 779 quasi
2872 708 3011 762 nihil
3056 708 3259 761 amittit
3295 724 3309 760 :
3350 707 3434 760 vel

1860 808 2027 863 etiam
2059 807 2105 861 si
2136 806 2383 870 domum,
2411 803 2754 871 multumque
2790 800 2908 855 auri
2940 799 3199 864 dimittat,
3231 813 3438 866 nequa—

1861 915 2025 970 quam
2060 897 2279 968 gloriari
2322 896 2503 958 debet,
2529 902 2624 947 aut
2663 892 2947 947 remissius
2986 905 3166 961 agere.
3209 889 3275 942 Et
3303 890 3438 942 alio;

1860 990 1956 1060 qui
1986 989 2338 1059 cogitandum
2370 985 2527 1040 nobis
2557 994 2661 1049 est,
2697 985 2745 1039 si
2769 1000 2833 1039 ea
2867 983 3084 1038 virtutis
3122 994 3290 1036 causa
3324 997 3440 1035 non

1861 1081 2257 1150 relinquamus,
2302 1086 2478 1131 morte
2525 1076 2831 1130 amissuros
2873 1074 3093 1129 tandem
3132 1087 3234 1127 nos
3266 1087 3434 1145 esse,

1860 1184 1923 1223 ac
1952 1183 2195 1238 persaepe
2224 1167 2426 1236 quibus
2457 1164 2680 1219 minime
2708 1164 2994 1228 vellemus,
3033 1172 3095 1217 ut
3129 1151 3205 1216 ait
3249 1160 3440 1216 Eccle-

1868 1258 2067 1313 siastes
2088 1257 2159 1312 ³⁷.
2188 1258 2299 1311 Cur
2329 1270 2460 1325 ergo
2486 1270 2551 1309 ea
2570 1253 2788 1309 virtutis
2814 1268 2980 1309 causa
3015 1268 3125 1307 non
3156 1253 3436 1322 relinqua-

1860 1363 2008 1415 mus,
2036 1356 2098 1402 ut
2119 1347 2270 1418 regni
2296 1346 2628 1415 accipiamus
2653 1342 3440 1413 bereditatem?Quapropter,

1859 1454 1929 1494 ne
1967 1454 2131 1510 quem
2160 1449 2410 1493 nostrum
2454 1436 2676 1491 invadat
2704 1435 3266 1513 possidendihcupido.
3295 1435 3436 1502 Quid

1859 1514 1992 1587 lucri
2020 1515 2090 1587 ea.
2108 1530 2335 1601 adipisci
2358 1545 2477 1600 quae
2503 1528 2786 1584 nobiscum
2816 1543 2923 1583 non
2944 1526 3257 1584 auferemus
3285 1529 3308 1583 ?
3340 1529 3438 1585 au‘t

1859 1639 1956 1679 cur
1976 1640 2082 1681 non
2101 1623 2281 1694 potius
2302 1638 2366 1677 ea
2385 1620 2735 1691 acquiramus
2759 1636 2879 1690 quae
2907 1620 3194 1675 nobiscum
3225 1618 3443 1678 aufere-

1861 1732 2006 1779 mus,
2028 1714 2378 1786 prudentiam
2419 1712 2649 1777 scilicet,
2663 1711 2959 1779 justitiam,
2994 1713 3440 1781 temperantiam,

1861 1808 2261 1872 fortitudinem,
2284 1804 2718 1876 intelligentiam,
2753 1797 3096 1871 charitatem,
3133 1820 3434 1874 pauperum

1863 1914 2127 1963 amorem,
2146 1897 2307 1952 ﬁdem
2330 1895 2698 1959 inChristum,
2730 1894 3229 1975 mansuetudinem,
3253 1896 3440 1967 hospi-

1866 1984 2172 2042 talitatem?
2200 1983 2325 2040 Haec
2367 1984 2415 2038 si
2448 1981 2849 2052 adipiscamur,-
2908 1983 3021 2039 illic
3069 1985 3435 2054 reperiemus,

1864 2092 1987 2148 quae
2037 2091 2140 2132 nos
2197 2076 2253 2130 in
2306 2083 2718 2129 mansuetorum
2778 2083 2923 2130 terra
2984 2074 3223 2145 h05pitio
3283 2077 3434 2132 exci-

1864 2169 2037 2240 piant.

1935 2277 2024 2333 18.
2058 2277 2151 2334 His
2178 2278 2361 2349 itaque
2393 2279 2730 2349 argumentis
2760 2280 2940 2351 quivis
2984 2281 3039 2335 in
3080 2281 3325 2339 animum
3356 2283 3437 2339 in-

1865 2371 2031 2426 ducat
2080 2379 2141 2425 ut
2174 2386 2284 2424 non
2315 2371 2501 2425 animo
2534 2371 2814 2436 concidat,
2848 2374 3150 2442 praesertim
3183 2374 3232 2430 si
3279 2377 3436 2447 cogi-

1866 2470 1939 2516 tet
1976 2476 2035 2517 se
2087 2460 2303 2516 Domini
2357 2476 2575 2516 servum
2625 2471 2875 2532 oportere
2930 2462 3164 2521 Domino
3201 2467 3432 2522 servire.

1865 2551 2331 2618 Quemadmodum
2384 2552 2568 2622 itaque
2614 2568 2808 2609 servus
2854 2570 2960 2609 non
2996 2556 3142 2611 ausit
3194 2557 3308 2614 haec
3353 2560 3435 2614 di-

1865 2657 2027 2697 cere:
2078 2641 2245 2713 646
2278 2641 2415 2697 Cum
2460 2642 2578 2696 heri
2622 2642 2937 2708 laborarim,
2967 2646 3181 2701 otiabor
3213 2648 3377 2706 hodie
3410 2668 3427 2706 :

1864 2746 2040 2804 neque
2064 2734 2398 2805 praeteritum
2423 2743 2635 2801 tempus
2655 2733 2957 2801 dimensus,
2982 2736 3175 2793 diebus
3198 2755 3439 2811 sequena

1864 2824 2010 2880 tibus
2056 2824 2337 2889 cessabit;
2403 2823 2494 2878 sed
2548 2824 2813 2893 quotidie,
2870 2837 2930 2881 ut
2975 2829 3238 2899 scriptum
3269 2841 3353 2887 est
3377 2832 3443 2887 im

1863 2915 2181 2986 Evangelia,
2238 2914 2382 2969 idem
2419 2913 2640 2983 praefert
2686 2915 2853 2970 animi
2903 2918 3170 2987 studium,
3223 2932 3279 2977 ut
3331 2939 3443 2979 suo

1866 3005 2077 3076 placeat
2103 3002 2359 3067 Domino,
2411 3011 2465 3057 et
2518 3016 2627 3056 non
2661 3004 2997 3072 periclitetur
3036 3025 3051 3062 :
3096 3009 3170 3064 ita
3227 3020 3283 3065 et
3330 3029 3438 3068 nos

1863 3084 2107 3167 quotidie
2129 3096 2183 3151 in
2219 3094 2455 3153 ascetica
2492 3111 2924 3165 perseveremus.
2952 3099 3208 3168 scientes,
3241 3100 3434 3161 siuna

1862 3189 1952 3243 die
1997 3188 2345 3260 indiligenter
2413 3201 2641 3262 agamus
2672 3230 2687 3253 ,
2724 3187 3013 3246 Dominum
3055 3209 3164 3248 non
3216 3198 3429 3255 veniam

1862 3279 2042 3344 nobis,
2065 3282 2325 3350 prateriti
2357 3284 2617 3352 temporis
2639 3282 2835 3354 gratia,
2862 3298 3423 3356 esse-cencessurum;

1861 3370 1956 3426 sed
2007 3384 2400 3426 succensurum
2450 3373 2611 3429 nobis
2644 3384 2865 3444 propter
2906 3376 3312 3446 negligentiam.
3351 3382 3428 3438 lla

1860 3462 1993 3518 etin
2020 3460 2303 3517 Ezechiele
2328 3463 2591 3533 scriptum
2624 3464 2668 3495 ³⁸
2705 3484 2719 3520 :
2752 3467 2827 3521 ita
2864 3475 2920 3521 et
2955 3465 3125 3523 Judas
3156 3470 3226 3523 ob
3264 3486 3426 3527 unam

1862 3563 2098 3621 noctem,
2125 3554 2381 3625 printeriti
2416 3555 2678 3626 temporis
2705 3556 2950 3611 laborem
2995 3559 3251 3629 perdidit.

1513 3797 1765 3855 VERSIO
1801 3797 2102 3855 EVAGRll.

175 3941 514 4010 coelestibus,
546 3953 604 3998 se
626 3941 1002 4014 unuSQuisque
1025 3940 1365 4014 consideret,
1391 3948 1445 3993 et
1474 3936 1656 3993 statim
1699 3937 2232 4014 _intelliget,__parvi_s
2262 3938 2442 3994 aruris
2480 3946 2538 4014 et
2568 3939 2890 4014 parietibus,
2922 3941 3007 3997 vel
3037 3944 3252 4000 modica
3306 3951 3428 4004 auri
3534 3930 3539 3937 ’

174 4017 427 4087 portione
453 4007 1156 4087 contemptafnec'gloriari
1191 4025 1250 4064 se
1282 4009 1514 4071 debere,
1554 4008 1713 4087 quasi
1747 4007 1944 4087 magna
1979 4007 2266 4087 dimiserit,
2302 4024 2403 4063 nec
2440 4007 2657 4075 taedere,
2684 4012 2839 4078 quasi
2876 4007 3043 4081 parva
3074 4015 3146 4068 sit
3180 4031 3429 4087 receptu.

176 4072 289 4138 rus.
346 4081 419 4138 Ut
456 4084 603 4137 enim
631 4072 1154 4152 contemnit'aliquis
1187 4094 1350 4152 unam
1381 4072 1587 4152 aeream
1619 4072 1932 4152 drachmam
1963 4072 2028 4152 aii
2060 4072 2350 4152 drachmas
2383 4088 2615 4152 centum;
2642 4072 2845 4152 aureas,
2867 4072 3271 4152 éonquirendas
3302 4072 3320 4141 ἶ
3351 4072 3428 4143 ita

173 4153 363 4225 etiam,
394 4153 488 4223 qui
527 4154 695 4225 totius
728 4152 893 4225 orbis
932 4148 1236 4225 dominium
1270 4148 1578 4225 dereliquit,
1608 4149 1925 4225 centuplum
1958 4149 2026 4202 de
2055 4148 2375 4225 melioribus
2412 4150 2732 4225 praamiisin
2767 4148 3141 4225 sublimi—sede
3178 4157 3423 4225 recipiet.

175 4222 255 4296 Ad
283 4217 585 4296 summum,
614 4222 744 4296 illud
771 4221 1078 4296 perspicere
1100 4218 1391 4296 debemus,
1422 4217 1580 4296 qUod_
1598 4217 1704 4271 etsi
1737 4226 1954 4296 nostras
1994 4218 2226 4273 velimus
2255 4217 2525 4296 retentare
2554 4219 2793 4296 divitias,
2827 4220 2938 4290 lege
2955 4224 3167 4296 mortis
3190 4226 3259 4279 ab
3293 4217 3427 4296 ipsis

176 4291 500 4347 divellamur
527 4292 704 4358 inviti,
736 4286 796 4346 ut
825 4286 1065 4345 in'libro
1100 4286 1451 4343 Ecclesiastaa’
1477 4288 1739 4358 scriptum
1772 4298 1875 4343 est.
1912 4286 2023 4342 Cur
2049 4303 2180 4355 ergo
2231 4304 2337 4342 non
2387 4287 2620 4343 facimus
2661 4290 2727 4343 de
2759 4286 3080 4346 necessitate
3121 4286 3379 4349 virtutem
3404 4298 3430 4350 ?

174 4373 273 4415 cur
301 4378 409 4416 non
437 4361 505 4415 ad
528 4357 783 4416 lucranda
810 4375 976 4431 regna
997 4359 1237 4414 cmleStia
1279 4359 1423 4431 ultro
1467 4357 1847 4428 relinquimus;
1876 4358 2190 4431 quod_lucis
2221 4360 2379 4431 istius
2401 4360 2512 4431 [ine
2537 4359 2868 4427 perdendum
2897 4370 2980 4415 est
3002 4362 3025 4415 ἲ
3051 4361 3196 4417 Nihil
3229 4376 3422 4421 eorum

174 4443 322 4487 cura
353 4432 424 4486 sit
458 4433 742 4487 monachis
767 4426 913 4501 (Ηῖ,
945 4445 1066 4499 qua:
1093 4443 1289 4501 secum
1322 4426 1535 4501 auferre
1563 4442 1683 4501 non_
1704 4426 1977 4501 possunt:
2011 4427 2141 4501 illud
2173 4430 2353 4497 potius
2384 4426 2646 4482 debemus
2679 4437 2950 4501 expetere,
2992 4432 3135 4501 quod
3187 4450 3288 4489 nos
3318 4436 3423 4489 du-

173 4511 264 4555 cat
284 4502 353 4556 ad
393 4502 631 4565 caelum;
663 4496 983 4569 sapientiam
1030 4498 1257 4561 scilicet,
1290 4498 1630 4569 castitatem,
1662 4496 1974 4569 justitiam,
2010 4496 2287 4569 virtutem,
2331 4513 2553 4569 sensum
2572 4496 2939 4569 _pervigilem,
2978 4496 3276 4569 pauperum
3326 4521 3425 4559 cu-

173 4582 316 4635 ram,
351 4571 510 4625 ﬁdem
534 4571 590 4623 in
620 4566 844 4624 Christo
871 4570 1179 4633 robustam,
1216 4568 1458 4639 animum
1497 4568 1592 4639 ira:
1627 4566 1928 4639 victorem,
1951 4568 2372 4639 hospitalitatem
2405 4567 2539 4639 (42).
2572 4566 2698 4623 Haec
2733 4566 3025 4635 sudantes,
3076 4566 3420 4629 mansionem

176 4642 335 4695 nobis
369 4641 424 4693 in
455 4650 597 4694 terra
627 4640 938 4709 quieturum
962 4640 1259 4709 secundum
1288 4636 1634 4709 Evangelium
1668 4636 2113 4709 praeparabimus.

245 4710 335 4764 18.
371 4706 792 4763 Considerémus
824 4708 1040 4763 Domini
1065 4722 1187 4762 esse
1207 4722 1307 4761 nos
1340 4706 1595 4776 famulos,
1623 4715 1679 4760 et
1712 4707 2023 4761 servitutem
2054 4706 2250 4761 debere
2281 4706 2330 4760 ei
2359 4721 2388 4760 a
2425 4722 2533 4776 quo
2554 4706 2720 4762 creati
2749 4722 2960 4761 sumus.
3016 4707 3088 4761 Ut
3126 4710 3271 4769 enim
3305 4727 3435 4767 ser-1

172 4790 277 4850 vus
301 4779 555 4849 praeteriti
589 4780 763 4848 gratia
792 4778 1108 4850 famulatus,
1134 4787 1377 4850 praesens
1398 4787 1491 4829 aut
1526 4775 1911 4850 futurumnon
1942 4777 2241 4850 contemnit
2272 4776 2584 4850 imperium,
2626 4792 2731 4850 nec
2766 4778 2933 4850 au_dct
2971 4794 3241 4844 asserere,
3267 4784 3416 4850 quod

174 4860 239 4902 ex
268 4845 457 4903 labore
486 4845 762 4903 transacto
789 4848 1047 4902 instantis
1082 4848 1263 4915 operis
1294 4847 1492 4900 habere
1525 4845 1722 4917 debeat
1743 4845 2067 4917 libertatem,
2099 4847 2191 4899 sed
2217 4846 2335 4917 jngi
2385 4847 2585 4910 studio,
2618 4856 2677 4900 ut
2720 4846 2785 4917 in,
2819 4845 3111 4915 Evangelio
3151 4845 3415 4917 scriptum

170 4926 272 4996 est,
301 4918 544 4996 eamdem
571 4932 789 4996 semper
814 4918 1036 4996 exhibet
1072 4917 1504 4996 servitutem._.ut
1526 4924 1580 4968 et
1621 4915 1843 4996 domino
1881 4915 2093 4996 placere
2122 4916 2311 4996 possit.
2353 4925 2405 4970 et
2445 4931 2512 4996 ne
2541 4926 2742 4996 metum
2777 4916 3018 4970 lucretur
3046 4928 3099 4972 et
3148 4915 3370 4975 verbera
3400 4939 3417 4988 ;

175 4985 252 5041 sic
268 4997 324 5042 et
348 5003 447 5041 nos
476 4988 676 5041 divinis
693 4985 959 5057 'congruit
984 5001 1175 5058 parere
1199 4986 1483 5058 praeceptis
1511 5002 1523 5037 :
1567 4985 1988 5058 scientesquod
2022 5000 2213 5051 miluus
2239 4986 2329 5039 ille
2363 4986 2681 5051 retributor,
2708 4986 2775 5058 in_
2797 5001 2909 5058 quo
2954 5002 3228 5058 quemque
3259 4985 3417 5045 inve;

177 5059 334 5130 nerit.
366 5058 419 5110 in
446 5072 512 5130 eo
538 5058 611 5130 sit
634 5052 1002 5126 judicaturus,
1023 5056 1167 5130 quod
1198 5052 1514 5130 prophetica
1540 5069 1649 5130 per_
1674 5052 2010 5130 Eaechielem
2037 5070 2166 5109 voce
2193 5063 2424 5110 testatur
2453 5073 2467 5110 :
2496 5071 2623 5109 nam
2667 5065 2721 5110 et
2765 5052 2951 5110 inielix
2974 5052 3152 5114 'Judas'
3196 5071 3417 5130 propter

176 5128 335 5181 unius
363 5129 538 5182 noctis
564 5124 917 5196 impietatem,
951 5124 1101 5181 omni
1130 5124 1385 5196 praeteriti
1423 5124 1684 5194 temporis
1717 5125 1903 5179 labore
1930 5126 2175 5193 privatus
2206 5135 2311 5179 est.

242 5239 286 5274 ³⁷
313 5240 492 5299 Eccle.
521 5259 598 5310 Iv,
626 5242 680 5298 8.
757 5243 800 5275 "‘
824 5242 1021 5298 Ezech.
1058 5258 1207 5297 xvm.

241 5353 354 5426 (38)
387 5354 465 5412 lta
510 5372 647 5414 mss.
676 5358 922 5430 quidam.
957 5356 1065 5412 Alii
1094 5372 1246 5427 vero,
1286 5359 1383 5430 μή.
1418 5356 1583 5423 Editi,
1616 5352 1731 5424 οὖν,

1864 5355 2077 5430 ξοιὺετι.
2117 5352 2169 5430 Ι,
2212 5350 2606 5430 ὲπιμείνωμενο
2650 5348 2817 5406 Paulo
2859 5359 2982 5422 post
3027 5350 3324 5408 Culbertin.
3356 5352 3413 5418 2,

174 5423 447 5482 mendose.
697 5423 714 5430 ’
1232 5423 1241 5427 ⁷
1287 5423 1300 5429 ⁷
1348 5423 1360 5430 ’
1718 5423 1722 5424 ί

1864 5425 1991 5479 ὓοαν
2026 5438 2124 5493 pro
2144 5423 2380 5493 ἡμέραν.

242 5497 350 5569 ιζί9)
383 5497 475 5552 Sic
496 5512 629 5569 mss.
656 5496 800 5554 Editi
829 5514 981 5566 vero,
1014 5499 1206 5569 λέγων.
1233 5496 1379 5552 Infra
1411 5496 1647 5553 Colbert.
1677 5497 1734 5560 2,
1857 5564 1873 5569 _
1916 5490 2043 5566 (Mf
2062 5492 2152 5548 Sic
2167 5490 2418 5569 inanima
2445 5506 2589 5569 _pars
2634 5491 3152 5562 manuscriptorum.
3196 5490 3426 5548 Boilatzd

123 5600 139 5621 ι
178 5561 671 5641 παύσεταέλὴμέραν
705 5569 764 5635 ἐξ
792 5561 1027 5641 desipis.
1054 5640 1059 5641 ν
1086 5561 1105 5641 ’ί
1376 5640 1383 5641 κ
1449 5637 1460 5641 -
1592 5637 1606 5641 -
1659 5636 1676 5641 -

1864 5561 2128 5641 lusvcro,
2164 5561 2503 5641 Christianis.
2601 5631 2613 5641 _
2684 5630 2695 5641 .
2922 5561 2925 5562 ⁷
2987 5571 3000 5586 ⁸

243 5638 351 5707 (ω)
397 5629 511 5693 51ιῖ
537 5629 920 5710 ώειιυεὲτῷιὶξ
965 5629 1110 5696 Editi
1156 5653 1320 5710 vero,
1364 5637 1556 5711 ἀρέσῃ.
1592 5636 1735 5693 Infra
1917 5633 2029 5705 (4'2)
2061 5631 2431 5700 Manuscripti,
2467 5629 2799 5702 hospitalem.
