3824 6224
431 293 546 355 875

1024 293 1083 348 S.
1125 292 1498 351 ATHANASII
1538 293 1691 351 OPP.
1723 294 1907 352 PARS
1944 295 1985 350 1.
2027 326 2096 338 -
2132 295 2504 357 HISTORICA
2538 300 2628 356 ΕΤ
2661 302 3078 361 DOGMATICA.

3587 307 3698 364 878

430 423 588 487 potus
615 421 664 468 st
690 409 1004 482 pate’s’tates,
1043 414 1226 468 mundi
1272 423 1496 469 rectores
1544 416 1876 469 tenebrarum
1904 417 1986 471 Ita-

2104 417 2249 486 πρὸς
2296 417 2402 486 τὰς
2447 419 2732 488 ἐξουσίας
2751 463 2766 487 ,
2809 423 2958 490 πρὸς
3001 423 3145 490 τοὺς
3187 425 3697 497 κοσμοκράτορας

432 523 576 573 rum,
606 505 854 560 adversus
891 505 1197 576 spiritualia
1236 507 1487 576 nequitias
1517 508 1571 560 in
1609 507 1901 562 calestibus
1929 509 1998 562 ⁸⁸.

430 597 625 668 Magna
674 597 892 651 illorum
935 597 1093 652 turba
1139 597 1196 651 in
1247 613 1372 652 aere
1405 599 1566 654 nobis
1597 600 1848 667 proximo
1893 607 1997 666 est,

432 703 607 758 neque
627 687 813 759 procul
832 688 988 743 nobis
1017 696 1179 755 sunt,
1216 704 1412 759 magna
1451 705 1670 759 quoque
1708 689 1848 744 inter
1878 690 2000 746 illos

430 787 516 834 est
542 778 924 849 discrepantia;
977 776 1058 834 De
1081 794 1318 850 quorum
1377 788 1570 835 natura
1598 789 1652 836 et
1697 780 2000 836 diti‘erenlia

429 870 598 926 multa
625 871 731 926 dici
764 878 1005 940 possent,
1041 871 1110 926 ab
1131 871 1276 938 aliis,
1321 872 1478 926 nobis
1504 872 1996 942 praestantior-ibus,

427 963 825 1032 pertractanda.
857 961 1016 1028 Quod
1043 979 1173 1018 vero
1205 963 1318 1032 jam
1361 966 1669 1020 necessarie
1713 965 1871 1020 nobis
1909 965 1997 1018 in-

426 1056 654 1122 cumbit,
683 1063 768 1110 est
803 1069 967 1110 nosse
1014 1071 1207 1110 eorum
1251 1056 1540 1112 adversum
1585 1072 1686 1112 nos
1723 1059 1997 1113 callidita-

427 1159 524 1202 tes.

497 1332 586 1388 22.
626 1331 871 1388 Primum
896 1333 1080 1404 itaque
1100 1333 1206 1389 hoc
1227 1348 1390 1389 nosse
1423 1333 1688 1389 debemus
1721 1333 1996 1391 daemones

424 1425 684 1496 appellari
711 1426 1006 1491 daemones,
1037 1441 1145 1480 non
1177 1426 1324 1495 quod
1351 1427 1484 1481 tales
1511 1425 1714 1481 iuerint
1741 1426 1946 1481 conditi
1976 1443 1990 1479 :

425 1518 562 1572 nihil
600 1517 746 1572 enim
778 1517 907 1570 mali
936 1515 1180 1572 condidit
1207 1516 1352 1572 Deus
1386 1533 1398 1569 :
1431 1517 1525 1572 sed
1546 1517 1676 1571 boni
1698 1515 1862 1572 etiam
1891 1517 1993 1587 ipsi

2102 511 2208 564 τοῦ
2258 513 2518 579 σκότους
2560 516 2774 568 τούτου
2817 514 2953 587 (53),
2990 516 3141 585 πρὸς
3190 517 3261 571 τὰ
3299 521 3697 589 πνευματικὰ

2099 601 2211 671 τῆς
2258 606 2569 672 πονηρίας,
2610 606 2681 658 ἐν
2729 606 2855 674 τοῖς
2901 607 3297 676 ἐπουρανίοις.
3348 610 3529 676 Πολὺς
3590 613 3696 683 μὲν

2099 693 2191 750 οὖν
2223 699 2368 750 ἐστιν
2405 697 2584 751 αὐτῶν
2618 701 2647 752 ὁ
2679 699 2833 769 ὄχλος
2873 703 2932 756 ὲν
2967 701 3046 772 τῷ
3076 701 3194 755 καθ’
3224 705 3370 773 ἡμᾶς
3403 705 3560 774 ἀέρι,
3594 703 3695 758 καὶ

2103 790 2318 860 μακρὰν
2360 790 2460 843 οὐκ
2500 791 2636 844 εἰσιν
2680 792 2773 860 ἀφ’
2807 792 2982 863 ἡμῶν·
3014 792 3182 864 πολλὴ
3213 793 3270 846 δέ
3311 795 3393 857 τίς
3433 797 3598 848 ἐστιν
3634 797 3694 846 ὲν

2099 880 2278 943 αὐτοῖς
2325 882 2358 951 ή
2399 881 2648 952 διαφορά.
2683 883 2810 960 Καὶ⁴
2830 885 2956 954 περὶ
2993 885 3090 955 μὲν
3121 885 3219 954 τῆς
3252 885 3466 954 φύσεως
3492 886 3692 940 αὐτῶν

2099 972 2192 1024 καὶ
2223 971 2322 1039 τῆς
2346 972 2610 1044 διαφορᾶς
2640 973 2807 1036 πολὺς
2829 976 2896 1028 ἂν
2921 976 3004 1048 εἴη
3035 975 3210 1043 λόγος,
3239 977 3334 1029 καὶ
3357 977 3538 1030 ἄλλων
3571 994 3693 1048 μει-

2098 1058 2265 1124 ζόνων
2294 1063 2326 1132 ἦ
2356 1062 2473 1115 καθ’
2503 1065 2649 1134 ἡμᾶς
2677 1064 2794 1116 ἐστι
2841 1063 2904 1116 τὸ
2943 1065 3181 1117 τοιοῦτον
3223 1065 3488 1136 διήγημα’
3525 1065 3598 1118 τὸ
3627 1065 3689 1120 δὲ

2097 1152 2190 1205 νῦν
2223 1156 2541 1222 κατεπεῖγον
2574 1155 2670 1208 καὶ
2687 1156 2982 1223 ἀναγκαῖον
3022 1157 3173 1227 ἡμῖν,
3200 1156 3400 1224 γνῶναι
3424 1159 3550 1214 ἐστι
3585 1157 3691 1226 μό-

2095 1261 2185 1298 νον
2210 1245 2308 1308 τάς
2335 1245 2457 1299 καθ’
2482 1247 2638 1317 ἡμῶν
2664 1245 2843 1300 αὐτῶν
2873 1247 3206 1317 πανουργίας

2164 1335 2254 1390 22.
2283 1336 2503 1407 Πρῶτον
2545 1338 2723 1390 τοίνυν
2755 1337 2913 1391 τοῦτο
2950 1337 3306 1408 γινώσκωμεν
3338 1337 3472 1408 (54),
3505 1338 3598 1390 δτι
3631 1338 3686 1390 οι

2094 1428 2346 1498 δαίμονες
2374 1429 2434 1481 οὺ
2470 1427 2590 1482 καθ’
2623 1429 2652 1481 ὃ
2682 1428 2934 1500 δαίμονες
2975 1428 3282 1493 καλοῦνται,
3330 1429 3474 1482 οὕτω
3503 1419 3683 1498 γεγό-

2094 1537 2270 1573 νιισιν⁸
2306 1520 2460 1574 οὐδὲν
2494 1520 2603 1590 γὰρ
2632 1520 2800 1574 κακὸν
2831 1521 3085 1591 ἐποίησεν
3113 1522 3142 1573 ὁ
3166 1520 3320 1584 Θεὸς
3344 1520 3480 1575 ἀλλὰ
3514 1522 3681 1574 καλοὶ

426 1608 553 1664 facti
589 1617 750 1674 sunt;
798 1608 935 1678 lapsi
966 1625 1094 1664 vero
1116 1623 1148 1663 a
1187 1608 1396 1663 caelesti
1446 1607 1731 1678 sapientia,
1777 1617 1900 1676 post
1935 1608 1986 1662 in

2104 1610 2197 1681 μὲν
2228 1610 2482 1676 γεγόνασι
2515 1611 2609 1662 καὶ
2645 1609 2820 1672 αὐτοὶ,
2864 1609 3185 1667 ἐκπεσόντες
3213 1608 3269 1660 δὲ
3303 1608 3410 1661 ἀπὸ
3443 1608 3549 1680 τῆς
3583 1609 3684 1662 οὐ·

425 1708 568 1752 terra
604 1698 852 1762 volutati,
879 1699 1107 1768 gentiles
1134 1697 1441 1768 phantasiis
1467 1697 1821 1768 deceperunt,
1849 1697 1986 1752 invi-

2104 1702 2280 1773 ρανίου
2328 1702 2660 1772 φρονήσεως,
2695 1703 2788 1754 καὶ
2830 1700 3014 1754 λοιπὸν
3044 1701 3171 1772 περὶ
3201 1701 3300 1773 τὴν
3342 1701 3444 1771 γῆν
3489 1700 3682 1753 italu»

422 1789 620 1858 diaque
645 1790 700 1842 in
726 1804 830 1845 nos
850 1764 1193 1845 C'hristianos
1233 1788 1488 1846 ardentes
1513 1830 1529 1857 ,
1567 1764 1704 1845 nihil
1733 1805 1842 1845 non
1875 1805 1986 1845 mo-

2104 1764 2522 1864 θούμνοι.,’τοὺ’ς
2565 1764 2665 1862 μὲν
2698 1792 2960 1862 Ἕλληνας
2987 1764 3275 1862 ἠπάτησαν
3308 1764 3425 1854 ταῖς
3460 1808 3680 1860 φαντα-

421 1887 566 1944 νεηι,
600 1887 659 1933 ιιι
681 1880 942 1936 ccelorum
964 1881 1124 1935 nobis
1161 1880 1366 1935 aditum
1403 1880 1787 1945 intercludant,
1829 1898 1899 1937 ne
1929 1897 1995 1937 eo

420 1985 523 2025 nos
551 1970 912 2026 aseendamus
947 1971 1090 2025 unde
1125 1970 1261 2040 lapsi
1320 1971 1402 2024 illi
1460 1979 1606 2026 sunt.
1653 1970 1994 2040 Quapropter

419 2061 589 2117 multa
625 2063 892 2127 oratione,
946 2063 1118 2118 multa
1177 2063 1568 2118 exercitatione
1625 2077 1763 2132 opus
1795 2071 1898 2126 est,
1934 2071 1994 2117 ut

419 2163 641 2227 accepta
671 2157 796 2226 quis
819 2170 914 2227 per
946 2156 1198 2227 spiritum
1235 2155 1585 2212 discretionis
1629 2155 1828 2226 gratia,
1870 2170 1993 2225 quae

419 2247 544 2304 illos
605 2249 1074 2320 spectantﬁpossit
1129 2263 1472 2320 agnoscere:
1505 2247 1728 2318 quinam
1783 2247 1992 2302 scilicet

417 2340 640 2398 illorum
684 2341 870 2398 minus
919 2355 1178 2412 nequam,
1228 2340 1454 2411 quinam
1513 2341 1802 2410 nequiores
1833 2339 1985 2394 sint:

416 2447 530 2501 quo
569 2432 750 2489 studio
779 2433 978 2504 singuli
1005 2447 1196 2488 eorum
1247 2440 1707 2501 teneantur:qua
1755 2431 1991 2501 quisque

417 2521 630 2576 ratione
653 2530 1031 2590 prosternatur
1079 2530 1136 2577 et
1181 2520 1454 2591 ejiciatur.
1490 2519 1644 2574 Multi
1679 2531 1809 2575 sunt
1839 2522 1988 2576 enim

415 2628 602 2667 eorum
621 2613 752 2678 doli,
783 2613 936 2668 multi
964 2614 1032 2669 ad
1058 2614 1334 2684 parandas
1366 2612 1595 2668 insidias
1619 2621 1822 2667 motus.
1849 2611 1985 2668 Bea-

415 2712 504 2760 tus
547 2713 696 2760 certe
745 2704 1042 2775 Apostolus
1073 2714 1129 2760 et
1167 2704 1287 2775 ejus
1340 2713 1637 2760 sectatores
1675 2704 1790 2758 haec
1819 2704 1988 2774 probe

415 2802 614 2848 norant
641 2808 767 2848 cum
795 2794 1042 2849 dicerent
1071 2811 1086 2848 :
1114 2792 1239 2848 Non
1265 2795 1404 2847 enim
1443 2795 1749 2863 ignoramus
1793 2794 1988 2864 cogita-

415 2885 582 2938 tiones
609 2884 723 2954 ejus
747 2887 817 2941 ⁸ο.
850 2883 961 2942 Nos
998 2901 1135 2943 vero
1161 2904 1230 2945 ex
1259 2887 1328 2942 iis
1369 2901 1511 2957 quas
1549 2887 1618 2942 ab
1659 2887 1767 2942 illis
1791 2902 1985 2942 sumus

409 2976 623 3045 experti
669 2977 1099 3047 tentationibus,
1146 2988 1341 3035 mutuo
1387 2979 1652 3034 debemus
1705 2978 1796 3033 alii
1846 2979 1984 3034 alios

2098 1884 2259 1946 σίαις,
2291 1886 2423 1954 ἡμῖν
2465 1884 2522 1937 δὲ
2566 1886 2679 1947 τοῖς
2727 1884 3067 1955 Χριστιανοῖς
3114 1882 3454 1952 φθονοῦντες,
3487 1883 3677 1937 πάντα

2095 1976 2322 2042 κινοῦσι,
2356 1975 2597 2039 θέλοντες
2630 1975 2937 2046 ἐμποδίζειν
2968 1977 3113 2047 ἡμᾶς
3149 1977 3247 2046 τῆς
3280 1977 3360 2038 εἰς
3403 1976 3678 2046 οὐρανοὺς

2093 2068 2300 2120 ἀνόδου·
2328 2067 2414 2119 ἵνα
2439 2068 2512 2138 μὴ
2544 2065 2666 2119 ὅθεν
2689 2067 2944 2131 ἐξέπεσον
2969 2068 3123 2120 αὐτοὶ
3143 2067 3457 2138 ἀνέλθωμεν
3479 2069 3671 2138 ἡμεῖς.

2092 2161 2170 2210 Δι’
2203 2158 2232 2212 ὃ
2273 2160 2367 2211 καὶ
2400 2158 2597 2229 πολλῆς
2630 2160 2814 2230 εὐχῆς,
2862 2159 2957 2212 καὶ
3001 2158 3286 2230 ἀσκήσεώς
3326 2160 3441 2212 ἐστι
3480 2159 3673 2230 χρεὶαο

2092 2251 2179 2304 ἵνα
2209 2268 2314 2315 τις,
2351 2250 2528 2303 λαόὼν
2572 2250 2659 2304 διὰ
2705 2250 2798 2304 τοῦ
2835 2250 3149 2321 Πνεύματος
3175 2251 3422 2322 χάρισμα
3449 2250 3674 2322 διακρι-

2093 2360 2230 2405 σεως
2279 2343 2638 2414 πνευμάτων,
2674 2342 2878 2411 γνῶναι
2923 2343 3122 2414 δυνηθῇ
3170 2343 3240 2396 τὰ
3284 2344 3403 2395 κατ’
3439 2342 3668 2404 αὐτούς’

2091 2433 2183 2485 καὶ
2215 2433 2358 2494 τίνες
2393 2433 2491 2502 μὲν
2518 2431 2695 2486 αὐτῶν
2730 2432 2842 2503 (55)
2863 2435 2998 2488 εἰσιν
3027 2433 3247 2487 ἔλαττον
3276 2433 3491 2502 φαῦλοι,
3516 2433 3671 2496 τίνες

2088 2522 2145 2576 δὲ
2185 2523 2404 2578 ἐκείνων
2453 2525 2791 2596 φαυλότεροι,
2835 2527 2928 2579 καὶ
2960 2527 3088 2597 περὶ
3129 2527 3278 2578 ποῖον
3322 2524 3670 2595 ἐπιτήδευμα

2087 2613 2311 2678 ἕκαστος
2358 2616 2535 2668 αὐτῶν
2582 2616 2692 2686 ἔχει
2724 2617 2821 2687 τὴν
2851 2616 3102 2687 σπουδὴν,
3151 2617 3245 2671 καὶ
3278 2617 3395 2680 πῶς
3427 2617 3671 2678 ἕκαστος

2086 2705 2265 2758 αὐτῶν
2297 2705 2660 2778 ἀνατρέπεται
2697 2707 2792 2760 καὶ
2834 2705 3173 2760 ἐκϐάλλεται.
3198 2703 3375 2758 Πολλά
3412 2704 3527 2774 γὰρ
3559 2704 3667 2756 αὐ-

2087 2793 2193 2847 τῶν
2222 2795 2336 2848 ἐστι
2377 2796 2446 2848 τὰ
2495 2795 2970 2868 πανουργεύματα,
3005 2795 3099 2848 καὶ
3139 2793 3208 2848 τὰ
3235 2793 3334 2864 τῆς
3365 2792 3667 2862 ἐπιϐουλῆς

2085 2887 2380 2957 κινήματα.
2423 2888 2488 2946 '0.
2523 2888 2622 2960 μὲν
2667 2885 2761 2942 οὖν
2806 2889 3072 2962 μακάριος
3113 2885 3428 2950 Ἀπόστολος
3472 2885 3574 2940 καὶ
3612 2885 3664 2936 οἱ

2085 2981 2204 3030 κατ’
2235 2980 2394 3032 αὑτὸν
2420 2979 2636 3051 ᾔδεισαν
2665 2980 2737 3034 τὰ
2759 2980 2981 3034 τοιαῦτα
3002 2979 3266 3049 λέγοντες·
3301 2979 3385 3032 Οὐ
3413 2977 3527 3047 γὰρ
3553 2979 3676 3044 αὑ·-¹

411 3065 722 3122 emendare.
764 3067 876 3138 Ego
906 3068 1091 3138 itaque
1121 3078 1182 3124 ut
1205 3069 1445 3140 aliquam
1472 3084 1662 3124 eorum
1698 3077 1983 3124 assecutus

2104 3067 2191 3121 τοῦ
2222 3067 2294 3122 τὰ
2318 3069 2588 3138 νοήματα
2614 3069 2964 3141 ἀγνοοῦμεν
2995 3071 3153 3141 ἡμεῖς
3187 3069 3244 3123 δὲ
3275 3069 3367 3138 ἀφ’
3399 3062 3476 3121 ὧν
3509 3070 3666 3122 ἐπει-

411 3158 822 3228 experientiam,
851 3168 912 3214 ut
939 3160 1064 3217 filiis
1090 3163 1306 3232 loquor.

2087 3161 2328 3232 ράθημεν
2362 3164 2492 3233 παρ’
2521 3162 2717 3227 αὐτῶν,
2755 3163 3039 3245 ἀφείλομεν
3067 3162 3327 3234 ἀλλήλους
3356 3162 3449 3216 ὑπ’
3475 3161 3665 3216 αὐτῶν

408 3247 768 3337 διορθοῦσθαι.
817 3249 957 3322 Ἐγὼ
996 3251 1159 3320 γοῦν,
1199 3253 1265 3306 ὲκ
1313 3253 1510 3324 μέρους
1561 3254 1759 3324 πεῖραν
1805 3249 1984 3304 αὐτῶν
2041 3249 2200 3320 ἔχων,
2233 3251 2307 3314 ὡς
2340 3252 2548 3318 τέκνοις,
2587 3253 2900 3322 (56),λέγω.

427 3416 430 3420 _
477 3343 567 3398 25.
597 3341 656 3399 Si
702 3343 868 3414 igitur
893 3344 1129 3401 viderint
1171 3345 1248 3400 illi
1287 3344 1632 3400 Christianos
1677 3344 1971 3415 quoslibet,

2148 3344 2237 3398 25.
2267 3338 2423 3399 Οὗτοι
2459 3344 2558 3416 μὲν
2580 3341 2694 3412 οὖν,
2723 3345 2818 3398 ἐὰν
2846 3345 2998 3399 ῐδωσι
3025 3345 3120 3398 καὶ
3155 3344 3363 3410 πάντας
3394 3347 3494 3416 μὲν
3524 3349 3669 3420 Χριο,

1713 3481 1967 3538 VERSIO
1997 3479 2299 3538 EVAGRII.

407 3603 610 3661 fectum
640 3617 762 3658 eum
792 3603 942 3659 omni
985 3603 1194 3658 cautela
1237 3613 1292 3658 et
1327 3603 1591 3660 industria
1625 3603 1984 3674 perducamus
2035 3601 2147 3672 (57)
2202 3619 2214 3654 :
2265 3600 2755 3674 quia__exercitatos
2786 3599 3345 3674 ad_supplantandum
3381 3601 3665 3662 habemus

409 3675 685 3740 inimicos,
720 3677 993 3728 (Immunes
1026 3675 1233 3730 scilicet
1257 3685 1446 3728 contra
1477 3669 1828 3743 quos'nobis,
1865 3669 2164 3727 secundum
2207 3669 2561 3741 apostolicam
2590 3669 3064 3743 contestationem,
3094 3686 3272 3739 pugna
3303 3673 3423 3726 sine
3449 3674 3661 3732 ﬁndere

408 3753 511 3808 est,
545 3745 621 3798 ait
652 3746 851 3799 etenim
883 3763 897 3799 :
932 3743 1052 3797 Non
1085 3753 1163 3798 est
1197 3746 1346 3797 nobis
1385 3741 1687 3798 colluctatio
1722 3746 1972 3796 adversus
2011 3759 2218 3796 carnem
2245 3752 2292 3796 et
2321 3744 2651 3814 sanguinem,
2687 3742 2778 3794 sed
2811 3741 3060 3814 aduersus
3094 3743 3423 3808 principatus
3460 3756 3510 3797 et
3558 3757 3673 3814 po-‘

411 3825 618 3870 testates
648 3815 802 3883 hujus
831 3815 1032 3877 mundi,
1068 3814 1314 3868 adversus
1334 3814 1636 3881 spiritualia
1666 3816 1910 3883 nequitia:
1939 3816 1995 3867 in
2022 3815 2328 3867 caelestibus.
2363 3809 2555 3880 lugens
2585 3825 2772 3864 eorum
2806 3809 2960 3865 turba
2990 3811 3152 3864 istum
3182 3814 3423 3880 pervolat
3446 3809 3664 3881 aerém,

409 3900 519 3940 non
547 3887 733 3955 procul
763 3901 792 3940 a
828 3887 986 3940 nobis
1015 3886 1252 3940 hostium
1287 3895 1502 3940 caterva
1528 3886 1803 3939 discurrit.
1837 3886 1903 3938 lit
1929 3885 2295 3938 diversitatem
2327 3884 2544 3955 quidem
2575 3896 2764 3935 eorum
2797 3896 2907 3934 non
2942 3889 3025 3955 est
3058 3896 3188 3934 mea:
3224 3885 3509 3950 parvitatis
3557 3903 3660 3941 ex-

407 3951 628 4025 ponere,
670 3956 761 4009 sed
815 3954 957 4009 hanc
1007 3956 1308 4023 majoribus
1354 3957 1596 4010 concedo
1637 3957 1942 4009 rationem:
1976 3956 2118 4022 quod
2159 3961 2350 4025 autem
2376 3953 2428 4004 in
2463 3961 2715 4021 promptu
2757 3959 2861 4013 est,
2895 3959 2949 4004 ct
2982 3951 3237 4020 ignorare
3265 3967 3375 4007 non
3405 3957 3669 4024 expedit,’

408 4022 566 4080 dolos
597 4026 802 4080 scilicet
837 4041 1024 4079 eorum
1051 4022 1336 4080 adversum
1377 4043 1477 4080 nos
1500 4027 1854 4094 compositos,
1889 4026 2120 4094 breviter
2158 4022 2425 4094 indicabo.

478 4098 569 4150 ‘22.
612 4094 726 4150 Hoc
756 4097 989 4166 primum
1023 4097 1283 4150 debemus
1313 4097 1586 4150 mentibus
1624 4089 1856 4166 abigere,
1889 4095 2024 4147 nihil
2055 4091 2456 4166 Deumtccisse
2485 4089 2626 4159 quod
2657 4090 2858 4145 malum
2887 4099 2997 4166 est,
3027 4104 3128 4166 nec
3169 4090 3239 4166 ab
3278 4091 3398 4160 ejus
3441 4100 3657 4151 consti-

407 4168 618 4237 tutione
648 4161 772 4237 (58f
798 4168 1402 4237 dtenionum_ctnpisse
1431 4161 1757 4236 principium
1793 4182 1816 4237 :7
1858 4165 2208 4237 perversitas
2233 4162 2358 4237 ista,
2415 4176 2522 4237 non
2572 4170 2798 4224 naturae,
2841 4161 2933 4237 sed
2979 4161 3274 4237 voluntatis
3311 4175 3398 4216 est
3425 4167 3655 4237 vitium.

409 4235 542 4290 Boni
577 4231 798 4299 etenim,
834 4245 1017 4304 utpote
1053 4252 1082 4287 a
1108 4234 1220 4290 Deo
1241 4231 1475 4299 'condit'i,
1527 4251 1592 4290 ex
1614 4231 2090 4305 'prOprio‘mentis
2133 4233 2359 4287 arbitrio
2392 4231 2458 4285 ad
2500 4241 2687 4305 terras,
2709 4247 2866 4305 ruere
2893 4231 2959 4285 de
2988 4232 3164 4294 uelis,
3202 4232 3385 4305 ibique
3423 4235 3478 4287 in
3508 4240 3654 4291 caeni

409 4307 663 4361 sordibus
702 4301 950 4369 volutaii,
981 4306 1296 4374 gentilitatis
1327 4307 1524 4376 impias
1553 4301 1884 4361 constituere
1918 4305 2205 4376 culturas“;
2247 4312 2300 4356 et
2342 4317 2488 4356 nunc
2511 4301 2690 4376 nostri
2716 4303 2828 4376 (ξε)
2861 4311 3186 4370 torquentur
3218 4301 3440 4370 invidia,
3483 4316 3655 4376 atque

411 4378 666 4432 universa
695 4372 1040 4430 commovere
1069 4391 1177 4430 non
1211 4372 1449 4444 cessant,
1480 4391 1547 4431 ne
1580 4376 1826 4446 pristinis
1857 4390 2044 4446 eorum
2075 4373 2296 4446 sedibus
2327 4372 2703 4427 succedamus.
2741 4372 2960 4446 Diversa
2989 4381 3170 4425 autem
3201 4386 3390 4446 eorum
3432 4385 3489 4446 et
3525 4372 3656 4446 par-

410 4446 510 4502 tita
541 4447 778 4518 nequitia
815 4456 943 4518 est,
967 4446 1368 4518 quidamcnim
1401 4447 1469 4502 ad
1505 4443 1779 4501 summum
1816 4445 2334 4518 nocend’t__verticem
2376 4456 2688 4518 pervenere,
2726 4443 2819 4495 alii
2866 4457 2931 4496 ex
2958 4443 3368 4518 comparatione
3402 4443 3653 4514 pejorum

409 4511 664 4572 videntur
690 4531 810 4588 esse
842 4511 1077 4588 leniores
1106 4516 1218 4588 (60)
1250 4533 1264 4568 :
1298 4525 1461 4587 atque
1493 4531 1814 4588 omnespro
1840 4515 2200 4588 possibilitate
2231 4514 2452 4588 virium,
2488 4511 2700 4588 diversa
2736 4511 3209 4588 contrasingulas
3259 4511 3656 4588 causasisum-

408 4602 563 4658 psere
582 4587 908 4658 certamina.
941 4582 1144 4641 idcirco
1169 4582 1536 4642 necessarium
1568 4596 1653 4642 est
1679 4582 1881 4642 donum
1910 4586 2198 4658 spirituum
2226 4582 2709 4658 discernendorum
2740 4597 2770 4634 a
2800 4582 3028 4636 Domino
3055 4589 3253 4658 petere,
3268 4596 3335 4658 ut
3353 4587 3653 4652 possimus,

409 4651 519 4711 iam
573 4655 793 4712 fraudes
842 4671 1029 4726 eorum
1079 4671 1244 4726 quam
1293 4659 1472 4713 studia
1531 4658 1905 4726 pervidentes,
1940 4651 2222 4709 adversus
2262 4653 2842 4726 _disparcm__pugna_m
2897 4667 3067 4726 unum
3124 4651 3422 4708 Dominicaa
3470 4658 3656 4710 erucis

405 4730 619 4798 elevare
657 4727 935 4782 vexillum.
980 4717 1114 4798 Hoc?
1144 4741 1366 4782 munere
1420 4717 1622 4783 Paulus
1672 4717 1917 4798 accepto,
1967 4725 2196 4798 docebat
2245 4717 2433 4776 dicens
2484 4739 2497 4774 :
2553 4717 2855 4798 Non-enim
2887 4722 3002 4798 ejus
3035 4721 3346 4798 ignoramus
3392 4727 3650 4798 astutias.

406 4796 490 4851 Ad
523 4792 677 4869 cujus
705 4799 1012 4868 exemplum
1042 4796 1206 4851 etiam
1235 4813 1337 4853 nos
1371 4809 1586 4869 oportet
1613 4813 1681 4852 ex
1715 4792 1951 4867 bis'quze
1981 4794 2131 4866 passi
2181 4807 2372 4848 sumus
2392 4830 2406 4856 ,
2436 4792 2644 4846 mutuis
2675 4807 2777 4848 nos
2811 4794 3044 4848 invicem
3079 4792 3356 4848 instruere
3385 4797 3499 4866 (6|)
3534 4810 3658 4850 ser-

407 4868 682 4924 monibus.

476 4962 520 4995 ”
549 4961 748 5032 Ephes.
785 4978 860 5027 vn,
901 4961 985 5017 l2.
1065 4963 1111 4995 "
1147 4962 1189 5016 ll
1218 4961 1348 5019 Cor.
1367 4979 1446 5028 ιι,
1482 4963 1571 5019 Η.

479 5052 592 5123 (55)
623 5051 824 5123 ῌεςὶιιε
848 5055 1040 5118 codex,
1080 5053 1304 5116 σκότους
1335 5055 1427 5108 τοῦ
1464 5055 1631 5109 αἰῶνο
1663 5073 1690 5119 ς
1724 5055 1942 5109 τούτου.

482 5122 594 5190 (54)
633 5121 727 5178 8ιὸ
757 5122 886 5192 Reg.
938 5129 989 5188 1,
1031 5123 1086 5190 2,
1137 5134 1191 5178 et
1229 5124 1470 5181 Colbert.
1509 5127 1558 5180 3.
1615 5126 1779 5190 Editi,
1814 5127 1976 5196 γινώ-

417 5209 711 5384 Kays“
739 5259 872 5333 aeg'
918 5265 972 5322 2°
1013 5275 1067 5319 ει
1101 5263 1340 5326 Colbert.
1375 5267 1431 5322 2.
1472 5266 1530 5322 In
1566 5265 1747 5331 editis,
1795 5283 1973 5319 αυτων

425 5343 436 5384 l
565 5349 592 5387 .-

406 5343 610 5490 fati);
633 5403 707 5458 Ita
731 5419 948 5490 'omnes
990 5403 1160 5462 ferme
1210 5409 1591 5477 manuscripti.
1629 5407 1772 5462 Editi
1810 5421 1968 5470 vero,

407 5472 552 5542 σχὼν
572 5472 658 5542 ὡς
687 5472 895 5527 τέκνον.

480 5543 590 5611 (57)
621 5541 712 5618 Sic
742 5546 1119 5618 manuscripti.
1159 5544 1472 5613 Bollandus,
1505 5559 1554 5602 et
1586 5547 1656 5601 ad
1683 5547 1973 5618 perfectam

407 5628 522 5664 cum
554 5615 696 5685 οηιηὶ
723 5615 928 5668 cautela
963 5615 1032 5668 et
1053 5620 1255 5669 astutia
1282 5619 1648 5685 perducamus.
1677 5615 1802 5674 Mox
1843 5634 1977 5671 ma-

408 5684 674 5753 nuscripti
703 5698 914 5753 omnes,
941 5686 1053 5739 sine
1081 5687 1289 5756 fudere.
1322 5687 1630 5757 Bollandus,
1672 5691 1783 5745 sine
1813 5690 1974 5743 inter-

2077 5065 2347 5107 missione.

2151 5122 2264 5189 (58)
2294 5121 2386 5175 Sic
2407 5119 2784 5190 manuscripti.
2816 5119 3129 5190 Bollandus,
3153 5125 3504 5179 institutione.
3530 5122 3656 5179 Max

2080 5192 2462 5264 manuscripti,
2492 5189 2829 5264 principium.
2861 5189 3174 5259 Bollandus,
3197 5195 3478 5264 principia.

2153 5263 2263 5331 (59)
2291 5261 2383 5315 Sic
2411 5275 2545 5314 mss.
2579 5260 2871 5315 Bollandus
2893 5277 3044 5327 vero,
3077 5264 3142 5318 de
3169 5260 3340 5319 nobis.
3371 5260 3497 5320 Mox
3526 5263 3658 5320 Bol-

2077 5331 2301 5455 laii’nlus,
2329 5333 2571 5384 universa
2599 5331 2765 5394 mala,
2801 5331 2896 5386 sed
2920 5349 3048 5401 vox,
3071 5334 3236 5400 mala,
3269 5335 3424 5392 deest
3451 5336 3506 5389 in
3531 5337 3655 5406 plu-

2081 5418 2127 5455 ιι
2168 5419 2232 5455 ns
2268 5417 2404 5455 mss.

2081 5417 2232 5456 rtnus
2268 5417 2404 5455 mss.

2151 5472 2264 5542 (60)
2296 5470 2372 5524 lta
2417 5471 2639 5542 quidam
2688 5473 3044 5543 manuscripti
3098 5477 3324 5539 rectius,
3363 5475 3417 5530 ni
3468 5474 3651 5542 iallor,

2078 5558 2242 5612 quam
2279 5543 2532 5616 alii,_qui
2579 5543 2782 5598 habent
2821 5544 3057 5600 leviores.
3109 5543 3254 5600 Infra
3285 5546 3507 5616 quidam
3535 5559 3654 5601 uta-

2080 5615 2369 5684 nuscripti,
2386 5613 2590 5684 divisa,
2620 5626 2804 5667 contra
2829 5616 3089 5684 singulas.

2151 5683 2266 5756 (6|)
2293 5682 2522 5749 Quidam
2557 5682 2937 5756 manuscripti,
2969 5687 3267 5741 instituere.
