3824 6224
106 307 244 399 ssi

1475 309 1637 366 VITA
1680 310 1739 365 S.
1778 307 2080 365 ANTONII.

3284 307 3389 365 882

121 399 190 477 δὲ
225 421 351 495 μεθ’
374 421 582 476 ἑαυτῶν
622 421 723 494 τὴν
764 423 1102 496 ἀφομοίωσιν
1141 421 1237 479 τοῦ
1264 423 1547 497 μέλλοντος
1578 424 1773 488 αὐτοὺς
1808 422 2057 495 δέχεσθαι
2112 422 2299 495 πυρός.
2322 421 2483 478 Ὅθεν
2512 421 2633 477 οὐδὲ
2661 419 2831 484 οὕτως
2862 420 3139 491 φοϐεῖσθαι
3172 419 3392 488 τούτους

124 519 440 590 προσήκει·
486 517 664 571 πάντα
700 518 809 589 γὰρ
849 519 1030 572 αὐτῶν
1068 518 1158 573 διὰ
1198 520 1297 593 τὴν
1338 518 1432 573 τοῦ
1476 518 1712 593 Χριστοῦ
1750 519 1909 591 χάριν
1939 520 2020 582 είς
2049 517 2203 573 οὐδέν
2234 517 2449 572 ἐστιτὰ
2472 516 2897 588 ἐπιτηδεύματα.

205 609 305 664 25.
347 607 520 662 Δόλιοι
552 608 610 661 δέ
638 610 745 662 εἰσι
787 610 880 663 καὶ
916 610 1124 682 ἕτοιμοι
1160 611 1296 684 πρὸς
1335 612 1513 666 πάντα
1545 628 1713 683 μετα-

1885 610 1977 665 25.
2002 609 2184 666 Dolosi
2214 618 2342 665 sunt
2375 610 2562 674 etiam,
2594 616 2756 678 atque
2787 606 2961 677 parati
2992 606 3060 662 ad
3081 618 3301 663 omnem
3334 622 3394 662 se

126 697 433 753 ϐάλλεσθαι
472 699 566 753 κα)¹
612 701 1206 773 μετασχηματίζεσθαι.
1264 703 1532 769 Πολλάκις
1581 704 1713 775 γοῦν

125 790 233 844 καὶ
270 789 496 859 ψάλλειν
538 792 654 861 μετ’
695 791 839 862 ᾠδῆς
880 794 1302 863 προσποιοῦνται
1349 795 1423 867 μὴ
1458 795 1715 865 φαινόμε-

124 896 239 949 νοι,
264 880 361 934 καὶ
392 881 789 952 μνημονεύουσι
813 882 920 936 τῶν
948 883 1057 936 ἀπὸ
1088 883 1196 937 τῶν
1222 885 1453 956 Γραφῶν
1480 884 1676 951 λέξεων
1695 901 1710 917 ο

126 965 252 1025 ἐστὶ
281 971 341 1025 δὲ
375 972 465 1025 ὅτε
494 972 589 1027 καὶ
618 974 1099 1043 ἀναγινωσκόντων
1135 976 1311 1047 ἡμῶν,
1338 976 1498 1041 εὐθὺς
1527 977 1714 1050 ὥσπερ

125 1061 259 1133 ἠχὼ
286 1061 541 1131 λέγουσιν
572 1063 728 1118 αὐτοὶ
756 1063 825 1118 τά
852 1065 991 1119 αὐτὰ
1024 1067 1282 1132 πολλάκις
1305 1068 1449 1141 ἅπερ
1479 1068 1716 1138 ἀνέγνω-

132 1169 262 1207 σται
310 1154 461 1225 (77)·
498 1155 592 1208 καὶ
638 1155 1015 1227 κοιμωμένους
1050 1158 1196 1229 ἡμᾶς
1233 1158 1590 1232 διεγείρουσιν
1636 1163 1716 1226 είς

129 1245 482 1317 προσευχάς·
521 1245 616 1299 καὶ
643 1245 802 1299 τοῦτο
843 1247 1081 1319 συνεχῶς
1109 1248 1355 1317 ποιοῦσι,
1404 1250 1585 1323 σχεδὸν
1639 1254 1714 1326 μὴ

129 1336 533 1408 ἐπιτρέποντες
558 1338 691 1408 ἡμῖν
728 1339 861 1409 μηδὲ
896 1341 1210 1411 κοιμᾶσθαι.
1242 1344 1399 1397 Ἐστι
1425 1345 1482 1397 δὲ
1505 1347 1592 1399 ὅτε
1623 1347 1716 1400 καὶ

130 1428 548 1494 ἀποτυποῦντες
576 1431 800 1495 ἑαυτοὺς
825 1432 905 1495 εἰς
939 1434 1189 1504 σχήματα
1233 1436 1500 1507 μοναχῶν,
1531 1439 1607 1502 ὡς
1630 1439 1719 1492 εὑ-

132 1516 331 1580 λαΰεῖς
354 1516 773 1588 προσποιοῦνται
798 1519 985 1594 ,λαλεῖν
1016 1522 1150 1593 (78),
1176 1524 1263 1578 ἵνα
1288 1525 1366 1596 τῷ
1387 1526 1557 1598 ὁμοίῳ
1586 1528 1718 1599 σχή-

135 1626 277 1680 ματι
314 1609 629 1682 πλανήσωσι
647 1651 662 1676 ,
687 1613 783 1665 καὶ
812 1611 996 1667 λοιπὸν
1018 1612 1147 1668 ἔνθα
1179 1614 1424 1671 θέλουσιν
1452 1610 1718 1674 ἑλκύσωσι

130 1700 266 1764 τοὺς
310 1702 693 1773 ἀπατηθέντας
724 1704 851 1775 παρ’
883 1706 1083 1762 αὐτῶν.
1141 1707 1278 1761 Ἀλλ’
1320 1710 1380 1761 οὐ
1414 1711 1520 1783 χρὴ
1550 1729 1718 1784 προσ-

130 1792 289 1862 έχειν
336 1795 569 1859 αὐτοῖς,
605 1794 708 1849 κᾶν
747 1798 828 1859 εἰς
874 1797 1180 1870 προσευχὴν
1225 1799 1568 1872 διεγείρωσι,
1616 1802 1719 1857 κᾶν

130 1884 557 1952 συμϐουλεύωσι
608 1886 734 1958 μήθ’
782 1887 917 1952 ὅλως
969 1888 1199 1954 ἐσθίειν,
1246 1890 1350 1945 κᾶν
1398 1897 1721 1965 κατηγορεῖν

130 1977 229 2030 καὶ
259 1975 546 2042 ὀνειδίζειν
588 1978 703 2049 (79)
746 1980 1179 2052 προσποιῶνται,
1228 1984 1286 2037 ὲν
1312 1978 1393 2048 οἷς
1437 2003 1563 2039 ποτε
1599 2004 1722 2041 συν-
1750 1978 1793 2034 Β

128 2067 392 2136 ἑγνωσαν
438 2069 592 2140 ἡμῖν.
640 2070 714 2124 Οὐ
766 2071 877 2141 γὰρ
921 2071 987 2125 δι’
1033 2072 1317 2128 εὐλάϐειαν
1370 2076 1403 2146 ἢ
1464 2077 1721 2149 ἀλήθειαν

130 2156 317 2212 ταῦτα
361 2158 636 2229 ποιοῦσιν,
684 2161 798 2215 ἀλλ’
836 2162 922 2215 ἵνα
967 2165 1095 2229 τοὺς
1132 2166 1423 2236 ἀκεραίους
1466 2170 1545 2232 είς
1588 2170 1722 2224 ἀπό-

130 2267 345 2319 γνωσιν
372 2252 812 2321 ὲνέγκωσιν,.καὶ
836 2255 1086 2326 ἀνωφελῆ
1114 2256 1212 2328 τὴν
1240 2258 1474 2330 ἄσκησιν
1502 2262 1718 2328 εἴπωσι,

132 2342 430 2396 ναυτιᾶσαί
477 2360 537 2397 τε
589 2345 855 2417 ποιήσωσι
910 2347 1023 2420 (80)
1078 2350 1205 2413 τοὺς
1248 2349 1601 2423 ἀνθρώπους,
1646 2354 1723 2418 ὡς

134 2433 403 2509 φορτικοῦ
450 2436 545 2490 καὶ
592 2437 894 2510 βαρυτάτου
927 2440 1079 2506 ὄντος
1121 2442 1216 2495 τοῦ
1265 2444 1535 2516 μονήρους
1569 2444 1718 2516 βίου,

135 2528 231 2583 καὶ
256 2527 596 2599 ἐμποδίσωσι
626 2532 752 2595 τοὺς
781 2532 899 2585 κατ’
931 2533 1111 2587 αὐτῶν
1140 2533 1613 2607 πολιτευομένους.

202 2619 300 2675 26.
378 2619 436 2672 Ὀ
482 2620 581 2691 μὲν
626 2617 717 2676 οὖν
751 2624 1033 2695 προφήτης
1081 2625 1406 2690 ἀποσταλεὶς
1447 2627 1598 2700 παρὰ
1628 2627 1722 2682 τοῦ

135 2709 372 2783 Κυρίου,
390 2710 670 2774 ὲταλάνιζε
699 2713 825 2777 τοὺς
853 2713 1126 2779 τοιούτους
1150 2715 1322 2785 λέγων
1345 2734 1358 2746 ·
1385 2719 1527 2772 Οὐαὶ
1560 2723 1592 2773 ό
1619 2736 1725 2773 πο-

137 2799 314 2863 τίζων
356 2801 467 2855 τὸν
522 2804 791 2870 πλησίον
838 2806 1022 2860 αὺτοῦ
1060 2807 1407 2877 ἀνατροπὴν
1449 2810 1725 2879 θολεράν.

140 2893 219 2947 Τὰ
241 2893 358 2965 γὰρ
388 2892 614 2948 τοιαῦτα
642 2896 1049 2968 ἐπιτηδεύματα
1079 2899 1173 2953 καὶ
1204 2900 1565 2971 ἐνθυμήματα
1594 2903 1726 2955 ἀνα-

138 2983 415 3055 τρεπτικά
442 2983 541 3056 τῆς
566 2985 646 3049 είς
677 2985 877 3057 ἀρετὴν
901 2985 1173 3060 φερούσης
1211 2989 1357 3044 ἐστὶν
1395 2991 1539 3045 ὁδυῦ.
1587 2992 1643 3044 '0
1668 2992 1724 3046 δὲ

139 3075 351 3148 Κύριος
372 3075 534 3139 αὐτὸς
561 3076 630 3128 δι’
648 3076 864 3141 ἑαυτοῦ,
885 3079 1061 3132 καίτοι
1083 3079 1294 3152 τάληθῆ
1322 3082 1578 3151 λέγοντας
1599 3084 1725 3148 τοὺς

138 3164 405 3238 δαίμονας
449 3166 645 3240 (ἀληθῆ
692 3169 800 3241 γὰρ
835 3170 1045 3239 ἔλεγονο
1074 3172 1158 3226 Σὺ
1195 3169 1255 3226 εἷ
1300 3176 1333 3226 ὁ
1376 3173 1506 3241 Υἱὸς
1554 3176 1724 3246 Θεοῦ)

1822 701 2051 759 formam
2100 709 2263 771 atque
2306 701 2541 771 speciem
2588 697 2910 754 transferre.
2955 696 3283 767 Plerumque
3317 706 3398 751 et-

1819 794 1963 848 enim
1988 807 2048 849 se
2074 793 2314 864 psalmos
2338 806 2534 848 canere
2567 790 2863 854 simulant,
2894 789 3019 845 licet
3056 789 3281 844 minime
3308 786 3396 842 vi-

1820 886 2075 951 deantur,
2108 893 2524 954 memorantque
2551 881 2953 952 Scripturarum
2986 882 3171 937 verba.
3209 881 3393 951 Saepe—

1820 993 2051 1034 numero
2079 976 2240 1033 nobis
2269 976 2574 1045 legentibus
2602 1014 2618 1040 ,
2648 989 2771 1046 quae
2799 990 2903 1031 nos
2930 974 3164 1046 legimus
3209 974 3391 1029 statim

1821 1069 1976 1140 quasi
2006 1069 2144 1124 echo
2173 1076 2426 1138 repetunt
2446 1066 2551 1137 ipsi
2578 1084 2592 1121 :
2621 1065 2957 1121 dormientes
2986 1080 3089 1121 nos
3110 1065 3177 1120 ad
3204 1080 3394 1135 preces

1821 1162 2104 1216 excitant:
2131 1159 2278 1230 quod
2306 1157 2620 1229 frequenter
2659 1155 2735 1212 illi
2765 1165 2965 1226 agunt,
3017 1162 3081 1211 ut
3106 1168 3394 1225 propemo-

1821 1255 1949 1310 dum
1984 1252 2225 1309 dormire
2251 1264 2362 1306 non
2398 1250 2602 1306 sinant.
2636 1247 2966 1321 Aliquando,
2999 1247 3178 1318 specie
3200 1260 3392 1301 mona-

1822 1347 1942 1403 stici
1977 1346 2200 1402 habitus
2231 1349 2531 1414 assumpta,
2563 1342 2722 1414 quasi
2754 1341 2830 1412 pii
2859 1340 2963 1395 viri
2992 1340 3309 1410 loquuntur,
3335 1346 3396 1391 ut

1823 1440 2040 1496 habitus
2069 1437 2427 1495 similitudine
2455 1435 2764 1507 decipiant,
2815 1442 2978 1503 atque
3005 1432 3261 1501 deceptos
3297 1428 3395 1484 de—

1822 1549 1972 1588 mum
2008 1548 2118 1603 quo
2142 1531 2418 1587 voluerint
2441 1529 2679 1586 trahant.
2707 1526 2866 1599 651
2906 1524 3108 1582 Verum
3139 1521 3396 1579 audiendi

1823 1639 1932 1677 non
1964 1630 2111 1689 sunt,
2142 1621 2243 1678 etsi
2274 1622 2343 1677 ad
2389 1621 2659 1678 orandum
2688 1619 2947 1684 excitent,
2981 1617 3082 1674 etsi
3111 1616 3398 1671 hortentur

1823 1723 1883 1770 ut
1910 1714 2047 1769 nihil
2074 1727 2302 1785 prorsus
2329 1712 2701 1776 comedamus,
2731 1710 2951 1767 etiamsi
2996 1722 3259 1765 accusare
3301 1713 3397 1762 aut

1826 1805 2112 1862 convitiari
2144 1805 2447 1871 videantur,
2478 1803 2545 1860 de
2562 1802 2767 1875 ,quibus
2796 1801 3006 1858 conscii
3047 1800 3208 1856 nobis
3244 1807 3392 1862 sunt.

1826 1897 1944 1953 Non
1976 1899 2124 1953 enim
2169 1897 2388 1969 pietatis
2428 1904 2523 1951 aut
2545 1895 2792 1952 veritatis
2831 1894 3012 1949 studio
3041 1892 3158 1948 hac
3184 1901 3391 1962 agunt;

1822 1991 1915 2048 sed
1965 1999 2025 2046 ut
2061 1989 2423 2061 simpliciores
2476 1988 2544 2044 ad
2591 1986 3022 2058 desperationem
3076 1981 3390 2040 deducant:

1821 2083 2178 2153 inutilemque
2210 2081 2396 2137 dicant
2436 2079 2727 2137 asceticam
2784 2078 2984 2143 vitam,
3025 2087 3395 2143 nauseamque

1822 2175 2137 2231 hominibus
2167 2173 2396 2229 afferant
2424 2170 2742 2227 monasticae
2766 2169 2924 2233 vitae,
2961 2175 3220 2238 tanquam
3262 2179 3395 2220 one-

1823 2282 1965 2323 rosa:
1995 2276 2050 2322 et
2072 2266 2475 2323 molestissimas
2512 2279 2526 2314 :
2573 2270 2628 2318 et
2669 2275 2787 2317 eam
2818 2258 3194 2316 exercentibus
3224 2256 3396 2326 impe-

1822 2358 2064 2414 dimento
2088 2357 2215 2411 sint.

1892 2621 1986 2677 26.
2026 2620 2293 2691 Propheta
2334 2619 2517 2689 itaque
2555 2632 2588 2673 a
2629 2616 2863 2671 Domino
2892 2616 3115 2680 missus,
3162 2613 3395 2669 miseros

1826 2713 1948 2768 illos
1985 2711 2301 2782 pronuntiat
2346 2711 2432 2766 his
2455 2709 2677 2765 verbis:
2718 2707 2810 2764 νω
2851 2707 2936 2761 illi
2966 2708 3055 2779 qui
3089 2715 3271 2777 potum
3301 2705 3395 2758 dat

1823 2804 2062 2874 proximo
2123 2817 2220 2856 suo
2273 2800 2659 2856 subversionem
2713 2796 3067 2852 turbidam".
3113 2793 3396 2867 Ejusmodi

1825 2895 1970 2951 enim
2002 2894 2283 2950 molimina
2321 2902 2485 2963 atque
2520 2891 2913 2961 cogitationes,
2956 2889 3099 2945 viam
3133 2887 3396 2943 ferentem

1826 2987 1893 3043 ad
1938 2988 2104 3041 vitam
2151 2985 2494 3041 subvertunt.
2541 2982 2805 3038 Dominus
2855 2994 3020 3045 vero,
3083 2993 3397 3051 quanquam

1826 3095 1953 3135 vera
1998 3080 2242 3135 dicerent
2286 3076 2561 3132 daemones
2636 3076 2792 3147 (vere
2835 3074 3035 3144 quippe
3088 3072 3391 3128 dicebant:

1832 3171 1908 3227 Tu
1939 3189 1992 3226 es
2026 3170 2203 3225 Filius
2230 3169 2387 3224 Dei“
2408 3168 2450 3239 ),
2488 3183 2549 3223 os
2580 3177 2759 3222 tamen
2796 3166 3106 3232 obturabat,
3133 3178 3198 3221 ac
3229 3163 3399 3218 silen-

142 3259 293 3330 ὅμως
325 3260 524 3331 ὲφίμου
545 3302 559 3326 ,
591 3263 684 3315 καὶ
714 3262 892 3316 λαλεῖν
920 3263 1124 3317 ἐκώλυε
1146 3304 1160 3328 ,
1194 3265 1266 3336 μή
1302 3283 1431 3319 ποτε
1457 3266 1595 3338 μετὰ
1628 3268 1717 3339 τῆς

1831 3264 1963 3319 tium
2000 3264 2272 3318 indicebat
2305 3262 2432 3324 illis,
2456 3258 2742 3330 nequando
2766 3258 2980 3313 veritati
3006 3254 3396 3326 malignitatem

143 3351 404 3424 ἀληθείας
437 3354 531 3409 καὶ
558 3354 657 3426 τὴν
698 3355 833 3409 ἰδίαν
858 3355 1058 3411 κακίαν
1080 3357 1440 3430 ὲπισπείρωσι
1463 3399 1476 3423 ,
1515 3361 1609 3413 καὶ
1638 3361 1724 3414 ἵνα

145 3445 236 3499 καὶ
266 3446 422 3516 ἡμᾶς
453 3445 739 3518 συνεθίσῃ,
790 3446 1056 3519 μηδέποτε
1110 3453 1221 3513 τοῖς
1255 3451 1516 3516 τοιούτοις
1555 3470 1724 3527 προσ-

144 3533 319 3605 ἐχειν,
354 3536 460 3590 κᾶν
493 3536 926 3610 δοκῶσι’τάληθῆ
951 3538 1130 3608 λέγειν
1154 3557 1166 3568 σ
1191 3540 1286 3593 καὶ
1318 3540 1426 3612 γὰρ
1456 3541 1722 3614 ἀπρεπὲς,

146 3624 368 3696 ἔχοντας
396 3630 545 3699 ἡμᾶς
577 3628 675 3695 τὰς
699 3630 860 3700 ἁγίας
894 3630 1146 3701 Γραφὰς,
1203 3631 1296 3684 καὶ
1321 3632 1419 3703 τὴν
1446 3633 1595 3705 παρὰ
1627 3632 1722 3687 τοῦ

147 3716 401 3790 Σωτῆρος
431 3719 761 3792 ἐλευθερίαν,
789 3719 1132 3775 διδάσκεσθαι
1159 3720 1308 3794 παρὰ
1334 3721 1426 3774 τοῦ
1459 3723 1722 3789 διαϐόλου,

145 3809 236 3863 τοῦ
273 3809 351 3884 μὴ
378 3812 716 3885 τηρήσαντος
755 3814 855 3886 τὴν
890 3813 1025 3867 ἰδίαν
1052 3813 1207 3879 τάξιν
1229 3855 1243 3875 ,
1279 3814 1393 3868 ἀλλ’
1415 3815 1575 3888 ἕτερα
1608 3817 1723 3871 ἀνθ’

149 3902 350 3975 ἑτέρων
378 3906 768 3977 φρονήσαντος.
819 3905 919 3959 Διά
948 3905 1105 3959 τοῦτο
1129 3907 1225 3960 καὶ
1252 3905 1510 3961 λαλοῦντα
1537 3909 1725 3965 τοῦτον

149 3993 242 4059 τάς
286 3996 398 4051 ἀπὸ
443 3996 552 4051 τῶν
589 3998 819 4070 Γραφῶν
851 3998 1023 4067 λέξεις
1054 3998 1251 4053 κωλύει
1294 3998 1497 4068 λέγων·
1544 4002 1626 4068 Τῷ
1658 4003 1726 4057 δὲ

149 4085 472 4158 ἁμαρτωλῷ
502 4086 673 4145 εἶπεν
701 4094 734 4146 ὀ
766 4093 909 4159 Θεός
928 4107 944 4125 ’
1004 4092 1130 4147 Ἵνα
1161 4092 1219 4145 τί
1243 4092 1325 4146 σὺ
1359 4093 1607 4164 ἐκδιηγῇ
1656 4098 1727 4151 τὰ

1829 3356 2122 3411 miscerent
2164 3370 2318 3409 suam
2345 3393 2361 3418 ,
2390 3363 2557 3421 utque
2600 3366 2700 3407 nos
2731 3356 3070 3405 assuesceret
3115 3360 3399 3415 nunquam

1830 3444 1939 3504 illis
1983 3446 2239 3502 adhibere
2267 3445 2545 3508 animum,
2573 3443 2674 3497 etsi
2702 3456 2827 3498 vere
2852 3441 3031 3497 dicere
3063 3438 3395 3495 viderentur.

1829 3539 2150 3596 indecorum
2190 3537 2391 3610 quippe
2437 3543 2617 3599 esset,
2665 3548 2788 3588 cum
2841 3542 3059 3589 sanctas
3104 3530 3402 3585 habeamus

1832 3633 2173 3703 Scripturas,
2205 3639 2260 3687 et
2287 3671 2302 3696 ,
2335 3645 2441 3701 qua
2483 3628 2672 3684 donati
2714 3642 2906 3683 sumus
2940 3641 2970 3680 a
3002 3624 3303 3686 Salvatore,
3333 3621 3401 3676 li-

1830 3727 2092 3781 bertatem
2111 3764 2125 3791 ,
2152 3740 2185 3780 a
2214 3723 2431 3779 diabolo
2459 3721 2677 3787 doceri,
2707 3721 2801 3791 qui
2835 3717 3116 3790 proprium
3144 3732 3253 3772 non
3287 3730 3403 3770 ser-

1830 3820 1976 3875 vavit
2010 3818 2257 3874 ordinem
2278 3859 2294 3885 ,
2323 3825 2377 3871 et
2404 3815 2474 3871 ab
2508 3813 2612 3869 alia
2643 3813 2697 3868 in
2729 3812 2890 3867 aliam
2922 3810 3248 3867 sententiam
3277 3825 3401 3863 mu-

1833 3921 1975 3968 tatus
2003 3919 2106 3967 est.
2138 3909 2319 3977 Quare
2349 3909 2500 3963 illum
2537 3905 2944 3978 Scripturarum
2981 3904 3129 3960 dicta
3172 3903 3403 3972 loquen-

1829 4004 2239 4075 tem-prohibet,
2279 4003 2467 4058 dicens
2496 4021 2511 4056 :
2541 3999 2815 4056 Peccalori
2846 4006 3023 4053 autem
3055 3995 3192 4050 dixit
3216 3993 3353 4048 Deus
3381 4007 3400 4046 :

1833 4096 2010 4163 Quare
2040 4105 2095 4151 tu
2128 4112 2347 4151 enarras
2382 4094 2630 4165 justitias
2664 4108 2804 4146 meas
2825 4131 2838 4157 ,
2881 4101 2930 4144 et
2976 4087 3202 4144 assumis
3233 4093 3400 4143 testa-

1450 4233 1704 4290 VERSIO
1743 4233 2046 4297 EVAGRII.

213 4330 308 4384 25.
348 4328 544 4400 solent
573 4326 737 4382 etiam
768 4341 893 4400 cum
927 4325 1303 4400 modulatione
1334 4338 1800 4400 non_apparentes
1832 4330 1943 4400 (81)
1977 4329 2208 4399 psallere
2247 4348 2261 4387 :
2304 4331 2440 4400 proh
2470 4328 2666 4400 nefas!
2716 4328 2794 4400 ad
2829 4326 2947 4379 haec
2977 4332 3030 4378 et
3062 4323 3278 4400 impuro
3309 4336 3403 4376 ore

149 4414 306 4456 sacra
339 4397 746 4471 Scripturarum
784 4398 999 4467 eloquia
1049 4398 1400 4471 meditantur.
1432 4394 1775 4471 Frequenter
1805 4394 2111 4468 legent—ibus
2149 4394 2341 4465 nobis,
2374 4401 2532 4471 quasi
2565 4399 2701 4471 echo
2724 4398 2798 4471 ad
2843 4405 3086 4471 extrema
3114 4394 3279 4447 verba
3296 4406 3397 4471 _re-

149 4471 422 4551 spondent
440 4462 481 4551 ,τ’
502 4468 839 4551 dormientes
864 4462 1096 4551 quoque.
1110 4469 1351 4551 excitant
1377 4469 1443 4551 ad
1471 4462 1738 4551 orandum
1762 4508 1778 4534 ,
1809 4462 2084 4551 utr-totius
2112 4471 2289 4551 poetis
2320 4462 2571 4551 somnum
2600 4469 2834 4539 eripiant
2867 4485 2878 4520 :
2915 4466 3203 4547 plerosque
3220 4462 3400 4551 etiam)

150 4530 203 4594 in
232 4540 633 4596 monachorum
673 4530 1161 4610 nobiliu'mhahitu
1196 4547 1450 4594 coercent
1482 4539 1618 4610 (82),
1660 4550 1714 4594 et
1754 4530 2009 4609 pristina,
2041 4541 2241 4610 quibus
2271 4542 2477 4597 conscii
2523 4550 2650 4594 sunt
2672 4530 2697 4602 ,’
2720 4530 2937 4607 peccata
2972 4530 3272 4610 imputant:
3295 4530 3400 4585 Sed

153 4611 471 4678 spernendae
518 4616 892 4682 sunt_eorum
948 4602 1508 4682 increpationes,_et
1565 4602 2351 4682 admonitiones'jéjunandi,
2416 4602 2733 4682 vigiliarum
2792 4611 3008 4676 quoque
3050 4602 3401 4682 fraudulenta

153 4670 429 4761 Suggestio
462 4697 476 4735 :
512 4680 583 4733 ob
630 4678 685 4761 id
737 4679 883 4761 enim
942 4670 1243 4761 familiares
1297 4670 1458 4735 nobis
1506 4681 1713 4761 species
1755 4670 2044 4761 assumunt
2070 4670 2115 4761 ξ·
2143 4670 2502 4761 ut__a_lllnitatr_3
2551 4670 3141 4761 virtutum'nocentes‘,
3185 4670 3401 4726 facilius
3486 4712 3491 4715 -

152 4745 754 4829 vii-'u'sinlerscrant‘et
787 4748 1104 4829 innocentes
1143 4763 1392 4819 quosque
1431 4745 1805 4829 per'speciem
1846 4751 2148 4829 honestatis
2183 4751 2432 4807 elidant:
2477 4749 2815 4829 impossibile
2858 4755 3048 4827 postea
3094 4745 3404 4829 durumque

156 4818 255 4876 hoc
281 4820 523 4876 studium
561 4818 899 4892 praedicant,
920 4827 999 4885 ut,
1036 4813 1175 4873 dum
1200 4813 1494 4875 onerosu‘m
1517 4813 1638 4877 esse
1686 4821 1900 4876 videtur
1935 4823 2083 4892 quod
2122 4831 2358 4892 coeptum
2406 4831 2525 4889 est,
2556 4813 2622 4874 ex
2653 4813 3037 4887 desperatione
3073 4813 3316 4879 taedium,
3350 4819 3404 4864 ct

154 4903 218 4945 ex
245 4892 406 4946 taedio
440 4890 698 4945 succedat
724 4889 961 4959 ignavia.

221 4961 313 5017 26.
353 4960 560 5017 idcirco
593 4952 859 5030 propheta
885 4959 1142 5030 missusa
1168 4957 1427 5030 Domino,
1461 4960 1707 5017 luctuosa
1738 4960 2088 5026 denuntians,
2122 4961 2342 5017 sublimi
2374 4974 2505 5017 voce
2537 4959 2783 5015 dicebat:
2814 4955 2904 5030 γα
2924 4954 3015 5030 qui
3043 4952 3402 5030 potatproxi-

157 5045 297 5085 mum
351 5047 521 5102 suum
549 5023 881 5102 subversione
922 5028 1134 5102 turbida
1158 5023 1540 5102 !_Hujusmodi
1598 5032 1740 5087 enim
1791 5023 2229 5099 exhortam’enta,
2264 5031 2658 5102 depravatoria_
2677 5036 2804 5083 sunt
2828 5023 3042 5102 itineris
3075 5025 3218 5093 quod
3251 5023 3402 5102 dtu-it

156 5102 217 5155 ad
252 5102 477 5157 crelum.
504 5100 713 5157 Idcirco
741 5115 865 5154 cum
900 5100 1139 5153 venisset
1172 5093 1438 5156 Dominus
1464 5102 1532 5156 ad
1561 5111 1759 5162 terras.
1785 5110 1837 5157 et
1864 5117 1989 5157 vera
2020 5104 2086 5159 de
2110 5117 2175 5158 eo
2208 5093 2481 5158 daemones
2509 5099 2661 5157 inviti
2698 5096 3056 5169 praedicarent
3081 5104 3228 5165 (vere
3250 5093 3398 5148 enim

223 5196 267 5227 "
297 5193 503 5249 Hahae.
537 5209 599 5257 ll,
634 5192 718 5248 15.
800 5192 846 5224 ⁸⁸
874 5192 1008 5246 Luc.
1042 5207 1115 5257 tv,
1146 5193 1237 5246 M.

223 5303 345 5376 (77)
367 5301 458 5359 Sic
491 5304 729 5359 Colhert.
760 5303 815 5371 ‘2,
850 5318 1009 5373 quem
1041 5304 1343 5376 sequimur,
1371 5301 1516 5376 quod
1556 5302 1717 5376 magis

1832 5304 1954 5376 dus.
1978 5302 2149 5376 ,Editi,
2180 5306 2517 5376 ποιήσαντες.

158 5371 274 5445 cum
308 5371 540 5444 Evagrio
563 5376 795 5445 quadret
816 5371 980 5445 quam
1010 5373 1139 5445 editi
1168 5374 1269 5445 qui
1298 5372 1518 5445 habent,
1555 5371 1728 5445 ταῦτα

159 5441 296 5516 ᾇπερ
346 5441 681 5513 ἀνέγνωμεν.
735 5441 1118 5516 Πολλάκις
1165 5441 1309 5516 Infra
1367 5443 1506 5516 idem
1557 5441 1727 5516 solus,

159 5510 422 5589 ἐγείρουσι
443 5510 524 5589 είς
554 5510 883 5589 προσευχὴν,
922 5513 1233 5589 σχεδὸν-μή,
1266 5513 1457 5568 mediis
1486 5512 1728 5567 omissis.

225 5532 1300 5656 ῑὲίέἷυιῖἱεὲἒῗιεπίῖἱεέἕθῖέτζχὲῗᾟάῗῦεἰᾷἶ

227 5650 337 5723 (79)
374 5650 472 5725 Sic
497 5655 877 5725 manuscripti.
903 5653 1048 5709 Editi
1074 5650 1503 5725 ’νει-ωούδίζειν,
1531 5650 1690 5705 male.

227 5725 338 5797 (80)
370 5724 446 5783 ita
496 5725 697 5798 Regius
740 5723 1013 5786 secundus
1061 5733 1117 5784 et
1152 5723 1503 5781 Colhcrtinus
1530 5736 1727 5777 secun-

1906 5375 2016 5444 (8l)
2046 5377 2118 5429 ita
2154 5371 2343 5430 omnes
2381 5373 2759 5443 manuscripti,
2792 5388 2915 5428 cum
2955 5371 3160 5429 Graeco.
3188 5371 3405 5427 Bollan-

1833 5445 1956 5507 dus,
1976 5461 2368 5516 nonnunquam
2391 5455 2720 5515 apparentes.

1906 5515 2030 5596 (82),
2053 5517 2143 5572 Sic
2174 5510 2530 5596 manuscripti
2556 5516 2800 5596 quidam.
2833 5513 2972 5569 Edili
3006 5529 3169 5596 vero.
3203 5510 3404 5596 pleres-

1833 5580 1930 5655 que
1961 5580 2144 5649 etiam,
2170 5586 2294 5639 dum
2338 5602 2393 5639 se
2436 5580 2489 5639 iit
2530 5580 2901 5640 monachorum
2932 5583 3188 5639 nobilith
3218 5580 3407 5637 habitu

1838 5659 2185 5727 transferunt,
2221 5657 2499 5713 mouachos
2532 5668 2786 5711 coercent.
