3824 6224
211 256 328 322 888

1561 264 1726 324 ἮΤΑ
1766 268 1824 324 S.
1859 265 2158 325 ΑΝΤΟΝΠ.

3354 268 3461 326 886

211 393 350 443 στος
378 377 533 450 ὑμῶν
554 375 880 448 λογιζέσθω,
915 378 1028 440 καὶῖ
1045 379 1267 437 δύναται
1302 374 1662 456 ’καταφρονεῖν
1689 383 1797 438 τῶν

1902 383 1972 438 rit
1999 381 2274 438 daemones
2303 390 2676 440 contemnere.
2733 381 2889 450 Quod
2921 381 2968 439 si
3001 379 3192 440 iisdem
3230 381 3306 438 illi
3338 399 3465 441 cor-
3515 360 3531 434 ’π

208 471 510 542 δαιμόνων.
566 471 631 525 Εἰ
667 472 764 542 μὲν
791 466 884 526 οὖν
916 473 1178 538 τοιούτοις
1207 474 1450 547 σώμασιν
1481 473 1618 546 ἦσαν
1651 477 1795 530 ἐνδε-

211 564 426 628 θὲντες,
447 562 636 634 ὥσπερ
657 564 821 634 ἐσμὲν
841 566 1020 636 ἡμεῖς,
1051 565 1273 620 δυνατὸν
1296 563 1364 639 ἦν
1391 569 1572 630 αὐτοῖς
1593 568 1791 637 λέγειν,

210 658 304 711 ὅτι
335 656 756 728 Κρυπτομένους
797 658 895 727 μὲν
921 658 1048 722 τοὺς
1081 657 1396 730 ἀνθρώπους
1427 661 1524 732 οὐχ
1556 660 1798 733 εὑρίσκο-

221 763 350 820 μεν,
376 747 624 819 εὑρόντες
644 748 717 802 δὲ·
727 747 1054 820 βλάπτομεν.
1088 750 1424 822 Ἦδυνάμεθα
1447 751 1502 805 δὲ
1527 753 1620 806 καὶ
1639 754 1796 823 ἡμεῖς

211 842 588 912 ’κρυπτόμενοι
615 840 897 895 λανθάνειν
925 843 1142 909 αὐτοὺς,
1174 843 1443 908 κλείοντες
1465 845 1585 898 κατ’
1617 845 1795 899 αὐτῶν

217 931 416 1004 θύρας.
443 933 507 985 Ei
531 932 587 985 δὲ
613 932 712 986 οὐκ
730 934 867 986 εἰσὶν
893 932 1084 998 οὕτως,
1115 935 1249 989 ἀλλὰ
1268 936 1663 1008 κεκλεισμένων
1688 937 1796 991 τῶν

208 1019 285 1073 ου
296 1019 406 1092 ρῶν
429 1020 690 1074 εἰσελθεῖν
717 1020 990 1084 δύνανται,
1029 1023 1123 1076 καὶ
1145 1026 1203 1076 ἐν
1234 1024 1311 1094 τῷ
1335 1027 1496 1079 παντὶ
1519 1027 1636 1098 ἀέρι
1668 1044 1798 1095 τυγ-

210 1109 477 1179 χάνουσιν
505 1109 654 1164 αὐτοί
680 1127 739 1163 τε
768 1110 858 1163 καὶ
887 1111 915 1162 ό
938 1110 1140 1165 τούτων
1167 1113 1376 1186 πρῶτος
1394 1114 1634 1178 διάϐολος
1655 1133 1666 1145 ·
1692 1117 1798 1169 εἰσὶ

217 1200 276 1254 δὲ
307 1202 620 1266 κακοθελεῖς
651 1203 744 1256 καὶ
776 1203 914 1274 πρὸς
942 1204 1002 1257 τὸ
1039 1203 1293 1274 βλάπτειν
1321 1206 1546 1278 ἕτοιμοι,
1579 1209 1692 1266 καὶ,
1721 1208 1796 1274 ῶς

218 1285 381 1346 εἶπεν
411 1295 439 1347 ό
477 1293 685 1366 Σωτὴρ,
723 1293 782 1359 ἐξ
807 1296 978 1367 ἀρχῆς
999 1295 1435 1368 ἀνθρωποκτόνος
1457 1301 1603 1352 ἐστὶν
1631 1301 1660 1351 ὁ
1696 1301 1797 1370 τῆς

218 1383 423 1448 κακίας
443 1384 624 1457 πατὴρ
651 1385 922 1450 διάϐολος·
950 1385 1131 1458 ζῶμεν
1159 1388 1214 1441 δέ
1237 1387 1330 1440 νῦν
1352 1392 1514 1461 ἡμεῖς
1542 1393 1635 1444 καὶ
1664 1391 1798 1462 μᾶλ-

216 1475 317 1528 λον
346 1474 464 1528 κατ’
498 1473 664 1529 αὖτοῦ
700 1475 1117 1548 πολιτευόμεθαο
1153 1477 1301 1547 δῆλοί
1329 1481 1436 1532 εἰσι
1476 1479 1585 1550 (89)
1634 1481 1797 1552 μηδὲν

221 1566 522 1638 ἰσχύοντες.
555 1566 692 1622 Οὔτε
720 1569 829 1641 γὰρ
855 1569 1017 1634 τόπος
1039 1571 1232 1636 αὐτοὺς
1255 1574 1334 1636 είς
1353 1573 1412 1625 τὸ
1433 1573 1797 1628 ἐπιϐουλεύειν

216 1659 466 1724 κωλύει,
495 1659 618 1713 οὕτε
647 1661 833 1730 φίλους
857 1661 1003 1731 ἡμᾶς
1038 1659 1234 1731 ὁρῶσιν
1271 1661 1477 1714 ὲαυτῶν
1501 1703 1516 1724 ,
1555 1663 1642 1716 ἵνα
1679 1662 1796 1732 φεί-

221 1767 448 1815 σωνται,
465 1751 586 1805 οὔτε
612 1725 1082 1822 φῖλάγαθοί-είσιν,
1101 1753 1187 1806 ἵνα
1206 1754 1603 1820 διορθώσωνται
1623 1773 1636 1786 ο
1663 1725 1798 1810 άλλά
1830 1725 1872 1784 Β

223 1843 321 1898 καὶ
354 1843 553 1913 μᾶλλον
581 1844 686 1896 εἰσι
712 1845 935 1915 πονηροί
958 1858 970 1872 °
1000 1843 1090 1898 καὶ
1123 1845 1273 1898 οὐδὲν
1301 1845 1480 1908 αὐτοῖς
1503 1847 1616 1899 ἐστι
1646 1864 1799 1919 περι-

222 1931 561 1989 σπούδαστον
577 1933 684 2002 (90)
698 1933 772 1997 ὼς
782 1934 841 1986 τὸ
855 1933 1106 2004 βλάπτειν
1119 1936 1241 1988 τοὺς
1253 1953 1286 2004 φ
1296 1937 1380 1989 ιλα
1391 1937 1570 2006 ρέτους
1585 1938 1676 1991 καὶ
1691 1937 1802 1992 θεο-

223 2023 537 2088 πΰοῦντας.
567 2025 665 2079 Διὰ
689 2025 745 2084 δέ
777 2025 836 2078 τὸ
871 2025 1035 2096 μηδὲν
1063 2025 1316 2080 δύνασθαι
1341 2031 1531 2092 ποιεῖν,
1561 2029 1648 2083 διὰ
1678 2030 1801 2083 τοῦ·

221 2133 288 2172 το
324 2115 474 2170 οὐδὲν
507 2116 749 2170 ποιοῦσιν
769 2157 783 2182 ,
824 2116 856 2186 ἢ
898 2117 1054 2188 μόνον
1087 2117 1396 2173 ἀπειλοῦσιν
1417 2136 1429 2150 ⁸
1458 2123 1507 2173 εί
1530 2123 1637 2192 γὰρ
1670 2121 1798 2192 ἠδύ-

223 2233 407 2280 ναντο,
435 2219 536 2272 οὐκ
559 2217 625 2272 ἂν
649 2217 892 2290 ἔμελλον,
918 2217 1028 2270 ἀλλ’
1058 2216 1216 2280 εὐθὺς
1245 2215 1505 2286 ἐνήργουν
1529 2213 1590 2266 τὸ
1612 2211 1797 2281 κακὸν,

225 2307 453 2378 ἑτοίμην
492 2307 704 2378 ἔχοντες
727 2311 806 2372 εἰς
842 2307 998 2362 τοῦτο
1029 2307 1126 2379 τὴν
1155 2306 1492 2379 προαίρεσιν,
1527 2306 1621 2358 καί¹
1649 2304 1801 2375 μάλι-

228 2416 335 2453 στα
364 2399 486 2454 καθ’
514 2399 690 2470 ήμῶν,
740 2400 870 2454 Ἰδοὺ
903 2399 1032 2470 γοῦν
1058 2400 1150 2454 νῦν
1180 2399 1519 2462 συνελθόντες
1551 2397 1671 2451 κατ’
1705 2397 1802 2450 αὐ-

225 2491 339 2546 τῶν
367 2491 657 2564 λαλοῦμεν,
693 2494 786 2546 καὶ
814 2491 1010 2560 ἴσασιν,
1048 2493 1148 2558 ὅτι,
1181 2492 1594 2562 προκοπτόντων
1621 2489 1798 2561 ἡμῶν,

227 2581 548 2639 ἀσθενοῦσιν
580 2583 753 2637 αὐτοί.
806 2585 868 2637 Ei
900 2583 1078 2638 τοίνυν
1109 2580 1250 2654 εἶχον
1289 2583 1570 2649 ἐξουσίαν,
1616 2581 1803 2635 οὐδένα

228 2674 300 2728 ἂν
347 2674 503 2746 ήμῶν
549 2674 657 2729 τῶν
693 2676 1031 2747 Χριστιανῶν
1072 2675 1288 2744 ἀφῆκαν
1335 2673 1467 2746 ζῇν
1529 2673 1802 2744 βδέλυγμα

227 2766 342 2839 γὰρ
374 2768 680 2840 ἁμαρτωλῷ
707 2767 1002 2822 θεοσέϐεια.
1069 2768 1282 2840 Ἐπειδὴ
1328 2767 1384 2820 δὲ
1425 2768 1576 2820 οὐδὲν
1617 2766 1803 2820 δύνανο

226 2859 321 2909 ται
352 2857 499 2928 (91),
551 2857 640 2912 διὰ
681 2859 836 2912 τοῦτο
875 2858 1073 2930 μᾶλλον
1124 2859 1346 2921 ἑαυτοὺς
1372 2856 1762 2928 τιτρώσκουσιν
1785 2873 1799 2887 ·

226 2950 312 3004 δτι
350 2951 515 3021 μηδὲν
551 2950 804 3004 δύνανται
848 2954 1020 3004 ποιεῖν
1059 2943 1134 3004 ὧν
1174 2949 1505 3003 ἀπειλοῦσιν.
1574 2950 1804 3003 Ἔπειτα

227 3040 451 3092 κάκεῖνο
481 3039 789 3108 λογίζεσθαι
829 3041 932 3111 χρὴ
951 3082 966 3106 ,
1016 3041 1151 3112 πρὸς
1179 3040 1240 3093 τὸ
1265 3039 1338 3112 μὴ
1373 3040 1653 3109 φοϐεῖσθαι
1681 3039 1803 3092 τού-

225 3148 384 3195 τους·
417 3132 464 3184 εί
497 3130 556 3184 τὸ
586 3132 804 3185 δυνατὸν
831 3132 1076 3203 ὑπῆρχεν
1099 3133 1278 3195 αὐτοῖς
1298 3170 1312 3194 ,
1349 3132 1450 3184 οὐκ
1478 3130 1541 3184 ἂν
1571 3131 1804 3203 ἤρχοντο

232 3225 352 3294 μετ’
385 3223 562 3294 ὅχλου,
587 3225 707 3278 οὒδέ
741 3225 1039 3293 φαντασίας
1067 3224 1314 3287 ἐποίουν,
1363 3223 1483 3276 οὑδέ
1527 3239 1803 3294 μετασχη-

231 3315 580 3388 ματιζόμενοι
610 3317 927 3388 ἐμεθόδευον
953 3334 964 3346 ·
995 3315 1109 3369 ἀλλ’
1132 3317 1291 3388 ἤρκει
1321 3316 1414 3369 καὶ
1444 3315 1600 3386 μόνον
1631 3315 1804 3370 ἐλθεῖν

231 3407 358 3471 ινα,
395 3408 488 3462 καὶ
517 3408 739 3478 ποιῆσαι
779 3408 935 3462 τοῦτο
963 3409 1096 3478 ὅπερ
1135 3407 1352 3460 δύναται
1393 3407 1486 3459 καὶ
1522 3405 1801 3476 βούλεταιο

233 3501 327 3554 καὶ
355 3502 588 3572 μάλιστα
619 3503 701 3556 ὃτι
745 3505 853 3566 πᾶς
897 3505 925 3556 ὁ
967 3504 1065 3573 τὴν
1107 3500 1352 3567 ἐξουσίαν
1397 3500 1536 3570 ἔχων
1574 3500 1634 3552 οὐ
1668 3497 1804 3569 μετὰ

1895 475 2123 547 poribus
2153 473 2346 544 illigati
2388 482 2572 529 essent
2618 473 2818 546 quibus
2865 489 2967 530 nos
3015 490 3240 544 sumus,
3285 474 3469 534 dicere

1895 581 2027 624 sane
2060 575 2283 638 possent
2332 583 2346 621 :
2391 563 2648 622 Latentes
2683 565 2932 623 homines
2974 581 3084 623 non
3121 567 3467 632 invenimus.

1894 675 2034 730 quos
2077 660 2125 715 si
2163 659 2534 715 inveniremus
2563 659 2884 716 laaderemus
2921 659 3132 730 utique.
3173 659 3472 716 Rossemus

1894 753 2024 807 item
2075 767 2176 807 nos
2219 751 2588 816 occultantes,
2621 752 2857 808 occlusis
2897 751 3082 822 januis
3127 738 3469 810 latere'illis.

1898 843 2004 898 Sed
2037 859 2162 898 cum
2204 859 2363 900 secus
2393 858 2451 899 se
2481 859 2569 898 res
2604 842 2830 907 habeat,
2879 858 3006 898 nam
3055 843 3260 900 clausis
3303 844 3470 901 etiam

1893 934 2079 1002 januis
2123 935 2330 1005 ingredi
2379 943 2642 1004 possunt,
2687 935 2740 988 in
2770 943 2991 1002 totoque
3033 951 3156 991 aere
3182 943 3472 992 versantur

1897 1035 2005 1081 tam
2041 1027 2118 1080 illi
2163 1042 2326 1096 quam
2382 1028 2636 1096 princeps
2678 1043 2870 1082 eorum
2916 1027 3203 1094 diabolus,
3237 1040 3474 1099 suntque

1897 1117 1974 1171 illi
2005 1117 2073 1172 ad
2105 1119 2309 1171 malum
2344 1118 2716 1188 damnumque
2761 1117 3106 1173 inferendum
3141 1120 3350 1189 parati,
3384 1129 3471 1184 et,

1897 1217 1958 1262 ut
1997 1207 2074 1262 ait
2117 1205 2444 1275 Salvator”,
2489 1209 2558 1263 ab
2597 1209 2755 1263 initio
2807 1209 3083 1264 homicida
3133 1219 3216 1265 est
3254 1211 3476 1266 malitia

1897 1307 2052 1368 pater
2073 1299 2320 1354 diabolus
2340 1339 2355 1366 ,
2383 1316 2593 1371 nosque
2615 1301 2728 1371 jam
2755 1301 3013 1366 vivimus,
3040 1301 3153 1356 imo
3183 1303 3474 1358 adversum

1897 1388 2021 1445 illos
2063 1388 2228 1444 vitam
2273 1390 2614 1447 instituimus
2667 1399 2945 1457 nostram;
2990 1392 3164 1462 palam
3223 1403 3307 1448 est
3352 1393 3476 1450 illos

1899 1482 2032 1536 nihil
2079 1483 2276 1538 virium
2323 1485 2544 1540 habere.
2590 1482 2708 1539 Non
2743 1486 2887 1540 enim
2916 1487 3071 1541 locus
3111 1502 3300 1542 eorum
3342 1489 3478 1542 insi-

1898 1573 2004 1629 diis
2045 1573 2226 1629 ohstat
2275 1591 2289 1628 :
2341 1590 2520 1644 neque
2558 1591 2659 1631 nos
2708 1575 2815 1630 sibi
2865 1577 3071 1631 amicos
3105 1585 3367 1642 cernunt,
3417 1586 3478 1632 ut

1898 1676 2126 1736 parcant
2159 1666 2342 1732 nobis,
2372 1682 2474 1722 nec
2507 1669 2648 1738 aequi
2679 1653 2923 1738 bonique
2951 1677 3204 1724 amantes
3229 1677 3379 1733 sunt,
3417 1679 3479 1725 ut

1903 1759 2213 1829 corrigaut;
2261 1759 2373 1813 imo
2421 1759 2601 1828 potius
2635 1759 2856 1830 maligni
2906 1771 3066 1827 sunt,
3111 1760 3356 1831 nihilque
3401 1761 3480 1817 ita

1904 1859 2138 1915 curant,
2195 1860 2254 1906 ut
2299 1852 2515 1907 virtutis
2561 1852 2887 1922 pietatisque
2936 1853 3211 1910 studiosos
3259 1851 3475 1909 laedere.

1904 1941 2028 1997 Ideo
2071 1954 2251 1998 autem
2297 1945 2434 1998 nihil
2482 1943 2692 1999 faciunt
2738 1945 2882 2014 quod
2931 1943 3067 1998 nihil
3112 1943 3324 2014 possint
3367 1943 3478 2000 nisi

1905 2036 2248 2101 comminari,
2277 2037 2414 2091 nihil
2447 2037 2761 2092 cunctaturi
2792 2037 2836 2093 si
2866 2045 3114 2108 possent,
3146 2036 3242 2092 sed
3291 2036 3475 2093 statim

1905 2123 2110 2178 malum
2159 2123 2454 2193 inferrent,
2490 2125 2637 2195 quod
2681 2136 2987 2196 promptam
3035 2125 3228 2181 hacin
3273 2141 3335 2182 re
3379 2125 3480 2180 ha-

1905 2216 2068 2272 beant
2117 2217 2482 2284 voluntatem,
2527 2227 2718 2274 contra
2763 2233 2864 2273 nos
2914 2219 3283 2289 podssimum.
3338 2216 3478 2274 Ecce

1901 2310 2016 2380 jam
2061 2311 2371 2381 congregati
2401 2318 2588 2365 contra
2627 2310 2775 2380 ipsos
2817 2311 3126 2381 loquimur,
3167 2317 3480 2380 noruntque

1907 2417 1967 2458 se
1998 2417 2285 2473 progressu
2321 2412 2504 2458 nostro
2529 2401 2818 2458 debilitari.
2844 2401 3023 2470 Certe,
3051 2402 3098 2458 si
3146 2410 3474 2472 potestatem

1907 2493 2210 2559 haberent,
2260 2495 2533 2550 neminem
2566 2493 2728 2566 653
2763 2502 3008 2550 nostrum
3037 2492 3478 2552 Christianorum

1907 2587 2090 2642 vivere
2133 2586 2494 2641 concederent
2533 2602 2546 2638 :
2591 2602 2718 2641 nam
2755 2586 3058 2642 exsecratio
3091 2587 3364 2658 peccatori
3396 2597 3484 2642 est

1908 2678 2084 2748 pietas
2110 2691 2237 2747 erga
2269 2675 2440 2732 Deum
2460 2676 2528 2730 ⁵³.
2552 2675 2687 2733 Cum
2722 2678 2857 2732 nihil
2891 2678 3099 2749 possint
3126 2687 3329 2746 autem,
3360 2692 3484 2733 sese

1908 2770 2219 2836 vulnerant,
2248 2769 2392 2840 quod
2423 2769 2556 2824 nihil
2585 2769 2857 2824 minarum
2886 2785 3112 2825 suarum
3133 2768 3360 2839 exsequi
3386 2785 3483 2824 va-

1909 2861 2076 2915 leant.
2112 2859 2245 2915 lllud
2293 2869 2555 2930 praeterea
2591 2861 2940 2930 cogitandum
2995 2870 3053 2916 ut
3102 2861 3225 2916 illos
3257 2860 3485 2916 minime

1909 2949 2328 3005 reformidemus
2359 2968 2372 3003 :
2407 2948 2453 3004 si
2480 2957 2724 3019 potestas
2759 2949 2863 3005 sibi
2893 2958 3060 3015 esset,
3092 2967 3203 3006 non
3233 2965 3359 3005 cum
3393 2959 3482 3004 ιιι⁴

1911 3041 2108 3107 multu,
2140 3056 2247 3095 non
2278 3055 2404 3096 cum
2430 3041 2737 3111 phantasiis
2770 3042 3106 3108 accederent,
3138 3057 3246 3096 non
3276 3049 3486 3096 mutata

1906 3130 2082 3187 forma
2128 3131 2354 3186 insidias
2404 3140 2701 3202 pararent:
2735 3133 2829 3187 se’d
2871 3134 3006 3188 satis
3039 3131 3181 3189 foret
3227 3133 3488 3189 accedere

1907 3240 2114 3290 unum,
2160 3225 2253 3294 qui
2298 3224 2443 3295 quod
2489 3233 2675 3294 posset
2709 3233 2873 3293 atque
2904 3225 3102 3292 vellet,
3149 3214 3485 3280 conﬁcereti

1908 3331 2035 3373 cum
2068 3317 2308 3384 maxime
2351 3317 2602 3387 quisquis
2630 3325 2956 3386 potestatem
2985 3317 3180 3384 habet,
3214 3332 3325 3372 non
3359 3333 3486 3373 cum

1908 3423 2049 3462 vana
2078 3423 2346 3478 apparens
2394 3409 2576 3478 specie
2608 3408 2856 3475 occidat,
2902 3424 3079 3479 neque
3109 3408 3344 3464 tumultu
3377 3416 3488 3463 ter-

1907 3500 2156 3566 rei‘aciat,
2187 3501 2280 3556 sed
2310 3501 2561 3571 protinus
2590 3501 2870 3556 arbitratu
2901 3517 3004 3557 suo
3051 3502 3271 3573 propria
3300 3509 3488 3556 utatur

233 3593 538 3662 φαντασίας
560 3593 788 3666 ἀναιρεῖ,
818 3593 938 3647 οὐδὲ
965 3596 1078 3656 τοῖς
1101 3593 1275 3664 ὄχλοις
1306 3590 1546 3661 ἐκφοϐεῖ,
1577 3591 1688 3645 ἀλλ’
1720 3590 1809 3642 εὑ-

233 3683 332 3750 θὺς
361 3686 437 3750 ὡς
467 3686 711 3758 βούλεται
748 3686 860 3758 (92)
901 3689 966 3758 τῇ
1003 3684 1218 3757 ἐξουσίᾳ
1250 3686 1610 3757 καταχρᾶται.
1669 3681 1808 3736 Ἀλλ’

1912 3602 2199 3664 potestate.
2237 3594 2345 3650 Sed
2377 3595 2651 3650 daemones
2683 3595 2822 3650 nihil
2856 3609 2980 3650 eum
3024 3596 3274 3662 valeant,
3327 3595 3489 3666 quasi

1915 3686 1972 3740 in
2007 3700 2170 3742 scena
2203 3685 2420 3754 ludunt,
2474 3686 2762 3746 immutata
2788 3686 2988 3752 forma,
3017 3693 3328 3758 terrentque
3356 3701 3488 3756 pue-

1533 3824 1793 3882 VERSIO
1831 3824 2134 3882 EVAGRII.

233 3948 417 4006 ruisse
451 3964 511 4003 se
540 3947 740 4020 videat,
780 3947 835 4020 in
879 3947 1174 4018 perniciem
1205 3946 1856 4020 grassatughumanam,
1878 3961 1979 4020 nec
2019 3956 2202 4002 tamen
2251 3955 2429 4020 potest
2475 3947 2692 4020 firmum
2714 3946 2838 4020 Deo
2868 3956 3058 4020 pectus
3091 3945 3486 4020 cogitationum

232 4027 288 4075 et
321 4027 643 4073 ceterarum
681 4014 936 4073 fraudum
965 4027 1078 4072 arte
1111 4014 1440 4087 pervertere.
1471 4014 1607 4070 Nam
1651 4019 1773 4072 luce
1812 4018 2014 4072 clarius
2041 4025 2126 4072 est
2156 4014 2416 4087 quoniam
2448 4018 2748 4072 adversarii
2776 4014 2970 4082 nostri,
2999 4032 3125 4071 cum
3153 4014 3254 4071 nec
3299 4017 3485 4070 huma-

232 4105 306 4144 na
345 4103 510 4143 carne
545 4089 653 4144 sint
680 4090 839 4158 septi,
869 4097 935 4158 ut
956 4090 1171 4142 causari
1196 4089 1413 4143 valeant
1442 4087 1645 4158 idcirco
1676 4103 1777 4143 nos
1802 4103 1830 4140 a
1854 4103 1924 4158 se
1947 4103 2054 4158 non
2087 4103 2248 4156 posse
2274 4089 2545 4157 superari,
2573 4090 2702 4158 quia
2732 4087 2921 4143 clauso
2949 4089 3092 4142 ostio
3122 4087 3348 4141 introire
3375 4101 3488 4142 non

233 4160 458 4214 valeant
488 4176 501 4212 :
537 4167 590 4212 et
617 4155 804 4212 revera
833 4159 879 4213 si
914 4155 1146 4214 fuissent
1178 4159 1281 4212 hoc
1312 4157 1488 4227 fragili
1519 4172 1747 4227 corpore
1778 4157 2038 4228 colligati,
2069 4155 2322 4212 obserato
2343 4155 2605 4220 introitu,
2634 4159 2826 4214 iisdem
2860 4167 3155 4228 negaretur
3183 4171 3440 4211 accessus
3469 4175 3485 4212 :

234 4244 364 4284 cum
402 4237 605 4292 autem,
635 4237 693 4281 ut
721 4229 980 4288 diximus.
1017 4230 1120 4283 hoc
1158 4229 1542 4298 impedimento
1573 4228 1683 4282 sint
1713 4228 1890 4292 liberi,
1920 4227 1981 4282 et
2025 4228 2303 4283 obstructa
2330 4238 2642 4297 penetrent,
2673 4237 2834 4296 atque
2870 4228 2924 4280 in
2968 4229 3115 4298 omni
3146 4227 3367 4280 licenter
3393 4243 3488 4298 vo-

233 4299 394 4355 litent
421 4313 578 4363 aere;
612 4299 956 4354 manifestum
986 4307 1069 4352 est
1105 4299 1173 4360 ob
1213 4296 1615 4352 enervationem
1650 4313 1837 4352 eorum
1869 4313 2188 4368 permanere
2221 4296 2419 4368 corpus
2447 4298 2704 4354 Ecclesia:
2729 4300 2979 4352 illaasum.
3009 4297 3251 4366 Denique
3274 4296 3486 4368 satelli-

236 4379 322 4424 tes
356 4369 508 4438 impii
542 4384 666 4424 cum
707 4369 952 4438 principe
992 4383 1094 4422 suo
1125 4368 1362 4434 diabolo,
1396 4383 1558 4436 quem
1599 4367 1849 4438 Salvator
1883 4369 1936 4421 in
1977 4366 2269 4437 Evangelio
2309 4366 2635 4424 homicidam
2668 4378 2722 4423 et
2752 4379 2958 4438 patrem
2992 4367 3211 4421 malitia:
3239 4366 3306 4420 ab
3331 4366 3490 4420 initio

236 4439 412 4494 fuisse
436 4437 646 4502 iirmat,
695 4437 852 4507 nobis
887 4437 1178 4504 adversum
1230 4453 1288 4493 se
1319 4438 1532 4493 fortiter
1580 4437 1990 4499 dimicantibus,
2017 4438 2170 4492 nullo
2202 4439 2364 4493 modo
2391 4439 2707 4501 cessissent,
2755 4437 2800 4492 Si
2849 4448 3090 4507 potestas
3136 4452 3325 4491 eorum
3357 4452 3488 4507 quon

235 4508 438 4564 fuisset
468 4509 668 4562 ablata.
699 4505 856 4573 Nam,
885 4510 930 4564 si
961 4511 1216 4572 mentior,
1245 4523 1344 4563 cur
1371 4509 1526 4562 nobis
1559 4507 1787 4562 Satanas
1818 4509 2016 4576 parcis,
2049 4510 2142 4576 qui
2189 4510 2392 4578 ubique
2429 4509 2730 4564 discurris?
2757 4505 2867 4562 Cur
2905 4509 2994 4576 qui
3038 4508 3186 4562 nullo
3216 4506 3489 4562 clauderis

239 4579 386 4644 loco,
419 4579 706 4632 adversum
744 4586 794 4632 te
830 4579 968 4633 bene
1009 4579 1306 4632 viventium
1339 4586 1393 4632 et
1426 4579 1822 4646 disputantium
1853 4594 1958 4632 non
2005 4588 2159 4647 potes
2202 4579 2527 4634 labefactare
2556 4579 2956 4633 constantiam?
2986 4579 3092 4632 Sed
3123 4578 3351 4632 fortasse
3381 4590 3486 4632 nos

235 4649 443 4718 diligis,
484 4663 625 4718 quos
671 4649 918 4718 quotidie
968 4649 1189 4703 conaris
1237 4649 1490 4711 obruere,
1526 4658 1619 4702 aut
1654 4648 1913 4702 credibile
1955 4658 2038 4702 est
2081 4657 2133 4702 te
2173 4651 2308 4702 esse“
2339 4649 2602 4703 bonitatis
2631 4649 2978 4716 magistrum,
3011 4647 3280 4710 etfavere
3313 4647 3487 4769 magis

235 4719 481 4769 ontimis.
518 4734 682 4769 uuam
731 4718 972 4769 nocere?
1002 4717 1069 4769 Et
1098 4719 1225 4769 quid
1261 4729 1368 4769 tam
1402 4717 1626 4769 charum
1656 4717 1749 4769 tibi
1788 4733 1910 4769 esse
1941 4727 2138 4769 potest.
2171 4735 2332 4769 quam
2365 4719 2579 4769 laedere.
2627 4719 2864 4769 maxime
2896 4734 3012 4769 eos.
3052 4718 3144 4769 aui
3177 4718 3283 4769 tuis
3314 4731 3403 4769 see
3426 4732 3487 4769 e-

235 4717 481 4788 opti’mis,
504 4717 701 4787 quam
731 4718 972 4773 nocere?
1002 4717 1069 4772 Et
1098 4719 1225 4789 quid
1261 4729 1368 4772 tam
1402 4717 1626 4772 charum
1649 4717 1749 4789 tibi
1788 4733 1910 4772 esse
1941 4727 2138 4786 potest,
2171 4735 2332 4787 quam
2365 4719 2579 4781 laedere,
2627 4719 2864 4772 maxime
2896 4734 3012 4783 eos,
3052 4717 3488 4789 qui_tu_is_scele--

235 4786 394 4859 ribus
417 4786 648 4842 viriliter
674 4796 1001 4857 repugnant,
1040 4786 1342 4845 secundum
1378 4789 1522 4858 quod
1550 4788 1815 4859 scriptum
1845 4797 1928 4842 est
1959 4807 1970 4841 :
2003 4789 2130 4857 quia
2162 4786 2497 4842 a’bominatio
2545 4800 2628 4844 est
2661 4790 2833 4859 pietas
2862 4787 3179 4859 peccatori?
3208 4786 3344 4853 Quis
3374 4797 3486 4859 tam

233 4858 534 4914 fecundum
565 4859 630 4912 ad
663 4854 926 4912 malitiam
959 4859 1200 4928 possidet
1229 4854 1455 4928 pectus?
1485 4858 1608 4927 quis
1640 4854 1746 4912 tam
1782 4854 2069 4912 meditatas
2095 4859 2316 4927 implere
2348 4868 2578 4913 conatur
2609 4854 2836 4913 insidias
2856 4854 2885 4911 ῗ
2917 4854 3122 4912 scimus
3149 4867 3199 4911 te
3228 4857 3486 4926 impuris-

232 4930 438 4985 simum
475 4929 707 4983 cadaver
743 4945 763 4998 ε
796 4927 1003 4984 scimus
1024 4997 1027 4998 ν
1047 4931 1176 4998 quia
1217 4927 1422 4984 idcirco
1451 4928 1687 4982 vivimus
1720 4928 2041 4994 Christiani,
2072 4937 2125 4982 et
2173 4937 2363 4982 contra
2393 4937 2444 4982 te
2472 4929 2629 4984 nobis
2656 4937 2740 4983 est
2771 4944 2965 4983 secura
2992 4928 3328 4998 congressio,
3356 4927 3484 4996 quia

230 4998 546 5056 inﬁrmatus
575 5015 636 5054 es
675 5014 702 5052 a
739 4997 988 5052 Domino.
1021 4996 1146 5054 Ideo
1181 4999 1248 5054 de
1277 5000 1386 5054 tuis
1416 4998 1726 5053 confoderis
1758 4999 1978 5067 jaculis,
2014 4999 2145 5068 quia
2187 4998 2583 5053 minitationem
2616 5009 2762 5054 tuam
2795 5013 2904 5051 non
2935 4996 3183 5066 sequitur
3213 4996 3484 5068 eﬂ‘ectus‘;

231 5069 383 5139 quod
419 5069 466 5124 si
499 5068 768 5134 fallimur,
804 5085 904 5125 cur
949 5084 1073 5124 cum
1111 5077 1320 5125 terrore
1365 5069 1642 5136 simulato,
1676 5066 1776 5124 cur
1811 5066 2187 5139 magnitudine
2231 5083 2524 5140 corporum
2555 5078 2799 5124 nostram
2837 5068 3150 5140 aggrederis
3178 5068 3385 5124 tidem?
3428 5066 3489 5123 Si

302 5187 349 5220 “
376 5186 536 5244 Joan.
567 5201 689 5254 vm,
718 5187 811 5243 44.
893 5187 940 5220 ⁸³
965 5186 1134 5244 Eccli.
1167 5205 1204 5254 ι,
1236 5189 1325 5243 52.

302 5325 417 5395 (89)
446 5325 646 5396 Regius
692 5326 968 5381 secundus
1006 5334 1059 5380 et
1089 5324 1328 5380 Colbert.
1363 5323 1433 5388 2,
1469 5321 1633 5378 δειλοί
1680 5326 1806 5378 εισι.
1838 5335 1890 5396 D
1914 5392 1955 5396 _
1979 5323 2100 5396 7(9l)
2126 5322 2218 5378 Sic
2235 5322 2436 5396 Regius
2455 5321 2726 5396 secundus
2746 5329 2799 5374 et
2821 5317 3168 5374 Colbertinus
3189 5315 3486 5374 secundas.

229 5393 288 5450 In
315 5392 510 5452 iisdem
529 5392 681 5452 infra
709 5397 918 5450 ἐαυτῶν
945 5397 1116 5451 deest.

1914 5392 2056 5448 Editi
2082 5392 2217 5448 vero
2244 5404 2299 5448 et
2320 5392 2439 5458 alii,
2473 5393 2534 5445 οὐ
2567 5392 2808 5444 δύναται.

303 5467 417 5535 (90)
447 5464 539 5521 Sic
564 5467 764 5537 Regius
799 5467 1031 5536 primus,
1060 5464 1355 5537 secundus,
1381 5473 1435 5519 et
1458 5463 1800 5537 Colbertinus

1916 5533 1950 5537 _
1987 5463 2105 5537 (92)
2125 5456 2432 5520 Colbertin.
2463 5463 2753 5537 secundus,
2782 5457 2984 5537 εὐθέως
3007 5457 3036 5510 ὃ
3065 5457 3331 5537 βουξλεται.
3363 5456 3492 5512 Mox

233 5529 510 5608 secundus
531 5553 548 5602 ;
573 5541 628 5593 in
646 5529 816 5608 editis
838 5529 1305 5608 περισπούᾷαστον
1329 5529 1501 5608 deest.
1519 5533 1661 5608 infra
1682 5534 1800 5608 Col-

1916 5529 2050 5608 Reg.
2081 5535 2136 5598 2,
2166 5550 2326 5608 quem
2371 5534 2672 5608 sequimur,
2712 5531 3104 5608 καταχρᾶται.η
3123 5529 3260 5608 Editi
3279 5566 3296 5593 ,
3314 5544 3492 5608 κατα-

229 5605 484 5734 ἓέὲὶηυε
514 5598 807 5676 secundus,
851 5598 964 5664 οὐκ.
995 5606 1061 5661 ἂν
1108 5605 1354 5678 ἔμελλον,
1386 5606 1482 5662 sed
1509 5605 1574 5660 ἄν
1601 5605 1654 5661 in
1683 5605 1800 5661 aliis

1915 5598 2137 5726 χρῆἷαι.
2169 5603 2368 5676 Regius
2402 5598 2632 5675 primus,
2667 5598 2952 5673 κέχρηται.
2987 5598 3288 5656 Colbertin.
3312 5598 3368 5664 2,
3399 5615 3497 5653 κα-

1919 5692 2019 5729 τακ
2051 5691 2268 5734 Ionem.

331 5685 403 5734 st.
1919 5685 2284 5748 τακεχρηταιη
