3824 6224
241 308 352 369 893
1594 310 1750 368 VITA
1791 310 1809 366 ε

1920 311 2194 372 LNTONII.
3393 331 3501 388 εοι

244 441 347 496 μον
374 425 485 486 τοῖς
509 423 764 479 ἀκούουσι
801 430 862 480 τὸ
894 426 1094 482 εἰδέναι
1121 428 1274 501 παρὰ
1303 429 1510 484 τούτων
1553 430 1661 502 πρὸ
1690 433 1809 503 ήμε·

1931 434 2064 504 quid
2090 449 2238 491 curae
2260 449 2326 491 ea
2347 451 2530 505 nosse,
2559 440 2775 496 etiamsi
2793 426 2926 498 vere
2942 444 3073 500 sciri
3087 447 3330 516 queant?
3355 450 3504 506 nulla

244 513 357 586 ρῶν
381 513 452 568 τὰ
478 516 783 588 ὲρχόμενα;
818 519 852 589 ἦ
904 520 1034 572 ποία
1062 520 1265 594 σπουδὴ
1293 519 1364 574 τὰ
1391 520 1616 575 τοιαῦτα
1654 520 1809 591 γινώ-

1924 526 2072 580 enim
2104 525 2233 582 hinc
2258 527 2474 586 virtutis
2509 532 2773 598 accessio,
2818 549 2921 590 nec
2953 513 3181 592 omnino
3217 538 3504 608 probitatis

242 623 416 673 σκειν,
443 607 542 661 κᾶν
566 607 777 680 ἀληθῶς
799 609 1042 682 γινώσκῃ
1064 628 1078 676 ;
1101 613 1162 665 ού
1187 612 1296 686 γὰρ
1311 613 1513 684 ἀρετῆς
1531 615 1647 668 ἐστι
1667 613 1809 668 τοῦτι

1922 626 2009 673 est
2037 617 2142 674 hoc
2168 618 2449 675 indicium.
2475 619 2645 678 Nemo
2675 633 2927 680 nostrum
2963 628 3018 681 in
3044 607 3313 698 judicium
3339 645 3502 687 voca-

239 699 546 770 ποιητικδν,
568 700 690 754 οὐδὲ
711 701 874 772 ήθους
895 702 1101 772 ἀγαθοῦ
1130 705 1344 769 πάντως
1371 707 1488 759 ἐστὶ
1519 706 1676 761 τοῦτο
1690 705 1824 776 γνώ-

239 804 433 858 ρισμα.
461 789 646 854 Οὐδεὶς
677 790 786 860 γὰρ
809 792 964 863 ἡμῶν
982 793 1222 866 κρίνεται
1246 795 1334 848 διὰ
1356 795 1409 848 τί
1443 797 1541 849 οὐκ
1568 791 1696 856 οἶδε.
1730 797 1823 849 καὶ

238 879 418 944 οὐδεὶς
459 881 840 955 μακαρίζεται,
871 886 952 938 ὅτι
980 885 1264 956 μεμάθηκε
1292 888 1382 940 καὶ
1421 887 1588 955 ἔγνω·
1620 886 1734 941 ἀλλ’
1765 890 1822 940 ὲν

234 971 450 1036 τούτοις
474 972 704 1038 ἕκαστος
733 975 844 1045 ἔχει
873 977 971 1048 τὴν
1001 977 1202 1049 κρίσιν,
1231 979 1279 1030 εί
1316 977 1411 1047 τὴν
1443 977 1622 1030 πίστιν
1658 978 1819 1050 τετή-

238 1079 398 1133 ρηκε,
431 1064 525 1116 καὶ
553 1063 652 1127 τὰς
683 1065 902 1130 ἐντολὰς
929 1067 1165 1138 γνησίως
1203 1067 1484 1136 ἐφύλαξεν.

307 1153 398 1213 34.
443 1153 605 1209 Ὅθεν
647 1157 710 1209 οὐ
751 1156 833 1210 δεῖ
877 1158 1008 1228 περὶ
1053 1157 1246 1212 πολλοῦ
1298 1159 1472 1212 ταῦτα
1514 1160 1817 1213 ποιεῖσθαι·

234 1246 361 1308 οὐδὲ
377 1245 466 1308 διὰ
497 1247 670 1300 ταῦτα
699 1247 809 1320 (14)
835 1249 1122 1304 ἀσκεῖσθαι
1156 1252 1252 1304 καὶ
1288 1255 1468 1305 πονεῖν
1489 1292 1503 1317 ,
1535 1252 1623 1305 ἵνα
1679 1269 1816 1324 προ-

1924 721 2034 774 tur,
2075 711 2222 780 quod
2259 725 2323 766 ea
2378 727 2485 766 non
2532 714 2711 783 norit;
2764 732 2926 772 nemo
2984 718 3180 775 beatus
3226 729 3498 791 censetur,

1921 803 2071 872 quod
2105 801 2356 859 didicerit
2401 815 2456 860 et
2488 817 2680 863 noscat
2715 826 2730 864 :
2776 810 2871 865 sed
2915 811 3017 867 hac
3056 812 3125 868 de
3169 828 3228 868 re
3267 815 3502 885 quisque

1923 894 1978 947 in
2006 893 2273 963 judicium
2312 897 2617 964 vocabitur,
2647 900 2880 956 [idemne
2909 905 3228 968 servaverit,
3257 919 3329 960 an
3357 921 3496 976 pra-

1922 994 2074 1052 cepta
2106 993 2252 1040 recte
2286 985 2606 1056 impleverit.

1990 1162 2080 1218 54.
2112 1162 2292 1229 Quare
2337 1182 2445 1221 uon
2475 1177 2603 1222 sunt
2630 1169 2746 1225 haec
2790 1171 2948 1226 multi
2988 1171 3282 1230 facienda:
3319 1191 3498 1248 neque

1921 1252 2046 1309 ideo
2073 1256 2353 1312 subeunda
2379 1259 2614 1314 ascetica
2644 1261 2774 1324 vita.
2809 1263 3132 1335 laboresque
3152 1304 3168 1330 ,
3216 1275 3276 1321 ut
3314 1266 3497 1324 futura

237 1337 623 1410 γινώσκωμεν,
656 1339 768 1393 ἀλλ’
793 1341 879 1409 ἵνα
911 1341 1031 1413 Θεῷ
1051 1342 1230 1407 καλῶς
1261 1343 1665 1416 πολιτευόμενοι
1691 1345 1809 1416 ἀρέ-

1920 1359 2346 1415 praenoscamus,
2373 1349 2466 1404 sed
2492 1361 2552 1404 ut
2572 1351 2842 1421 probitate
2875 1354 3000 1410 vita:
3021 1354 3134 1410 Deo
3162 1357 3494 1426 placeamus.

241 1447 448 1502 σωμεν.
491 1433 756 1503 Εὖχεσθαί
799 1452 860 1487 τε
913 1437 1044 1508 χρὴ,
1076 1437 1174 1507 οὐχ
1214 1437 1300 1489 ἵνα
1331 1435 1809 1508 προγινώσκωμεν,

1922 1433 2199 1492 Orandum
2232 1439 2381 1505 item,
2413 1457 2522 1496 non
2565 1451 2623 1497 ut
2672 1441 2858 1499 futura
2889 1446 3242 1515 praesciamus
3275 1464 3290 1500 :
3321 1464 3496 1520 neque

237 1523 362 1582 οὐδὲ
393 1523 578 1578 τοῦτον
597 1527 694 1598 τῆς
727 1527 1010 1599 ἀσκήσεως
1041 1531 1291 1582 ἀπαιτεῖν
1320 1529 1536 1599 μισθόν·
1589 1529 1704 1584 ἀλλ’
1732 1529 1809 1582 ἵνα

1920 1527 2044 1582 talis
2071 1529 2320 1586 ascetica:
2354 1532 2478 1587 vita:
2508 1535 2834 1603 postulanda
2866 1552 3077 1593 merces
3119 1547 3234 1605 est;
3275 1541 3370 1594 sed
3398 1555 3495 1594 ro-

240 1615 503 1686 συνεργδς
535 1618 666 1687 ἡμῖν
692 1619 772 1680 είς
792 1617 889 1689 τὴν
913 1619 1051 1672 κατὰ
1074 1618 1165 1673 τοῦ
1188 1618 1434 1672 διαϐόλου
1457 1620 1614 1692 νίκην
1651 1622 1680 1673 ὁ
1705 1619 1809 1674 Κύ-

1920 1619 2156 1690 gandum
2191 1632 2249 1676 ut
2279 1623 2440 1679 nobis
2465 1624 2530 1678 ad
2568 1626 2908 1682 referendam
2949 1631 3017 1685 de
3059 1631 3281 1686 diabolo
3324 1639 3498 1688 victo-

234 1723 354 1779 ριος
375 1707 618 1780 γένηται.
659 1710 723 1762 Εἰ
746 1709 802 1763 δὲ
831 1710 978 1775 ἅπαξ
1005 1711 1100 1764 καὶ
1127 1711 1220 1764 τοῦ
1253 1709 1649 1783 προγινώσκειν
1682 1714 1809 1782 ἡμῖν

1920 1710 2056 1763 riam
2082 1709 2300 1780 adiutor
2338 1715 2411 1768 sit
2447 1713 2734 1774 Dominus.
2789 1719 2945 1786 Quod
2980 1724 3027 1777 si
3063 1727 3288 1781 omnino
3333 1725 3497 1782 nobis

234 1774 413 1870 μέλει,
443 1774 833 1872 καθαρεύωμεν
862 1804 928 1872 τῇ
963 1802 1190 1873 διανοίᾳ.
1232 1774 1383 1872 Ἐγὼ⁷
1415 1803 1527 1876 γὰρ
1554 1774 1809 1870 πιστεύω,

1923 1800 2105 1857 futura
2160 1806 2527 1874 prospiciendi
2565 1825 2696 1864 cura
2748 1813 2820 1867 sit
2858 1815 3061 1884 aliqua,
3098 1826 3278 1873 mente
3321 1817 3496 1876 simus

231 1891 318 1946 ὅτι
339 1890 715 1964 καθαρεύουσα
728 1893 840 1964 (15)
869 1893 1013 1966 ψυχὴ
1027 1896 1379 1965 πανταχόθεν.
1401 1897 1647 1952 καὶκατὰ
1661 1899 1809 1966 φύσιν

1920 1907 2077 1962 pura.
2128 1893 2454 1951 Persuasum
2503 1899 2704 1970 quippe
2757 1901 2930 1958 habeo
2982 1905 3220 1959 animam
3269 1906 3494 1961 omnino

230 1980 478 2046 ἑστῶσα,
521 1981 770 2050 δύναται,
811 1983 1090 2056 διορατικὴ
1131 1985 1394 2058 γενομένη
1419 2029 1434 2053 ,
1471 1986 1690 2040 πλείονα
1723 1990 1809 2042 καὶ

1920 1996 2130 2050 puram,
2159 1992 2214 2038 et
2239 1999 2360 2054 qua:
2391 1989 2689 2044 secundum
2725 2000 2977 2048 naturam
3007 1996 3238 2060 steterit,
3282 1998 3494 2067 perspi-

236 2073 552 2145 μακρότερα
586 2073 802 2145 βλέπειν
822 2074 930 2129 τῶν
962 2076 1252 2148 δαιμόνων,
1278 2078 1472 2149 ἔχουσα
1495 2080 1586 2134 τὸν
1608 2081 1809 2134 ἀποκα-

1920 2087 2102 2128 cacem
2130 2074 2265 2139 fore,
2296 2085 2460 2145 atque
2487 2093 2650 2149 posse
2695 2082 2852 2152 plura
2882 2093 2937 2138 et
2977 2088 3272 2142 remotiora
3309 2089 3494 2143 videre

231 2163 506 2219 λύπτοντα
541 2165 744 2237 Κύριον
771 2168 909 2239 αὐτῇ
928 2184 942 2200 ο
975 2168 1062 2222 οἵα
1080 2165 1148 2240 ἦν
1170 2172 1204 2241 ἡ
1233 2171 1327 2224 τοῦ
1368 2171 1672 2226 Ἐλισσαίου
1699 2173 1809 2244 βλέ-

1920 2181 2078 2234 quam
2107 2167 2376 2234 diabolus,
2408 2169 2641 2227 Domino
2680 2173 2783 2243 ipsi
2808 2176 3082 2233 revelante
3119 2197 3132 2233 :
3168 2179 3348 2249 qualis
3378 2190 3495 2234 erat

231 2275 413 2313 πυυσα
445 2258 515 2313 τὰ
536 2259 676 2312 κατὰ
702 2258 813 2330 (16)
845 2261 937 2313 τὸν
964 2261 1150 2331 Γιεζῆ,
1185 2263 1279 2316 καὶ
1320 2262 1504 2334 ὁρῶσα
1532 2264 1630 2328 τὰς
1679 2266 1809 2338 παρ’

1920 2256 2076 2314 Elisei
2129 2275 2284 2315 mens
2309 2301 2325 2328 ,
2373 2277 2495 2331 quae
2519 2279 2608 2318 res
2635 2280 2666 2319 a
2695 2266 2846 2320 Giezi
2878 2279 3058 2338 gestas
3081 2271 3365 2340 conspexit
3401 2273 3447 2304 '°
3473 2312 3490 2338 ,

230 2350 404 2422 αὐτὴν
433 2348 673 2414 ἑστώσας
693 2350 972 2421 δυνάμεις.

1920 2367 2142 2421 quaeque
2168 2354 2304 2407 vidit
2327 2356 2627 2411 exercitum
2667 2373 2734 2414 ex
2767 2375 2868 2415 sua
2898 2373 3054 2431 parte
3083 2372 3314 2418 stantem
3351 2366 3420 2420 τι.

299 2442 390 2496 55.
423 2442 589 2497 Ὅταν
620 2442 801 2496 τοίνυν
836 2444 1030 2508 νυκτὸς
1063 2445 1330 2516 ἐρχωνται
1365 2447 1499 2520 πρὸς
1528 2449 1691 2518 ὑμᾶς,
1719 2450 1812 2504 καὶ

228 2531 425 2588 θέλωσι
455 2532 527 2586 τὰ
560 2533 820 2606 μέλλοντα
854 2535 1056 2602 λαλεῖν,
1085 2537 1117 2607 ἢ
1146 2537 1405 2607 λέγωσιν·
1424 2541 1614 2610 Ἦμεῖς
1644 2541 1810 2610 ὲσμεν

226 2624 282 2675 οἱ
317 2623 567 2692 ἄγγελοι·
609 2623 682 2695 μὴ
700 2623 1018 2696 προσέχετε,
1051 2624 1334 2695 ψεύδονται
1355 2628 1481 2698 γάρ.
1518 2628 1614 2680 Ἂν
1645 2627 1809 2682 δὲκαὶ

227 2713 499 2768 ὲπαινῶσι
526 2715 625 2786 τὴν
659 2715 891 2786 ἄσκησιν
915 2717 1088 2787 ὑμῶν,
1121 2720 1212 2772 καὶ
1236 2720 1606 2790 μακαρίζωσιν
1628 2720 1772 2792 ὑμᾶς
1789 2737 1804 2752 ο

231 2811 372 2880 μήτε
394 2810 712 2875 ὑπακούετε,
740 2809 863 2882 μήθ’
884 2810 1019 2874 ὅλως
1038 2812 1417 2882 προσποιεῖσθε
1433 2813 1652 2877 τούτους
1669 2813 1802 2884 (17)*

230 2902 561 2973 σφραγίζετε
584 2903 640 2955 δὲ
678 2903 876 2972 μᾶλλον
895 2903 1121 2967 ἑαυτοὺς
1153 2904 1245 2958 καὶ
1271 2905 1361 2958 τὸν
1387 2901 1553 2969 οἶκον,
1587 2907 1680 2958 καὶ
1712 2905 1804 2959 εῦ-

227 2994 388 3065 χεσθε
409 3011 423 3026 ο
475 2997 568 3049 καὶ
595 2995 792 3066 ὄψεσθε
824 2997 1020 3059 αὐτοὺς
1071 2995 1166 3050 καὶ
1191 2997 1503 3068 γινομένους
1555 2999 1798 3066 ἀφανεῖςο

1979 2444 2070 2499 55.
2102 2443 2240 2500 Cum
2272 2461 2402 2518 ergo
2434 2459 2596 2504 noctu
2629 2465 2726 2505 vos
2770 2453 3034 2521 adibunt,
3070 2456 3363 2526 volentque
3405 2455 3495 2514 fu-

1912 2545 2033 2591 tura
2061 2537 2230 2607 loqui,
2263 2553 2328 2593 ac
2347 2539 2550 2607 dicent,
2596 2541 2799 2599 Sumus
2820 2547 3035 2614 angeli,
3075 2563 3142 2602 ne
3185 2549 3346 2604 [idem
3389 2551 3494 2607 ha-

1914 2629 2109 2694 beatis,
2169 2632 2509 2687 mentiuntur
2538 2634 2759 2704 quippe.
2823 2635 2880 2690 Si
2927 2641 3222 2694 asceticum
3249 2650 3490 2698 vestrum

1908 2722 2131 2777 laudent
2164 2723 2500 2790 institutum,
2539 2740 2747 2794 vosque
2798 2727 2990 2783 beatos
3035 2732 3448 2799 praedicaverint
3471 2775 3490 2801 ,

1907 2830 1978 2870 ne
2017 2813 2256 2869 audiatis
2304 2830 2424 2882 eos,
2459 2830 2561 2870 nec
2593 2816 2878 2872 advertere
2903 2819 3121 2888 quidem
3147 2822 3441 2878 videamini
3472 2844 3490 2881 :

1905 2906 1999 2962 sed
2019 2907 2202 2976 potius
2229 2905 2513 2975 obsignate
2538 2922 2638 2964 vos
2668 2908 3022 2979 domumque,
3054 2921 3108 2966 et
3168 2915 3491 2982 precamini.

1903 2997 2267 3066 videbitisque
2315 3013 2412 3052 eos
2447 3013 2776 3055 evanescere
2814 3019 2828 3056 :
2863 3002 3039 3056 timidi
3089 3005 3290 3076 quippe
3321 3018 3448 3062 sunt
3475 3048 3490 3072 .

223 3087 392 3144 δειλοὶ
413 3088 522 3159 γάρ
561 3089 686 3154 εἰσι,
734 3088 827 3142 καὶ
863 3087 1004 3142 πάνυ
1037 3086 1324 3156 φοϐοῦνται
1354 3087 1414 3140 τὸ
1455 3091 1678 3158 σημεῖον
1708 3087 1802 3142 τοῦ

1920 3096 1960 3142 at
1979 3088 2194 3159 signum
2221 3088 2520 3144 Dominicaa
2542 3093 2726 3146 crucis
2745 3091 3038 3147 admodum
3063 3097 3491 3164 pertimescunt,

228 3180 513 3253 Κυριακοῦ
555 3180 787 3252 σταυροῦ
806 3197 821 3214 ο
851 3179 1148 3251 ἐπειδήπερ
1182 3181 1238 3232 ὲν
1263 3179 1411 3249 αύτῷ
1434 3177 1651 3243 τούτους
1675 3180 1809 3233 ἀπο-

227 3276 547 3346 δυσάμενος,
579 3272 1072 3344 παρεδειγμάτισεν
1122 3273 1150 3323 ὁ
1180 3271 1391 3342 Σωτήρ.
1455 3270 1580 3323 Ἐὰν
1624 3271 1680 3324 δὲ
1717 3272 1808 3324 καὶ

227 3366 612 3438 ἀναιδέστερον
645 3365 936 3436 στήκωσιν,
979 3363 1360 3436 ὲξορχούμενοι
1411 3362 1505 3416 καὶ
1542 3361 1811 3415 ποικιλλό-

228 3473 385 3528 μενοι
414 3459 535 3520 ταῖς
551 3457 872 3526 φαντασίαις
891 3473 905 3486 ο
943 3455 1016 3526 μὴ
1048 3454 1372 3526 δειλιάσητε,
1399 3453 1531 3525 μηδὲ
1551 3454 1808 3524 πτήξητε,

232 3551 370 3622 μηδὲ
398 3552 474 3617 ὼς
504 3551 690 3614 καλοῖς
721 3553 906 3614 αὐτοῖς
933 3552 1237 3623 προσέχητε
1262 3565 1276 3579 ⁸
1310 3550 1405 3604 καὶ
1437 3550 1546 3622 γὰρ
1566 3551 1665 3621 τὴν
1698 3550 1807 3604 τῶν

226 3642 451 3712 ἀγαθῶν
479 3643 574 3697 καὶ⁸
599 3643 707 3696 τῶν
739 3643 959 3712 φαύλων
986 3642 1286 3712 παρουσίαν
1331 3641 1555 3713 εὐχερὲς
1584 3642 1679 3696 καὶ
1714 3642 1809 3696 δυ-

1914 3179 2008 3233 illo
2028 3179 2228 3250 quippe
2266 3179 2414 3250 ipsos
2437 3179 2690 3237 Salvator
2718 3183 2982 3252 spoliatos
3015 3186 3191 3255 palam
3223 3189 3489 3244 traduxit.

1917 3269 2012 3325 Sin
2045 3271 2340 3328 institerint
2379 3273 2771 3342 impudentius,
2797 3277 3158 3344 exsultantes,
3184 3287 3348 3349 atque
3377 3279 3489 3334 for-

1907 3378 2026 3418 mas
2054 3363 2344 3434 larvasque
2372 3372 2774 3420 commutantes
2799 3406 2814 3431 ,
2853 3384 2921 3422 ne
2959 3369 3145 3423 timete
3168 3385 3268 3424 nec
3289 3378 3483 3426 terrea-

1907 3455 2066 3517 mini,
2095 3469 2229 3510 neve
2263 3453 2394 3524 ipsis
2437 3464 2697 3525 tanquam
2727 3457 2886 3512 bonis
2913 3459 3165 3514 adhibete
3197 3460 3440 3516 animum
3465 3476 3488 3516 :

1907 3545 2174 3601 bonorum
2236 3545 2380 3600 enim
2438 3547 2822 3618 malorumque
2853 3552 3198 3618 praesentiam
3249 3551 3487 3607 interm-

1909 3652 2061 3692 scere
2094 3636 2148 3690 in
2180 3645 2434 3707 promptu
2465 3647 2568 3700 est.
2605 3638 2792 3694 divina
2837 3641 3049 3696 scilicet
3096 3657 3217 3713 ope.
3258 3641 3488 3700 Sancto-

1570 3756 1824 3813 VERSIO
1869 3736 2172 3813 EVAGmi.

225 3851 455 3911 laudat.
487 3867 650 3918 quam
680 3851 774 3922 Dei
803 3860 1089 3906 consecrat
1116 3849 1377 3922 nomine?
1407 3847 1605 3922 Verum
1633 3890 1648 3912 ,
1677 3859 1734 3905 ut
1762 3849 2129 3922 concedamus
2159 3847 2437 3922 paulisper
2465 3863 2592 3902 vera
2613 3848 2892 3922 daemones
2932 3851 3186 3905 nuntiare
3209 3893 3224 3916 .
3257 3867 3486 3922 respon-

226 3923 350 3977 dete
383 3921 514 3975 mihi
539 3923 662 3990 quis
708 3919 919 3976 [ructus
949 3931 1033 3974 est
1065 3936 1227 3974 nosse
1253 3920 1573 3991 venientia?
1604 3921 1850 3988 nunquid
1881 3928 1974 3972 aut
2013 3919 2194 3974 sciens
2227 3919 2339 3991 haec
2369 3918 2664 3991 aliquando
2697 3918 2983 3991 laudatus,
3023 3932 3116 3974 aut
3150 3918 3374 3991 punitus
3401 3933 3486 3979 est

228 3992 528 4046 nesciens?
559 3987 618 4045 ln
649 3993 754 4070 h_oc
796 3993 1172 4070 unusquisque
1201 3989 1300 4070 sibi
1329 3998 1632 4070 prmparat,
1684 3987 1778 4045 seu
1810 3998 2114 4070 tormenta,
2167 4002 2260 4042 seu
2283 3987 2523 4070 7g|_or_iam7
2543 4027 2558 4051 ,
2611 3989 2656 4043 si
2694 3989 2776 4069 vel
2813 3990 3046 4070 negligat
3078 3987 3483 4070 scripturarum

228 4062 487 4116 mandata
511 4103 524 4126 ,
554 4063 636 4116 vel
672 4061 856 4116 faciat.
892 4058 1098 4116 Nullus
1117 4061 1187 4114 ob
1220 4060 1271 4112 id
1295 4058 1544 4115 nostrum
1575 4061 1717 4114 hanc
1743 4059 1974 4130 arripuit
2004 4059 2167 4112 vitam
2187 4099 2204 4124 ,
2241 4067 2301 4112 ut
2333 4058 2530 4112 habeat
2558 4059 2954 4130 pralscientiam
2987 4058 3292 4116 luturorum
3318 4078 3334 4127 ;
3389 4064 3485 4118 sed

227 4133 607 4213 ut_prte¢:eplis
631 4131 855 4213 IDomini
879 4130 1410 4212 obediens,amicus
1436 4145 1560 4185 esse
1591 4130 1813 4210 incipiat
1837 4130 2137 4213 deservo.‘
2185 4196 2198 4209 7
2391 4212 2398 4213 7
2603 4197 2617 4210 ο
2695 4209 2705 4213 _
2883 4207 2894 4213 _
3093 4199 3106 4212 O
3289 4201 3321 4213 Α,

300 4196 391 4256 55.
415 4196 741 4271 Curandum
772 4212 854 4256 est
891 4215 1024 4271 ergo
1053 4217 1157 4253 non
1190 4201 1444 4271 prieseire
1486 4215 1608 4271 qua:
1638 4196 1858 4254 veniant
1880 4198 2013 4271 (18),
2046 4196 2140 4253 sed
2184 4196 2409 4271 implere
2447 4213 2571 4271 qua:
2597 4197 2744 4271 justa
2774 4207 2932 4271 sunt;
2963 4215 3066 4271 nec_
3093 4199 3324 4254 instituti
3355 4201 3484 4257 boni

227 4273 375 4327 hanc
401 4270 648 4352 ﬂagitare
673 4267 979 4352 mercedem
997 4309 1016 4352 ,7
1051 4267 1387 4352 curu7'rnagis
1415 4267 1714 4352 debeamus
1745 4267 2035 4352 uictoriam
2065 4277 2256 4352 contra
2282 4267 2558 4352 diabolum
2593 4269 2660 4322 ab
2694 4270 3016 4350 auxiliatore
3043 4269 3272 4352 Domino
3297 4279 3485 4352 postu-

225 4343 342 4396 lare
366 4360 380 4406 ;
415 4337 509 4397 sed
533 4342 578 4398 si
611 4341 753 4397 forte
777 4341 974 4422 aliquis
1005 4341 1107 4394 hoc
1129 4337 1362 4393 libenter
1387 4340 1641 4422 assumit,
1669 4349 1728 4420 ut
1752 4339 1932 4394 futura
1959 4346 2272 4422 cognoscat,
2307 4337 2516 4422 liabeat7
2532 4354 2725 4407 purum
2755 4353 2850 4393 cor
2869 4356 2882 4404 ;
2901 4340 3216 4422 quia_credo
3243 4337 3483 4422 animam

227 4413 344 4467 Deo
381 4413 704 4467 servientem
730 4453 744 4474 ,
785 4413 830 4467 si
861 4408 914 4466 in
945 4426 1007 4465 ea
1043 4411 1470 4480 perseveraverit
1497 4410 1804 4480 integritate
1831 4425 1940 4479 qua
1972 4417 2100 4463 nata
2127 4418 2252 4475 est,
2290 4408 2413 4478 plus
2444 4409 2587 4464 scire
2628 4424 2789 4478 posse
2819 4425 2982 4480 quam
3014 4411 3289 4467 daemones
3317 4428 3331 4465 :
3361 4412 3484 4468 talis

225 4482 558 4563 erauaui'ma
586 4481 943 4563 E7Iisei,quae
971 4479 1436 4563 aliis_i_ncugnitas
1463 4479 1996 4563 virtutes7vidcbat.__
2072 4551 2083 4563 7
2380 4557 2391 4563 Δ
2758 4549 2770 4561 7
2842 4479 2864 4563 ’7
3164 4550 3178 4563 ἱ
3285 4549 3320 4563 ἢ
3361 4551 3373 4563 7

297 4553 388 4608 35.
426 4550 725 4630 Nunc_jam
765 4548 988 4630 caeteras
1036 4552 1190 4630 vobis
1216 4548 1530 4605 daemonum
1575 4550 1882 4630 esplicabo
1907 4548 2152 4605 fallacias
2180 4548 2420 4630 :.solen_t_,
2457 4556 2619 4630 nocte
2652 4549 2932 4604 venientes
2948 4587 2996 4630 7,7
3025 4550 3247 4630 angelos
3281 4549 3376 4604 Dei
3422 4565 3483 4606 se

226 4624 454 4691 tingere,
487 4617 710 4676 laudare
742 4622 982 4677 studium
1005 4662 1028 4702 ._
1052 4623 1240 4676 mirari
1271 4617 1732 4702 perseverantiam
1758 4661 1774 4685 ,
1810 4620 2000 4702 fut_ura7
2028 4622 2251 4702 praemia
2279 4617 2518 4702 polliceri
2545 4635 2560 4672 :
2587 4633 2727 4702 quos
2754 4635 2878 4674 cum
2911 4617 3193 4702 videritis,
3220 4629 3328 4702 tam
3349 4636 3481 4702 vos,

226 4689 394 4764 quam
429 4693 622 4772 domos
650 4693 1064 4772 vestrascrucis
1097 4689 1306 4745 armate
1334 4693 1615 4772 signaculo
1635 4735 1650 4758 ,
1693 4699 1749 4772 et
1775 4689 2060 4772 confestirii
2088 4689 2453 4772 dissolventur
2474 4689 2552 4772 7iu
2583 4689 2814 4772 nihilum
2844 4707 2858 4744 :
2882 4689 3011 4772 quia
3046 4691 3482 4772 metuunt_7il7l_ud

226 4759 503 4832 tropaeum
524 4831 527 4832 7
548 4762 604 4814 in
653 4777 762 4831 quo
793 4761 1042 4818 Salvator
1079 4776 1273 4816 aereas
1307 4759 1616 4824 exSpolians
1649 4770 1978 4832 potestates,
2009 4776 2102 4816 eas
2144 4759 2272 4832 fecit
2309 4759 2549 4813 ostentui
2583 4777 2596 4813 :
2626 4759 2802 4814 solent
2845 4761 3006 4813 etiam
3038 4761 3204 4816 variis
3236 4761 3482 4816 saltatio-

230 4829 398 4888 nibus
427 4831 539 4902 (19)
574 4829 817 4886 membra
848 4844 1102 4901 torquere
1123 4871 1139 4896 ,
1169 4841 1223 4902 et
1255 4833 1458 4886 nostris
1488 4829 1792 4902 procaciter
1823 4829 2111 4902 oﬂ‘errese
2138 4829 2368 4902 visibus,
2389 4837 2457 4902 _ut
2481 4839 2715 4902 ruentem
2751 4845 2951 4899 pavore
2964 4870 2995 4902 7,_
3016 4846 3235 4902 7ccirpus
3259 4832 3483 4886 horrore

226 4896 545 4959 concutiant
574 4920 588 4956 :
613 4903 707 4956 sed
735 4911 790 4957 et
817 4903 870 4957 in
903 4896 1169 4982 lioc7l‘ides
1188 4901 1303 4982 _Deo
1333 4911 1447 4956 tuta
1477 4896 1636 4982 fugat
1650 4917 1749 4957 eos
1775 4901 1933 4982 quasi
1962 4899 2459 4982 infirmaludibri‘a.
2491 4896 2606 4982 Non
2635 4908 2720 4953 est
2742 4896 2923 4982 autem
2947 4896 3178 4954 dillicilis
3210 4901 3480 4982 bouorum

227 4975 522 5051 spirituum
575 4973 949 5042 malorumque
982 4973 1277 5051 discretio,
1314 4987 1438 5042 quas
1479 4967 1564 5051 sic
1600 4971 1712 5026 Deo
1745 4967 2016 5051 tribuente
2054 4969 2332 5051 panditur.
2395 4967 2730 5051 Sanctorum
2771 4970 3085 5051 angelorum
3129 4971 3380 5026 amabilis
3427 4988 3482 5031 et

225 5041 556 5112 tranquillus
585 5052 838 5112 aspectus
862 5041 944 5098 est
965 5087 979 5108 ,
1011 5044 1137 5112 quia
1173 5058 1280 5096 non
1320 5041 1647 5098 contendent
1681 5057 1855 5112 neque
1885 5041 2200 5096 clamabunt
2223 5041 2358 5111 (20),
2405 5054 2580 5108 neque
2610 5041 2789 5093 audiet
2814 5041 3011 5109 aliquis
3036 5055 3218 5096 vocem
3246 5057 3432 5094 eorum
3466 5069 3480 5103 ε

299 5138 344 5169 ⁷⁸
372 5134 440 5189 ιν
472 5135 604 5207 Reg.
640 5153 695 5198 v,
729 5136 818 5190 26.
894 5137 940 5167 τί
967 5134 1035 5189 IV
1069 5135 1202 5205 Reg.
1231 5151 1310 5202 v1,
1337 5135 1424 5188 17.

298 5225 413 5308 (lat)
447 5224 538 5280 Sic
567 5225 788 5308 Reg},
819 5238 874 5283 et
897 5227 1135 5283 Colbert.
1160 5227 1214 5280 2.
1244 5225 1389 5292 Hac,
1416 5226 1536 5280 οὐδὲ
1564 5226 1651 5279 διὰ
1675 5225 1804 5280 ταῦ·
1839 5231 1886 5290 D
1911 5229 2037 5282 dum
2065 5235 2277 5308 estnon
2307 5225 2696 5308 prgscfregum
2731 5227 2964 5308 pergunt.
2997 5225 3166 5308 Paulo
3205 5236 3328 5308 post
3360 5241 3482 5308 uia-

221 5294 320 5358 m,
345 5294 542 5350 desunt
574 5297 627 5350 in
654 5294 783 5351 edit.
1016 5363 1043 5366 _
1491 5365 1495 5366 7
1914 5297 2197 5366 nuscripti,
2229 5313 2318 5349 nec
2359 5297 2590 5366 instituti
2621 5296 2762 5349 boni.
2805 5294 3116 5358 Bollandus,
3148 5312 3238 5348 nec
3265 5297 3484 5366 institu-

295 5366 411 5438 (15)
441 5365 753 5438 (ξριὺςηχί,
781 5366 816 5420 2
847 5367 903 5428 5,
936 5363 1146 5438 etReg.
1175 5367 1232 5438 2,
1262 5365 1668 5438 καθαρεύσασα.
1693 5435 1724 5438 __
1760 5437 1765 5438 7

1920 5363 2145 5438 tionibus
2180 5367 2348 5420 bouis.
2385 5365 2529 5421 Infra
2571 5380 2762 5419 omnes
2812 5367 3205 5437 manuscripti,
3235 5365 3480 5421 assumit.

297 5432 412 5516 (tu)
440 5432 531 5516 Si_c
562 5432 1170 5516 Regiussecundusjet
1197 5432 1438 5516 Colbert'.
1467 5435 1518 5516 εί
1553 5435 1610 5516 In
1644 5435 1801 5516 editis
1911 5437 2223 5516 Bollandus,
2257 5445 2513 5516 assumat.
2559 5505 2590 5516 77
2659 5505 2695 5516 _
2734 5505 2767 5516 __
2863 5505 2877 5516 _
3093 5432 3110 5437 ’
3191 5432 3228 5516 '7
3328 5503 3341 5516 7
3389 5504 3420 5516 77

222 5517 280 5563 et
308 5505 526 5578 aliisgd
555 5503 699 5578 κατά
725 5509 896 5561 deest.
925 5506 1049 5578 mox
1081 5508 1266 5570 iidem,
1296 5509 1424 5578 περὶ
1459 5507 1650 5576 αὐτήν,
1676 5506 1798 5578 soli.
1983 5511 1998 5574 (
2010 5507 2092 5578 I9)
2119 5507 2196 5561 lia
2239 5505 2614 5574 manuscripti.
2656 5505 2950 5564 Bollandus
2988 5521 3138 5571 vero,
3181 5503 3481 5561 simulatio-

299 5575 413 5646 (i'l)
442 5575 761 5646 Sic77Regius
797 5576 1070 5632 secundus
1094 5588 1148 5632 et
1175 5575 1471 5632 (lolber'tin.
1508 5575 1796 5631 seeiiridus.

226 5644 373 5708 Ed‘iti
393 5644 456 5699 et
494 5645 609 5711 alii,
639 5647 868 5710 τούτοις.

299 5715 405 5788 (18³
439 5713 530 5771 Sic
563 5730 699 5772 mss.
736 5715 850 5774 fere
877 5730 1087 5778 omnes.
1116 5714 1407 5774 Bollandus
1433 5731 1578 5783 vero,
1609 5732 1800 5770 cui-auo

1912 5578 2091 5718 ""333
2121 5647 2193 5701 Ita
2223 5660 2412 5701 omnes
2442 5647 2818 5718 inanuscripti.
2837 5645 3124 5706 Bollandus
3148 5654 3349 5712 autem,
3376 5658 3484 5706 ut!

1910 5716 2250 5785 contendunt,
2287 5731 2445 5786 neque
2469 5716 2722 5781 clamant.
