3824 6224
262 311 375 369 897

1622 314 1788 371 VITA
1828 316 1890 372 S.
1932 316 2234 373 ΑΝΤΟΝΙΙ.

3420 320 3529 378 898

257 429 360 483 καὶ
407 430 436 483 6
477 427 750 500 Ἰωάννης,
784 428 1082 501 γενομένης
1118 430 1305 503 φωνῆς
1347 431 1498 506 παρὰ
1536 434 1636 506 τῆς
1658 434 1827 490 Θεοτό

1952 436 2141 493 videns
2165 434 2457 491 exsultavit
2482 434 2561 490 "z
2587 432 2668 490 sic
2692 433 2933 491 Joannes
2958 435 3099 491 edita
3126 452 3157 492 a
3178 435 3405 509 Deipara
3426 438 3533 496 Ma-

263 538 365 574 κου
414 520 527 591 (27)
574 521 815 592 Μαρίας,
850 523 1173 595 ἐσκίρτησεν
1225 525 1284 578 ὲν
1341 524 1678 594 ἀγαλλιάσει.
1721 527 1847 583 Ἐὰν

259 616 321 671 δὲ
374 615 649 683 φανέντων
691 616 854 671 τινῶν
914 618 1130 689 ταραχὴ
1177 618 1434 690 γένηται,
1486 620 1581 673 καὶ
1641 620 1846 686 κτύπος

261 708 486 775 ἔξωθεν,
520 708 613 761 καὶ
636 708 904 777 φαντασία
932 708 1192 780 κοσμικὴ,
1231 710 1323 763 καὶ
1354 712 1553 783 ἀπειλὴ
1587 710 1841 779 θανάτου,

261 800 358 854 καὶ
387 801 491 855 ὅσα
521 803 801 873 προεῖποψ
857 801 1156 871 γινώσκετε
1205 802 1289 861 ὅτι
1345 805 1562 874 φαύλων
1609 808 1757 860 ἐστὶν
1808 809 1843 879 ἠ

255 892 469 962 ἔφοδος.

328 982 419 1036 '57.
458 983 567 1036 Kal
592 981 702 1053 γὰρ
756 983 851 1036 καὶ
891 982 1049 1037 τοῦτο
1086 984 1376 1057 γνώρισμα
1405 988 1534 1058 ὑμῖν
1582 987 1740 1042 ἔστωο
1764 989 1842 1044 ὅτ’

256 1074 328 1128 ἂν
356 1073 535 1127 τοίνυν
588 1073 700 1144 (28)
748 1076 983 1148 ἐπιμένῃ
1012 1076 1262 1133 δειλιῶσα
1310 1081 1345 1149 ἡ
1374 1078 1540 1149 ψυχὴ,
1571 1080 1844 1152 παρουσία

254 1165 368 1220 τῶν
389 1165 599 1237 ἐχθρῶν
622 1167 795 1219 ἐστιν.
831 1167 905 1220 Οὐ
937 1168 1045 1239 γὰρ
1073 1168 1436 1241 ἀφαιροῦνται
1492 1171 1592 1242 τὴν
1643 1171 1842 1227 δειλίαν

255 1257 366 1310 τῶν
387 1256 646 1313 τοιούτων
674 1259 723 1311 οἱ
755 1257 1028 1328 δαίμονες,
1059 1257 1249 1330 ὥσπερ
1278 1260 1580 1331 πεποίηκεν
1611 1262 1640 1314 6
1670 1261 1843 1332 μέγας

254 1348 600 1420 ἀρχάγγελος
634 1349 877 1422 Γαϐριὴλ
911 1353 978 1421 τῇ
1013 1351 1202 1423 Μαρίᾳ
1222 1352 1314 1406 καὶ
1340 1351 1422 1423 τῷ
1446 1353 1710 1425 Ζαχαρία,
1748 1355 1842 1408 καὶ

253 1442 285 1493 6
316 1442 505 1509 φανεὶς
535 1445 593 1495 ἐν
618 1440 698 1511 τῷ
731 1443 984 1513 μνημείῳ
1015 1446 1139 1507 ταῖς
1174 1444 1440 1513 γυναιξίν·
1470 1443 1605 1499 ἀλλὰ
1638 1445 1841 1516 μᾶλλον

251 1530 384 1585 ὅταν
414 1531 561 1586 ἴδωσι
595 1533 926 1599 δειλιῶντας,
959 1533 1251 1600 αὑξάνουσι
1280 1535 1377 1600 τὰς
1406 1537 1724 1606 φαντασίας,
1753 1538 1841 1592 ἵνα

254 1625 522 1694 μειζόνως
554 1626 752 1690 αὐτοὺς
784 1627 1194 1702 καταπτήξωσι·
1241 1629 1335 1682 καὶ
1384 1628 1569 1685 λοιπὸν
1615 1630 1841 1686 ἐπιϐάν-

248 1730 368 1782 τες,
401 1718 777 1789 προσπαίζωσι
815 1719 1084 1791 λέγοντες*
1109 1720 1373 1784 Πεσὸντες
1404 1723 1836 1794 προσκυνήσατε.

1946 529 2029 584 ria
2054 544 2186 584 voce
2217 529 2511 584 exsultavit
2551 528 2793 601 gaudens
2828 530 2897 583 ".
2931 527 3088 595 Quod
3117 530 3165 585 si
3199 532 3533 598 quibusdam

1947 618 2354 689 apparentibus,
2412 619 2678 673 tumultus
2739 618 2852 682 liat,
2921 628 3183 675 externus
3244 623 3528 692 strepitus,

1946 708 2256 765 mundanus
2277 718 2590 780 apparatus,
2622 720 2799 765 metus
2828 710 3019 766 mortis
3048 720 3101 767 et
3129 727 3261 783 quae,
3276 713 3530 791 superius

1946 800 2081 867 dixi,
2106 801 2295 857 scitote
2328 802 2598 856 malorum
2624 817 2748 856 esse
2776 801 3088 859 adventum.

2014 976 2103 1032 57.
2136 976 2201 1031 Et
2234 978 2337 1033 hoc
2359 976 2486 1031 item
2511 976 2665 1031 vobis
2686 976 2889 1033 indicio
2913 978 3002 1032 sit.
3036 977 3094 1032 Si
3123 977 3307 1034 anima
3336 978 3524 1037 timida

1943 1079 2270 1141 perseveret,
2297 1069 2643 1124 inimicorum
2672 1079 2755 1124 est
2797 1070 3125 1139 praesentia:
3180 1086 3524 1141 nequaquam

1943 1164 2087 1221 enim
2117 1164 2391 1219 daemones
2415 1171 2616 1218 metum
2641 1162 2916 1228 auferunt,
2937 1172 2995 1217 ut
3024 1163 3271 1231 praestitit
3294 1180 3525 1235 magnus

1944 1257 2305 1327 archangelus
2322 1254 2537 1311 Gabriel
2557 1254 2725 1327 658
2746 1254 2926 1309 Mariae
2948 1266 3000 1309 et
3027 1254 3326 1317 Zachariae,
3350 1263 3405 1312 et
3429 1257 3526 1327 qui

1943 1350 1999 1403 in
2032 1355 2389 1402 monumento
2445 1349 2717 1415 apparuit,
2774 1346 3125 1412 mulieribus;
3162 1347 3296 1417 quin
3341 1350 3525 1416 potius

1943 1441 1989 1496 si
2016 1439 2436 1496 reformidantes
2472 1447 2720 1500 cernant,
2754 1438 3070 1508 phantasias
3093 1439 3383 1509 adaugent,
3408 1456 3525 1495 ma-

1939 1533 2113 1604 jorem
2148 1541 2207 1587 ut
2234 1532 2501 1587 incutiant
2538 1540 2823 1597 terrorem,
2876 1540 3039 1601 atque
3088 1532 3263 1586 adorti
3304 1532 3525 1587 demum

1941 1624 2205 1679 irrideant
2265 1624 2547 1680 dicentes:
2575 1622 2839 1678 Prostrati
2891 1623 3133 1679 adorato.
3189 1625 3269 1679 lta
3298 1625 3526 1696 gentiles

1940 1716 2270 1785 deceperunt
2300 1734 2314 1769 :
2357 1716 2438 1771 sic
2466 1716 2536 1770 ab
2578 1715 2686 1771 illis
2716 1714 2852 1771 false
2895 1715 2974 1771 dii
3011 1715 3183 1770 habiti
3237 1726 3384 1772 sunt.
3411 1716 3531 1773 Nos

250 1810 397 1874 Τοὺς
427 1810 524 1881 μὲν
548 1806 641 1866 οὖν
675 1810 943 1882 ’Έλληνας
985 1812 1160 1877 οὕτως
1192 1813 1500 1885 ἠπάτησαν·
1538 1812 1710 1878 οὕτως
1730 1813 1827 1887 γὰρ

1943 1822 2071 1862 vero
2094 1806 2357 1863 Dominus
2379 1822 2487 1862 non
2518 1808 2647 1862 sivit
2672 1823 2702 1861 a
2729 1808 2946 1863 diabolo
2970 1810 3379 1873 circumveniri,
3397 1824 3527 1866 cum

251 1902 623 1973 ἐνομίσθησαν
680 1903 811 1975 παρ’
859 1903 1043 1969 αὐτοῖς
1107 1904 1219 1976 (29)
1292 1904 1632 1977 ψευδώνυμοι
1702 1905 1836 1959 θεοί·

249 1995 404 2065 ἡμᾶς
433 1993 490 2047 δὲ
546 1995 647 2048 οὐκ
689 1994 902 2065 ἀφῆκεν
962 1998 992 2049 6
1027 1995 1231 2068 Κύριος
1287 1997 1634 2069 ἀπατηθῆναι
1686 1998 1837 2069 παρὰ

248 2084 350 2139 τοῦ
370 2084 636 2150 διαϐόλου,
668 2087 907 2157 ὁπηνίκα
950 2086 1050 2151 τὰς
1090 2087 1346 2152 τοιαύτας
1400 2087 1549 2159 αὑτῷ
1593 2089 1836 2145 ποιοῦντι

249 2178 558 2247 φαντασίας
607 2177 875 2249 ἐπιτιμῶν
934 2179 1175 2251 εἴρηκεν·
1209 2180 1425 2249 Ὕπαγε
1470 2181 1662 2234 ὀπίσω
1690 2197 1834 2249 μου,

250 2268 516 2325 Σατανᾶν
552 2272 877 2341 τέτραπται
922 2273 1054 2343 γάρ·
1104 2273 1325 2341 Κύριον
1358 2272 1467 2326 τὸν
1504 2261 1677 2326 ’Θεόν
1715 2286 1833 2327 σου

247 2362 738 2431 προσκυνήσεις,
794 2364 897 2419 καὶ
971 2363 1132 2431 αὐτῷ
1215 2366 1384 2434 μὸνφ
1462 2365 1837 2432 λατρεύσεις.

249 2452 470 2507 Μᾶλλον
490 2450 586 2510 οὖν
609 2457 705 2510 καὶ
749 2457 949 2528 μᾶλλον
992 2460 1020 2513 6
1053 2457 1359 2529 πανοῦργος
1397 2455 1485 2510 διὰ
1520 2456 1693 2510 ταῦτα
1725 2456 1839 2529 (30)

248 2548 701 2619 καταφρονείσθω
727 2550 858 2622 παρ’
891 2548 1072 2621 ήμῶνσ
1107 2550 1135 2603 ὃ
1157 2549 1269 2620 γὰρ
1302 2548 1525 2620 εἴρηκεν
1557 2550 1586 2603 6
1614 2548 1839 2619 Κύριος,

1942 1898 2214 1954 similibus
2244 1899 2550 1969 phantasiis
2571 1913 2630 1954 se
2659 1900 3059 1970 aggredientem
3108 1900 3410 1971 increpavit
3438 1900 3523 1956 his

1940 1989 2122 2044 verbis
2155 2008 2169 2045 :
2210 1988 2354 2044 Vade
2385 1999 2525 2044 retro
2558 2006 2659 2057 me,
2678 1988 2887 2046 Satana
2910 2033 2925 2058 ,
2950 1995 3207 2064 scriptum
3234 2002 3312 2048 est
3336 1994 3475 2048 enim
3498 2008 3521 2048 :

1939 2080 2227 2136 Dominum
2244 2082 2404 2136 Deum
2432 2091 2581 2136 tuum
2605 2082 2875 2147 adorabis,
2906 2095 2956 2138 et
2978 2084 3061 2138 illi
3093 2085 3194 2140 soli
3224 2085 3415 2140 servin
3447 2085 3519 2140 ".

1939 2172 2283 2245 Quapropter
2312 2174 2486 2245 magis
2519 2175 2803 2246 magisque
2850 2176 3151 2246 versipellis
3204 2178 3307 2233 iste
3329 2178 3518 2249 despi-

1937 2267 2116 2322 ciatur
2145 2282 2176 2321 a
2200 2267 2376 2322 nobis.
2418 2265 2577 2332 Quod
2615 2268 2762 2323 enim
2791 2268 2871 2322 illi
2910 2269 3026 2323 haec
3063 2267 3331 2324 Dominus
3356 2270 3517 2335 dixit,

1937 2358 1991 2415 id
2012 2358 2184 2414 nostri
2212 2374 2379 2414 causa
2414 2357 2619 2415 factum
2674 2370 2758 2417 est
2788 2402 2804 2428 ,
2863 2369 2925 2416 ut
2975 2360 3077 2416 has
3098 2374 3262 2416 voces
3288 2376 3319 2415 a
3359 2362 3521 2417 nobis

1940 2452 2071 2507 itan
2097 2451 2383 2508 audientes
2442 2454 2721 2510 daemones
2778 2461 3381 2525 evertantur,proptor
3411 2452 3518 2509 Do-

1939 2546 2149 2600 minum
2167 2545 2260 2616 qui
2289 2560 2386 2600 eos
2409 2546 2545 2616 ipsis
2575 2546 2893 2617 increpavit.

246 2637 410 2692 τοῦτο
469 2638 607 2710 ὑπὲρ
653 2639 809 2710 ἡμῶν
857 2638 1173 2711 πεποίηκεν·
1220 2638 1307 2693 ἵνα
1370 2638 1462 2693 καί
1521 2639 1651 2710 παρ’
1695 2636 1851 2709 ἡμῶν
1910 2634 2202 2698 ἀκούοντες
2254 2636 2306 2688 oi.
2358 2633 2614 2706 δαίμονες
2679 2635 2781 2701 τὰς
2829 2636 3086 2700 τοιαύτας
3135 2634 3324 2707 φωνὰς
3384 2635 3521 2690 ἁνα-

244 2730 562 2803 τρέπωνται
598 2730 687 2784 διὰ
737 2731 828 2784 τὸν
869 2729 1089 2802 Κύριον,
1150 2728 1241 2782 τὸν
1292 2729 1351 2781 ὲν
1388 2728 1614 2791 ταύταις
1645 2727 1829 2790 αὐτοῖς
1865 2726 2287 2797 ἐπιτιμήσαντα.

320 2820 411 2875 38.
461 2820 535 2874 υύ
587 2820 668 2873 δεῖ
703 2818 760 2872 δὲ
790 2820 884 2874 ἐπὶ
906 2818 987 2890 τῷ
1017 2818 1273 2889 δαίμονας
1314 2816 1596 2873 ἐκϐάλλειν
1626 2817 1837 2888 καυχᾶ-

2012 2814 2103 2871 58.
2128 2814 2317 2885 Neque
2346 2830 2513 2887 porro
2573 2816 2731 2874 decet
2781 2815 3175 2887 ejiciendorum
3206 2815 3522 2875 daemonum

247 2912 398 2978 σθαι,
422 2912 532 2966 οὐδ’
554 2914 648 2965 ὲπι
686 2915 807 2976 ταῖς
840 2910 1161 2985 θεραπείαις
1206 2912 1553 2984 ἐπαίρεσθαι·
1598 2912 1720 2967 οὐδὲ
1739 2912 1827 2966 τὸν

1943 2907 2137 2965 virtute
2164 2908 2405 2980 gloriari,
2440 2924 2620 2980 neque
2646 2909 2715 2965 de
2771 2909 3089 2965 morborum
3140 2911 3525 2968 curationibus

250 3004 352 3075 μὲν
392 3002 718 3059 ὲκὸἀλλοντα
738 2981 990 3074 δαιμόνια
1037 2981 1352 3073 θαυμάζειν-
1396 3001 1576 3073 μόνον,
1640 3002 1731 3055 τὸν
1777 3000 1827 3056 δὲ

1943 3002 2124 3057 extolli
2156 3019 2173 3070 ;
2212 3018 2313 3059 nec
2335 3018 2461 3058 eum
2496 3006 2590 3074 qui
2616 3002 2884 3059 daemonia
2913 3002 3063 3073 ejicit
3086 3003 3370 3068 admirari,
3392 3018 3517 3059 eum

250 3094 329 3165 μὴ
367 3092 697 3147 ἐκϐάλλοντα
760 3091 1080 3157 ὲξουθενείψ
1124 3091 1355 3146 ἑκάστου
1388 3090 1445 3144 δὲ
1476 3091 1575 3163 τὴν
1603 3090 1835 3163 ἄσκησιν

247 3184 715 3257 καταμανθανέτω
761 3202 866 3249 τις,
902 3185 998 3239 καὶ
1046 3185 1081 3255 ἦ
1142 3182 1415 3254 μιμείσθω
1440 3183 1534 3238 καὶ
1566 3182 1831 3254 ζηλούτω,

245 3279 282 3349 ἢ
311 3277 424 3349 (51)
457 3276 804 3348 διορθούσθω.
837 3278 911 3331 Τὸ
960 3276 1068 3347 γὰρ
1090 3279 1261 3331 ποιεῖν
1288 3278 1491 3347 σημεῖα
1531 3273 1827 3347 οὐχήμῶΨ

243 3371 408 3425 τοῦτο
438 3372 687 3444 Σωτῆρος
709 3369 821 3442 (5'2)
847 3367 1009 3442 ἔργον
1062 3368 1201 3421 ἐστί·
1232 3370 1345 3432 τοῖς
1374 3367 1503 3436 γοῦν
1559 3365 1830 3435 μαθηταῖς

243 3463 422 3533 ἔλεγε·
477 3461 573 3532 Μὴ
610 3461 866 3531 χαίρετε,
920 3459 1012 3514 ὅτι
1047 3458 1122 3513 τὰ
1146 3456 1423 3528 δαιμόνια
1473 3455 1617 3525 ὑμῖν
1678 3458 1830 3512 ὐπο-

242 3555 555 3613 τάσσεταν
581 3554 719 3610 ἀλλ’
758 3552 849 3608 ὅτι
875 3554 948 3607 τὰ
983 3551 1246 3620 ὀνόματα
1295 3548 1464 3619 ὑμῶν
1511 3546 1834 3617 γέγραπται

243 3650 317 3703 ἑν
336 3648 465 3715 τοῖς
488 3645 786 3716 οὐρανοῖς,
817 3645 893 3698 Τὸ
922 3645 1021 3717 μὲν
1042 3644 1153 3714 γὰρ
1179 3644 1239 3696 ὲν
1266 3639 1478 3712 ούρανῷ
1526 3637 1834 3712 γεγράφθαι

1938 3094 2034 3164 qui
2075 3109 2184 3149 non
2209 3094 2697 3165 ejicitdespicere;
2734 3095 2829 3151 sed
2872 3095 3216 3166 singulorum
3251 3096 3518 3151 exercita-

1937 3186 2142 3240 tionem
2173 3188 2352 3257 quivis
2372 3188 2598 3252 ediscat,
2625 3197 2680 3242 et
2708 3188 2791 3242 vel
2815 3188 3062 3243 imitetur
3098 3188 3519 3259 :emuleturque,

1935 3273 2022 3326 vel
2046 3273 2302 3344 corrigat.
2333 3272 2470 3329 Nam
2520 3276 2675 3346 signa
2734 3274 2936 3341 facere,
2960 3292 3070 3331 non
3103 3287 3376 3341 nostrum,
3420 3277 3516 3333 sed

1937 3363 2236 3421 Salvatoris
2264 3370 2404 3437 opus
2439 3376 2566 3421 est:
2616 3382 2788 3437 quare
2824 3366 3110 3438 discipulis
3156 3368 3233 3422 ait
3266 3387 3280 3423 :
3332 3366 3519 3425 Nolite

1932 3457 2161 3528 gaudere
2192 3460 2318 3528 quia
2349 3459 2572 3528 spiritus
2627 3458 2771 3512 vobis
2826 3460 3188 3530 subjiciuntur
3222 3501 3238 3526 ,
3293 3460 3518 3530 gaudete

1931 3557 2111 3603 autem
2142 3550 2282 3620 quod
2324 3552 2541 3606 nomina
2570 3560 2744 3605 uestra
2771 3552 2974 3620 scripta
3005 3559 3131 3606 sunt
3178 3552 3233 3605 in
3265 3553 3409 3606 ccli:
3442 3553 3513 3609 ⁷⁸.

1935 3641 2071 3696 Nam
2092 3642 2240 3712 quod
2271 3642 2488 3699 nomina
2524 3651 2711 3699 nostra
2730 3643 2787 3698 in
2816 3643 2970 3700 cmlis
2995 3642 3198 3714 scripta
3240 3644 3371 3708 sint.
3404 3644 3516 3699 vir-

1600 3775 1854 3832 VERSIO
1892 3774 2202 3834 EVAGRII.

244 3895 372 3937 cum
403 3877 626 3933 Mariam
651 3878 1031 3949 supervenisse.
1058 3877 1307 3940 sentiret,
1327 3890 1449 3946 qua:
1473 3875 1529 3929 in
1561 3888 1722 3930 sacro
1742 3873 1946 3930 ventris
1969 3873 2205 3945 hospitio
2227 3875 2598 3933 universitatis
2628 3876 2875 3948 gestabat
2901 3879 3514 3949 parentem,exsultavit

246 3953 479 4007 necdum
516 3959 676 4003 natus
700 3947 753 4003 in
780 3947 1061 4018 gaudium.

315 4020 550 4093 5].Sin_
568 4031 748 4074 autem
782 4013 1168 4093 (55)__incussa
1197 4016 1432 4093 formido
1462 4016 1845 4093 permanserit.
1875 4013 2052 4093 hostis
2077 4023 2161 4070 est
2216 4018 2309 4088 qui
2344 4017 2597 4093 videtur:
2647 4018 2908 4093 quoniam
2942 4034 3044 4075 nec
3077 4017 3319 4093 refovere
3338 4020 3509 4088 novit,

242 4099 304 4146 ut
335 4090 554 4147 Gabriel
580 4086 865 4159 paventem
887 4086 1184 4162 'Virginem
1216 4104 1284 4162 ne
1312 4090 1518 4162 timeat,
1551 4087 1734 4162 jubet,
1777 4095 1830 4162 e_t
1859 4086 2021 4141 sicuti
2056 4086 2301 4162 pastores
2355 4090 2547 4162 nuntio
2585 4086 2853 4150 consolati
2897 4099 3075 4162 sunt:
3115 4091 3247 4159 quin
3281 4093 3393 4147 imo
3418 4086 3514 4162 pa;

240 4177 429 4217 vorem
457 4156 718 4231 duplicat,
740 4170 795 4215 et
804 4175 988 4232 usque
1003 4156 1087 4232 ad
1118 4159 1443 4232 profundam
1475 4158 1769 4232 impietatis
1792 4156 2027 4232 foveam,
2059 4167 2119 4211 ut
2160 4157 2261 4213 sibi
2290 4159 2541 4232 homines
2574 4171 3017 4232 prosternamur,
3039 4156 3284 4230 impellit.
3305 4156 3512 4218 Exinde

239 4233 440 4288 misera
469 4228 763 4301 gentilitas,
799 4228 1523 4285 Dominiceeinterdictionis
1569 4229 1776 4301 ignara,
1800 4228 1940 4282 falso
1956 4231 2248 4301 daemones
2274 4228 2655 4301 deosAopinata
2697 4244 2801 4290 est.
2849 4228 3294 4288 Christianorum
3327 4242 3510 4289 autem

240 4296 587 4372 pepulos'his
621 4301 852 4357 fallaciis
886 4303 1085 4356 irretiri
1112 4316 1220 4355 non
1246 4315 1441 4373 passus
1469 4310 1553 4373 e_s_t
1578 4296 1971 4373 Dominus,qui
2005 4299 2283 4373 diabolum
2312 4300 2369 4354 in
2392 4296 2689 4373 Evangelia
2716 4307 2976 4361 audacter
3004 4303 3107 4358 sibi
3139 4304 3509 4373 principatum

236 4368 485 4427 omnium
522 4380 936 4442 praesumentem
975 4373 1193 4442 repulit,
1219 4368 1406 4425 dicens
1444 4387 1457 4442 ι
1502 4368 1643 4422 Vade
1696 4378 1859 4442 retro,
1899 4368 2129 4442 Satana,
2174 4372 2434 4440 scriptum
2488 4368 2573 4427 est
2592 4377 2733 4429 enim
2768 4392 2786 4430 :
2831 4374 3112 4430 Dominum
3139 4368 3337 4427 Ὧειιηί
3361 4383 3511 4427 tuum

238 4439 594 4519 adorabisfet
618 4442 702 4519 illi
725 4443 827 4519 soli
856 4439 1067 4496 servies.
1102 4441 1308 4495 Horum
1331 4441 1640 4519 Averborum
1670 4439 1839 4519 etia_m_
1869 4441 2028 4495 nobis
2057 4439 2289 4519 licentia
2327 4451 2413 4519 c_s_t
2463 4444 2707 4515 tributa;
2746 4447 2877 4519 quia
2909 4446 3117 4502 idcirco
3166 4444 3381 4499 locutus
3425 4453 3511 4499 est

237 4514 395 4576 talia,
428 4523 485 4567 ut
512 4514 812 4569 similitudo
835 4521 1296 4567 tentamentorum
1316 4510 1574 4565 Auctoris
1608 4510 1780 4565 nostri
1815 4509 2160 4580 frangeretur
2189 4512 2446 4580 eloquiis.

314 4583 566 4657 58._lllud
594 4598 831 4657 quoque,
860 4585 964 4638 mei
997 4582 1330 4657 cbarissimi,
1349 4580 1650 4657 admoneo,
1685 4589 1743 4634 ut
1769 4581 1890 4635 vitae
1915 4581 2091 4657 magis
2121 4581 2201 4657 s_it_
2222 4581 2400 4644 vobis,
2439 4599 2603 4657 quam
2631 4586 2914 4657 signorum
2941 4584 3252 4641 sollicitudo
3279 4602 3293 4639 ε
3324 4582 3510 4638 nullus

234 4670 307 4709 ex
339 4655 492 4709 vobis
522 4651 637 4709 haec
661 4651 890 4720 faciens,
924 4662 1017 4725 aut
1040 4655 1155 4725 ipse
1181 4651 1812 4725 superbia‘intunieshcat,
1848 4658 1946 4725 aut
1997 4652 2266 4725 despiciat
2312 4666 2408 4707 eos
2434 4651 2528 4724 qui
2556 4651 2735 4712 facere
2795 4673 2905 4710 non
2938 4664 3190 4725 possunt,
3216 4668 3511 4710 conversa-

236 4727 442 4780 tionem
469 4724 995 4795 magis_scrutamiui
1016 4720 1365 4795 singulorum
1405 4740 1418 4776 :
1447 4722 1503 4775 in
1534 4722 1637 4776 hac
1686 4720 1796 4793 ('54)
1830 4730 1887 4795 et
1932 4720 2147 4795 imitari
2182 4737 2281 4795 vos
2314 4720 2711 4795 qure'perfecta
2758 4736 2887 4782 sunt
2908 4720 3164 4781 convenit
3201 4734 3256 4778 et
3285 4725 3508 4795 implere

235 4810 362 4865 qua:
398 4791 615 4850 desunt.
643 4792 781 4849 Nam
820 4795 976 4865 signa
1006 4791 1186 4849 facere
1214 4807 1325 4847 non
1348 4800 1435 4847 est
1464 4802 1667 4846 nostra:
1691 4791 1999 4862 parvitatis,
2056 4792 2151 4847 sed
2191 4791 2413 4848 Domini
2469 4791 2780 4864 potestatis,
2835 4797 2931 4866 qui
2961 4797 3030 4851 ad
3057 4791 3508 4866 discipulos—glo-

304 4912 353 4943 '°
382 4909 541 4967 Joan.
571 4927 691 4979 vun,
722 4911 812 4967 56.

911 4911 956 4944 ἠ
984 4908 1119 4965 Luc.
1156 4926 1197 4978 ι,
1227 4907 1321 4964 ιι.
1396 4907 1441 4941 ⁷⁸
1468 4904 1659 4963 Matth.
1704 4922 1779 4973 tv,
1812 4906 1913 4975 ll);
1942 4905 2101 4961 Deut.
2133 4922 2254 4975 xm,
2288 4907 2343 4962 4.

2436 4908 2483 4941 τ’
2511 4907 2647 4966 Luc.
2704 4927 2760 4977 χ,
2810 4910 2902 4965 20.

308 5033 424 5104 (επ)
446 5032 539 5088 Sic
564 5016 757 5089 omnes
792 5032 1148 5104 manuscripti
1179 5040 1235 5085 et
1274 5030 1426 5104 editi,
1459 5037 1657 5104 praeter
1683 5028 1813 5104 goi—

1943 5028 2388 5104 .olus,_1DOtoiiwa
2423 5032 2741 5104 φαντασίας,
2787 5033 2874 5086 ἵνα
2907 5030 3170 5103 μειζόνως
3215 5027 3379 5083 αὐτὸν
3406 5045 3508 5083 κα-

238 5097 513 5159 bertinum
542 5105 864 5167 secundum,
916 5104 1012 5173 qui
1055 5097 1251 5166 liabet,
1288 5097 1653 5173 Κυριοτόκου.
1690 5097 1815 5173 Mox

239 5175 407 5237 idem,
437 5182 562 5243 post
587 5176 645 5228 ὲν
687 5170 1025 5243 ἀγαλλιάσει,
1066 5173 1229 5227 habet
1250 5172 1313 5224 τὸ
1346 5170 1567 5242 βρέφος,
1606 5171 1824 5225 omisit-

238 5261 343 5315 que
383 5244 634 5315 Ἰωάννης
659 5260 845 5315 supra.

307 5315 418 5387 (28)
452 5314 544 5387 Sic
568 5311 920 5387 Colbertinus
939 5311 1409 5387 secund_us_solus,
1439 5326 1601 5381 quem
1632 5320 1817 5387 tamen

238 5379 593 5456 sequi'visum
625 5396 726 5442 est.
761 5384 868 5439 Alii
917 5394 971 5440 et
1023 5383 1176 5447 editi,
1213 5383 1288 5436 ὅτ’
1319 5382 1385 5437 ἄν
1430 5379 1612 5436 τινων.
1666 5379 1815 5436 Infra

240 5455 402 5510 dem.
425 5455 533 5508 ἀπὸ
559 5454 665 5508 τῶν
689 5456 966 5510 τοιούτων.

240 5470 402 5518 .aem,
425 5470 533 5508 απο
559 5470 665 5508 των
689 5472 966 5510 τοιουτων.

331 5526 423 5595 29)
453 5526 545 5580 Sic
571 5525 774 5595 Regius
802 5524 1097 5588 secundus,
1130 5522 1507 5595 HColbertinuﬁs
1539 5521 1816 5595 secundus

234 5604 293 5650 et
312 5594 628 5651 Vaticanus.
660 5594 749 5650 ’ln
779 5597 939 5651 editis
983 5602 1039 5650 et
1090 5594 1234 5665 aliis,
1272 5595 1399 5665 παρ’
1423 5594 1612 5655 αὐτοῖς
1640 5594 1812 5665 deest.

235 5666 364 5721 Mox
408 5665 564 5740 editi,
590 5668 619 5719 6
646 5666 860 5740 Κύριος
899 5666 960 5740 ού
995 5663 1405 5740 συνεχωρησεν,
1456 5663 1813 5740 manuscripti

235 5750 428 5795 omnes
467 5745 526 5791 ut
554 5736 605 5790 in
641 5734 808 5793 texiu.
830 5736 1001 5794 Paulo
1021 5734 1517 5807 post'C‘olliertinus
1541 5734 1812 5789 secundus

1925 5101 2201 5183 tamﬁﬁn,
2227 5102 2495 5166 ἐπιτιμῶν
2534 5104 2681 5174 αὐτῷ
2710 5101 2948 5175 εἴρηκεν.
3066 5172 3078 5184 .

2001 5170 2112 5243 (50)
2146 5172 2239 5229 Sic
2268 5188 2398 5226 mss.
2436 5187 2648 5241 omnes,
2704 5186 2899 5242 praeter
2949 5171 3176 5243 Regium
3202 5168 3505 5225 secundum

1926 5243 2019 5312 qui
2054 5243 2213 5299 habet
2238 5243 2327 5296 διὰ
2352 5243 2532 5297 τοῦτο.
2567 5244 2624 5298 In
2649 5245 2811 5299 editis
2848 5246 2964 5299 hac
3000 5244 3219 5297 desunt.

1998 5313 2111 5384 (51)
2152 5315 2282 5371 Vide
2307 5330 2471 5383 supra
2497 5330 2648 5368 num.
2676 5314 2768 5369 2%.

1925 5456 1966 5508 Σ
1996 5375 2117 5466 (εξ),
2143 5386 2235 5440 Sic
2256 5375 2558 5440 Colliertin.
2585 5384 2880 5440 secundus.
2908 5382 3051 5440 Editi
3075 5390 3129 5437 et
3149 5380 3262 5449 alii,
3313 5376 3409 5433 τοῦ
3445 5375 3504 5431 δι

1968 5471 2199 5508 ωττιοος.

1968 5471 2079 5519 ωτη
2089 5473 2199 5519 ρος.

2258 5525 2617 5596 manuscript:
2642 5539 2853 5581 omnes.
2881 5523 3024 5590 Edjti
3048 5535 3201 5585 vero,
3231 5520 3279 5575 si
3303 5528 3498 5596 autem.

1962 5587 2114 5678 .(Sl)
2160 5599 2237 5653 Ita
2271 5587 2631 5667 manuscripti
2684 5611 2895 5654 omnes.
2951 5587 3270 5665 Bollandus,
3318 5587 3502 5653 ίιῖΙιασ

1923 5677 2029 5721 vita
2054 5678 2101 5721 et
