3824 6224
360 311 469 368 905

928 308 987 363 S.
1026 306 1394 361 ATHANASII
1433 305 1583 361 OPP.
1620 301 1801 359 PARS
1840 302 1880 357 l.
1917 326 1989 343 -ι
2026 299 2407 357 HISTORICA
2445 297 2535 354 ET
2580 296 3006 355 DOGMATICA.

3525 301 3662 358 904

439 424 525 479 41.
548 420 614 477 Et
657 421 784 491 quia
817 419 933 474 haec
957 419 1229 474 narrando
1267 418 1441 473 factus
1475 434 1596 474 sum
1642 418 1926 488 insipiens,

2099 416 2186 468 41.
2208 416 2317 468 Καὶ
2339 414 2524 484 ἐπειδὴ
2548 412 2748 482 γέγονα
2776 410 2965 483 ἄφρων
2991 410 3175 482 διηγού
3185 427 3361 481 μενος,
3378 412 3667 481 δέξασθε

364 513 509 572 istud
534 525 751 581 quoque
797 509 1043 578 accipite,
1091 516 1151 562 ut
1182 507 1279 561 tuti
1305 517 1358 561 et
1387 507 1593 577 absque
1640 505 1932 562 formidine

367 600 572 672 (legatis
606 618 620 653 :
657 597 897 667 mihique
935 596 1093 651 tidem
1130 594 1342 659 habete,
1378 609 1486 648 non
1513 592 1745 647 mentior
1774 593 1934 662 quip-

365 708 451 762 pe.
480 691 725 757 Quodam
760 695 1006 756 tempore
1032 687 1268 757 pulsavit
1295 687 1492 755 aliquis
1518 686 1572 739 in
1598 683 1932 739 monasterio

362 783 584 852 januam
624 794 820 834 meam.
858 777 997 835 Tum
1030 791 1283 847 egressus
1322 776 1430 830 vidi
1478 775 1763 844 quemdam
1801 788 1931 843 pro-

364 888 549 929 cerum
588 887 652 925 ac
682 871 913 940 praealtae
942 878 1182 924 staturae.
1240 868 1563 922 Sciscitante
1595 880 1684 919 me
1729 884 1743 919 :
1799 865 1933 930 Quis

366 974 425 1022 tu
466 962 559 1019 es?
587 962 699 1034 Ego
721 977 865 1029 sum,
892 961 1087 1030 inquit,
1116 950 1364 1014 Satanas.
1404 957 1489 1012 Me
1518 973 1735 1013 rursum
1768 957 1935 1011 inter-

366 1065 590 1127 rogante
624 1074 637 1110 :
666 1053 784 1120 Qua
810 1053 878 1108 de
905 1068 1071 1107 causa
1104 1053 1207 1107 hoc
1251 1053 1379 1106 ades
1406 1051 1459 1104 in
1490 1051 1647 1105 loco?
1682 1049 1932 1118 Respon-

365 1151 443 1206 dit
480 1152 604 1205 ille:
648 1149 761 1203 Cur
788 1164 875 1201 me
900 1147 1038 1201 falso
1064 1156 1321 1199 accusant
1361 1144 1614 1199 monachi
1649 1151 1703 1198 et
1744 1158 1932 1198 omnes

367 1239 458 1294 alii
480 1236 819 1293 Christiani?
848 1234 959 1289 Cur
991 1250 1075 1288 me
1097 1236 1247 1289 horis
1277 1233 1506 1304 singulis
1543 1233 1933 1289 exsecrantur?

366 1328 467 1385 Cui
498 1343 598 1399 ego
634 1346 646 1381 :
682 1325 793 1381 Cur
814 1326 1073 1380 molestus
1104 1326 1211 1380 illis
1258 1324 1352 1379 es?
1389 1323 1506 1378 Non
1532 1340 1653 1396 ego,
1692 1326 1787 1388 ait,
1836 1324 1932 1380 sed

369 1420 446 1474 illi
478 1419 580 1488 ipsi
630 1432 749 1472 sese
798 1418 1125 1471 conturbant
1178 1434 1191 1469 :
1258 1416 1508 1470 infirmus
1561 1418 1705 1470 enim
1757 1416 1931 1472 factus

369 1521 510 1561 sum.
541 1508 620 1558 An
651 1521 758 1559 non
783 1505 1067 1573 legerunt:
1126 1503 1339 1558 Inimici
1379 1505 1679 1574 defecerunt
1717 1508 1932 1575 framea:

368 1600 424 1652 in
463 1598 640 1667 ﬁnem,
691 1606 742 1650 et
799 1597 1034 1650 civitates
1088 1597 1399 1650 ἄρδει-Μίειὶ
1445 1597 1530 1649 ⁸τῖ
1570 1595 1762 1652 Nullus
1799 1597 1933 1651 mihi

369 1699 614 1760 superest
643 1691 815 1757 locus,
850 1704 958 1743 non
990 1689 1176 1753 telum,
1208 1705 1315 1744 non
1347 1690 1558 1745 civitas.
1597 1688 1811 1759 Ubique
1855 1691 1935 1745 lo-

2034 507 2313 560 καὶτοῦτο
2357 507 2493 578 πρὸς
2549 505 2660 577 (48)
2717 504 3016 574 ἀσφάλειαν
3062 505 3159 560 καὶ
3206 504 3467 574 ἀφοϐίαν
3544 509 3665 562 καὶ

2033 594 2356 649 πιστεύσατέ
2393 610 2498 664 μοι·
2529 595 2590 646 ού
2625 579 3040 663 ψεύδόμαιετάρ.
3068 592 3335 664 Ἔκρουσέ
3366 592 3519 646 ποτέ
3555 609 3663 658 τις

2032 689 2090 740 ὲν
2116 686 2192 756 τῷ
2237 684 2581 756 μοναστηρίῳ
2632 683 2728 754 τὴν
2783 681 2921 753 ἐμὴν
2982 682 3173 753 θύραν·
3206 683 3302 736 καὶ
3350 681 3654 747 ἐξελθὼν,

2034 773 2171 830 εἶδόν
2199 792 2321 829 τινα
2345 775 2553 845 μακρὸν
2598 774 2693 828 καὶ
2727 774 2929 845 ὑψηλὸν
2950 774 3293 844 φαινόμενον.
3330 772 3475 828 Εἶτα
3524 794 3654 829 πυ-

2035 866 2262 937 θομένου
2293 882 2413 935 μου’
2445 866 2517 918 Σὺ
2563 865 2645 929 τίς
2671 859 2756 931 εἷ;
2787 864 2890 935 ἔφη
2926 864 3059 934 ‘49)'
3107 865 3248 934 Ἐγώ
3302 868 3425 937 εξμι
3454 868 3487 919 ὀ
3514 868 3645 921 Σα-

2032 958 2215 1019 τανᾶς.
2248 952 2380 1008 Εἶτα
2407 954 2653 1024 λέγοντός
2681 969 2801 1024 μου·
2861 955 2903 1006 Τ
2910 954 2927 1006 ι
2971 950 3063 1007 οὖν
3125 954 3359 1010 ἐνταῦθα
3410 956 3650 1027 «ipse;

2032 1049 2215 1116 ἔλεγεν
2246 1051 2469 1111 ἐκεῖνος’
2502 1048 2567 1100 Τί
2599 1047 2904 1117 μέμφονταί
2952 1063 3020 1118 με
3050 1047 3226 1119 μάτην
3258 1050 3309 1100 oi
3356 1050 3641 1120 μοναχά,

2032 1141 2126 1193 καὶ
2143 1142 2190 1193 οἱ
2216 1140 2362 1193 ἄλλοι
2395 1140 2592 1202 πάντες
2630 1140 2981 1210 Χριστιανοί;
3031 1140 3095 1192 Τί
3137 1157 3227 1210 μοι
3256 1142 3644 1214 καταρῶνται

2033 1230 2154 1284 καθ’
2187 1229 2372 1303 ὤραν;
2409 1229 2573 1300 Ἐμοῦ
2605 1231 2661 1283 δὲ
2714 1232 2979 1295 εἰπόντος’
3019 1232 3084 1286 Τί
3136 1233 3244 1305 γὰρ
3295 1234 3493 1297 αὐτοῖς
3535 1234 3645 1287 ὲν-

2032 1321 2242 1391 οχλεῖς;
2298 1321 2424 1391 ἔφη·
2455 1323 2570 1374 Οὐκ
2599 1322 2715 1392 εἰμὶ
2748 1320 2859 1389 ἐγὼ
2907 1325 2935 1375 ὁ
2980 1322 3209 1392 ἐνοχλῶν
3238 1324 3448 1387 αὐτοῖς,
3503 1324 3638 1378 ἀλλ’

2033 1414 2185 1466 αὐτοὶ
2211 1415 2563 1485 ταράττουσιν
2589 1412 2834 1476 ἑαυτούς’
2866 1396 2975 1481 ἐγῶ
3000 1413 3109 1485 γὰρ
3133 1415 3364 1486 ἀσθενὴς
3384 1417 3634 1484 γέγονα.

2033 1509 2147 1562 Οὐκ
2173 1508 2501 1576 ἀνέγνωσαν,
2529 1507 2612 1559 ὅτι
2658 1506 2769 1560 Τοῦ
2800 1506 3017 1575 ἐχθροῦ
3067 1505 3351 1571 ἐξέλιπον
3374 1511 3441 1562 al
3469 1512 3636 1578 ρομρ-

2033 1599 2199 1668 ςραῖαι
2237 1602 2326 1665 εις
2364 1598 2558 1663 τέλος,
2619 1596 2718 1651 καὶ
2775 1599 2985 1665 πόλεις
3033 1597 3343 1664 καθεῖλες;
3382 1601 3494 1652 οὐκ
3541 1599 3635 1653 ἔτι

2032 1690 2194 1743 τόπον
2218 1690 2346 1760 ἔχω,
2370 1690 2432 1743 οὐ
2467 1690 2639 1760 βέλος,
2667 1691 2727 1743 οὐ
2768 1690 2941 1744 πόλιν.
2981 1689 3260 1760 Πανταχοῦ
3290 1690 3635 1761 Χριστιανώ

370 1796 559 1836 eorum
591 1781 887 1837 Christiani
920 1781 1045 1836 facti
1093 1792 1240 1845 sunt,
1280 1788 1444 1851 atque
1483 1781 1701 1838 demum
1744 1797 1934 1836 mona-

2047 1782 2305 1850 γεγόνασι·
2330 1781 2514 1835 λοιπὸν
2534 1781 2626 1835 καὶ
2647 1784 2680 1853 ἡ
2706 1781 2911 1854 ἕρημος
2943 1781 3297 1852 πεπλήρωται
3332 1783 3630 1852 μοναχῶν.

368 1872 485 1928 chis
510 1872 711 1941 repleta
741 1883 824 1928 est
868 1872 1124 1929 solitudo.
1175 1870 1477 1927 Observent
1511 1872 1615 1941 ipsi
1663 1887 1803 1939 sese,
1836 1888 1935 1929 nec

372 1976 457 2016 me
481 1961 750 2016 immerito
774 1972 1142 2017 exsecrentur.
1169 1960 1307 2014 Tum
1332 1975 1431 2031 ego
1457 1960 1668 2015 Domini
1707 1962 1934 2032 gratiam

371 2054 669 2109 admiratus
706 2072 720 2107 :
750 2052 1072 2125 Quanquam
1098 2053 1325 2108 mendax
1366 2068 1581 2123 semper
1608 2069 1689 2118 es,
1721 2053 1854 2117 dixi,
1883 2061 1937 2108 et

370 2146 649 2200 veritatem
686 2160 966 2216 nunquam
1002 2145 1159 2210 dicis,
1194 2148 1299 2199 hoc
1330 2146 1444 2215 jam
1494 2154 1674 2199 tamen
1698 2145 1823 2201 licet
1850 2146 1937 2199 in-

370 2236 515 2295 vitus
549 2250 672 2290 vere
702 2236 889 2291 dixisti
927 2255 940 2290 :
968 2235 1219 2293 Christus
1253 2237 1401 2292 enim
1443 2237 1666 2292 veniens
1697 2247 1746 2292 te
1782 2238 1930 2291 infir-

372 2340 523 2382 mum
567 2328 820 2389 reddidit,
871 2336 1035 2397 atque
1086 2327 1356 2399 dejectum
1411 2327 1721 2384 denudavit.
1772 2329 1932 2400 661

354 2419 571 2473 .Audito
630 2419 719 2474 ille
780 2419 1078 2474 Salvatoris
1131 2421 1370 2484 nomine,
1404 2420 1767 2491 ardoremque
1793 2422 1938 2490 ejus-

373 2510 519 2564 modi
548 2525 657 2564 non
687 2509 887 2575 ferens,
911 2509 1173 2565 evanidus
1201 2508 1375 2565 factus
1398 2520 1499 2565 est.

444 2602 532 2657 ΛΞ.
562 2600 619 2655 Si
646 2601 810 2672 igitur
837 2601 951 2672 ipse
977 2601 1224 2659 diabolus
1271 2618 1331 2657 se
1356 2601 1558 2657 fatetur
1588 2603 1725 2657 nihil
1756 2617 1936 2672 posse,

374 2694 752 2764 despiciendus
788 2708 920 2748 sane
949 2709 979 2747 a
1008 2694 1165 2749 nobis
1206 2703 1291 2749 est
1322 2708 1445 2749 cum
1479 2694 1568 2748 ille
1595 2703 1709 2748 tum
1736 2695 1939 2749 daemo-

376 2804 474 2844 nes
493 2788 633 2858 ejus.
663 2776 923 2843 inimicus
954 2803 1083 2858 ergo
1105 2804 1230 2843 cum
1257 2788 1484 2843 canibus
1513 2780 1649 2852 suis,
1666 2788 1938 2856 ejusmodi

378 2879 547 2933 utitur
569 2879 708 2934 dolis
737 2897 750 2933 :
784 2894 887 2936 nos
943 2890 1121 2934 autem
1167 2878 1319 2950 gnari
1362 2893 1549 2932 eorum
1585 2878 1937 2946 inﬁrmitatis,

378 2971 526 3041 ipsos
558 2979 904 3025 contemnere
954 2971 1216 3025 valemus.
1276 2969 1638 3036 Quamobrem
1690 2971 1938 3025 nelaba~

376 3074 502 3113 mur
531 3066 730 3124 mente,
778 3073 848 3111 ne
877 3058 1098 3113 timendi
1151 3075 1347 3115 causas
1391 3060 1574 3115 animo
1606 3074 1886 3114 versemus
1920 3077 1934 3113 :

377 3165 554 3220 neque
576 3147 1057 3205 comminiscamur
1089 3151 1245 3206 nobis
1278 3162 1531 3213 terrores,
1572 3151 1800 3206 dicendo
1824 3169 1837 3205 :
1861 3150 1938 3206 Ne

375 3243 586 3298 daemon
607 3243 866 3300 invadens
888 3252 1192 3314 prosternat
1216 3260 1302 3299 me
1331 3263 1344 3297 :
1377 3258 1445 3297 ne
1469 3242 1740 3297 sublatum
1774 3243 1940 3311 proji-

376 3333 503 3399 ciat,
532 3334 615 3388 vel
671 3334 963 3405 derepente
1025 3337 1239 3391 irruens
1313 3334 1738 3405 perterrefaciat.
1785 3331 1937 3386 Talia

376 3422 602 3491 prorsus
623 3442 690 3482 ne
711 3429 1031 3499 cogitemus,
1078 3443 1183 3482 neu
1227 3441 1460 3483 maerore
1507 3425 1664 3497 quasi
1710 3424 1940 3496 perituri

2047 1873 2301 1936 Ἑαυτοὺς
2323 1872 2681 1944 τηρειτωσαν,
2700 1872 2793 1926 καὶ
2830 1872 2902 1944 μὴ
2941 1872 3117 1943 μάτην
3148 1890 3215 1943 με
3247 1876 3631 1945 καταράσθω-

2035 1979 2153 2017 σαν.
2180 1964 2313 2016 Τότε
2336 1962 2430 2015 θαυ
2440 1963 2617 2033 μάσας
2649 1962 2758 2031 ἐγὼ
2783 1963 2878 2017 τοῦ
2904 1964 3111 2034 Κυρίου
3131 1965 3229 2035 τὴν
3253 1962 3631 2035 χάρινςεῖπον

2036 2055 2173 2126 πρὸς
2204 2054 2386 2108 αὐτόν’
2423 2054 2534 2107 Ἀεὶ
2558 2053 2798 2124 ψεύστης
2840 2053 2935 2119 ὣν,
2989 2056 3085 2109 καὶ
3120 2056 3386 2127 μηδέποτε
3431 2056 3629 2122 λέγων

2035 2146 2311 2219 ἀλήθειαν,
2352 2147 2501 2216 ὅμως
2553 2144 2710 2199 τοῦτο
2741 2146 2855 2212 νῦν,
2900 2147 2992 2202 καὶ
3032 2148 3107 2218 μὴ
3139 2147 3327 2211 θέλων,
3378 2148 3627 2219 rimata;

2035 2239 2250 2311 ἀληθές·
2285 2239 2314 2290 ὁ
2346 2237 2453 2309 γὰρ
2476 2236 2728 2308 Χριστὸς,
2769 2236 2956 2303 ἐλθὼν,
2997 2238 3195 2310 ἀσθενῆ
3220 2256 3280 2292 σε
3312 2239 3627 2310 πεποίηκε,

2036 2332 2131 2385 καὶ
2157 2328 2478 2384 καταϐαλὼν
2502 2329 2838 2400 ἐγύμνωσεν.
2872 2329 3128 2395 Ἐκεῖνος,
3162 2329 3403 2392 ἀκούσας
3423 2330 3492 2382 τὸ
3518 2330 3621 2382 τοῦ
3706 2356 3721 2368 ~

2037 2422 2285 2493 Σωτῆρος
2305 2420 2497 2491 ὄνομα,
2527 2421 2621 2475 καὶ
2645 2421 2718 2493 μὴ
2744 2420 2924 2493 φέρων
2953 2422 3051 2492 τὴν
3086 2423 3150 2474 ὲκ
3176 2422 3363 2474 τούτου
3386 2420 3621 2485 καῦσιν,

2037 2512 2248 2582 ἀφανὴς
2273 2508 2512 2580 γέγονεν.

2106 2601 2196 2655 42.
2229 2603 2292 2656 El
2310 2602 2487 2657 τοίνυν
2512 2604 2606 2656 καὶ
2641 2603 2802 2667 αὐτὸς
2832 2604 2861 2656 ὀ
2893 2602 3137 2666 διάϐολος
3156 2601 3408 2674 ὁμολογεῖ
3441 2602 3625 2672 μηδὲν

2038 2692 2315 2759 δύνασθαι,
2345 2693 2630 2764 ὀφείλομεν
2663 2694 2938 2759 παντελῶς
2966 2696 3325 2765 καταφρονεῖν
3355 2693 3529 2747 αὑτοῦ
3550 2709 3617 2744 τε

2039 2787 2265 2843 καὶτῶν
2320 2787 2587 2858 δαιμόνων
2616 2786 2802 2842 αὐτοῦ.
2854 2787 2914 2841 Ὁ
2951 2787 3051 2858 μὲν
3090 2783 3185 2840 οὖν
3237 2786 3434 2858 ἐχθρὸς
3469 2787 3613 2859 μετὰ

2036 2880 2145 2934 τῶν
2202 2879 2395 2933 ἑαυτοῦ
2452 2878 2629 2933 κυνῶν
2661 2878 2925 2942 τοσαύτας
2954 2878 3068 2949 ἔχει
3101 2879 3197 2941 τὰς
3250 2878 3603 2950 πανουργίας

2038 2974 2196 3044 ἡμεῖς
2231 2972 2308 3033 δὲ,
2350 2970 2608 3041 μαθόντες
2631 2969 2806 3025 αὐτῶν
2851 2970 2950 3041 τὴν
2995 2969 3297 3032 ἀσθένειαν,
3332 2986 3609 3039 mappa—

2039 3061 2149 3111 νεῖν
2170 3057 2346 3117 αὐτῶν
2379 3057 2670 3128 δυνάμεθα.
2704 3057 2901 3112 Τοῦτον
2920 3054 3012 3112 οὖν
3032 3060 3122 3112 τὸν
3151 3058 3348 3130 τρόπον
3373 3061 3449 3130 μὴ
3475 3076 3608 3131 προ-

2039 3149 2604 3219 καταπίπτωμενβο)
2628 3152 2694 3221 τῇ
2726 3148 2953 3222 διανοίᾳ,
2988 3150 3120 3222 μηδὲ
3168 3140 3508 3220 λογιζώμεθα
3548 3152 3607 3203 ἐν

2036 3241 2103 3310 τῇ
2136 3239 2279 3310 ψυχῇ
2320 3239 2540 3302 δειλίας,
2590 3240 2723 3311 μηδὲ
2775 3240 3199 3311 ἀναπλάττωμεν
3241 3243 3455 3303 ἑαυτοῖς
3506 3240 3606 3309 φό-

2039 3328 2185 3394 ϐους,
2211 3329 2476 3398 λέγοντες·
2507 3332 2598 3402 Μὴ
2626 3333 2733 3404 ἄρα
2764 3333 2971 3404 δαίμων
3010 3332 3179 3386 ὲλθὼν
3205 3331 3483 3404 ἀνατρέψῃ
3508 3343 3605 3403 ita"

2042 3424 2117 3494 μὴ
2157 3423 2267 3495 ἄρα
2315 3422 2583 3493 βαστάξας
2629 3425 2931 3500 καταϐάλῃ,
2981 3426 3019 3496 ἢ
3070 3424 3326 3495 ὲξαὲφνης
3379 3424 3602 3488 ἐπιστὰς

1691 3622 1944 3680 VERSIO
1990 3624 2270 3682 EVAGRII

458 3777 543 3831 Η.
570 3775 674 3848 Sed
714 3778 973 3847 quoniam
1007 3779 1078 3833 ob
1102 3788 1339 3835 vestram
1374 3777 1661 3834 utilitatem
1702 3778 1869 3833 multa
1901 3782 2273 3847 memorando,
2300 3780 2561 3848 insipiens
2621 3781 2794 3837 factus
2825 3796 2982 3846 sum;
3035 3787 3090 3833 et
3140 3778 3299 3848 hujus
3335 3781 3413 3833 rei
3449 3778 3599 3833 vobis

379 3847 640 3921 impertiri
681 3848 841 3921 cupio
874 3851 1169 3921 notionem,
1201 3866 1366 3919 quam
1394 3865 1579 3906 veram
1619 3865 1738 3904 esse
1763 3850 1944 3921 nullus
1977 3852 2215 3921 ambigat
2248 3847 2577 3906 audientium
2615 3871 2627 3906 :
2658 3853 2889 3919 pulsavit
2917 3847 3591 3921 aliquandoidzemon‘mo-

359 3917 604 3992 nasterii
631 3920 872 3992 ostium:
900 3917 1384 3992 egrediens—video
1412 3921 1689 3992 hominem
1737 3920 1946 3973 enormi
1993 3917 2342 3992 subliiriitate,
2389 3917 2696 3992 porrectum
2742 3922 2905 3992 (51);
2941 3917 3063 3974 cum
3109 3920 3186 3992 ali
3219 3919 3335 3992 hoc
3374 3921 3591 3992 quinam

376 3999 522 4061 esset
550 3988 899 4061 inquirerem,
938 3989 1015 4041 ait
1046 4008 1059 4043 :
1091 3989 1203 4061 Ego
1233 4006 1353 4044 sum
1395 3991 1629 4045 Satanas
1659 4006 1672 4043 :
1732 3998 1955 4061 qt‘ego:
1984 3988 2146 4056 Quid,
2197 3988 2441 4061 inquam,
2503 3991 2592 4044 hic
2657 3988 2894 4061 quas-riiS‘i
2939 3988 3217 4061 respondit
3247 4006 3260 4041 :
3295 3988 3409 4061 cur
3439 3988 3592 4061 mihi

378 4056 590 4130 frustra
609 4058 878 4130 imputant
899 4056 1188 4130 monachi?
1217 4075 1317 4114 our
1338 4062 1471 4114 mihi
1503 4056 2169 4130 omnesAChristianorum
2217 4056 2400 4130 populi
2428 4056 2431 4057 ⁷
2459 4056 2823 4130 maledicunt?
2872 4068 2927 4113 et
2973 4073 3090 4130 ego;
3118 4075 3131 4110 :
3165 4056 3319 4130 .lustc
3348 4058 3584 4114 faciunt:

380 4127 489 4180 tuis
507 4126 651 4180 enim
690 4125 999 4200 frequenter
1023 4129 1378 4200 molesta-nor
1406 4130 1616 4184 insidiis
1644 4127 1777 4200 (52).
1810 4128 1991 4200 Atille
2028 4131 2109 4200 ait
2140 4149 2153 4185 :
2208 4125 2351 4184 Nihil
2382 4145 2482 4200 ego
2514 4129 2672 4193 facio,
2715 4130 2809 4184 sed
2858 4129 2961 4199 ipsi
2990 4125 3048 4200 se
3079 4128 3306 4200 invicem
3332 4130 3544 4200 turbant
3573 4153 3584 4183 :

378 4211 503 4249 nam
532 4210 633 4269 ego
660 4197 1189 4269 miserabiligl‘aetus
1210 4215 1353 4266 sum,
1384 4215 1536 4269 rogo,
1596 4197 1699 4269 non
1732 4198 1935 4262 legistis
1957 4199 2149 4269 {Quia
2175 4197 2472 4269 defecerunt
2496 4201 2697 4252 inimici
2732 4197 2946 4269 framea:
2978 4199 3035 4269 in
3075 4199 3253 4269 ﬁnem,
3287 4208 3336 4250 et
3358 4199 3590 4252 civitates

376 4281 558 4320 eorum
588 4265 937 4339 destruzisti?
963 4267 1045 4320 En
1069 4269 1275 4322 nullum
1299 4271 1413 4338 jam
1443 4265 1613 4339 habeo
1661 4268 1864 4339 locum,
1896 4268 2098 4322 nullam
2150 4265 2402 4339 possideo
2449 4265 2742 4331 civitatem,
2767 4270 2878 4339 jam
2908 4268 3039 4321 mihi
3069 4268 3217 4320 nulla
3241 4275 3370 4321 sunt
3396 4282 3540 4323 arma
3568 4287 3582 4323 :

377 4350 474 4403 per
503 4349 692 4408 uulnus
714 4336 961 4408 nationes
985 4336 1317 4406 cunctasque
1341 4338 1647 4406 provincias
1671 4338 1875 4408 Christi
1913 4336 2165 4407 personai
2193 4350 2388 4393 nomen
2421 4356 2435 4393 :
2468 4336 2786 4394 solitudines
2814 4339 2944 4408 ipsae
2968 4339 3358 4393 monachorum
3393 4339 3587 4407 stipan—

380 4414 470 4479 tur
499 4405 679 4479 choris
706 4422 720 4458 :
748 4405 850 4479 ipsi
880 4420 959 4470 se,
981 4421 1167 4479 quaeso
1188 4447 1204 4470 ,
1231 4405 1507 4472 tueantur,
1529 4416 1584 4462 et
1617 4422 1704 4460 me
1733 4406 1850 4479 sine
1880 4405 2046 4463 causa
2069 4425 2174 4463 non
2202 4410 2455 4463 lacerent.
2489 4407 2643 4464 Tunc
2668 4424 2768 4479 ego
2808 4405 3019 4462 Domini
3072 4409 3299 4478 gratiam
3333 4405 3582 4478 (53).cum

376 4474 679 4548 alacritate
701 4476 948 4539 miratus,
984 4478 1065 4529 sic
1089 4478 1307 4548 adcum
1334 4479 1545 4532 locutus
1580 4492 1698 4531 sum
1739 4494 1753 4529 :
1797 4474 1915 4529 Non
1947 4491 2052 4532 tua:
2072 4480 2305 4545 veritati,
2342 4494 2464 4548 quae
2485 4482 2628 4532 nulla
2654 4474 2756 4543 est,
2792 4491 2899 4533 tam
2927 4474 3122 4548 novafn
3149 4487 3201 4530 et
3222 4474 3352 4548 tam
3378 4474 3581 4532 inaudi-

378 4555 485 4616 tam
520 4543 735 4616 ascribo
764 4548 1108 4600 sententiam.
1135 4545 1270 4600 Nam
1302 4562 1425 4601 cum
1461 4548 1683 4601 fallacia:
1712 4555 1875 4616 caput
1898 4548 1995 4612 sis,
2035 4550 2135 4602 hoc
2161 4543 2591 4604 sine'm'endacio
2621 4559 2844 4604 coactus
2878 4564 2939 4603 es
2987 4546 3255 4602 conﬁteri.
3287 4546 3424 4602 Vere
3447 4548 3579 4603 enim

374 4611 533 4687 Jesus
561 4621 681 4668 tuas
703 4612 945 4687 fortuitus
964 4617 1369 4687 subruit-vires,
1408 4626 1463 4687 et
1489 4617 1695 4671 honore
1723 4611 1959 4671 nudatus
1986 4620 2251 4687 angelico,
2284 4619 2546 4672 volutaris
2573 4620 2624 4671 in
2650 4621 2922 4674 sordibus.
2955 4616 3057 4672 Vix
3098 4617 3231 4670 dum
3254 4620 3416 4672 verba
3442 4632 3582 4672 com-

375 4684 665 4759 pleveram,
693 4692 746 4737 et
772 4684 1386 4759 ille_suhliniis_as_pectu
1421 4685 1715 4759 Salvatoris
1743 4684 2115 4759 nominatione
2147 4688 2388 4757 dejectus
2410 4697 2493 4759 est
2532 4688 2669 4759 (54).

449 4752 539 4827 ἃ.
570 4752 701 4818 Qua
717 4768 846 4827 ergo
865 4753 1002 4827 jam,
1030 4770 1063 4807 ο
1084 4752 1261 4827 filioli,
1283 4758 1479 4827 poterit
1508 4756 2084 4827 resideregcunctatio?
2105 4752 2229 4827 quae
2255 4752 2550 4827 trepidatio
2570 4752 2810 4812 manebit
2836 4757 3064 4812 ulterius
3084 4756 3113 4810 τ’
3137 4756 3263 4825 quis
3286 4771 3387 4811 nos
3406 4772 3577 4811 eorum

375 4823 542 4896 turbo
564 4824 759 4896 poterit
784 4825 1118 4896 convellere?
1143 4840 1347 4896 secura:
1368 4826 1485 4896 sint
1506 4826 1700 4878 animae
1724 4825 2058 4895 singulorum
2090 4823 2246 4882 z'non
2276 4823 2377 4881 sibi
2408 4829 2575 4896 lingat
2623 4828 2876 4896 cogitatio
2919 4842 3055 4880 vana
3092 4823 3408 4896 discrimina
3438 4844 3453 4892 ;
3484 4843 3578 4880 non

374 4893 577 4966 aliquis
612 4893 848 4966 timeata
880 4893 1097 4948 diabolo
1124 4895 1490 4966 sublatumgad
1522 4893 1833 4964 praecipitia
1874 4912 1933 4950 se
1986 4913 2146 4963 posse
2200 4896 2399 4953 deferri
2434 4913 2449 4951 :
2491 4893 2734 4966 'pellatu'r
2783 4897 2963 4966 omnis
3018 4898 3285 4952 anxietas.
3334 4895 3579 4951 Dominus

372 4964 538 5025 enim,
569 4964 659 5031 qui
701 4970 917 5017 nostros
945 4969 1234 5033 prostravit
1262 4964 1529 5027 inimicos,
1564 4979 1811 5032 manens,
1842 4976 1903 5020 ut
1922 4967 2193 5037 promisit,
2226 4969 2281 5020 in
2314 4964 2568 5034 nobis,‘a
2597 4967 2748 5021 vanis
2774 4982 2873 5022 nos
2904 4965 3120 5021 Satanae
3154 4967 3388 5021 munivit
3416 4972 3580 5021 incur-

440 5077 484 5108 ⁸⁷
516 5074 661 5129 Psal.
693 5089 769 5138 Ix,
798 5072 846 5128 7'.

440 5190 552 5262 (48)
607 5187 699 5244 Sic
759 5206 950 5247 omnes
1006 5193 1384 5264 manuscripti.
1444 5194 1504 5247 in
1583 5195 1742 5250 editis
1794 5195 1932 5270 πρός
1962 5198 2007 5253 D
2048 5267 2056 5270 _
2104 5197 2219 5270 (5‘2)
2243 5194 2343 5270 Si_c_
2361 5212 2493 5259 mss.
2516 5212 2726 5270 omnes.
2754 5198 3048 5256 Bollandus
3072 5215 3222 5261 vero,
3253 5210 3579 5255 monstrantur

368 5264 556 5455 de???)
583 5331 673 5388 Sic
695 5348 831 5403 pene
860 5348 1050 5389 omnes
1076 5348 1208 5389 mss.
1234 5332 1377 5388 Editi
1405 5348 1532 5387 vero
1552 5333 1778 5401 omisso,
1803 5333 1929 5405 ἔφη,

371 5403 439 5455 ha
480 5414 572 5455 ent
610 5405 749 5455 Ἐγώ
781 5406 918 5455 ειμι.
946 5404 1129 5455 φησίν.

371 5403 572 5457 habent
610 5405 749 5473 Ἐγώ
781 5406 918 5475 ειμι,
946 5404 1129 5474 φησιν.
1848 5403 1851 5404 ⁷
1896 5403 1903 5405 ἡ

444 5471 554 5548 (50)
580 5472 671 5548 Sic
700 5485 809 5529 tres
831 5472 1208 5548 manuscripti.
1242 5471 1383 5529 Editi
1412 5484 1466 5527 et
1495 5473 1607 5539 alii,
1639 5475 1826 5548 Τούτῳ
1853 5474 1933 5548 τῷ

368 5544 552 5615 «cde
585 5545 658 5615 μὴ
689 5544 1134 5615 καταπίπτωμεν.

442 5603 664 5693 (51)]ιὲ
723 5603 1078 5693 manuscripti
1119 5613 1615 5693 omnes._Bol_laml.
1648 5632 1775 5672 vero
1807 5627 1931 5687 post

372 5690 688 5749 porrectum,
713 5683 880 5748 addit,
906 5693 1063 5750 caput
1095 5698 1255 5754 usque
1279 5685 1346 5735 ad
1374 5684 1577 5739 (mlum.

2038 5267 2269 5340 insidiis.
2295 5266 2420 5340 Mox
2436 5284 2625 5323 omnes
2658 5268 2771 5323 fere
2799 5286 2958 5337 mss.,
2980 5286 3081 5324 non
3103 5272 3325 5340 legistis.
3351 5270 3573 5327 Bollaad.

2036 5352 2202 5389 nonne
2220 5338 2412 5405 legisti.

2106 5407 2218 5479 (A55)
2256 5406 2346 5460 Sic
2374 5423 2565 5462 omnes
2596 5410 2973 5479 manuscripti.
3006 5408 3253 5467 Bolland.
3290 5426 3438 5479 vero,
3465 5410 3577 5465 soli-

2040 5476 2467 5550 t_ud.’u_es‘qt_r_oqne
2498 5479 2780 5548 stipantur.
2810 5476 2951 5535 Infra
2975 5496 3167 5537 omnes
3218 5476 3572 5550 meliuscripti,

2038 5545 2441 5621 Domiui.l:2diti
2480 5545 2683 5611 autem,
2719 5550 2833 5621 Dei.
2858 5551 2981 5606 Mox
3020 5552 3243 5621 quidam
3276 5568 3434 5621 mss.,
3469 5545 3574 5606 ﬁcit

2038 5627 2141 5669 tute
2160 5618 2367 5669 veritati
2388 5628 2636 5672 recentem
2667 5619 2892 5677 ascribo.

2107 5684 2218 5757 (54)
2243 5685 2469 5753 Quidam
2492 5690 2866 5759 manuscripti,
2886 5691 3085 5747 deletus
3115 5701 3214 5746 est.
