3824 6224
397 283 494 346 ﬁll

964 286 1022 342 ὃ.
1065 278 1437 342 ATHANASII
1462 277 1626 341 'OPP.
1667 278 1847 337 PARS
1885 279 1926 336 Ι.
1967 295 2037 318 —-'
2071 271 2440 332 HlS’l‘OR’iCA
2477 267 2565 326 ET
2606 264 3022 325 DOGMATICA.

3521 255 3641 320 912

400 404 606 462 minem
638 400 1028 458 monachorum
1073 399 1126 455 in
1159 401 1354 471 judicii
1395 402 1516 456 loco
1558 399 1843 466 interesse,
1876 397 1952 452 vel

2070 393 2128 447 '0
2160 391 2290 463 γοῦν
2311 387 2589 458 δικαστὴς,
2622 385 2833 457 βλέπων
2867 383 3029 438 αὑτοῦ
3057 398 3115 434 τε
3145 379 3371 435 καὶτῶν
3399 377 3498 436 σὺν
3537 382 3642 436 αὐ-

401 498 458 554 in
490 495 622 552 urbe
653 509 876 566 prorsus
908 493 1135 549 versari.
1167 491 1305 548 Tum
1335 494 1460 548 aliis
1497 493 1752 550 omnibus
1781 491 1958 547 visum

396 599 483 646 est
532 589 622 643 illo
669 588 756 642 die
804 600 924 642 sese
974 582 1483 656 occultarum
1513 583 1748 638 Antonio
1778 590 1958 636 autem

390 688 604 736 tantum
659 677 834 746 jussio
881 691 1026 732 cura:
1075 675 1196 739 fuit,
1232 684 1292 730 ut
1335 676 1446 730 loto
1495 674 1780 744 ependyte,
1812 673 1958 726 inse-

389 778 592 839 quentc
624 767 712 822 die
755 767 811 821 in
856 766 1004 820 edito
1048 767 1170 820 loco
1203 765 1538 836 conspicuus
1571 773 1760 826 staret,
1797 772 1960 833 atque

390 859 646 928 prazfecto
682 872 804 912 sese
833 857 1040 910 nitidus
1068 855 1373 911 exhiberet.
1408 852 1674 908 Omnibus
1706 869 1819 908 rem
1855 852 1958 906 mi-

388 948 660 1014 rantibus,
689 947 919 1016 ipsoque
959 946 1147 1015 judice
1199 945 1250 998 id
1300 944 1675 1014 perspiciente,
1721 952 1775 998 et
1831 958 1956 997 cum

388 1038 626 1092 militum
673 1052 898 1092 suorum
947 1043 1124 1089 turma
1165 1043 1543 1103 przntereunte,
1580 1033 1728 1088 stetit
1757 1033 1846 1086 ille
1876 1034 1957 1085 in-

390 1129 678 1198 trepidus,
733 1135 794 1179 ut
852 1136 1095 1180 nostram
1147 1123 1589 1179 Christianorum
1645 1124 1959 1178 ostenderet

388 1221 557 1275 animi
585 1220 921 1274 alacritatem
956 1237 970 1271 ε
1007 1231 1156 1284 nam,
1191 1216 1268 1271 uti
1307 1215 1556 1286 superius
1586 1215 1717 1278 dixi,
1749 1224 1955 1286 marty-

385 1315 455 1368 rii
485 1312 754 1368 desiderio
781 1310 1060 1380 ﬂagrabat.
1090 1307 1277 1379 Itaque
1309 1308 1561 1364 mmrcnti
1593 1307 1789 1361 similis
1815 1316 1952 1370 erat,

385 1404 535 1474 quod
564 1401 886 1472 martyrium
917 1398 1133 1467 assequi
1167 1413 1275 1452 non
1305 1406 1489 1468 posset
1526 1415 1539 1450 :
1571 1395 1833 1451 Dominus
1856 1411 1955 1450 au-

387 1508 497 1553 tem
524 1497 702 1551 virum
735 1494 1093 1550 conservabat
1128 1494 1194 1548 ad
1224 1501 1470 1548 nostram
1521 1477 1954 1559 caeterorumque

387 1589 711 1652 utilitatem,
769 1596 828 1642 ut
885 1587 1138 1640 ascetica:
1185 1585 1327 1648 vitae,
1360 1599 1523 1653 quam
1559 1598 1624 1638 ex
1658 1581 1954 1651 Scripturis

386 1683 503 1752 ipse
536 1682 820 1747 didicerat,
851 1681 1136 1750 permultis
1162 1679 1423 1748 magister
1459 1675 1620 1733 foret.
1662 1674 1952 1728 Enimvero

2057 485 2134 556 τῷ
2179 483 2238 536 τὸ
2269 481 2492 551 ἄφοδον,
2523 479 2616 532 καὶ
2663 477 2762 548 τὴν
2811 478 2891 538 εἰς
2935 473 3090 528 τοῦτο
3133 472 3384 545 σπουδὴν,
3414 474 3641 544 παρήγ-

2059 576 2202 646 γειλε
2240 575 2441 647 μηδένα
2478 571 2584 624 τῶν
2620 567 2868 641 μοναχῶν
2896 570 2953 621 ὲν
2979 565 3056 637 τῷ
3078 565 3411 635 δικαστηρίῳ
3443 564 3641 633 φαίνε-

2060 669 2202 731 σθαι,
2236 666 2368 737 μηδὲ
2399 661 2533 725 δλως
2577 664 2632 714 ἐν
2678 663 2744 730 τῇ
2795 657 2946 711 πόλει
2979 655 3290 727 διατρίϐειν.
3317 657 3377 708 Οί
3407 655 3508 724 μὲν
3538 651 3638 708 οὖν

2057 761 2204 816 ἄλλοι
2231 759 2427 820 πάντες
2455 755 2637 822 ἔδοξαν
2667 750 2998 825 κρύπτεσθαι
3027 749 3123 821 τήν
3151 749 3362 819 ἡμέραν
3381 749 3629 817 ἐκείνην·

2055 856 2085 908 6
2111 851 2167 906 δὲ
2209 850 2489 914 Ἀντώνιος
2517 847 2766 901 τοσοῦτον
2793 843 3122 913 ἐφρόντισεν,
3152 839 3291 893 ὥστε
3312 840 3404 894 καὶ
3430 839 3634 909 μᾶλλον

2057 944 2251 999 πλῦναι
2293 945 2381 995 τὸν
2431 939 2741 1009 ἐπενδύτην,
2776 937 2870 989 καὶ
2914 938 2980 1004 τῇ
3033 929 3161 1001 ἑξῆς
3211 931 3521 1002 ἔμπροσθεν
3545 932 3634 999 ἐφ’

2057 1033 2260 1107 ὑψηλοῦ
2305 1035 2514 1102 στῆναι,
2543 1031 2637 1084 καὶ
2674 1027 2956 1098 φαίνεσθαι
2984 1024 3060 1095 τῷ
3085 1025 3309 1095 ἡγεμόνι
3351 1022 3631 1093 λαμπρόν.

2057 1127 2282 1182 Πάντων
2306 1120 2396 1177 οὖν
2423 1124 2516 1175 ἐπὶ
2540 1121 2713 1190 τούτῳ
2750 1113 3160 1188 θαυμαζόντων,
3181 1112 3392 1166 καὶτοῦ
3419 1112 3630 1183 ἠγεμό.

2053 1235 2143 1281 νος
2169 1216 2422 1288 ὁρῶντος,
2452 1214 2546 1266 καὶ
2575 1211 2711 1282 μετά
2751 1210 2849 1279 τῆς
2881 1207 3087 1273 τάξεως
3117 1203 3280 1259 αὑτοῦ
3321 1203 3631 1257 διαϐαίνονο

2052 1325 2165 1372 τος,
2189 1305 2348 1368 αὐτὸς
2378 1302 2621 1374 ἀτρέμας
2652 1300 2914 1369 εἱστήκει,
2943 1296 3154 1358 δεικνὺς
3181 1293 3340 1365 ἡμῶν
3367 1293 3476 1346 τῶν
3493 1294 3630 1363 Χρι-

2055 1395 2282 1449 στιανῶν
2309 1393 2405 1465 τὴν
2438 1391 2741 1465 προθυμίαν
2760 1406 2774 1419 ο
2810 1388 3008 1461 ηὔχετο
3038 1387 3146 1456 γάρ
3177 1387 3274 1440 καὶ
3301 1385 3462 1449 αὐτὸς
3494 1400 3628 1456 μαρ-

2051 1489 2308 1560 τυρῆσαι,
2343 1487 2484 1540 καθὰ
2526 1488 2801 1557 προεῖπον.
2837 1483 3004 1546 Αύτὺς
3052 1483 3149 1551 μὲν
3178 1478 3270 1535 οὖν
3302 1481 3629 1551 λυπουμένῳ

2053 1579 2233 1650 ὲῴκει,
2259 1579 2340 1632 ὃτι
2386 1578 2460 1650 μὴ
2505 1576 2926 1648 μεμαρτύρηκεν
2945 1591 2958 1604 ο
2989 1576 3016 1626 6
3049 1573 3105 1626 δὲ
3136 1572 3337 1644 Κύριος
3361 1568 3428 1642 ἦν
3462 1573 3627 1625 αὑτὸν

2053 1670 2333 1738 φυλάττων
2355 1671 2433 1731 είς
2453 1667 2550 1740 τὴν
2580 1667 2734 1738 ἡμῶν
2759 1669 2852 1720 καὶ
2881 1665 2978 1737 τὴν
3004 1665 3204 1736 ἑτέρων
3223 1663 3510 1732 ὠφέλειαν,
3536 1664 3629 1718 ἵνα

384 1773 565 1840 multi,
591 1781 874 1843 perspecto
922 1770 1042 1841 ejus
1077 1772 1201 1826 vitze.
1242 1768 1514 1831 instituto,
1540 1766 1744 1820 imitari
1793 1765 1946 1820 illum

2062 1763 2144 1815 καὶ
2173 1763 2231 1814 ὲν
2258 1764 2324 1832 τῇ
2353 1761 2604 1831 ἀσκήσει,
2633 1760 2699 1830 ἢν
2724 1761 2787 1812 ὲκ
2817 1756 2926 1811 τῶν
2952 1755 3182 1828 Γραφῶν
3229 1755 3389 1820 αύτὺς
3431 1755 3627 1825 ’μεμά-

385 1864 662 1919 ειυιίυενο.
712 1861 1134 1916 Confessoribus
1183 1859 1366 1929 itaque
1411 1871 1629 1912 rursum
1680 1855 1747 1912 de
1799 1869 1952 1910 more

383 1954 752 2017 ministrabat,
775 1961 829 2006 ct
857 1953 1012 2021 quasi
1044 1951 1256 2004 vinctus
1279 1964 1402 2003 cum
1437 1948 1544 2002 illis
1573 1945 1790 2012 fuisset,
1818 1947 1954 2001 assi-

383 2049 555 2100 duum
587 2043 693 2098 illis
717 2041 1018 2097 ciliciorum
1049 2056 1274 2094 suorum
1309 2038 1657 2109 impendebat
1685 2037 1948 2092 laborem.

454 2303 545 2357 Π.
585 2301 883 2373 Postquam
911 2310 1092 2356 autem
1125 2303 1358 2358 cessavit
1397 2301 1725 2373 persecutio,
1750 2301 1947 2356 beatae-

380 2411 488 2464 que
532 2394 810 2448 memoria:
851 2395 1142 2464 episcopus
1181 2392 1379 2448 Petrus
1414 2392 1678 2464 martyrio
1725 2391 1951 2447 allectus

373 2496 487 2552 est,
521 2486 795 2558 profectus
844 2495 928 2542 est
970 2487 1260 2553 Antonius,
1293 2497 1456 2558 atque
1504 2487 1701 2543 iterum
1731 2487 1954 2543 secessit

376 2577 438 2634 in
469 2579 880 2642 monasterium,
916 2578 1008 2632 ubi
1041 2579 1389 2632 conscientia:
1417 2593 1530 2633 sua;
1555 2579 1737 2633 studio
1767 2578 1950 2647 quoti-

379 2671 471 2726 die
508 2679 716 2741 martyr
743 2680 882 2734 erat,
915 2679 1079 2740 atque
1118 2669 1242 2724 ﬁdei
1293 2671 1682 2725 certaminibus
1727 2671 1953 2725 dimica-

379 2760 494 2816 bat.
525 2759 830 2815 Asccticam
863 2760 1008 2813 enim
1058 2759 1227 2812 vitam
1277 2759 1572 2814 ferventius
1620 2757 1774 2825 iniit;
1805 2759 1951 2829 jeju-

378 2853 545 2908 nabat
569 2851 771 2921 quippe
795 2851 1062 2921 quotidie,
1082 2851 1406 2906 vestimento
1437 2864 1570 2906 usus
1594 2851 1808 2907 interno
1831 2853 1952 2922 qui-

378 2948 503 3002 dem
534 2945 775 3008 cilicino,
799 2955 1023 2999 externo
1060 2958 1184 2999 vero
1217 2944 1464 3015 pelliceo,
1496 2945 1640 3016 quod
1673 2944 1741 2999 ad
1779 2961 1953 3016 usque

374 3045 614 3092 mortem
649 3037 917 3091 servavit:
949 3050 1124 3105 neque
1145 3050 1343 3100 corpus
1371 3035 1439 3090 ad
1465 3035 1814 3105 deponendas
1835 3051 1951 3091 sor-

2051 1849 2207 1923 θηκε,
2238 1852 2449 1914 πολλοῖς
2479 1849 2794 1913 διδάσκαλος
2822 1848 3071 1918 γένηται.
3103 1847 3210 1900 Καὶ.
3241 1847 3350 1918 γὰρ
3396 1847 3494 1898 καὶ
3526 1847 3629 1915 μό-

2049 1959 2139 1996 νον
2173 1941 2458 2012 βλέποντες
2488 1939 2650 1995 αύτοῦ
2688 1939 2787 2009 τὴν
2821 1938 3064 2008 ἀγωγὴν,
3091 1937 3274 1991 πολλοὶ
3318 1937 3419 2007 τῆς
3472 1936 3631 1989 πολι-

2049 2035 2196 2096 τείας
2235 2033 2398 2088 αύτοῦ
2437 2031 2830 2096 ὲσπουδάξοντο
2867 2029 3106 2100 ζηλωταὶ
3133 2029 3402 2098 γενέσθαι.
3454 2028 3632 2082 Πάλιν

2048 2123 2141 2181 οὖν
2173 2127 2434 2198 ὑπηρέτει
2463 2126 2574 2196 (Ἠ)
2615 2123 2856 2195 συνήθως
2893 2125 3004 2186 τοῖς
3018 2122 3394 2194 όμολογηταῖς,
3424 2121 3522 2174 καὶ
3548 2121 3630 2184 ὡς

2051 2217 2426 2289 συνδεδεμένος
2451 2219 2651 2280 αὐτοῖς,
2672 2213 2739 2288 ἦν
2772 2214 2976 2268 κοπιῶν
2998 2217 3057 2269 ὲν
3080 2217 3198 2279 ταῖς
3225 2213 3571 2286 ὑπηρεσίαις.

2120 2310 2210 2366 47.
2264 2308 2480 2381 Ἐπειδὴ
2524 2308 2580 2361 δὲ
2626 2306 2811 2360 λοιπὸν
2852 2308 2880 2360 6
2907 2306 3144 2376 διωγμὸς
3195 2305 3492 2370 ἐπαύσατο,
3529 2304 3630 2357 καὶ

2055 2399 2478 2474 μεμαρτύρηκεν
2503 2395 2532 2453 ό
2568 2399 2876 2471 μακαρίτης
2908 2399 3206 2462 ἐπίσκοπος
3246 2397 3474 2468 Πέτρος,
3519 2398 3631 2450 ἀπ-

2051 2496 2310 2566 εδήμησε,
2331 2491 2424 2546 καὶ
2457 2492 2617 2545 πάλιν
2648 2495 2726 2554 εἰς
2753 2491 2812 2543 τὸ
2842 2491 3196 2561 μοναστήριον
3221 2487 3505 2559 ἀνεχώρει,
3532 2487 3632 2542 καὶ

2049 2577 2117 2656 ἦν
2157 2586 2272 2638 ἐκεῖ
2317 2584 2438 2638 καθ’
2465 2585 2678 2655 ήμέραν
2730 2582 3019 2656 μαρτυρῶν
3053 2584 3118 2652 τῇ
3171 2581 3493 2650 συνειδήσει,
3529 2580 3628 2633 καὶ

2050 2675 2443 2746 ἀγωνιζόμενος
2470 2679 2580 2738 τοῖς
2613 2679 2710 2746 τῆς
2741 2675 2974 2737 πίστεως
3015 2673 3218 2732 ἄθλοις.
3251 2672 3361 2726 Καὶ
3390 2672 3500 2742 γὰρ
3529 2672 3630 2726 καὶ

2049 2769 2280 2837 ἀσκήσει
2313 2767 2478 2838 πολλῇ
2522 2767 2616 2820 καὶ
2650 2766 3016 2838 συντονωτέρᾳ
3044 2767 3312 2837 ἐκέχρητο
3330 2781 3344 2794 ·
3368 2766 3628 2835 ὲνήστευε

2047 2858 2158 2928 ’γάρ
2179 2859 2283 2919 ἀεὶ,
2317 2851 2376 2910 τὸ
2406 2859 2463 2911 δὲ
2499 2857 2702 2928 ἔνδυμα
2736 2854 2881 2929 εἶχεν
2911 2857 3058 2911 ἔνδον
3088 2858 3186 2927 μὲν
3218 2856 3456 2929 τρίχινον
3489 2856 3628 2927 (72),

2051 2951 2236 3006 ἐπάνω
2267 2951 2322 3004 δὲ
2354 2952 2693 3023 δερμάτινον,
2729 2951 2756 3002 ὃ
2785 2953 2878 3004 καὶ
2905 2951 3007 3015 ἕως
3035 2951 3290 3021 τελευτῆς
3320 2953 3622 3022 τετήρηκε,

2057 3045 2192 3115 μήτε
2228 3061 2384 3114 σῶμα
2427 3042 2513 3096 διά
2554 3043 2720 3115 ῥύπον
2753 3043 2902 3096 ὕδατι
2927 3039 3142 3106 λούσας,
3178 3043 3304 3114 μήθ’
3334 3042 3471 3107 ὅλως
3498 3045 3629 3107 τοὺς

377 3126 477 3182 des
526 3141 666 3198 aqua
721 3125 872 3194 lavit,
905 3141 1084 3196 neque
1130 3126 1294 3197 pedes
1349 3140 1590 3197 unquam
1641 3127 1834 3194 abluit,
1867 3128 1951 3183 vel

2062 3107 2223 3199 πόδας
2254 3107 2591 3206 ἀπονί’ψας,ἦ
2615 3135 2718 3189 κᾶν
2751 3135 2933 3200 ἁπλῶς
2964 3137 3044 3198 είς
3071 3107 3213 3204 ὕδωρ
3238 3107 3434 3198 αὐτοὺς
3457 3136 3628 3216 χωρὶς

379 3216 558 3272 solum
581 3217 647 3270 in
671 3231 868 3287 aquam
896 3217 1002 3272 nisi
1033 3218 1344 3287 postulante
1378 3217 1700 3274 necessitate
1732 3219 1948 3274 demer-

379 3308 451 3362 sit
478 3325 491 3361 :
516 3322 616 3361 nec
641 3321 880 3377 unquam
904 3316 1132 3363 exutum
1161 3308 1311 3362 illum
1342 3309 1626 3380 conspexit
1650 3310 1945 3380 quispiam,

381 3399 462 3452 vel
497 3397 758 3453 nudatum
793 3413 996 3470 corpus
1029 3399 1291 3466 Antonii,
1323 3399 1430 3454 nisi
1461 3415 1588 3454 cum
1635 3409 1758 3470 post
1797 3417 1949 3457 mor-

379 3501 487 3546 tem
521 3507 676 3546 suam
702 3493 953 3561 sepultus
980 3501 1084 3547 est.

452 3582 541 3637 £8.
581 3581 720 3637 Cum
765 3583 1043 3638 secederet
1092 3584 1279 3653 igitur,
1337 3600 1632 3656 secumque
1675 3585 1954 3642 statuisset

379 3671 698 3743 aliquandiu
723 3688 822 3728 nec
853 3673 1056 3729 isthinc
1085 3675 1288 3745 egredi,
1318 3690 1420 3730 nec
1459 3678 1602 3746 apud
1645 3691 1705 3731 se
1759 3691 1952 3748 quem“

377 3765 525 3834 piam
563 3765 866 3830 admittere,
899 3763 1258 3821 Martinianus
1282 3767 1503 3836 quidam
1531 3769 1766 3824 militum
1806 3785 1949 3840 pra?-

383 3854 592 3926 positus
617 3857 878 3912 accedens
912 3854 1216 3912 molestiam
1244 3856 1481 3914 Antonio
1527 3861 1751 3928 creavit,
1782 3860 1950 3916 tiliam

2051 3227 2297 3298 ἀνάγκης
2347 3226 2712 3297 ἀνασχόμενος
2759 3226 3046 3298 ἐμϐαλεῖν·
3094 3226 3206 3279 ἀλλ’
3243 3225 3365 3279 οὐδὲ
3408 3243 3628 3296 γυμνωι

2056 3315 2214 3372 θέντα
2242 3334 2327 3380 τις
2359 3317 2520 3370 αὑτὸν
2549 3315 2790 3388 ἑώρακεν
2810 3358 2824 3383 ,
2850 3315 2972 3370 οὐδὲ
3006 3317 3140 3380 ὅλως
3163 3317 3223 3370 τὸ
3256 3315 3417 3386 σῶμά
3443 3334 3528 3379 τις
3554 3312 3630 3369 εί-

2053 3407 2111 3459 δε
2152 3406 2436 3460 Ἀντωνίου
2465 3407 2689 3477 γυμνὸν,
2711 3408 2760 3460 εί
2787 3406 2862 3478 μὴ
2881 3408 2968 3460 ὅτε
2999 3405 3318 3476 τελευτήσας
3339 3404 3624 3460 ἐθάπτετο.

2130 3583 2215 3638 48.
2272 3581 2694 3655 Ἀναχωροῦντι’
2713 3583 2891 3636 τοίνυν
2937 3581 3108 3652 αύτῷ,
3162 3581 3256 3633 καὶ
3305 3579 3629 3651 προθεμένῳ

2058 3675 2280 3747 ποιῆσαι
2307 3675 2516 3746 χρόνον,
2555 3673 2693 3726 ὥστε
2725 3675 2860 3744 μήτε
2889 3665 3048 3726 αύτδν
3082 3673 3344 3742 προϊέναι,
3381 3674 3521 3743 μήτε
3555 3690 3630 3726 τιρ

2055 3769 2124 3841 νά
2149 3767 2422 3834 δέξασθαι,
2453 3764 2816 3838 Μαρτινιανός
2845 3767 2955 3836 (73)
2999 3777 3081 3828 τις
3129 3765 3310 3836 ἄρχων
3360 3780 3628 3834 στρατιω-

2053 3861 2182 3926 τῶν,
2209 3860 2396 3927 ὲλθὼν,
2430 3861 2637 3929 ἐγίνετο
2664 3860 2732 3912 δι’
2760 3859 2916 3928 δχλου
3056 3857 3347 3927 Ἀντωνίῳ*
3375 3851 3491 3926 εἶχε
3518 3855 3626 3928 γὰρ

1693 4012 1829 4073 VER
1839 4017 1946 4074 810
1981 4018 2288 4076 EVAGRII.

380 4149 498 4191 cem
529 4134 936 4206 exhortabatur,
968 4145 1271 4206 ncterrore
1297 4135 1587 4206 impiorum
1614 4135 1847 4199 subacti,
1885 4135 2170 4190 Dominum
2200 4143 2474 4206 negarent.
2511 4133 2743 4204 Jamque
2779 4133 3352 4206 sententiacoron‘atos
3387 4129 3504 4206 (76)
3531 4147 3626 4206 et-

376 4207 612 4276 sultans,
645 4205 800 4276 quasi
847 4206 962 4275 ipse
1002 4205 1240 4276 vicisset,
1279 4202 1452 4274 usq—ue
1485 4207 1567 4276 ad,
1597 4206 1778 4260 locum
1824 4206 1998 4260 felicis
2047 4202 2328 4276 sanguinis
2357 4202 2806 4276 prosequebatur.
2836 4202 3201 4276 Quamobrem
3238 4211 3423 4276 motus
3433 4273 3441 4276 _
3452 4202 3624 4276 inde:

379 4275 600 4328 Antonii
639 4272 1021 4342 suciorut’uque
1047 4274 1166 4342 ejus
1193 4272 1494 4330 constantia
1531 4275 1666 4397 $75),
1695 4277 1948 4344 praacepit
1976 4272 2181 4329 nullum
2214 4272 2427 4344 penitus
2461 4272 2852 4328 monachorum
2883 4282 2976 4327 aut
3007 4273 3294 4327 observare
3327 4272 3624 4340 judicium,

380 4354 476 4397 aut
506 4345 562 4397 in
585 4345 800 4397 civitate
825 4345 1051 4397 versari.
1082 4344 1148 4396 Et
1189 4346 1396 4397 caneris
1428 4346 1544 4397 (luit
1562 4361 1647 4397 em
1675 4347 1929 4397 omnibus
1959 4347 2012 4397 in
2043 4346 2131 4397 illa
2163 4346 2249 4397 die
2277 4345 2477 4397 placuit
2505 4345 2799 4397 abscondi:
2847 4344 3119 4397 Antonius
3162 4351 3342 4396 autem
3393 4341 3624 4397 impavi-

380 4354 476 4399 aut
506 4345 562 4398 in
585 4345 800 4398 civitate
825 4341 1051 4399 versari.
1082 4341 1148 4396 Et
1189 4346 1396 4399 caneris
1428 4341 1647 4414 quidem
1675 4341 1929 4402 omnibus
1959 4347 2012 4398 in
2043 4346 2131 4400 illa
2163 4341 2249 4398 die
2277 4345 2477 4414 placuit
2505 4345 2799 4409 abscondi;
2847 4344 3119 4414 Antonius
3162 4351 3342 4414 autem
3393 4341 3630 4414 impavi-

379 4415 506 4480 dus,
538 4415 778 4482 neglecto
810 4414 1190 4486 persecutoris
1240 4412 1484 4486 imperio,
1521 4417 1650 4470 lavit
1694 4417 1992 4486 ependyten
2041 4431 2219 4471 suum.
2268 4412 2332 4470 Et
2381 4416 2485 4468 alia
2531 4415 2618 4469 die
2659 4423 2811 4486 stans
2846 4414 2900 4466 in
2927 4413 3173 4486 quodam:
3189 4412 3451 4467 eminenti
3481 4413 3625 4486 loco,

381 4481 630 4538 caiidenti
665 4481 986 4552 praecinctus
1015 4493 1182 4547 veste,
1215 4481 1592 4552 procedentem
1637 4481 1885 4552 judicem'
1925 4500 2026 4538 suo
2076 4486 2401 4554 provocabat
2457 4493 2700 4551 aspectu,
2731 4481 2965 4553 ﬂagrans
2995 4481 3289 4552 cupiditate
3321 4483 3619 4554 martyrii:

378 4555 806 4622 ostendebatque
852 4554 1012 4608 nobis
1059 4565 1483 4622 contemptorem
1524 4571 1808 4624 pmnarurn
1858 4567 1911 4610 et
1960 4552 2171 4617 mor—tis,
2207 4556 2259 4608 in
2300 4555 2646 4617 Christianis,
2678 4552 2920 4606 animum
2951 4552 3540 4624 perseverare_debt:re.
3570 4553 3625 4606 in

378 4633 616 4696 tantum,
645 4619 1180 4696 tit—contristaretur,
1211 4619 1336 4696 quia
1373 4619 1570 4679 volenti
1601 4626 1708 4692 pati
1746 4627 2085 4696 pronomine
2113 4624 2316 4679 Christi
2351 4625 2400 4690 (Ἰ
2414 4624 2490 4696 6),
2521 4624 2840 4696 martyrium
2859 4619 2991 4696 Δηυῐι
3017 4623 3269 4696 dabatur.
3299 4619 3405 4674 Sed
3428 4619 3628 4696 Domi-

377 4707 485 4748 tius
513 4694 605 4762 qui
635 4707 736 4748 suo
766 4694 912 4762 gregi
943 4695 1164 4764 parabat
1193 4695 1534 4762 magistrum,
1565 4691 1800 4749 servavit
1833 4695 2153 4757 Antonium,
2185 4704 2244 4748 ut
2266 4691 2571 4748 institutum
2617 4691 2816 4764 (sicuti
2852 4691 3028 4747 factus
3055 4701 3140 4746 est
3159 4693 3196 4764 )A
3225 4692 3623 4764 monachorum

379 4780 489 4816 non
525 4759 699 4818 solum
731 4759 974 4816 oratione
1002 4763 1141 4830 ejus.
1173 4764 1268 4817 sed
1285 4759 1348 4816 et
1381 4767 1760 4833 conspectibus
1793 4766 2115 4829 lirinaretur,
2145 4780 2420 4832 nunquam
2449 4759 2636 4818 tamen
2661 4778 2690 4816 a
2719 4772 3031 4816 sanctorum
3065 4759 3440 4833 confessorum
3467 4763 3629 4814 vesti-

379 4835 481 4958 gliis
509 4843 789 4901 separat-us
814 4842 916 4894 est,
936 4833 1065 4902 quin
1101 4833 1262 4886 anxia
1289 4837 1431 4887 circa
1461 4831 1554 4888 eos
1584 4850 1713 4889 cura
1739 4845 1790 4889 et
1817 4835 2098 4890 charitatis
2122 4831 2351 4889 vinculis
2371 4835 2675 4904 colligatus,
2696 4833 2870 4901 magis
2897 4845 3170 4886 carcerem
3203 4831 3511 4900 patiebatur
3531 4846 3621 4886 ex.

379 4920 410 4957 c
435 4919 584 4958 usus.

379 4919 584 4959 CIUSUS.

451 4974 539 5027 47.
580 4972 875 5042 Postquam
909 4982 1090 5027 autem
1119 4970 1511 5041 persecutionis
1545 4974 1702 5028 turbo
1733 4973 2048 5036 deﬂuxerat,
2076 4983 2129 5028 et
2167 4974 2222 5027 Β.
2252 4974 2508 5043 episcopo
2538 4971 2699 5028 Petro
2721 4971 2940 5043 jamob
2969 4970 3212 5043 martyrii
3257 4968 3488 5043 gloriam
3524 4981 3622 5025 co-

379 5053 596 5107 ronato,
623 5044 692 5096 ad
730 5039 1023 5112 pristinum
1076 5039 1464 5096 monasterium
1524 5061 1822 5111 regressus,
1852 5045 2231 5112 quotidianum
2286 5039 2407 5098 iidei
2442 5039 2516 5098 ac
2562 5039 2911 5097 conscientiae
2934 5039 3255 5112 martyrium
3288 5039 3622 5112 merebatur,

379 5114 685 5168 acrioribus
730 5110 790 5166 se
834 5112 1058 5180 jejuuiis
1111 5113 1419 5181 vigiliisque
1465 5110 1777 5179 conﬁciens,
1833 5110 2156 5167 vestimento
2206 5114 2424 5167 cilicino
2456 5113 2808 5174 intrinsecus,
2834 5113 3065 5181 desuper
3083 5110 3319 5180 'pelliceo
3347 5110 3622 5175 utebatur,

380 5128 685 5168 aCI'IOI'IDUS
730 5130 790 5166 se
834 5128 1058 5180 jejunus
1111 5128 1419 5181 vigiliisque
1465 5128 1777 5179 connenens,
1833 5128 2156 5167 Vestimenta
2206 5128 2424 5167 emcmo
2456 5128 2964 5174 mtrmsecus,aesu
3007 5128 3065 5165 er
3093 5128 3319 5180 petuceo
3347 5128 3621 5175 utebatur,

380 5199 658 5260 nunquam
687 5184 1137 5260 corpus__lavans,_
1171 5185 1712 5260 nunquampedibus
1764 5185 1952 5260 sordes
1987 5184 2232 5246 abluens.
2267 5183 2370 5236 nisi
2409 5199 2532 5237 cum
2564 5198 2658 5250 per
2685 5195 2883 5250 aquam
2913 5128 3026 5260 (7g)
3048 5181 3291 5260 _t_ransire
3321 5182 3621 5236 necessitas

380 5251 736 5322 compulisset
764 5268 777 5305 :
809 5252 992 5306 nullus
1019 5253 1250 5321 denique
1274 5252 1496 5308 Antonii
1529 5269 1724 5322 corpus
1761 5255 1988 5317 nudum,
2019 5262 2314 5323 antequam
2339 5262 2664 5320 moreretur,
2697 5267 2936 5321 unquam
2976 5251 3128 5304 vidit.

449 5387 564 5461 (ῃ)
604 5389 758 5461 Colb.
785 5391 841 5456 2,
871 5389 1174 5461 ἠκολούθει.

453 5459 564 5525 (72)
605 5460 736 5533 Tres
778 5459 1152 5533 manuscripti,
1193 5461 1430 5533 τρίχινον
1460 5470 1623 5517 recte.
1659 5459 1794 5515 Tres
1823 5460 1936 5524 alii,

382 5533 650 5603 τρύχινον.
684 5529 848 5594 Editi,
876 5531 1164 5654 τρυχίνιον.

456 5602 566 5654 (ἷδὶ
609 5603 809 5654 [leuius
831 5601 885 5654 '2.
944 5603 1164 5654 iam:th

456 5602 566 5673 αὖ)
609 5603 809 5673 llegius
831 5601 886 5666 '2,
915 5601 1244 5670 Μαρτιᾶνος.
1280 5601 1435 5656 Colb.
1469 5601 1524 5662 Ξ,
1554 5603 1847 5672 Μαρτῖνος.

451 5669 565 5743 (74)
607 5669 709 5725 δίο
723 5669 1078 5740 ωαιιιι.,ει·ἱμιί
1098 5675 1340 5742 quidam.
1361 5673 1625 5741 Bolland.,
1644 5669 1940 5727 coronatos.

2123 5389 2235 5458 ('75)
2277 5388 2351 5444 Ita
2408 5405 2599 5445 omnes
2649 5391 3025 5459 Inanuscripti.
3060 5388 3304 5442 Bulland.
3336 5386 3505 5458 Ivem,
3556 5387 3620 5439 ob

2053 5461 2267 5512 Antonii
2289 5461 2648 5529 sociorumque
2671 5461 2784 5529 ejus
2809 5462 3181 5512 constantiam.

2122 5529 2230 5600 (76)
2273 5531 2348 5584 Ita
2385 5527 2736 5600 manuScripti
2767 5545 2902 5599 pene
2933 5543 3142 5586 oittnes.
3178 5527 3425 5582 Botland.
3472 5542 3618 5589 vero,

2049 5616 2144 5662 pro
2177 5599 2269 5652 Dei
2301 5601 2529 5653 nomine.

2127 5669 2235 5742 (π)
2278 5670 2366 5726 Sic
2401 5669 2779 5744 manuscripti.
2815 5668 3055 5728 Bollan'J.
3082 5685 3234 5736 vero,
3268 5684 3360 5737 per
3399 5683 3594 5739 aqum.
