3824 6224
291 320 394 376 917

1610 321 1767 378 VITA
1808 324 1864 380 S.
1906 324 2220 383 ANTONN.‘.

3409 320 3512 380 9T8

293 439 560 511 προφάσει
609 437 701 494 τοῦ
746 437 934 506 ὓδατος
968 442 1254 516 ἐρχόμενα,
1292 443 1546 509 πολλάκις
1589 444 1842 500 ἔϐλαπτον

1954 450 2240 520 prehensa,
2270 449 2525 504 omnibus
2553 446 2664 502 ait:
2692 445 2831 514 Quid
2855 464 2940 504 me
2959 427 3174 514 lzeditis,
3209 446 3341 501 nihil
3372 460 3402 499 a
3424 461 3515 502 me

290 530 457 585 αὑτοῦ
485 532 574 585 τὸν
601 533 798 604 σπόρον
825 533 918 586 καὶ
943 533 1040 605 τὴν
1057 536 1327 606 γεωργίαν
1346 553 1360 566 ⁸
1388 536 1546 600 αὐτὸς
1570 535 1627 593 δὲ
1645 539 1855 609 χαριέν-

288 639 400 686 τως
432 625 708 696 κρατήσας
747 624 805 678 ἓν
832 625 940 679 τῶν
979 626 1202 698 θηρίων,
1231 629 1381 697 ἔλεγε
1413 631 1524 692 τοῖς
1559 630 1691 682 πᾶσι
1711 646 1724 661 ·
1755 629 1852 682 Διὰ

286 714 342 765 τί
375 731 442 785 με
464 714 746 784 βλάπτετε,
791 717 954 788 μηδὲν
992 718 1124 789 ἐμοῦ
1161 719 1274 789 (87)
1309 719 1629 790 βλάπτοντος
1673 720 1852 789 ὑμᾶςς

1953 541 2128 597 laesae?
2155 541 2330 608 Abite,
2365 550 2418 597 et
2448 543 2500 596 in
2528 544 2747 598 nomine
2777 542 2991 598 Domini
3026 558 3096 597 ne
3131 555 3375 610 unquam
3406 538 3514 595 huc

1956 633 2399 702 appropinquate.
2428 633 2493 688 Et
2519 649 2586 689 ex
2620 649 2686 689 eo
2733 646 2972 704 tempore
3009 633 3164 704 quasi
3197 631 3513 686 mandatum

1935 721 2160 787 ‘veritze,
2187 738 2464 792 nunquam
2497 722 2565 777 ad
2598 739 2721 778 eum
2754 725 2930 778 locum
2965 738 3264 779 accessere.

302 805 608 874 ’Ᾱπέλθετε,
636 811 728 864 καὶ
755 811 813 862 ὲν
837 811 914 881 τῷ
934 811 1150 883 ὀνόματι
1176 813 1268 866 τοῦ
1304 813 1508 885 Κυρίου
1563 813 1756 885 μηκέτι
1805 813 2058 884 ἐγγίσητε
2085 818 2196 880 τοῖς
2226 810 2346 872 ὧδε.
2389 817 2498 872 Καὶ
2543 817 2600 884 ἐξ
2643 819 2847 872 ἐκείνου
2885 818 3088 888 λοιπὸν,
3123 819 3311 889 ὥσπερ
3345 816 3515 889 φοϐη-

283 893 453 950 θέντα
479 897 577 968 τὴν
613 900 997 971 παραγγελίαν,
1027 904 1126 957 οὐκ
1158 902 1235 956 ἔτι
1266 903 1345 975 τῷ
1375 904 1522 975 τόπῳ
1547 905 1793 976 ἤγγισαν.

361 989 452 1043 51.
491 990 659 1054 Δύτὸς
691 992 788 1061 μὲν
816 988 909 1046 οὗν
938 992 1094 1063 μόνος
1133 990 1200 1065 ἦν
1227 996 1304 1057 είς
1326 995 1386 1048 τὸ
1417 995 1523 1048 ἔσω
1549 996 1693 1068 ὅρος,
1728 998 1846 1058 ταῖς

285 1079 478 1150 εὐχαῖς
497 1082 589 1133 καὶ
607 1083 670 1152 τῇ
701 1082 928 1152 ἀσκήσει
950 1083 1222 1166 σχολάζων
1247 1101 1260 1114 ο
1282 1086 1328 1138 οἱ
1358 1084 1412 1137 δὲ
1435 1084 1650 1153 ἀδελφοὶ
1665 1085 1715 1136 οἱ
1737 1085 1847 1154 (88)

280 1167 655 1233 διακονοῦντες
675 1170 840 1241 αὐτῷ,
857 1170 1091 1242 ἠξίωσαν
1113 1172 1290 1237 αὑτὸν,
1315 1172 1400 1225 ἵνα
1424 1173 1510 1226 διὰ
1539 1171 1718 1243 μηνῶν
1741 1175 1850 1226 είσ-

283 1261 570 1330 ερχόμενοι
619 1263 914 1333 κομίζωσιν
958 1263 1102 1334 αὐτῷ
1145 1263 1327 1328 ἐλαίας
1361 1264 1454 1317 καὶ
1493 1264 1713 1335 ὄσπριον
1755 1265 1849 1318 καὶ

284 1349 466 1403 ελαιον
486 1369 499 1381 ·
535 1351 708 1424 γέρων
741 1353 847 1425 γὰρ
879 1353 1062 1407 λοιπὸν
1091 1350 1178 1426 ἦν.
1198 1356 1342 1408 Ἐκεῖ
1367 1355 1542 1409 τοίνυν
1589 1357 1848 1426 ἀναστρε-

285 1439 542 1510 φόμενος,
561 1441 691 1505 ὅσας
718 1441 973 1512 ὑπέμεινε
1000 1443 1194 1508 πάλας,
1219 1446 1356 1498 κατὰ
1375 1445 1434 1498 τὸ
1456 1445 1851 1516 γεγραμμένον,

285 1529 350 1582 ού
381 1531 517 1599 πρὸς
544 1524 679 1601 αἷμα
709 1533 802 1585 καὶ
831 1533 1029 1603 σάρκα,
1063 1534 1195 1588 ἀλλὰ
1226 1533 1360 1606 πρὸς
1391 1536 1516 1600 τοὺς
1547 1536 1854 1606 ἀντικειμέ-

286 1636 414 1683 νους
437 1619 712 1691 δαίμονας,
733 1625 796 1675 ὲκ
815 1622 922 1677 τῶν
945 1626 1333 1696 είσερχομένων
1356 1627 1490 1698 πρὸς
1510 1627 1668 1680 αὑτὸν
1689 1626 1854 1696 ἔγνω-

289 1728 414 1781 μεν.
443 1713 551 1766 Καὶ
573 1713 681 1783 γάρ
705 1715 864 1767 κάκεῖ
883 1714 1144 1788 θορύϐων,
1176 1717 1268 1769 καὶ
1292 1717 1481 1786 φωνῶν
1506 1719 1732 1786 πολλῶν,
1756 1719 1852 1772 καὶ

2025 991 2110 1048 5|.
2152 989 2312 1045 Solus
2339 991 2519 1060 itaque
2543 989 2657 1060 ipse
2685 989 2740 1043 in
2771 989 3026 1044 interiore
3049 999 3232 1043 monte
3254 989 3525 1059 degenat;.

1951 1083 2202 1155 precibus
2233 1091 2284 1136 et
2313 1081 2560 1136 asceticae
2591 1081 2714 1135 vitae
2748 1081 2884 1136 dans
2914 1095 3152 1150 operam.
3185 1079 3402 1134 Fratres
3428 1093 3513 1133 ve-

1953 1193 2015 1233 ro
2058 1175 2150 1246 qui
2198 1174 2266 1229 ad
2317 1189 2441 1228 eum
2494 1171 2841 1236 accedebam,
2895 1172 3156 1241 rogabant
3197 1179 3254 1225 ut
3283 1171 3513 1240 singulis

1953 1265 2232 1320 mensibus
2262 1264 2447 1318 liceret
2473 1262 2576 1317 sibi
2603 1262 2793 1324 olivas,
2820 1261 3089 1330 legumina
3135 1268 3189 1314 et
3236 1260 3412 1313 oleum
3442 1259 3512 1314 ad

1955 1359 2132 1427 ipsum
2162 1356 2373 1411 deferre
2414 1375 2426 1410 :
2462 1371 2586 1410 nam
2619 1368 2782 1410 senex
2817 1354 2929 1424 jam
2965 1360 3100 1407 erat.
3136 1351 3212 1408 Eo
3245 1352 3425 1420 itaque
3455 1350 3512 1406 in

1950 1449 2070 1505 loco
2105 1449 2325 1518 degens,
2355 1455 2589 1517 quantas
2641 1445 2958 1502 sustinuerit
3003 1459 3233 1514 pugnas,
3264 1444 3340 1497 uti
3375 1443 3511 1497 Seri-

1949 1546 2098 1608 ptum
2125 1537 2288 1598 est”,
2316 1551 2421 1590 non
2444 1535 2702 1589 adversus
2733 1549 2948 1589 carnem
2979 1542 3031 1587 et
3055 1533 3394 1602 sanguinem,
3419 1535 3512 1586 sed

1949 1635 2134 1682 contra
2171 1626 2508 1681 adversarios
2537 1625 2826 1689 daemones,
2863 1639 2926 1678 ex
2971 1623 3035 1678 iis
3081 1623 3174 1692 qui
3221 1623 3370 1676 illum
3413 1623 3502 1676 ad-

1950 1715 2098 1770 ibant
2130 1715 2440 1771 didicimus.
2473 1714 2586 1769 Illic
2609 1715 2754 1768 enim
2784 1714 3052 1768 tumultus
3078 1713 3388 1777 audiebant,
3414 1727 3512 1767 vo-

286 1800 532 1868 κτύπων,
557 1803 633 1866 ὡς
656 1803 833 1859 ὅπλων
865 1805 1087 1874 ἤκουον·
1120 1807 1180 1859 τό
1207 1823 1264 1859 τε
1293 1807 1416 1878 ὅρος
1437 1808 1628 1871 νυκτὸς
1652 1809 1842 1879 πλῆρες

1954 1821 2042 1861 ces
2079 1807 2298 1871 multas,
2329 1819 2716 1874 armorumque
2742 1805 2998 1874 strepitus
3025 1823 3038 1858 :
3066 1815 3332 1874 noctuque
3365 1818 3512 1856 mon-

284 1891 492 1963 θηρίων
520 1894 806 1965 γενόμενον
829 1896 1050 1949 ἔϐλεπον
1071 1913 1085 1926 ο
1113 1896 1378 1968 ἐθεώρουν
1399 1897 1455 1950 δὲ
1485 1899 1579 1952 καὶ
1599 1899 1755 1952 αὑτὸν
1775 1899 1849 1963 ὼς

283 1983 426 2054 πρὸς
455 1983 814 2056 βλεπομένους
837 1985 1160 2056 μαχόμενον,
1191 1987 1286 2040 καὶ
1304 1987 1590 2059 εὐχόμενον
1616 1989 1734 2042 κατ’
1760 1990 1850 2042 αὐ-

279 2073 413 2129 τῶν.
449 2076 557 2129 Καὶ
577 2076 699 2140 τοὺς
739 2077 834 2148 μὲν
861 2077 1186 2148 ἐρχομένους
1214 2077 1348 2150 πρὸς
1375 2079 1536 2133 αὑτὸν
1567 2079 1846 2153 παρεθάρ-

285 2168 466 2238 ρυνεν,
494 2167 654 2230 αὐτὸς
683 2168 740 2221 δὲ
771 2169 1066 2237 ἠγωνίζετο
1099 2170 1364 2240 κάμπτων
1410 2170 1478 2224 τὰ
1523 2171 1723 2238 γόνατα
1751 2173 1848 2226 καὶ

283 2259 716 2330 προσευχόμενος
751 2259 829 2330 τῷ
860 2261 1064 2331 Κυρίῳ.
1095 2262 1204 2314 Καὶ
1234 2256 1302 2332 ἦν
1330 2259 1543 2331 ἀληθῶς
1575 2260 1846 2331 θαύματος

280 2348 454 2412 ἀξιον,
485 2349 585 2415 ὅτι,
615 2350 774 2420 μόνος
820 2349 877 2403 ἐν
916 2351 1137 2422 τοιαύτῃ
1164 2350 1355 2422 ἐρήμῳ
1385 2349 1480 2418 ὢν,
1513 2349 1636 2403 οὔτε
1663 2351 1847 2422 δαιμό-

183 2443 186 2446 ’
281 2453 392 2492 νων
417 2439 789 2510 ἐφισταμένων
819 2441 1079 2506 ἐπτοεῖτο,
1096 2439 1240 2505 οὔτε,
1261 2439 1526 2493 τοσούτων
1547 2439 1711 2495 ὄντων
1732 2444 1848 2496 ἐκεῖ

278 2530 487 2602 θηρίων
505 2533 845 2604 τετραπόδων
866 2533 958 2586 καὶ
984 2534 1246 2604 ἑρπετῶν,
1265 2532 1509 2602 ἐφοϐεῖτο
1525 2532 1727 2587 τούτων
1746 2533 1844 2606 τὴν

279 2623 608 2696 ἁγρίοτηταο
644 2624 756 2678 ἀλλ’
778 2624 1009 2696 ἀληθῶς,
1034 2626 1176 2680 κατὰ
1211 2626 1272 2678 τὸ
1298 2624 1700 2697 γεγραμμένον,
1734 2642 1833 2678 πε-

282 2713 486 2778 ποιθὼς
509 2712 575 2786 ἦν
603 2716 918 2787 ἐπϊΚύριον
955 2716 1030 2781 ὡς
1057 2717 1181 2788 ὅρος
1211 2717 1368 2782 Σιὼν,
1393 2717 1682 2771 ἀσάλευτον
1707 2717 1843 2789 ἔχων

279 2807 380 2861 καὶ
408 2807 716 2880 ἀκύμαντον
735 2809 824 2863 τὸν
852 2807 1014 2864 νοῦνκ
1043 2809 1182 2863 ὥστε
1217 2810 1412 2882 μᾶλλον
1433 2811 1558 2874 τοὺς
1586 2810 1843 2882 δαίμονας

279 2898 524 2968 φεύγειν,
554 2902 647 2954 καὶ
683 2900 753 2955 τά
789 2901 950 2973 θηρία
981 2902 1050 2956 τά
1082 2903 1268 2975 ἄγρια,
1297 2905 1372 2969 ὡς
1404 2904 1729 2980 γέγραπται,
1764 2907 1840 2963 εξ-

280 2990 524 3066 ρηνεύειν
555 2993 691 3063 πρὸς
724 2993 908 3048 αὐτόν.

349 3080 439 3134 52.
493 3081 550 3134 Ὀ
600 3081 698 3152 μὲν
723 3079 816 3136 οὖν
843 3083 1104 3148 διάϐολος,
1135 3085 1210 3148 ὡς
1240 3084 1428 3155 ψάλλει
1469 3085 1651 3151 Δαϐὶδ,
1696 3106 1837 3160 παρ-

1956 1907 2061 1952 tem
2097 1897 2348 1952 videbant
2393 1896 2520 1951 feris
2570 1896 2827 1966 plenum:
2862 1897 3280 1965 spectabantque
3334 1896 3512 1964 ipsum

1954 1997 2212 2058 tanquam
2261 1997 2448 2042 contra
2478 1987 2638 2058 667
2671 1987 2910 2042 visibiles
2952 1997 3299 2058 pugnantem,
3333 1997 3386 2040 et
3416 1985 3510 2039 ad-

1952 2089 2167 2129 versum
2215 2074 2336 2128 illos
2378 2083 2644 2128 orantem.
2680 2073 2857 2144 Seque
2882 2076 3202 2130 adeuntibus
3229 2076 3340 2142 ipse
3372 2075 3509 2130 ﬁdu-

1953 2164 2092 2219 ciam
2123 2165 2286 2219 dabat
2317 2183 2329 2218 :
2361 2165 2636 2236 pugnabat
2665 2174 2843 2220 autem
2890 2166 3041 2220 llexis
3067 2166 3293 2236 genibus
3325 2175 3378 2220 et
3403 2165 3507 2220 Do-

1951 2257 2160 2311 minum
2190 2257 2531 2327 precabatur.
2559 2257 2793 2328 Eratque
2820 2273 3043 2328 prorsus
3081 2259 3217 2312 mira
3263 2274 3371 2322 res,
3410 2258 3506 2310 bo-

1952 2349 2151 2404 minem
2181 2350 2353 2404 solum
2403 2349 2456 2402 in
2481 2348 2746 2418 ejusmodi
2779 2348 3014 2414 deserto,
3047 2365 3147 2404 nec
3191 2348 3503 2403 invadentes

1949 2442 2222 2497 daemones
2252 2439 2626 2507 reformidare,
2656 2456 2831 2511 neque
2863 2450 3068 2497 tantam
3104 2440 3488 2508 feraruin,qua

1949 2535 2270 2604 drupedum,
2302 2534 2702 2604 reptiliumque,
2731 2541 2932 2603 quanta
2987 2533 3096 2588 illic
3130 2531 3334 2596 aderat,
3369 2530 3488 2585 mul-

1947 2619 2232 2674 titudinem
2276 2619 2654 2690 feritatemque
2700 2622 3101 2690 pertimescere.
3144 2620 3248 2674 Sed
3294 2634 3500 2686 revera,

1947 2719 2008 2765 ut
2033 2710 2292 2780 scriptum
2323 2711 2488 2775 est",
2517 2711 2818 2766 conﬁdebat
2841 2711 2895 2765 in
2932 2711 3163 2767 Domino
3189 2712 3330 2768 sicut
3349 2711 3500 2765 mons

1949 2799 2100 2866 Sion,
2130 2803 2420 2873 tranquillo
2445 2817 2656 2872 semper
2698 2810 2752 2858 et
2780 2804 3168 2874 imperturbato
3196 2805 3399 2869 animo,
3429 2803 3500 2858 ita

1945 2901 2006 2946 ut
2051 2893 2152 2963 ipsi
2201 2894 2473 2950 daemones
2518 2895 2700 2964 potius
2755 2894 3098 2967 aufugerent,
3127 2896 3500 2966 immanesque

1945 2982 2094 3050 ferte,
2127 2984 2472 3054 ut-seriptum
2497 2986 2655 3051 est",
2697 3001 2880 3056 pacem
2907 3002 3029 3042 cum
3064 2987 3157 3040 illo
3188 2987 3468 3041 baberent.

2013 3075 2104 3129 52.
2147 3074 2218 3130 Et
2244 3076 2491 3132 diabolus
2522 3077 2762 3146 quidem,
2791 3087 2849 3132 ut
2870 3079 3015 3133 canit
3045 3078 3231 3143 David,
3253 3080 3494 3134 obsorva-

277 3173 525 3243 ετηρεῖτο
562 3171 652 3224 τὸν
691 3172 823 3244 (88⁴)
867 3174 1164 3240 Ἀντώνιον,
1198 3177 1290 3229 καὶ
1316 3176 1491 3246 ἔτριζε
1534 3178 1652 3231 κατ’
1683 3179 1842 3232 αύτοῦ

1954 3167 2038 3221 bat
2061 3167 2377 3230 Antonium,
2403 3177 2456 3222 et
2478 3169 2740 3223 stridebat
2763 3169 3080 3225 dentibus"
3121 3171 3172 3224 in
3204 3185 3358 3232 eum;
3389 3171 3500 3223 An-

271 3261 674 3325 qobc~666v1ag°
709 3263 740 3314 ὁ
780 3263 842 3316 δὲ
880 3263 1158 3328 Ἀντώνιος
1186 3267 1543 3336 παρεκαλεῖτο
1570 3269 1720 3340 παρὰ
1749 3268 1842 3322 τοῦ

1954 3260 2128 3315 tonius
2178 3275 2306 3314 vero
2353 3275 2384 3314 a
2426 3259 2705 3315 Salvatore
2732 3261 3153 3317 consolationem
3187 3262 3502 3331 accipiebat,

275 3351 549 3423 Σωτῆρος,
580 3352 820 3423 ἀϐλαϐὴς
847 3354 1112 3425 διαμένων
1135 3357 1242 3410 ἀπὸ
1260 3358 1358 3428 τῆς
1380 3358 1584 3412 ἐκείνου
1607 3375 1775 3414 πανου
1785 3377 1833 3432 ρ-

1954 3353 2092 3406 nullo
2121 3367 2184 3407 ex
2216 3351 2507 3406 calliditate
2542 3361 2596 3406 et
2639 3352 2825 3407 dolosa
2858 3351 3073 3407 vafritie
3104 3352 3247 3407 illius
3280 3363 3501 3422 accepto

275 3445 404 3512 γίας
436 3445 529 3498 καὶ
545 3445 643 3512 τῆς
661 3445 907 3516 ποικίλης
938 3448 1235 3516 μεθοδείας.
1255 3449 1639 3521 Ἀγρυπνοῦντι
1664 3450 1842 3505 τοίνυν

1954 3443 2288 3499 detrimento.
2322 3442 2426 3513 lpsi
2453 3445 2633 3514 itaque
2657 3453 2820 3499 noctu
2848 3445 3092 3515 vigilanti
3118 3444 3344 3500 immisit
3379 3447 3502 3500 dia-

273 3535 424 3605 αὐτῷ
454 3535 645 3598 νυκτὸς
672 3538 927 3608 ἐπαφῆκε
962 3538 1123 3610 θηρία
1141 3557 1155 3570 ·
1185 3542 1276 3595 καὶ
1299 3541 1481 3612 σχεδὸν
1499 3545 1556 3595 ἐν
1577 3543 1754 3615 ἐκείνῃ
1775 3545 1841 3614 τῇ

1954 3535 2104 3590 bolus
2130 3534 2294 3600 feras,
2325 3549 2388 3588 ac
2410 3548 2578 3604 prope
2598 3548 2788 3589 omnes
2814 3549 2935 3604 quae
2957 3535 3012 3588 in
3034 3535 3122 3588 illa
3144 3549 3326 3590 eremo
3347 3544 3500 3590 erant

274 3627 468 3698 ἐρήμῳ
507 3628 675 3680 πᾶσαι
699 3629 753 3680 αἱ
775 3627 972 3693 ὕαιναι,
1002 3630 1308 3696 ἐξελθοῦσαι
1337 3633 1444 3685 τῶν
1467 3632 1708 3702 φωλεῶν,
1737 3651 1838 3686 πε-

1954 3641 2162 3696 ιιγαδηιε,
2183 3639 2250 3680 ex
2273 3625 2511 3680 latibulis
2535 3639 2786 3695 egressae,
2807 3625 3041 3680 medium
3072 3627 3247 3696 ipsum
3270 3626 3518 3681 circum-,

275 3715 664 3794 ριεκύκλωσαν,
691 3719 784 3776 καὶ
824 3719 984 3789 μέσος
1013 3716 1078 3794 ἦν
1105 3722 1284 3787 αὐτός’
1322 3722 1611 3794 χαινούσης
1639 3723 1715 3788 δὲ,
1743 3724 1838 3778 καὶ

1954 3719 2162 3781 ledere,
2183 3717 2406 3788 singulis
2444 3717 2617 3771 hianti
2666 3733 2762 3772 ore
2813 3731 3054 3772 morsum
3100 3717 3497 3780 minitantibus.

271 3804 486 3860 δάκνειν
511 3806 746 3878 ἑκάστης
775 3807 1131 3880 ἀπειλούσης,
1174 3813 1350 3876 συνεὶς
1390 3812 1486 3884 τὴν
1521 3813 1614 3866 τοῦ
1642 3813 1842 3886 ἐχθροῦ⁴

1954 3809 2324 3866 animadversa
2357 3808 2447 3862 ille
2473 3807 2679 3862 inimici
2708 3806 2920 3874 techna,
2955 3807 3031 3862 ait
3061 3807 3166 3861 illis
3195 3808 3449 3867 omnibus
3468 3827 3498 3868 .:

269 3896 489 3967 τέχνην,
515 3893 634 3950 εἷπε
659 3897 858 3962 πάσαις
889 3901 1202 3965 αύταίςο-Εί
1227 3904 1324 3974 μὲν
1349 3903 1593 3971 ἐξουσίαν
1617 3905 1834 3960 ἐλάϐετε

1954 3899 1995 3955 Si
2023 3900 2306 3969 accepistis
2338 3900 2621 3954 adversum
2651 3915 2736 3954 me
2770 3906 3110 3968 potestatem,
3135 3907 3500 3967 paratussum

271 3989 394 4047 κατῗ
415 3985 571 4058 ἐμοῦ,
601 3988 813 4062 ἕτοιμός
855 3993 988 4063 είμι;
1012 3991 1440 4070 βρωθῆναιίπαᾴ
1475 3995 1626 4065 ὑμῶν
1647 4012 1659 4024 ·
1695 3997 1743 4048 εἰ
1775 3997 1830 4049 δὲ

1954 3994 2116 4047 vorari
2151 4010 2180 4048 a
2213 3993 2400 4057 vobis;
2427 3992 2509 4047 sin
2534 3993 2664 4047 estis
2687 4009 2718 4046 a
2743 3991 3077 4046 daemonibus
3105 3991 3406 4055 submissm,
3433 4007 3500 4044 ne
3565 4031 3572 4037 .

272 4077 713 4156 παράχδαιμόνων
735 4080 1090 4155 ὑπεϐλήθητε,
1118 4083 1193 4154 μὴ
1226 4083 1465 4154 μέλλετε,
1489 4083 1601 4139 ἀλλ’
1617 4086 1832 4155 ’ἀναχω-

1954 4085 2247 4150 moremini,
2271 4085 2365 4140 sed
2399 4084 2670 4140 abscedite
2699 4103 2714 4139 :
2740 4083 2938 4139 Christi
2967 4083 3110 4138 enim
3134 4097 3494 4146 servusisum.

1573 4237 1828 4294 VERSIO
1867 4237 2167 4294 EVAGRll.

269 4430 436 4472 unam
465 4415 872 4497 apprehendens
895 4420 1032 4497 dixit
1056 4420 1308 4497 omnibus
1344 4439 1370 4477 :_
1391 4420 1502 4497 cur
1529 4435 1616 4476 me
1644 4420 1857 4497 laeditis,
1894 4420 2029 4497 nihil
2060 4435 2090 4475 a
2120 4435 2206 4475 me
2227 4420 2401 4497 laesae.
2437 4425 2612 4486 Anne,
2643 4433 2698 4476 et
2718 4418 2774 4476 in
2807 4428 3032 4497 nomine
3049 4415 3261 4497 Domini
3293 4418 3496 4484 n_e,li’ue

631 4487 876 4545 ulterius.
905 4490 1039 4558 Quis
1073 4491 1276 4558 credat,
1309 4500 1430 4561 post
1459 4492 1598 4547 hanc
1626 4491 2086 4548 denuntiationem
2111 4490 2271 4561 quasi
2307 4492 2577 4556 timentes,
2611 4491 3048 4562 nunquamilluc
3075 4491 3276 4552 bestias
3302 4505 3498 4560 appro-

267 4571 591 4628 piliquasse!

339 4625 428 4680 51.
472 4625 564 4701 S_ic
592 4627 828 4684 Antonio
858 4629 1290 4701 impenetrabilia
1322 4630 1591 4685 montium
1617 4639 1670 4685 et
1709 4630 1904 4686 deserti
1940 4630 2198 4686 interiora
2225 4630 2485 4701 captanti,
2514 4629 2848 4701 orationibus
2871 4629 3051 4688 .etiam
3072 4629 3294 4692 .dedito,
3326 4629 3498 4683 intro-

267 4703 459 4770 eu_nt_es
484 4693 679 4770 fratres
712 4693 1042 4770 magnis-vix
1067 4701 1316 4770 precibus
1341 4709 1686 4754 extorserunt
1717 4709 1776 4754 ut
1815 4701 1983 4755 olivas
2021 4709 2076 4754 et
2107 4693 2352 4770 legumen
2384 4709 2436 4770 et
2465 4701 2665 4762 oleum,
2703 4700 2848 4769 quod
2881 4709 3012 4768 post
3036 4715 3248 4756 menses
3289 4700 3521 4768 aliquot.

267 4764 674 4839 ministrabant,
702 4764 1011 4838 dignaretur
1040 4764 1384 4838 accipere,,et
1409 4771 1562 4825 senili
1597 4771 1865 4824 modicum
1899 4771 2101 4824 laxaret
2128 4764 2292 4823 aetati.
2315 4768 2486 4824 Proh!
2519 4764 2754 4839 quantas
2777 4770 2846 4829 ibi
2880 4764 3210 4830 convrrsans
3242 4764 3528 4834 expertus.

265 4844 352 4888 est
379 4834 584 4908 luctas!
615 4834 785 4908 δίει-εξ
801 4839 1095 4893 secundum
1127 4834 1560 4907 quod'scriptum
1591 4849 1693 4901 est,
1723 4855 1828 4894 non
1866 4839 1940 4894 illi
1976 4841 2234 4894 adversus
2266 4854 2482 4892 carnem
2523 4834 2575 4892 et
2624 4840 2937 4908 sanguinem
2964 4839 3137 4908 fuisse
3157 4839 3494 4894 colluctatio.

265 4917 412 4980 nem,
438 4903 532 4958 sed
565 4905 826 4962 adversus
859 4903 1190 4980 principatus
1217 4917 1269 4962 et
1299 4903 1610 4980 potestates,
1645 4910 1714 4963 ab
1748 4909 1832 4963 bis
1872 4909 1962 4980 qui
2005 4909 2070 4962 ad
2113 4923 2236 4963 eum
2264 4903 3089 4980 ingrediebantur,'agnovimus.
3121 4907 3201 4962 Illi
3235 4911 3494 4980 enimtu-

264 4973 472 5048 multus
524 4983 579 5029 et
621 4991 781 5048 voces
811 4973 1424 5047 populi,armornmque
1452 4979 1684 5039 sonitus,
1717 4973 1940 5048 prorsus
1966 4980 2183 5047 plenum
2213 4973 2448 5048 montem
2477 4973 2807 5036 daemonum—
2823 4978 3260 5048 multitudinese
3295 4978 3494 5033 vidisse

263 5041 594 5117 referebant,
635 5041 1000 5117 ipsum—etiam
1033 5048 1187 5116 quasi
1215 5041 1682 5117 contraiinimicos
1709 5041 1885 5116 palam
1936 5041 2274 5103 resistentem
2323 5057 2378 5100 et
2424 5047 2632 5102 fortiter
2656 5049 3058 5117 colluctantem.
3093 5047 3194 5110 Qui
3227 5055 3406 5100 tamen
3438 5061 3494 5102 et

263 5111 610 5186 advenientes
630 5111 737 5186 suo
757 5112 1029 5186 refovebat
1049 5111 1301 5180 “hortatu,
1331 5125 1385 5171 et
1409 5116 1561 5171 ﬂexis
1591 5111 1838 5186 geni-bus,
1871 5119 2035 5172 armis
2055 5132 2271 5186 quoque
2293 5118 2600 5177 orationum
2622 5132 2838 5178 omnem
2871 5116 3082 5174 Satana:
3118 5118 3492 5184 prosternebat

262 5181 579 5260 exercitum.
612 5183 981 5260 Admiratione
1007 5186 1162 5260 plane
1188 5187 1408 5255 dignum
1440 5194 1542 5249 est,
1571 5181 1625 5239 in
1669 5193 1777 5260 tam
1810 5188 2031 5260 immani
2061 5181 2563 5260 solitudine,_unum
2593 5187 2993 5260 hominemnec
3019 5181 3324 5260 d_a3m0num
3354 5203 3490 5260 quo-

264 5249 500 5307 tidianas
523 5253 808 5320 expavisse
830 5249 1272 5326 congressiones:
1291 5271 1392 5312 nec
1417 5264 1690 5310 tantarum
1723 5257 2040 5325 bestiarum,
2070 5257 2478 5329 quadrupedum
2508 5256 2622 5315 sive
2655 5256 2983 5325 serpentium
3010 5249 3512 5317 diversaecess'isse;

331 5405 378 5438 ”
418 5405 614 5478 Ephes.
641 5424 719 5475 vr,
743 5408 828 5466 l2.
901 5410 947 5444 “
984 5410 1128 5468 l’sal.
1164 5427 1347 5482 cxxtv,
1379 5412 1430 5471 l.
1504 5416 1550 5450 "
1589 5412 1689 5470 Job
1710 5432 1763 5483 v,
1797 5417 1842 5471 ξιξ

1961 5416 2007 5448 ⁹⁶
2044 5392 2394 5480 Psaantv,
2423 5413 2508 5468 l6.
2537 5469 2540 5473 ,

1920 5587 1998 5624 νοι
2031 5569 2269 5637 ἠξίωσαν
2293 5567 2475 5632 αὑτὸν,
2515 5569 2607 5620 καὶ
2627 5567 2714 5620 διὰ
2749 5567 2931 5637 μηνῶν
2959 5567 3332 5634 διακονοῦντες
3358 5567 3483 5628 tud-

1927 5639 2081 5708 μιζον
2109 5638 2276 5708 αὐτῷ.
2763 5705 2800 5708 _
3525 5641 3530 5647 ’

1997 5709 2128 5778 (δδἼ
2160 5705 2341 5778 γωρη
2374 5707 2732 5779 παρετηρῆτο.
2763 5705 2916 5763 Enn.

286 5630 296 5642 .
330 5559 442 5642 (8_7)
466 5561 576 5642 _Si_c
604 5563 841 5642 maxima
884 5581 1012 5636 pars
1060 5567 1577 5640 manuscriptorum.
1615 5570 1670 5628 in
1697 5571 1814 5626 edi-

259 5630 332 5686 tis
361 5630 496 5688 ὲμοῦ
524 5630 677 5688 deest

327 5699 438 5772 (8⁸)
477 5699 678 5774 ﬂegius
719 5705 756 5760 2
787 5713 840 5763 et
869 5705 1024 5763 Colb.
1057 5707 1111 5774 2,
1157 5709 1373 5782 ἀδελφοὶ
1409 5714 1456 5766 οξ
1503 5712 1812 5785 εἰσερχόμε-
