3824 6224
337 283 374 339 9
385 281 442 337 1.9

907 277 967 334 s.
1005 274 1374 333 ATHANASII
1411 255 1577 334 ore!
1601 276 1779 333 rans
1816 278 1855 348 ι,
1897 309 1900 315 ς

2023 275 2378 334 ilSTORILA
2415 276 2504 332 ET
2543 275 2956 333 DOGHATICA.

3455 273 3622 342 920»

340 402 462 458 Haec
489 400 723 457 Antonio
751 399 964 465 dicente
987 399 1246 471 aufugere
1277 399 1405 468 illa,
1433 399 1590 469 quasi
1621 399 1768 464 verbi
1791 399 1887 454 ﬂa-

2023 399 2132 451 εῖτε
2151 415 2166 430 ο
2189 396 2426 468 Χριστοῦ
2450 397 2558 468 γὰρ
2585 397 2766 461 δοῦλός
2789 398 2924 468 είμι.
2942 395 3122 450 Ταῦτα
3148 395 3240 449 τοῦ
3268 397 3620 457 Ἀντωνιου,

345 494 484 559 uelle
510 493 699 563 pulsae.

406 669 492 724 53.
530 669 660 732 Post
706 683 907 738 paucos
953 668 1079 722 hinc
1107 667 1245 733 dies,
1274 668 1405 723 dum
1434 675 1747 737 operaretur
1775 667 1794 738 (
1813 668 1891 721 la-

339 759 560 814 horandi
591 760 787 830 quippe
818 774 948 814 cura
980 758 1082 828 ipsi
1115 757 1273 828 erat),
1309 758 1503 828 aliquis
1524 759 1704 828 janute
1735 774 1793 813 se
1825 757 1894 812 si-

339 860 506 912 stens,
535 849 835 904 funiculum
865 849 1044 918 operis
1077 848 1362 902 trahebat:
1387 858 1598 918 sportas
1625 849 1767 904 enim
1804 849 1893 902 ille

337 941 600 1006 nectebat,
637 955 774 1010 quas
805 954 864 995 se
894 939 1219 995 adeuntibus
1241 937 1395 996 daret
1422 954 1520 1008 pro
1549 940 1615 995 iis
1641 954 1762 1009 quae
1786 938 1892 993 sibi

331 1031 664 1087 deferebant.
704 1028 942 1100 Surgens
985 1045 1113 1084 vero
1157 1031 1384 1086 bestiam
1440 1032 1573 1086 vidit
1627 1029 1890 1088 femorum

332 1133 490 1180 tenus
535 1120 708 1176 forma
753 1122 1008 1185 humana,
1041 1136 1199 1184 crura
1231 1136 1359 1175 vero
1394 1121 1664 1192 pedesque
1687 1120 1898 1182 habens

332 1213 503 1269 asinis
533 1213 756 1273 similes.
785 1211 922 1266 Tum
945 1213 1213 1268 Antonius
1238 1229 1355 1268 sese
1383 1215 1559 1268 solum
1593 1214 1746 1282 signo
1767 1228 1892 1268 eru-

331 1307 412 1366 cis
447 1304 710 1369 munivit;
742 1305 925 1375 aitque
956 1305 1195 1366 :Christi
1223 1320 1416 1361 servus
1444 1321 1560 1360 sum
1588 1321 1602 1359 :
1628 1306 1671 1358 si
1702 1303 1893 1357 adver-

335 1411 454 1450 sum
489 1409 577 1448 me
604 1395 808 1457 missus
840 1411 918 1461 es,
944 1410 1069 1452 ecce
1108 1395 1318 1450 adsum.
1354 1393 1530 1450 Bestia
1561 1403 1737 1448 autem
1767 1408 1893 1448 cum

334 1485 670 1539 daemonibus
700 1485 812 1540 suis
837 1495 942 1539 tam
967 1500 1190 1554 prepere
1220 1483 1374 1555 fugit,
1397 1494 1455 1538 ut
1483 1499 1592 1554 prae
1620 1483 1894 1539 celeritate

335 1574 549 1628 caderet
577 1583 629 1628 et
659 1582 978 1628 moreretur.
1003 1573 1194 1628 Bestiae.
1221 1583 1399 1628 autem
1426 1574 1676 1628 interitus
1701 1573 1896 1628 dmino-

337 1680 466 1728 num
497 1665 680 1733 lapsus
711 1674 843 1720 erat.
875 1663 1019 1718 Nihil
1048 1673 1192 1720 certe
1239 1665 1316 1719 illi
1363 1681 1470 1719 non
1522 1674 1796 1719 tentarunt
1837 1674 1896 1719 ut

337 1763 616 1815 cx'eremo
650 1758 797 1812 illum
829 1758 1174 1825 abducerent,
1205 1759 1349 1828 quod
1379 1757 1589 1813 edicere
1639 1759 1894 1830 nequive-

338 1858 482 1903 runt.

409 1941 572 2015 668
609 1939 696 1994 54.
740 1938 975 2010 Rogatus
1003 1941 1292 2011 aliquando
1326 1958 1357 1996 a
1386 1942 1666 1998 monachis
1711 1952 1770 1997 ut
1810 1941 1902 1996 de-

337 2031 615 2084 scenderet
642 2030 706 2085 ad
742 2032 909 2100 ipsos,
937 2041 990 2086 et
1013 2032 1347 2101 aliquantum
1378 2033 1636 2102 temporis
1675 2049 1733 2088 se
1771 2048 1900 2087 sua-

338 2136 442 2189 que
469 2121 584 2180 loca
617 2122 889 2185 visitaret,
922 2123 1024 2176 iter
1053 2137 1177 2178 cum
1223 2123 1329 2178 illis
1371 2123 1647 2194 ingressus
1676 2133 1779 2189 est,
1808 2138 1900 2178 ca-

342 2213 480 2266 melo
531 2227 696 2282 panes
724 2224 774 2267 et
805 2229 997 2282 aquam
1032 2222 1292 2284 gestante.
1320 2212 1454 2269 Nam
1497 2223 1606 2274 tota
1635 2215 1734 2268 ista
1765 2214 1897 2269 soli-

342 2303 470 2356 tudo
495 2304 644 2361 arida
673 2315 776 2364 est,
803 2306 1055 2374 nullaque
1086 2305 1249 2361 isthic
1277 2313 1359 2360 est
1402 2319 1540 2374 aqua
1569 2303 1720 2374 potui
1749 2313 1896 2373 apta,

341 2403 701 2474 praeterquam
730 2396 782 2449 in
815 2396 906 2450 illo
935 2405 1118 2451 monte
1145 2395 1199 2449 in
1235 2411 1348 2465 quo
1387 2395 1522 2464 ejus_
1552 2402 1671 2449 erat
1709 2408 1899 2447 mona-

343 2487 589 2549 sterium,
622 2487 764 2542 unde
795 2489 1086 2543 hauserant
1112 2487 1190 2541 illi
1221 2501 1443 2557 aquam.
1472 2485 1763 2545 Deficiente
1794 2485 1896 2555 igi-

341 2590 430 2631 tur
452 2594 593 2647 aqua
619 2580 672 2634 in
703 2580 915 2644 itinere,
943 2594 1066 2634 cum
1093 2579 1243 2633 calor
1273 2578 1475 2632 nimius
1504 2584 1668 2646 esset,
1686 2577 1899 2645 pericu-

340 2671 453 2725 lum
475 2679 592 2725 erat
619 2671 890 2732 omnibus.
914 2670 1056 2725 Loca
1077 2671 1219 2724 enim
1245 2671 1529 2731 obeuntes,
1562 2683 1661 2724 nec
1685 2667 1900 2721 inventa

343 2775 506 2830 Μυθν
537 2775 711 2829 neque
740 2760 988 2830 progredi
1021 2760 1162 2818 ultra
1195 2767 1463 2832 poterant,
1495 2758 1588 2814 sed
1632 2758 1783 2814 humi
1811 2757 1900 2826 ja-

344 2851 558 2914 cebant,
603 2851 954 2918 animumque
998 2850 1413 2920 despondentes,
1447 2849 1714 2904 camelum
1764 2849 1904 2904 sive-

348 2949 479 3007 runt
515 2954 736 3009 quoquo
781 2939 939 2994 vellet
986 2939 1160 3011 abire.
1195 2939 1369 2994 Senex
1399 2940 1587 2994 videns
1613 2938 1902 3009 periclitari

1992 491 2260 558 λέγοντος.
2290 489 2486 558 ἔφυγον
2515 490 2738 554 ἐκεῖναι,
2759 489 2834 553 ὡς
2860 489 2962 541 ὑπὸ
2985 489 3244 560 μάστιγος
3270 487 3362 540 τοῦ
3390 488 3616 552 λόγου,

1991 581 2334 651 διωκόμεναι.

2061 672 2153 726 55.
2194 667 2325 724 Εἶτα
2347 669 2686 741 μεθ’ήμέρας
2714 668 2917 737 ὀλίγας,
2945 669 3021 732 ὡς
3050 668 3328 740 εἰργάζετο
3371 666 3612 739 (ἔμελε.

1993 762 2101 834 γὰρ
2131 761 2279 839 αὐτῷ
2330 763 2423 816 καὶ
2451 752 2699 831 κοπιᾷν),
2743 760 2968 824 ἐπιστάς
3003 777 3085 824 τις
3115 763 3180 830 τῇ
3210 759 3365 831 θύρᾳ,
3402 753 3596 812 εἷλκε

1996 854 2093 923 τὴν
2136 852 2319 923 σειρὰν
2364 853 2455 905 τοῦ
2485 851 2673 924 ἔργου·
2725 851 2986 922 σπυρίδας
3019 851 3124 922 γὰρ
3166 850 3423 923 έρῤαπτε,
3468 867 3597 904 και

1995 945 2195 1009 ταύτας
2222 948 2336 1009 τοῖς
2364 945 2756 1016 εἰσερχομένοις
2779 945 2903 998 ἀντὶ
2917 943 3024 996 τῶν
3057 942 3424 1014 κομιζομένων
3459 944 3592 996 αὑ·-

1992 1037 2070 1108 τῷ
2100 1037 2286 1091 ἐδίδου.
2307 1038 2565 1100 Ἀναστὰς
2583 1036 2658 1099 δὲ,
2682 1031 2785 1089 εἶδε
2813 1035 3015 1107 θηρίον,
3037 1033 3303 1106 ἀνθρώπῳ
3329 1035 3428 1104 μὲν
3454 1035 3609 1092 ἐσμ,

1994 1127 2087 1191 κὸς
2119 1127 2222 1190 ἕως
2253 1127 2360 1180 τῶν
2413 1126 2619 1198 μηρῶν,
2653 1127 2720 1179 τὰ
2764 1126 2820 1180 δὲ
2867 1125 3028 1194 σκέλη
3075 1126 3167 1178 καὶ
3211 1125 3336 1188 τοὺς
3385 1123 3590 1187 πόδας

1991 1218 2207 1288 ὁμοίους
2235 1216 2354 1288 ἔχον
2377 1209 2508 1288 ὄνῳ.
2534 1217 2644 1270 Καὶ
2679 1219 2707 1270 ὁ
2741 1217 2837 1287 μὲν
2881 1214 3158 1278 Ἄντώνιος
3183 1215 3339 1283 μόνον
3364 1212 3589 1266 ἑαυτὸν

1993 1308 2311 1379 ἐσφράγισε,
2344 1310 2436 1361 καὶ
2467 1304 2618 1361 εἷπε·
2669 1306 2903 1378 Χριστοῦ
2944 1306 3125 1368 δοῦλός
3161 1309 3304 1376 εἰμι·
3353 1307 3403 1358 εἰ
3447 1306 3585 1358 ἀπο

1993 1399 2218 1468 εστάλης
2234 1399 2351 1453 κατ’
2368 1399 2522 1469 ἐμοῦ,
2547 1399 2653 1452 ίδοὺ
2681 1399 2927 1470 πάρειμι.
2947 1397 3020 1449 Τὸ
3039 1397 3094 1449 δὲ
3114 1396 3297 1468 θηρίον
3318 1399 3414 1452 σὺν
3441 1399 3602 1469 τοῖς

1995 1490 2184 1543 ἑαυτοῦ
2213 1491 2457 1560 δαίμοσιν
2488 1490 2658 1553 οὕτως
2686 1490 2900 1560 ἔφυγεν,
2929 1488 3002 1551 ὡς
3036 1487 3141 1540 ὑπὸ
3173 1488 3271 1556 τῆς
3296 1488 3584 1559 ὀξύτητος

1996 1586 2182 1636 πεσεῖν
2215 1584 2305 1636 καὶ⁸
2338 1583 2644 1636 ἀποθανεῖν.
2662 1583 2717 1635 Ὀ
2745 1581 2800 1634 δὲ
2831 1581 2922 1634 τοῦ
2953 1581 3141 1651 θηρίου
3168 1579 3394 1644 Θάνατος
3419 1580 3588 1634 πτῶ-

2002 1691 2078 1745 μα
2103 1674 2209 1727 τῶν
2234 1675 2499 1744 δαιμόνων
2525 1669 2610 1743 ἦν.
2643 1673 2823 1727 Πάντα
2855 1673 2961 1743 γὰρ
2994 1671 3314 1735 ἐσπούδαζον
3357 1674 3602 1746 ποιεῖν,

2001 1765 2085 1818 ἵνα
2112 1765 2493 1833 καταγάγωσιν
2516 1763 2674 1817 αὑτὸν
2703 1764 2766 1816 ἐκ
2790 1763 2888 1832 τῆς
2911 1763 3140 1833 ἐρήμου,
3165 1762 3259 1816 καὶ
3286 1762 3386 1815 ούκ
3410 1763 3588 1814 favu-

2001 1873 2121 1910 σαν.

2067 1949 2154 2002 54.
2208 1945 2479 2013 Ἀξιωθεὶς
2508 1945 2563 1998 δέ
2596 1961 2722 1998 ποτε
2754 1943 2900 2014 παρά
2941 1941 3048 1996 τῶν
3093 1941 3335 2014 μοναχῶν
3361 1940 3580 1995 ica-ral-

1997 2040 2108 2092 θεῖν
2155 2040 2290 2110 πρὸς
2331 2035 2544 2096 αὐτοὺς,
2580 2037 2670 2087 καὶ
2699 2033 3092 2102 ἐπισκέψασθαι
3120 2031 3208 2084 διὰ
3233 2031 3425 2102 χρόνου
3457 2031 3580 2085 αὐ·-

1993 2131 2120 2194 τούς
2163 2147 2223 2183 τε
2267 2131 2362 2183 καὶ
2400 2129 2526 2192 τοὺς
2559 2128 2774 2189 τόπους,
2799 2124 2998 2179 ὥδευσε
3027 2125 3124 2177 σὺν
3157 2126 3267 2186 τοῖς
3304 2124 3580 2192 μοναχοίς

1996 2223 2107 2284 τοῖς
2131 2221 2500 2291 ἀπαντήσασι·
2534 2217 2774 2288 κάμηλος
2816 2216 2872 2270 δὲ
2917 2214 3180 2278 ἐϐάσταζε
3210 2214 3392 2276 αὐτοῖς
3431 2213 3580 2277 τοὺς

1999 2312 2193 2384 ἄρτους
2236 2311 2330 2364 καὶ¹
2368 2310 2430 2364 τὸ
2473 2307 2898 2378 ὔδωρ.Ἀνυδρος
2944 2305 3058 2377 γὰρ.
3094 2307 3128 2377 ἡ
3168 2305 3369 2376 ἔρημός
3410 2305 3596 2361 ἐστιν.

1947 2449 1949 2452 ι
1997 2402 2176 2471 ἐκείνη
2203 2401 2371 2463 πᾶσα,
2403 2401 2495 2454 καὶ
2518 2401 2616 2453 οὐκ
2638 2399 2783 2452 ἐστιν
2811 2397 2951 2468 ὕδωρ
2980 2397 3206 2466 πότιμον
3226 2396 3382 2460 ὅλως,
3403 2395 3456 2448 εί
3482 2395 3574 2466 μὴ

2000 2492 2056 2543 ἐν
2091 2491 2280 2561 ἐκείνῳ
2317 2490 2395 2560 τῷ
2425 2489 2539 2561 ὄρει
2591 2489 2755 2559 μόνῳ,
2785 2486 2904 2539 ὅθεν
2937 2486 3030 2539 καὶ
3057 2486 3401 2557 ὑδρεύσαντο,
3431 2484 3494 2536 ἐν
3518 2476 3574 2551 ᾧ

1999 2582 2093 2636 καὶ
2119 2583 2181 2633 τὸ
2214 2580 2568 2652 μοναστήριὸν
2597 2579 2712 2648 (89),
2737 2580 2884 2632 ἐστιν
2914 2577 3096 2630 αὐτοῦ.
3127 2576 3421 2644 Λείῴαντος
3449 2573 3572 2627 τοι-

1999 2690 2092 2725 νυν
2124 2671 2218 2724 τοῦ
2253 2671 2440 2736 ὕδατος
2465 2674 2522 2724 ἐν
2547 2674 2611 2742 τῇ
2641 2670 2763 2740 ὁδῷ,
2811 2669 2905 2722 καὶ
2945 2667 3222 2737 καύματος
3253 2666 3404 2726 ὄντος
3434 2680 3578 2733 σιρο-Δ

2000 2761 2278 2833 δροτάτου,
2309 2762 2508 2826 πάντες
2542 2760 2760 2832 ἔμελλον
2806 2758 3148 2811 κινδυνεύειν.
3183 2753 3572 2826 Περιελθόντες

1998 2851 2106 2922 γὰρ
2137 2852 2260 2914 τοὺς
2287 2850 2504 2914 τόπους,
2541 2849 2636 2902 καὶ
2669 2849 2741 2920 μὴ
2771 2848 3015 2918 εὑρόντες
3043 2844 3206 2915 ὕδωρ,
3247 2842 3367 2896 οὐδὲ.
3405 2859 3571 2912 περι-

2003 2945 2188 2994 πατεῖν
2224 2941 2473 2996 ἐδύναντο
2495 2939 2677 2994 λοιπὺν
2695 2979 2718 3008 ,_
2741 2939 2874 2992 ἀλλὰ
2905 2938 3211 2992 κατέκειντο
3235 2935 3436 3007 χαμαὶ,
3461 2935 3589 3006 τήν.

343 3045 553 3103 omnes,
581 3029 868 3089 admodum
919 3038 1146 3088 moestus
1194 3039 1358 3101 atque
1388 3031 1765 3100 ingemiscens,
1805 3047 1900 3101 pa-

2023 3050 2062 3086 τε
2087 3033 2327 3104 κάμηλον
2353 3033 2567 3103 ἀφῆκαν
2592 3031 2862 3096 ἀπελθεῖν,
2896 3029 3217 3097 ἀπογνόντες
3261 3026 3487 3080 ἑαυτῶν.
3506 3025 3574 3078 Ὀ

344 3138 572 3192 rumque
599 3121 668 3176 ab
701 3121 808 3176 illis
836 3120 1138 3193 digressus,
1160 3121 1314 3178 ﬂexis
1363 3122 1589 3194 genibus
1635 3123 1900 3179 extensis-

345 3226 451 3286 que
479 3211 727 3283 manibus
761 3210 972 3284 orabat,
1002 3212 1292 3285 statimque
1321 3213 1499 3283 eti‘ecit
1529 3211 1789 3272 Dominus
1837 3221 1899 3274 ut

2001 3121 2060 3187 δέ
2091 3123 2288 3194 γέρων,
2326 3122 2466 3193 ὁρῶν
2496 3121 2702 3184 πάντας
2732 3119 3149 3184 κινδυνεύοντας,
3194 3119 3336 3172 πάνυ
3388 3117 3579 3184 λυπηον

2005 3214 2120 3277 Θεὶς
2165 3216 2256 3268 καὶ
2289 3213 2564 3278 στενάξας,
2598 3213 2775 3282 ὀλίγον
2809 3213 2904 3264 ἀπ’
2933 3209 3112 3281 αὐτῶν
3153 3207 3425 3271 ἀπελθὼν,
3469 3215 3570 3267 ω

1675 3366 1923 3434 ἳΕΒὸιΟ
1963 3366 2258 3428 EVA'GRII.

350 3522 570 3578 feritati.
617 3523 768 3579 Iuste
797 3521 966 3594 David
1001 3522 1196 3578 cecinit
1225 3539 1241 3576 :
1274 3523 1380 3594 Qui
1407 3524 1680 3594 conﬁdunt
1709 3523 1820 3593 (90)
1849 3524 1904 3578 in
1930 3523 2190 3594 Domino,
2232 3525 2367 3578 sicut
2396 3540 2543 3578 mons
2591 3522 2740 3579 Sion.
2777 3521 3106 3594 lmmobiletn
3136 3528 3188 3594 et
3217 3521 3582 3592 tranquillam.

343 3596 589 3663 retinens
619 3595 783 3647 animi
810 3593 1142 3658 firmitatem,
1169 3600 1217 3648 el
1254 3590 1525 3648 daemones
1562 3590 1809 3663 ftigaltat,
1836 3603 1888 3647 et
1920 3593 2084 3655 feras.
2111 3596 2251 3649 sicut
2283 3594 2541 3662 scriptum
2571 3606 2674 3658 est,
2709 3609 2890 3649 secum
2923 3593 3258 3663 paeitieabat.

421 3663 509 3718 52.
553 3662 658 3718 Sed
692 3671 747 3718 et
771 3664 1042 3724 diabolus,
1071 3672 1131 3717 ut
1157 3678 1319 3733 supra
1347 3663 1523 3719 dictus
1551 3658 1815 3731 Propheta
1843 3664 1938 3726 ait,
1967 3664 2259 3733 observans
2281 3658 2425 3726 eum',
2459 3663 2736 3718 frendebat
2767 3658 3018 3733 dentibus
3051 3662 3164 3733 suis
3196 3677 3210 3713 :
3245 3660 3418 3733 etille
3447 3658 3570 3733 Sal-

353 3733 556 3788 vatoris
590 3734 812 3798 auxilio,
835 3734 903 3788 ab
937 3733 1204 3788 universis
1224 3729 1378 3796 tutus
1411 3729 1786 3802 perseverabat
1815 3733 2045 3788 insidiis.
2079 3731 2318 3798 Quadam
2349 3747 2477 3802 ergo
2509 3743 2664 3788 nocte
2712 3750 2834 3787 cum
2873 3730 3092 3800 pervigil
3120 3729 3387 3802 Antonius
3410 3731 3569 3802 obse-

353 3812 532 3857 craret
559 3802 869 3867 Dominum,
902 3812 1082 3872 tantos
1110 3803 1163 3855 in
1196 3800 1586 3856 monasterium
1615 3803 1732 3872 ejus
1759 3803 2053 3872 bestiarum
2080 3805 2273 3871 greges
2306 3800 2661 3872 coacervavit,
2693 3813 2752 3856 ut
2780 3815 2970 3872 omnes
3005 3800 3170 3872 eremi
3205 3800 3409 3872 belluas
3457 3801 3567 3852 cir-

352 3889 475 3926 cum
504 3888 563 3928 se
593 3873 876 3942 aspiceret.
910 3871 1038 3938 Quae
1067 3887 1188 3927 eum
1223 3873 1358 3926 rictu
1389 3874 1500 3929 oris
1530 3869 1768 3929 morsum
1801 3871 2013 3940 corpori
2041 3869 2437 3934 minitarentur,
2469 3871 2729 3925 intellexit
2777 3871 2946 3925 hostis
2995 3871 3245 3942 astutias,
3274 3869 3520 3942 dixitque
3551 3887 3566 3921 :

354 3942 412 3996 Si
442 3959 472 3997 a
507 3939 733 4010 Domino
764 3945 816 3996 in
851 3939 934 3997 me
963 3943 1113 3997 vobis
1137 3951 1217 3997 est
1247 3943 1446 3996 tributa
1473 3943 1715 4011 licentia,
1739 3939 1995 4011 devorare
2021 3955 2380 3996 concessum:
2415 3941 2460 3994 si
2494 3952 2669 3994 autem
2705 3943 3008 3994 dtemonum
3055 3941 3162 3992 huc
3196 3939 3418 4011 venistis
3467 3940 3571 3992 imo

352 4013 539 4080 pulsu,
568 4008 892 4079 quantocius
928 4013 1090 4074 abite,
1126 4011 1253 4079 quia
1279 4012 1475 4066 Christi
1508 4008 1743 4065 famulus
1771 4027 1909 4081 sum.
1939 4010 2012 4064 Ita
2042 4011 2241 4080 factum
2274 4020 2378 4079 est,
2409 4020 2462 4065 et
2490 4025 2611 4065 cum
2641 4011 2880 4081 jubentis
2912 4025 3041 4063 voce
3072 4008 3249 4063 omnis
3273 4008 3582 4071 bestiarum,

345 4083 663 4145 multitudo,
693 4083 849 4150 quasi
878 4082 1177 4149 maiestatis
1205 4082 1427 4134 verbere
1457 4081 1770 4140 caederetur,
1805 4080 2032 4148 aufugit.

427 4154 514 4207 55.
555 4151 673 4204 Non
699 4145 849 4217 inulti
876 4145 996 4221 post
1029 4154 1140 4221 haec
1167 4151 1436 4216 [luxerunt
1465 4152 1600 4221 dies,
1623 4160 1677 4204 et
1702 4151 1805 4204 alia
1829 4145 2004 4221 oritur
2028 4165 2150 4221 cum
2176 4149 2546 4221 eodemghoste
2571 4149 2817 4221 certatio.
2846 4146 3110 4221 Operante
3133 4145 3224 4221 illo
3257 4148 3404 4221 (nam
3434 4160 3587 4221 sem-1

358 4238 472 4291 per,
509 4231 568 4275 ut
601 4215 943 4285 venientibus
969 4235 1067 4290 pro
1093 4220 1323 4291 hisiqute
1366 4221 1467 4291 sibi
1504 4219 2060 4291 detulerantaliq‘uod
2102 4219 2484 4291 munusculum
2517 4219 2846 4288 rependeret,
2879 4215 3213 4291 laborabat),
3241 4217 3405 4291 traxit
3448 4215 3578 4291 qui-

358 4285 484 4348 dam
534 4292 822 4359 Sportellai,
854 4285 1015 4358 quam
1043 4285 1292 4359 texebat,
1341 4285 1589 4359 trieinum
1622 4290 1731 4358 (9|)
1783 4290 1903 4359 sive
1937 4285 2258 4350 funiculum,
2291 4290 2356 4341 ad
2395 4289 2552 4355 cujus
2577 4285 2794 4359 motum
2824 4302 3140 4359 exsurgens,
3169 4287 3299 4340 vidit
3343 4285 3578 4359 bestiam

357 4363 499 4426 pube
523 4355 680 4414 tenus
715 4355 1002 4426 humanam
1034 4357 1223 4413 faetcm
1252 4355 1645 4428 praeferentem,
1675 4375 1796 4428 quae
1821 4357 2013 4428 exinde
2050 4359 2101 4410 in
2134 4359 2346 4426 asinum
2377 4358 2677 4412 finiebatur.
2720 4357 2848 4410 Post
2893 4357 3048 4424 cujus
3075 4364 3374 4428 aspectum,
3403 4355 3574 4428 vesil—

356 4423 467 4484 ium
498 4432 676 4484 crucis
710 4423 771 4482 in
802 4429 973 4495 fronte
1006 4443 1101 4497 sua
1136 4423 1383 4496 pingens,
1416 4429 1520 4486 hoc
1545 4423 1750 4482 tantum
1779 4430 1855 4494 ait
1885 4446 1898 4482 :
1925 4427 2125 4497 Christi
2148 4423 2339 4483 Servus
2371 4443 2512 4492 sum,
2539 4429 2582 4480 si
2616 4432 2680 4480 ad
2705 4442 2788 4480 me
2818 4429 2982 4479 missa
3006 4442 3084 4497 es,
3105 4440 3222 4497 non
3253 4425 3417 4497 fugio.
3445 4423 3576 4497 Nui-

359 4503 466 4555 lum
501 4503 555 4553 in
587 4499 764 4552 medio
803 4494 1058 4567 Spatium,
1087 4494 1148 4550 et
1171 4494 1350 4567 statim
1385 4497 1614 4552 informe
1648 4500 1949 4567 prodigium
1978 4496 2122 4550 dicto
2152 4498 2305 4551 ocius
2333 4512 2455 4550 cum
2493 4497 2973 4567 satellitumgturlm
3007 4495 3159 4562 fugit,
3193 4503 3248 4548 et
3296 4496 3347 4546 in
3396 4494 3585 4548 medio.

356 4586 520 4625 cursu
548 4582 710 4623 ruens
739 4565 1064 4623 exstinctum
1095 4576 1197 4620 est.
1227 4566 1330 4621 Ista
1363 4575 1540 4637 autem
1568 4565 1774 4637 explosi
1802 4565 1948 4620 mors
1974 4575 2134 4634 atque
2165 4569 2411 4620 enecatio
2440 4567 2548 4635 (9‘2)
2582 4565 2830 4635 prodigii,
2856 4566 3158 4637 daemonum
3185 4573 3298 4637 erat
3329 4577 3577 4637 commu-

357 4642 442 4693 nis
457 4639 768 4760 gntet'itusd:
801 4639 894 4707 qui
920 4639 1064 4694 omni
1100 4637 1279 4691 studio
1309 4633 1953 4702 laborantes,Antonium
1981 4652 2011 4699 ιι
2043 4633 2255 4696 deserto
2288 4633 2551 4696 deducere
2583 4633 2689 4689 non
2722 4633 3020 4688 valuerunt.
3053 4634 3308 4688 Mirandis
3335 4635 3458 4704 plus
3485 4633 3580 4686 mi-

357 4726 452 4760 ran
493 4723 706 4760 asucce
747 4717 863 4760 unt.

355 4711 523 4763 randa
545 4711 863 4763 succedunt.

430 4779 520 4834 54.
561 4778 675 4830 Non
703 4767 902 4848 grande
930 4785 1052 4846 post
1081 4776 1180 4842 ista
1209 4782 1780 4848 tempusexcesserat,
1808 4783 1860 4848 et
1887 4783 2156 4830 tantarum
2194 4773 2734 4848 victoriarumjiomo
2770 4772 2994 4848 fratrum
3027 4772 3278 4848 precibus
3305 4770 3574 4848 vincitur;

357 4864 384 4902 a
419 4842 870 4903 monachis'enim
902 4842 1123 4916 rogatus
1163 4854 1221 4899 ut
1255 4842 1350 4899 eos
1392 4845 1998 4916 dignaretur_uivisere,
2032 4861 2138 4903 una
2171 4862 2292 4916 cum
2327 4845 2410 4898 his
2442 4844 2717 4916 profectus
2750 4854 2857 4916 est,
2887 4844 3150 4912 impositis
3181 4842 3385 4896 camelo
3434 4856 3577 4916 aqua

355 4931 411 4973 et
441 4918 672 4987 panibus
703 4934 715 4970 :
752 4917 880 4987 quia
915 4914 1182 4984 nusquam
1204 4925 1401 4987 praeter
1431 4914 1745 4987 mouasterii
1780 4915 1971 4987 locum
1991 4931 2065 4987 ex
2092 4930 2200 4987 quo
2231 4915 2542 4987 hauserant,
2575 4915 2832 4987 potabilis
2869 4929 3009 4982 aqua
3039 4927 3131 4987 per
3155 4922 3403 4987 arentem
3431 4915 3576 4969 viam

361 4981 746 5058 reperiebatur.
769 4981 980 5058 'Yerum
1015 4981 1063 5038 in
1099 4981 1275 5058 medio
1304 4985 1495 5047 itinere
1523 4984 1738 5037 bibendi
1769 4984 2009 5058 subsidia
2036 4981 2347 5058 defecerunt
2375 5001 2389 5037 :
2419 4981 2591 5058 ardor
2610 4985 2830 5058 nimius,
2855 4981 3017 5037 iustus
3038 4981 3408 5058 intolerabilis,
3432 4995 3580 5034 mor-

357 5053 462 5112 tem
504 5069 696 5112 cuncta
735 5056 1073 5122 minitentur.
1101 5053 1474 5124 Circumeunt,
1500 5064 1554 5107 et
1583 5063 1831 5124 quarunt
1864 5055 2052 5107 saltem
2084 5054 2361 5110 collectam
2395 5069 2460 5106 ex
2493 5054 2689 5124 pluviis
2729 5054 2974 5106 lacunam
3010 5070 3023 5105 :
3057 5053 3189 5104 nihil
3236 5065 3458 5120 prorsus
3492 5065 3580 5124 re-

357 5130 542 5192 medii,
569 5129 703 5180 nihil
733 5121 975 5181 ocCurtit
1002 5125 1218 5195 penitus
1251 5124 1318 5191 ad
1343 5121 1868 5192 salutem.Camelus
1888 5124 2043 5192 quasi
2065 5125 2339 5192 periturus
2369 5130 2422 5178 et
2447 5124 2562 5193 ipse
2589 5123 2895 5186 dimittitur,
2924 5132 3159 5178 aestuans
3183 5132 3368 5191 pectus
3396 5121 3579 5174 exuri-

430 5283 543 5353 (89)
585 5283 785 5352 Regius
810 5281 925 5353 Set
949 5279 1102 5353 Coib.
1135 5277 1192 5353 2,
1228 5277 1582 5353 ἀσκητήριον.

432 5345 541 5421 Ῐ90)
580 5356 624 5407 Α
658 5345 862 5410 ῧρεῐη..
895 5346 1109 5421 feritati
1122 5345 1460 5421 juxtaguod'
1479 5345 1865 5421 _David_reciuit
1895 5362 1913 5401 :

362 5425 464 5487 Qui
493 5416 781 5492 conﬁdunt.
819 5416 958 5492 Editi
983 5416 1177 5492 et_alii,
1213 5416 1438 5492 feritati,
1462 5416 1606 5492 justo
1639 5416 1805 5470 David
1837 5434 1918 5492 ce-

364 5486 491 5546 cinit
515 5486 668 5572 :‘Qui
705 5486 1284 5572 conﬁdu‘nt.‘(iremm;et.
1318 5486 1444 5572 vero
1470 5489 1526 5568 ρ,
1548 5501 1713 5572 quem
1739 5488 1921 5568 sequi-

365 5580 506 5625 mur,
534 5563 756 5630 feritati,
776 5556 863 5630 qui
885 5559 1189 5630 confidunt.
1207 5558 1338 5624 Quae
1361 5557 1520 5611 lectio
1545 5556 1746 5630 Graecis
1773 5557 1917 5630 acci-

365 5635 463 5707 pit.
497 5627 622 5707 Mox
674 5627 816 5703 post,
871 5627 1023 5704 Sion,
1066 5628 1216 5705 editi,
1271 5641 1370 5681 non
1419 5627 1820 5693 commovebitur
1865 5627 1922 5682 in

2011 5287 2289 5343 retentum,
2329 5292 2450 5346 qua:
2479 5277 2677 5332 desunt
2704 5276 2757 5329 in
2787 5292 2920 5331 mss.

2097 5351 2207 5416 (9i)
2247 5344 2761 5420 Alii—‘manuscripti,
2787 5347 3052 5414 trichiam,
3071 5345 3184 5412 alii,
3213 5346 3442 5408 triciam,
3465 5344 3577 5410 alii,

2027 5420 2264 5483 triceam,
2299 5418 2516 5472 habent.

2099 5488 2209 5567 (92)
2251 5486 2340 5540 Sic
2362 5488 2544 5572 major
2572 5501 2696 5572 pars
2723 5487 3240 5556 manuscriptorum.
3291 5483 3432 5548 Editi,
3458 5500 3578 5547 cum

2026 5559 2170 5626 aliis,
2195 5558 2416 5612 ettecati.
