3824 6224
362 315 476 371 925
995 313 1052 369 S.
1088 311 1458 367 ATHANASI!
1495 310 1647 366 OPP.
1688 310 1868 366 PARS
1907 312 1947 368 Ι.
1987 343 2056 354 -
2096 309 2466 368 HISTORICA
2502 309 2588 365 ET
2623 307 3038 365 DOGMATICA.

365 438 509 493 diam
541 436 737 501 solum,
765 435 854 490 sed
887 450 985 490 nec
1019 451 1180 505 super
1217 436 1362 490 aliud
1391 436 1620 505 quodvis
1646 445 1924 506 peccatum
1955 489 1960 498 ,

2084 436 2122 488 τὶ
2158 435 2301 505 μόνῳ
2331 431 2712 506 παροργισμῷ,
2741 431 2874 485 ἀλλὰ
2919 430 3050 502 μηδὲ
3077 430 3170 482 ἐπὶ
3198 430 3333 502 ἄλλῃ
3365 430 3640 502 ἁμαρτίᾳ

367 538 616 584 vostrum
670 527 748 581 sol
799 527 1030 580 occidat.
1064 526 1168 580 Par
1200 527 1399 596 quippe
1430 539 1514 582 est
1555 537 1608 581 et
1643 528 1867 581 omnino
1903 542 1934 582 e

2084 527 2188 596 μῶν
2204 526 2233 578 6
2258 526 2407 597 ⁴ἡλιος
2437 525 2660 598 ὲπιδύνῃ
2680 541 2693 554 ο
2723 523 2886 577 καλὸν
2906 522 3013 592 γὰρ
3042 521 3137 574 καὶ
3162 522 3489 589 ἀναγκαῖον,
3523 524 3637 592 μή-

367 633 429 673 re
457 625 661 681 nostra,
690 630 790 669 nec
818 614 986 668 solem
1022 614 1092 667 ob
1125 614 1376 669 diurnam
1415 613 1698 679 malitiam,
1725 627 1823 667 nec
1846 612 1932 666 lu-

2084 617 2202 670 ετδν
2226 599 2376 687 ἦλῖον
2400 616 2526 689 περὶ
2555 614 2821 687 ἡμερινῆς
2849 613 3064 676 κακίας.
3092 613 3226 682 μήτε
3250 611 3350 682 τὴν
3379 611 3638 682 σελήνην

367 723 494 761 nam
522 706 592 760 ob
622 714 947 760 nocturnum
980 712 1281 773 peccatum,
1316 703 1398 757 vel
1438 703 1634 757 malam
1662 702 1938 772 cogitatio-

2084 712 2164 782 ερὶ
2195 710 2512 782 νυκτερινῆς
2541 707 2891 779 άμαρτὲας,ἢ
2928 705 3062 768 ὅλως
3096 703 3476 774 ἐνθυμήσεως,
3520 721 3642 756 κα.-

371 813 521 860 nem,
562 810 663 850 nos
695 795 1079 850 condemnare.
1110 793 1182 849 Ut
1220 795 1381 865 igitur
1415 796 1468 849 in
1501 805 1615 849 tuto
1647 795 1718 850 sit
1755 795 1938 864 probi-

2084 799 2392 868 ιγινώσκειν
2422 799 2600 870 ἡμῶν.
2627 799 2720 852 Ἵν’
2743 793 2835 850 οὖν
2863 795 3020 849 τοῦτο
3050 797 3181 866 ἡμῖν
3211 794 3634 864 περισὼζηται,

371 899 454 945 tas
502 897 714 956 nostra,
747 903 926 963 Operae
973 888 1204 958 pretium
1254 887 1419 942 fuerit
1461 887 1665 942 dictum
1695 887 1938 956 Apostoli

2084 892 2200 944 πλον
2259 890 2486 944 ἀκοῦσαι
2511 888 2695 958 (³5)τοῦ
2726 886 3046 940 Ἀποστόλου
3071 888 3164 941 καὶ
3190 885 3418 955 φυλάξαι
3440 903 3454 916 ο
3484 887 3638 956 φησι

369 979 680 1034 auscultare
725 989 888 1048 atque
933 977 1240 1042 custodire;
1271 977 1364 1032 ’ait
1412 978 1556 1032 enim
1595 996 1614 1038 ι
1650 975 1749 1036 Vos
1799 977 1938 1045 ipsos

2084 983 2179 1053 ἂρ’
2221 981 2501 1047 Ἑαυτοὺς
2540 979 2905 1048 ἀνακρίνετε,
2948 980 3044 1032 καὶ
3086 978 3338 1042 ἑαυτοὺς
3372 976 3641 1046 δοκιμά-

369 1072 684 1138 dijudicate,
714 1083 764 1125 et
797 1088 880 1126 vos
905 1073 1046 1140 ipsos
1068 1069 1280 1140 probate
1296 1071 1364 1123 ”.
1389 1068 1645 1135 Quotidie
1674 1070 1856 1138 itaque
1875 1069 1942 1123 de

2084 1095 2181 1131 ετε.
2212 1077 2349 1130 Καθ’
2378 1075 2590 1147 ἡμέραν
2615 1075 2792 1128 τοίνυν
2818 1074 2926 1127 τῶν
2958 1070 3233 1144 ἡμερινῶν
3262 1072 3356 1124 καὶ
3382 1072 3496 1124 τῶν
3527 1090 3640 1124 νυ-

369 1163 583 1217 diurnis
607 1162 1004 1230 nocturnisque
1024 1161 1236 1216 actibus
1259 1161 1521 1222 rationem
1548 1161 1780 1231 quisque
1799 1159 1941 1231 apud

2084 1166 2301 1239 τερινῶν
2355 1165 2606 1238 πράξεων
2654 1165 2743 1218 τὸν
2786 1164 2942 1233 λόγον
2994 1163 3222 1226 ἕκαστος
3273 1163 3400 1233 παρ’
3434 1160 3638 1231 ἑαυτῷ

371 1269 433 1307 se
467 1253 613 1307 ineat
643 1270 658 1306 :
687 1260 741 1306 et
777 1253 820 1306 si
855 1252 1178 1322 peccaverit,
1210 1252 1452 1318 desinat;
1500 1251 1546 1306 si
1598 1267 1707 1306 non
1753 1267 1945 1322 pecca-

2084 1261 2366 1333 αμϐανέτω
2386 1277 2398 1290 ο
2430 1261 2545 1323 καὶ,
2573 1262 2621 1313 εἰ
2659 1259 2757 1330 μὲν
2791 1259 3027 1329 ἥμαρτε,
3063 1254 3343 1310 παυέσθω·
3372 1257 3420 1308 εἰ
3449 1254 3512 1306 δὲ
3545 1253 3638 1324 μὴ

371 1344 532 1407 verit,
555 1359 623 1398 ne
651 1344 934 1412 glorietur,
983 1343 1074 1398 sed
1109 1343 1162 1396 in
1192 1342 1338 1397 bono.
1365 1351 1693 1416 perseveret,
1725 1359 1824 1398 nec
1848 1359 1943 1404 ne-

2087 1368 2277 1423 μαρτε,
2325 1350 2400 1422 μὴ
2449 1349 2777 1420 καυχάσθω’
2815 1349 2928 1402 ἀλλ’
2955 1346 3257 1417 ὲπιμενὲτω
3305 1345 3384 1416 τῷ
3441 1343 3634 1416 καλῷ,

375 1433 634 1502 gligenter
657 1441 800 1502 agat,
831 1447 963 1486 neve
984 1431 1294 1502 proximum
1325 1429 1568 1496 damnet,
1597 1431 1680 1486 vel
1705 1431 1944 1500 seipsum

2084 1443 2140 1496 αἱ
2194 1443 2268 1512 μὴ
2323 1441 2611 1510 ἀμελείτω,
2648 1441 2780 1512 μηδὲ
2825 1438 3202 1512 κατακρινέτω
3236 1439 3325 1491 τδν
3363 1438 3633 1509 πλησίον,

372 1521 580 1593 justum
625 1521 902 1591 praedicet,
934 1530 991 1575 ut
1044 1520 1121 1575 ait
1167 1520 1357 1576 beatus
1403 1521 1680 1590 apostolus
1723 1520 1944 1585 Paulus,

2084 1530 2182 1602 ,ἡδὲ
2206 1531 2492 1585 δικαιούτω
2521 1531 2730 1593 ἑαυτὸν,
2753 1531 2828 1593 ὡς
2857 1529 3008 1583 εἶπεν
3037 1533 3065 1584 6
3091 1530 3356 1600 μακάριος
3390 1530 3640 1582 ἀπόστο-

377 1613 553 1669 donec
592 1613 802 1667 venerit
832 1611 1111 1676 Dominus,
1140 1612 1232 1682 qui
1265 1611 1580 1666 abscondita
1614 1621 1886 1667 scrutatur
1906 1613 1945 1664 ⁸.

2084 1638 2136 1684 ος
2165 1621 2395 1686 Παῦλος,
2418 1621 2521 1684 ἕως
2547 1621 2610 1674 ἂν
2637 1621 2764 1692 ἔλθῃ
2789 1623 2817 1674 6
2841 1621 3063 1693 Κύριος.
3094 1621 3122 1672 6
3142 1621 3209 1674 τὰ
3231 1620 3451 1692 κρυπτὰ
3477 1623 3641 1691 ἐρευ-

381 1703 534 1775 Sarpe
581 1705 780 1760 etenim
813 1705 1009 1760 accidit
1039 1712 1099 1758 ut
1141 1703 1300 1759 nobis
1332 1704 1537 1757 lateant
1563 1720 1684 1772 qua:
1713 1705 1946 1772 agimus.

2084 1711 2174 1764 ῶν.
2208 1712 2475 1774 Πολλάκις
2506 1712 2612 1784 γὰρ
2664 1713 2757 1765 καὶ
2804 1713 3050 1776 ἑαυτοὺς,
3086 1712 3143 1764 ὲν
3174 1706 3252 1775 οἷς
3280 1711 3636 1782 πράττομεν,

379 1813 502 1868 quae
533 1811 634 1852 nos
658 1797 874 1866 quidem
903 1797 1236 1865 ignoramus,
1253 1794 1346 1850 sed
1371 1793 1631 1849 Dominus
1657 1795 1804 1848 novit
1827 1809 1946 1848 om-

2084 1803 2382 1874 ανθάνομεν
2402 1821 2413 1832 ·
2447 1777 2538 1856 καλ.
2567 1777 2728 1874 ἡμεῖς
2758 1803 2854 1874 μὲν
2881 1804 2981 1856 οὐκ
3004 1803 3243 1873 οἴδαμεν,
3273 1803 3303 1856 6
3327 1777 3389 1854 δὲ
3415 1777 3639 1874 Κύ-ριος

381 1893 492 1945 nia.
515 1888 730 1944 Judicio
777 1890 940 1959 igitur
971 1889 1048 1942 illi
1081 1887 1367 1960 permisso,
1400 1886 1468 1941 de
1515 1886 1746 1940 aliorum
1790 1884 1948 1939 malis

2084 1895 2457 1966 αταλαμόάνει
2505 1895 2700 1948 πάντα.
2732 1893 2889 1964 Αὐτῷ
2936 1890 3030 1948 οὖν
3074 1893 3135 1946 τὸ
3162 1896 3335 1965 κρῖμα
3362 1893 3637 1956 διδόντες,

3516 308 3666 366 α.

381 1989 576 2034 mutuo
603 1979 906 2041 doleamus,
931 1987 983 2032 et
1004 1977 1136 2032 alter
1166 1976 1393 2030 alterius
1417 1989 1582 2029 onera
1610 1977 1946 2044 portemus',

382 2072 747 2142 nosmetipsos
781 2070 1172 2140 dijudicemus;
1204 2069 1249 2124 si
1276 2069 1404 2138 quid
1432 2067 1591 2134 desit,
1619 2068 1672 2122 id
1703 2067 1952 2137 supplere

384 2164 642 2218 nitamur.
675 2162 756 2217 Ad
790 2160 1026 2216 cavenda
1055 2170 1233 2215 autem
1258 2168 1476 2229 peccata
1507 2157 1562 2212 id
1593 2158 1947 2212 observetur:

382 2253 559 2324 Opera
594 2256 828 2324 quisque
862 2261 1110 2308 nostrum
1146 2267 1266 2312 sua,
1301 2258 1356 2304 et
1380 2258 1566 2304 motus
1608 2248 1796 2315 animi,
1833 2255 1953 2302 tan-

384 2361 548 2415 quam
576 2345 698 2400 aliis
733 2345 1106 2409 nuntiaturus,
1134 2351 1285 2397 notet
1307 2342 1727 2410 conscribatque
1751 2359 1765 2394 :
1792 2348 1954 2408 atque

383 2438 641 2493 confidite
669 2437 912 2492 futurum
943 2450 1085 2497 esse,
1113 2443 1195 2501 ut,
1233 2449 1357 2489 cum
1391 2448 1492 2488 nos
1520 2432 1721 2502 pudeat
1743 2431 1810 2484 ab
1831 2429 1953 2483 aliis

387 2530 661 2601 cognosci,
694 2527 952 2599 peccandi
999 2542 1247 2596 prorsus,
1285 2526 1396 2579 imo
1425 2523 1555 2594 quid
1602 2538 1826 2591 pravum
1857 2536 1953 2578 co-

391 2619 618 2692 gitandi,
648 2619 808 2673 finem
841 2618 1123 2674 faciamus.
1155 2616 1288 2683 Quis
1332 2625 1418 2671 est
1465 2614 1609 2670 enim
1658 2614 1774 2684 qui,
1823 2614 1953 2668 dum

389 2719 598 2781 peccat,
624 2710 795 2765 videri
817 2709 982 2764 velit?
1011 2717 1104 2762 aut
1134 2707 1256 2777 quis
1284 2715 1408 2776 post
1444 2714 1724 2775 peccatum
1750 2705 1952 2760 admis-

390 2818 514 2859 sum
555 2817 663 2857 non
707 2801 964 2856 mentitur
992 2799 1195 2854 latendi
1235 2799 1444 2854 causa?
1495 2796 1649 2852 Sicut
1690 2797 1870 2866 itaque
1901 2797 1955 2851 in

392 2893 624 2947 aliorum
656 2899 950 2962 conspectu
974 2906 1251 2961 nunquam
1278 2889 1680 2955 scortabimur;
1706 2889 1956 2958 670m

394 2983 444 3039 si
488 2981 860 3053 cogitationes,
892 2992 952 3036 ut
988 2980 1108 3035 aliis
1139 2979 1460 3044 nuntiaturi,
1510 2978 1914 3048 perscribamus
1939 3017 1956 3043 ,

396 3072 554 3128 nobis
579 3071 758 3143 potius
787 3072 856 3126 ab
887 3072 1139 3126 obscenis
1171 3069 1594 3141 cogitationibus
1626 3067 1957 3133 cavebimus,

395 3163 469 3218 ob
493 3163 764 3218 revelandi
800 3163 1081 3232 pudorem.
1112 3160 1339 3215 Perinde
1370 3159 1550 3228 itaque
1594 3158 1753 3213 nobis
1806 3157 1956 3227 ejus-

398 3254 545 3310 Inodi
572 3255 797 3324 scriptio
832 3255 905 3309 sit
955 3264 1119 3324 atque
1144 3262 1452 3308 ascetarum
1481 3251 1624 3306 oculi
1651 3290 1667 3316 ,
1704 3259 1764 3305 ut
1807 3265 1960 3322 atque

398 3347 749 3416 scriptionem
781 3363 845 3401 ac
878 3347 1110 3400 aliorum
1157 3351 1507 3413 conspectum
1554 3341 1958 3406 erubescentes,

399 3453 563 3510 prava
618 3453 686 3493 ne
731 3438 1032 3509 cogitemus
1065 3436 1304 3506 quidem.
1343 3432 1467 3490 Haec
1509 3433 1556 3488 si
1598 3433 1757 3488 nobis
1789 3431 1964 3486 forma

2050 1987 2297 2058 ἀλλήλοις
2332 1985 2774 2057 συμπάσχωμεν,
2805 1987 2901 2039 καὶ
2929 1986 3172 2056 ἀλλήλων
3217 1983 3317 2056 μὲν
3362 1984 3440 2037 τὰ
3483 1984 3638 2057 βάρη

2054 2076 2428 2148 βαστάζωμεν,
2452 2077 2674 2139 ἑαυτοὺς
2693 2075 2749 2128 δὲ
2764 2076 3162 2148 ἀνακρίνωμεν,
3184 2076 3277 2129 καὶ
3303 2074 3339 2132 ἃ
3365 2075 3642 2147 ὑστεροῦ-

2055 2186 2174 2240 μεν,
2201 2167 2546 2238 ἀναπληροῦν
2594 2167 3193 2239 σπουδάζωμεν.Ἔστω
3238 2167 3294 2220 δὲ
3340 2167 3441 2220 καὶ
3488 2166 3640 2238 αὕτη

2053 2261 2188 2332 πρὸς
2232 2260 2530 2330 ἀσφάλειαν
2575 2259 2669 2313 τοῦ
2715 2259 2788 2330 μὴ
2836 2259 3171 2331 ἁμαρτάνειν
3204 2260 3636 2329 παρατήρησιςο

2054 2353 2326 2416 Ἕκαστος
2347 2350 2446 2415 τὰς
2464 2352 2690 2422 πράξεις
2713 2350 2887 2404 καὶτὰ
2909 2351 3186 2422 κινήματα
3209 2350 3307 2418 τῆς
3327 2348 3536 2420 ψυχῆς,
3561 2348 3640 2412 ὼς

2057 2444 2335 2516 μέλλοντες
2385 2444 2633 2515 ἀλλήλοις
2677 2444 3076 2513 ἀπαγγέλλειν,
3123 2441 3483 2512 σημειώμεθα
3542 2439 3644 2494 καὶ

2054 2537 2384 2608 γράφωμεν’
2419 2536 2516 2589 καὶ
2560 2535 2830 2606 θαρρεῖτε,
2863 2535 2966 2598 ὅτι,
2999 2534 3213 2595 πάντως
3248 2529 3642 2600 αἰσχυνόμενοι

2055 2626 2379 2696 γνωσθῆναι,
2403 2623 2722 2694 παυσόμεθα
2753 2622 2848 2676 τοῦ
2878 2621 3232 2693 ἁμαρτάνειν,
3253 2619 3348 2674 καὶ
3375 2617 3518 2680 ὅλως
3539 2614 3642 2672 τοῦ

2056 2715 2400 2787 ἐνθυμεῖσθαί
2429 2733 2482 2769 τι
2510 2715 2732 2785 φαῦλον.
2765 2715 2860 2778 Τίς
2886 2713 2994 2784 γὰρ
3017 2711 3092 2782 (4)
3125 2708 3458 2781 ἁμαρτάνων
3493 2706 3645 2760 θέειιι

2058 2808 2385 2880 βλέπεσθαι;
2414 2809 2448 2879 ἢ
2496 2807 2579 2872 τίς
2632 2807 2974 2878 ἁμαρτήσας,
3008 2805 3070 2857 οὐ
3112 2801 3309 2874 μᾶλλον
3355 2799 3644 2870 ψεύδεται,

2056 2900 2335 2953 λανθάνειν
2363 2899 2561 2964 θέλων;
2590 2900 2797 2970 ’Ὠσπερ
2817 2893 2909 2950 οὖν
2932 2896 3216 2966 βλέποντες
3233 2891 3521 2963 ἀλλήλους,
3538 2891 3646 2944 οὐκ

2057 2988 2124 3042 ἂν
2157 2986 2586 3059 πορνεύσαιμεν,
2614 2985 2806 3050 οὕτως,
2839 2985 2934 3039 ἐὰν
2970 2985 3046 3048 ὼς
3071 2981 3506 3052 ἀπαγγέλλοντες
3546 2980 3646 3034 ἀλ-

2058 3077 2238 3147 λήλοις
2268 3077 2394 3139 τοὺς
2421 3075 2714 3145 λογισμοὺς
2740 3074 3060 3144 γράφωμεν,
3099 3071 3295 3142 μᾶλλον
3320 3070 3648 3140 τηρήσομεν

2060 3168 2283 3230 ἑαυτοὺς
2315 3165 2422 3218 ἀπὸ
2463 3163 2735 3235 λογισμῶν
2781 3164 3059 3234 ῥυπαρῶν,
3089 3161 3466 3232 αἰσχυνόμενοι
3499 3177 3648 3228 γνω-

2064 3257 2274 3328 σθῆναι.
2309 3258 2488 3309 Ἔστω
2509 3252 2600 3309 οὖν
2645 3258 2776 3326 ἡμῖν
2820 3256 2879 3308 τὸ
2924 3255 3156 3326 γράμμα
3195 3254 3316 3308 ἁντί
3342 3251 3650 3322 ὀφθαλμῶν
3698 3272 3707 3279 ·

2063 3349 2171 3400 τῶν
2215 3347 2595 3419 συνασκητῶνο
2651 3347 2757 3411 ἵνα,
2791 3347 3148 3418 ὲρυθριῶντες
3179 3346 3410 3417 γράφειν
3459 3344 3540 3406 ὡς
3585 3342 3652 3394 τὸ

2070 3439 2378 3509 βλέπεσθαι,
2421 3439 2545 3511 μήθ’
2567 3439 2702 3504 ὅλως
2741 3438 3130 3510 ἐνθυμηθῶμεν
3158 3438 3225 3491 τὰ
3251 3437 3435 3507 φαῦλα
3455 3455 3468 3466 ·
3501 3436 3653 3491 οὕτω

1716 3541 1968 3600 \‘ERSIO
2007 3545 2309 3605 EVAGRIL

402 3656 566 3712 quam
598 3650 905 3696 nostrorum
939 3651 1032 3696 aut
1065 3641 1117 3712 in
1157 3639 1483 3712 nocteluna,
1515 3647 1608 3693 aut
1639 3637 1691 3690 in
1719 3637 1804 3691 die
1821 3637 1900 3712 sol
1929 3641 2081 3694 testis
2103 3641 2415 3712 abscederet
2438 3640 2603 3711 (5-6).
2625 3641 3004 3710 llliusquoque
3031 3639 3360 3712 admonebat
3387 3641 3652 3712 praecepti

404 3708 676 3768 memores
704 3728 844 3776 esse,
875 3727 981 3780 quo
1012 3711 1210 3764 dicitur
1249 3729 1261 3767 :
1298 3708 1597 3780 Dijudicate
1628 3710 1984 3780 vosmetipsos,
2005 3720 2054 3762 et
2082 3711 2314 3778 probate,
2362 3721 2419 3764 ut
2448 3708 2728 3766 rationem
2761 3708 2868 3765 diei
2899 3708 3178 3779 noctisque
3208 3709 3495 3773 facientes,
3519 3710 3567 3762 si
3596 3711 3650 3763 in

406 3797 468 3837 se
497 3782 750 3836 delictum
785 3777 1280 3850 deprehendissent,
1319 3795 1538 3850 peccare
1571 3777 1912 3850 desisterent.
1955 3778 2048 3832 Sin
2075 3777 2254 3834 autem
2285 3781 2465 3835 nullus
2495 3796 2651 3834 error
2686 3781 3006 3850 decepisset,
3033 3777 3442 3849 perseverantes
3472 3780 3653 3850 insta.-

409 3860 533 3908 rcnt
569 3853 746 3920 potius
773 3848 1027 3919 inc’mpto,
1059 3866 1219 3919 quam
1249 3849 1557 3918 arrogantia
1589 3848 1781 3920 tumidi
1825 3857 1919 3920 aut
1947 3850 2084 3905 alios
2111 3860 2538 3914 contemnerent,
2565 3860 2656 3904 aut
2684 3850 2786 3904 sibi
2816 3848 3087 3920 justitiam
3105 3849 3466 3920 vindicarent,
3491 3848 3654 3920 juxta

411 3916 709 3989 supradicti
739 3916 974 3974 doctoris
1007 3916 1277 3988 eloquium
1308 3916 1537 3989 dicentis
1569 3935 1582 3970 :
1616 3916 1796 3971 Nolite
1810 3917 2050 3985 judicare
2074 3931 2193 3973 ante
2228 3931 2425 3987 tempus
2451 3936 2470 3984 ;
2498 3921 2670 3988 magis
2706 3916 2903 3975 debere
2927 3935 3022 3974 eos
3050 3918 3275 3989 Christi,
3302 3917 3391 3972 cui
3423 3916 3653 3989 solioc-

413 3987 558 4046 culta
587 4000 792 4060 patent,
825 3987 1359 4060 reservare’judicio.
1387 3988 1582 4060 Multas
1617 4002 1757 4060 esse,
1786 3997 1845 4040 ut
1876 3990 2134 4057 scriptum
2165 3999 2268 4052 est,
2295 3993 2431 4053 vias,
2467 3987 2872 4060 quievidentur
2905 3989 3218 4044 hominibus
3238 3987 3554 4060 justa3,__sed
3589 3988 3653 4040 ti-

416 4077 512 4116 nrs
538 4056 720 4115 earum
749 4061 815 4114 ad
846 4056 1170 4129 profundum
1202 4059 1472 4129 respicere
1499 4056 1732 4129 inferni:
1757 4072 1898 4126 saepe
1922 4056 2100 4112 no'Stra
2131 4075 2237 4113 non
2266 4075 2426 4128 posse
2455 4056 2556 4115 nos
2591 4061 2887 4129 intelligere
2916 4068 3158 4129 peccata,
3183 4073 3326 4126 saepe
3360 4057 3474 4110 falli
3497 4057 3653 4129 igno-

417 4131 630 4210 ratione
665 4129 737 4210 (7)
769 4125 1041 4210 (remorum
1075 4148 1088 4182 :
1113 4129 1268 4209 aliud
1292 4125 1416 4182 esse
1447 4127 1761 4210 Dei‘cuncta
1791 4125 2060 4210 cernentis
2080 4125 2644 4210 judicium,.qui_no.n
2689 4125 3085 4198 ex'superiicie
3114 4125 3427 4195 corporum,
3457 4125 3554 4180 sed
3583 4140 3652 4180 ex

419 4199 680 4254 mentium
709 4199 927 4268 judicat
945 4199 1193 4263 arcanis;
1226 4213 1439 4266 aequum
1473 4205 1654 4250 autem
1685 4212 1808 4268 esse
1837 4213 1937 4252 nos
1968 4199 2128 4254 nobis
2155 4200 2406 4268 compati,
2427 4209 2482 4253 et
2510 4199 2736 4254 invicem
2761 4213 2926 4253 ooera
2951 4207 3137 4268 nostra
3158 4207 3374 4268 portare
3400 4214 3427 4268 :_
3449 4204 3508 4249 ut
3526 4209 3656 4249 con-

418 4285 576 4324 cesso
627 4265 876 4323 examine
912 4267 1200 4339 Salvatori,
1233 4265 1480 4339 prOprias
1512 4267 1875 4339 conscientias
1902 4270 2260 4338 nosmetipsos
2278 4265 2594 4339 iudicantes
2624 4269 2981 4324 intueremur.
3030 4265 3249 4339 Necnon
3292 4265 3511 4339 dicebat
3536 4279 3655 4339 ma-

419 4355 580 4409 gnam
608 4355 728 4409 esse
754 4342 821 4392 ad
851 4339 1103 4409 virtutem
1135 4334 1300 4409 viam,
1335 4334 1384 4409 si
1411 4337 1608 4406 singuli
1639 4335 1722 4409 vel
1748 4337 2098 4392 observarent
2127 4334 2259 4408 quid
2288 4334 2516 4408 agerent
2539 4338 2638 4408 (8),
2673 4339 2755 4393 vel
2783 4339 3065 4409 universas
3089 4337 3350 4391 mentium
3376 4334 3658 4404 c0gitatio-

420 4406 518 4463 nes
541 4408 798 4464 fratribus
819 4407 1101 4463 referrent.
1135 4406 1250 4462 Non
1283 4406 1426 4460 enim
1456 4422 1614 4475 posse
1638 4406 1873 4476 aliquem
1903 4406 2295 4475 peccare,'cum
2331 4406 2600 4463 relaturus
2633 4419 2777 4464 esset
2803 4407 2868 4462 ad
2896 4408 3062 4462 alium
3085 4420 3415 4476 quaecunque
3441 4419 3660 4474 peccas-

423 4490 535 4542 set;
568 4489 622 4532 et
649 4479 835 4558 subire
862 4478 1119 4558 pudorem
1153 4478 1204 4530 in
1235 4474 1508 4558 publicum
1541 4476 1715 4558 turpia
1753 4474 2078 4558 proferendi.
2113 4477 2355 4558 Denique
2377 4479 2586 4558 nullum
2616 4485 2947 4548 peccantem,
2975 4474 3291 4558 corajnalio
3311 4474 3514 4528 audere
3534 4488 3659 4558 pec-

422 4563 550 4602 care
578 4567 593 4603 :
628 4547 837 4603 etiamsi
863 4544 1072 4618 peccet,
1111 4544 1288 4600 tamen
1319 4556 1508 4600 testem
1536 4545 1705 4600 vitare
1737 4546 1961 4668 peccati,
1994 4548 2210 4602 mentiri
2251 4544 2423 4616 magis
2462 4560 2517 4602 et
2546 4544 2765 4618 negare,
2799 4557 2854 4601 et
2897 4557 3052 4603 vetus
3078 4547 3331 4600 delictum
3367 4557 3510 4598 novo
3532 4544 3661 4596 inti-

423 4619 603 4668 ciamli
633 4633 829 4668 angere
859 4618 1074 4668 delicto.
1110 4617 1278 4668 luitur
1309 4616 1465 4668 quasi
1509 4617 1610 4668 sub
1635 4629 1735 4668 ocu
1765 4617 1829 4668 is.
1861 4617 2057 4668 aiebat-
2086 4618 2287 4668 nostris
2325 4627 2378 4668 et
2416 4618 2654 4668 cogitatu
2696 4616 3081 4668 confundimur
3112 4625 3166 4668 et
3192 4625 3338 4668 actu.
3375 4615 3419 4667 si
3472 4613 3657 4666 omnia

423 4619 603 4673 ciandi
633 4633 829 4688 augere
859 4613 1074 4672 delicto.
1110 4617 1278 4685 igitur
1309 4616 1465 4685 quasi
1509 4617 1610 4670 sub
1635 4613 1829 4688 oculis,
1861 4617 2057 4682 aiebat,
2086 4618 2287 4674 nostris
2325 4613 2378 4672 e't
2416 4613 2654 4688 cogitatu
2696 4616 3081 4688 confundimur
3112 4625 3166 4670 et
3192 4625 3338 4688 actu,
3375 4615 3419 4667 si
3470 4613 3657 4688 omnia

425 4683 730 4743 referenda'
751 4686 1050 4750 faciamus;
1096 4683 1268 4740 multo
1313 4683 1490 4756 autem
1524 4686 1717 4753 magis,
1747 4686 1795 4756 si
1828 4697 2043 4756 peccata
2077 4697 2260 4742 nostra
2296 4683 2520 4742 fideliter
2551 4687 2918 4742 describentes
2942 4688 3251 4756 digeramus
3272 4685 3342 4756 Vin
3384 4683 3655 4756 ordinem.

425 4755 580 4812 Tunc
612 4773 740 4811 vero
769 4758 1049 4811 annotatio
1084 4756 1405 4810 delictorum
1457 4755 1684 4826 fratrum
1717 4753 1982 4811 videbitur
2014 4758 2177 4816 oculi.
2212 4759 2267 4812 Si
2300 4758 2609 4812 timebimus
2651 4758 2857 4826 peccati
2903 4753 3057 4810 ceras
3100 4755 3370 4819 conscias,
3401 4753 3508 4822 ipsi
3561 4766 3658 4826 nos

424 4838 654 4893 argnent
684 4827 886 4896 apices,
911 4837 962 4881 et
990 4832 1267 4896 quomodo
1291 4825 1669 4896 meretricibus
1697 4826 1935 4896 membra
1965 4827 2274 4892 miscentes,
2300 4822 2710 4883 confunduntur
2741 4828 2807 4881 ad
2841 4825 3184 4896 praesentiam
3208 4834 3526 4896 cretei-orum
3542 4837 3560 4896 _;
3579 4822 3659 4896 ita

424 4891 610 4952 et’nos
637 4891 1124 4975 et-ubescetiius_ad_
1140 4897 1363 4975 litteras.
1396 4893 1520 4948 Haec
1547 4910 1792 4975 agamus,
1828 4894 1930 4950 hac
1961 4898 2178 4952 virtutis
2202 4891 2510 4970 gradiantur
2538 4899 2624 4952 via
2667 4896 2765 4967 (9),
2821 4891 2876 4952 et
2908 4910 3136 4964 corpora
3170 4894 3444 4948 mentibus
3470 4891 3660 4960 subju-

426 4977 636 5037 gantes,
668 4967 998 5035 perniciosas
1021 4965 1220 5020 diaboli
1251 4981 1332 5020 co.
1357 4963 1602 5018 teramus
1627 4963 1870 5018 insidias.

500 5079 545 5112 ”
582 5075 626 5133 ll
652 5078 779 5132 Cor.
809 5092 929 5143 xm,
967 5075 1021 5130 5.

502 5193 580 5262 (3)
620 5191 696 5246 Ita
729 5191 930 5262 Regius
956 5193 1008 5256 1,
1033 5191 1090 5252 2,
1119 5190 1276 5245 Colh.
1315 5191 1350 5244 2
1391 5201 1445 5244 et
1492 5189 1660 5262 Savil.
1689 5188 1829 5262 Editi
1866 5205 1993 5244 vero

429 5275 481 5320 et
512 5259 740 5333 'alii,"lv’r
762 5259 854 5318 οὗίν
891 5265 949 5315 ὲν
973 5262 1150 5333 τούτῳ
1174 5263 1304 5333 ἡμῖν
1331 5261 1392 5314 τὸ
1418 5260 1582 5314 καλὸν
1601 5259 1992 5330 περισὼζηται,

431 5334 598 5389 καλὸν
623 5332 871 5386 ἀκοῦσαι.

505 5405 583 5476 (4)
627 5403 716 5476 Sic
763 5417 972 5476 ριιιιιεε-
1007 5395 1397 5476 manus_crip_ti._
1421 5400 1586 5476 Editi,
1614 5398 1679 5452 Τί
1707 5398 1994 5476 γάρ-μοις

434 5468 638 5543 Regi-us
667 5473 723 5543 2,
752 5473 906 5527 Coll).
942 5473 1053 5543 {fret
1087 5468 1626 5540 83νὶ1.,“βλέπεσθαι,
1656 5468 1821 5524 recte.
1853 5468 1992 5524 Editi

437 5553 493 5599 et
524 5541 636 5606 alii,
682 5611 693 5612 γ
706 5541 1054 5612 βλάπτεσθαι.

511 5614 653 5678 (5-6)
672 5609 761 5666 Sic
781 5613 1130 5680 manuscripti
1154 5626 1362 5666 omnes.
1382 5609 1521 5664 Editi
1539 5624 1685 5676 vero,
1713 5617 1863 5664 testes
1879 5609 1996 5680 abs-

444 5692 698 5740 cederent.
735 5682 854 5737 Mox
888 5679 1459 5752 aliquimanuscﬁpli,
1509 5681 1754 5751 pra'cepti
1789 5697 1888 5750 quo
1915 5679 1998 5733 di-

1100 5076 1116 5107 ¹
1158 5073 1179 5128 Ι
1211 5074 1334 5130 Cor.
1371 5091 1440 5141 Iv,
1481 5075 1548 5139 5;
1591 5071 1751 5128 Rom.
1785 5090 1844 5140 ιι,
1875 5075 1962 5129 16.
2039 5077 2060 5108 ⁸
2097 5075 2273 5132 Galat.
2301 5093 2372 5145 γι,
2403 5077 2458 5132 2.

2101 5194 2265 5246 citur.
2298 5193 2442 5248 Editi
2492 5207 2643 5258 vero,
2675 5192 2922 5262 praecepti
2959 5205 3212 5246 memores
3242 5203 3372 5251 esse,
3406 5187 3546 5257 quod
3586 5189 3668 5240 di-

2068 5309 2075 5317 .
2099 5275 2168 5317 cu
2201 5265 2264 5318 de
2294 5264 2398 5318 his.

2108 5425 2120 5436 .
2172 5352 2384 5477 (7)1.Sic
2428 5353 2787 5424 manuscripti
2817 5352 3036 5423 quidam
3080 5351 3306 5420 optime.
3338 5346 3480 5401 Editi
3516 5361 3663 5410 vero,

2108 5441 2158 5477 m
2184 5442 2241 5477 ra
2271 5441 2406 5477 iane.

2102 5441 2158 5478 ιιι
2184 5441 2406 5479 ratione.

2175 5516 2250 5588 (8)
2293 5515 2384 5572 Sic
2415 5515 2794 5586 manuscripti.
2830 5511 2972 5569 Editi
3004 5528 3155 5581 vero,
3186 5509 3312 5580 quid
3336 5522 3588 5577 gererem.

2174 5607 2248 5678 (9)
2301 5607 2379 5664 ita
2431 5605 2998 5678 manuscriptiLEditi
3047 5614 3250 5678 autem,
3295 5600 3354 5657 Si
3384 5598 3494 5654 lucc
3539 5612 3664 5666 aga-

2106 5675 2241 5747 mus,
2278 5680 2412 5734 hanc
2449 5680 2658 5734 virtutis
2687 5675 2995 5748 g’radiamur
3027 5675 3163 5729 riam
