3824 6224
409 212 516 275 951

978 214 1037 271 S.
1075 213 1441 272 ATHANASII
1476 215 1604 272 OPP
1673 216 1846 274 PARS
1883 217 1924 274 1.
1970 249 2034 259 -
2071 217 2436 276 HISTORICA
2474 219 2562 274 ET
2605 206 3019 276 DOGMATICA.

3536 220 3666 276 '33!

417 335 646 393 tiaverat
682 334 973 401 Antonius,
1006 322 1290 391 observato
1319 336 1438 400 die,
1483 337 1832 394 advenientes
1850 348 1977 409 .post

2085 340 2241 404 αὐτὸς
2273 340 2560 414 ἐπιτρέψῃ,
2587 343 2662 405 ὡς
2686 340 2763 412 τῷ
2790 341 3006 412 μεγάλῳ
3031 320 3308 407 ἀποστ-ὅλῳ
3334 321 3530 411 Πέτρῳ

417 428 535 484 dies
576 428 796 498 triginta
827 442 890 482 ex
915 424 1106 491 Nitria,
1137 424 1336 482 fratres
1379 429 1783 499 interrogarunt
1821 440 1982 500 atque

417 526 798 589 compererunt
842 533 904 572 ea
941 518 1054 586 ipsa
1085 518 1174 571 die
1213 527 1269 573 et
1302 519 1432 573 hora
1459 521 1664 575 obiisse
1687 521 1976 586 Amuuem,

415 624 524 678 qua
570 609 688 679 ejus
721 609 955 662 animam
1001 624 1218 663 sursum
1267 609 1394 663 [ενι-ἰ
1436 625 1600 665 senex
1641 611 1863 666 viderat.
1903 613 1981 667 Ac

416 701 631 768 utrique
655 701 936 768 puritatem
968 702 1163 755 animae
1188 701 1408 756 Antonii
1435 717 1778 772 summOpere
1801 705 1979 758 mirati

416 798 561 853 sunt,
592 791 681 859 qui
719 806 748 844 a
778 791 990 861 triginta
1011 792 1218 847 dierum
1251 793 1457 847 itineris
1483 793 1766 848 interval!o
1795 796 1978 849 statim

413 892 528 932 rem
590 879 892 945 didicerat,
963 882 1309 951 animamque
1379 896 1598 936 sursum
1663 883 1790 937 ferri
1846 899 1979 939 con-

413 980 676 1040 spexerat.

2082 431 2326 501 ποίηκεν.
2373 434 2430 486 Ὀ
2481 434 2579 502 μὲν
2625 429 2717 487 οῦν
2763 433 3038 503 Θεόδωρος
3094 431 3229 501 μετά
3280 431 3513 485 θάνατον
3560 432 3661 487 τοῦ

2093 523 2290 594 Ἀμοῦν
2312 525 2608 595 διηγήσατο
2656 525 2841 578 τοῦτο·
2882 525 2930 576 οἰ
2961 524 3017 576 δὲ
3054 523 3297 592 μοναχοὶ,
3337 518 3420 586 οἷς
3446 519 3608 576 εἶπεν
3632 527 3662 576 6

2092 615 2372 679 Ἀντώνιος
2400 617 2526 685 περὶ
2569 615 2662 668 τοῦ
2708 615 2936 669 θανάτου
2984 615 3078 668 τοῦ
3125 614 3344 684 Ἀμοῦν,
3379 615 3661 691 ἐσημειώ-

2082 723 2241 759 σαντο
2269 708 2366 777 τὴν
2398 708 2606 778 ἡμέραν
2631 723 2644 738 ⁸
2674 707 2767 760 καὶ
2791 706 3116 760 ἀνελθόντων
3143 707 3250 759 τῶν
3278 706 3524 774 ἀδελφῶν
3551 707 3662 783 ἀπὸ

2081 798 2180 866 τῆς
2203 797 2428 868 Νιτρίας
2457 797 2598 867 μετὰ
2631 799 2924 869 τριάκοντα
2968 799 3200 869 ἡμέρας,
3242 797 3528 860 ἐπύθοντο,
3569 795 3662 849 καὶ

2083 881 2324 950 ἔγνωσαν
2349 885 2406 935 ὲν
2433 883 2614 953 ἐκείνῃ
2634 885 2700 953 τῇ
2726 883 2908 955 ἡμέρᾳ
2937 885 3030 937 καὶ
3053 887 3116 954 τῇ
3148 883 3264 955 ὥρᾳ
3295 882 3660 952 κεκοιμῆσθαι

2080 972 2171 1026 τὸν
2206 971 2422 1042 Ἀμοῦν,
2451 971 2508 1024 ἐν
2586 973 2683 1044 τὴν
2706 973 2879 1043 ψυχὴν
2904 968 3040 1026 εἶδεν
3067 972 3476 1052 ἀναφερομένην
3505 976 3537 1025 6
3570 972 3661 1040 γέ·

413 1077 522 1131 ρων
554 1062 734 1117 αὑτοῦ.
769 1064 877 1115 Καὶ
898 1063 1036 1116 πάνυ
1064 1065 1157 1116 xui.
1183 1057 1328 1116 οῦτοι
1374 1067 1615 1118 κάκεῖνοι
1646 1067 1706 1120 τὸ
1734 1065 1970 1136 καθαρὸν
2007 1064 2105 1134 τῆς
2146 1064 2321 1134 ψυχῆς
2360 1063 2664 1134 ἐθαύμαζον
2709 1065 3012 1130 Ἀντωνίου,
3040 1064 3156 1128 πῶς
3183 1065 3243 1117 τὸ
3282 1063 3389 1116 ἀπὸ
3429 1064 3658 1134 διαστή-

413 1169 580 1224 ματος
602 1154 822 1224 ἡμερῶν
853 1153 1146 1224 δεκατριῶν
1170 1155 1456 1225 γενόμενον
1485 1159 1613 1228 παρ’
1633 1157 1772 1210 αὐτὰ
1799 1157 2104 1228 μεμάθηκε,
2139 1155 2232 1208 καὶ
2263 1158 2361 1226 τὴν
2389 1155 2566 1226 ψυχὴν
2595 1151 2732 1207 εἶδεν
2754 1155 3117 1225 ἀναγομένην.

483 1246 570 1300 61.
599 1247 894 1300 Archelaus
933 1248 1092 1301 etiam
1121 1263 1304 1302 comes
1331 1264 1454 1302 cum
1493 1251 1803 1306 offendisset
1826 1251 1975 1304 illum

411 1337 467 1389 in
512 1337 779 1389 exteriore
816 1346 1030 1402 monte,
1074 1339 1282 1406 rogavit
1330 1349 1390 1392 ut
1434 1340 1609 1394 solum
1669 1348 1981 1409 precaretur

412 1424 581 1480 Deum
610 1442 708 1495 pro
738 1426 1036 1497 Polycratia
1080 1427 1359 1484 Laodicea:
1395 1432 1602 1501 virgine
1641 1431 1978 1493 admiranda,

400 1525 575 1586 atque
588 1516 925 1580 Christifera,
943 1533 1061 1586 qua:
1075 1519 1384 1574 vehemente
1401 1521 1660 1574 stomachi
1695 1521 1983 1590 laterisque

417 1609 604 1664 dolore
650 1609 992 1677 premebatur
1042 1609 1112 1663 ob
1154 1611 1375 1664 nimiam
1421 1611 1823 1666 exercitationis
1845 1627 1978 1667 con-

412 1698 732 1763 tentionem,
763 1707 927 1767 atque
956 1707 1067 1752 toto
1097 1708 1214 1753 erat
1256 1715 1481 1770 corpore
1527 1700 1758 1754 inﬁrma.
1792 1699 1978 1754 Oravit

412 1789 702 1852 Antonius,
734 1792 1149 1860 observavitque
1173 1806 1356 1846 comes
1383 1808 1487 1861 qua
1516 1793 1604 1846 ille
1619 1803 1836 1847 orasset
1867 1795 1974 1859 die,

413 1895 478 1935 ac
497 1879 817 1936 Laodiceam
875 1882 1151 1950 profectus
1215 1899 1403 1939 sanam
1450 1885 1650 1953 reperit
1689 1886 1974 1955 virginem.

415 1969 846 2041 Sciscitatusque
879 1973 1096 2041 quando
1119 1982 1174 2028 et
1195 1989 1430 2043 quanam
1461 1975 1546 2029 die
1575 1974 1766 2029 luisset
1791 1976 1978 2031 morbo

412 2062 606 2128 levata,
650 2062 892 2116 chartam
927 2064 1178 2131 protulit,
1222 2064 1276 2117 in
1319 2080 1426 2134 qua
1468 2067 1730 2121 orationis
1764 2074 1979 2136 tempus

413 2153 832 2222 conscripserat.
878 2153 1128 2224 Cumque
1172 2171 1286 2210 rem
1336 2157 1708 2225 comperisset,
1747 2159 1980 2212 ostendit

415 2245 596 2298 statim
638 2260 747 2298 rem
794 2246 848 2299 in
894 2246 1080 2300 charta
1130 2247 1453 2316 descriptam
1491 2266 1504 2301 :
1539 2247 1822 2317 miratique
1852 2258 1980 2304 sunt

414 2347 627 2399 omnes,
653 2335 838 2389 eodem
864 2335 1009 2388 illam
1039 2345 1278 2405 tempore
1310 2337 1586 2391 doloribus
1634 2338 1839 2393 levasse
1874 2338 1971 2394 Do-

415 2425 648 2501 minum,
675 2441 785 2495 quo
813 2441 911 2497 pro
934 2427 1048 2496 ipsa
1069 2427 1338 2483 Antonius
1357 2437 1558 2494 oraret,
1580 2427 1979 2502 Salvatorisque

415 2515 754 2571 clementiam
788 2518 906 2588 ejus
933 2519 1101 2588 gratia
1133 2519 1462 2574 obsecraret.

486 2694 576 2750 62.
625 2694 1009 2764 Saepenumero
1077 2697 1287 2766 aliquot
1331 2708 1464 2753 ante
1503 2698 1654 2764 dies,
1694 2699 1804 2753 imo
1846 2715 1980 2754 non-

417 2798 697 2854 nunquam
728 2792 853 2838 ante
886 2799 1148 2849 mensem,
1179 2785 1427 2854 praedixit
1447 2787 1668 2854 quinam
1698 2789 1979 2842 adventuri

416 2883 619 2940 essent,
649 2884 702 2929 et
729 2890 834 2944 qua
868 2873 935 2929 de
964 2891 1148 2930 causa.
1178 2875 1243 2929 Et
1279 2876 1369 2930 alii
1393 2877 1609 2946 quidem
1641 2879 1761 2948 ejus
1803 2881 1978 2935 solum

2143 1248 2230 1302 61.
2264 1249 2373 1300 Καὶ
2418 1248 2522 1318 μὴν
2555 1231 2648 1300 καὶ
2683 1247 2970 1318 Ἀρχέλαός
2998 1265 3126 1300 ποτε
3158 1249 3186 1300 6
3220 1257 3398 1316 κόμης
3423 1285 3438 1308 ,
3472 1245 3658 1316 εὑρων

2076 1339 2234 1392 αὐτὸν
2260 1339 2316 1390 ἐν
2346 1337 2422 1408 τῷ
2449 1337 2565 1408 ὄρει
2601 1337 2680 1407 τῷ
2705 1337 2809 1403 ἔξω
2851 1337 2959 1408 (25)
2984 1377 2999 1401 ,
3038 1336 3435 1408 προσεύξασθαι
3492 1334 3656 1404 μόνον

2077 1430 2308 1499 ἠξίωσεν
2345 1429 2504 1481 αὑτὸν
2535 1431 2659 1500 περὶ
2690 1429 3089 1500 Πολυκρατείας
3126 1429 3226 1498 τῆς
3265 1428 3322 1481 ἔν
3357 1429 3654 1498 Λαώικείᾳ

2080 1519 2395 1590 θαυμαστῆς
2421 1519 2513 1572 καὶ
2539 1521 2906 1591 Χριστοφόρου
2935 1520 3224 1588 παρθένου.
3267 1518 3512 1588 Ἔπασχε
3545 1521 3655 1589 γὰρ

2081 1611 2260 1680 ἐκείνη
2295 1610 2480 1672 δεινῶς
2509 1610 2600 1665 τὸν
2625 1597 2890 1682 στόμαχον
2922 1599 3014 1664 κα).
3043 1611 3104 1663 τὸ
3141 1611 3372 1682 πλευρὸν
3414 1611 3526 1663 ἀπὸ
3555 1609 3652 1690 cf;

2077 1704 2214 1772 ἄγαν
2242 1704 2546 1775 ἀσκήσεως,
2574 1705 2668 1757 καὶ
2697 1705 2790 1775 ὅλη
2823 1700 2891 1774 ἦν
2926 1705 3156 1776 ἀσθενὴς
3184 1705 3261 1775 τῷ
3292 1703 3528 1774 σώματι.
3593 1693 3651 1756 Ὅ

2079 1795 2175 1864 μὲν
2199 1791 2291 1848 οὖν
2332 1794 2610 1859 Ἀντώνιος
2643 1795 2867 1866 ηῦχετο·
2907 1797 2935 1849 ό
2958 1796 3014 1848 δὲ
3053 1797 3229 1868 κόμης
3269 1796 3653 1866 ἐσημειώσατο

2074 1885 2172 1956 τὴν
2201 1885 2443 1956 ἡμέραν,
2478 1887 2536 1938 ὲν
2637 1886 2857 1954 γέγονεν
2890 1887 2922 1956 ἡ
2955 1887 3085 1956 εὐχή
3111 1891 3125 1915 δ
3160 1887 3252 1938 καὶ
3281 1873 3534 1938 ἀπελθὼν
3573 1889 3651 1949 είς

2074 1979 2172 2048 τὴν
2198 1978 2534 2040 Λαοδίκειαν,
2563 1971 2718 2048 εὗρεν
2752 1978 2881 2048 ὑγιῆ
2912 1977 3008 2049 τὴν
3036 1977 3319 2049 παρθένον.
3374 1974 3651 2031 Πυνθανὸι

2079 2085 2237 2139 μενος
2284 2069 2374 2132 δὲ,
2423 2068 2552 2122 πότε
2587 2069 2680 2123 καὶ
2708 2069 2838 2140 ποίᾳ
2871 2069 3055 2140 ἡμέρᾳ
3096 2068 3208 2139 (24)
3238 2055 3519 2121 πέπαυται
3551 2067 3651 2136 τῆς

2076 2157 2354 2220 ἀσθενείας
2374 2197 2388 2221 ,
2423 2159 2726 2228 προήνεγκε
2776 2159 2866 2211 τὸν
2913 2158 3117 2229 χάρτην
3137 2197 3151 2221 ,
3183 2159 3239 2210 ὲν
3263 2151 3307 2223 ᾧ
3338 2156 3427 2208 τὸν
3458 2155 3650 2226 χρόνον

2075 2248 2174 2319 τῆς
2194 2249 2357 2318 εὐχῆς
2381 2249 2580 2320 ἔγραψε
2601 2268 2615 2282 ·
2644 2251 2738 2302 καὶ
2765 2249 2970 2320 μαθὼν,
2997 2247 3164 2312 ἔδειξε
3185 2249 3278 2300 καὶ
3295 2246 3460 2309 αὐτὸς
3487 2245 3650 2308 εὐθὺς

2075 2339 2172 2412 τὴν
2203 2343 2257 2394 ὲν
2276 2339 2352 2410 τῷ
2377 2339 2548 2412 χάρτῃ
2572 2341 2788 2411 γραφήν
2806 2356 2820 2370 ·
2843 2339 2938 2392 καὶ
2962 2340 3158 2402 πάντες
3182 2337 3498 2408 ἐθαύμασαν
3525 2337 3649 2388 ὲπι-

2075 2432 2292 2500 γνόντες
2321 2431 2453 2501 (25),
2487 2433 2569 2484 ὅτι
2603 2431 2725 2484 τότε
2756 2431 3036 2484 πέπαυκεν
3067 2431 3094 2482 6
3119 2431 3320 2500 Κύριος
3344 2428 3513 2498 αὐτὴν
3539 2426 3649 2480 τῶν

2076 2519 2252 2572 πόνων
2275 2560 2290 2584 ,
2319 2520 2404 2572 ὅτε
2433 2515 2500 2590 ἦν
2533 2518 2819 2590 εὐχόμενος
2845 2521 2874 2571 6
2915 2515 3193 2580 Ἀντώνιος
3244 2518 3336 2570 καὶ
3397 2533 3651 2587 παρακαο

2077 2607 2185 2662 λῶν
2217 2608 2315 2680 τὴν
2346 2609 2656 2680 ἀγαθότητα
2683 2608 2775 2662 τοῦ
2804 2609 3054 2680 Σωτῆρος
3082 2609 3208 2679 περὶ
3235 2609 3424 2678 αὐτῆς.

2147 2702 2235 2756 62.
2268 2702 2376 2755 Καὶ
2407 2701 2536 2772 περὶ
2560 2701 2666 2754 τῶν
2692 2701 2998 2771 ἐρχομένων
3024 2701 3079 2754 δὲ
3102 2700 3238 2771 πρὸς
3260 2701 3420 2753 αὑτὸν
3447 2698 3650 2754 πολλά-

2078 2811 2163 2856 κις
2194 2792 2450 2864 προέλεγε
2482 2791 2586 2862 πρὸ
2614 2791 2836 2864 ἡμερῶν
2861 2831 2876 2855 ,
2903 2787 2969 2862 ἦν
2997 2791 3053 2845 δὲ
3083 2793 3172 2845 ὅτε
3201 2793 3294 2846 καὶ
3325 2790 3432 2861 πρὸ
3456 2791 3648 2860 μηνὸς,

2080 2888 2172 2941 καὶ
2197 2886 2293 2956 τὴν
2313 2885 2508 2949 αἰτίαν,
2535 2885 2600 2938 δι’
2626 2886 2691 2955 ἥν
2722 2886 2950 2956 ἦρχοντο
2971 2901 2984 2914 ⁸
3015 2887 3064 2938 oi
3096 2885 3192 2955 μὲν
3217 2885 3325 2956 γὰρ
3354 2883 3516 2938 ἕνεκα
3538 2884 3650 2957 (26)

416 2965 630 3022 videndi
659 2965 1292 3034 desiderio-accedebant,
1327 2969 1418 3022 alii
1441 2968 1770 3024 inﬁrmitatis
1793 2986 1977 3038 causa,

2085 2977 2172 3032 τοῦ
2212 2977 2369 3048 μόνον
2415 2977 2542 3030 ἰδεῖν
2573 2977 2735 3030 αὑτὸν
2769 2977 2997 3048 ἧρχοντο
3019 3014 3035 3041 ,
3074 2978 3125 3029 οἱ
3161 2977 3217 3029 δὲ
3247 2977 3314 3029 δι’
3347 2975 3650 3042 ἀσθένειαν,

417 3057 512 3112 alii
547 3058 691 3127 quod
723 3073 753 3111 a
786 3057 1122 3112 daemonibus
1157 3068 1496 3114 vexarentur.
1536 3058 1812 3131 Nemoque
1853 3079 1979 3134 gra-

418 3152 676 3215 vabatur,
704 3158 798 3203 aut
837 3149 1031 3203 durum
1082 3149 1387 3204 mstimabat
1440 3151 1650 3207 itineris
1698 3153 1978 3210 laborem:

415 3250 672 3313 percepta
707 3240 905 3309 quippe
945 3239 1179 3293 utilitate
1219 3240 1450 3310 quisque
1493 3243 1838 3312 remigrabat.
1875 3243 1984 3299 Ro-

414 3334 689 3405 gabatque
735 3331 824 3384 ille
871 3340 928 3384 ut
973 3344 1133 3384 nemo
1163 3345 1222 3385 se
1258 3346 1354 3400 pro
1388 3332 1472 3387 his
1517 3333 1677 3389 dictis
1718 3333 1984 3405 factisque

420 3426 731 3488 miraretur,
766 3421 858 3477 sed
888 3421 1068 3490 potius
1099 3421 1407 3486 Dominum,
1433 3424 1525 3493 qui
1556 3425 1712 3480 nobis
1739 3427 1978 3482 hornini-

414 3515 525 3569 bus
571 3529 684 3570 sua:
734 3528 830 3580 pro
875 3511 1133 3568 facultate
1179 3524 1364 3568 nosua
1397 3515 1722 3585 cognitionis
1749 3519 1978 3588 gratiam

417 3604 737 3675 impertiret.

2029 3115 2048 3146 _.
2081 3067 2175 3119 καὶ¹
2200 3065 2344 3118 ἄλλοι
2379 3067 2677 3136 πάσχοντες
2709 3066 2813 3119 ὑπὸ
2852 3066 3140 3136 δαιμόνων.
3201 3066 3309 3119 Καὶ
3349 3066 3549 3130 πάντες
3591 3068 3650 3120 οὐ

2029 3222 2035 3228 ι
2083 3157 2318 3228 σκυλμὺν
2357 3159 2478 3210 οὐδὲ
2529 3157 2730 3229 ζημίαν
2757 3158 2984 3228 ἡγοῦντο
3031 3158 3122 3211 τὸν
3152 3159 3318 3212 κόπον
3346 3159 3444 3228 τῆς
3488 3157 3610 3212 ὁδοῦ
3636 3175 3651 3189 ο

2081 3244 2396 3317 ἀνέκαμπτε
2428 3247 2535 3318 γὰρ
2576 3248 2804 3311 ἕκαστος
2855 3247 3174 3318 αἰσθόμενος
3223 3247 3320 3318 τῆς
3362 3246 3650 3316 ὠφελείας.

2083 3338 2316 3392 Τοιαῦτα
2340 3339 2396 3392 δὲ
2434 3339 2606 3408 λέγων
2635 3341 2729 3393 καὶ
2752 3338 2993 3410 βλέπων,
3017 3339 3169 3409 ἠξίου
3203 3339 3402 3410 μηδένα
3434 3339 3652 3409 θαυμά-

2084 3428 2190 3490 ζειν
2213 3431 2372 3484 αὐτὸν
2401 3433 2458 3484 ὲν
2482 3431 2684 3502 τούτῳδ
2714 3431 2849 3486 ἀλλά
2879 3432 3076 3503 μᾶλλον
3105 3429 3400 3501 θαυμάζειν
3428 3430 3538 3500 (27)
3563 3431 3654 3483 τὸν

2085 3521 2287 3594 Κύριον
2312 3563 2327 3588 ,
2371 3523 2452 3576 ὅτι
2506 3522 2810 3594 ἀνθρώποις
2853 3525 2985 3594 ἡμῖν
3011 3519 3160 3577 οὖσιν
3193 3523 3484 3594 ἐχαρίσατο
3513 3522 3652 3576 κατὰ

2085 3612 2311 3685 δύναμιν
2340 3613 2625 3683 γινώσκειν
2655 3605 2816 3669 αὑτὸν

1755 3734 2006 3803 ΥΕΒΞΙΟ
2046 3746 2348 3807 EVAGRII.

423 3859 529 3913 hoc
551 3863 674 3910 ante
696 3865 851 3908 suam
886 3859 1111 3929 mortem
1136 3843 1427 3929 indicaret,
1470 3848 1635 3929 aIQue
1659 3843 1734 3929 ita
1764 3852 2048 3929 confessus
2069 3865 2154 3929 est
2186 3871 2244 3910 se
2273 3857 2451 3929 subito
2479 3857 2531 3912 in
2567 3859 2788 3913 alteram
2815 3859 2989 3929 ripam
3015 3857 3186 3912 fuisse
3218 3857 3614 3927 transpositam
3636 3901 3652 3922 ,

422 3941 600 3996 neque
630 3939 758 3978 vero
786 3925 1008 3998 omnino
1044 3922 1201 3975 undis
1235 3923 1576 3998 impressisse
1601 3925 1825 3998 vestigia
1851 3944 1864 3978 :
1891 3924 2157 3998 Dominici
2190 3928 2434 3996 corporis
2465 3929 2566 3982 hoc
2595 3922 2970 3984 tantummodo
3002 3929 3340 3998 privilegium
3375 3922 3653 3998 asserens,

421 4010 476 4052 et
494 3990 696 4067 eorunl
704 3993 912 4067 quibus
943 3993 1079 4062 ipse,
1105 3991 1440 4067 ut_apostolo
1469 3990 1661 4056 Petro,
1691 3990 1995 4067 donaverit,
2023 4004 2085 4049 ιιι
2109 3990 2376 4067 aquarum
2409 3998 2611 4052 levitati
2644 3999 2940 4053 humanum
2969 3990 3168 4067 corpus
3197 3990 3492 4051 insisteret.
3531 3990 3655 4052 Haec

420 4077 614 4136 autem,
653 4060 978 4136 Theodorus
1015 4060 1284 4136 promisso
1327 4068 1566 4128 tempore
1605 4078 1712 4116 non
1749 4064 1904 4136 dixit,
1951 4074 2075 4134 post
2099 4060 2217 4134 ejus
2254 4076 2479 4121 mortem
2515 4068 2715 4122 retulit.
2754 4067 3000 4122 Monachi
3030 4060 3191 4132 vero,
3218 4067 3418 4136 quibus
3444 4067 3660 4122 dixerat

421 4135 688 4206 Antonius
720 4134 787 4187 de
833 4140 1006 4184 morte
1036 4131 1358 4206 Ammonis,
1400 4140 1724 4206 notaverunt
1754 4133 1896 4206 diem
1929 4131 2029 4206 z'et
2075 4131 2417 4206 venientibus
2459 4137 2527 4190 de
2572 4135 2746 4192 Nitria
2786 4138 3049 4193 fratribbs
3085 4145 3211 4206 post
3236 4131 3365 4190 dies
3407 4138 3654 4206 triginta,

422 4205 760 4276 sciscitantes
785 4242 801 4266 ,
832 4208 1148 4276 repererunt
1176 4199 1267 4251 illo
1296 4198 1420 4276 die_,
1454 4201 1657 4276 illaque
1682 4202 1814 4276 hora
1838 4203 2107 4276 dormisse
2145 4204 2464 4260 Ammonem
2487 4245 2503 4269 ,
2525 4223 2632 4275 qua
2658 4210 2897 4262 animam
2925 4208 3044 4276 ejus
3071 4198 3200 4269 ferri
3227 4220 3392 4259 senex
3419 4198 3657 4276 viderat.

423 4275 652 4348 Utrique
671 4270 1144 4348 igitqrpuritatem
1168 4269 1363 4322 mentis
1385 4268 1439 4320 in
1461 4268 1698 4327 Antonio
1713 4273 1895 4326 mirati
1923 4283 2070 4341 sunt,
2093 4276 2367 4345 quomodo
2391 4277 2466 4331 rei
2490 4268 2600 4331 ta'm
2629 4278 2788 4346 longe
2813 4268 2980 4348 gestae
3000 4277 3183 4331 statim
3214 4276 3283 4329 ad
3303 4290 3429 4330 eum
3457 4275 3658 4332 fuisset

459 4340 626 4399 erla'ta
656 4340 910 4399 cognitio.

689 4360 720 4391 0
895 4381 910 4396 .

423 4358 909 4484 ρθθτθΑξοίξὲ-ίὲιῗε
938 4421 1154 4476 quoque
1175 4419 1688 4484 comes,_.cumﬂe_um
1719 4403 2387 4484 invenissetinextetjori
2413 4418 2616 4484 monte,
2653 4411 2866 4484 rogavit
2893 4421 2952 4484 ut
2989 4423 3169 4469 oraret
3200 4430 3296 4482 pro
3317 4414 3656 4484 Polycratia,

417 4499 544 4556 qua:
568 4489 618 4536 in
656 4473 1102 4556 Laodicea_erat:.
1126 4476 1430 4556 admirabili
1460 4475 1757 4556 etn(}_hristo
1783 4473 1960 4556 dedita
1993 4477 2221 4556 virgine.
2263 4477 2578 4556 Patiebatur
2609 4473 2752 4533 enim
2788 4483 3052 4556 pessimos
3079 4473 3346 4539 stomachi
3366 4473 3438 4556 et
3463 4473 3657 4541 lateris

423 4545 661 4617 ἀοιοτθεν
719 4563 887 4627 quos“
915 4546 1138 4616 Ῑθὶυηίίε
1185 4548 1368 4600 nimiis
1395 4545 1733 4627 “Vigi‘lié‘luﬁ
1783 4551 2158 4627 COI|lréxefal;,
2208 4558 2404 4627 eterat
2448 4551 2678 4627 penitus
2699 4545 2822 4627 toto
2843 4552 3034 4608 debilis
3071 4571 3324 4627 corpore.
3356 4551 3658 4627 Oravitqtte

423 4613 691 4676 Antonius
737 4613 794 4672 et
824 4613 979 4693 diem
1020 4631 1130 4684 quo
1173 4625 1349 4693 oratio
1391 4613 1568 4693 fuerat
1607 4613 1749 4693 facta
1796 4617 2076 4693 annotavit
2102 4618 2420 4693 Archelaus.
2448 4613 2631 4673 —Redit
2661 4620 3018 4693 Laodiceam,
3063 4633 3116 4677 et
3149 4613 3355 4678 invenit
3383 4613 3654 4693 virginem

423 4694 772 4747 incolumem.
824 4686 1182 4740 Percontatus
1227 4685 1368 4738 diem
1403 4684 1700 4762 sanitatis_,_
1736 4685 1935 4762 reperit
1965 4696 2177 4762 tempus
2204 4689 2430 4762 medela;
2457 4705 2589 4762 cum
2613 4691 2961 4762 annotatione
2994 4684 3325 4762 congruere,
3371 4703 3425 4746 et
3458 4684 3655 4748 omnes

425 4761 676 4816 admirati
699 4766 872 4833 sunt,
904 4767 1359 4833 agnoscenteseo
1383 4766 1623 4821 tempore
1649 4754 1794 4807 illam
1827 4770 1858 4807 a
1882 4753 2110 4809 Demitto
2142 4755 2312 4812 fuisse
2343 4773 2372 4812 a
2399 4757 2680 4814 doloribus
2710 4759 2988 4815 liberatam
3010 4803 3025 4828 ,
3049 4753 3157 4833 quo
3182 4753 3348 4819 orans
3376 4763 3654 4818 Antonius

424 4849 523 4903 pro
544 4835 658 4903 ipsa
699 4828 990 4903 bonitatem
1018 4825 1318 4903 salvatoris
1347 4825 1709 4903 invocaverat.

495 4893 580 4956 6'2.
608 4899 768 4972 Saepe
806 4897 968 4949 etiam
1005 4895 1090 4972 ad.
1110 4909 1170 4972 se_
1196 4894 1530 4972 venientium
1549 4934 1562 4956 ,
1602 4903 1728 4972 ante
1752 4893 1868 4972 dies
1891 4905 1944 4949 et
1973 4909 2223 4972 menses,
2253 4905 2308 4953 et
2335 4912 2531 4972 causas
2561 4898 2809 4972 praedixit
2833 4909 2886 4972 et
2925 4909 3194 4970 tempora.
3221 4901 3354 4956 Nam
3382 4903 3660 4972 quosdam

424 4973 474 5024 vi
499 4971 638 5024 tendi
665 4963 790 5022 eum
821 4975 1028 5019 tantum
1061 4963 1385 5042 desiderium
1411 5000 1425 5027 ,
1455 4963 1591 5042 alios
1617 4963 1985 5042 imbecillitas,_
2004 4967 2543 5042 nonnullosobsessa
2563 4963 2599 5020 a
2625 4963 3210 5042 daemonibusico'rpora
3242 4963 3651 5042 permittebant.

425 5045 594 5093 Nemo
615 5049 791 5112 tamen
823 5050 1059 5112 unquam
1083 5036 1420 5112 vexationem
1443 5043 1536 5112 aut
1562 5034 1943 5112 detrimentum
1973 5036 2234 5112 laboriosi
2259 5038 2944 5112 itinerisconquestusest.
2974 5034 3435 5112 Reg-rediebantur
3455 5056 3654 5095 omnes

423 5109 692 5177 spirituali
721 5107 844 5181 ciba
876 5103 1034 5181 pleni.
1073 5106 1140 5157 At
1185 5104 1272 5181 ille
1319 5103 1663 5181 praecipiebat
1700 5119 1805 5154 non
1843 5120 1957 5181 suae
1985 5105 2131 5159 laudi
2173 5107 2312 5181 hanc
2345 5103 2755 5181 admirationem
2789 5111 2858 5164 ab
2885 5112 2966 5166 eis
2991 5103 3252 5181 applicari
3286 5113 3522 5166 debere:
3553 5113 3652 5167 sed

425 5173 659 5244 Dmnini,
688 5176 782 5247 qui
813 5176 894 5231 sui
923 5175 1198 5228 notionem
1235 5173 1545 5228 hominibus
1583 5187 1681 5240 pro
1711 5175 2009 5242 capacitate
2047 5177 2395 5232 mortalitatis
2423 5177 2725 5233 indulserit.

499 5318 606 5388 (‘25)
655 5316 726 5388 De
787 5324 969 5388 monte
1027 5313 1246 5388 Antonii
1303 5313 1703 5388 exterioredeth
1728 5310 1983 5370 interiore

422 5373 542 5443 fuse.
579 5373 866 5439 l’totlandus
893 5387 944 5438 in
971 5384 1262 5453 praemissis
1289 5383 1356 5435 ad
1390 5377 1605 5453 Antonii
1645 5373 1838 5453 Vitam.

517 5456 608 5516 Ἦ)
643 5451 986 5509 Colhettinus
1017 5454 1308 5516 secundus,
1347 5451 1464 5513 πῶς
1492 5468 1550 5503 τε
1577 5451 1669 5503 καὶ
1696 5451 1846 5510 πότε.
1877 5463 1979 5510 etc.

517 5457 586 5511 Ἡ
643 5457 981 5509 Colhettinus
1017 5457 1308 5516 secundus,
1347 5457 1464 5513 πῶς
1492 5468 1550 5503 τε
1577 5457 1669 5503 καὶ
1696 5457 1846 5510 ποτε.
1877 5463 1979 5510 etc.

517 5457 608 5594 25)
645 5525 722 5579 Ita
745 5539 934 5577 omnes
958 5521 1428 5594 manuscriptialn
1451 5521 1794 5594 _ed_ilis__h-.ec,
1825 5523 1984 5576 ἐθαύ-

427 5589 605 5665 μασαν
639 5594 945 5663 ἐπιγνόντες
969 5593 1181 5646 desunt.
1221 5591 1382 5644 Savil.
1417 5589 1718 5662 ἐθαύμαζον
1752 5594 1927 5646 habet.

2089 5383 2116 5436 ἕ
2160 5314 2273 5386 (26)
2327 5315 2416 5372 Sic
2475 5315 2584 5372 duo
2644 5320 3020 5390 manuscripti.
3077 5319 3215 5374 Editi
3268 5333 3415 5385 vero,
3467 5318 3517 5370 οἱ
3555 5316 3662 5388 μὲν

2119 5402 2270 5436 νεκα.

2119 5402 2446 5531 νξξῗᾷ-ςοιι».
2476 5457 2546 5531 ε,
2572 5459 2658 5531 Διν
2689 5457 2916 5531 τούτοις
2943 5459 3074 5514 ἀλλά
3136 5460 3334 5531 μᾶλλον
3387 5458 3661 5527 δοξάζειν.

2086 5523 2229 5578 Infra
2252 5523 2429 5592 idem,
2475 5526 2672 5581 Ἐλθὼν
2699 5528 2774 5582 δέ.
