3824 6224
160 253 267 312 οτι

1469 237 1638 308 "Vm
1674 251 1730 306 s.
1773 234 2070 308 ANTONII.

3293 259 3395 316 936

231 365 320 422 65.
351 352 638 439 Κατελθὼν
661 351 718 419 δέ
758 381 885 420 ποτε
921 364 1077 421 πάλιν
1112 365 1191 430 είς
1222 365 1288 421 τὰ
1320 366 1423 432 ἔξω
1459 368 1724 439 μοναστή-

1894 366 1980 422 65.
2010 365 2148 421 Cum
2194 366 2388 422 iter‘hm
2425 353 3220 438 descendissct'aliquando-ad
3247 373 3396 426 exte-

165 475 274 530 ρια,
303 457 673 522 καὶιάξιωθεὶς
711 458 792 522 είς
822 459 1002 512 πλοῖον
1035 457 1290 512 εἰσελθεῖν
1308 499 1323 525 ,
1348 460 1439 512 καὶ
1469 458 1726 523 εὔξασθαι

164 550 304 620 μετὰ
327 533 608 619 μοναχῶνξ
640 549 798 619 μόνος
837 549 997 612 αὐτὸς
1036 549 1352 603 ἀντελάϐετο
1389 549 1564 618 δεινῆς
1599 550 1727 602 δυσ-

161 638 327 702 ωδίας
352 639 444 692 καὶ
460 639 600 692 πάνυ
630 641 852 711 πικρᾶς.
871 640 989 692 Τῶν
1004 640 1060 693 δὲ
1084 642 1140 693 ἐν
1166 639 1242 711 τῷ
1263 640 1428 710 πλοίῳ
1445 640 1726 709 λεγόντων,

166 729 318 801 ἰχθὺν
340 726 479 784 εἶναι
504 731 597 783 καὶ
614 731 835 802 τάριχον
857 733 914 783 ἐν
937 731 1014 802 τῷ
1039 729 1226 802 πλοίῳ,
1251 731 1344 784 καὶ
1368 732 1568 785 τούτων
1593 728 1728 786 εἶναι

161 823 262 892 τὴν
291 822 463 893 ὀσμὴν
487 861 502 886 ,
553 823 714 885 αὐτὸς
739 821 903 892 ἄλλην
931 821 1112 890 ἔλεγεν
1139 819 1275 875 εἶναι
1301 823 1401 894 τὴν
1431 823 1688 876 δυσωδίαν
1713 841 1726 853 ·

164 913 246 968 ἔτι
274 914 332 968 δὲ
350 915 514 968 αὐτοῦ
541 915 807 984 λέγοντος,
837 912 1096 984 νεώτερός
1123 931 1207 978 τις
1235 915 1371 985 ἔχων
1395 915 1640 986 δαίμονα,
1671 915 1730 978 ὃς

164 1003 524 1075 προεισελθὼν
551 1003 852 1075 ἐκρύπτετο
893 1006 950 1057 ἐν
981 1005 1059 1075 τῷ
1085 1005 1250 1074 πλοίῳ
1268 1044 1282 1068 ,
1317 1005 1475 1068 εὐθὺς
1502 1007 1732 1077 ἀνέκρα-

167 1094 276 1158 ξεν.
316 1095 690 1166 Ἐπιτιμηθεὶς
719 1095 774 1147 δὲ
799 1097 826 1148 ὁ
844 1095 1050 1165 δαίμων
1071 1096 1128 1150 ὲν
1155 1095 1233 1166 τῷ
1264 1096 1485 1167 ὀνόματι
1512 1097 1732 1152 105.1(0-

166 1184 286 1254 ρίου
307 1185 461 1256 ἡμῶν
502 1186 674 1256 Ἰησοῦ
701 1186 960 1258 Χριστοῦ,
991 1186 1179 1258 ἐξῆλθε
1197 1206 1210 1219 ·
1239 1191 1332 1243 καὶ
1351 1191 1379 1241 6
1403 1191 1500 1260 μὲν
1525 1190 1732 1260 ἄνθρω-

165 1291 266 1339 πος
300 1277 517 1344 γέγονεν
556 1277 713 1348 ὑγιής
735 1294 749 1308 ο
783 1276 982 1342 πάντες
1007 1278 1063 1330 δὲ
1094 1279 1366 1348 ἔγνωσαν,
1394 1282 1474 1334 ὅτι
1494 1281 1587 1335 τοῦ
1615 1281 1729 1335 δαί-

167 1382 328 1436 μονος
357 1363 425 1436 ἦν
446 1370 479 1438 ἡ
504 1367 751 1422 δυσωδία.
1275 1413 1280 1417 Α

233 1459 323 1513 64.
353 1461 464 1513 Kal.
483 1460 637 1524 ἄλλος
663 1461 720 1514 δέ
746 1478 827 1526 τις
847 1461 953 1514 τῶν
980 1461 1256 1532 ἐπιφανῶν
1277 1459 1439 1534 ἦλθεν
1467 1462 1602 1533 ἔχων
1625 1464 1733 1518 δαί-

166 1565 306 1621 μονα
333 1549 467 1620 πρὸς
493 1551 674 1603 αὐτόν.
707 1546 816 1604 Ἦν
852 1552 909 1605 δὲ
933 1555 961 1606 6
987 1553 1193 1623 δαίμων
1224 1555 1430 1618 ἐκεῖνος
1452 1555 1561 1626 (28)
1591 1555 1732 1608 οὓτω

161 1641 367 1704 δεινὸς,
398 1642 476 1704 ὡς
509 1641 596 1694 τὸν
625 1643 1014 1714 ἐνεργούμενον
1059 1645 1133 1717 μὴ
1163 1645 1448 1714 γινώσκειν
1467 1688 1482 1711 ,
1517 1649 1564 1700 εί
1594 1647 1730 1719 πρὸς

1827 458 1971 513 riora
2007 459 2357 522 monasteria,
2393 469 2614 529 rogatus
2644 469 2703 514 ιιι
2731 461 2784 515 in
2811 461 3396 517 uaviculam‘conscen-

1826 556 1998 621 deret,
2033 565 2088 610 et
2111 565 2293 610 oraret
2325 571 2448 611 cum
2491 558 2791 622 monachis,
2823 540 3269 612 molestissimum
3302 572 3396 614 30‘-

1827 645 1912 700 lus
1988 645 2212 699 fetorem
2266 647 2523 714 pereepit.
2569 646 2818 716 Cumque
2859 655 3103 700 vectores
3130 647 3394 708 dicerent.

1827 735 2033 805 piscem
2057 751 2177 790 esse
2199 735 2363 806 674
2385 745 2438 790 et
2461 737 2847 791 salsamentum
2882 737 2934 790 in
2966 738 3234 804 navicula,
3254 738 3398 792 unde

1828 825 1965 881 fetor
2014 828 2135 882 talis
2166 829 2424 893 oriretur,
2452 829 2598 882 aliud
2639 829 2725 882 ille
2747 843 2868 883 esse
2894 828 3226 883 affirmabat":
3251 830 3400 895 ipso;

1827 934 1931 988 que
1979 919 2156 973 adhuc
2203 919 2453 987 loquente
2490 919 2804 973 adolescens
2838 919 3056 988 quidam
3095 921 3394 974 daemonem

1828 1009 2056 1076 habens,
2090 1010 2182 1078 qui
2213 1017 2538 1078 praeverteris
2579 1011 2717 1064 alios
2751 1011 2804 1062 in
2841 1010 2964 1063 navi
3000 1024 3118 1064 sese
3151 1009 3395 1064 occulta-

1828 1109 1930 1164 rat,
1959 1100 2247 1168 derepente
2294 1099 2580 1153 exclamat.
2622 1101 2930 1169 lncrepatus
2969 1100 3175 1153 daemon
3207 1100 3262 1154 in
3293 1112 3394 1154 uo;

1828 1190 1972 1244 mine
2018 1190 2230 1244 Domini
2281 1187 2410 1243 Jesu
2456 1189 2688 1255 Christi,
2741 1191 2894 1253 exiit,
2964 1204 3238 1258 sanusque
3291 1178 3396 1244 fuit

1829 1280 2008 1334 homo.
2048 1279 2185 1333 Tum
2225 1288 2564 1348 compertum
2609 1280 2864 1334 omnibus
2893 1278 3014 1344 fuit,
3045 1295 3112 1334 ex
3149 1280 3398 1336 daemone

1827 1366 2051 1423 fetorem
2102 1369 2434 1438 provenisse.

1897 1460 1986 1514 64.
2023 1459 2175 1514 Alius
2208 1459 2335 1512 item
2370 1459 2596 1514 illustris
2626 1460 2789 1514 homo
2822 1475 2853 1514 a
2891 1460 3136 1516 daemone
3167 1471 3396 1516 vexatus

1828 1551 2006 1621 ipsum
2040 1551 2191 1618 adiit,
2229 1562 2284 1606 et
2346 1561 2452 1605 tam
2500 1552 2740 1606 furiosus
2779 1562 2895 1606 erat
2933 1553 3143 1607 daemon
3188 1554 3297 1618 ille,
3333 1563 3399 1607 ut

1828 1643 2050 1713 ignarus
2087 1652 2230 1701 esset
2260 1657 2319 1697 se
2353 1642 2418 1696 ad
2445 1642 2737 1696 Antonium
2761 1643 2978 1706 adduci,
3019 1643 3129 1696 imo
3151 1643 3236 1697 sui
3265 1659 3393 1698 cor-

174 1730 458 1784 ’Λντώνιον
486 1732 571 1802 ᾔει
588 1747 603 1762 ⁸
655 1732 788 1786 ἀλλὰ
817 1735 909 1786 καὶ
934 1734 1026 1788 τοῦ
1064 1733 1312 1805 σώματος
1339 1737 1502 1789 αὐτοῦ
1540 1740 1608 1790 τὰ
1636 1755 1727 1792 τε·

1833 1734 1976 1803 poris
2012 1733 2317 1788 comederet
2369 1742 2734 1788 excrementa.
2776 1732 3058 1803 Rogahant
3089 1734 3271 1803 itaque
3297 1735 3392 1804 qui

164 1822 324 1894 ριττὰ
357 1823 664 1894 κατήσθιεν.
702 1825 766 1877 Οἱ
801 1825 897 1894 μὲν
924 1823 1017 1879 οὖν
1045 1827 1340 1895 ἀγαγόντες
1372 1828 1554 1894 αὐτὸν,
1588 1846 1727 1900 παρ-

161 1914 392 1968 εκάλουν
439 1915 531 1968 τὸν
577 1914 856 1970 Ἀντώνιον
903 1915 1158 1983 εὔξασθαι
1203 1918 1338 1990 ὑπὲρ
1364 1917 1556 1972 αὐτοῦ’
1612 1920 1640 1971 6
1671 1919 1728 1972 δὲ

175 2005 458 2069 Ἀντώνιος
491 2005 787 2077 συμπαθὼν
824 2007 900 2078 τῷ
931 2007 1216 2080 νεανίσκῳ,
1245 2009 1468 2080 ηὔχετοο
1508 2012 1602 2064 καὶ
1632 2011 1730 2080 τὴν

161 2093 338 2148 νύκτα
374 2097 551 2148 πᾶσαν
582 2097 1030 2169 συνηγρύπνησεν
1085 2099 1251 2170 αὐτῷ.
1296 2101 1406 2153 Κα)⁸
1435 2103 1463 2154 6
1491 2102 1588 2172 μὲν
1611 2119 1732 2156 νεα-

161 2184 386 2250 νίσκος,
441 2187 696 2258 ἐξαίφνης
749 2189 988 2243 ἐπελθὼν
1015 2189 1093 2260 τῷ
1137 2191 1402 2262 Ἀντωνίῳ
1457 2193 1583 2263 περὶ
1634 2193 1732 2264 τὴν

161 2276 258 2338 ἕω,
291 2273 500 2345 ῶθησεν
527 2279 708 2333 αὐτόν·
726 2278 832 2331 τῶν
847 2279 902 2332 δὲ
930 2280 1024 2332 σὺν
1046 2279 1234 2350 ἐκείνῳ
1254 2280 1511 2334 ἐλθόντων
1535 2283 1732 2350 ἀγανα-

163 2369 456 2434 κτούντων,
472 2368 575 2439 ἔφη
596 2370 624 2422 6
639 2367 914 2432 Ἀντώνιος
932 2387 944 2400 ·
963 2368 1052 2441 Μὴ
1068 2369 1418 2440 χαλεπαίνετε
1455 2371 1535 2440 τῷ
1568 2369 1733 2425 νεανίιι

164 2475 284 2529 σκῳ
303 2460 392 2512 ὀὐ
415 2458 522 2530 γὰρ
549 2459 708 2522 αὑτός
729 2461 893 2522 ἐστιν,
925 2459 1038 2513 ἀλλ’
1058 2463 1086 2512 6
1111 2462 1168 2514 ἐν
1190 2460 1338 2531 αὐτῷ
1361 2461 1565 2532 δαίμων
1583 2478 1597 2493 ο
1623 2464 1734 2514 ἐπι-

161 2549 417 2622 τιμηθεὶς
430 2550 508 2614 δὲ,
528 2549 624 2605 καὶ
652 2549 963 2614 κελευσθεὶς
991 2551 1244 2623 ἐλαθῆναι
1271 2554 1350 2615 εἰς
1368 2552 1626 2621 ἀνύδρους
1647 2555 1733 2606 τό-

162 2657 322 2704 πους,
360 2640 554 2712 ἐμάνη,
586 2642 678 2695 καὶ
704 2641 859 2695 τοῦτο
883 2642 1169 2712 πεποίηκε.
1223 2636 1482 2707 Δοξάζετε
1518 2639 1610 2698 οὖν
1640 2644 1732 2698 τὸν

161 2732 371 2804 Κύριον
391 2750 406 2764 ο
449 2732 511 2785 τὸ
531 2731 636 2804 γὰρ
663 2732 835 2797 οὕτως
862 2733 1023 2787 αὑτὸν
1050 2730 1287 2805 ὁρμῆσαι
1316 2735 1436 2788 κατ’
1465 2735 1598 2806 ἐμοῦ
1633 2753 1731 2808 ση-

165 2827 317 2894 μεῖον
346 2823 472 2893 ὑμῖν
492 2823 680 2892 γέγονε
703 2826 798 2895 τῆς
819 2824 912 2877 τοῦ
941 2825 1186 2896 δαίμονος
1208 2824 1409 2891 ἐξόδου.
1433 2825 1617 2880 Ταῦτα
1637 2826 1730 2880 τοῦ

172 2916 458 2969 Ἀντωνίου
481 2915 743 2978 εἰπόντος,
771 2915 931 2980 εὐθὺς
952 2919 980 2970 6
1004 2917 1282 2981 νεανίσκος
1300 2917 1520 2986 γέγονεν
1542 2918 1699 2989 ὑγιής
1713 2934 1728 2949 ο

139 3005 257 3060 -καὶ
283 3005 466 3058 λοιπὸν
495 3007 865 3078 σωφρονήσας,
895 3007 1054 3076 ἔγνω,
1087 3009 1220 3061 ὅπου
1251 3025 1311 3062 τε
1338 3004 1406 3081 ἦν
1425 3049 1440 3074 ,
1474 3009 1568 3065 καὶ
1608 3026 1734 3063 κατ-

159 3092 440 3168 ησπάζετο
463 3096 553 3148 τὸν
577 3096 805 3167 γέροντα
827 3098 1160 3170 εὐχαριστῶν
1190 3098 1268 3170 τῷ
1298 3099 1434 3171 Θεῷ.

229 3187 323 3241 65.
347 3187 524 3241 Πολλά
555 3205 613 3241 τε
643 3189 776 3243 ἄλλα
805 3189 1029 3243 τοιαῦτα
1053 3189 1359 3263 συμφώνως
1385 3193 1476 3245 καὶ
1513 3193 1734 3263 ὁμαλῶς

135 3277 418 3348 εἰρήκασι
453 3277 578 3349 περὶ
600 3279 762 3332 αὐτοῦ
794 3278 1029 3333 πλεῖστοι
1060 3280 1167 3334 τῶν
1197 3281 1440 3352 μοναχῶν
1473 3282 1544 3335 δι’
1565 3282 1731 3336 αὐτοῦ

133 3367 511 3438 γεγενῆσθαι.
531 3369 642 3421 Οὐκ
655 3367 734 3422 ἐτι
753 3370 810 3423 δὲ
830 3369 1000 3424 ταῦτα
1015 3369 1302 3442 θαυμαστὰ
1321 3371 1586 3438 τοσοῦτον,
1608 3373 1730 3424 ὅσον

149 3460 229 3514 τὰ
258 3459 395 3514 ἄλλα
421 3459 832 3532 θαυμασιώτερα
860 3461 1056 3532 μᾶλλον
1080 3460 1347 3531 φαίνεται.
1377 3462 1598 3517 Μέλλων
1620 3463 1730 3534 γὰρ

140 3551 364 3606 ἐσθίειν
387 3552 536 3618 ποτὲ,
559 3553 655 3606 καὶ
677 3553 912 3617 ἀναστὰς
945 3553 1200 3618 εὔξασθαι
1239 3555 1365 3626 περὶ
1384 3555 1481 3623 τὴν
1505 3554 1728 3624 ἐννάτην

140 3642 316 3715 -ῶραν
333 3681 348 3705 ,
374 3641 566 3713 ᾔσθετο
598 3642 786 3696 ἑαυτὸν
812 3642 1124 3714 ἁρπαγέντα
1147 3644 1211 3713 τῇ
1247 3640 1480 3712 διανοίᾳ·
1514 3641 1606 3693 καὶ¹
1626 3681 1641 3705 ,
1669 3639 1730 3693 τὸ

160 3733 486 3804 παράδοξον,
510 3731 678 3796 ἑστὼς
705 3732 930 3785 ἔϐλεπεν
956 3733 1147 3785 ἑαυτὸν
1171 3731 1358 3802 ὥσπερ
1379 3729 1576 3795 ἔξωθεν
1605 3730 1730 3782 ἐαυ-

148 3825 256 3878 ποῦ
284 3825 566 3894 γινόμενον
588 3865 602 3889 ,
632 3826 726 3877 καὶ
751 3823 827 3887 ὡς
847 3825 925 3887 εἰς
959 3823 1050 3876 τὸν
1075 3822 1210 3894 ἀέρα
1237 3820 1428 3893 ὁδηγού
1437 3838 1594 3892 μενον
1624 3819 1729 3874 ὑπό

151 3930 353 3970 ’τινων-
379 3911 497 3969 εἷτα
525 3917 751 3988 πικροὺς
775 3915 867 3969 καὶ
888 3914 1090 3977 δεινούς
1129 3931 1277 3978 τινας
1315 3913 1551 3977 ἑστῶτας
1576 3914 1632 3966 ἐν
1651 3911 1728 3983 τῷ

1826 1825 2012 1893 ipsum
2031 1823 2387 1890 adduxerant,
2433 1821 2752 1888 Antonium,
2790 1833 2850 1878 ut
2895 1833 3074 1879 oraret
3125 1841 3222 1894 pro
3273 1825 3387 1880 illo.

1825 1913 2092 1966 Antonius
2141 1913 2530 1968 adolescentem
2577 1914 2900 1979 miseratus,
2941 1913 3281 1982 precabatur,
3310 1921 3391 1968 to;

1827 2015 2048 2075 tamque
2081 2015 2293 2061 noctem
2343 2021 2466 2060 cum
2497 2021 2562 2060 eo
2597 2007 2750 2060 duxit
2782 2005 3107 2060 insomnem.
3137 2004 3389 2061 Juvenis=

1827 2111 1933 2165 que
1979 2097 2120 2151 circa
2155 2112 2365 2151 aurorae
2404 2106 2615 2165 tempus
2655 2098 2944 2166 derepente
2993 2097 3045 2151 in
3092 2097 3387 2152 Antonium

1828 2187 2060 2251 irruens,
2096 2187 2310 2256 impulit
2357 2202 2502 2241 eum.
2551 2186 2705 2253 Quod
2759 2203 2881 2242 cum
2935 2187 3151 2258 indigne
3185 2186 3394 2243 ferrent

1828 2277 2053 2332 comites
2072 2277 2226 2348 ejus:
2255 2275 2330 2332 Ne
2365 2279 2754 2346 succenseatis,
2781 2279 2858 2332 ait
2891 2277 3180 2344 Antonius,
3206 2279 3391 2335 adolea

1830 2367 1996 2422 scenti
2036 2386 2050 2422 :
2088 2382 2261 2437 neque
2285 2367 2428 2422 enim
2461 2362 2592 2422 illud
2625 2370 2734 2439 agit
2766 2369 2900 2439 ipse,
2934 2367 3028 2424 sed
3055 2369 3150 2439 qui
3181 2369 3236 2424 in
3269 2370 3394 2439 ipso

1829 2462 1911 2510 est
1936 2455 2164 2509 daemon.
2198 2453 2505 2524 lncrepatus
2535 2466 2714 2512 autem
2749 2457 2981 2522 daemon,
3006 2467 3169 2528 atque
3198 2457 3394 2528 jussus

1830 2547 1886 2600 in
1921 2546 2040 2600 loca
2073 2545 2225 2601 arida
2258 2546 2535 2618 aufugere,
2570 2549 2646 2612 id,
2679 2547 2859 2603 furore
2885 2550 3142 2618 percitus,
3169 2565 3388 2621 aggres-

1830 2656 1924 2697 sus
1960 2649 2058 2696 est.
2092 2640 2320 2694 Domino
2360 2642 2542 2712 itaque
2570 2642 2793 2711 gloriam
2839 2642 3052 2696 referte.
3082 2640 3216 2698 Nam
3240 2643 3390 2712 quod

1830 2733 1918 2787 ille
1949 2731 2028 2786 sic
2055 2731 2310 2800 impetum
2346 2731 2399 2784 in
2448 2747 2534 2785 me
2580 2731 2786 2797 fecerit,
2814 2731 3076 2788 daemonis
3102 2733 3280 2789 exitus
3308 2733 3390 2788 si-

1829 2839 1992 2894 gnum
2027 2823 2182 2877 vobis
2219 2821 2340 2876 fuit.
2363 2820 2488 2877 Haec
2520 2823 2771 2892 loquente
2802 2821 3059 2890 Antonio,
3087 2824 3269 2879 statim
3294 2838 3388 2880 sa-

1829 2922 1990 2968 natus
2016 2925 2098 2969 est
2126 2913 2364 2982 juvenis,
2396 2922 2558 2984 atque
2587 2913 2654 2968 ad
2681 2928 2868 2968 sanam
2891 2913 3105 2970 rediens
3127 2922 3385 2981 mentem,

1832 3006 2048 3077 agnovit
2089 3020 2198 3076 quo
2240 3014 2385 3060 esset
2416 3005 2558 3074 loco,
2598 3021 2890 3077 senemque
2935 2999 3277 3077 amplexatus
3305 3018 3390 3066 est

1832 3094 2032 3165 gratias
2061 3109 2226 3164 agens
2252 3092 2384 3148 Deo.

1896 3183 1986 3238 65.
2014 3183 2133 3236 Alia
2163 3183 2248 3238 his
2277 3183 2474 3238 similia
2514 3184 2781 3254 permulta
2824 3184 3060 3241 edidisse
3088 3185 3385 3243 Antonium

1824 3273 2000 3344 signa,
2033 3273 2250 3342 plurimi
2276 3275 2663 3329 monachorum
2706 3290 2922 3330 summo
2954 3290 3227 3331 couseu-u
3257 3271 3386 3332 nar-

1826 3375 2037 3422 rarunt.
2058 3364 2242 3436 Neque
2273 3376 2452 3419 tamen
2483 3373 2631 3420 tanta
2664 3374 2794 3420 sunt
2826 3366 3183 3422 admiratione
3203 3369 3384 3437 digna,

1823 3465 2025 3527 quanta
2047 3455 2152 3509 alia
2183 3455 2440 3509 nonnulla
2468 3455 2734 3509 videntur.
2752 3455 2889 3509 Cum
2915 3457 3204 3526 aliquando
3231 3473 3384 3514 com-

1825 3557 2044 3603 esturus
2059 3555 2225 3614 esset,
2241 3547 2333 3600 ubi
2362 3553 2617 3601 oraturus
2648 3547 2975 3602 surrexisset
3011 3548 3154 3602 circa
3185 3563 3384 3602 nonam

1828 3639 2039 3706 horam,
2069 3653 2188 3694 sese
2226 3645 2404 3692 mente
2428 3636 2600 3706 abripi
2635 3637 2824 3701 sensit,
2856 3639 3108 3709 quodque
3157 3653 3385 3708 prorsus

1824 3727 2146 3797 stupendum
2177 3735 2280 3792 est,
2302 3740 2423 3780 cum
2447 3733 2636 3792 staret,
2661 3738 2784 3780 sese
2807 3725 2938 3779 vidit
2959 3734 3216 3796 tanquam
3232 3737 3386 3782 extra

1826 3834 1886 3875 se
1916 3818 2172 3887 positum,
2201 3823 2256 3871 et
2301 3830 2396 3886 per
2428 3831 2606 3871 aerem
2636 3831 2666 3870 a
2695 3815 3019 3886 quibusdam
3066 3817 3382 3872 abductum.

1826 3908 2030 3964 Exinde
2060 3907 2329 3964 terribiles
2379 3915 2654 3977 tetrosque
2693 3905 2982 3960 nonnullos
3016 3906 3148 3962 vidit
3178 3907 3232 3962 in
3262 3921 3386 3964 aere

1461 4063 1469 4071 '
1494 4050 1748 4107 VERSIO
1787 4049 2081 4108 EVAGRII.

230 4165 322 4240 65.
355 4166 599 4240 Quodam
643 4173 823 4222 autem
868 4173 1110 4240 tempore
1151 4181 1274 4240 cum
1309 4165 1508 4240 exisset
1550 4165 1618 4220 ad
1645 4165 1913 4221 exteriora
1944 4166 2310 4240 monasteria,
2343 4173 2397 4220 et
2426 4171 2650 4240 rogatus
2679 4167 2885 4240 esset_a
2930 4158 3193 4240 fratribus
3224 4167 3295 4240 ut
3327 4160 3386 4215 in

157 4239 292 4300 navi
324 4231 561 4307 quadam
592 4252 714 4292 cum
744 4231 1027 4291 monachis
1054 4237 1531 4307 proficiscentibus
1567 4245 1780 4307 oraret,
1809 4236 2080 4307 ascendit,
2115 4243 2170 4289 et
2191 4237 2345 4307 solus
2381 4249 2449 4289 ex
2486 4231 2739 4307 omnibus
2775 4231 2996 4307 odorem
3023 4231 3386 4307 sensitnteter-

158 4297 389 4362 rituum.
440 4307 771 4361 Asserebant
795 4307 974 4361 cuncti
1014 4297 1241 4374 piscium
1272 4305 1536 4360 salsorum
1563 4314 1618 4358 et
1645 4297 1973 4359 taricborum
1998 4297 2204 4358 in'navi
2230 4304 2534 4374 positorum
2569 4303 2711 4374 hunc
2738 4313 2860 4354 esse
2909 4297 3294 4374 fetorem_(39).
3316 4298 3389 4353 At

159 4377 256 4450 ille
280 4377 504 4450 alterius
521 4377 594 4431 rei
625 4375 852 4450 fetorem
891 4390 954 4450 se
977 4368 1178 4430 sentire
1202 4374 1505 4450 afﬁrmavit.
1531 4374 1724 4450 Adhuc
1750 4375 2001 4443 loquente
2027 4374 2142 4438 illo,
2165 4368 2480 4450 adolescens
2498 4372 2720 4450 quidam
2739 4383 3032 4450 possessus
3059 4383 3100 4450 a_
3119 4368 3384 4448 daemone,

157 4447 260 4517 qui
294 4446 602 4517 praecedens
637 4445 792 4515 juxta
819 4445 1086 4517 carinam
1130 4459 1190 4517 se
1211 4445 1376 4517 _navis
1401 4445 1788 4517 absconderat,
1821 4437 2047 4517 repente
2069 4437 2434 4517 exclamavit.
2488 4437 2616 4517 Quo
2648 4439 2828 4517 statim
2863 4453 2958 4506 per
3001 4437 3294 4492 Antonium
3327 4439 3386 4491 iu

159 4506 390 4570 nomine
419 4506 832 4569 Domini'nostri
864 4513 992 4570 Jesu
1022 4513 1224 4568 Christi
1247 4523 1468 4578 curato,
1502 4506 1810 4567 intellexere
1846 4506 2082 4568 universi
2124 4513 2324 4567 diaboli
2351 4512 2502 4565 illum
2544 4509 2711 4564 fuisse
2738 4506 2986 4562 fetorem.

235 4586 324 4638 64.
355 4585 510 4639 Alius
533 4599 752 4654 quoque
778 4585 844 4654 ad
872 4599 996 4639 eum
1021 4584 1124 4650 vir,
1149 4584 1289 4637 inter
1311 4577 1685 4654 suos’nobilis,
1711 4583 2075 4654 daemoniosus
2097 4582 2405 4654 adducitur,
2436 4589 2582 4654 tanta
2609 4591 2904 4654 oppressus
2931 4577 3163 4643 insania,
3191 4584 3384 4654 utnon

159 4656 330 4727 sciret
362 4668 421 4727 se
447 4646 566 4708 esse
592 4646 733 4727 apud
761 4653 1054 4708 Antonium
1074 4693 1089 4719 ,
1110 4646 1330 4727 necnon
1354 4663 1407 4707 et
1435 4646 1680 4727 corporis
1708 4654 1796 4707 sui
1821 4651 2090 4727 superflua
2119 4653 2442 4727 comederet.
2474 4646 2838 4727 Quamobrem
2857 4656 3109 4727 _rogatu_s_
3131 4661 3295 4727 senex
3317 4646 3388 4727 ab

163 4726 255 4778 his
289 4724 390 4798 qui
414 4738 537 4778 eum
563 4717 935 4798 adduxerunt,
971 4731 1032 4776 ut
1053 4717 1150 4792 pro
1168 4717 1585 4798 Aillo_Do_minu_'m
1611 4732 1825 4798 oraret,
1856 4717 1910 4774 in
1946 4731 2152 4798 tantum
2174 4721 2390 4798 juvenis
2414 4720 2648 4798 miseriae
2677 4717 2988 4798 condoluit,
3016 4725 3076 4769 ut
3095 4725 3204 4798 tota
3229 4723 3390 4798 nocte

161 4787 494 4863 pervigilans
517 4807 642 4863 cum
670 4807 757 4856 eo,
788 4787 1326 4863 adversus-patientis
1364 4791 1634 4863 insaniam
1667 4792 1953 4863 laboraret.
1988 4792 2092 4844 Sed
2122 4787 2246 4844 cum
2276 4790 2386 4863 jam
2412 4790 2727 4863 lucesceret,
2761 4793 2816 4840 et
2843 4787 3135 4863 obsessus,
3177 4787 3383 4863 impetu

163 4855 540 4937 inAu'tonium
560 4855 749 4937 facto,
779 4855 1122 4937 vehementer
1140 4877 1268 4937 eum
1303 4861 1638 4937 impulisset;
1678 4861 2188 4937 _irasci_ccepe_run_t,
2219 4855 2310 4929 qui
2341 4874 2463 4937 eum
2496 4859 2880 4937 adduxerunt,
2903 4871 2999 4937 cur
3023 4855 3138 4937 s_e_ni
3173 4855 3390 4937 fecisset

162 4932 445 5004 injuriam.
471 4925 966 5004 QuibusAAntonius
991 4932 1068 5004 ait
1091 4931 1313 5004 :ANolite
1343 4925 1572 5004 alienam
1604 4925 1818 5004 culpam
1846 4925 2263 5004 juveiti_misero
2291 4929 2564 5004 ascribere
2593 4945 2614 5004 :_
2633 4927 2786 4980 furor
2811 4925 3240 5004 iste-obsidentis
3265 4932 3347 4976 est
3368 4963 3386 4985 ,

164 4993 276 5056 ιιόιι
309 4993 523 5056 obsessi
550 5019 563 5055 :
587 5001 790 5056 idcirco
818 5013 999 5069 autem
1035 5002 1088 5054 in
1119 5002 1260 5055 hanc
1286 5002 1498 5069 proruit
1531 4993 1720 5055 dolens
1751 4993 1922 5053 hostis
1955 4998 2274 5062 audaciam,
2304 4998 2432 5069 quia
2462 4996 2726 5069 pommus
2760 4993 2828 5047 ad
2862 4995 3067 5069 aridam
3113 4996 3386 5069 regionem

165 5073 249 5126 ire
272 5085 397 5125 eum
419 5071 613 5140 jussit,
645 5079 700 5126 et
732 5071 939 5141 expulsi
974 5068 1188 5126 Satanae
1219 5063 1480 5141 indicium
1505 5069 1605 5124 iste
1629 5070 1919 5141 adversum»
1942 5083 2026 5141 me
2049 5069 2280 5138 impetus
2310 5063 2431 5141 fuit.
2471 5064 2628 5120 Nulla
2655 5073 2774 5141 post
2794 5065 2957 5141 verba
2993 5077 3145 5115 mora
3167 5105 3182 5128 ,
3201 5063 3391 5141 adole-

166 5156 328 5263 acetis
354 5133 573 5262 rlecepto
597 5133 763 5264 sensru
787 5133 881 5207 [et
911 5143 1112 5211 gratias
1145 5155 1312 5213 agens
1340 5139 1452 5196 Deo
1476 5177 1492 5204 ,
1539 5148 1594 5194 et
1630 5139 1808 5194 locum
1869 5139 1960 5192 ubi
2014 5133 2156 5193 esset
2209 5137 2427 5207 agnovit
2451 5176 2466 5202 ,
2489 5147 2542 5191 et
2564 5133 2677 5190 toto
2695 5133 2998 5188 Antonium
3036 5134 3390 5204 complexans

205 5224 368 5264 eoscu
395 5219 536 5264 tatus
559 5219 642 5264 est
668 5225 697 5264 a
740 5220 879 5264 ectu.

164 5211 536 5265 deoscultatus
559 5219 642 5266 est
668 5211 879 5266 affectu.

238 5280 329 5334 65.
363 5281 646 5334 lnnumera
674 5289 727 5334 et
765 5281 869 5334 alia
913 5277 1220 5335 istiusmodi
1263 5277 1417 5347 signa
1459 5281 1624 5343 sunt,
1657 5288 1779 5347 quae
1813 5272 2208 5347 monachorum
2243 5270 2501 5328 concordi
2536 5284 2678 5340 saepe
2719 5269 2980 5347 relatione
3018 5267 3389 5347 cegnoviinns.

165 5347 371 5424 verum
402 5365 509 5404 non
537 5351 862 5424 tantum_his
884 5350 1222 5424 adhibendus
1253 5337 1344 5402 θεῖ
1357 5357 1588 5424 stupor:
1611 5337 1947 5424 quia'muito
1975 5343 2118 5411 plus,
2143 5337 2626 5424 quaesequuutur,‘
2654 5341 3017 5424 conditionem
3039 5337 3392 5424 .nostrzefra:

167 5420 391 5488 gilitatis
414 5420 697 5474 excedunt.
725 5417 870 5474 Hora
896 5420 1110 5475 circiter
1133 5432 1299 5485 nona,
1332 5407 1466 5472 cum'
1485 5423 1610 5470 ante
1636 5407 1821 5468 cibum
1855 5407 2012 5466 orare
2038 5407 2294 5482 coepisset
2312 5451 2328 5480 ,
2359 5407 2573 5481 raptum
2602 5424 2660 5464 se
2687 5409 2860 5463 sensit
2887 5410 2941 5463 in
2971 5409 3165 5478 spiritu
3197 5446 3213 5474 ,
3240 5415 3295 5460 et
3326 5407 3394 5458 ab

1904 5551 2015 5622 (99)
2056 5551 2146 5610 Sic
2178 5549 2558 5621 manuscripti.
2589 5546 2733 5602 Editi
2755 5559 2904 5611 vero,
2935 5551 3196 5614 putorem,
3231 5548 3285 5596 et
3316 5538 3398 5594 sic

242 5558 352 5631 (28)
417 5558 474 5613 In
539 5559 701 5624 editis
774 5566 929 5631 post,
986 5561 1015 5612 ὁ
1069 5558 1295 5629 δαίμων,
1333 5557 1528 5628 legitur
1581 5554 1726 5606 ἐκεῖ·

242 5647 290 5680 :.
335 5645 454 5680 quae
491 5646 592 5680 vox
625 5631 775 5680 deest
811 5631 866 5680 in
895 5629 1222 5680 quibusdam
1247 5626 1645 5680 manuscrintis.

1904 5554 1978 5617 (ΞΕ

1841 5622 1978 5680 infra

170 5646 290 5693 νος.
334 5626 454 5699 qua
491 5646 592 5686 vox
625 5626 866 5686 deest'iu
895 5626 1222 5701 quibusdam
1247 5626 1645 5694 manuscriptis.
