3824 6224
228 292 336 346 957

1554 291 1714 348 VSTA
1753 291 1812 345 S.
1852 291 2149 348 ΑΝΤΟΝΙΙ.

3367 290 3471 345 938

225 425 326 471 τας
361 407 639 480 (54)1=pb<
657 407 820 464 αὑτὸν
839 447 855 470 ›
891 407 1018 477 περὶ
1039 406 1140 476 τῆς
1171 408 1443 480 διαγωγῆς
1471 409 1568 479 τῆς
1603 408 1795 479 ψυχῆς

1907 421 2023 462 loco
2051 416 2173 477 post
2203 417 2466 476 mortem;
2497 407 2815 477 insequente
2847 415 3006 462 nocte
3026 405 3313 476 compellat
3340 405 3468 474 quis

227 498 325 552 καὶ
357 500 506 562 ποῖος
532 498 670 570 μετὰ
689 498 859 552 ταῦτα
878 499 1014 568 αὐτῇ
1032 499 1196 562 τόπος
1215 498 1387 562 ἔσται,
1409 501 1473 570 τῇ
1496 499 1622 570 ἑξῆς
1647 498 1802 550 νυκτὶ

228 590 388 643 καλεῖ
421 607 506 653 τις
535 589 694 643 αὑτὸν
723 588 927 643 ἄνωθεν
945 627 960 652 ,
995 588 1197 658 λέγων’
1245 589 1493 643 Ἀντώνιε
1512 630 1527 655 ,
1562 589 1802 652 ἀναστὰς

230 678 436 746 ἔξελθε,
470 681 564 736 καὶ
597 679 781 751 βλέπε.
825 679 1085 744 Ἐξελθὼν
1119 680 1326 744 τοίνυν,
1355 681 1493 752 (ᾔδει
1523 681 1634 752 γὰρ
1660 680 1800 734 τίσιν

231 771 529 826 ὑπακούειν
557 770 758 842 ὀφείλει
777 771 818 841 ·)
851 771 944 824 καὶ
980 769 1252 842 ἐθεώρησε
1283 788 1404 825 τινα
1432 771 1640 845 μακρὸν
1665 773 1799 826 ἀνα-

231 863 434 933 ϐλέψας
458 863 592 934 (55),
613 863 764 934 ἀειδῆ
794 864 889 917 καὶ
916 862 1166 934 φοϐερὸν,
1187 863 1395 917 ἑστῶτα
1417 865 1511 917 καὶ
1533 864 1800 936 φθάνοντα

233 955 398 1026 μέχρι
433 955 543 1014 τῶν
572 953 813 1026 νεφελῶν
835 993 850 1018 ,
897 954 992 1007 καὶ
1021 954 1411 1020 ἀναϐαίνοντὰς
1435 973 1585 1020 τινας
1612 955 1800 1029 ὥσπερ

227 1044 640 1118 ἐπτερωμένους
658 1063 673 1078 ’
709 1046 959 1100 κάκεῖνον
991 1047 1297 1100 ἐκτείνοντα
1326 1046 1426 1110 τὰς
1451 1049 1638 1118 χεῖρας
1657 1065 1670 1078 ·
1705 1047 1800 1101 καὶ⁹

226 1140 355 1203 τοὺς
384 1138 484 1208 μὲν
505 1137 880 1208 κωλυομένους
902 1139 1032 1210 παρ’
1052 1137 1237 1202 αὐτοῦ,
1276 1139 1404 1202 τοὺς
1421 1139 1476 1192 δὲ
1503 1140 1802 1209 ὑπεριπτα-

231 1231 447 1301 μένους,
473 1231 566 1282 καὶ
585 1229 892 1294 διελθόντας
911 1230 1118 1296 λοιπὸν,
1141 1231 1458 1302 ἀμερίμνως
1480 1231 1797 1298 ἀνάγεσθαι.

239 1321 366 1375 Ἐπὶ
396 1320 495 1393 μὲν
521 1319 633 1391 (56)
667 1315 759 1374 οὖν
785 1323 899 1384 τοῖς
934 1320 1195 1384 τοιούτοις
1222 1320 1400 1394 ἕτριζε
1430 1323 1556 1388 τοὺς
1584 1323 1801 1388 ὀδόντας

224 1417 258 1466 ὁ
284 1413 490 1486 μακρὸς
517 1413 722 1477 ἐκεῖνος
741 1428 757 1443 ⁸
793 1413 886 1466 ἐπὶ
909 1413 966 1466 δὲ
996 1415 1109 1478 τοῖς
1141 1413 1562 1477 ἀποπίπτουσιν,
1593 1414 1798 1487 ἔχαιρε.

226 1505 340 1559 Καὶ
387 1504 546 1568 εὐθὺς
575 1503 710 1575 πρὸς
761 1503 1039 1558 Ἀντώνιον
1081 1505 1295 1574 ἐγένετο
1327 1507 1476 1577 φωνή
1499 1522 1512 1536 ο
1562 1507 1690 1560 Νόει
1740 1505 1802 1560 τὸ

228 1595 586 1667 βλεπόμενον·
620 1596 715 1648 καὶ
757 1594 1148 1666 διανοιχθείσης
1193 1595 1358 1649 αὑτοῦ
1399 1597 1498 1666 τῆς
1537 1597 1798 1660 διανοίας,

224 1689 425 1743 ἐνενόει
461 1687 572 1742 τῶν
593 1688 777 1759 ψυχῶν
798 1684 937 1741 εἶναι
967 1688 1068 1759 τὴν
1101 1689 1354 1759 πάροδον,
1389 1689 1598 1743 καὶτὸν
1630 1689 1801 1742 ἑστῶ-

222 1797 297 1834 τα
332 1780 537 1851 μακρὸν
567 1775 704 1833 εἶναι
731 1780 822 1833 τὸν
858 1779 1050 1851 ἐχθρὸν
1088 1781 1200 1852 (57)
1233 1780 1324 1834 τὸν
1362 1780 1658 1850 φθονοῦντα
1684 1785 1797 1846 τοῖς

224 1876 469 1937 πιστοῖςο
513 1872 608 1927 καὶ
651 1874 776 1936 τοὺς
813 1872 910 1944 μὲν
946 1873 1280 1937 ὑπευθύνους
1311 1873 1456 1945 αὐτῷ
1496 1873 1797 1946 κρατοῦντα

223 1965 322 2018 καὶ
351 1963 625 2017 κωλύοντα
649 1963 878 2018 διελθεῖν
898 2004 912 2028 ,
956 1965 1081 2028 τοὺς
1104 1965 1161 2018 δὲ
1198 1965 1274 2036 μὴ
1299 1964 1619 2030 πεισθέντας
1649 1965 1797 2036 αὐτῷ

227 2055 304 2126 μὴ
329 2055 622 2126 δυνάμενον
645 2058 863 2126 κρατεῖν
884 2054 960 2118 ὡς
979 2055 1422 2129 ὑπερϐαίνοντας.
1447 2056 1616 2111 Τοῦτο
1636 2057 1796 2111 πάλιν

223 2146 506 2216 ἑωρακὼς,
529 2147 622 2200 καὶ
640 2145 827 2219 ὥσπερ
850 2147 1422 2218 ὑπομιμνησκόμενος,
1444 2146 1640 2218 μᾶλλον
1659 2150 1798 2216 ἠγω-

222 2236 400 2298 νίζετο
423 2238 752 2309 προκόπτειν
773 2239 886 2300 τοῖς
909 2237 1218 2308 ἔμπροσθεν
1249 2236 1370 2290 καθ’
1393 2237 1623 2309 ἡμέραν.
1655 2237 1798 2290 Ταῦι-

220 2346 292 2384 τα
312 2330 369 2383 δὲ
394 2330 492 2401 οὐχ
516 2328 657 2384 ἑκὼν
680 2329 1019 2401 ἀπήγγελλεν
1047 2330 1208 2393 αὑτός
1227 2347 1242 2361 ο
1274 2330 1332 2383 ὲν
1352 2329 1408 2383 δὲ
1428 2328 1506 2400 τῷ
1528 2328 1796 2401 χρονίζειν

221 2419 284 2474 ὲν
312 2422 432 2483 ταῖς
458 2420 641 2491 εὐχαῖς
667 2421 762 2474 καὶ
787 2419 908 2473 καθ’
933 2419 1124 2473 ἑαυτὸν
1167 2418 1467 2490 θαυμάζειν
1486 2462 1500 2485 ,
1533 2420 1797 2475 πυνθανο-

224 2512 403 2584 μένων
431 2512 538 2566 τῶν
570 2512 835 2566 συνόντων
858 2512 951 2566 καὶ
976 2511 1263 2566 θλιϐόντων
1287 2510 1466 2576 αὑτὸν,
1489 2511 1794 2581 ἠναγκάζε-

218 2619 284 2657 το
338 2603 552 2672 λέγειν,
582 2603 658 2667 ὡς
709 2601 891 2675 πατὴρ
929 2603 989 2656 οὑ
1029 2602 1327 2673 δυνάμενος
1372 2601 1634 2674 κρύπτειν
1682 2607 1796 2668 τοῖς

217 2695 435 2760 τέκνοις
453 2710 469 2726 °
509 2694 645 2749 ἀλλὰ
674 2695 769 2749 καὶ
793 2695 1115 2767 ἡγούμενος,
1137 2695 1218 2748 ὅτι
1245 2694 1304 2748 τὸ
1339 2693 1437 2765 μὲν
1471 2693 1636 2748 αὐτοῦ
1665 2695 1792 2750 σύν-

219 2789 362 2852 ειδός
402 2789 517 2842 ἐστι
563 2787 832 2860 καθαρὸν,
863 2788 1091 2851 ἐκείνοις
1123 2787 1180 2841 δὲ
1227 2787 1288 2840 τὸ
1317 2786 1558 2859 διήγημα
1585 2785 1792 2856 γίνεται

221 2881 362 2953 πρὸς
385 2880 672 2950 ὠφέλειαν,
704 2880 1027 2952 μανθάνουσι
1057 2880 1158 2952 τῆς
1183 2878 1468 2951 ἀσκήσεως
1496 2874 1634 2933 εἶναι
1661 2897 1795 2951 καρ-

219 2973 324 3026 πὸν
356 2971 558 3042 ἀγαθὸν
581 3014 597 3038 ,
653 2971 762 3026 τῶν
815 2989 875 3026 τε
919 2971 1097 3026 πόνων
1145 2970 1403 3035 πολλάκις
1452 2971 1794 3043 παραμύθιον

218 3064 465 3133 τίνεσθαι
500 3065 598 3128 τὰς
616 3063 898 3128 ὀπτασίας.

292 3156 381 3210 67.
405 3155 550 3227 Πρὸς
571 3155 629 3210 δὲ
644 3155 754 3227 (58)
775 3155 867 3209 καὶ
883 3155 945 3209 τὸ
971 3150 1101 3226 ἦθος
1120 3153 1438 3218 άνεξίκακος
1462 3147 1552 3225 ἦν,
1578 3153 1671 3207 καὶ
1693 3153 1793 3225 τὴν

216 3245 398 3318 ψυχὴν
423 3246 795 3318 ταπεινόφρων
811 3263 826 3278 ο
861 3246 1098 3309 τοιοῦτος
1130 3244 1239 3316 γὰρ
1264 3243 1359 3310 ὢν,
1387 3245 1480 3298 τόν
1507 3262 1567 3298 τε
1591 3245 1792 3298 κανόνα

217 3339 320 3407 τῆς
357 3336 679 3408 Ἐκκλησίας
708 3336 1002 3409 ὑπερφυῶς
1032 3336 1195 3408 ὲτίμα
1216 3376 1232 3402 ,
1270 3336 1366 3390 καὶ
1397 3335 1576 3389 πάντα
1603 3334 1793 3405 κληρι-

216 3429 316 3482 κὸν
335 3431 402 3500 τῇ
425 3431 556 3501 τιμῇ
580 3428 938 3501 προηγεῖσθαι
963 3428 1152 3500 ἤθελεν
1175 3425 1388 3484 ἑαυτοῦ.
1413 3425 1539 3490 Τοῖς
1563 3426 1661 3497 μὲν
1683 3424 1792 3496 γὰρ

217 3518 541 3584 ἐπισκόποις
581 3519 677 3573 καὶ
721 3519 1112 3592 πρεσὸυτέροις
1154 3519 1254 3572 οὑκ
1281 3519 1458 3591 ᾐδεῖτο
1487 3518 1666 3571 κλῖναι
1698 3516 1798 3586 τὴν

217 3610 495 3682 κεφαλήνο
531 3609 775 3675 διάκονος
803 3610 861 3664 δὲ
909 3610 964 3664 sl
1002 3627 1141 3664 ποτε
1180 3609 1316 3682 πρὸς
1336 3609 1506 3663 αὑτὸν
1529 3606 1798 3676 ὠφελείας

215 3701 380 3773 χάριν
409 3701 624 3774 ἀπήντα
645 3741 662 3767 ,
689 3701 760 3756 τὰ
790 3702 889 3773 μὲν
921 3702 1056 3774 πρὸς
1084 3700 1350 3772 ὠφέλειαν
1374 3699 1642 3767 διελέγετο
1662 3715 1677 3730 ·
1723 3696 1792 3751 τὰ

213 3790 276 3848 ἃ
298 3791 398 3863 τῆς
429 3791 596 3863 εὐχῆς
628 3791 776 3864 αὐτῷ
806 3791 1148 3864 παρεχώρει,
1189 3790 1290 3844 οὐκ
1316 3788 1630 3860 αἰδούμενος
1651 3803 1790 3858 -μαν-

211 3866 401 3940 Θάνειν
434 3885 528 3939 καὶ
550 3883 730 3949 αὑτός.
762 3884 876 3938 Καὶ
898 3883 1008 3955 γὰρ
1036 3882 1294 3948 πολλάκις
1317 3879 1667 3943 ἐπυνθάνετο,
1695 3877 1788 3932 καὶ

1900 514 2024 552 eum
2048 499 2298 568 desuper,
2331 499 2483 554 aiens
2517 499 2774 562 :Antoni,
2804 512 2988 567 surge,
3007 497 3285 568 egredere,
3307 507 3472 570 atque

1900 591 2043 645 vide.
2083 589 2347 660 Egressus
2395 591 2558 660 igitur
2588 590 2784 656 (norat
2827 589 3026 658 quippe
3059 588 3260 658 quibus
3309 590 3471 645 obse-

1898 683 2173 754 quendum
2207 683 2391 752 esset)
2423 683 2758 752 sublatisque
2780 681 2974 749 oculis,
3009 681 3144 736 vidit
3180 696 3468 752 procerum

1899 773 2188 842 quemdam
2215 772 2511 828 deformem
2545 787 2609 827 ac
2639 770 2932 846 terribilem
2953 809 2968 834 ,
3001 779 3258 837 stantem,
3306 780 3470 841 atque

1898 861 2072 917 nubes
2101 863 2572 936 attingentemhet
2597 861 2865 933 quosdam
2906 876 3007 917 ceu
3055 861 3229 918 alatos
3275 879 3469 919 ascen-

1878 951 2046 1017 .dere,
2078 951 2342 1021 illumque
2383 966 2580 1006 manus
2609 951 2919 1016 extendere,
2951 958 3117 1021 atque
3167 952 3306 1009 alios
3345 955 3472 1024 qui-

1903 1046 2025 1100 dem
2073 1044 2322 1114 impediri
2372 1045 2442 1100 ab
2492 1045 2586 1100 illo
2612 1087 2628 1111 ,
2669 1045 2810 1100 alios
2846 1045 3100 1115 superius
3152 1046 3334 1102 volare
3360 1087 3376 1114 ,
3415 1055 3470 1102 et

1901 1139 1993 1192 ubi
2022 1121 2470 1208 pertransierant,
2507 1137 2714 1207 absque
2736 1152 2873 1192 cura
2896 1145 2950 1191 et
2976 1138 3215 1206 periculo
3245 1153 3468 1194 sursum

1902 1228 2052 1284 ferri.
2087 1227 2333 1295 Quorum
2363 1243 2529 1283 causa
2571 1243 2830 1298 procerus
2858 1229 2946 1282 ille
2975 1229 3230 1283 dentibus
3273 1229 3469 1285 stride-

1901 1322 2024 1376 bat:
2057 1321 2125 1376 de
2157 1321 2413 1390 collapsis
2448 1329 2628 1376 autem
2677 1321 2978 1376 laetabatur.
3027 1320 3329 1391 Statimque
3356 1323 3470 1376 An-

1903 1415 2084 1468 tonius
2113 1429 2302 1468 vocem
2349 1413 2553 1467 audivit
2582 1431 2594 1466 :
2628 1410 3054 1484 6761ntellige
3085 1411 3232 1481 quod
3261 1409 3466 1466 vidisti.

1902 1504 1968 1558 Et
1998 1513 2180 1574 aperta
2213 1505 2314 1574 ipsi
2342 1514 2541 1568 mente,
2583 1504 2853 1574 cogitabat
2904 1503 3210 1557 animarum
3254 1501 3306 1556 id
3345 1516 3470 1558 esse

1905 1597 2213 1662 transitum,
2249 1606 2302 1651 et
2327 1605 2557 1650 stantem
2589 1596 2741 1650 illum
2785 1610 3098 1665 procerum,
3133 1609 3255 1649 esse
3281 1593 3468 1648 inimi-

1905 1703 2050 1753 cum,
2085 1688 2180 1757 qui
2206 1687 2552 1742 credentibus
2600 1687 2896 1753 invideret,
2944 1685 3158 1756 sibique
3199 1685 3469 1741 obnoxios

1901 1779 2369 1848 apprehenderet,
2419 1778 2764 1848 transituque
2816 1787 3063 1833 arceret:
3104 1791 3328 1847 eosque,
3372 1777 3468 1846 qui

1899 1887 2004 1927 non
2040 1871 2145 1926 sibi
2196 1887 2402 1927 morem
2437 1880 2705 1942 gererent,
2733 1871 2966 1926 retinere
2994 1886 3101 1926 non
3137 1878 3340 1941 posset,
3377 1880 3466 1926 ut-

1897 1972 2022 2031 pote
2049 1977 2447 2032 supergressos.
2482 1953 2608 2017 Haec
2639 1977 2763 2018 cum
2804 1962 3051 2027 vidisset,
3101 1961 3259 2032 quasi
3310 1976 3466 2016 com-

1897 2050 2259 2117 monefactus,
2305 2053 2356 2107 id
2418 2053 2592 2122 magis
2629 2052 2912 2123 magisque
2967 2051 3349 2116 contendebat,
3407 2059 3468 2106 ut

1896 2145 2139 2214 quotidie
2181 2144 2249 2199 ad
2286 2159 2350 2200 ea
2399 2160 2520 2215 quae
2545 2152 2676 2198 ante
2709 2159 2768 2199 se
2812 2152 2994 2199 essent
3025 2143 3463 2213 progrederetur.

1895 2235 2023 2293 Haec
2052 2245 2232 2292 autem
2282 2237 2482 2292 invitus
2532 2236 2623 2290 ille
2681 2235 3054 2290 renuntiavit:
3093 2234 3190 2291 sed
3231 2250 3358 2290 cum
3408 2234 3462 2288 in

1895 2327 2231 2383 orationibus
2257 2327 2464 2382 diutius
2493 2327 2899 2393 immoraretur,
2926 2335 2980 2381 et
3017 2325 3134 2381 haec
3171 2326 3466 2379 miraretur

1895 2419 2035 2472 intra
2068 2433 2147 2478 se.
2177 2416 2581 2474 sciscitantibus
2599 2417 2669 2472 iis
2706 2416 2802 2486 qui
2857 2417 3101 2481 aderant,
3139 2423 3304 2486 atque
3348 2430 3467 2468 mo-

1895 2510 2107 2565 lestiam
2156 2509 2529 2578 ingerent-ibus
2559 2547 2576 2574 ,
2631 2517 2854 2564 coactus
2905 2516 2990 2564 est
3023 2507 3079 2562 id
3131 2508 3412 2563 declarare
3447 2546 3463 2572 ,

1895 2603 2053 2673 quasi
2097 2601 2257 2657 Pater
2297 2601 2390 2673 qui
2422 2600 2546 2656 ﬁliis
2579 2599 2634 2655 id
2677 2601 2855 2655 celare
2891 2615 3004 2654 non
3043 2608 3227 2670 posset
3258 2619 3276 2658 :
3311 2608 3467 2655 ratus

1893 2694 2095 2759 etiam,
2115 2707 2271 2748 suam
2315 2692 2418 2748 sibi
2449 2691 2840 2748 conscientiam
2860 2707 3059 2762 puram
3104 2706 3248 2756 esse,
3279 2705 3470 2746 narra-

1899 2783 2213 2852 tionemque
2261 2782 2371 2838 illis
2420 2781 2710 2852 perutilem
2767 2779 2923 2844 fore,
2969 2795 3094 2836 cum
3143 2780 3465 2848 discerent,

1895 2889 2060 2944 quam
2093 2874 2271 2929 bonus
2301 2882 2448 2929 esset
2475 2874 2726 2929 asceticae
2751 2873 2877 2928 vita:
2910 2871 3141 2940 fructus,
3185 2873 3466 2930 laborum-

1895 2981 2001 3036 que
2033 2981 2176 3036 saepe
2202 2965 2459 3021 solatium
2489 2965 2727 3023 visiones
2755 2980 2894 3022 esse.

1969 3141 2058 3196 67.
2095 3141 2178 3196 Ad
2210 3141 2328 3214 haec
2362 3140 2802 3210 patientissimus
2835 3148 2973 3206 erat,
3024 3140 3318 3211 animoque
3363 3140 3468 3198 hu-

1898 3234 2012 3288 mili
2043 3252 2056 3287 :
2092 3247 2217 3288 cum
2251 3231 2376 3286 talis
2421 3231 2566 3285 enim
2609 3238 2774 3295 esset,
2804 3230 3064 3287 Ecclesiae
3086 3247 3348 3287 canonem
3369 3247 3467 3288 su-

1896 3340 1992 3395 pra
2044 3324 2265 3379 modum
2316 3322 2662 3378 observabat.
2692 3319 2921 3377 Omnem
2962 3323 3220 3379 clericum
3253 3323 3468 3380 honore

1897 3418 1998 3474 sibi
2025 3418 2219 3487 praeire
2258 3417 2492 3472 volebat.
2531 3415 2654 3472 Non
2688 3417 2976 3472 verebatur
3007 3417 3154 3471 enim
3195 3418 3468 3488 episcopis

1895 3509 2334 3580 presbyterisque
2382 3508 2645 3562 inclinare
2686 3517 2867 3582 caput.
2926 3507 3201 3563 Diaconus
3232 3523 3364 3563 vero
3417 3510 3464 3564 si

1895 3601 2145 3656 utilitatis
2175 3600 2351 3671 gratia
2383 3599 2688 3662 accederet,
2717 3614 2842 3669 quae
2870 3599 3026 3654 utilia
3054 3609 3241 3655 essent
3267 3600 3358 3656 ille
3381 3600 3468 3655 lo-

1897 3693 2188 3763 quebatur,
2222 3706 2344 3762 quae
2394 3689 2699 3746 orationem
2744 3705 2874 3746 vero
2917 3699 3188 3760 spectant,
3235 3691 3341 3762 ipsi
3373 3707 3469 3748 ce-

1895 3784 2076 3839 debat.
2099 3780 2288 3852 Neque
2315 3781 2602 3837 verebatur
2637 3781 2754 3851 ipse
2777 3780 2848 3836 ab
2875 3781 2999 3837 aliis
3024 3781 3304 3839 ediscere:
3340 3798 3466 3838 nam

1892 3875 2214 3946 plerumque
2261 3873 2646 3932 sciscitabatur
2666 3913 2684 3942 ,
2715 3881 3122 3944 praesentesque
3151 3873 3343 3930 audire
3367 3889 3468 3930 ro-

1545 4013 1800 4071 VERSiO
1838 4011 2143 4070 EVAGRII.

212 4159 416 4202 nomen
440 4143 564 4215 ejus
592 4143 956 4215 inclamitans,
974 4143 1093 4215 ait:
1121 4137 1732 4215 Antoni,ersurge,__exi
1758 4145 1814 4192 et
1837 4134 1981 4215 vide.
2011 4134 2419 4215 Quiegressus,
2445 4132 2654 4215 sciebat
2685 4131 2791 4204 (59)
2826 4131 2970 4215 enim
2998 4130 3200 4202 quibus
3234 4145 3465 4215 respon-

214 4200 346 4272 dere
371 4200 720 4284 deberetaetr
740 4200 962 4269 elevatis
988 4213 1055 4267 ad
1086 4212 1285 4268 cretum
1311 4200 1504 4284 oculis,
1527 4200 1663 4263 Vidit
1688 4206 1977 4284 quemdam
2009 4200 2235 4284 longu'm
2257 4215 2422 4284 atque
2451 4200 2970 4284 terribilem,;_caput
2994 4200 3169 4284 usque
3196 4200 3262 4254 ad
3291 4202 3467 4284 nubes

211 4285 570 4342 attollentem.
598 4271 751 4338 'Vidit
776 4285 936 4338 etiam
970 4291 1234 4354 pennatos
1263 4271 1530 4354 quosdam
1562 4294 1620 4354 s_e
1657 4271 1870 4354 elevare
1894 4271 2184 4354 cupientes
2209 4277 2277 4329 ad
2306 4271 2528 4354 delum,
2560 4271 3178 4354 atquepillumextensis
3209 4271 3466 4354 manibus

213 4340 504 4426 prohibere
534 4360 876 4426 transgressu
911 4340 987 4426 :_e'
1016 4352 1216 4426 quibus
1254 4340 1392 4426 alios
1415 4349 1782 4426 apprehensos
1804 4340 2140 4426 elideliat__ad
2168 4355 2370 4426 terram
2391 4385 2408 4410 ,
2441 4344 2578 4398 alios
2600 4340 2804 4424 frustra
2823 4341 3072 4426 retinere
3100 4340 3462 4426 contendens,

210 4411 434 4480 dolebat
461 4437 625 4492 super
654 4411 719 4477 se
744 4423 809 4476 ad
842 4411 1084 4478 coelestia
1114 4411 1570 4492 transvolare'jet
1590 4419 1888 4492 maximum
1910 4417 2166 4492 gaudium
2194 4415 2416 4492 mistuni
2456 4428 2693 4492 maerore
2731 4413 2856 4467 victi
2883 4412 3225 4492 victoresque
3258 4411 3467 4492 tribue-

207 4495 364 4550 bant.
401 4480 704 4560 Statimque
736 4493 802 4547 ad
826 4507 954 4547 eum
989 4507 1090 4547 vox
1135 4491 1275 4546 facta
1308 4500 1425 4556 est,
1452 4490 1641 4560 dicens
1664 4480 2088 4560 :_Animadve_rt_e
2117 4486 2262 4554 quod
2295 4485 2466 4560 vides.
2497 4482 2566 4536 Et
2594 4491 2723 4560 tunc
2755 4482 2923 4560 etrapit
2963 4482 3269 4560 illuminato
3300 4480 3464 4560 corde

210 4564 512 4634 intelligere
536 4601 550 4626 ,
584 4551 890 4634 animarum
919 4578 1039 4616 esse
1070 4551 1430 4616 conscensum
1457 4602 1472 4624 ,
1509 4567 1562 4613 et
1592 4557 1867 4634 diabolum
1897 4551 2318 4634 prohibentem;
2349 4553 2442 4623 qui
2486 4561 2540 4607 et
2570 4553 2674 4607 sibi
2700 4551 3373 4634 reti.neret_obnoxios.,'et
3405 4551 3462 4634 in

209 4621 561 4689 sanctorum.
609 4647 746 4700 quos
776 4632 1026 4701 decipere
1046 4647 1151 4686 non
1175 4639 1420 4700 poterat,
1456 4621 1796 4701 cruciaretur
1825 4621 2032 4701 volatu.
2065 4625 2160 4680 His
2191 4621 2466 4701 visionum
2500 4623 2764 4701 exemplis
2800 4621 3091 4701 incitatus,
3118 4621 3362 4701 quatidie
3393 4621 3462 4674 ad

208 4704 439 4758 meliora
465 4690 762 4756 crescebat.
789 4690 975 4770 Neque
1002 4716 1132 4754 vero
1160 4690 1232 4763 id,
1262 4690 1416 4769 quod
1431 4699 1530 4754 sibi
1557 4699 1850 4770 revelatum
1874 4697 2263 4770 fuerat,__causa
2289 4694 2568 4770 jactantiae
2590 4690 2850 4770 fratribus
2868 4691 3150 4770 indicabat
3169 4690 3308 4770 _:__sed
3337 4707 3462 4745 cum

207 4788 374 4827 orans
405 4773 610 4841 jugiter
641 4771 730 4825 Dei
759 4761 1012 4826 laud-aret
1045 4761 1315 4824 auxi-lium
1338 4811 1352 4834 ,
1386 4768 1846 4841 interrogantibus
1873 4767 2301 4841 compeilebatur
2329 4765 2542 4841 edicere
2573 4777 2720 4841 :Inec
2749 4761 3127 4841 spiritualihus
3156 4761 3289 4841 liliis
3324 4776 3462 4829 pura

207 4843 264 4895 in
306 4831 527 4896 Christo
573 4841 752 4895 anima
800 4842 1071 4910 occultare
1099 4831 1397 4910 quidquam
1420 4831 1678 4910 volebat,
1714 4831 2016 4904 praesertim
2048 4851 2171 4891 cum
2209 4833 2522 4902 hujusmodi
2568 4833 2849 4902 signorum
2876 4831 3071 4886 relatio
3115 4838 3171 4885 et
3219 4845 3462 4885 amorem

206 4912 546 4966 ministraret
574 4911 870 4980 proposito,
903 4921 958 4964 et
986 4909 1225 4964 fructum
1260 4909 1460 4964 laboris
1490 4911 1814 4980 ostenderet.

277 4962 694 5049 δῖ’Νυῖιιιῦέιηῖ
719 4962 958 5035 iiié'alii
990 4962 1070 5033 ira
1089 4962 1608 5034 subitavconcitatus
1645 4974 1958 5045 patientiam
2003 4969 2188 5049 rupit,
2235 4975 2329 5022 aut
2357 4967 2721 5048 humilitatem
2747 4965 2998 5049 erexitin
3027 4965 3282 5049 gloriam.
3305 4962 3460 5049 _Nam

205 5063 399 5105 omnes
424 5035 653 5120 cleri'cos
685 5065 856 5120 usque
887 5051 952 5105 ad
986 5049 1234 5103 ultimum
1270 5049 1494 5119 gradum
1526 5035 1658 5101 ante'
1687 5062 1746 5101 se
1771 5059 1928 5098 orare
1950 5035 2312 5120 compellens,
2330 5038 2610 5120 episcopis
2652 5035 3064 5120 quoqueatqne
3101 5035 3456 5120 presbyteris,

203 5120 362 5191 quasi
394 5118 714 5174 humiiitatis
743 5105 1062 5186 discipulus,
1085 5121 1151 5174 ad
1180 5105 1606 5174 belredicendum
1632 5132 1689 5172 se
1719 5125 1883 5185 caput
1915 5105 2287 5167 submittebat.
2328 5105 2595 5162 Diacones
2630 5105 2760 5163 vero
2785 5105 2920 5178 (40),
2948 5107 3041 5176 qui
3071 5106 3140 5160 ad
3162 5120 3287 5159 eum
3316 5105 3463 5158 utili-

276 5254 392 5326 (35)
429 5254 520 5326 Sic
555 5255 931 5326 manuscripti.
969 5255 1108 5310 Editi
1141 5270 1299 5326 vero,
1326 5255 1695 5317 συνελθόντας.

197 5395 808 5482 omnes'manuscripti,
859 5397 1351 5467 ὑπεριπταμένους,
1398 5395 1559 5462 Editi,
1611 5397 1771 5466 ὑπερ-

200 5483 562 5536 ιπτωμενους.

276 5534 390 5606 (56)
443 5535 538 5606 Sic
574 5551 763 5590 omnes
824 5534 935 5591 fere
1002 5552 1138 5592 mss.
1181 5535 1238 5590 ln
1277 5535 1437 5590 editis
1485 5535 1580 5605 μέν
1605 5535 1776 5589 deest.

198 5606 346 5729 Βηιά
387 5605 549 5668 εὐθύς
579 5608 732 5662 deest
780 5607 835 5662 in
865 5607 1044 5671 editis,
1098 5608 1192 5661 sed
1236 5607 1468 5663 habetur
1505 5608 1560 5660 in
1600 5606 1779 5662 omni-

241 5692 305 5731 us
339 5693 471 5731 mss.

453 5766 725 5826 ΡΑτιιοι.
759 5765 876 5826 Gn.
918 5765 1148 5827 XXVI.

1949 5255 2062 5324 (37)
2097 5252 2186 5308 Sir
2230 5269 2365 5309 mss.
2407 5221 2538 5324 cod.
2575 5248 2715 5324 Editi
2773 5263 2924 5314 vero,
2957 5246 3065 5301 τῶν
3101 5246 3288 5318 ψυχῶν
3320 5242 3460 5302 εἶναι

276 5256 392 5397 (54)
429 5256 520 5310 Sic
555 5256 931 5326 manuscripti.
969 5256 1108 5310 Editi
1141 5270 1288 5318 vero,
1326 5256 1695 5317 συνελθόντας.

275 5327 367 5396 (55
424 5325 515 5380 Sic
545 5342 677 5381 mss.
742 5326 803 5379 ln
850 5327 1030 5393 editis,
1079 5325 1382 5394 ἀναϐλέψας
1401 5327 1584 5397 deest.
1623 5325 1768 5378 Infra

1949 5256 2062 5324 (57)
2097 5256 2186 5308 Sir
2230 5269 2365 5309 mss.
2418 5256 2538 5305 cod.
2575 5256 2715 5303 Editi

1908 5326 1966 5379 ὸν
1995 5324 2208 5397 ἐχθρόν,
2233 5323 2459 5397 omissis
2482 5320 2756 5397 plurimis.

1948 5388 2057 5464 (58)
2095 5388 2200 5448 ⁷δὶα
2218 5396 2367 5448 Cnlb.
2387 5393 2443 5446 2.
2465 5388 2568 5445 Alii
2594 5388 2820 5464 πῶς-δέ.

1956 5459 2071 5535 (59)
2103 5464 2195 5518 Sic
2236 5464 2615 5532 manuscripti.
2655 5459 2797 5514 Editi
2836 5473 2985 5524 veto,
3040 5460 3128 5526 qui
3178 5474 3458 5528 exsurgens

1879 5551 2115 5604 egressus
2138 5546 2234 5601 est,
2267 5535 2483 5589 sciebat.

1954 5606 2064 5675 (40)
2097 5597 2452 5686 Manuscripti
2506 5601 2730 5674 quidam
2779 5600 3038 5655 Diacones
3077 5599 3296 5655 habent.
3333 5597 3458 5665 Alii,

1881 5674 2130 5732 Diawni.

3145 5759 3224 5821 30
