3824 6224
365 262 471 318 939
960 257 1018 314 S.
1061 254 1435 314 ATHANASII
1473 252 1627 312 OPP.
1669 252 1853 312 PARS
1890 255 1930 310 1.
1973 286 2042 297 —
2078 253 2449 312 HISTOBICA
2487 253 2575 309 ET
2617 253 3036 314 DOGMATICA.
3505 265 3626 324 94o

368 378 552 448 gabat,
581 383 636 432 et
663 375 710 432 si
757 373 1034 446 quidpiam
1079 373 1208 446 quis
1235 373 1368 429 utile
1395 375 1686 444 proterret,
1715 371 1878 428 utiliu

2113 372 2187 426 [ου
2217 371 2370 444 παρὰ
2405 371 2514 426 τῶν
2548 382 2814 426 συνοντων
2845 371 2958 443 (41)
2988 372 3238 429 ἀκούειν·
3273 375 3369 432 καὶ
3400 375 3623 449 ὡμολό-

367 468 476 524 sibi
509 465 683 523 fuisse
738 466 1031 522 fatebatur.
1085 463 1283 536 Magna
1337 464 1718 536 mirabilisque
1761 464 1877 519 vult

2116 464 2510 534 ιώφελεϊσθαι,
2556 463 2613 517 et
2638 481 2692 517 τι
2718 463 2984 535 χρήσιμόν
3025 482 3110 530 τις
3136 465 3308 536 ἔλεγε.
3360 470 3473 526 Καὶ
3511 473 3626 544 μὴν

279 615 283 618 .
366 560 487 628 ejus
519 558 695 613 inerat
717 555 911 627 gratia.
946 555 1195 626 llludque
1227 565 1488 626 praeterea
1524 554 1731 610 donum
1761 571 1789 610 a

2114 555 2132 608 ι
2159 553 2222 607 τὸ
2253 553 2542 626 πρόσωπον
2564 552 2726 607 αὑτοῦ
2756 553 2916 626 χάριν
2945 551 3060 624 εἶχε
3089 554 3289 628 πολλὴν
3311 561 3407 613 καὶ
3433 562 3624 634 παρά..

367 658 555 703 vatore
581 655 911 702 consecutus
941 652 1080 712 erat,
1114 653 1176 700 ut
1203 645 1273 710 si,
1305 645 1435 700 dum
1465 644 1522 699 in
1543 645 1877 700 monachoru

2116 647 2209 712 Ξον.
2243 645 2370 718 Εἶχε
2391 647 2448 700 δὲ
2468 646 2564 700 καὶ
2588 646 2746 700 τοῦτο
2772 647 2832 700 τὸ
2859 646 3103 718 χάρισμα
3133 649 3283 720 παρὰ
3309 650 3405 706 τοῦ
3431 653 3626 725 Σωτῆ-

365 748 510 795 coetu
555 739 789 799 adesset,
835 737 1034 808 aliquis
1083 751 1208 792 eum
1243 735 1348 792 sibi
1373 747 1527 792 antea
1578 737 1821 808 ignotum
1857 753 1875 790 η

2110 754 2164 802 ς·
2199 739 2248 791 ει
2275 737 2384 809 γὰρ
2410 737 2548 808 μετὰ
2582 737 2676 790 τοῦ
2707 736 2943 809 πλήθους
2986 737 3094 790 τῶν
3127 738 3377 810 μοναχῶν
3409 744 3620 814 παρῆν,

291 865 304 880 ..
366 831 498 885 dere
537 829 730 896 vellet,
764 829 949 884 statim
1005 829 1292 896 accedens,
1321 838 1740 900 praetergressus
1775 844 1801 882 a

2110 829 2131 882 l.
2159 828 2347 882 τοῦτον
2382 828 2508 881 ἰδεῖν
2535 845 2620 890 τις
2638 826 2888 881 ἐϐούλετο
2915 826 2990 897 μὴ
3014 827 3276 898 πρότερον
3303 828 3620 896 γινώσκων,

365 921 434 976 ad
458 936 583 976 eum
611 929 944 987 accurreret,
993 920 1137 975 illius
1171 919 1329 991 quasi
1379 929 1600 990 aspectu
1647 927 1875 975 attractu

2112 917 2349 973 οσελθὼν
2381 917 2562 983 εὐθὺς,
2597 918 2722 979 τοὺς
2754 915 2852 986 μὲν
2883 916 3076 980 ἄλλους
3099 917 3444 986 ὑπερέϐαινε,
3477 919 3622 991 πρὸς

361 1010 552 1082 Neque
582 1021 762 1067 tamen
787 1019 1017 1074 statura,
1044 1022 1137 1066 aut
1163 1010 1448 1065 latitudine
1478 1008 1600 1064 aliis
1621 1009 1871 1080 praastab:

2110 1012 2200 1065 τὸν
2227 1012 2282 1065 δὲ
2303 1011 2540 1083 ἔτρεχεν,
2561 1008 2637 1073 ὼς
2659 1007 2766 1062 ὑπὸ
2786 1006 2891 1060 τῶν
2916 1006 3090 1078 ὄψεων
3115 1008 3279 1062 αὑτοῦ
3303 1008 3619 1081 ἑλκόμενος.

361 1104 460 1161 sed
511 1119 728 1160 morum
763 1104 1166 1175 compositione
1205 1111 1370 1175 atque
1418 1103 1616 1158 anima
1648 1103 1871 1173 puritate

2115 1122 2148 1174 χ
2172 1101 2295 1173 ὕψει
2322 1103 2399 1168 δὲ,
2429 1101 2549 1156 οὐδὲ
2573 1100 2651 1172 τῷ
2672 1099 2863 1154 πλάτει
2883 1098 3099 1170 διέφερε
3121 1099 3229 1154 τῶν
3255 1099 3451 1167 ἄλλων,
3478 1100 3622 1155 ἀλλὰ

363 1211 602 1266 namque
656 1211 782 1251 cum
857 1196 1306 1266 imperturbatam
1381 1203 1593 1267 gereret
1653 1204 1873 1250 menten

2128 1197 2236 1250 τῶν
2267 1194 2414 1266 ⁴ηθῶν
2446 1193 2796 1258 καταστάσει,
2821 1192 2917 1246 καὶ
2947 1194 3015 1263 τῇ
3047 1192 3146 1262 τῆς
3168 1191 3348 1262 ψυχῆς
3380 1191 3621 1263 καθαρό-

362 1287 689 1358 tranquillos
717 1287 844 1341 item
869 1286 1058 1341 habuit
1083 1295 1336 1342 externos
1361 1301 1559 1342 sensus
1588 1303 1604 1352 ;
1661 1285 1735 1340 ita
1768 1293 1830 1340 ut
1866 1307 1872 1337 t

2107 1307 2188 1360 ru.
2207 1287 2497 1360 'A009ti6ou
2515 1285 2624 1358 γὰρ
2640 1285 2804 1356 οῠσης
2831 1285 2931 1356 τῆς
2956 1284 3151 1355 ψυχῆς,
3173 1284 3480 1355 ἀταράχους
3501 1281 3617 1356 εἶχε

361 1378 532 1432 animi
589 1378 775 1434 laetitia
815 1377 1000 1434 vultus
1059 1377 1307 1434 hilaritas
1374 1379 1721 1449 proveniret,
1775 1387 1871 1435 et«

2107 1378 2140 1434 t't
2162 1379 2261 1443 τὰς
2281 1379 2477 1446 ἔξωθεν
2501 1377 2780 1450 αἰσθήσεις
2798 1393 2812 1407 ·
2841 1373 2916 1440 ὡς
2937 1375 3047 1432 ἀπὸ
3066 1376 3164 1447 τῆς
3189 1376 3363 1448 χαρᾶς
3391 1376 3503 1447 (42)
3517 1377 3617 1449 τῆς

359 1469 613 1540 corporis
677 1468 916 1524 motibus
962 1469 1158 1524 animae
1203 1477 1379 1525 status
1423 1471 1735 1536 sentiretur,
1779 1470 1869 1540 jux

2104 1473 2209 1544 ιχῆς
2237 1471 2417 1543 ἱλαρὸν
2440 1471 2583 1542 ἐχειν
2607 1471 2700 1523 κα)⁸
2724 1469 2786 1522 τὸ
2807 1468 3118 1540 πρόσωπον,
3142 1469 3236 1522 καὶ
3256 1467 3366 1521 ἀπὸ
3388 1467 3496 1522 τῶν
3517 1468 3614 1521 τοῦ

362 1558 700 1629 Scripturam
725 1577 739 1614 :
789 1557 960 1615 Corde
1013 1559 1229 1614 laetante
1251 1559 1406 1629 ﬂoret
1441 1559 1614 1615 vultus
1640 1575 1658 1612 :
1685 1560 1811 1613 dum
1837 1576 1869 1612 a

2105 1564 2293 1634 39.4110;
2321 1563 2636 1634 κινημάτων
2663 1559 2946 1614 αἰσθέσθαι
2974 1558 3068 1614 καλ⁵
3100 1561 3241 1612 νοεῖν
3271 1559 3369 1631 τὴν
3386 1559 3486 1631 τῆς
3507 1558 3615 1628 ψυ-

359 1652 542 1706 tentia
577 1667 796 1706 maerore
824 1659 926 1716 est,
974 1652 1226 1721 dejicitur
1257 1652 1321 1707 ¹⁰.
1353 1651 1444 1708 Sic
1492 1651 1659 1708 Jacob
1715 1667 1869 1724 agnot

2111 1671 2137 1718 ς
2180 1652 2508 1708 κατάστασιν
2530 1691 2548 1720 ,
2603 1651 2745 1711 κατὰ
2775 1650 2836 1705 τὸ
2883 1651 3297 1723 γεγραμμένοψ
3351 1651 3618 1719 Καρδίας

359 1743 549 1800 Laban
578 1744 813 1801 insidias
845 1759 1041 1816 parare
1063 1783 1078 1810 ,
1115 1744 1302 1815 aitque
1339 1743 1602 1800 uxoribus
1636 1763 1649 1798 :
1689 1742 1814 1798 Non
1851 1760 1869 1798 ε

2106 1745 2532 1817 ξοραινομένης,
2565 1743 2772 1799 θάλλει
2799 1744 3121 1811 πρόσωπον
3138 1760 3152 1774 ⁸
3185 1743 3256 1797 ἐν
3295 1742 3365 1796 δὲ
3387 1745 3616 1811 λύπαις

363 1835 530 1904 facies
565 1836 745 1906 patris
781 1835 942 1891 vestri
986 1835 1126 1890 sicut
1159 1835 1272 1889 lteri
1303 1843 1355 1889 et
1385 1826 1579 1889 nudius
1615 1835 1802 1889 tertius
1831 1835 1872 1866 “

2105 1853 2254 1907 anc,
2309 1834 2736 1906 σκυθρωπάζει.
2800 1835 2988 1901 Οὕτως
3029 1834 3223 1889 Ἰακὼϐ
3254 1836 3468 1906 ἐπέγνω
3520 1836 3615 1890 τὸν

353 1927 518 1998 677
539 1925 641 1983 Sic
667 1926 929 1982 Davidem
959 1925 1182 1997 agnovit
1204 1925 1460 1992 Samuel;
1492 1925 1752 1996 pulchros
1771 1926 1863 1997 qui

2104 1930 2222 1984 ὶσαν
2284 1928 2578 2000 ἐπιϐουλὴν
2628 1927 3059 2000 ἐνθυμούμενον,
3127 1927 3220 1982 καί
3269 1945 3403 1999 φησι
3474 1928 3614 1999 πρὸς

352 2033 422 2088 pe
473 2018 956 2086 babebatoculos,
1001 2017 1190 2074 dentes
1219 2028 1478 2088 tanquam
1515 2019 1598 2074 lac
1637 2019 1862 2074 candide

2106 2041 2133 2086 ς
2157 2026 2417 2092 γυναῖκας
2438 2040 2454 2055 ·
2490 2025 2612 2077 Οὐκ
2644 2022 2777 2076 ἐστι
2807 2022 2872 2076 τὸ
2902 2024 3228 2090 πρόσωπον
3250 2021 3356 2074 τοῦ
3385 2019 3615 2089 πατρὸς

353 2110 433 2167 Eo
468 2110 590 2182 ipso
615 2112 781 2168 modo
814 2111 1237 2182 dignoscebatur
1263 2111 1535 2165 Antonius
1565 2129 1580 2164 :
1616 2125 1729 2181 pra:
1769 2125 1863 2165 me:

2103 2114 2201 2169 ιῶν
2235 2116 2316 2182 ὠς
2359 2114 2504 2185 χθὲς
2541 2115 2642 2168 καὶ
2671 2115 2879 2183 τρίτην
2923 2113 3182 2184 futépar'
3235 2114 3408 2177 οὕτως
3435 2115 3466 2167 ὁ
3502 2115 3613 2169 Σα-

350 2201 422 2259 tis
463 2203 612 2258 enim
662 2203 954 2259 serenitate
1000 2217 1280 2272 nunquam
1341 2202 1807 2272 perturbabatur:
1859 2242 1860 2251 χ

2103 2207 2205 2280 ιυὴλ
2230 2208 2442 2276 ἐπέγνω
2472 2207 2565 2260 τὸν
2598 2207 2790 2260 Δαϐίδο
2829 2208 3154 2278 χαροποιοὺς
3198 2206 3309 2278 (45)
3355 2206 3464 2280 γὰρ
3494 2204 3613 2279 εἶχε

350 2310 464 2366 prae
489 2295 659 2350 animi
684 2295 892 2362 laetitia,
927 2311 1208 2368 nunquam
1250 2296 1393 2352 tristi
1420 2304 1540 2352 erat
1558 2297 1734 2352 vultu.

2099 2299 2153 2362 ῦς
2193 2298 2534 2370 ὀφθαλμοὺς,
2563 2300 2658 2353 καὶ
2693 2299 2818 2362 τοὺς
2847 2299 3063 2364 ὀδόντας
3085 2298 3162 2363 ὡς
3188 2299 3326 2368 γάλα
3355 2298 3609 2363 λευκούς.

348 2390 533 2455 οὕτως
564 2390 658 2445 καὶ
683 2393 714 2445 ὁ
745 2389 1030 2454 Ἀντώνιος
1060 2389 1454 2460 ἐπιγινώσκετο
1475 2405 1490 2422 ο
1523 2390 1779 2465 οὐδέποτε
1809 2388 1918 2462 γὰρ
1963 2391 2286 2462 ἐταράττετο
2309 2432 2325 2460 ,
2359 2392 2704 2464 γαληνιώσης
2739 2391 2905 2446 αὑτοῦ
2937 2392 3040 2464 τῆς
3091 2392 3299 2464 ψυχῆς·
3349 2392 3614 2446 οὐδέποτε

348 2481 674 2554 σκυθρωπὸς
699 2481 941 2552 ἐγίνετο,
998 2481 1297 2554 ῃιρούσης
1333 2480 1498 2534 αὑτοῦ
1528 2482 1629 2554 τῆς
1666 2481 1926 2546 διανοίας.

418 2574 508 2634 68.
549 2575 786 2646 Eratque
827 2590 1054 2646 prorsus
1099 2577 1410 2632 admirabili
1455 2577 1560 2633 ﬁde
1601 2585 1657 2632 et
1704 2578 1928 2647 pietate.

2105 2570 2190 2626 68.
2229 2569 2341 2624 Καὶ
2378 2571 2449 2640 τῇ
2478 2565 2758 2641 πίστειῖξδέ
2789 2568 2928 2622 πάνυ
2959 2567 3268 2639 θαυμαστὸς
3296 2563 3364 2638 ἦν
3397 2567 3493 2621 καὶ
3521 2568 3615 2621 εὖ·

349 2667 490 2724 Cum
564 2668 868 2726 Meletianis
943 2670 1143 2741 quippe
1210 2670 1582 2726 schismaticis
1647 2685 1859 2740 nunqua

2098 2663 2214 2735 6ης.
2243 2660 2381 2716 Οὔτε
2407 2661 2516 2733 γὰρ
2545 2660 2892 2724 Μελετιανοῖς
2922 2663 3034 2724 τοῖς
3070 2663 3446 2730 σχισματικοῖς
3477 2677 3608 2714 ποτε

349 2758 817 2815 communicavit:
843 2769 1180 2830 compertam
1208 2760 1418 2816 habens
1451 2776 1639 2816 eorum
1671 2761 1740 2816 ab
1769 2761 1859 2816 init

2107 2753 2460 2826 κοινώνηκεν,
2495 2752 2648 2817 εἰδὼς
2679 2751 2858 2807 αὐτῶν
2889 2751 2986 2823 τὴν
3019 2749 3081 2815 ἐξ
3123 2750 3299 2822 ἀρχῆς
3338 2750 3617 2821 πονηρίαν

279 2841 281 2843 ’
350 2850 616 2908 malitiam
647 2859 812 2923 atque
852 2851 1237 2908 defectionem.
1283 2850 1396 2908 Nec
1432 2867 1558 2909 cum
1609 2853 1788 2909 Manic

2096 2847 2125 2901 μὶ
2153 2845 2488 2902 ἀποστασίαν
2506 2861 2524 2878 ο
2550 2844 2674 2898 οὔτε
2700 2844 3042 2915 Μανιχαίοις,
3076 2843 3110 2914 ἢ
3138 2843 3317 2907 ἄλλοις
3341 2843 3487 2896 τισὶν
3515 2845 3606 2896 ai-

349 2957 637 3012 unquam,
690 2951 788 2999 aut
834 2942 960 2998 aliis
1010 2943 1347 3013 quibuslibet
1391 2943 1696 3012 haereticis,
1745 2946 1859 3000 ami

2101 2942 2260 3002 τικοίς
2285 2937 2529 3010 ὡμίλησε
2557 2936 2764 3008 φιλικὰ,
2794 2937 2831 3007 ἢ
2858 2935 3013 3007 μόνον
3041 2935 3169 3007 ἄχρι
3197 2933 3478 2998 νουθεσίας
3507 2935 3611 3006 τῆς

347 3030 651 3088 collocutus
677 3039 762 3088 est
785 3071 803 3099 ,
849 3031 957 3087 nisi
990 3031 1318 3088 admonendi
1347 3048 1554 3102 causa,
1607 3043 1668 3090 ut
1714 3044 1857 3110 muta

2102 3049 2106 3088 ς
2151 3029 2562 3102 εὐσέϐειανμιι)
2606 3028 2939 3102 μεταϐολῆς·
2982 3026 3286 3098 ἡγούμενος
3327 3027 3421 3080 καὶ⁵
3464 3045 3612 3098 παρ-

346 3121 614 3176 sententia
655 3121 798 3191 piam
835 3127 1176 3177 sectarentur
1215 3119 1377 3176 ﬁdem
1420 3136 1435 3174 :
1485 3131 1672 3188 ratus,
1730 3137 1856 3178 eoru

2100 3122 2313 3192 ’γέλλων
2355 3121 2456 3193 τὴν
2499 3119 2704 3174 τούτων
2771 3119 2953 3188 φιλίαν
2995 3118 3090 3172 καὶ
3134 3116 3350 3188 ὁμιλίαν
3399 3116 3610 3190 βλάὁην

345 3213 645 3300 amicitiam
681 3221 738 3269 et
768 3212 1043 3284 colloquia
1064 3253 1080 3279 ,
1119 3212 1289 3269 animi
1316 3213 1576 3270 damnum
1610 3223 1774 3285 atque
1803 3229 1855 3285 pe

2099 3215 2124 3267 1
2166 3212 2441 3268 ἀπώλειαν
2490 3206 2627 3266 εἶναι
2659 3209 2856 3283 ψυχῆς.
2889 3207 3046 3264 Οὕτω
3075 3207 3206 3278 γοῦν
3246 3209 3341 3263 καὶ
3365 3208 3468 3279 τὴν
3497 3209 3609 3264 τῶν

347 3302 544 3359 niciem
566 3299 728 3370 esse,
775 3303 924 3374 quod
971 3303 1101 3360 item
1130 3304 1272 3359 alios
1297 3303 1575 3360 monebat.
1626 3302 1719 3360 Sic
1752 3305 1857 3360 etia

2097 3304 2332 3379 patavibv
2357 3305 2564 3376 αἵρεσιν
2592 3303 2970 3370 ἐϐδελύσσετο,
2995 3299 3342 3374 παρήγγελλὲ
3380 3317 3441 3355 τε
3469 3303 3607 3355 πᾶσι

345 3397 673 3452 Arianorum
707 3395 959 3452 haeresim
987 3395 1397 3464 exsecrabatur,
1418 3396 1788 3468 omnibusque
1817 3411 1849 3451 a

2099 3414 2168 3469 ,τε
2195 3395 2433 3466 ἐγγίζειν
2471 3396 2693 3461 αὐτοῖς,
2729 3395 2864 3466 μήτε
2891 3395 2992 3466 τὴν
3028 3393 3389 3448 κακοπιστίαν
3424 3393 3609 3446 αὐτῶν

345 3495 466 3542 ctor
491 3495 642 3552 erat,
676 3497 827 3542 utne
851 3486 938 3542 vel
964 3487 1032 3542 ad
1056 3501 1154 3543 eos
1181 3487 1502 3542 accederent
1528 3527 1544 3553 ,
1574 3487 1660 3542 vel
1693 3503 1855 3559 prava

2099 3504 2192 3541 ειν.
2228 3485 2586 3551 Ἀπελθόντας
2609 3484 2741 3554 γοῦν
2779 3483 2912 3540 ποτέ
2947 3502 3100 3550 τινας
3129 3483 3266 3556 πρὸς
3305 3483 3470 3538 αὺτὺν
3496 3484 3609 3537 τῶν

346 3593 538 3634 eorum
585 3585 925 3636 sectarentur
967 3577 1154 3635 ﬁdem.
1191 3577 1467 3637 Adeuntes
1519 3593 1581 3636 se
1626 3579 1856 3650 aliquant

2096 3577 2460 3651 ,ρειομανιτῶν
2479 3617 2494 3643 ,
2535 3575 2832 3649 ἀνακρίνας
2869 3577 2966 3632 καὶ
3005 3575 3195 3649 μαθὼν
3236 3574 3606 3641 ἀσεϐοῦντας,

1683 3731 1936 3790 VERSIO
1974 3731 2276 3790 EVAGRII.

351 3889 480 3946 tatis
503 3904 668 3946 causa
696 3889 1020 3955 veniebant,
1053 3905 1177 3945 cum
1214 3903 1315 3960 pro
1345 3887 1627 3960 adjutorio
1651 3901 1841 3960 eorum
1881 3889 1963 3944 eis
1991 3887 2352 3960 przesentibus
2383 3886 2723 3960 disputaret,
2771 3885 2838 3941 ad
2865 3881 3460 3960 orandum__Dominum
3499 3879 3607 3960 sibi

347 3961 694 4031 prmponebat
714 4001 731 4028 ,
770 3975 878 4015 non
909 3955 1238 4016 erubescens
1267 3955 1458 4031 etipse
1484 3959 1724 4031 discere.
1747 3956 1883 4013 Nam
1922 3955 2384 4031 etfinterrogabat
2421 3955 2734 4027 frequenter
2765 3970 2864 4031 eos
2898 3970 3020 4031 cu
3053 3955 3254 4025 quibus
3281 3963 3403 4009 erat
3430 3971 3445 4008 :
3472 3963 3530 4031 et
3557 3957 3606 4010 si

349 4017 660 4101 aliqhidab'
683 4017 767 4101 eis
805 4031 1177 4101 necessarium
1201 4017 1488 4101 audierat,
1517 4044 1576 4084 se
1606 4027 1877 4083 fatebatur
1901 4028 2167 4101 adiutum.
2201 4017 2446 4101 Habebat
2479 4017 2660 4101 autem
2692 4035 2747 4082 et
2774 4025 3020 4101 in_vultu_
3057 4017 3311 4101 magnam
3338 4024 3605 4101 gratiam,

347 4109 403 4154 et
431 4094 750 4155 admirabile
785 4115 816 4155 a
842 4100 1122 4154 Salvatme
1143 4099 1306 4154 etiam
1343 4098 1450 4153 hoc
1481 4113 1682 4152 munus
1713 4094 2017 4168 acceperat.
2080 4097 2138 4152 Si
2175 4099 2300 4168 quis
2329 4099 2476 4153 enim
2525 4099 2751 4167 ignarus
2795 4095 2916 4168 eius
2940 4135 2958 4163 ,
3005 4094 3172 4168 inter
3195 4094 3606 4168 multitudinem

350 4172 746 4224 monachorum
781 4185 906 4225 eum
938 4169 1121 4224 videre
1159 4169 1549 4233 desiderasset,
1583 4169 1732 4222 nullo
1763 4163 2037 4223 indicante
2057 4209 2072 4234 ,
2102 4163 2314 4223 caeteris
2346 4163 2730 4238 praterfnissis
2751 4206 2767 4231 ,
2793 4163 2863 4221 ad
2892 4166 3190 4238 Antonium
3233 4163 3489 4238 currebat
3512 4201 3529 4226 ,
3553 4173 3609 4219 et

355 4240 551 4294 animae
583 4241 877 4308 puritatem
911 4239 1242 4310 agnoscebat
1265 4253 1333 4292 ex
1360 4239 1535 4310 vultu,
1562 4249 1615 4291 et
1644 4253 1740 4307 per
1771 4239 2051 4310 speculum
2071 4235 2367 4310 corporis;
2388 4237 2616 4310 gratiam
2647 4246 2852 4310 Sanctae
2873 4235 3413 4310 men_tis_intueba_tur
3433 4249 3606 4310 :Anam

349 4323 563 4378 semper
585 4301 816 4364 hilarem
850 4301 1044 4363 laci‘éni
1075 4323 1269 4378 gerens
1296 4347 1310 4369 ,
1359 4301 1565 4377 liquido
1601 4301 1921 4362 ostendebat
1951 4324 2010 4362 se
2051 4309 2117 4378 de
2144 4301 2459 4378 cialestibus
2482 4309 2723 4378 cogitare
2749 4346 2776 4378 ,ί
2800 4306 2942 4362 sicut
2980 4304 3265 4376 Scriptura
3289 4303 3405 4378 ait_:
3432 4301 3608 4378 C_o_r_dc

349 4372 562 4433 lwtante
591 4379 764 4434 vultus
799 4379 950 4448 floret
980 4395 1000 4433 :
1027 4372 1166 4431 et'in
1192 4372 1732 4448 mmora-constituto
1768 4381 2032 4433 tristatur.
2066 4377 2140 4432 lta
2173 4387 2227 4432 et
2247 4376 2416 4432 Jacob
2445 4372 2666 4446 agnovit
2688 4375 2871 4431 Laban
2903 4372 3151 4448 socerum
3183 4387 3344 4448 suum
3374 4372 3608 4448 insidias

346 4450 450 4503 sibi
488 4439 913 4518 machinantem,
945 4449 1132 4503 dicens
1155 4448 1221 4501 ad
1246 4448 1385 4502 tilias
1415 4448 1538 4515 ejus
1563 4466 1578 4501 :
1605 4447 1728 4500 Non
1757 4459 1832 4502 est
1865 4450 2026 4518 facies
2052 4448 2223 4518 patris
2243 4448 2401 4502 vestri
2425 4439 2562 4518 sicut
2590 4448 2702 4502 heri
2729 4457 2776 4518 et
2805 4446 2998 4518 audias
3029 4447 3235 4518 tertius.
3260 4442 3352 4496 Sic
3381 4439 3606 4518 Sa_muel

347 4517 569 4588 agnovit
612 4518 780 4574 David
818 4537 832 4572 :
869 4511 1172 4573 lzetiﬁcatos
1206 4517 1352 4571 enim
1398 4511 1634 4588 habebat
1664 4511 1892 4588 oculos,
1941 4527 1997 4572 et
2036 4511 2228 4573 dentes
2255 4519 2398 4572 sicut
2438 4517 2523 4572 lac
2555 4517 2841 4572 candidos.
2907 4515 3171 4588 Similiter
3205 4511 3607 4588 agnoscebatur

345 4581 620 4659 Antonius
653 4605 667 4641 :
698 4589 828 4657 quia
877 4603 1093 4659 semper
1134 4588 1382 4642 eamdem
1425 4587 1621 4642 faciem
1671 4587 1810 4643 inter
1840 4602 2100 4659 prospera
2123 4597 2178 4642 et
2207 4588 2432 4643 adversa
2464 4587 2736 4652 retinens,
2770 4601 2872 4641 nec
2917 4585 3175 4641 secundis
3219 4581 3604 4643 extollebatur,

346 4672 448 4729 nec
463 4657 833 4729 il‘ra_ngebatur
858 4657 1122 4729 adversis.

418 4727 508 4782 68.
549 4719 679 4782 Erat
705 4739 886 4782 autem
917 4728 971 4782 in
998 4727 1120 4782 ﬁdei
1151 4725 1348 4795 pietate
1375 4725 1644 4780 mirabilis
1673 4722 1812 4795 (45).
1840 4720 2128 4795 Nunquam
2161 4720 2638 4795 schismaticorum
2671 4736 2731 4795 se
2754 4719 3386 4795 miscuitucommunioni
3405 4760 3420 4786 ,
3457 4719 3603 4795 anti-

345 4812 511 4868 quam
542 4814 732 4854 eorum
763 4799 942 4853 sciens
975 4790 1296 4866 pravitatem
1328 4804 1504 4868 atque
1531 4790 2021 4864 transgressionem
2055 4810 2070 4846 :
2104 4790 2734 4868 nunquam_M_ani_chaais
2781 4800 2876 4846 aut
2925 4791 3047 4846 aliis
3088 4790 3358 4868 hazreticis
3406 4791 3602 4868 saltem

347 4859 658 4924 a'tnicabilia
685 4869 849 4923 verba
879 4859 1104 4936 largitus
1130 4875 1234 4927 est,
1287 4866 1391 4921 nisi
1415 4859 1632 4936 tantum
1660 4859 1726 4918 ea
1754 4878 1876 4932 quae
1898 4875 1995 4916 eos
2035 4859 2286 4936 possent“
2304 4863 2373 4917 ab
2401 4861 2704 4936 iniquitatis
2727 4875 2914 4936 errore
2939 4874 3194 4936 revocare
3221 4877 3235 4913 :
3266 4859 3605 4936 denuntians

349 4939 537 4992 talium
566 4939 837 4994 amicitias
871 4930 1035 5007 atque
1063 4949 1348 4991 sermones
1374 4974 1391 5000 ,
1439 4930 1798 5007 perditionem
1825 4947 1947 5007 esse
1972 4930 2188 4986 animae.
2232 4931 2324 5007 Sic
2352 4930 2521 4986 etiam
2550 4930 2784 5007 drianos
2813 4930 3204 5007 detestabatur,
3240 4939 3301 4984 ut
3342 4930 3604 4984 omnibus

347 5009 572 5076 diceret,
619 5023 688 5064 ne
731 5009 890 5080 juxta
919 4999 1014 5062 e'os
1047 5007 1268 5078 quidem
1295 4999 1418 5062 esSe
1440 4999 1831 5062 accedendum.
1864 5000 2000 5056 Nam
2023 5017 2148 5057 cum
2179 5001 2459 5058 venissent
2483 5000 2706 5072 quidam
2735 4999 3120 5068 Ariomanitat,
3165 5009 3380 5070 reperta
3407 5013 3603 5054 eorum

401 5165 446 5198 “
485 5163 646 5222 Prov.
681 5179 774 5232 xv,
806 5163 898 5219 l5.
991 5163 1032 5195 “
1073 5159 1272 5218 Cenes.
1313 5175 1468 5225 uxr,
1504 5159 1560 5214 5.

421 5301 534 5374 (il)
571 5301 662 5357 Sic
694 5301 1084 5374 quidam_mss.
1143 5297 1266 5374 cod_.
1319 5297 1523 5352 rectius
1557 5310 1721 5366 quam
1753 5293 1844 5348 alii
1870 5302 1925 5348 et

959 5315 1084 5356 mss.
1143 5297 1266 5374 cod_.
1319 5297 1523 5352 rectius
1557 5310 1721 5366 quam
1753 5293 1844 5348 alii
1870 5302 1925 5348 et
2032 5291 2352 5374 Gegania,
2382 5292 2469 5374 £2.

347 5357 631 5444 editi,'qui
654 5357 851 5428 ha'bent
875 5370 1089 5427 πάντων
1125 5368 1428 5444 συνρντωνι-
1460 5437 1472 5444 _
1574 5357 1593 5366 ’
1712 5435 1738 5444 _

2103 5364 2351 5444 (_4_i)‘Sic
2376 5362 2603 5444 quidam
2625 5361 2983 5444 manuscripti
3014 5357 3218 5416 rectius
3247 5373 3418 5430 quam
3442 5357 3601 5421 editi,

423 5433 558 5514 (42)"
601 5442 694 5498 Sic
753 5447 950 5498 omnes
1011 5456 1144 5495 mss.
1221 5440 1278 5492 ln
1347 5437 1542 5501 editis,
1597 5435 1771 5507 χαοᾶς
1824 5433 1924 5503 τῆς

1347 5437 1542 5501 editis,
1597 5435 1771 5507 χαοᾶς
1824 5433 1924 5503 τῆς
2032 5433 2356 5514 qui_l_tab§rtt
2385 5434 2520 5514 πρὸς
2553 5433 2850 5486 εὐσέϐειαν.

350 5497 530 5569 deest:
676 5497 685 5498 ί
774 5497 777 5498 ν
1363 5517 1372 5530 ‘
1526 5497 1535 5501 ⁷
1597 5497 1630 5507 ”
1881 5497 1892 5503 ’
2050 5497 2064 5503 ⁷
2099 5502 2213 5574 (45)
2256 5503 2348 5557 Sic
2373 5497 2610 5574 minima
2642 5519 2768 5574 pars
2819 5516 2954 5574 mss.
2985 5499 3125 5574 Editi
3156 5514 3310 5574 vero,
3342 5497 3474 5552 Erat
3494 5512 3606 5574 art-

424 5568 533 5653 (43)
573 5581 704 5640 “ss.
739 5583 865 5646 Alii,
892 5578 1188 5654 χαροπούς,
1215 5578 1308 5654 alii
1342 5575 1664 5654 xapommd;
1699 5574 1920 5654 habent,

2163 5568 2210 5626 αὶ
2241 5574 2295 5627 in
2324 5573 2478 5628 uultu
2504 5568 2760 5628 amabilis
2782 5612 2797 5638 ,
2831 5583 2879 5626 et
2911 5573 2963 5624 in
2993 5572 3117 5640 ﬁdei
3157 5572 3390 5639 puritate
3432 5568 3606 5620 mira-

352 5642 474 5722 quir.
507 5642 610 5707 vox
643 5642 925 5721 nusquam.
946 5642 1014 5706 de
1063 5642 1262 5704 Dav'ide
1310 5642 1578 5717 reperitur
1605 5648 1780 5711 dicta,
1827 5648 1919 5699 sed
2031 5642 2171 5696 ίηίὶε.
