3824 6224
234 327 338 382 ρει

1550 295 1707 380 mi
1749 325 1806 380 s.
1843 322 2139 380 ANTONll.

3369 321 3478 379 9ιὲ

250 444 458 510 εδίωξεν
490 444 598 500 ἀπὸ
620 428 714 499 τοῦ
743 445 921 520 ὅρους,
947 445 1122 514 λέγων
1147 445 1323 514 ὄφεων
1353 443 1432 497 ἰοῦ
1459 445 1703 517 χείρονας
1737 438 1813 495 εἷ-

1927 420 2180 512 quosdam
2215 438 2710 503 Arlomanitarum,
2741 437 3018 509 explorata
3053 445 3108 494 et
3146 436 3360 510 cognita
3387 453 3483 491 co-

250 558 328 593 ιαι
362 541 486 604 τοὺς
517 525 706 608 λόγους
739 539 936 593 αὐτῶν.

314 735 403 789 69.
443 733 556 786 Καὶ
597 732 952 804 ψευσαμένων
1001 733 1058 787 δέ
1097 750 1229 786 ποτε
1259 733 1366 786 τῶν
1398 732 1710 804 Ἀρειανῶν,
1740 733 1816 797 ὡς

251 825 472 888 εκείνοις
498 824 565 878 τὰ
588 825 728 878 αὐτὰ
748 825 1085 896 φρονοῦντος,
1109 825 1406 895 ἠγανάκτει
1431 825 1522 877 καὶ
1553 822 1817 895 ἐθυμοῦτο

251 917 367 970 κατ’
399 917 642 970 ἐκείνων.
691 912 822 969 Εἶτα
861 916 1234 988 παρακληθεὶς
1272 916 1424 988 παρά
1461 934 1521 969 τε
1555 916 1664 968 τῶν
1694 918 1815 968 ἐπι-

250 1008 468 1061 σκόπων
497 1007 592 1060 καὶ
619 1007 727 1060 τῶν
751 1007 993 1074 ἀδελφῶν
1024 1008 1262 1070 πάντων,
1292 1007 1557 1078 κατῆλθεν
1587 1007 1695 1060 ἀπὸ
1721 1007 1814 1060 τοῦ

251 1114 432 1170 ορους·
484 1099 580 1152 καὶ
625 1095 879 1150 εἰσελθὼν
933 1099 1012 1160 εἰς
1061 1097 1161 1167 τὴν
1213 1096 1638 1168 Ἀλεξάνδρειαν,
1691 1098 1818 1160 τοὺς

258 1189 568 1262 Ἀρειανοὺς
595 1187 937 1260 ἀπεκήρυξεν
967 1187 1076 1259 (46)
1099 1205 1111 1216 ο
1136 1187 1348 1260 αἵρεσιν
1381 1188 1614 1258 ἐσχάτην
1640 1186 1816 1256 λέγων

251 1277 382 1332 εἶναι
413 1278 650 1351 ταύτην,
681 1278 774 1332 καὶ
817 1278 1118 1351 πρόδρομον
1146 1277 1240 1332 τοῦ
1283 1279 1649 1350 Ἀντιχρίστου
1681 1279 1812 1350 (47).

256 1368 534 1422 Ἑδίδασκέ
565 1386 625 1421 τε
658 1368 748 1422 τὸν
774 1368 902 1422 λαὸν
940 1368 1014 1440 μὴ
1040 1364 1178 1422 εἶναι
1212 1369 1417 1440 κτίσμα
1449 1369 1539 1422 τὸν
1566 1368 1815 1424 Υξὺν.τοῦ

250 1459 402 1526 Θεοῦ,
437 1458 569 1532 μηδὲ
596 1459 654 1526 ἐξ
674 1459 783 1531 ,οὐκ
814 1459 981 1512 ὄντων
1006 1459 1368 1532 γεγενῆσθαι·
1398 1459 1514 1514 ἀλλ’
1538 1461 1618 1514 ὅτι
1647 1459 1818 1522 ἀΐδιος

249 1562 363 1602 εστι
393 1551 490 1620 τῆς
526 1547 620 1602 τοῦ
652 1550 864 1620 Πατρδς
899 1550 1085 1614 οὐσίας
1119 1551 1288 1620 Λόγος
1331 1552 1426 1605 καὶ
1460 1552 1647 1621 Σοφία.
1682 1551 1760 1605 Δι’
1789 1551 1818 1604 ὃ

248 1640 343 1693 καὶ
373 1638 568 1702 ἀσεϐές
592 1638 707 1690 ἐστι
737 1637 914 1706 λέγειν
932 1654 946 1668 °
969 1634 1076 1691 Ἦν
1103 1641 1192 1692 ὅτε
1223 1641 1322 1693 οὐκ
1345 1636 1412 1712 ἦν
1444 1641 1552 1710 (48)
1573 1658 1586 1671 ·
1616 1637 1682 1713 ἦν
1710 1641 1818 1711 γὰρ

249 1730 332 1782 isi
358 1731 387 1782 ὁ
417 1729 586 1798 Λόγος
620 1730 978 1800 συνυπάρχων
1009 1728 1088 1800 τῷ
1113 1730 1286 1802 Πατρί
1304 1749 1318 1762 ·
1353 1731 1474 1784 ὅθεν
1507 1731 1641 1803 μηδὲ
1690 1733 1819 1803 μίαν

1917 548 2036 586 rum
2067 532 2372 600 impietate,
2403 547 2470 586 ex
2501 540 2685 586 monte
2712 530 2911 600 repulit
2931 570 2948 594 ,
2978 530 3134 586 aiens
3163 539 3478 600 serpentum

1914 636 2123 676 veneno
2149 621 2362 691 pejores
2384 636 2573 676 eorum
2603 635 2723 676 esse
2753 635 3058 676 sermones.

1987 711 2077 767 69.
2117 711 2254 767 Cum
2293 714 2589 782 aliquando
2623 711 2838 766 mentiti
2872 711 3062 765 Ariani
3110 710 3355 766 dicerent
3391 725 3484 766 se-

1918 817 2044 858 cum
2074 804 2275 858 sentire
2297 803 2615 867 Antonium,
2648 816 2764 856 rem
2789 799 3010 870 indigne
3039 801 3182 863 tulit,
3217 801 3482 871 graviter-

1917 910 2024 966 que
2068 895 2134 950 iis
2189 894 2562 950 succensebat.
2596 892 2951 948 Hortautibus
2991 892 3186 948 deinde
3215 891 3484 962 episcopis

1917 997 1974 1042 et
2010 987 2271 1043 fratribus
2301 987 2556 1042 omnibus
2581 1027 2596 1050 ,
2637 987 2918 1042 descendit
2961 985 3027 1040 de
3067 992 3286 1049 monte,
3323 993 3487 1054 atque

1920 1077 2205 1147 ingressus
2237 1077 2659 1141 Alexandriam,
2705 1077 2938 1132 Arianos
2983 1076 3487 1146 publicosermoue

1917 1170 2342 1225 condemnavit:
2374 1171 2523 1224 aiens
2555 1177 2882 1239 postremam
2927 1169 3169 1223 omnium
3210 1181 3330 1222 esse
3363 1181 3485 1221 eam

1919 1263 2170 1319 haeresim
2221 1272 2274 1318 et
2317 1263 2636 1332 Antichristi
2689 1261 3066 1332 prodromum.
3140 1259 3489 1329 Docebatque

1916 1354 2209 1424 populum,
2261 1351 2457 1407 Filium
2489 1328 2591 1407 Dei
2617 1368 2728 1407 nou
2776 1367 2898 1408 esse
2943 1362 3286 1416 creaturam,
3311 1364 3489 1418 neque

1919 1462 1986 1500 ex
2011 1461 2120 1500 non
2142 1445 2488 1500 exstantibus
2519 1442 2722 1498 factum
2753 1458 2909 1510 esse;
2943 1442 3036 1496 sed
3068 1449 3333 1496 aeternum
3367 1452 3491 1495 esse

1917 1536 2099 1592 Patris
2152 1537 2476 1592 substantiae
2529 1533 2769 1590 Verbum
2816 1541 2872 1588 et
2918 1532 3274 1603 Sapientiam.
3335 1529 3492 1586 Unde

1921 1627 2148 1697 impium
2211 1635 2297 1682 est
2351 1627 2572 1680 dicere:
2623 1624 2754 1678 Erat
2807 1639 2931 1679 cum
2981 1639 3091 1680 non
3145 1629 3309 1678 esset.
3361 1620 3494 1675 Erat

1919 1719 2121 1789 quippe
2159 1731 2373 1786 semper
2400 1715 2639 1770 Verbum
2679 1730 2787 1768 una
2826 1729 2950 1769 cum
2981 1713 3142 1769 Patre
3169 1713 3440 1768 exsistens
3473 1730 3488 1766 :

248 1835 396 1893 εχετε
427 1820 707 1874 κοινωνίαν
737 1820 875 1892 πρὸς
903 1822 1030 1886 τοὺς
1058 1801 1450 1886 ἀσεϐεστάτους
1472 1801 1780 1894 ’Ᾱρειανοῦς
1800 1840 1813 1854 ·

1927 1825 2090 1880 quare
2148 1809 2355 1863 nullam
2422 1823 2546 1862 cum
2614 1807 2953 1878 impiissimis
3021 1807 3241 1861 Arianis
3299 1805 3494 1860 habete

247 1911 504 1982 Οὐδεμία
531 1913 641 1981 γὰρ
670 1912 948 1965 κοινωνία
983 1911 1130 1982 φωτὶ
1168 1913 1318 1980 πρὸς
1345 1913 1585 1979 σκότος.
1627 1914 1817 1985 Ὑμεῖς

247 2003 349 2074 μὲν
393 2003 502 2074 γὰρ
539 2001 888 2067 εὐσεόοῦντες
921 2003 1234 2073 Χριστιανοι
1284 2005 1436 2057 ἐστε·
1485 2005 1680 2059 ἐκεῖνοι
1725 2005 1813 2068 δὲ,

247 2093 452 2164 κτίσμα
492 2091 740 2162 λέγοντες
781 2094 872 2147 τὸν
916 2095 981 2151 ὲκ
1012 2092 1105 2147 τοῦ
1152 2093 1367 2164 Πατρὺς
1397 2093 1524 2148 Υίὸν
1552 2094 1646 2148 τοῦ
1681 2096 1813 2149 Θεοῦ

247 2186 341 2238 καὶ
379 2185 577 2255 Λόγον,
611 2185 762 2238 οὐδὲν
794 2183 1142 2256 διαφέρουσιν
1177 2183 1405 2239 ἐθνικῶν
1424 2226 1439 2251 ,
1468 2187 1818 2259 λατρεύοντες

254 2277 313 2347 τῇ
343 2274 518 2328 κτίσει
552 2272 703 2345 παρὰ
739 2273 831 2328 τὸν
868 2275 1130 2329 κτίσαντα
1159 2273 1312 2329 Θεόν.
1347 2275 1683 2329 Πιστεύσατε
1725 2276 1816 2339 δὲ,

244 2365 328 2420 ὅτι
360 2367 454 2418 καὶ
486 2365 623 2437 αὐτὴ
653 2367 686 2437 ἡ
717 2365 896 2429 κτίσις
926 2365 1076 2420 πᾶσα
1117 2365 1416 2435 ἀγανακτεῖ
1451 2369 1571 2420 κατ’
1606 2367 1782 2421 αὐτῶν
1801 2383 1816 2397 ο

245 2457 330 2511 δτι
361 2456 452 2510 τδν
483 2456 707 2527 κτίστην
757 2457 852 2511 καὶ
891 2457 1094 2530 Κύριον
1143 2457 1238 2512 τοῦ
1283 2458 1522 2524 παντὸς,
1563 2459 1622 2511 ὲν
1667 2451 1712 2526 ᾧ
1753 2457 1822 2512 τὰ

248 2549 428 2603 πάντα
459 2548 652 2617 γέγονε
675 2591 690 2614 ,
734 2549 922 2603 τοῦτον
952 2552 1064 2614 τοῖς
1105 2553 1348 2621 γενητοῖς
1380 2549 1817 2630 συναριθμοῦσιν.

322 2723 410 2780 70.
469 2723 534 2777 Οἱ
582 2723 684 2795 μὲν
733 2718 826 2778 οῦν
870 2723 989 2778 λαοὶ
1034 2725 1234 2790 πάντες
1276 2726 1494 2799 ἔχαιρον
1539 2729 1824 2796 ἀκούοντες

251 2817 404 2889 παρὰ
451 2815 548 2870 τοῦ
603 2816 846 2872 τοιούτου
905 2818 1094 2892 ἀνδρὸς
1135 2820 1669 2894 άναθεματιζομένην
1729 2823 1825 2895 τὴν

1921 1901 2361 1956 communionem
2391 1917 2405 1954 :
2439 1898 2606 1952 Nulla
2647 1900 2787 1954 enim
2829 1897 3239 1952 communicatio
3283 1896 3391 1949 luci
3423 1897 3492 1948 ad

1924 1992 2161 2047 tenebras
2181 1993 2245 2046 ".
2293 1989 2404 2047 Vos
2460 1992 2662 2062 quippe
2717 1991 2806 2061 pie
2853 1991 3150 2046 sentientes
3192 1987 3492 2044 Christiani

1923 2084 2056 2139 estis
2084 2099 2100 2135 :
2135 2084 2211 2138 illi
2244 2092 2426 2138 autem
2459 2099 2582 2138 cum
2615 2084 2800 2139 dicant
2840 2097 2964 2138 eum
2994 2081 3087 2152 qui
3127 2096 3193 2136 ex
3224 2079 3385 2135 Patre
3413 2088 3498 2134 est

1925 2174 2122 2230 Filium
2157 2174 2250 2229 Dei
2286 2185 2340 2230 et
2365 2173 2626 2241 Verbum,
2653 2189 2776 2230 esse
2807 2180 3140 2240 creaturam,
3176 2173 3314 2228 nihil
3343 2171 3498 2228 dim--

1926 2274 2055 2321 runt
2109 2266 2178 2321 ab
2236 2265 2490 2331 ethnicis,
2526 2266 2618 2336 qui
2675 2274 2942 2321 creaturas
3010 2267 3257 2322 serviunt
3317 2265 3498 2334 potius

1926 2375 2092 2430 quam
2142 2359 2390 2414 Creatori
2448 2358 2639 2414 Deo“.
2687 2357 2904 2414 Credite
2947 2365 3134 2414 autem
3184 2365 3495 2412 creaturam

1925 2452 2094 2523 678
2118 2466 2340 2507 omnem
2374 2452 2636 2508 adversus
2664 2465 2761 2506 eos
2793 2449 3108 2521 indignari:
3142 2450 3289 2520 quod
3331 2449 3501 2504 Crea-

1929 2553 2102 2599 torem
2137 2544 2542 2615 Dominumque
2571 2543 2846 2610 universi,
2889 2543 2944 2597 in
2997 2557 3108 2613 quo
3133 2542 3321 2597 omnia
3353 2541 3501 2596 facta

1924 2646 2095 2702 sunt,
2131 2638 2300 2705 hunc,
2333 2638 2582 2707 inquam,
2611 2636 2768 2693 factis
2797 2635 2960 2690 rebus
2991 2643 3374 2690 annumerent.

2004 2726 2091 2782 70.
2146 2727 2452 2791 L‘aztabatur
2497 2742 2664 2797 porro
2709 2726 2944 2797 populus
2974 2724 3178 2789 omnis,
3207 2723 3439 2779 audiens
3471 2738 3502 2778 a

1929 2832 2086 2878 tanto
2116 2823 2236 2877 viro
2261 2823 2609 2878 anathemate
2635 2822 2950 2877 damnatam
2977 2818 3199 2875 Christo
3226 2817 3502 2873 inimicam

249 2911 620 2982 χριστομάχον
652 2910 892 2982 αἵρεσινο
933 2913 982 2964 οί
1011 2912 1069 2965 δὲ
1097 2913 1197 2984 τῆς
1228 2913 1435 2977 πόλεως
1475 2915 1675 2977 πάντες
1705 2932 1816 2968 συν-

1933 2915 2205 2979 heresim,
2246 2914 2499 2984 civesque
2521 2929 2710 2968 omnes
2740 2911 2959 2970 videndi
2989 2910 3210 2968 Antonii
3234 2909 3506 2966 desiderio

253 3005 476 3075 ἔτρεχον
515 3003 643 3057 ἰδεῖν
697 3003 790 3058 τὸν
825 3004 1124 3060 Ἀντώνιον,
1162 3007 1421 3078 ’Ἔλληνές
1453 3025 1514 3062 τε
1550 3011 1644 3064 καὶ
1675 3011 1816 3064 αὐτο)

1934 3007 2312 3062 accurrebant.
2348 3005 2588 3061 Gentiles
2612 3005 2754 3074 ipsi,
2789 3005 2900 3060 imo
2933 3019 3125 3060 eorum
3159 3003 3505 3063 sacerdotes.

249 3094 303 3147 oi
335 3093 617 3164 λεγόμενοι
649 3094 828 3148 αὐτῶν
863 3097 1052 3167 ἱερεῖς,
1093 3099 1172 3161 εἰς
1201 3097 1264 3151 τὸ
1289 3100 1564 3170 Κυριακὺν
1603 3101 1816 3172 ἧρχοντι

1938 3107 1996 3152 ιιι
2044 3106 2276 3162 vocant,
2319 3099 2386 3152 ad
2443 3097 2785 3152 Dominicum
2840 3096 3194 3160 accedentes,
3238 3095 3502 3150 aiebant:

253 3159 540 3251 λέγοντες·
585 3183 867 3253 ’Δξιοῦμεν
915 3159 1042 3239 ίδεῖν
1081 3159 1176 3238 τὸν
1213 3185 1307 3238 τοῦ
1345 3159 1482 3240 θεοῦ
1513 3159 1816 3257 Meo-(onor

1937 3191 2214 3263 Rogamus
2261 3159 2327 3245 ut
2369 3190 2647 3246 hominem
2702 3189 2798 3244 Dei
2861 3190 3046 3244 videre
3098 3188 3258 3243 nobis
3301 3187 3506 3244 liccat:

253 3275 458 3338 πάντες
503 3274 612 3347 γάρ
651 3275 812 3328 αὐτὸν
857 3274 1029 3339 οὕτως
1075 3276 1321 3332 ἐκάλουν.
1365 3278 1476 3331 Καὶ
1523 3278 1631 3350 γὰρ
1671 3281 1816 3333 κάκεῖ

1935 3299 2127 3339 omnes
2158 3283 2360 3353 quippe
2393 3282 2469 3337 ita
2498 3297 2623 3336 eum
2649 3281 3012 3352 appellabant.
3036 3278 3114 3334 Ea
3141 3279 3269 3334 item
3293 3279 3348 3333 in
3375 3279 3511 3333 urbe

252 3369 486 3432 πολλοὺς
524 3368 589 3422 δι’
623 3370 787 3422 αὐτοῦ
821 3369 1143 3440 ἐκαθάρισεν
1192 3371 1221 3422 ὁ
1264 3367 1466 3441 Κύριος
1498 3371 1608 3423 ἀπὸ
1632 3371 1816 3441 δαιμό-

1934 3375 2135 3430 multos
2168 3373 2288 3443 ejus
2320 3388 2488 3443 opera
2522 3372 2806 3428 mundavit
2852 3371 3119 3426 Dominus
3160 3385 3192 3424 a
3242 3369 3508 3424 damonio

253 3475 363 3510 νων
384 3500 400 3522 ,
429 3458 524 3511 καὶ
554 3457 850 3527 βλαϐέντας
882 3458 981 3530 τὴν
1026 3459 1262 3513 διάνοιαν
1301 3461 1508 3514 ἰάσατο.
1542 3459 1732 3513 Πολλοὶ
1770 3460 1816 3514 δὲ

1934 3467 2081 3520 bus:
2111 3465 2249 3520 alios
2284 3474 2463 3520 mente
2504 3472 2694 3534 captos
2741 3463 3012 3518 liberavit.
3064 3461 3220 3516 Multi
3275 3461 3401 3516 item
3442 3477 3510 3516 ex

255 3549 352 3601 καὶ
375 3548 635 3617 Ἕλληνες
663 3549 848 3620 ἠξίουν
876 3551 981 3604 κᾶν
1023 3551 1182 3621 μόνον
1216 3551 1484 3605 ἅπτεσθαι
1523 3553 1618 3605 τοῦ
1640 3552 1816 3625 γέρον-

1942 3556 2238 3626 gentilibus
2267 3557 2533 3626 rogabant
2563 3565 2624 3611 ut
2648 3556 2841 3612 saltem
2890 3562 3116 3624 possent
3156 3568 3341 3609 senem
3377 3567 3514 3608 con-

254 3657 367 3706 τος,
398 3642 741 3706 πιςτεῦοντες
769 3641 1112 3712 ὠφελεῖσθαι.
1151 3643 1366 3715 Ἀμέλει
1394 3645 1637 3699 τοσοῦτοι
1670 3646 1816 3715 γεγό-

1941 3647 2171 3719 tingere,
2207 3648 2260 3703 id
2289 3647 2392 3704 sibi
2427 3646 2774 3718 proluturum
2800 3645 3105 3703 credentes.
3131 3643 3210 3699 Ex
3236 3644 3343 3700 illis
3369 3654 3514 3699 certe

1591 3759 1849 3816 VERSIO
1889 3759 2194 3817 EVAGBII.

256 3857 388 3922 post
412 3849 866 3906 examinationem
896 3850 1271 3908 inﬁdelissima
1313 3860 1481 3919 secta,
1515 3853 1770 3924 ell‘ugavit
1814 3869 1912 3910 eos
1938 3854 2006 3910 de
2035 3863 2242 3920 monte,
2263 3853 2476 3917 dicens.
2512 3853 2686 3909 multo
2715 3849 3060 3924 serpentibus
3085 3847 3384 3905 deteriores
3410 3847 3512 3902 ho-

257 3937 381 3976 rum
410 3935 533 3976 esse
560 3936 860 3976 sermones.

257 3937 381 3976 rum
410 3936 533 3976 esse
560 3936 860 3978 sermones.

329 3990 421 4045 69.
460 3989 842 4046 Mentientibus
869 3998 1049 4045 autem
1083 3987 1302 4043 Arianis
1329 3987 1624 4058 aliquando
1673 3989 1970 4044 Antonium
2007 3990 2077 4044 ita
2139 3998 2200 4046 ut
2257 4006 2316 4047 se
2367 3994 2607 4055 credere,
2642 3990 2942 4046 admiratus
2966 4003 3159 4043 eorum
3188 3987 3513 4053 audaciam,

253 4072 312 4117 et
330 4061 465 4131 justi
491 4060 696 4131 doloris
727 4061 808 4116 ira
831 4067 1158 4131 commotus,
1186 4066 1517 4128 rogatusque
1542 4058 1909 4131 abepiscopis
1942 4070 2106 4128 atque
2139 4062 2412 4116 universis
2446 4062 2729 4122 fratribus,
2759 4059 3147 4113 Alexandriam
3178 4058 3508 4131 descendit:
3598 4098 3604 4105 .

259 4127 446 4202 ibique
493 4130 868 4202 Ariomanitas
908 4129 1128 4202 publico
1161 4127 1416 4202 sermone
1455 4127 2170 4202 condemnavi_t,ultima_m
2205 4131 2346 4186 hanc
2378 4146 2503 4187 esse
2535 4133 2793 4202 haeresim
2821 4138 2876 4184 et
2906 4143 3304 4202 praecursorem
3335 4127 3516 4202 _Auti-

253 4196 451 4258 christi
476 4198 773 4271 afﬁrmans,
807 4196 1226 4271 prmilicavitque
1273 4198 1326 4271 in
1363 4199 1563 4268 populo
1591 4197 1786 4252 Filium
1813 4199 1930 4261 Dei,
1961 4216 2070 4254 non
2099 4200 2392 4266 facturam,
2429 4218 2537 4257 nou
2564 4217 2631 4255 ex
2667 4199 2831 4255 nullis
2855 4196 3223 4271 exstantibus,
3257 4196 3348 4271 sed
3384 4212 3514 4265 pro-

255 4273 482 4344 prium.
516 4270 686 4344 unius
706 4265 830 4326 cum
857 4270 1018 4325 Patre
1050 4265 1376 4344 substantia“
1397 4286 1415 4322 :
1438 4265 1520 4324 'ne
1550 4278 1796 4344 creatura
1831 4271 2014 4339 potius
2033 4310 2048 4331 .
2107 4272 2471 4344 aut_adoptio_
2487 4269 2905 4344 aut_appe_llat_io
2934 4270 3232 4344 videretur.
3279 4265 3513 4344 lmpth

254 4335 380 4397 csse
399 4341 586 4396 dicens
609 4341 693 4395 vel
721 4350 901 4396 mente
927 4338 1212 4408 concipere
1239 4355 1252 4391 :
1283 4337 1416 4392 Erat
1441 4338 1659 4410 quando
1691 4355 1797 4394 non
1833 4335 1952 4394 erat
1981 4359 1995 4394 :
2032 4357 2154 4396 cum
2180 4335 2416 4397 Verbum
2443 4341 2538 4396 Dei
2569 4335 2714 4395 Deus
2743 4340 2876 4410 (49),
2904 4337 3005 4410 qui
3032 4347 3117 4392 est
3141 4351 3379 4410 semper,
3407 4335 3514 4410 Pa-

255 4413 332 4467 tri
365 4413 436 4466 sit
453 4419 792 4472 coaeternus,
819 4411 951 4480 quia
978 4425 1047 4464 ex
1076 4401 1146 4480 eo
1170 4416 1339 4480 natus
1355 4416 1439 4480 est
1461 4401 1642 4480 Patre.
1670 4411 1762 4478 qui
1784 4425 2006 4480 semper
2048 4419 2150 4465 est.
2195 4411 2350 4467 Unde
2391 4412 2574 4467 aiebat
2602 4427 2616 4462 :
2649 4401 2786 4464 Cum
2821 4401 3040 4463 Arianis
3062 4407 3224 4480 vobis
3259 4401 3406 4480 nulla
3444 4409 3518 4480 sit

520 4481 572 4516 in
603 4498 616 4511 ο
649 4481 783 4516 ρων
811 4476 947 4516 ηξθὸση
982 4478 1200 4516 ant-iolla
1232 4476 1339 4516 Iuni
1369 4478 1438 4516 ad
1475 4476 1709 4516 funal-ra;
1731 4480 1752 4514 9
1784 4477 1890 4516 Vn:
1912 4476 2150 4516 -ﬂl‘.\li'ﬂ’
2181 4483 2463 4516 nraﬂnnlnc
2514 4479 2814 4516 Ωιι-»ἱαίίαηί
2843 4479 2979 4516 Aelia
3012 4494 3025 4507 ο
3059 4478 3135 4516 illi
3174 4476 3408 4516 Vnrlnnn
3460 4476 3470 4516 ἰ

253 4481 572 4536 con'unctio
602 4498 616 4535 :
649 4481 783 4546 Qua:
811 4476 950 4534 enim
979 4478 1200 4532 societas
1232 4476 1340 4530 luci
1369 4478 1438 4531 ad
1474 4476 1752 4532 tenebras?
1784 4477 1816 4531 V

251 4561 343 4607 est
362 4499 591 4615 hlium,
625 4552 719 4619 qui
747 4567 813 4606 ex
841 4549 952 4605 Deo
971 4548 1138 4621 Patre
1168 4555 1274 4621 est,
1298 4556 1606 4621 creaturam
1633 4549 1812 4621 dicent

1927 4480 2150 4535 lideliter
2181 4483 2488 4546 credentes,
2514 4479 2816 4536 Christiani
2843 4479 2980 4533 estis
3011 4494 3026 4529 :
3059 4478 3138 4532 illi
3174 4476 3432 4540 Verbum,
3460 4476 3513 4530 id

1936 4549 2086 4606 nullo
2113 4550 2399 4606 intervallo
2426 4567 2455 4606 a
2487 4551 2740 4621 gentibus
2770 4557 3118 4621 separantur,
3143 4548 3518 4621 quiserviuut

249 4631 522 4676 creatura:
553 4617 734 4689 potius
761 4636 925 4690 quam
956 4618 1224 4690 Creatori,
1264 4617 1360 4686 qui
1393 4627 1477 4673 est
1509 4619 1824 4690 benedictus
1870 4619 1925 4673 in
1962 4621 2182 4690 saecula.
2213 4623 2336 4690 lpsa
2357 4662 2373 4686 ,
2407 4617 2543 4674 mihi
2569 4620 2806 4682 credite,
2835 4617 3185 4690 irascuntur
3207 4618 3477 4690 elementa
3499 4657 3515 4681 ,

255 4702 314 4745 et
339 4692 516 4745 omnis
543 4686 734 4744 contra
761 4686 1024 4761 Arianum
1055 4687 1293 4761 furorem
1314 4728 1329 4752 ,
1361 4687 1659 4761 secundum
1687 4687 2171 4761 Apostolidictum
2193 4731 2209 4755 ,
2241 4686 2556 4761 ingemiscit
2586 4699 2860 4754 creatura,
2895 4689 3042 4758 quod
3084 4688 3190 4744 sibi
3220 4686 3514 4741 Dominum

253 4777 444 4824 suun),
465 4775 566 4830 per
594 4775 756 4827 quem
783 4760 970 4813 omnia
1002 4766 1058 4830 et
1088 4757 1142 4810 in
1158 4771 1284 4830 ‘quo
1312 4758 1495 4830 omnia
1524 4755 1666 4812 facta
1692 4755 1839 4822 sunt,
1862 4759 2043 4814 videat
2071 4755 2377 4830 aggregari.

331 4777 444 4824 um,
507 4776 566 4814 er
594 4775 756 4827 quem
783 4775 970 4813 omnia
1002 4775 1058 4812 et
1088 4775 1142 4810 ιιι
1175 4775 1284 4826 quo
1312 4775 1495 4812 omnia
1524 4775 1666 4812 tacta
1692 4775 1839 4822 sunt,
1862 4775 2043 4814 vtueat
2071 4775 2234 4830 aggre
2275 4777 2377 4814 art.

331 4831 418 4908 70.
460 4775 584 4908 ἕως
607 4831 741 4908 tanti
767 4825 1247 4908 viri__prgdicatio,.
1262 4827 1493 4908 exprimi
1531 4843 1636 4908 non
1670 4835 1868 4908 potest,
1900 4839 2164 4908 quantum
2194 4777 2477 4908 ξιξ-βᾶσαι.
2497 4829 2726 4908 populos
2757 4827 3122 4908 roboraverit.
3165 4824 3517 4908 Laetabantur

252 4902 461 4971 quippe
483 4900 733 4971 hostilem
767 4910 822 4954 et
843 4894 2138 4971 Christo_inimicamlmresim:anathematizari
2171 4901 2242 4955 ab
2271 4894 2531 4956 Ecclesia:
2553 4894 2842 4955 columna.
2860 4894 3019 4971 Nulla
3046 4907 3179 4952 tunc
3207 4907 3358 4971 astas,
3391 4899 3516 4971 uul-

253 4963 540 5026 lits's'eaus
567 4969 714 5024 domi
745 4969 1024 5041 remansit.
1054 4965 1234 5041 Taceo
1273 4967 1340 5021 de
1366 4965 1716 5041 Christianis.
1769 4967 1969 5041 Pagani
2001 4986 2241 5041 quoque,
2270 4978 2336 5025 et
2356 4971 2461 5040 ipsi
2496 4971 2768 5026 idolorum
2791 4969 3131 5041 sacerdotes.
3159 4967 3227 5021 ad
3267 4963 3516 5020 Domini-

251 5055 384 5094 cum
420 5041 782 5110 convolabant
822 5039 1104 5094 dicentes:
1135 5035 1433 5110 Precamur
1460 5046 1520 5110 ut
1547 5037 1833 5110 videamus
1852 5035 2148 5094 'homi'ueni
2183 5035 2278 5095 Dei
2314 5059 2326 5093 :
2361 5035 2492 5110 quia
2521 5041 2626 5095 hoc
2661 5039 2804 5108 apud
2838 5041 3128 5094 universos
3158 5044 3281 5090 erat
3311 5050 3514 5110 nomen

251 5111 514 5164 Antonio.
550 5109 876 5164 Ambiebant
895 5122 1120 5178 quoque
1162 5107 1354 5162 saltem
1403 5105 1675 5162 ﬁmbriam
1702 5109 2011 5164 vestimenti
2043 5111 2164 5180 ejus
2193 5105 2478 5182 attingere,
2510 5105 2747 5166 multum
2794 5111 2898 5165 sibi
2934 5115 2990 5163 et
3015 5115 3220 5162 tactum
3253 5105 3517 5176 prodesse

329 5229 372 5260 η
410 5226 452 5281 ll
480 5225 606 5282 Cor.
640 5242 713 5294 vr,
744 5225 832 5280 14.
911 5225 955 5257 ¹⁸
995 5223 1154 5281 Rom.
1180 5239 1220 5287 ι,
1248 5222 1340 5278 25.

327 5325 440 5394 (i6)
479 5324 705 5378 Gestum
738 5324 843 5379 hoc
882 5337 968 5378 est
1009 5322 1079 5377 ab
1105 5335 1250 5376 anno
1283 5319 1388 5374 526
1423 5317 1493 5374 ad
1522 5317 1647 5373 5'55.
1693 5315 1829 5373 Vide
1933 5314 2487 5394 ApudAtbanasium
2519 5315 2957 5394 _vero,_quotie_s
3010 5314 3337 5394 Antichristi
3370 5328 3520 5394 pro-

251 5397 309 5453 in
335 5385 474 5448 ’νίὶι
508 5394 811 5449 Athanasii.
1935 5385 2114 5442 dromi
2150 5400 2409 5444 vocentur
2437 5390 2663 5455 Ariani,
2717 5385 2773 5442 in
2825 5388 3010 5442 Indice
3058 5385 3298 5458 generali
3333 5387 3519 5441 videro

325 5465 442 5536 (47)
479 5463 826 5536 Colbcrtinus
866 5461 1178 5536 secundus.
1216 5459 1822 5536 ἀντικειμένου;“Αιειί-
1933 5469 2035 5536 est.

248 5521 439 5590 ειιὲιιιὲ
480 5534 823 5606 προδρόμους
878 5521 1174 5606 hereticos
1210 5521 1553 5606 _v_ocam'ss.
1587 5527 1690 5582 pp.
1729 5529 1816 5606 Sic

2142 5533 2360 5606 Regius
2387 5532 2641 5606 l,_solus,
2668 5523 2738 5602 ἦν
2775 5545 2927 5606 gate,
2961 5528 3048 5582 ὅτε
3069 5528 3182 5606 οὐκ

251 5552 439 5590 curtus
480 5552 524 5588 π
561 5552 618 5588 οο
688 5552 823 5606 μους
878 5552 1166 5589 ηωτθιιοοδ
1225 5552 1421 5586 vocant
1455 5552 1553 5585 DD.
1587 5552 1690 5582 ιγ.
1729 5552 1821 5584 DIC
2153 5552 2360 5605 negtus
2387 5552 2440 5596 Ι,
2468 5552 2641 5598 501115,
2668 5552 2738 5602 ην
2775 5552 2927 5594 ποτε,
2961 5552 3048 5582 οτι
3081 5552 3182 5582 ουκ
3210 5552 3299 5599 ην.

251 5607 497 5686 irenatus
515 5552 592 5659 δε
614 5552 902 5686 magicis,
928 5604 1022 5657 lib.
1056 5617 1097 5685 l_.
1126 5617 1178 5685 ρ.
1203 5601 1370 5683 68,_et
1400 5610 1491 5686 sat-
1512 5603 1817 5686 cor-numnis
1997 5602 2286 5686 (‘9)’Mtllti
2339 5604 2577 5686 codices,
2630 5617 2750 5656 cum
2777 5597 3006 5655 Verbum
3057 5597 3218 5655 Deus.
3245 5599 3429 5654 Germ.
3455 5596 3511 5662 9.,

253 5677 361 5730 luit
389 5677 739 5745 antiquorum
761 5675 986 5745 Patrum
1004 5671 1320 5745 opin’io,qui
1347 5672 1608 5745 putabant
1623 5671 1814 5739 judicii
1923 5688 2042 5727 cum
2089 5671 2313 5730 Verbum
2345 5673 2458 5728 Dei.
3156 5692 3168 5707 ι

253 5748 400 5802 diem
425 5739 729 5802 imminere.
750 5744 843 5801 Sic
866 5747 994 5802 item
1017 5739 1322 5816 Cyprianus
1341 5739 1405 5794 ad
1432 5739 1810 5794 Fortunatum.

253 4497 361 4536 COD
