3824 6224
324 288 428 346 945

921 289 977 344 S.
1016 275 1391 343 ATHANASII
1431 290 1582 346 OPP.
1626 289 1810 344 PARS
1847 289 1886 344 Ι.
1931 320 1998 330 --
2035 289 2406 348 HISTORICA
2450 292 2536 350 ΕΤ
2571 292 2994 349 DOGMATICA.

3463 292 3580 350 9M

321 415 421 474 tot,
447 405 637 477 paucis
665 405 784 461 istis
813 405 1026 471 diebus,
1043 407 1342 464 Christiani
1370 407 1546 462 eti'ecti
1581 416 1730 470 sunt,
1755 415 1889 477 quot

2006 425 2112 460 φασι
2154 409 2472 480 Χριστιανοὶ
2515 411 2572 462 ἐν
2612 413 2731 473 ταῖς
2773 410 2984 476 ὀλίγαις
3024 406 3258 478 ἡμέραις
3303 407 3546 473 ἐκείναις
3571 445 3587 465 ο

321 497 458 552 alias
482 511 578 567 per
609 511 812 550 annum
845 496 948 550 visi
977 494 1204 552 fuerint.
1239 496 1446 552 Exinde
1474 513 1598 552 cum
1637 498 1888 552 nonnulli

322 591 426 645 rati
457 606 581 645 eum
623 598 773 645 tanta
804 589 1154 647 militudine
1183 592 1422 655 turbari,
1472 593 1541 646 ab
1571 591 1664 646 illo
1699 605 1892 646 omnes

319 681 598 752 abigerent
625 680 803 736 :xnihil
837 681 927 736 ille
957 683 1210 737 turbatus
1244 683 1356 748 ait,
1389 697 1734 752 nequaquam
1767 683 1891 752 plu-

322 788 412 828 res
441 772 562 828 illos
609 789 734 830 esse
781 773 884 838 iis,
929 775 1256 844 quibuscum
1307 778 1360 831 in
1406 785 1588 832 monte
1629 784 1894 847 pugnaret

271 922 280 936 ,
320 865 679 921 daemonibus.

391 955 477 1007 7t.
530 953 670 1008 Cum
718 955 1159 1026 proﬁcisceretur
1190 963 1426 1019 autem,
1476 955 1740 1024 illumque
1789 968 1892 1010 nos

321 1044 546 1101 honoris
586 1060 757 1102 causa
803 1047 1228 1111 comitaremur;
1275 1055 1334 1100 ut
1365 1046 1430 1100 ad
1461 1056 1670 1115 portam
1697 1060 1892 1116 perve-

319 1138 526 1200 nimus,
563 1144 710 1192 retro
741 1137 938 1191 mulier
960 1137 1233 1192 clamabat
1265 1154 1278 1190 :
1309 1135 1547 1201 Maneto,
1571 1135 1738 1190 homo
1772 1133 1891 1198 Dei,

319 1229 430 1284 filia
483 1244 604 1283 mea
650 1229 886 1299 graviter
931 1243 962 1282 a
1003 1227 1248 1282 daemone
1296 1237 1525 1296 vexatur
1586 1243 1601 1280 :
1653 1235 1890 1290 maneto,

318 1335 528 1390 quaeso,
552 1335 620 1374 ne
643 1320 776 1374 mihi
797 1334 1016 1389 quoquc
1037 1317 1275 1372 currenti
1302 1318 1370 1372 sit
1401 1318 1726 1387 periculum.
1753 1315 1893 1370 Tum

319 1412 408 1466 bis
438 1427 604 1466 senex
634 1411 856 1475 auditis,
891 1411 1159 1480 nobisque
1180 1410 1526 1480 rogantibus,
1552 1410 1727 1463 libens
1757 1409 1891 1463 sub-

324 1500 588 1557 stitit.-‘Ut
616 1502 1079 1572 appropinquavit
1126 1502 1339 1567 mulier,
1391 1501 1568 1571 puella
1617 1501 1768 1554 humi
1809 1501 1893 1569 ja-

321 1603 466 1649 ctata
491 1602 611 1649 est:
643 1594 882 1648 Antonio
914 1601 1396 1663 autemsprecante,
1427 1602 1590 1661 atque
1612 1592 1892 1644 Christum

320 1687 669 1750 nominante,
704 1685 914 1754 puella,
965 1699 1184 1754 egresso
1218 1685 1446 1753 «impuro
1491 1683 1683 1752 spiritu
1708 1724 1721 1747 ,
1758 1698 1891 1737 sana

1991 497 2146 561 ὅσους
2187 497 2255 552 ἄν
2296 515 2381 562 τις
2423 494 2564 554 εἶδεν
2608 500 2838 570 ἐνιαυτῷ
2879 501 2996 570 (50)
3025 498 3371 569 γενομένους.
3410 496 3546 552 Εἶτα
3571 538 3590 560 ,

1989 587 2150 640 τινῶν
2183 587 2511 659 νομιζόντων
2541 589 2606 642 ἐκ
2653 589 2762 643 τῶν
2789 590 2962 660 ὄχλων
2990 591 3154 643 αὐτὸν
3182 589 3552 660 ταράττεσθαι
3572 632 3590 654 ,

1993 680 2088 733 καὶ
2115 679 2203 732 διὰ
2223 680 2382 734 τοῦτο
2409 681 2831 753 ἀποτρεπόντων
2857 683 2951 735 ἀπ’
2975 681 3140 734 αὐτοῦ
3165 682 3395 748 πάντας,
3417 683 3590 746 αὐτὸς

1989 770 2052 822 οὺ
2101 772 2499 842 ταραττόμενος
2547 772 2736 840 ἔλεγε,
2783 773 2857 843 μὴ
2911 772 3130 837 πλείους
3173 769 3312 826 εἶναι
3358 775 3592 839 τούτους

1991 861 2214 915 ἐκείνων
2236 901 2251 926 ,
2287 863 2402 933 μεθ’
2429 857 2503 916 ὧν
2536 864 2592 917 ἐν
2617 864 2694 935 τῷ
2721 863 2836 934 ὄρει
2871 863 3171 934 παλαίομεν
3203 865 3494 934 δαιμόνων.

2064 952 2152 1005 71.
2181 953 2312 1005 ’Ὀτε
2355 953 2414 1005 δὲ
2460 953 2759 1024 ἀπεδήμει,
2795 954 2888 1006 καὶ
2933 955 3361 1027 προεπέμπομεν
3391 954 3584 1020 αὐτὸν,

1989 1041 2064 1104 ὡς
2098 1041 2414 1112 ἐφθάσαμεν
2439 1045 2519 1105 είς
2549 1041 2645 1112 τὴν
2675 1042 2874 1112 πύλην,
2897 1041 3121 1095 ὄπισθέν
3143 1061 3227 1105 τις
3256 1043 3384 1096 ἐϐόα
3413 1047 3580 1114 γυνή’

1991 1135 2220 1198 Μεῖνον,
2267 1135 2521 1204 ἄνθρωπε
2553 1134 2648 1187 τοῦ
2681 1134 2848 1201 Θεοῦ,
2893 1137 2927 1206 ἡ
2961 1135 3206 1207 θυγάτηρ
3245 1153 3345 1206 μου
3386 1136 3582 1200 δεινῶς

1994 1228 2098 1279 ὑπὸ
2117 1227 2203 1279 δαί
2211 1244 2368 1296 μονος
2395 1226 2688 1296 ἐνοχλεῖται
2704 1244 2717 1256 ·
2741 1230 2943 1296 μεῖνον,
2973 1227 3298 1297 παρακαλῶ,
3319 1226 3394 1298 μὴ
3418 1228 3580 1295 κάγὼ

1991 1318 2318 1371 κινδυνεύσω
2347 1318 2636 1390 τρέχουσα.
2675 1318 2940 1381 Ἀκούσας
2977 1319 3004 1370 ὁ
3035 1319 3212 1390 γέρων
3232 1359 3246 1383 ,
3281 1319 3376 1372 καὶ
3407 1319 3581 1384 ἀξιωο

1993 1410 2102 1472 θεὶς
2139 1411 2267 1480 παρ’
2299 1410 2457 1480 ήμῶν
2483 1452 2498 1475 ,
2552 1411 2721 1463 θέλων
2763 1410 2996 1480 ἔμεινεν.
3050 1410 3137 1473 Ὠς
3181 1410 3240 1462 δὲ
3279 1412 3510 1481 ἤγγισεν
3543 1414 3581 1481 ή

1991 1505 2159 1576 γυνὴ,
2191 1505 2224 1574 ἡ
2260 1505 2356 1574 μὲν
2399 1507 2529 1567 παῖς
2561 1504 2788 1574 ἔρριπτο
2818 1504 3026 1574 χαμαί·
3066 1503 3161 1557 τοῦ
3193 1506 3251 1558 δὲ
3289 1506 3585 1559 Ἀντωνίου

1993 1594 2454 1666 προσευξαμένου,
2475 1596 2682 1648 καὶτὸν
2698 1595 2928 1665 Χριστὸν
2955 1596 3340 1666 ὀνομάσαντος,
3363 1597 3584 1668 ἠγέρθη

1993 1689 2028 1758 ἡ
2056 1691 2182 1750 παῖς
2212 1689 2388 1757 ὑγιὴς,
2419 1688 2724 1754 ἐξελθόντος
2753 1690 2846 1743 τοῦ
2873 1689 3182 1760 ἀκαθάρτου
3207 1688 3486 1759 δαίμονος.
3505 1691 3582 1742 ’Ἦ

320 1777 578 1833 surrexit.
599 1775 748 1831 ITum
777 1785 952 1830 mater
975 1776 1085 1830 Deo
1111 1776 1387 1830 benedixit
1414 1792 1428 1827 :
1459 1777 1754 1845 cunctique
1777 1793 1890 1846 gra-

2006 1795 2050 1832 τε
2086 1780 2266 1849 μήτηρ
2291 1779 2501 1848 εὐλόγει
2529 1781 2618 1833 τὸν
2643 1781 2773 1834 Θεὸν
2793 1821 2808 1846 ,
2836 1783 2929 1835 καὶ
2954 1782 3155 1844 πάντες
3189 1781 3579 1852 ηὐχαρίστουν.

318 1873 423 1923 tias
439 1867 1024 1938 egere.Gaudebatque
1053 1866 1324 1931 ille,~dum
1353 1867 1408 1920 in
1441 1877 1705 1933 montem,
1735 1870 1892 1938 quasi

320 1961 374 2015 in
409 1958 683 2029 propriam
713 1958 815 2014 sibi
843 1958 1454 2028 domum,.remigraret.

341 2084 352 2090 -
386 2052 479 2106 72.
520 2050 814 2107 Prudentia
862 2059 981 2106 erat
1025 2051 1288 2120 singulari
1321 2065 1337 2102 :
1367 2051 1624 2122 quodque
1658 2052 1891 2119 mirum,

319 2144 540 2199 tametsi
571 2143 782 2198 litteras
825 2156 933 2196 non
969 2142 1392 2208 didicerat,»acri
1424 2152 1603 2197 tamen
1632 2152 1686 2197 et
1711 2143 1893 2210 sagaci

317 2247 437 2295 erat
489 2235 727 2305 ingenio.
778 2233 1088 2303 Aliquando
1137 2233 1204 2286 ad
1245 2248 1370 2288 eum
1442 2247 1722 2288 accessere
1784 2233 1894 2288 duo

317 2325 492 2384 Graeci
529 2323 877 2396 philosophi,
908 2322 1011 2376 rati
1048 2337 1107 2377 se
1139 2323 1558 2392 Antoniiposse
1587 2323 1891 2393 periculum

319 2418 542 2474 Facere:
588 2416 683 2487 qui
726 2423 1007 2470 tum.erat
1052 2415 1109 2468 in
1154 2415 1423 2470 exteriore
1473 2426 1678 2469 monte.
1728 2415 1895 2486 679

318 2507 642 2582 Agnitisque
690 2521 756 2560 ex
800 2504 955 2558 vultu
989 2505 1155 2569 viris,
1191 2503 1756 2582 illisque-occurrens,
1798 2520 1894 2573 per

321 2603 675 2671 interpretem
711 2598 825 2652 ait:
858 2591 998 2664 Quid
1031 2601 1240 2650 tantum
1273 2592 1590 2660 suscepistis
1625 2592 1890 2656 laborem,

319 2711 354 2749 ο
384 2691 740 2764 philosophi,
789 2699 847 2744 ut
889 2688 1115 2743 stultum
1157 2684 1436 2740 hominem
1484 2683 1893 2740 conveniretis?

319 2781 796 2854 Respondentibus
845 2779 989 2844 illis,
1041 2791 1386 2848 nequaquam
1434 2775 1659 2831 stultum
1711 2775 1890 2846 ipsum

318 2889 474 2940 esse,
524 2872 620 2928 sed
662 2885 924 2942 perquam
954 2869 1314 2938 prudentem,
1349 2865 1527 2921 dixit:
1559 2865 1616 2922 Si
1663 2867 1889 2921 stultum

320 2961 538 3020 adiistis
564 2961 865 3026 hominem,
893 2959 1026 3012 illud
1061 2967 1208 3013 certe
1231 2955 1380 3009 inani
1399 2955 1604 3010 .labore
1633 2971 1649 3008 :
1685 2957 1770 3011 sin
1803 2972 1891 3012 me

320 3053 643 3127 prudentem
694 3047 1071 3113 arbitramini,
1121 3045 1254 3099 mihi
1287 3053 1460 3099 estote
1494 3043 1732 3111 similes,
1765 3059 1887 3098 ουιιι

318 3160 442 3216 quae
486 3144 630 3198 bona
677 3152 809 3197 sunt
851 3137 1052 3194 imitari
1105 3151 1201 3207 par
1237 3136 1326 3191 sit.
1375 3133 1510 3189 Nam
1541 3136 1602 3190 .si
1645 3151 1744 3206 ego
1793 3151 1892 3192 vos

319 3237 577 3294 adiissem
599 3275 615 3303 ,
641 3247 742 3289 vos
772 3232 1086 3288 imitaturus
1116 3244 1264 3284 eram
1295 3243 1309 3281 :
1344 3243 1466 3284 cum
1495 3237 1673 3283 autem
1709 3227 1776 3283 ad
1806 3243 1892 3284 me

318 3345 419 3386 vos
446 3327 825 3393 accesseritis,
861 3325 968 3380 mei
1004 3323 1210 3380 similes
1243 3320 1554 3377 elﬁciamini
1584 3339 1605 3375 ι
1625 3320 1892 3376 Christia-

318 3438 426 3478 nus
475 3420 675 3492 quippe
723 3434 868 3477 sum.
925 3415 1194 3472 Admirati
1239 3415 1316 3468 illi
1364 3414 1718 3470 abscessere:
1761 3429 1888 3468 nam

1997 1870 2107 1922 Καὶ
2131 1869 2292 1931 αὐτὸς
2321 1869 2378 1922 δὲ
2417 1869 2634 1941 ἔχαιρεν
2659 1872 2977 1942 ἀποδημῶν,
3005 1870 3082 1934 ὡς
3115 1872 3194 1934 είς
3224 1871 3314 1924 τὸν
3339 1870 3471 1924 ίδιον
3500 1867 3583 1923 οἷ-

1995 1977 2110 2022 κον,
2135 1962 2215 2022 είς
2241 1959 2302 2013 τὸ
2333 1959 2476 2030 ὅρος.

2065 2050 2150 2104 72.
2195 2051 2305 2103 Καὶ
2349 2051 2609 2124 φρόνιμος
2649 2052 2706 2105 δὲ
2735 2045 2804 2122 ἦν
2834 2050 2953 2105 λίαν
2973 2069 2986 2084 ο
3026 2052 3121 2106 καὶ
3152 2053 3213 2107 τὸ
3240 2053 3579 2126 θαυμαστὸν,

1994 2141 2076 2195 ὃτι
2096 2181 2110 2205 ,
2149 2143 2452 2213 γράμματα
2484 2145 2559 2216 μὴ
2590 2143 2776 2215 μαθὼν
2800 2185 2815 2209 ,
2854 2143 3106 2215 ἀγχίνους
3133 2141 3200 2216 ἦν
3229 2146 3321 2199 καὶ
3355 2145 3582 2208 συνετὸς

1993 2232 2298 2304 ἄνθρωπος.
2330 2235 2467 2287 Ποτέ
2495 2236 2626 2303 γοῦν
2674 2236 2951 2305 φιλόσοφοι
2983 2235 3076 2288 δύο
3111 2232 3274 2303 ¹ἦλθον
3303 2235 3441 2306 πρὸς
3473 2237 3580 2288 αὑ-

1993 2327 2084 2380 τὸν
2127 2326 2384 2397 Ἕλληνες
2410 2369 2424 2394 ,
2473 2326 2787 2398 νομίζοντες
2833 2327 3091 2381 δύνασθαι
3143 2327 3236 2380 τὸν
3293 2325 3582 2379 ’Λντώνιον

1995 2419 2252 2489 πειρᾶσαι
2273 2432 2288 2447 ⁸
2321 2414 2389 2489 ἦν
2421 2417 2477 2471 δὲ
2504 2419 2562 2471 ἐν
2587 2419 2666 2490 τῷ
2699 2419 2814 2490 ὄρει
2845 2419 2922 2490 τῷ
2953 2417 3057 2481 ἔξω
3077 2434 3089 2448 ·
3118 2419 3147 2470 ό
3174 2416 3230 2469 δὲ
3254 2417 3364 2486 (51)
3391 2418 3456 2468 ἐκ
3477 2415 3580 2469 τοῦ

1995 2507 2284 2579 προσώπου
2315 2510 2492 2573 συνεὶς
2523 2512 2648 2574 τοὺς
2681 2510 3020 2583 ἀνθρώπους,
3052 2509 3281 2576 ἐξελθὼν
3311 2510 3448 2581 πρὸς
3481 2511 3579 2562 αὺ-

1991 2599 2152 2660 τοὺς,
2191 2597 2295 2668 ἔφη
2335 2599 2402 2652 δι’
2446 2601 2760 2670 ἑρμηνέως·
2798 2600 2862 2652 Τί
2901 2599 3151 2654 τοσοῦτον
3196 2599 3494 2669 ἐσκύλητε,
3529 2592 3578 2652 ὧ

1992 2688 2291 2758 φιλόσοφοι,
2322 2689 2458 2762 πρὸς
2486 2691 2667 2762 μωρὸν
2696 2689 3021 2762 ἀνθρωπον;
3047 2691 3169 2744 Τῶν
3195 2691 3252 2744 δὲ
3279 2691 3575 2754 εἰπόντων,

1996 2780 2071 2851 μὴ
2105 2776 2243 2834 εἶναι
2279 2782 2460 2853 μωρὸν
2489 2783 2670 2850 αὐτὸν,
2704 2783 2838 2836 ἀλλά
2869 2783 2961 2836 καὶ
2989 2783 3132 2853 μάλα
3156 2783 3445 2855 φρόνιμον,
3467 2782 3576 2853 ἔφη

1993 2871 2128 2941 πρὸς
2175 2872 2370 2937 αὐτούς
2390 2890 2404 2904 ο
2433 2874 2496 2926 El
2526 2874 2624 2944 μὲν
2662 2875 2798 2944 πρὸς
2825 2875 3007 2946 μωρὸν
3045 2873 3271 2944 ἦλθετε,
3317 2873 3576 2945 περιττὸς

1993 2961 2147 3031 ὑμῶν
2175 2963 2204 3015 ὁ
2236 2962 2480 3033 κάματος
2499 2977 2513 2992 ⁶
2546 2965 2594 3016 εἰ
2631 2965 2689 3016 δέ
2723 2963 2971 3034 νομίζετέ
3003 2981 3070 3034 με
3101 2965 3363 3035 φρόνιμον
3393 2961 3535 3018 εἶναι
3554 3003 3573 3026 ,

1993 3052 2209 3121 γίνεσθε
2235 3054 2310 3119 ὡς
2337 3054 2447 3122 ἐγώ
2466 3071 2480 3084 ·
2509 3055 2589 3108 δεῖ
2618 3055 2727 3126 γὰρ
2753 3056 2822 3108 τά
2860 3055 3000 3110 καλὰ
3028 3055 3332 3127 μιμεῖσθαι.
3368 3057 3480 3110 Καὶ
3523 3057 3578 3108 ει

1997 3143 2095 3213 μὲν
2123 3143 2234 3212 ἐγὼ
2257 3144 2393 3215 πρὸς
2415 3146 2560 3216 ὑμᾶς
2584 3147 2854 3218 ἠρχόμην,
2900 3147 3259 3218 ἐμιμησάμην
3289 3148 3355 3201 ἂν
3388 3148 3572 3218 ὑμᾶς·

1993 3235 2043 3287 εί
2073 3233 2131 3286 δὲ
2159 3234 2317 3304 ὑμεῖς
2355 3235 2491 3305 πρὸς
2537 3237 2670 3306 ἐμὲ,
2710 3236 2922 3305 γίνεσθε
2954 3237 3030 3300 ὡς
3072 3238 3212 3307 ἐγώ·
3242 3237 3574 3311 Χριστιανὸς

1995 3325 2106 3396 γάρ
2150 3329 2284 3396 εἰμι.
2334 3327 2397 3378 Οἱ
2446 3325 2502 3379 δὲ
2550 3326 2918 3398 θαυμάζοντες
2962 3329 3271 3402 ἀνεχώρουν
3341 3330 3576 3384 ἔϐλεπον

1996 3416 2106 3488 γὰρ
2129 3419 2222 3471 καὶ
2245 3417 2502 3489 δαίμονας
2536 3418 2699 3489 φοὸου
2707 3421 2904 3488 μένους
2928 3422 3020 3476 τὸν
3055 3421 3354 3478 Ἀντώνιον.

322 3522 518 3587 praeter
556 3512 674 3569 hac
703 3509 953 3567 viderant
984 3507 1259 3564 daemones
1301 3505 1598 3561 Antonium
1643 3503 2017 3562 reformidare.

1673 3691 1916 3748 VERSIO
1955 3693 2256 3751 EVAGRII.

321 3890 623 3950 credentes.
673 3887 818 3955 Quot
845 3896 977 3944 tunc
999 3887 1267 3943 diabolica
1297 3886 1581 3959 obsidione
1617 3893 1674 3941 et
1714 3884 1881 3959 variis
1928 3885 2335 3959 inﬁrmitatibus
2382 3887 2631 3944 liberati?
2661 3886 2806 3955 Quot
2851 3887 3161 3946 simulacris
3199 3888 3392 3959 erepta
3443 3902 3578 3948 sunt

322 3961 531 4033 spolia?
557 3958 948 4033 Quantietiam
975 3960 1044 4013 ab
1075 3973 1262 4013 errore
1282 3958 1570 4033 gentilium
1603 3957 1844 4033 retracti,
1879 3966 2067 4033 nostro
2094 3957 2268 4026 juncti
2297 3967 2425 4013 sunt
2450 3960 2639 4033 gregi?
2667 3961 2811 4033 tanti
2835 3970 3004 4026 certe,
3035 3968 3093 4012 ut
3123 3957 3427 4033 paucorum
3451 3962 3576 4016 die-

318 4027 442 4087 rum
473 4034 648 4102 spatio
667 4047 732 4086 ex
762 4029 1047 4102 idolorum
1058 4029 1443 4102 superstitione
1469 4027 1755 4102 conversio
1788 4041 2006 4102 omnem
2027 4029 2140 4095 {per
2165 4043 2368 4102 annum
2403 4027 2739 4102 credentium
2763 4029 3005 4084 vinceret
3036 4030 3273 4102 turbam.
3297 4028 3577 4102 Praeterea

278 4095 288 4111 “
316 4118 443 4158 cum
477 4095 773 4156 irruentem
798 4095 1198 4168 multitudinem
1231 4097 1459 4168 comites
1495 4097 1834 4168 repellerent,
1865 4096 2199 4168 wstimantes
2230 4097 2390 4152 taedio
2419 4099 2501 4168 illi
2525 4107 2852 4153 conventum
2894 4099 3079 4168 pepuli
3127 4098 3265 4163 fore,
3293 4100 3386 4154 ille
3416 4110 3577 4155 tran-

316 4173 487 4243 quillo
516 4174 700 4226 animo
727 4171 943 4243 dicebat
973 4187 986 4222 :
1014 4167 1271 4237 Nunquid
1296 4167 1384 4221 hic
1409 4177 1584 4222 costus
1603 4167 1924 4243 daemonum
1953 4166 2129 4235 major
2155 4175 2238 4243 est
2297 4167 2509 4223 turbis?
2539 4169 2782 4238 nunquid
2807 4166 3228 4238 obsequentium
3273 4170 3575 4228 multitudo

315 4237 732 4298 colluctatorum
767 4241 822 4293 in
846 4247 1030 4294 monte
1064 4248 1379 4292 nostrorum
1415 4237 1648 4291 catervis
1681 4244 1763 4289 est
1790 4237 2176 4290 numerosior?

392 4313 478 4365 7i.
517 4311 730 4366 Accidit
752 4310 914 4364 etiam
964 4317 1025 4362 ut
1047 4322 1176 4362 cum
1203 4322 1325 4377 eum
1355 4307 1668 4377 redeuntem
1705 4306 1850 4359 circa
1880 4315 2090 4377 portam
2120 4321 2596 4377 prosequeremur,
2631 4323 2659 4361 a
2695 4316 2848 4376 tergo
2875 4307 3120 4377 quaedam
3148 4309 3346 4364 mulier
3373 4309 3578 4365 clami-

313 4391 473 4446 taret,
505 4383 732 4436 dicens:
766 4379 1053 4450 Exspecta,
1080 4378 1252 4450 homo
1279 4376 1372 4431 Dei
1389 4416 1417 4450 ,_
1426 4376 1543 4450 _ﬁlia
1573 4391 1692 4450 mea
1722 4376 2068 4450 atrocissime
2089 4376 2317 4430 vexatur
2346 4378 2618 4450 daemonio
2651 4396 2664 4431 :
2695 4376 3259 4450 exspecta,_obsecro,
3291 4391 3576 4450 exspecta,

312 4469 384 4509 ne
429 4461 486 4507 et
525 4465 624 4521 ego
669 4445 895 4521 currens
931 4447 1045 4521 (52)
1078 4447 1366 4501 inteream.
1399 4446 1515 4521 lloc
1547 4447 1756 4506 audito.
1791 4445 2059 4521 mirabilis
2101 4461 2268 4521 senex
2301 4463 2332 4502 a
2361 4448 2516 4502 nobis
2545 4445 2880 4521 admonitus,
2911 4448 3100 4521 volens
3134 4457 3314 4521 tamen
3347 4445 3408 4503 et
3434 4451 3578 4521 ipse,

312 4515 597 4593 paululum
627 4519 887 4593 substitit.
919 4515 1191 4593 (Quinque
1213 4517 1681 4593 appropinquante
1725 4515 1971 4593 muliere,
2008 4517 2186 4584 puella
2211 4517 2419 4587 jaceret
2448 4518 2670 4593 explosa
2691 4558 2710 4593 ,_
2731 4521 2907 4593 oravit
2936 4518 3134 4593 tacitus
3168 4515 3582 4593 Dominum—Je—

311 4585 434 4648 sum
469 4607 482 4644 :
517 4601 572 4646 et
598 4592 664 4645 ad
692 4585 1120 4644 nominationem
1145 4585 1478 4657 ejus_'statitu
1508 4585 1747 4657 Spiritus
1767 4585 2297 4657 impurusegressus
2328 4596 2413 4641 est
2445 4604 2457 4638 :
2492 4585 2669 4657 puella
2699 4589 3014 4653 incolumis,
3044 4589 3280 4656 populus
3306 4590 3360 4643 in
3395 4591 3582 4645 laudi-
3616 4645 3621 4649 .

312 4666 415 4719 bus
442 4661 559 4723 Dei,
591 4674 764 4714 mater
790 4659 844 4713 in
873 4658 1070 4728 gaudio
1100 4655 1227 4711 fuit.
1259 4655 1379 4726 Ipse
1405 4664 1585 4729 autem
1614 4655 1928 4729 laetabatur,
1953 4655 2079 4729 quia
2107 4658 2174 4729 ad
2205 4655 2566 4729 desideratam
2598 4659 2948 4712 solitudinem
2979 4655 3258 4729 remeabat
3289 4659 3424 4729 (55).

385 4733 474 4786 72.
515 4731 646 4786 Erat
670 4739 849 4785 autem
880 4726 1039 4782 valde
1063 4729 1302 4796 sapiens,
1336 4737 1389 4781 et
1415 4729 1517 4781 hoc
1547 4727 1687 4798 inse
1719 4726 1964 4779 mirabile
1980 4727 2248 4798 habebat,
2290 4728 2420 4796 quia
2453 4742 2578 4781 cum
2613 4729 2822 4782 litteras
2849 4744 2953 4781 non
2981 4728 3284 4791 didicisset,
3316 4726 3580 4798 ingenio-

312 4804 564 4860 sissimus
595 4810 650 4855 et
682 4795 1142 4870 prudentissimus
1171 4809 1308 4853 erat.
1352 4796 1660 4870 Aliquando
1709 4797 1907 4870 etenim
1939 4795 2249 4870 philosophi
2299 4795 2408 4851 duo
2442 4797 2670 4870 gentiles
2700 4807 2969 4852 venerunt
2998 4799 3066 4870 ad
3109 4814 3234 4870 eum
3266 4838 3282 4864 ,
3313 4795 3581 4867 putantes

310 4872 612 4929 Antonium
637 4865 698 4926 se
725 4884 884 4940 posse
910 4868 1160 4940 decipere
1187 4886 1200 4922 :
1233 4876 1352 4922 erat
1370 4865 1496 4940 vero
1527 4868 1579 4919 in
1612 4865 1870 4940 exteriori
1898 4876 2100 4940 monte.
2127 4866 2276 4932 Quos
2302 4881 2425 4940 cum
2450 4865 2698 4940 vidisset,
2729 4883 2971 4936 paganos
2995 4869 3261 4923 intellexit
3284 4865 3348 4922 ex
3372 4870 3530 4922 vultu
3562 4889 3577 4924 :

311 4953 368 5000 et
397 4941 696 5014 procedens
714 4935 794 5014 ad
823 4935 1075 5014 eostpe’r
1100 4939 1448 5014 interpretem
1481 4938 1556 4992 ita
1588 4936 1754 5006 coepit
1798 4935 1948 5014 loqui
1979 4951 1993 4985 :
2025 4935 2206 5014 Quare
2229 4945 2337 4990 tam
2372 4938 2530 5014 longe
2576 4939 2666 5014 _ad_
2701 4935 2930 5014 stultum
2966 4939 3581 5014 hominetnusapientes

312 5030 372 5070 se
395 5007 595 5069 vexare
642 5009 967 5066 voluerunt?
1000 5009 1111 5063 lllis
1167 5008 1472 5064 dicentibus
1499 5021 1622 5079 ⁸ιιοιι
1668 5021 1790 5079 esse
1822 5007 1974 5079 illum
2009 5008 2258 5079 stultum,
2315 5007 2410 5061 sed
2444 5017 2497 5060 et
2536 5008 2765 5060 nimium
2795 5009 3097 5079 sapientem
3119 5047 3133 5072 ,
3165 5009 3453 5078 vigilanter
3489 5026 3583 5062 re-

311 5085 571 5154 spondit:
603 5081 760 5154 Siad
793 5080 1018 5154 stultum
1050 5076 1641 5154 venistis,_superl_lu_t_t_s‘
1658 5086 1742 5131 est
1771 5077 1924 5154 labor
1957 5086 2135 5154 vester
2167 5095 2182 5130 :
2217 5077 2262 5154 si
2297 5087 2480 5154 autem
2524 5079 2727 5154 putatis
2761 5076 3185 5154 melsapie‘ntem
3221 5076 3362 5154 esse,
3394 5088 3452 5132 et
3481 5095 3580 5133 sa-

312 5145 572 5226 pientiam
604 5153 808 5226 habere
834 5151 1038 5205 bonum
1069 5158 1190 5226 est,
1224 5145 1513 5226 imitamini
1536 5145 1649 5218 (54)
1676 5148 1820 5226 quod
1870 5147 2135 5226 probatis,
2167 5147 2294 5216 quia
2329 5148 2469 5226 bona
2498 5145 2753 5202 convenit
2785 5145 3007 5226 imitari.
3043 5147 3099 5202 Si
3133 5163 3233 5218 ego
3254 5150 3329 5226 ad
3358 5164 3455 5226 ros
3482 5164 3584 5226 ve-

313 5216 540 5292 nissem,
576 5239 676 5278 vos
719 5222 999 5287 imitarer;
1032 5219 1127 5292 sed
1169 5221 1295 5290 quia
1324 5230 1430 5273 vos'
1449 5218 1516 5292 ad
1545 5216 1633 5271 ine
1661 5217 1818 5288 quasi
1846 5216 1914 5269 ad
1939 5217 2514 5292 sapientetnvenistis,
2560 5227 2757 5278 estote,
2783 5221 2928 5292 sicut
2956 5235 3055 5288 ego
3085 5216 3228 5283 sum,
3249 5219 3578 5272 Christiani.

310 5288 710 5353 Abscesserunt
742 5290 1074 5362 philosophi,
1108 5288 1404 5360 utrumque
1429 5288 1711 5354 mirantes,
1737 5296 1792 5341 et
1817 5301 2046 5342 acumen
2076 5289 2300 5357 ingenii,
2327 5299 2381 5342 et
2405 5289 2717 5344 daemonum
2742 5291 3113 5358 expulsiones.

373 5454 500 5525 ’(50)
701 5467 861 5525 mss"
888 5455 945 5508 ἐν
979 5449 1230 5525 ἐνιαυτῷἴ

419 5516 512 5599 ει)
543 5522 645 5599 _Sic
673 5516 1060 5599 quida_irt_mss.
1097 5516 1236 5574 Editi
1266 5533 1413 5586 vero,
1452 5518 1529 5582 ὡς
1561 5516 1640 5599 δέ.

386 5592 502 5668 (52)
532 5592 619 5648 'lta
650 5607 784 5647 mss.
817 5593 960 5650 Editi
988 5608 1118 5648 vero
1138 5631 1154 5656 ,
1187 5606 1436 5644 corruens
1461 5630 1477 5655 ,
1507 5592 1691 5643 minus
1720 5596 1886 5642 recte.

388 5667 501 5712 (53‘s
539 5663 684 5712 Editi
719 5678 843 5712 cum
868 5666 1052 5712 Germ.
1088 5664 1148 5712 l.
1191 5663 1343 5712 solo.
1375 5659 1688 5712 repedabat.
1721 5656 1884 5711 Gem-

388 5663 501 5734 (53')
539 5663 684 5717 Editi
719 5678 844 5718 cum
868 5666 1052 5720 Germ.
1088 5664 1148 5726 l,
1191 5663 1343 5723 solo,
1375 5663 1688 5728 repedabat,
1721 5663 1880 5711 licin-

314 5748 446 5793 met.
485 5735 538 5803 1,
567 5742 622 5791 et
654 5733 839 5790 Germ.
872 5735 940 5804 2,
971 5737 1255 5790 remeabat.
1287 5731 1555 5799 Desmar.,
1587 5728 1880 5786 reverteba-

1997 5455 2105 5501 tur.
2135 5446 2329 5514 Colb.,
2379 5447 2635 5500 rediebat.
2667 5444 2840 5501 Paulo
2863 5456 2985 5516 post
3013 5461 3146 5500 mss.
3181 5445 3434 5514 quidam,
3470 5456 3580 5495 non

1995 5518 2300 5582 didicisset,
2333 5518 2622 5570 immobilis
2653 5518 2810 5570 homo
2837 5527 2888 5570 et
2918 5525 3225 5568 mansuetus
3257 5523 3391 5567 erat.
3519 5525 3524 5538 θ

2067 5590 2176 5660 (54)
2215 5587 2290 5641 lta
2320 5587 2476 5660 multi
2511 5586 3066 5660 tnanuscripti._Editi
3088 5601 3252 5660 _vero,
3280 5597 3327 5638 et
3359 5582 3580 5636 sauian-

1994 5659 2128 5714 tiam
2159 5657 2369 5726 habere,
2397 5659 2589 5712 bonum
2617 5669 2692 5717 est
2724 5668 2779 5710 ut
2815 5657 3119 5710 imitemini.
