3824 6224
260 287 373 348 915

258 501 422 556 αξη-δν
449 504 508 556 ὲν
531 501 610 572 τῷ
634 502 749 573 ὅρει
773 503 853 574 τῷ
881 503 986 568 ἔξω
1005 544 1020 568 ,
1057 505 1149 558 καὶ
1175 505 1500 575 νομιζόντων
1529 501 1831 576 χλευάζειν,

255 593 345 646 ὅτι
382 592 456 663 μὴ
506 592 792 664 μεμάθηκε
826 595 1160 665 γράμματα,
1201 596 1349 665 λέγει
1391 597 1528 667 πρὸς
1573 596 1769 658 αὐτοὺς
1805 596 1834 647 6

269 682 585 747 Ἀντώνιοςο·
628 685 820 754 Ὑμεῖς
862 685 921 738 δὲ
968 686 1021 738 τί
1065 686 1289 754 λέγετε;
1333 687 1396 738 Τί
1425 685 1638 754 πρῶτόν
1677 686 1830 746 ὲστι,

253 770 382 839 νοῦς
425 772 466 844 ἧ
502 774 841 846 γράμματα;
884 776 980 828 καὶ
1009 775 1063 828 τί
1095 777 1240 840 τίνος
1280 775 1483 843 αἴτιον,
1516 777 1544 828 6
1571 775 1694 838 νοῦς
1724 775 1831 827 τῶν

251 865 631 935 γραμμάτων,
676 865 709 937 ἢ
741 865 811 918 τὰ
843 866 1146 938 γράμματα
1183 866 1277 920 τοῦ
1323 867 1452 932 νοῦ;
1489 867 1612 920 Τῶν
1651 867 1709 921 δὲ
1756 868 1832 920 εί-

250 957 464 1009 πόντων
493 955 706 1028 πρῶτον
733 952 872 1011 εἶναι
905 957 994 1010 τὸν
1020 958 1178 1024 νοῦν,
1230 959 1324 1012 καὶ
1347 957 1456 1012 τῶν
1487 959 1830 1030 γραμμάτων

248 1048 513 1120 εὑρέτηνο
543 1048 645 1120 ἔφη
679 1051 709 1102 6
750 1049 1064 1115 Ἀντώνιος·
1095 1045 1166 1122 Ὦ
1197 1051 1374 1105 τοίνυν
1421 1052 1450 1104 6
1496 1049 1621 1114 νοῦς
1654 1050 1830 1117 ὑγιαί-

248 1157 368 1204 νει,
401 1138 574 1211 τούτῳ
605 1141 718 1209 (55)
747 1141 847 1194 οὐκ
888 1141 1160 1210 ἀναγκαῖα
1193 1142 1260 1194 τὰ
1293 1141 1613 1212 γράμματα.
1659 1139 1829 1194 Τοῦτο

247 1231 347 1284 καὶ
371 1231 498 1294 τοὺς
527 1232 796 1302 παρόντας
829 1233 924 1287 καὶ
963 1233 1156 1297 αὐτοὺς
1198 1231 1511 1303 ἐξέπληξεν.
1562 1231 1827 1302 Ἀπῆλθον

245 1315 345 1374 οὖν
381 1318 784 1392 θαυμάζοντες,
830 1324 911 1376 ὅτι
952 1323 1218 1394 τοσαύτην
1267 1323 1496 1377 ἔϐλεπον
1539 1325 1596 1376 ὲν
1643 1323 1827 1396 ἰδιώτῃ

246 1410 496 1466 σύνεσιν·
538 1414 633 1467 καὶ
661 1413 769 1484 γὰρ
801 1415 898 1484 οὐχ
927 1413 1002 1477 ὡς
1028 1416 1085 1467 ὲν
1115 1414 1232 1486 ὄρει
1259 1415 1509 1485 τραφεὶς.
1542 1413 1702 1466 κάκεί
1733 1413 1826 1482 γέ-

248 1521 362 1573 ρων
382 1503 694 1574 γενόμενος,
718 1504 910 1575 ἄγριον
934 1499 1047 1574 εἶχε
1071 1504 1133 1557 τὸ
1154 1500 1285 1575 ἦθος
1303 1519 1316 1534 ⁶
1337 1503 1471 1558 ἀλλὰ
1497 1503 1590 1557 καὶ
1614 1504 1826 1574 χαρίεις

241 1589 314 1664 ἦν
339 1594 437 1648 καὶ
470 1594 765 1658 πολιτικός.
809 1595 912 1649 Τὸν
941 1596 999 1648 δὲ
1046 1595 1201 1664 λόγον
1232 1591 1378 1666 εἶχεν
1406 1595 1707 1667 ὴρτυμένον
1745 1592 1825 1664 τῷ

243 1683 377 1754 θείῳ
405 1683 563 1738 άλατι
581 1701 596 1714 °
621 1684 764 1738 ὥστε
801 1685 1003 1756 μηδένα
1031 1685 1268 1756 φθονεῖν,
1300 1687 1511 1758 χαίρειν
1542 1686 1598 1740 δὲ
1625 1686 1824 1758 μᾶλλον

1571 289 1726 346 VITA
1771 289 1828 344 S.
1863 288 2164 344 ANTONII.

249 430 252 432 ν
330 411 417 466 7'6.
445 409 655 464 ’Δλλων
682 411 741 465 δὲ
770 411 932 466 πάλιν
957 412 1210 467 τοιούτων
1242 413 1671 484 ἀπαντησάντων
1696 412 1832 484 πρὸς
1860 416 1905 473 Α

3393 295 3500 352 οισ

2013 413 2093 467 [ὅ.
2135 412 2275 468 Aliis
2316 428 2536 469 rursum
2591 414 2677 470 his
2723 413 2996 470 similibus
3038 428 3098 470 se
3144 413 3200 468 in
3244 411 3501 468 exteriori

1937 513 2123 561 monte
2155 505 2500 572 adeuntibus,
2541 505 2830 571 illudendi.
2858 515 2921 562 ut"
2960 507 3282 576 sperabant,
3313 521 3500 571 causa,

1935 597 2080 668 quod
2129 595 2432 650 litterarum
2459 605 2605 651 esset
2639 596 2949 667 imperitus,
3002 595 3356 666 interrOgavit
3403 610 3502 650 eos

1933 687 2240 742 Antonius:
2285 685 2424 754 Quid
2473 701 2568 742 vos
2604 687 2826 743 dicitis?
2871 686 3140 753 Quidnam
3195 687 3347 756 prius
3391 697 3501 747 est.

1933 794 2088 833 mens
2112 794 2181 832 an
2215 779 2426 843 litterae,
2466 786 2520 833 et
2543 779 2672 847 quid
2703 779 2898 832 horum
2936 777 3160 832 alterius
3183 793 3350 832 causa
3381 787 3499 840 est,

1933 882 2158 922 mensne
2207 867 2508 921 litterarum
2533 907 2549 933 ,
2610 882 2697 921 an.
2724 867 2915 922 littera:
2957 867 3154 923 mentis
3195 865 3352 938 (57)?
3395 866 3501 933 Qui

1931 972 2054 1012 cum
2088 965 2322 1011 mentem
2353 956 2598 1012 dicerent
2623 955 2856 1026 priorem
2889 965 2944 1012 et
2974 957 3274 1012 litterarum
3305 958 3500 1012 inven-

1929 1049 2157 1113 tricem,
2201 1047 2279 1102 ait
2323 1047 2642 1103 Antonius:
2675 1047 2776 1102 Cui
2826 1063 2957 1118 ergo
2994 1063 3126 1104 sana
3174 1063 3330 1103 mens
3377 1054 3498 1113 est,

1929 1137 2058 1192 huic
2099 1151 2208 1191 non
2237 1138 2560 1192 necessariae
2587 1136 2799 1192 litterae.
2837 1134 2956 1203 Quo
2991 1152 3240 1192 sermone
3267 1146 3376 1191 tam
3403 1137 3500 1206 qui

1930 1227 2154 1282 aderant
2194 1227 2322 1290 alii,
2365 1242 2530 1297 quam
2561 1225 2674 1293 isti,
2729 1226 3076 1296 Obstupuere.
3105 1227 3500 1283 Abscesserunt

1927 1318 2092 1389 igitur
2123 1318 2200 1372 illi
2227 1317 2410 1373 mirati
2437 1326 2645 1374 tantam
2692 1317 2748 1372 in
2796 1318 2965 1374 idiota
3019 1319 3240 1373 homine
3282 1319 3498 1390 sapien-

1927 1409 2100 1463 tiam:
2133 1408 2260 1464 licet
2311 1409 2454 1464 enim
2502 1411 2557 1466 in
2600 1418 2786 1466 monte
2833 1412 3142 1477 enutritus,
3187 1411 3262 1466 ibi
3306 1426 3498 1467 conse-

1926 1500 2157 1563 nuisset,
2196 1515 2541 1570 nequaquam
2577 1501 2806 1571 agrestis
2829 1509 2950 1557 erat
2982 1502 3250 1568 moribus,
3277 1503 3373 1558 sed
3399 1517 3497 1557 co.-

1925 1589 2030 1644 mis
2079 1588 2452 1658 urbanusque.
2507 1589 2810 1661 Divinoque
2862 1591 2975 1647 sale
3024 1592 3277 1648 conditus
3319 1607 3498 1649 sermo

1925 1678 2072 1734 illius
2102 1677 2241 1746 fuit;
2279 1680 2355 1734 ita
2388 1687 2447 1734 ut
2478 1695 2640 1736 nemo
2671 1681 2937 1736 invideret
2965 1681 3092 1752 ipsi,
3124 1682 3222 1738 sed
3248 1683 3497 1740 laetaren-

241 1745 514 1847 ἐπ’-αὐτῷ
545 1776 752 1840 πάντας
937 1745 1265 1849 ἐρχομένους
1454 1745 1639 1832 αὐτόνί

1935 1779 2015 1825 Lur
2043 1770 2227 1840 potius
2254 1771 2498 1827 universi
2530 1773 2624 1842 qui
2655 1772 2723 1828 ad
2755 1788 2882 1829 eum
2913 1773 3255 1830 accederent.

312 1867 403 1922 74.
457 1867 671 1938 Ἀμέλει
702 1869 838 1940 μετὰ
863 1868 1037 1923 ταῦτα
1071 1870 1185 1940 (56)
1221 1871 1384 1925 πάλιν
1408 1870 1669 1926 ἐλθόντων
1707 1871 1824 1924 ἑτέ-

1994 1862 2081 1917 74.
2111 1862 2402 1918 Enimvero
2431 1864 2816 1920 accedentibus
2845 1864 3045 1919 iterum
3068 1865 3398 1936 quibusdam
3425 1881 3498 1924 ex

244 1973 355 2027 ρων
382 1957 546 2010 τινῶν
563 1973 576 1988 ο
619 1953 758 2028 ἦσαν
787 1958 845 2010 δὲ
877 1950 1022 2012 οὗτοι
1048 1957 1156 2012 τῶν
1185 1959 1315 2030 παρ’
1347 1958 1573 2030 Ἕλλησι
1601 1959 1822 2013 δοκούν-

1935 1953 1992 2009 Lis
2013 1954 2106 2022 qui
2136 1955 2278 2024 apud
2297 1954 2515 2010 Graecos
2533 1955 2806 2024 sapientes
2822 1955 3092 2019 videntur,
3117 1955 3495 2025 rationemque

239 2064 350 2100 των
380 2043 520 2101 εἴναι
544 2047 724 2119 σοφῶν
746 2065 760 2079 ·
793 2049 886 2102 καὶ
908 2049 1282 2104 ἀπαιτούντων
1310 2049 1474 2104 αὑτὸν
1509 2049 1666 2119 λόγον
1696 2051 1823 2122 περὶ

1935 2046 2335 2116 reposcentibus
2365 2046 2432 2102 de
2461 2046 2568 2101 ﬁde
2605 2055 2790 2102 nostra
2825 2047 2882 2102 in
2925 2046 3228 2111 Christum,
3271 2047 3494 2102 nitenti-

239 2139 340 2210 τῆς
386 2138 511 2192 καθ’
543 2140 692 2210 ἡμᾶς
725 2139 784 2193 ὲν
825 2139 1047 2211 Χριστῷ
1085 2139 1318 2202 πίστεως
1340 2155 1354 2168 ·
1402 2137 1822 2210 ἐπιχειρούντων

1935 2139 2133 2208 busque
2181 2146 2373 2209 argute
2415 2138 2483 2193 de
2511 2136 2709 2193 divina:
2740 2139 2922 2193 crucis
2956 2137 3338 2208 prmdicatione
3363 2178 3379 2203 ,
3412 2139 3491 2192 ri.

237 2230 298 2284 δὲ
350 2229 760 2298 συλλογίζεσθαι
806 2230 936 2300 περὶ
979 2229 1074 2284 τοῦ
1132 2229 1489 2302 κηρύγματος
1531 2229 1628 2283 τοῦ
1675 2228 1820 2283 θείου

1935 2230 2080 2286 leudi
2124 2245 2317 2294 causa,
2362 2229 2677 2300 disputare;
2722 2229 3002 2300 paululum
3032 2238 3276 2284 moratus
3320 2229 3492 2285 Anto-

237 2318 501 2390 σταυροῦ,
531 2319 625 2372 καὶ
657 2317 990 2390 βουλομένων
1020 2317 1302 2390 χλευάζειν
1320 2335 1337 2352 ο
1371 2318 1550 2388 ὀλίγον
1579 2317 1820 2388 ἐπισχὼν

1935 2324 2069 2389 aius,
2105 2323 2436 2392 illorumque
2463 2321 2827 2393 ignorantiam
2858 2321 3013 2391 prius
3044 2321 3361 2388 miseratus,
3395 2337 3492 2391 per

237 2415 267 2467 6
306 2410 625 2474 Ἀντώνιος,
659 2411 754 2464 καὶ
797 2409 1012 2483 πρῶτον
1057 2411 1331 2482 οἰκτείρας
1376 2410 1574 2474 αὐτοὺς
1615 2410 1708 2463 ἐπὶ
1751 2411 1817 2480 τῇ

1935 2413 2310 2484 peritissimum
2361 2413 2711 2484 interpretem
2764 2413 2882 2470 haec
2931 2415 3145 2469 locutus
3195 2421 3298 2468 est.
3347 2411 3492 2480 Quid

238 2500 517 2576 ἀγνωσία,
551 2493 704 2568 ἔλεγε
735 2499 799 2552 δι’
843 2499 1154 2570 ἑρμηνέως,
1189 2498 1282 2554 τοῦ
1311 2498 1488 2564 καλῶς
1513 2499 1582 2554 τὰ
1608 2500 1817 2553 ἐκείνου

1935 2505 2278 2560 πωςιοὺὶιίυε
2308 2513 2412 2569 est,
2442 2518 2732 2560 crucemne
2761 2504 3005 2561 conliteri
3032 2543 3047 2569 ,
3097 2518 3166 2558 an
3198 2502 3488 2568 adulteria,

236 2575 688 2664 διερμηνεύοντος
706 2605 722 2621 ο
752 2589 818 2642 Τί
843 2588 1060 2643 κάλλιόν
1087 2591 1224 2654 ἐστι,
1250 2590 1483 2661 σταυρὸν
1512 2590 1819 2662 ὁμολογεῖν,

1935 2603 2416 2666 πωροειεηωίιιιο
2471 2594 2748 2650 libidinem
2786 2594 2894 2651 diis
2935 2596 3016 2666 (ut
3056 2593 3285 2666 vocatis)
3325 2593 3491 2648 ascri-

236 2681 271 2752 ἢ
306 2681 558 2752 μοιχείας
591 2681 687 2736 καὶ
733 2681 1121 2753 παιδοφθορίας
1165 2683 1501 2753 προσάπτειν
1542 2684 1656 2746 τοῖς
1687 2684 1816 2752 παρ’

1935 2686 2087 2741 iere?
2122 2685 2280 2752 Quod
2327 2699 2431 2741 nos
2475 2683 2774 2755 loquimur,
2818 2684 3153 2741 fortitudinis
3197 2693 3282 2739 est
3325 2698 3491 2755 argu-

237 2775 371 2844 ὑμῖν
399 2772 714 2844 λεγομένοις
741 2771 880 2836 θεοῖς
903 2789 919 2838 ;
940 2773 1014 2826 Τὸ
1044 2772 1146 2844 μὲν
1174 2772 1284 2845 γὰρ
1316 2775 1446 2846 παρ’
1476 2771 1633 2845 ἡμῶν
1659 2773 1816 2842 λεγό-

1935 2785 2165 2832 nentum
2193 2817 2209 2845 ,
2239 2785 2560 2846 certumque
2582 2784 2908 2847 contemptae
2954 2775 3148 2832 mortis
3174 2775 3436 2831 indicium
3469 2790 3485 2827 :

238 2881 408 2934 μενον
437 2862 658 2935 ἀνδρίας
701 2862 820 2916 ἐστὶ
855 2863 1174 2934 τεκμήριον,
1220 2864 1314 2918 καὶ
1360 2865 1818 2935 καταφρονήσεως

1935 2874 2099 2922 vestra
2151 2875 2364 2933 autem,
2407 2873 2536 2920 sunt
2577 2865 2816 2921 lascivia;
2863 2865 3062 2920 morbi.
3107 2863 3310 2920 Deinde
3356 2864 3489 2935 quid
3566 2921 3576 2930 _

236 2955 471 3008 θανάτου
507 2951 794 3024 γνώρισμα
816 2967 829 2983 ·
875 2952 944 3006 τὰ
991 2952 1050 3006 δὲ
1090 2952 1330 3024 ὑμέτερα
1369 2953 1655 3022 ἀσελγείας
1702 2954 1820 3008 ἐστὶ

1935 2964 2140 3025 praestat
2169 2973 2184 3010 :
2213 2955 2381 3026 680
2401 2955 2711 3011 Verbumne
2736 2954 2831 3012 Dei
2863 2954 3045 3012 dicere
3076 2969 3188 3009 non
3214 2965 3487 3011 mutatum

239 3041 412 3114 πάθη.
444 3042 676 3095 Ἔπειτα
702 3040 755 3094 τί
783 3039 992 3112 βέλτιόν
1018 3042 1155 3106 ἐστι,
1184 3043 1384 3110 λέγειν,
1405 3044 1487 3096 ὅτι
1513 3044 1541 3095 6
1565 3042 1658 3096 τοῦ
1681 3043 1816 3098 Θεοῦ

1935 3062 2074 3112 :sse;
2103 3045 2197 3101 sed
2232 3047 2373 3102 idem
2407 3046 2583 3117 ipsum
2610 3046 2904 3111 exsistens,
2939 3061 3038 3116 pro
3065 3047 3238 3103 salute
3265 3055 3319 3102 et
3341 3047 3489 3104 bono

237 3136 414 3205 Λόγος
437 3135 538 3189 οὐκ
568 3135 780 3206 ἐτράπη
801 3151 814 3166 ’
837 3135 952 3188 ἀλλ’
981 3137 1009 3188 6
1033 3134 1193 3198 αὐτὸς
1215 3132 1311 3201 ὢν,
1337 3136 1432 3190 ἐπὶ
1455 3136 1697 3209 σωτηρίᾳ
1723 3137 1818 3191 καὶ

1935 3135 2204 3191 hominum
2238 3150 2438 3206 corpus
2479 3136 2846 3205 assumpsisse
2890 3135 3190 3192 humanum
3216 3177 3232 3203 ,
3278 3144 3340 3192 ut
3385 3137 3491 3192 hu-

238 3226 531 3301 εύεργεσίᾲ
564 3227 674 3281 τῶν
699 3225 1001 3298 ἀνθρώπων
1037 3227 1294 3298 ἀνείληφε
1341 3227 1501 3298 σῶμα
1544 3227 1818 3300 ἀνθρώπι-

1935 3243 2096 3282 mante
2126 3227 2398 3298 particeps
2423 3227 2672 3298 originis,
2726 3227 2922 3282 divinae
2951 3227 3203 3283 homines
3226 3243 3290 3282 ac
3321 3228 3490 3298 spiri-

235 3338 348 3386 νον,
387 3319 472 3374 ἶνα
491 3360 507 3386 ,
537 3321 605 3390 τῇ
635 3319 950 3392 ἀνθρωπίνῃ
975 3319 1188 3388 γενέσει
1217 3320 1552 3390 κοινωνήσας
1571 3359 1586 3384 ,
1616 3321 1815 3392 ποιήσῃ

1935 3319 2086 3373 Lualis
2120 3326 2328 3372 natura:
2367 3317 2663 3387 participes
2692 3316 2976 3382 redderet;
3003 3332 3072 3371 an
3095 3317 3342 3372 divinum
3373 3314 3490 3370 Nu.

236 3413 364 3476 τοὺς
383 3409 705 3482 ἀνθρώπους
729 3410 1053 3481 κοινωνῆσαι
1074 3409 1223 3473 θείας
1247 3410 1342 3464 καὶ
1366 3411 1556 3482 νοερᾶς
1580 3408 1812 3478 φύσεως·

1935 3425 2046 3464 men
2081 3409 2255 3465 brutis
2285 3408 2655 3463 animantibus
2699 3407 3005 3463 assimilare
3030 3448 3046 3475 ,
3095 3422 3160 3462 ac
3203 3415 3488 3478 propterea

239 3502 271 3573 ἦ
295 3506 356 3560 ἐν
389 3503 602 3574 ἀλόγοις
629 3500 908 3575 ἐξομοιοῦν
929 3501 990 3556 τὸ
1011 3502 1186 3568 Θεῖον,
1215 3502 1309 3557 καὶ
1335 3501 1424 3556 διὰ
1454 3499 1612 3555 τοῦτο
1638 3499 1816 3554 σέϐειν

1935 3499 2325 3570 quadrupedes,
2351 3509 2652 3572 serpentes,
2679 3500 3074 3572 hominumque
3100 3501 3364 3572 imagines
3395 3512 3491 3555 co-

1576 3653 1832 3710 VERSIO
1869 3651 2176 3710 EVAGRII.

312 3818 406 3872 75.
446 3817 599 3890 Alios
625 3835 844 3888 quoque
874 3818 1124 3875 similiter
1149 3820 1337 3875 mundi
1365 3817 1695 3890 sapientes,
1718 3817 1812 3890 qui
1838 3831 1963 3890 eum
2012 3815 2245 3890 irridere
2279 3813 2601 3890 cupiebant,
2629 3815 2756 3890 quia
2804 3817 3013 3890 litteras
3055 3816 3357 3890 ignoraret,
3390 3817 3486 3874 tali

239 3889 611 3961 disputatione
643 3885 940 3961 colligavit,
973 3891 1160 3946 dicens
1189 3913 1202 3945 :
1232 3885 1575 3960 Respondete
1604 3885 1916 3961 mihi,__q_uid
1947 3885 2361 3961 priustsensus
2387 3901 2454 3961 an
2491 3885 2722 3940 litterae?
2745 3897 2798 3941 et
2827 3887 2955 3958 quid
2985 3885 3142 3957 cujus
3165 3890 3488 3946 exordium?

241 3957 442 4013 sensus
467 3974 532 4013 ex
560 3957 868 4026 litterisfau
897 3961 1086 4015 litterae
1119 3957 1371 4014 oriuntur
1400 3975 1466 4014 ex
1496 3959 1712 4014 sensu?
1741 3959 1852 4012 Illis
1878 3957 2272 4028 asserentibus.
2309 3957 2434 4026 quia
2466 3971 2667 4028 sensus
2691 3957 2857 4028 esset
2881 3966 3072 4028 auctor
3101 3968 3264 4028 atque
3297 3961 3488 4014 inven-

242 4038 326 4101 tor
356 4028 687 4094 litterarum,
723 4031 839 4084 ait:
877 4029 1044 4101 Igitur
1076 4031 1238 4101 sicui
1267 4045 1463 4085 sensus
1494 4029 1784 4101 incolumis
1813 4037 1897 4082 est
1920 4067 1945 4101 ,Α
1990 4027 2078 4080 hic
2121 4027 2472 4101 litteraann
2495 4027 2767 4101 Arequirit.
2801 4026 2934 4092 Quis
2978 4026 3487 4101 praasentiumtpost

243 4099 388 4152 hanc
411 4101 848 4154 colluctationem
897 4096 1004 4154 non
1037 4099 1441 4163 exclamaverit,
1471 4114 1596 4154 cum
1628 4097 2013 4167 ohstupuerint
2045 4104 2098 4150 et
2121 4097 2231 4167 ipsi
2261 4097 2356 4167 qui
2382 4096 2508 4150 victi
2542 4104 2691 4167 sunt,
2739 4106 2942 4151 tantam
2975 4096 3027 4151 in
3057 4097 3306 4167 imperito
3341 4096 3484 4153 litte-

244 4182 430 4238 rarum
467 4171 812 4238 sagacitatem
844 4170 1013 4223 animi
1047 4170 1420 4224 admirantes?
1444 4167 1630 4238 Neque
1657 4165 1938 4238 enim—,ut
1968 4168 2021 4220 in
2042 4165 2344 4238 solitudine
2377 4173 2431 4238 et
2452 4166 2740 4238 _u_i_untibus
2773 4177 3044 4231 versatus,
3070 4165 3230 4238 atque
3264 4183 3483 4223 omnem

245 4237 445 4310 ibidem
474 4234 698 4309 exigens
720 4241 887 4310 vitam
908 4280 923 4304 ,
972 4242 1202 4310 agrestis
1229 4249 1282 4294 et
1310 4239 1515 4308 rigidus
1541 4234 1679 4310 erat,
1727 4238 1822 4310 sed
1848 4237 2121 4310 iucundus
2139 4245 2311 4310 atque
2344 4235 2593 4290 affabilis.
2632 4234 2968 4310 Sermonem,
3000 4234 3298 4310 secundum
3341 4241 3485 4308 Apo-

244 4308 370 4378 stoli
396 4306 748 4378 praeceptum,
783 4309 970 4363 divino
997 4306 1275 4365 conditum
1311 4306 1425 4364 sale
1452 4308 1780 4378 proferebat,
1811 4308 1885 4361 ita
1915 4306 2205 4378 utinvidia
2233 4314 2459 4369 careret,
2486 4315 2539 4358 et
2563 4320 2748 4378 amore
2779 4307 3020 4360 omnium
3054 4308 3339 4378 potiretur.

316 4375 412 4448 74.
431 4375 588 4432 inter
609 4375 755 4444 haec,
787 4379 945 4448 quasi
978 4395 1168 4448 parum
1215 4388 1366 4434 esset
1407 4375 1492 4434 bis
1532 4379 1884 4448 gentilitatem
1926 4376 2095 4448 fuisse
2126 4385 2433 4448 superatam
2463 4383 2581 4448 ,“et
2626 4375 2784 4448 tertio
2807 4375 3075 4430 venerunt
3100 4377 3213 4448 viri
3244 4378 3309 4431 ad
3355 4394 3481 4432 eum

243 4447 426 4501 omnis
460 4448 736 4508 saecularis
766 4445 1066 4518 prudentiae
1090 4450 1235 4503 nube
1264 4449 1472 4515 caecati,
1499 4445 1661 4518 atque
1693 4448 1958 4518 universis
1976 4445 2586 4518 philosOphiwLSIudiis;
2609 4446 2830 4518 artium,
2861 4463 3082 4501 suorum
3114 4447 3226 4516 (58)
3254 4449 3483 4502 aestima-

245 4527 397 4588 tione
425 4514 779 4573 doctissimiﬁ
799 4517 860 4571 Hi
893 4514 1035 4573 cum'
1060 4520 1330 4573 rationem
1366 4520 1434 4573 ab
1459 4514 1528 4573 eo
1549 4514 1825 4588 exigerent
1852 4514 2008 4588 ilidﬁei,
2035 4514 2288 4588 quamin
2324 4514 2542 4588 Christo
2573 4514 2853 4588 habemus,
2883 4525 2936 4570 et
2963 4514 3262 4570 niterentur
3290 4528 3481 4588 arguta

245 4586 644 4655 sophismatum
678 4589 1104 4658 interrogatione
1148 4590 1214 4643 de
1242 4589 1425 4642 divina
1469 4584 1773 4642 cruce'eum
1801 4584 2066 4658 illudere,’
2106 4586 2160 4638 in
2196 4584 2471 4658 silentium
2516 4585 2797 4658 paululum
2828 4601 2961 4658 voce
2995 4602 3329 4658 compressa,
3357 4584 3483 4657 'pri-

244 4653 395 4728 mum
440 4673 628 4728 eorum
683 4653 975 4713 miseratus
1000 4673 1242 4714 errorem
1273 4668 1354 4714 est
1381 4679 1394 4712 :
1431 4659 1626 4713 deinde
1659 4673 1754 4728 per
1797 4656 2144 4728 interpretem
2170 4654 2325 4728 ,λιι-υἰ-
2354 4653 2472 4723 ejus
2497 4654 2667 4728 verba
2691 4653 3204 4728 diligentissimein
3233 4653 3481 4711 Graecum

247 4725 454 4798 solebat
483 4727 786 4798 exprimere
814 4744 1144 4793 sermonem,
1177 4730 1249 4783 ita
1293 4743 1520 4782 exorsus
1552 4723 1872 4798 estftliccns
1899 4744 1912 4798 :_
1950 4723 2088 4790 Quid
2116 4723 2545 4798 pulchrius__e_st,
2577 4724 2773 4798 quidve
2803 4723 3102 4798 honestius,
3133 4741 3351 4781 crucem
3385 4743 3480 4782 co-

249 4796 377 4861 lere,
397 4811 481 4867 _an
512 4793 798 4859 adulteria,
846 4800 1196 4867 parricidium
1223 4839 1238 4860 ,
1272 4800 1355 4851 vel
1386 4799 1651 4852 incestum
1674 4797 1773 4867 his
1809 4796 2100 4867 assignare
2131 4809 2301 4867 quos_
2326 4793 2545 4867 colitis‘:
2580 4810 2704 4867 cum
2748 4795 2801 4867 in
2833 4796 3102 4867 altero__sit
3134 4806 3482 4867 contemptus

248 4865 462 4936 mortis,
487 4867 701 4936 insigne
731 4861 1027 4935 virtutum;
1059 4869 1114 4922 in
1139 4869 1308 4922 altero
1334 4869 1509 4936 turpis
1538 4866 1744 4936 religio,
1781 4861 2628 4936 obscenitatis—magistra?'Qﬁuid
2660 4863 2854 4936 melius
2885 4875 2968 4920 est
2993 4865 3191 4930 dicere,
3216 4861 3368 4934 quod
3386 4866 3484 4923 Dei

249 4931 483 4988 Verbum
519 4931 744 4991 manens
773 4947 833 4991 ut
861 4931 1102 5000 erat,'ob
1129 4939 1359 4993 salutem
1389 4931 1959 4992 nostram'humanum
1993 4949 2191 5003 corpus
2214 4931 2569 5000 aSsumpserit
2587 4975 2602 4995 ,
2634 4943 2694 4988 ut
2719 4931 2977 4989 societate
3008 4931 3353 4990 mortalitatis
3382 4952 3483 4990 nos

244 5004 498 5077 eueheret
525 5007 592 5061 ad
621 5007 845 5070 cmium,
873 5009 1276 5077 participesque
1307 5017 1516 5061 uatum
1539 5006 1777 5077 cmlestis
1804 5005 2038 5060 efﬁceret
2068 5021 2079 5055 :
2113 5019 2180 5056 an
2205 5043 2220 5067 ,
2250 5012 2315 5077 ut
2339 5003 2440 5069 ipsi
2462 5003 2708 5077 asseritis
2730 5043 2744 5067 ,
2763 5004 2976 5077 divinae
3001 5007 3199 5077 mentis
3225 5006 3480 5077 haustum

247 5075 312 5147 ad
345 5083 566 5147 terren_ai
587 5070 895 5147 veneranda
930 5070 1244 5132 submittere
1286 5077 1433 5147 (59),
1480 5087 1542 5147 et
1577 5075 1846 5147 pecudum
1880 5083 2042 5147 atque
2072 5072 2411 5147 serpentium
2457 5070 2649 5147 for_m_is
2675 5073 2910 5147 cmleste
2938 5075 3486 5147 nomenincludere?

249 5144 366 5207 Quo
392 5158 488 5198 ore
509 5145 945 5200 Christianorum
972 5141 1345 5201 credulitatem
1371 5141 1854 5207 audetis-irridere,
1885 5141 2181 5196 dicentium
2212 5142 2488 5195 Christum
2519 5141 2716 5196 Filium
2744 5141 2837 5197 Dei
2867 5143 2986 5197 sine
3013 5145 3098 5197 sui
3129 5144 3479 5210 detrimento,

247 5223 300 5266 et
328 5213 562 5283 coepisse
600 5229 724 5270 esse
747 5215 895 5286 quod
926 5232 1032 5271 non
1061 5225 1210 5282 erat,
1240 5226 1296 5270 et
1341 5216 1612 5272 mansisse
1643 5216 1789 5285 quod
1823 5213 2002 5268 fuerat
2030 5228 2044 5264 :
2075 5227 2200 5266 cum
2250 5211 2351 5280 ipsi
2389 5212 2630 5266 animam
2661 5212 2727 5266 de
2755 5213 3071 5268 cmlestibus
3109 5215 3477 5282 detrahentes,

471 5375 549 5448 [la
578 5393 712 5431 mss.
740 5377 798 5431 In
826 5379 985 5432 editis
1008 5379 1180 5448 τούτῳ
1201 5381 1370 5435 deest.
1915 5377 2267 5448 prior_anima
2293 5375 2454 5444 quam
2483 5377 2684 5448 littera,
2708 5383 2756 5426 et
2777 5375 2925 5442 prior
2954 5390 3122 5428 sermo
3144 5391 3302 5447 quam
3324 5374 3478 5439 liber,

318 5447 430 5517 (56)
471 5446 560 5517 Sic
598 5449 976 5517 manuscripti.
1008 5449 1063 5503 In
1093 5446 1254 5504 editis
1301 5449 1528 5503 habetur
1563 5448 1654 5502 καί
1685 5457 1810 5502 ante
1913 5455 1962 5499 et
1997 5446 2349 5517 prior-femus
2378 5461 2534 5517 quant
2565 5447 2756 5517 stylus.

252 5511 384 5589 μετᾲ
411 5511 613 5589 ταῦτα,
635 5515 758 5572 Mox
789 5511 989 5589 ἑτέρων
1017 5521 1176 5574 deest
1202 5521 1255 5573 in
1291 5519 1450 5574 editis
1472 5559 1486 5582 ,
1514 5519 1608 5574 sed
1642 5517 1820 5572 habe-'

2139 5515 2229 5589 Sic
2259 5511 2808 5589 manuscriptirccte.
2863 5511 3196 5589 κόμῃ-γεω,
3234 5529 3475 5566 suarum.

252 5515 384 5580 μετὰ
411 5516 603 5570 ταῦτα.
635 5515 758 5572 Mox
789 5515 989 5589 ἑτέρων
1017 5521 1176 5574 deest
1202 5521 1255 5573 in
1291 5519 1450 5574 editis
1472 5559 1486 5582 ,
1514 5519 1608 5574 sed
1642 5517 1820 5572 habe-'
1985 5515 2074 5580 (58
2139 5515 2229 5568 Sic
2259 5516 2612 5582 manuscripti
2646 5520 2808 5566 recte.
2863 5515 3002 5568 Editl
3038 5529 3196 5576 vero,
3234 5529 3475 5566 suarum.

247 5587 337 5635 tur
362 5585 416 5638 in
449 5587 704 5641 omnibus
732 5603 865 5644 mss.
1829 5599 1831 5601 ‘
1983 5515 2096 5654 (59;
2151 5583 2224 5637 ita
2270 5584 2624 5653 manuscripti
2663 5597 2874 5638 omnes.
2922 5569 3063 5638 Editi
3116 5599 3274 5648 vero,
3321 5591 3478 5653 caput

319 5655 430 5723 (57)
467 5656 692 5712 Tertull.
722 5657 799 5713 De
826 5659 1126 5714 testimonio
1162 5674 1375 5729 anume,
1408 5674 1526 5730 cap.
1561 5657 1592 5713 5
1619 5675 1629 5710 :
1653 5657 1804 5714 Certe
1910 5659 2229 5709 sulmuucre.
