3824 6224
257 245 368 304 989

1562 254 1724 311 VITA
1763 257 1822 313 S.
1863 256 2161 313 ANTONII.

3390 265 3497 321 950

258 360 475 431 καὶτῆς
502 361 595 415 ἐπὶ
623 360 721 433 τὴν
746 362 1020 420 θάλασσαν
1049 366 1400 441 πεζοπορίας,
1430 367 1539 422 τῶν
1566 386 1625 422 τε
1649 369 1819 424 ἄλλων

1931 369 2196 441 prodigia,
2226 384 2348 440 quae
2376 368 2655 425 Christum
2690 384 2800 425 non
2830 370 3107 426 hominem
3141 380 3369 438 tantum,
3402 378 3494 431 sed

260 451 503 521 σημείων
557 454 651 506 καὶ
693 456 991 525 τεραστίων
1012 496 1030 523 ,
1077 458 1222 530 ἅπερ
1273 459 1457 513 ούκέτι
1504 459 1823 532 ἄνθρωπον,

258 539 398 594 ἀλλὰ
427 541 559 595 Θεὸν
601 542 840 596 δείκνυσι
881 545 973 599 τὸν
1005 546 1267 617 Χριστόν;
1307 547 1455 601 Πάνυ
1491 566 1580 619 μοι
1621 548 1826 601 δοκεῖτε

258 632 465 685 ἀδικεῖν
492 634 737 701 ἑαυτοὺς,
767 637 862 689 καὶ
890 636 965 709 μὴ
990 638 1227 709 γνησίως
1251 640 1675 711 ἐντετυχηκέναι
1704 641 1825 704 ταῖς

256 724 499 793 Γραφαῖς
541 725 721 796 ἡμῶν.
775 725 913 782 Ἀλλ’
962 729 1317 801 ἐντυγχάνετε
1359 732 1456 802 μὲν
1505 732 1696 802 ὑμεῖς,
1732 731 1825 784 καὶ

257 813 513 883 βλέπετε,
547 816 629 869 ὅτι
683 816 722 871 ἃ.
764 818 1062 889 πεποίηκεν
1104 822 1134 873 ὁ
1179 821 1443 892 Χριστὸς,
1491 821 1621 874 Θεὸν
1663 821 1825 874 αὑτὸν

251 906 720 978 ἀποδεικνύουσιν,
750 909 1163 982 ἐπιδημήσαντα
1186 912 1279 966 ἐπὶ
1312 913 1555 983 σωτηρίᾳ
1593 912 1702 965 τῶν
1730 913 1824 966 ἀν-

252 995 509 1067 θρὼπων.

321 1089 408 1144 76.
433 1089 637 1144 Εἴπατε
663 1090 723 1145 δὲ
752 1092 846 1146 καὶ¹
872 1092 1030 1163 ὑμεῖς
1051 1095 1184 1165 ἡμῖν
1213 1092 1282 1147 τὰ
1307 1094 1568 1166 ύμετερα.
1592 1095 1658 1147 Τί
1687 1094 1731 1148 δ’
1754 1094 1822 1148 ἂν

249 1182 456 1232 εἴποιτε
487 1182 616 1253 περὶ
641 1180 750 1235 τῶν
793 1181 1027 1251 ἀλόγων,
1063 1183 1097 1253 ἢ
1128 1183 1349 1250 ἀλογίαν
1374 1185 1467 1238 καὶ
1492 1185 1818 1256 ἀγριότητα;

263 1270 389 1324 Ἐὰν
430 1270 486 1324 δὲ
505 1312 521 1336 ,
551 1271 627 1337 ὼς
655 1271 869 1342 ἀκούω,
903 1273 1166 1346 θελήσητε
1197 1274 1373 1344 λέγειν
1401 1275 1642 1347 μυθικῶς
1668 1275 1820 1344 λέγε-

250 1362 377 1415 σθαι
405 1362 577 1416 ταῦτα
608 1367 736 1435 παρ’
762 1366 890 1436 ὑμῖν
909 1381 921 1395 ’
937 1367 1033 1419 καὶ
1052 1368 1401 1439 ἁλληγορεῖτε
1429 1368 1540 1439 (64)
1565 1369 1819 1439 ἁρπαγὴν

246 1453 435 1523 Κόρης
472 1456 552 1517 είς
582 1454 683 1526 τὴν
718 1456 822 1526 γῆν
841 1495 857 1521 ,
887 1457 981 1509 καὶ
1014 1458 1308 1527 Ἡφαίστου
1342 1457 1620 1529 χωλότητα
1651 1461 1730 1523 εἰς
1760 1460 1819 1512 τὸ

246 1542 393 1615 πῦρ,
423 1546 517 1597 καὶ
542 1546 720 1617 ’Ἦραν
746 1548 827 1611 είς
852 1550 942 1602 τὸν
965 1550 1103 1621 ἀέρα
1122 1591 1137 1613 ,
1168 1550 1261 1603 καὶ
1293 1549 1595 1603 Ἀπόλλωνα
1619 1552 1698 1615 εἰς
1728 1551 1819 1604 τὸν

238 1633 427 1704 ἥλιον,
452 1636 545 1688 καὶ
576 1637 836 1708 Ἄρτεμιν
870 1640 968 1710 μὲν
997 1643 1076 1704 εἰς
1113 1642 1213 1711 τὴν
1241 1641 1491 1712 σελήνην,
1518 1640 1606 1694 τὸν
1629 1641 1686 1694 δὲ
1716 1642 1818 1694 Πο-

1938 459 2107 516 Deum
2144 461 2566 518 demonstrant?
2606 462 2835 518 Multum
2880 464 3136 519 videmini
3180 465 3313 519 mihi
3341 467 3501 522 vobis

1936 551 2070 623 ipsis
2100 553 2308 624 iniqui,
2340 568 2443 610 nec
2486 555 2704 611 sincero
2745 554 2929 608 animo
2961 554 3271 624 Scripturas
3303 556 3500 624 legisse

1934 652 2174 700 nostras.
2224 644 2330 700 Sed
2378 644 2617 716 legitote,
2671 653 2725 702 et
2778 644 3042 700 advertite
3085 661 3207 715 quae
3245 645 3499 701 Christus

1930 735 2079 805 egit,
2125 734 2294 793 Deum
2338 736 2513 806 ipsum
2566 752 2665 809 pro
2695 737 2869 793 salute
2898 737 3180 792 hominum
3206 737 3499 794 advenien-

1929 832 2036 881 tem
2065 827 2440 897 comprobare.

2002 1087 2091 1144 76.
2116 1088 2237 1144 Jam
2270 1105 2394 1161 quae
2459 1089 2527 1145 ad
2584 1106 2682 1146 vos
2715 1092 2903 1147 attinet
2933 1091 3242 1162 loquimini.
3266 1090 3406 1158 Quid
3429 1092 3497 1147 de

1928 1179 2106 1235 brutis
2157 1180 2426 1246 dixeritis,
2486 1182 2592 1237 nisi
2648 1181 2917 1237 feritatem
2967 1190 3022 1236 et
3058 1182 3498 1238 immanitatem?

1929 1270 2084 1337 Quod
2120 1272 2198 1337 si,
2232 1280 2291 1326 ut
2320 1272 2504 1336 audio,
2537 1274 2650 1328 haec
2675 1273 2919 1327 fabulose
2948 1289 2980 1327 a
3006 1273 3158 1328 vobis
3191 1273 3334 1327 dicta
3366 1288 3497 1327 con-

1928 1362 2170 1427 tenditis,
2198 1372 2252 1419 et
2278 1379 2375 1433 per
2404 1363 2742 1434 Proserpinae
2770 1375 3009 1435 raptum,
3040 1365 3269 1435 ﬁgurate
3296 1373 3493 1418 terram

1926 1454 2273 1523 significatis;
2299 1470 2394 1524 per
2412 1453 2638 1510 Vulcani
2659 1455 3133 1520 claudicationem,
3160 1453 3373 1524 ignem;
3400 1468 3497 1521 per

1923 1544 2216 1613 Junonem,
2256 1561 2473 1615 aerem;
2509 1562 2619 1616 .per
2649 1547 2973 1617 Apollinem,
3011 1546 3217 1611 solem;
3247 1560 3342 1615 per
3371 1542 3496 1598 Dia-

1925 1651 2073 1700 nam,
2108 1636 2334 1704 lunam;
2382 1652 2479 1708 per
2521 1636 2854 1708 Neptunum,
2893 1654 3077 1703 mare;
3113 1636 3283 1690 nihilo
3322 1636 3496 1706 magis

248 1725 476 1779 σειδῶνα
498 1726 579 1789 είς
601 1727 700 1797 τὴν
724 1727 996 1783 Θάλασσαν
1018 1748 1030 1761 ·
1052 1731 1202 1784 οὐδὲν
1233 1727 1397 1804 ἦττον
1423 1732 1582 1784 αὑτὸν
1612 1733 1670 1784 οὐ
1693 1732 1819 1788 Θεὸν

1931 1730 2101 1799 ipsum
2129 1728 2298 1784 Deum
2330 1730 2542 1796 colitis;
2573 1728 2666 1785 sed
2694 1729 2893 1783 creatis
2936 1729 3099 1783 rebus
3139 1727 3356 1783 servitis
3398 1741 3497 1796 po-

244 1814 493 1883 σέσεσθε,
512 1817 646 1871 ἀλλὰ
671 1822 735 1890 τῇ
763 1820 934 1873 κτίσει
954 1820 1241 1892 λατρεύετε
1267 1822 1416 1892 παρὰ
1441 1823 1532 1875 τὸν
1550 1822 1620 1876 τὰ
1641 1823 1818 1876 πάντα

242 1908 508 1962 κτίσαντα
535 1909 687 1964 Θεόν.
722 1911 785 1963 El
816 1911 957 1981 γὰρ,
1006 1914 1087 1966 ὅτι
1116 1912 1252 1983 καλὴ
1294 1915 1327 1982 ὴ
1363 1913 1567 1978 κτίσις,
1599 1914 1819 1968 τοιαῦτα

243 2001 576 2072 συνεθήκατε
598 2020 611 2033 ·
658 2003 771 2056 ἀλλ’
821 2004 927 2057 ἔδει
978 2004 1138 2075 μέχρι
1196 2004 1289 2057 τοῦ
1341 2005 1613 2075 θαυμάσαι
1660 2006 1818 2075 μόνον

242 2091 390 2161 ὑμᾶς
422 2092 693 2160 γενέσθαι,
726 2093 822 2147 καὶ
850 2093 925 2165 μὴ
955 2093 1267 2164 θεοποιῆσαι
1290 2093 1358 2146 τὰ
1390 2095 1697 2165 ποιήματα·
1730 2095 1817 2148 ἵνα

216 2244 221 2245 ν
245 2182 323 2251 μὴ
348 2181 447 2252 τὴν
465 2180 560 2235 τοῦ
582 2183 926 2255 Δημιουργοῦ
948 2184 1111 2256 τιμὴν
1130 2186 1236 2246 τοῖς
1250 2187 1498 2255 γενητοῖς
1518 2186 1813 2258 παρέχητε.

254 2270 411 2322 Ἐπεὶ
442 2269 557 2341 ὦρα
588 2272 732 2342 ὑμᾶς
759 2273 854 2325 καὶ
880 2270 973 2325 τοῦ
1003 2273 1383 2343 ἀρχιτέκτονος
1415 2275 1515 2344 τὴν
1547 2275 1711 2347 τιμὴν
1737 2279 1816 2341 είς

237 2359 340 2430 τὴν
382 2360 471 2413 ὑπ’
508 2360 669 2414 αὑτοῦ
698 2361 993 2431 γενομένην
1033 2361 1208 2415 οἰκίαν
1260 2364 1605 2435 μεταφέρειν,
1649 2367 1682 2437 ἧ
1717 2367 1815 2438 τὴν

235 2448 336 2504 τοῦ
396 2452 702 2523 στρατηγοῦ
736 2454 816 2516 είς
851 2453 943 2507 τὸν
980 2453 1339 2527 στρατιώτην.
1373 2456 1438 2510 Τί
1470 2458 1648 2512 τοίνυν
1682 2459 1815 2530 πρὸς

235 2545 414 2600 ταῦτα
454 2546 675 2617 λέγετε,
721 2549 810 2603 ἵνα
866 2549 1119 2620 γνῶμεν,
1162 2552 1211 2605 εί
1253 2551 1404 2617 ἄξιόν
1450 2570 1504 2607 τι
1550 2554 1746 2626 χλεύης
1785 2557 1814 2609 ὁ

237 2639 472 2710 σταυρὸς
497 2639 642 2710 ἔχει;

312 2730 402 2785 77.
454 2731 709 2787 Ἐκείνων
744 2733 801 2787 δὲ
826 2732 1263 2805 διαπορούντων,
1305 2736 1401 2791 καὶ
1434 2750 1815 2809 στρεφομενων

234 2814 340 2875 ὧδε
371 2824 593 2876 κάκεῖσε
616 2866 632 2890 ,
665 2825 948 2896 μειδιάσας
979 2827 1007 2878 ὁ
1052 2826 1335 2892 Ἀντώνιος
1393 2827 1494 2901 ἔφη
1542 2830 1703 2883 πάλιν
1745 2829 1811 2883 δι’

1922 1823 2031 1876 tius
2075 1836 2239 1891 quam
2275 1820 2519 1876 omnium
2559 1820 2789 1874 creatori
2828 1818 2956 1873 Deo.
2985 1817 3139 1885 Quod
3189 1818 3237 1873 si
3276 1817 3391 1871 haec
3424 1817 3495 1869 ob

1900 1918 2224 1973 ,creatorum
2274 1910 2730 1980 pulchritudinem
2773 1908 3065 1964 commenti
3112 1908 3285 1974 estis,
3357 1906 3494 1962 satis

1916 2011 2032 2055 erat
2054 2017 2117 2056 ea
2142 2001 2350 2067 mirari,
2378 2018 2478 2057 nec
2498 2000 2710 2071 opiﬁcia
2730 2015 2829 2071 pro
2849 1999 2953 2054 diis
2972 1999 3192 2062 habere,
3237 2013 3305 2053 ne
3324 1996 3492 2052 Crea-

1916 2092 2055 2151 toris
2085 2095 2347 2148 honorem
2370 2092 2534 2149 factis
2558 2092 2723 2147 rebus
2752 2090 3123 2147 ascriberetis.
3160 2086 3377 2160 Alioqui
3401 2103 3491 2144 re-

1916 2190 2021 2237 stat
2058 2190 2118 2236 ut
2144 2182 2427 2237 architecti
2465 2183 2727 2237 honorem
2752 2181 2820 2236 ad
2852 2180 3077 2236 domum
3115 2180 3183 2235 ab
3223 2180 3316 2235 illo
3347 2187 3492 2233 stru-

1916 2282 2060 2328 etam
2107 2272 2469 2337 transferatis,
2503 2281 2597 2327 aut
2643 2272 2800 2327 ducis
2842 2271 2911 2327 ad
2944 2270 3195 2326 militem.
3239 2268 3380 2336 Quid
3421 2268 3491 2323 ad

1916 2367 2033 2422 haec
2064 2364 2249 2436 igitur,
2280 2374 2340 2421 ut
2365 2365 2604 2422 sciamus
2632 2379 2765 2420 num
2802 2363 2935 2435 quid
2964 2363 3081 2420 risu
3107 2363 3331 2433 dignum
3353 2376 3488 2417 crux

1914 2456 2110 2513 habeat
2123 2456 2145 2511 ?

1984 2740 2074 2797 77.
2114 2738 2503 2796 Haasitantibus
2543 2738 2672 2803 illis,
2714 2746 2880 2809 atque
2932 2735 3040 2791 huc
3090 2734 3327 2804 illucque
3369 2744 3489 2788 sese

1911 2832 2373 2896 convertentibus,
2404 2830 2695 2887 subridens
2723 2827 2996 2884 Antonius
3023 2841 3119 2898 per
3139 2825 3486 2895 interpretem

232 2914 519 2986 ἑρμηνέως
547 2915 660 2987 (65)
684 2934 697 2947 ⁸
731 2917 917 2970 Ταῦτα
950 2917 1048 2989 μὲν
1079 2918 1174 2971 καὶ
1199 2918 1295 2973 ἀπ’
1320 2921 1490 2992 αὐτῆς
1518 2921 1616 2991 τῆς
1639 2922 1813 2991 ὅψεως

1931 2938 2130 2978 'ursum
2161 2922 2239 2977 ait
2268 2939 2283 2976 :
2318 2921 2444 2977 Hac
2472 2921 2651 2992 primo
2673 2927 2897 2991 aspectu
2923 2918 2997 2973 ita
3025 2932 3086 2973 se
3110 2915 3312 2971 habere
3330 2928 3487 2970 coar-

232 3006 349 3076 ἔχει
391 3008 482 3061 τὸν
520 3008 768 3079 ἔλεγχονο
793 3009 981 3081 ἐπειδὴ
1020 3010 1077 3063 δὲ
1104 3012 1304 3082 μᾶλλον
1342 3013 1501 3083 ὑμεῖς
1531 3016 1643 3077 τοῖς
1671 3013 1810 3067 ἀπο-

1931 3021 2169 3083 ;uuntur.
2202 3010 2469 3066 Caeterum
2494 3009 2623 3079 quia
2650 3008 2984 3080 argumentis
3012 3006 3193 3078 potius
3226 3002 3486 3065 nitimini,

228 3099 522 3164 δεικτικοῖς
564 3100 741 3169 λόγοις
780 3101 1157 3174 ὲπερείδεσθε,
1206 3103 1301 3157 καὶ
1342 3103 1545 3174 ταύτην
1595 3103 1808 3175 ἔχοντες

1931 3110 1965 3158 :t
2004 3103 2109 3158 hac
2133 3102 2267 3156 estis
2299 3101 2552 3156 instructi
2586 3109 2723 3167 arte,
2754 3115 2931 3170 neque
2959 3113 3058 3154 vos
3085 3096 3247 3179 vultis
3280 3095 3489 3166 absque

228 3190 333 3263 τὴν
358 3190 571 3263 τέχνην,
604 3192 855 3263 βούλεσθε
884 3194 981 3249 καὶ
1010 3195 1160 3265 ἡμᾶς
1190 3195 1266 3267 μὴ
1288 3196 1413 3250 ἄνευ
1446 3196 1548 3267 τῆς
1582 3197 1669 3251 διὰ
1698 3197 1810 3252 τῶν

1931 3195 2325 3251 irobationibus
2370 3193 2541 3249 Deum
2596 3192 2807 3260 colere;
2861 3207 2958 3247 vos
3016 3190 3252 3261 primum
3281 3187 3484 3253 dicite,

228 3282 405 3353 λόγων
443 3285 766 3353 ἀποδείξεως
810 3286 1081 3345 θεοσεϐεῖν
1100 3305 1113 3319 ο
1154 3286 1343 3342 εἴπατε
1380 3288 1595 3362 πρῶτον
1629 3289 1807 3360 ὑμεῖς,

1931 3286 2117 3343 Rerum
2150 3295 2204 3342 et
2226 3285 2571 3357 potissimum
2604 3284 2699 3340 Dei
2738 3284 2979 3355 cognitio
3006 3298 3115 3354 qua
3149 3281 3363 3336 ratione
3393 3294 3486 3334 ac-

228 3371 301 3427 τὰ
333 3374 654 3447 πράγματα,
689 3377 783 3430 καὶ
812 3376 1047 3448 μάλιστα
1075 3381 1111 3449 ἡ
1135 3379 1264 3451 περὶ
1298 3379 1394 3433 τοῦ
1421 3378 1555 3433 Θεοῦ
1584 3379 1809 3448 γνῶσις,

1931 3389 2103 3436 :urate
2128 3377 2445 3449 percipitur,
2473 3376 2889 3432 ratiociniorum
2912 3371 3396 3436 demonstratione,
3414 3386 3483 3424 an

1573 3556 1701 3612 VEB
1712 3556 1821 3612 SIO
1858 3556 2159 3612 EVAGRII.

228 3708 450 3781 eloquio
473 3749 503 3781 ,ν
537 3719 592 3764 et
632 3726 744 3767 non
791 3712 977 3767 statim
1007 3710 1242 3781 iungitis
1291 3726 1560 3767 caecorum
1591 3712 1806 3775 visum,
1841 3711 2137 3781 surdurumﬁ
2166 3710 2449 3777 auditum,
2485 3709 2806 3767 claudorum
2842 3722 3089 3780 gressum
3137 3707 3484 3781 (66),_le_pr:e

227 3777 694 3846 emundationem,
721 3782 963 3837 serviens
984 3777 1286 3837 ambulanti
1313 3781 1423 3835 Deo
1448 3798 1548 3836 suo
1575 3797 1746 3847 mare,
1774 3783 2082 3836 daemonum
2118 3780 2295 3849 fugas,
2323 3780 2780 3835 resurrectionem
2810 3777 3172 3841 mortuorum,
3206 3786 3261 3833 et
3284 3777 3481 3849 defun-

229 3856 444 3922 ctorum
477 3850 546 3903 ab
574 3849 765 3922 inieris
799 3850 1045 3907 reditus?
1076 3851 1200 3906 Haec
1225 3852 1410 3907 omnia
1436 3850 1735 3922 Scripturis
1763 3851 1987 3922 divinis,
2014 3848 2555 3922 quasinterpellatis,
2587 3851 2791 3922 inserta
2822 3856 2971 3922 sunt,
2998 3857 3054 3922 et
3094 3849 3291 3922 iisdem
3318 3848 3482 3922 volu-

232 3920 487 3992 minibus
507 3918 872 3992 continentur
886 3922 1159 3991 praeconia
1189 3922 1509 3992 maiestatis,
1538 3918 1593 3976 et
1613 3922 1808 3977 mortis
1832 3918 2119 3977 dedecora.
2147 3918 2505 3992 Quamobrem
2532 3920 2679 3992 odio,
2712 3935 2821 3989 quo
2850 3918 3043 3992 imbuti
3067 3918 3220 3982 estis,
3244 3918 3478 3987 abjecto,

229 3989 524 4061 ingenii-tis
558 3988 726 4053 illico,
760 4000 814 4044 et
845 3988 1013 4061 Deum
1048 4007 1237 4046 verum
1268 3988 1390 4047 esse
1422 3988 1631 4057 Jesum,
1655 4001 1710 4046 et
1741 3992 1935 4047 salutis
1970 3992 2222 4046 humanae
2246 3991 2418 4061 gratia
2448 3989 2699 4061 fragilem
2721 3990 3085 4061 assumpsisse
3131 3998 3403 4061 naturam.

304 4057 648 4131 76.Yestram
686 4068 867 4114 tamen
902 4060 1082 4131 nobis,
1127 4064 1173 4116 si
1218 4077 1327 4115 non
1360 4062 1545 4131 pudet,
1577 4056 1793 4116 narrate
1820 4062 2157 4131 religionem.
2188 4056 2291 4131 Sed
2333 4076 2471 4129 quas
2501 4056 2657 4131 error
2690 4058 2874 4131 infelix
2906 4056 3104 4128 poterit
3131 4056 3333 4114 referre
3356 4057 3478 4111 cul-

229 4139 384 4183 turas
409 4129 475 4183 de
504 4138 654 4183 tanta
688 4144 871 4184 rerum
906 4129 1151 4186 fmditate
1182 4139 1345 4201 atque
1362 4129 1675 4204 vecordia?
1713 4132 1815 4187 nisi
1848 4129 1985 4186 forte
2017 4132 2100 4204 (ut
2117 4130 2307 4256 audio?
2334 4131 2545 4186 fabulas
2576 4130 2814 4184 aﬂ'eratis
2842 4129 3065 4183 deorum
3096 4136 3399 4183 vestrorum
3426 4138 3482 4183 et

229 4199 598 4253 obscenitates
625 4207 679 4253 et
703 4200 1070 4256 crudelitates.
1098 4210 1152 4255 et
1177 4204 1440 4256 vanitates
1477 4211 1531 4256 et
1568 4210 1790 4256 mortes.
1830 4210 2071 4256 tegentes
2104 4216 2198 4256 eas
2222 4202 2275 4256 al
2296 4201 2528 4256 eaoricis
2563 4200 2964 4255 velaminibus:
2993 4196 3202 4252 Libera;
3238 4205 3477 4256 ramum.

228 4199 679 4272 obscenitates_et_
703 4200 1070 4272 crudelitates,
1098 4210 1152 4255 et
1177 4196 1454 4272 vanitates
1477 4211 1531 4257 et
1568 4196 1790 4265 mortes,
1830 4196 2071 4272 tegentés
2104 4216 2198 4258 eas
2222 4196 2928 4272 allegoricisrvelaminibus
2951 4217 2964 4253 :
2985 4196 3202 4272 _L_iberaz
3238 4205 3477 4272 raptum,

228 4278 462 4343 ierram;
493 4269 887 4343 semiclaudum
910 4268 1215 4343 Yulcanum
1242 4271 1774 4343 etdebilem,_ignem
1798 4291 1811 4339 ;
1834 4267 2372 4343 Ju'nonennaerem';
2398 4271 2724 4343 Apollinem,
2754 4271 2956 4343 solem;
2982 4268 3230 4332 Dianam,
3255 4267 3476 4343 lun_am_;

228 4337 564 4411 Neptunum,
594 4340 799 4411 ma_ria;
826 4349 879 4395 et
913 4341 1198 4396 libidinum
1238 4341 1533 4411 principem
1572 4337 2076 4406 Jovem,aetberem
2124 4337 2560 4411 interpretantes.
2595 4340 2725 4402 Nec,
2756 4350 2893 4411 post
2926 4340 3065 4393 hanc
3111 4337 3480 4411 excusationis

225 4408 856 4482 procacitatem,‘Deum,
888 4411 983 4482 sed
1001 4408 1304 4476 creaturas,
1339 4408 1649 4482 contempto
1681 4411 1959 4475 Creatore,
1992 4408 2290 4482 suscipitis.
2326 4412 2481 4477 Quod
2511 4412 2555 4465 si
2588 4408 2934 4481 pulchritudo
2963 4424 3061 4463 vos
3087 4408 3478 4482 elementorum

225 4476 293 4531 ad
327 4492 483 4531 suam
518 4478 685 4551 traxit
708 4481 1137 4551 venerationem.
1163 4483 1385 4536 modum
1416 4481 1499 4537 fas
1529 4476 1647 4537 erat
1683 4482 1989 4546 custodire;
2026 4492 2079 4536 et
2107 4476 2390 4551 oportebat
2429 4476 2618 4535 mirar'i
2650 4488 2881 4551 tantum,
2910 4494 3015 4551 nec
3045 4478 3257 4551 colere;
3290 4492 3359 4531 ne
3396 4476 3480 4531 fa-

222 4556 395 4628 cturae
430 4550 707 4628 veneratio
723 4547 1010 4628 _Qreat_oris
1033 4551 1441 4628 esset_injuria.
1462 4551 1604 4628 _Nam
1648 4547 2311 4628 secundumistiusinodi,
2344 4566 2509 4628 quam
2553 4566 2653 4628 vos
2690 4549 3004 4628 sequimini,
3038 4548 3301 4628 rationem
3335 4562 3478 4616 pra:-

221 4626 516 4699 posteraui,
542 4626 596 4673 et
627 4619 907 4699 architecti
940 4622 1123 4699 honor
1138 4619 1390 4699 migrabit
1411 4623 1478 4677 ad
1505 4623 1751 4699 domum,
1777 4622 2050 4699 et'medici
2062 4622 2302 4699 scientia
2333 4619 2399 4699 ad
2430 4621 2673 4699 remedia
2702 4619 3035 4682 conferetur,
3068 4619 3312 4699 omnium
3335 4634 3476 4699 quo-

221 4700 330 4762 q_u_e
360 4688 633 4762 artificum
662 4689 853 4762 merita
876 4691 969 4762 vel
1000 4692 1187 4746 laudes
1214 4688 1279 4746 ad
1308 4706 1470 4762 opera
1497 4692 1914 4749 transferentur.
1935 4691 2078 4758 Quid
2101 4692 2169 4747 ad
2196 4692 2313 4747 haec
2335 4691 2541 4756 dicitis,
2566 4700 2627 4746 ut
2651 4704 3016 4761 agnoscamus
3058 4703 3181 4742 oua:
3202 4688 3275 4743 sit
3295 4688 3478 4744 crucis

222 4756 467 4829 ridicula;
495 4758 650 4829 vobis
684 4758 1044 4829 ignominiosa
1079 4756 1359 4818 confessio
1372 4763 1396 4815 ?

296 4826 385 4907 7_7.
418 4825 927 4910 Hae/disputatione
957 4832 1407 4910 converteniibus
1430 4830 1570 4910 inter
1591 4847 1651 4887 se
1668 4832 2010 4903 philosophis
2029 4833 2238 4897 oculos,
2272 4830 2548 4910 simulque
2577 4828 3026 4910 mussitantibus,
3046 4827 3335 4909 subridens
3366 4827 3478 4910 Αιιτ

222 4897 427 4962 tonius,
460 4897 678 4974 rursum
707 4915 805 4974 per
837 4901 1188 4974 interpritem
1224 4902 1300 4974 ait
1328 4921 1342 4957 :
1369 4897 1689 4974 Prmdurum
1734 4897 1972 4974 namque
2003 4911 2201 4958 cuncto
2233 4897 2651 4974 videtur'operi,
2680 4899 3070 4974 quotiesjusto
3100 4899 3368 4953 universa:
3396 4898 3475 4974 rei

222 4976 413 5041 tenore
444 4968 674 5032 calcato,
706 4969 907 5023 laboris
937 4968 1128 5026 merita
1158 4971 1316 5026 factis
1355 4972 1530 5041 magis
1563 4988 1727 5041 quam
1762 4968 2063 5029 factoribus
2112 4981 2455 5029 astruuntur.
2486 4968 2764 5026 Elemen'ta
2796 4968 3033 5041 quidem,
3059 4977 3121 5023 ut
3156 4969 3475 5041 memoravi,

222 4987 413 5046 lCllin'e
444 4987 674 5032 calcato,
706 4987 907 5023 tauons
937 4987 1128 5026 merita
1158 4987 1316 5026 tactis
1355 4987 1530 5041 magis
1563 4988 1727 5041 quam
1762 4987 2063 5029 tactorinus
2112 4987 2455 5029 astruuntur.
2486 4987 2764 5026 mementa
2796 4987 3033 5095 quidem,
3059 4987 3121 5023 ut
3156 4987 3475 5048 memoravi,

219 5051 285 5088 ex
317 5051 437 5114 Ipso
466 5048 759 5108 conspectu
793 5055 961 5114 suam
979 5044 1335 5114 comprobant
1356 5044 1692 5114 servitutem.
1727 5042 1835 5098 Sed
1863 5044 2123 5114 quoniam
2164 5057 2264 5098 vos
2302 5041 2683 5114 observatione
2719 5042 2809 5097 dia
2834 5041 3027 5114 ectica,
3050 5052 3406 5114 necessarIaL
3418 5048 3478 5091 ut

221 5106 443 5183 putatis,
468 5106 698 5183 quaeque
741 5110 1017 5183 colligitis,
1052 5106 1155 5167 hoc
1200 5129 1418 5182 quoque
1448 5113 1680 5167 artificio
1712 5106 1898 5167 etiam'
1922 5128 2022 5168 nos
2048 5121 2293 5168 nostram
2338 5112 2657 5183 religionem
2687 5108 3332 5183 compellitisaliirmare.
3369 5106 3477 5162 Be-

219 5175 499 5257 spondete
515 5175 649 5257 mihi
678 5197 702 5257 _:
729 5175 1095 5257 cognitiopei
1128 5175 1587 5257 quemadmodum
1620 5184 1966 5257 manifestius
1994 5184 2346 5257 approbatur,
2373 5175 2470 5252 per
2506 5175 2885 5237 collectionem
2921 5180 3342 5257 verborumna'n
3379 5192 3477 5246 per

218 5246 596 5314 Operationem
618 5249 742 5304 fidei
764 5245 889 5305 ?—et
908 5252 1036 5321 quid
1070 5245 1349 5323 antiquius
1376 5261 1479 5318 est,
1504 5254 1749 5323 operatio
1771 5254 1917 5320 tidei,
1947 5245 2343 5323 an'd'isputatio
2374 5245 2476 5323 per
2516 5262 2837 5323 argumenta
2872 5248 3209 5322 procedens?
3241 5245 3352 5302 Illis
3381 5245 3472 5300 re-

294 5389 409 5475 (64)
432 5391 510 5447 Ita
537 5408 727 5475 omnes
762 5413 895 5475 mss.
936 5396 1080 5475 Editi
1103 5414 1252 5475 ve_ro_.
1295 5399 1781 5475 xatdﬂqvopshe

1960 5399 2083 5475 (65)
2103 5399 2181 5455 Ita
2202 5397 2836 5475 quidamimanuscripti.
2862 5397 2924 5475 _ln
2953 5394 3116 5452 editis
3144 5408 3273 5450 vero
3295 5403 3351 5448 et
3371 5410 3473 5449 cae-

214 5460 468 5546 τὴνχῆν,
515 5465 1122 5546 οπηίεεξξιηυέῠυεαοω..
1157 5460 1302 5546 infra
1344 5471 1475 5546 editi
1504 5460 1784 5546 οιίξῃὲεΑει

1931 5460 2206 5546 ει-ίίξζιιξεο,
2220 5460 2393 5525 ’πάλιν
2417 5470 2485 5546 δι’
2517 5460 2815 5546 ἑρμηνέως,
2845 5468 3103 5546 desunt.‘
3192 5533 3207 5546 _

214 5530 451 5611 quidam
469 5530 808 5611 ωεξηούδὲν
831 5535 993 5611 ἦττον
1050 5539 1214 5611 αὑτὸν
1236 5540 1326 5593 τὸν
1352 5539 1484 5592 Θεὸν
1534 5538 1778 5611 σέϐεσθε,

1960 5530 2071 5611 (66)
2096 5530 2562 5610 Sic'manuscripti'
2580 5530 2812 5611 quidam
2832 5553 2956 5595 cum
2974 5534 3155 5594 editis.
3177 5533 3284 5589 Alii
3315 5549 3467 5601 vero,

210 5603 729 5729 eiimmiriacimriino
753 5603 1035 5671 seuientia.
1059 5607 1260 5680 Regius
1286 5610 1579 5676 secundus,
1612 5618 1662 5668 et
1686 5603 1783 5665 Sa-
1899 5603 2130 5666 cui-sum.

297 5710 313 5725 .
349 5688 383 5727 u
431 5688 486 5729 in
536 5689 599 5728 ex
630 5690 685 5729 ιι.

297 5710 313 5725 .
349 5688 410 5728 υι
431 5688 486 5729 ιη
515 5688 685 5729 textu.
