3824 6224
347 267 445 325 961

953 266 1011 323 S.
1043 264 1411 323 ATHANASII
1443 265 1592 324 OPP.
1632 264 1815 322 PARS
1850 265 1891 321 l.
1931 297 1997 309 —
2037 225 2407 334 IIJST'OBiCA
2445 268 2535 326 ET
2569 267 2985 329 DOGMATICA.

345 381 469 438 ﬁdei
502 381 864 453 operatione?
894 391 989 438 aut
1013 382 1143 453 quid
1171 383 1474 454 antiquius,
1508 382 1642 439 ﬁdes
1673 399 1796 452 quae
1818 397 1911 454 per

2015 381 2134 445 πῶς
2162 382 2405 454 ἀκριϐῶς
2431 383 2868 452 διαγινώσκεται,
2890 383 2958 438 δι’
2986 383 3306 449 ἀποδείξεως
3333 363 3531 454 λέγων,
3553 383 3590 456 ἢ

344 473 716 544 operationem
761 473 1010 536 habetur,
1035 489 1104 528 an
1139 474 1474 544 argumentis
1507 472 1646 528 facta
1689 473 1920 529 demon-

344 563 758 634 stratio?382
791 562 900 618 lllis
939 564 1346 633 reponentibus,
1393 565 1757 634 antiquiorem
1797 578 1921 620 esse

342 655 504 710 ﬁdem
537 670 661 725 qua:
687 669 784 725 per
811 656 1187 726 operationem
1225 655 1478 716 habetur.
1512 670 1743 726 esseque
1770 655 1916 710 illam

343 755 655 802 accuratam
703 747 1092 816 cognitionem,
1122 748 1198 802 ait
1217 747 1487 803 Antonius
1516 766 1528 803 :
1567 747 1733 802 Recte
1778 746 1919 801 dixi-

344 835 476 891 stis:
505 851 630 890 nam
673 835 807 891 ﬁdes
842 853 910 891 ex
949 837 1119 892 animi
1155 837 1350 894 aﬁ‘ectu
1383 838 1599 904 oritur;
1633 836 1923 891 dialectica

341 938 472 977 vero
496 931 789 979 auctorum
833 940 1060 980 suorum
1103 935 1220 982 arte
1259 927 1553 982 constituta
1595 935 1700 981 est.
1730 925 1918 995 Itaque

339 1015 542 1086 quibus
581 1017 740 1071 adest
769 1017 1018 1086 operatio
1061 1017 1155 1071 illa
1191 1031 1289 1088 per
1332 1016 1517 1083 ﬁdem,
1543 1017 1650 1072 illis
1692 1016 1917 1072 minime

340 1110 673 1176 necessaria,
703 1110 814 1166 imo
843 1109 985 1166 forte
1021 1127 1424 1182 supervacanea
1453 1122 1538 1170 est
1565 1114 1914 1171 demonstra-

340 1198 417 1254 tio
447 1203 782 1271 argumentis
820 1201 982 1257 facta.
1021 1203 1297 1274 Siquidem
1327 1207 1473 1274 quod
1494 1221 1594 1260 nos
1623 1206 1726 1260 ﬁde
1756 1207 1916 1261 intel-

339 1292 595 1364 ligimus,
636 1295 690 1348 id
737 1308 836 1350 vos
885 1297 1223 1366 argumentis
1262 1298 1586 1354 concludere
1633 1299 1910 1354 nitimini:

338 1383 452 1440 imo
479 1400 623 1454 szepe
647 1400 771 1456 quae
811 1401 912 1442 nos
957 1387 1330 1459 intelligimus,
1361 1405 1429 1444 ne
1453 1391 1758 1460 exprimere
1789 1391 1913 1462 qui-

307 1543 310 1546 .
336 1473 460 1528 dem
494 1474 744 1544 potestis.
765 1473 1116 1531 Praestantior
1145 1475 1329 1548 itaque
1359 1487 1414 1534 et
1443 1477 1652 1536 ﬁrmior
1677 1488 1762 1536 est
1785 1495 1913 1551 ope-

335 1565 478 1622 ratio
501 1581 603 1637 per
619 1565 781 1622 ﬁdem
804 1566 1119 1639 sophisticis
1151 1569 1348 1628 vestris
1385 1571 1744 1642 argumentis.

411 1742 500 1801 78.
525 1743 636 1802 Nos
665 1753 812 1803 certe
849 1744 1172 1814 Christiani,
1198 1761 1308 1803 non
1358 1747 1417 1804 in
1455 1712 1720 1821 sapientia
1743 1749 1910 1805 ratio-
1938 1726 1984 1782 Β

334 1850 465 1889 num
484 1833 793 1892 Gracarum
811 1836 1133 1907 mysterium
1150 1837 1414 1894 habemus
1430 1839 1494 1905 “,
1520 1838 1616 1894 sed
1637 1839 1692 1894 in
1710 1839 1911 1894 virtute

335 1925 456 1981 tidei
485 1941 608 1996 quae
630 1941 661 1981 a
691 1925 802 1983 Deo
828 1927 989 1983 nobis
1015 1942 1110 1998 per
1136 1924 1323 1983 Iesum
1349 1927 1629 1984 Christum
1660 1929 1911 2000 suppedi-

333 2023 499 2070 tatur.
527 2013 687 2082 ρυοά
718 2025 911 2072 autem
929 2033 1055 2072 vera
1083 2017 1192 2072 sint
1218 2032 1338 2088 quae
1360 2017 1577 2088 loquor,
1612 2018 1742 2074 hinc
1761 2034 1910 2075 com-

333 2108 614 2176 probatur,
647 2108 792 2179 quod
826 2125 947 2175 nos,
980 2108 1107 2164 licet
1139 2108 1445 2165 litterarum
1485 2110 1694 2180 ignari,
1727 2111 1907 2167 credi-

333 2213 457 2253 mus
488 2197 546 2253 in
578 2197 772 2268 Deum,
794 2215 860 2256 ac
900 2216 998 2270 per
1035 2202 1154 2272 ejus
1188 2217 1374 2272 opera,
1415 2202 1588 2274 ipsius
1612 2203 1668 2258 in
1720 2206 1912 2260 omnia

330 2293 727 2362 providentiam
755 2295 1032 2352 novimus.
1060 2296 1217 2364 Quod
1243 2306 1425 2352 autem
1452 2297 1644 2352 eﬁicax
1677 2299 1749 2354 sit
1773 2299 1906 2355 ﬁdes

331 2392 538 2452 nostra,
566 2383 693 2440 hinc
715 2388 1046 2457 ostenditur,
1069 2389 1213 2460 quod
1236 2389 1396 2445 nobis
1419 2388 1523 2445 ﬁde
1547 2390 1602 2444 in
1628 2389 1906 2445 Christum

329 2475 556 2544 inuitis,
585 2477 740 2534 vobis
772 2493 904 2534 vero
935 2479 1251 2550 sophisticis
1275 2480 1782 2551 disceptationibus,
1814 2499 1908 2538 ve-

331 2576 447 2625 stra
493 2570 712 2640 quidem
761 2571 1032 2628 idolorum
1076 2581 1326 2643 portenta
1373 2573 1686 2642 abolentur;
1718 2585 1906 2632 nostra

324 2674 458 2715 vero
505 2659 641 2717 ﬁdes
689 2662 891 2733 ubique
941 2672 1293 2734 propagatur.
1325 2662 1438 2721 Vos
1478 2666 1816 2735 argumentis
1851 2675 1907 2722 et

327 2750 757 2821 saphismatibus
800 2753 1081 2809 neminem
1113 2754 1552 2812 Christianorum
1585 2758 1654 2813 ad
1681 2759 1904 2830 pagani—

328 2857 511 2897 smum
550 2842 875 2912 traducitis;
912 2861 1011 2902 nos
1038 2846 1199 2901 ﬁdem
1241 2861 1372 2918 erga
1397 2847 1678 2905 Christum
1704 2849 1905 2906 docen-

325 2945 430 3001 tes,
460 2943 697 2990 vestram
737 2936 1038 2994 minuimus
1075 2939 1519 3006 superstitionem
1544 2979 1560 3004 ,
1607 2955 1908 3013 agnoscen-

2017 472 2086 526 δι’
2116 474 2393 546 ἐνεργείας
2420 475 2691 541 πίστεως;
2738 476 2832 530 καὶ
2861 475 2913 529 τί
2940 474 3308 545 πρεσϐύτερόν
3340 478 3512 542 ἐστιν,
3555 477 3592 549 ἡ

2017 564 2084 618 δι’
2107 567 2383 638 ἐνεργείας
2419 568 2604 632 πίστις
2626 610 2640 634 ,
2669 568 2703 638 ἢ
2727 570 2760 639 ἡ
2786 567 2874 620 διὰ
2915 567 3087 636 λόγων
3116 568 3421 635 ἀπόδειξιςς
3469 569 3598 623 Τῶν

2017 658 2075 712 δὲ
2106 659 2574 742 ἀποκριναμένων,
2619 658 2991 731 πρεσϐυτέραν
3017 655 3155 712 εἶναι
3195 658 3294 730 τὴν
3337 659 3407 713 δι’
3441 661 3600 733 ἐνερ-

2016 751 2171 820 γείας
2203 751 2417 814 πίστιν,
2453 751 2547 806 καὶ
2585 750 2786 822 ταύτην
2822 747 2960 804 εἶναι
2990 750 3088 821 τὴν
3120 749 3324 820 ἀκριϐῆ
3351 750 3558 818 γνῶσιν
3579 767 3594 780 ·

2015 842 2118 914 ἔφη
2160 844 2189 896 ὸ
2227 842 2535 907 Ἀντώνιος’
2567 843 2763 907 Καλῶς
2799 842 3020 896 εῖπατεο
3061 843 3096 913 ἡ
3136 841 3234 912 μὲν
3267 843 3378 914 γὰρ
3405 843 3596 907 πίστις

2015 934 2124 988 άπὸ
2160 933 2450 1000 διαθέσεως
2480 935 2656 1007 ψυχῆς
2697 935 2902 1004 γίνεται
2923 937 2994 1006 ’ἡ
3033 935 3090 987 δὲ
3129 935 3436 1005 διαλεκτικὴ
3479 935 3597 990 ἀπὸ

2013 1026 2206 1096 τέχνης
2230 1026 2338 1080 τῶν
2369 1026 2722 1081 συντιθέντων
2747 1026 2914 1080 ἐστίν.
2970 1025 3180 1080 Οὐκοῦν
3216 1021 3298 1090 οἷς
3325 1027 3597 1098 πάρεστιν

2012 1118 2046 1188 ἡ
2070 1117 2157 1170 διὰ
2179 1116 2414 1182 πίστεως
2439 1117 2708 1188 ἐνέργεια,
2724 1117 2933 1182 τούτοις
2953 1117 3055 1171 οὐκ
3079 1117 3420 1189 άναγκαία,ἢ
3445 1119 3595 1190 τάχα

2013 1206 2106 1260 καὶ
2148 1206 2374 1278 περιττὴ
2405 1208 2439 1277 ἡ
2467 1206 2556 1260 διὰ
2595 1206 2768 1276 λόγων
2801 1206 3093 1272 ἀπόδειξις.
3139 1208 3248 1260 Καὶ
3291 1207 3401 1279 γάρ
3445 1209 3589 1280 ὅπερ

2011 1297 2174 1366 ἡμεῖς
2214 1299 2279 1350 ἐκ
2314 1296 2549 1360 πίστεως
2579 1296 2834 1367 νοοῦμεν,
2875 1295 3033 1350 τοῦτο
3078 1296 3235 1369 ὑμεῖς
3276 1295 3364 1350 διὰ
3409 1297 3590 1365 λόγων

2011 1388 2437 1454 κατασκευάζειν
2484 1389 2747 1461 πειρᾶσθε
2796 1389 2943 1460 (67)·
3003 1387 3098 1443 καὶ
3157 1388 3412 1454 πολλάκις
3461 1391 3588 1445 οὐδὲ

2013 1480 2216 1553 φράσαι
2272 1480 2308 1534 ἃ
2358 1481 2582 1552 νοοῦμεν
2607 1481 2866 1536 δύνασθε·
2905 1480 3046 1535 ὥστε
3082 1480 3305 1551 βελτίων
3337 1481 3430 1535 καὶ
3458 1483 3589 1552 ὀχυ-

2015 1571 2227 1643 ρωτέρα
2279 1572 2315 1642 ἡ
2362 1571 2452 1625 διὰ
2502 1571 2738 1636 πίστεως
2797 1571 3046 1644 ἐνέργεια
3094 1571 3205 1627 τῶν
3257 1572 3588 1642 σοφιπιιαῦν

2010 1662 2163 1735 ὑμῶν
2191 1661 2580 1734 συλλογισμῶν.

2081 1753 2172 1810 78.
2201 1755 2391 1826 Ἡμεῖς
2408 1755 2586 1810 τοίνυν
2607 1755 2656 1810 οῖ
2678 1755 2994 1827 Χριστιανοὶ
3013 1757 3114 1811 οὐκ
3138 1770 3197 1810 εν
3221 1755 3382 1827 σοφίᾳ
3407 1755 3588 1824 λόγων

2021 1845 2354 1920 Ἑλληνικῶν
2376 1845 2572 1919 ἔχομεν
2614 1847 2676 1902 τὸ
2717 1850 3046 1920 μυστήριονο
3089 1847 3202 1902 ἀλλ’
3251 1849 3311 1900 ἐν
3351 1847 3587 1916 δυνάμει

2009 1938 2246 2003 πίστεως
2288 1939 2795 2012 ἐπιχορηγουμένης
2839 1941 2969 2011 ἡμῖν
2998 1938 3084 1992 διὰ
3127 1936 3301 2009 Ἰησοῦ
3341 1935 3588 2009 Χριστοῦ

2009 2031 2162 2103 παρὰ
2185 2030 2342 2086 Θεοῦ.
2374 2033 2485 2086 Καὶ
2516 2033 2604 2085 ὅτι
2641 2031 2847 2104 ἀληθής
2876 2033 3023 2086 ἐστιν
3055 2033 3084 2086 ὁ
3115 2030 3291 2102 λόγος,
3323 2029 3431 2086 ἰδοὺ
3462 2029 3584 2096 νῦν,

2011 2123 2086 2196 μὴ
2138 2124 2397 2195 μαθόντες
2443 2125 2603 2196 ἡμεῖς
2629 2125 2962 2196 γράμματα,
2994 2125 3323 2196 πιστεύομεν
3363 2126 3446 2188 εἰς
3491 2125 3588 2178 τὸν

2007 2212 2158 2276 Θεὸν,
2190 2211 2641 2282 ἐπιγινώσκοντες
2675 2213 2761 2266 διά
2795 2215 2903 2269 τῶν
2931 2213 3250 2286 ποιημάτων
3291 2213 3455 2268 αὐτοῦ
3484 2213 3586 2285 τὴν

2007 2304 2090 2366 εἰς
2116 2303 2294 2357 πάντα
2324 2304 2603 2375 πρόνοιαν.
2639 2305 2748 2358 Καὶ
2773 2305 2855 2358 ὅτι
2880 2306 3108 2376 ἐνεργής
3137 2305 3282 2357 ἐστιν
3319 2304 3354 2372 ἡ
3395 2303 3585 2366 πίστις

2007 2394 2198 2465 ⁴ἡμῶν,
2244 2396 2353 2450 ἰδοὺ
2405 2395 2502 2450 νῦν
2535 2397 2698 2467 ἡμεῖς
2739 2395 3129 2469 ἐπερειδόμεθα
3157 2395 3266 2466 (68)
3300 2399 3366 2467 τῇ
3397 2396 3586 2449 πίστει

2005 2487 2070 2555 τῇ
2094 2486 2174 2548 είς
2195 2484 2284 2538 τὸν
2307 2486 2562 2555 Χριστὸν,
2580 2486 2738 2555 ὑμεῖς
2761 2485 2817 2539 δὲ
2841 2486 3177 2555 σοφιστικαῖς
3201 2484 3580 2556 λογομαχίαις.

2005 2575 2115 2628 Καὶ
2134 2575 2202 2630 τὰ
2229 2576 2330 2647 μὲν
2359 2579 2490 2648 παρ’
2521 2577 2648 2648 ὑμῖν
2681 2577 2789 2631 τῶν
2821 2576 3058 2631 εἰδώλων
3089 2576 3350 2647 φάσματα
3380 2594 3587 2648 καταρ-

2005 2667 2204 2734 γεῖται,
2232 2668 2264 2737 ἡ
2288 2666 2346 2720 δέ
2369 2668 2499 2738 παρ’
2528 2669 2657 2738 ἡμῖν
2678 2666 2860 2730 πίστις
2885 2665 3252 2720 ἐπεκτείνεται
3274 2664 3580 2736 πανταχοῦ.

2005 2756 2116 2809 Καὶ
2155 2756 2313 2827 ὑμεῖς
2345 2758 2442 2829 μὲν
2485 2757 2928 2829 συλλογιζόμενοι·
2963 2758 3061 2811 καῖ
3109 2757 3480 2828 σοφιζόμενοι,
3517 2757 3581 2811 οὑ

2008 2847 2360 2918 μεταπείθετε
2418 2849 2526 2903 άπὸ
2580 2848 3007 2921 Χριστιανισμοῦ
3054 2850 3136 2913 είς
3189 2849 3577 2920 Ἑλληνισμόν·

2005 2942 2164 3012 ἡμεῖς
2193 2941 2250 2994 δέ
2280 2941 2380 3010 τὴν
2408 2942 2488 3005 εἰς
2517 2941 2750 3013 Χριστὸν
2783 2941 2964 2995 πίστιν
2993 2940 3363 3006 διδάσκοντες,
3393 2941 3585 3010 ψιλοῦ-

325 3024 477 3079 tibus
493 3024 769 3092 omnibus,
802 3025 1085 3083 Christum
1122 3027 1294 3083 Deum
1317 3045 1440 3087 esse
1468 3041 1524 3087 et
1554 3030 1649 3087 Dei
1677 3033 1902 3088 Filium.

2014 3047 2106 3101 μεν
2128 3031 2256 3101 ὑμῖν
2281 3030 2379 3101 τὴν
2398 3031 2839 3101 δεισιδαιμονίαν,
2859 3032 3328 3100 ἐπιγινωσκόντων
3353 3032 3583 3086 πάντων

325 3113 437 3171 Vos
477 3115 799 3188 eloquentia
845 3128 1026 3175 vestra
1073 3120 1276 3177 Christi
1320 3121 1626 3179 doctrinam
1678 3125 1903 3182 minime

322 3206 600 3278 impeditis
641 3225 658 3265 :
703 3225 803 3266 nos
849 3209 1130 3266 Christum
1181 3213 1502 3269 cruciﬁxum
1535 3216 1900 3284 nominantes,

323 3314 518 3357 omnes
573 3299 830 3373 fugamus
868 3303 1181 3373 dzemones,
1232 3322 1374 3377 quos
1406 3315 1468 3362 ut
1502 3307 1632 3370 deos
1672 3308 1897 3364 timetis.

322 3390 390 3446 Et
418 3393 511 3448 ubi
555 3395 773 3464 signum
812 3397 992 3452 crucis
1041 3397 1329 3462 formatur,
1375 3400 1585 3470 magica
1627 3414 1718 3457 ars
1757 3401 1909 3457 vires-

321 3485 542 3554 amittit,
573 3494 740 3558 atque
771 3488 1033 3544 veneﬁcia
1059 3489 1194 3545 nihil
1221 3491 1437 3547 virtutis
1463 3490 1695 3548 habent.

395 3742 482 3800 79.
517 3743 690 3802 Dicite
715 3761 866 3816 ergo,
900 3747 1121 3804 ubinam
1151 3759 1279 3805 sunt
1307 3751 1528 3806 oracula
1555 3752 1778 3807 vestra?
1805 3751 1904 3806 ubi‘

319 3833 706 3910 Egyptiorum
752 3838 1195 3896 incantationes?
1219 3841 1310 3897 ubi
1344 3858 1630 3913 magorum
1665 3845 1896 3913 phanta-

2000 3121 2091 3174 τὸν
2129 3122 2364 3194 Χριστὸν
2407 3117 2547 3178 εἶναι
2598 3122 2752 3189 Θεὸν,
2797 3123 2892 3177 καὶ¹
2937 3123 3032 3176 τοῦ
3088 3122 3222 3178 Θεοῦ
3269 3124 3417 3178 Υίόν.
3466 3125 3584 3178 Καὶ

2004 3209 2162 3280 ὑμεῖς
2197 3210 2296 3281 μὲν
2329 3213 2395 3282 τῇ
2435 3210 2756 3281 καλλιεπείᾳ
2798 3211 2898 3264 οὐκ
2947 3210 3266 3282 ἐμποδίζετε
3315 3209 3428 3280 (69)
3475 3209 3580 3281 τὴν

2000 3298 2096 3352 τοῦ
2148 3298 2384 3370 Χριστοῦ
2436 3300 2826 3354 διδασκαλίαν⁸
2869 3303 3032 3374 ἡμεῖς
3074 3301 3173 3368 δὲ,
3218 3301 3581 3373 ὀνομάζοντες

2000 3391 2092 3445 τὸν
2133 3392 2546 3463 ἐσταυρωμένον
2592 3392 2844 3463 Χριστὸν,
2900 3394 3109 3457 πάντας
3152 3391 3419 3464 διώκομεν
3467 3392 3580 3446 δαί-

2007 3497 2205 3552 μονας,
2253 3481 2346 3545 οὒς
2382 3483 2538 3553 ὑμεῖς
2583 3483 2834 3552 φοϐεῖσθε
2873 3483 2949 3547 ὡς
2977 3482 3151 3546 θεούς.
3184 3483 3295 3536 Καὶ
3341 3481 3470 3536 ἔνθα
3513 3481 3579 3537 τὸ

2004 3577 2237 3646 σημεῖον·
2256 3574 2351 3628 τοῦ
2400 3573 2632 3647 σταυροῦ
2673 3575 2883 3644 γίνεται
2905 3615 2920 3640 ,
2963 3574 3177 3629 ἀσθενεῖ
3208 3574 3306 3644 μὲν
3349 3573 3574 3645 μαγεία,

2000 3665 2100 3717 οὑκ
2127 3666 2340 3736 ἐνεργεῖ
2366 3663 2423 3717 δὲ
2447 3664 2785 3736 φαρμακεία.

2075 3753 2163 3807 79.
2205 3754 2406 3806 Εἴπατε
2437 3753 2588 3822 γοῦν,
2615 3752 2718 3806 ποῦ
2747 3752 2854 3821 ,νῦν
2881 3753 3034 3824 ὑμῶν
3060 3753 3129 3807 τά
3155 3756 3413 3824 μαντεῖα;
3468 3753 3576 3810 ποῦ

2003 3845 2061 3898 αἱ
2091 3843 2201 3898 τῶν
2229 3845 2538 3916 Αἰγυπτίων
2567 3844 2842 3912 ἐπαοιδαί;
2873 3843 2975 3898 ποῦ
3003 3845 3110 3898 τῶν
3136 3845 3322 3916 μάγων
3352 3846 3410 3898 αἱ
3443 3863 3579 3916 φαν-

1651 3963 1904 4020 VERSIO
1942 3963 2244 4020 EVAGRII.

321 4056 718 4131 spondentibus
747 4057 1043 4131 ﬁrmiorem
1076 4061 1423 4116 sermonibus
1452 4063 1819 4130 operationem
1852 4078 1998 4126 esse,
2025 4071 2077 4118 et
2118 4063 2258 4117 hanc
2279 4061 2540 4131 liquidam
2563 4062 2631 4117 de.
2657 4059 2766 4116 Deo
2788 4060 3188 4131 cognitionem;
3221 4059 3361 4131 bene
3389 4075 3485 4114 eos
3521 4069 3579 4115 et

321 4130 438 4201 ipse
461 4127 667 4201 dixisse
694 4130 1021 4201 consensit;
1053 4133 1182 4200 quia
1219 4127 1615 4200 operationem,
1660 4133 1752 4201 qui
1797 4149 1861 4188 ex
1897 4133 2001 4187 ﬁde
2022 4127 2528 4197 descendit,'animi

317 4197 690 4273 disputatione
710 4215 774 4254 ex
809 4199 1042 4273 artiﬁcio
1071 4197 1516 4273 componentimn
1549 4197 1782 4270 sumpsit
1810 4204 2178 4273 appositionis
2191 4202 2496 4256 exordium.

2606 4142 2792 4187 enerat
2841 4131 3094 4197 aﬂ‘ectus;
3129 4129 3409 4184 dialectica
3446 4146 3578 4186 vero

2593 4217 2682 4254 um
2732 4217 2880 4272 ergo,
2913 4202 3009 4268 ait,
3042 4201 3409 4269 Operationem
3449 4201 3576 4255 ﬁdei

321 4270 508 4341 animo
537 4267 697 4322 sitam
733 4269 859 4341 quis
893 4270 1167 4341 habuerit,
1200 4267 1478 4339 superﬂua
1521 4274 1628 4325 erit
1655 4267 1944 4327 verborum
1993 4273 2334 4341 compositio.
2363 4288 2458 4340 per
2487 4287 2650 4340 quam
2681 4267 3000 4340 conceptam
3039 4267 3426 4341 sensunostro
3455 4285 3578 4324 cre-

319 4339 606 4412 dulitatem
657 4340 880 4394 tentatis
923 4340 1173 4412 evellere,
1202 4353 1254 4395 et
1274 4338 1461 4395 tamen
1493 4357 1636 4410 saepe
1663 4353 1882 4398 nostras
1918 4338 2190 4411 explicare
2237 4338 2620 4412 intelligentias
2665 4356 2774 4396 non
2801 4338 3016 4396 valetis.
3043 4338 3124 4394 Ita
3157 4339 3410 4396 solidiora
3446 4350 3579 4395 sunt

320 4410 738 4482 me_n}is_9per2_r,
766 4424 933 4482 quam
964 4410 1378 4482 sapbismatum
1414 4411 1528 4482 (70)
1562 4413 1910 4468 fraudulenta
1937 4410 2238 4468 conclusio.

397 4477 495 4552 78.7
522 4476 635 4552 Nos
679 4476 978 4552 Christiani
1014 4476 1335 4552 mysterium
1386 4476 1519 4536 vita!
1554 4495 1758 4552 nostra:
1805 4499 1911 4538 non
1960 4485 2013 4537 in
2053 4483 2325 4552 sapientia
2356 4482 2545 4537 mundi
2593 4481 2860 4536 habemus
2891 4480 3214 4550 repositum,
3249 4477 3342 4535 sed
3375 4479 3429 4532 in
3457 4479 3576 4552 vir--

320 4557 437 4603 tute
470 4549 617 4630 ﬁdei,
651 4565 774 4630 quae
801 4551 960 4606 nobis
997 4540 1168 4630 av'Qeo
1195 4553 1409 4630 tributa
1423 4567 1518 4623 per
1550 4551 1831 4630 Christum
1855 4565 1958 4609 est.
1984 4540 2137 4608 Hané
2156 4553 2910 4630 orationis_mea:_veritatem,
2940 4540 3144 4630 rerum,
3181 4540 3302 4630 qua;
3327 4550 3577 4630 quotidie

321 4627 632 4693 geruntur,
647 4619 784 4693 ordo
807 4620 1174 4693 commendat.
1199 4620 1370 4678 Nobis
1398 4619 1662 4692 imperitis
1689 4632 1744 4678 et
1769 4625 2069 4678 litterarum
2087 4632 2394 4678 vestrarum
2429 4622 2633 4693 ignaris
2650 4622 2716 4675 ad
2743 4621 2840 4693 Dei
2857 4621 3220 4693 cognitionem
3249 4619 3369 4688 eius
3392 4621 3575 4674 solum

277 4691 284 4720 '
318 4690 484 4772 verba
516 4690 812 4772 suﬂiciunt.
847 4691 1122 4772 Essenos
1141 4701 1238 4772 tot
1283 4690 1613 4772 gentilitatis
1639 4694 1891 4772 gregibus
1932 4693 2211 4772 abstracti,
2261 4694 2314 4747 in
2343 4690 2654 4772 universum
2677 4691 2862 4772 orbem
2890 4690 3134 4770 quotidie
3164 4704 3571 4772 propagamurg

317 4759 476 4841 vobis
510 4774 642 4841 vero
668 4769 792 4841 post
812 4761 1104 4841 adventum
1140 4757 1380 4841 Domini,
1407 4764 1629 4841 nodosa:
1641 4757 2063 4841 'sophismatum
2089 4757 2402 4841 deiecerunt
2426 4763 2697 4841 versutia.
2738 4759 2885 4841 Ecce.
2907 4757 3008 4815 nos
3036 4757 3575 4841 simplicemZChristi

317 4829 482 4905 ﬁdem
509 4827 789 4905 docentes,
821 4831 1183 4905 idololatriam
1210 4827 1620 4905 debel'lavimus,
1656 4843 1708 4888 et
1728 4827 1832 4904 'per
1864 4835 2302 4905 praedicationem
2335 4833 2709 4905 ignominiosa:
2739 4831 2939 4905 crucis,
2978 4827 3169 4884 aurata
3202 4829 3397 4897 templa
3429 4831 3578 4884 ceci-

314 4899 541 4980 derunt.
569 4899 704 4967 Vos,
739 4902 788 4956 si
816 4902 1068 4980 potestis,
1101 4904 1389 4968 ostendite,
1417 4905 1640 4980 quibus
1673 4899 2021 4980 co'qtexlione
2055 4899 2731 4980 verborum'gentilitatem
2765 4901 2984 4980 Christo
3023 4913 3335 4980 praeponere
3382 4915 3577 4980 suasa:

317 4970 460 5050 ritis.
487 4969 592 5050 Per
638 4969 833 5050 omnes
856 4971 969 5050 jam
1017 4981 1192 5050 terras
1222 4989 1386 5050 verus
1417 4969 1506 5027 Hei
1541 4972 1714 5050 Filius
1751 4975 2003 5050 Christus
2047 4982 2130 5050 est
2183 4969 2440 5050 agnitus}
2475 4973 2608 5026 nihil
2647 4971 2952 5050 eloquentia
2985 4969 3404 5050 sophismatum,
3435 4970 3576 5024 nihil

313 5040 620 5111 disputatio
651 5039 1009 5120 philosophiae
1038 5044 1373 5120 multitudini
1410 5053 1587 5112 potest
1615 5045 1812 5100 obesse
1843 5045 2201 5120 credentium.
2222 5039 2568 5120 'Cruciﬁxum
2602 5042 2972 5120 nominamus,
3010 5049 3064 5120 et
3101 5039 3342 5120 universi
3368 5039 3576 5120 daemo-

313 5109 441 5185 nes,
471 5127 616 5181 quos
641 5109 740 5167 vos
770 5121 828 5168 ut
848 5109 982 5169 deos
1008 5113 1212 5180 colitis,
1243 5109 1489 5185 rugiunt,
1520 5123 1683 5184 atque
1722 5131 1789 5170 ex
1825 5116 2067 5171 obsessis
2095 5116 2420 5184 corporibus
2452 5114 2518 5168 ad
2548 5115 2784 5182 primum
2816 5109 3110 5166 Dominicte
3142 5111 3322 5165 crucis
3351 5110 3575 5179 signum

312 5179 594 5236 fugantur.

423 5251 474 5306 9.
514 5251 618 5308 Ubi
649 5259 780 5306 sunt
801 5251 890 5308 illa
920 5251 1169 5310 fabuiosa
1193 5254 1465 5309 oracula?
1496 5254 1588 5310 ubi
1615 5253 1995 5327 Egyptiorum
2034 5256 2432 5312 incantationes
2459 5255 2483 5309 ?
2509 5269 2620 5324 quo
2657 5267 2941 5325 magorum
2969 5252 3249 5324 profecere
3279 5250 3574 5305 carmina“!

383 5371 466 5427 “I
489 5372 618 5430 Cor.
639 5390 672 5433 ι,
713 5375 794 5429 l7.

387 5528 503 5609 (fil)
531 5529 625 5609 $ic
647 5547 838 5609 omnes
862 5535 1241 5604 manuscripti.
1269 5534 1436 5609 Euliti,
1459 5535 1682 5609 ῥρᾷσθε.

307 5600 622 5725 Μᾶξῗέιιὶια
659 5601 774 5660 fere
805 5619 998 5662 omnes
1034 5600 1429 5676 manuscripti.
1458 5600 1622 5675 E‘diti,
1670 5608 1892 5680 ἀπερει-

2075 5537 2190 5610 (69)
2218 5536 2692 5610 Sicmanuscripti
2713 5550 2922 5610 omnes.
2952 5534 3090 5590 Editi
3120 5533 3382 5599 vero,xa't
3411 5528 3569 5603 ὑμῶν

1999 5607 2100 5664 ουκ
2132 5607 2476 5678 ἐμποδίζετε,
2496 5608 2714 5678 omissis
2736 5607 2941 5660 multis.

2069 5676 2181 5751 (70)
2206 5677 2552 5749 Manuscripti
2580 5676 2824 5748 quidam,
2855 5677 3229 5746 sophistarum.
