3824 6224
240 259 354 318 955
1570 264 1731 322 VITA
1771 266 1828 322 S.
1869 266 2170 327 ANTONII.
3384 275 3492 332 954

239 376 468 444 τασίαις
496 374 626 430 πότε
665 374 840 430 ταῦτα
866 376 1042 431 πάντα
1071 377 1342 433 πέπαυται
1371 381 1465 434 καὶ
1493 381 1804 453 ἠσθένησεν,

1915 385 2049 444 site?
2087 387 2431 457 quandonam
2483 389 2598 444 haec
2641 390 2823 445 omnia
2868 403 3188 452 cessavere.
3235 388 3487 460 viresque

243 468 298 520 ei.
337 469 411 538 μὴ
437 469 526 521 ὅτε
555 471 584 522 ὁ
606 467 700 521 τοῦ
731 469 970 540 Χριστοῦ
1001 472 1234 543 σταυρὸς
1264 473 1518 541 γέγονεν;
1543 469 1690 545 τΔρα
1719 472 1804 528 οὖν

1915 480 2177 546 amisere,
2213 480 2322 536 nisi
2360 479 2562 536 Christi
2607 496 2768 536 cruce
2811 481 3141 551 apparente‘l
3192 479 3333 535 Num
3369 482 3484 537 risu

241 557 393 623 ἄξιος
417 553 570 622 οὗτος
603 560 822 630 χλεύης,
847 561 880 630 ἢ
909 561 1107 633 μᾶλλον
1138 563 1206 617 τὰ
1235 565 1654 637 καταργούμενα
1685 567 1812 638 παρ’

241 649 410 704 αὐτοῦ
444 652 538 704 καὶ
580 652 912 723 ἐλεγχόμενα
945 655 1184 725 ἀσθενῆ;
1228 658 1339 710 Καὶ
1368 657 1480 741 γὰρ
1523 659 1614 711 καὶ
1658 658 1816 712 τοῦτο

243 741 552 812 θαυμαστόν
608 745 786 797 ἐστιν’
843 749 925 800 ὅτι
975 747 1044 800 τὰ
1102 749 1200 818 μὲν
1253 749 1496 821 ὑμέτερα
1558 751 1814 803 οὐδέποτε

240 832 473 904 ἐδιώχθη
494 874 509 897 ,
537 834 676 889 ἀλλὰ
717 836 810 889 και¹
850 836 1004 909 παρὰ
1040 828 1342 910 ἀνθρώπων
1369 842 1510 896 κατὰ
1551 843 1704 897 πόλιν
1734 861 1814 896 τι-

243 927 412 996 μᾶται
432 942 448 956 °
478 929 529 980 oi
560 928 616 980 δὲ
649 928 744 981 τοῦ
784 929 1022 1002 Χριστοῦ
1059 930 1364 998 διώκονται,
1401 937 1494 989 καὶ
1523 937 1720 1006 μᾶλλον
1745 937 1814 990 τὰ

237 1017 375 1088 παρ’
407 1018 538 1087 ήμῖν
577 1020 720 1090 ὑπὲρ
749 1019 819 1074 τὰ
847 1022 1086 1093 ὑμέτερα
1112 1024 1265 1078 ἀνθεῖ
1292 1027 1386 1079 καὶ
1403 1027 1679 1095 πληθύνει.
1703 1030 1814 1083 Καὶ

235 1106 310 1160 τὰ
353 1109 450 1177 μὲν
466 1108 710 1180 ὑμέτερα
739 1111 1132 1184 εὐφημούμενα
1155 1116 1247 1168 καὶ
1272 1118 1811 1191 περικλειόμενα(71)

235 1197 646 1270 διαφθείρεταιο
675 1201 708 1267 ἡ
738 1201 796 1254 δὲ
829 1201 924 1255 τοῦ
971 1205 1210 1275 Χριστοῦ
1257 1207 1437 1272 πίστις
1480 1211 1574 1263 καὶ
1603 1211 1635 1281 ή
1671 1211 1815 1264 διδα-

237 1288 458 1353 σκαλία,
492 1289 856 1363 χλευαζομένη
888 1295 1018 1362 παρ’
1050 1295 1223 1365 ὑμῶν,
1245 1297 1339 1350 καὶ
1355 1297 1640 1369 διωχθεῖσα
1661 1300 1811 1372 παρὰ

237 1379 508 1450 βασιλέων
543 1381 818 1450 ,πολλάκις
847 1423 861 1447 ,
919 1384 1250 1457 πεπλήρωκε
1308 1390 1407 1459 τὴν
1463 1391 1808 1461 οἰκουμένην.

235 1470 380 1524 Πότε
421 1471 530 1542 γὰρ
572 1470 716 1526 οὕτω
739 1472 1036 1542 θεογνωσία
1079 1476 1417 1549 έξέλαμψενς
1447 1480 1480 1540 ἢ
1513 1481 1641 1534 πότε
1669 1481 1826 1535 οὕτω

236 1563 559 1635 σωφροσύνη
581 1564 676 1618 καὶ
696 1565 864 1638 ἀρετὴ
895 1567 1190 1638 παρθενίας
1211 1571 1413 1642 ὲφάνη;
1438 1571 1470 1644 ἢ
1495 1573 1623 1626 πότε
1641 1572 1812 1638 οὕτως

231 1654 267 1706 ὁ
293 1652 521 1718 θάνατος
569 1656 941 1728 κατεφρονήθη
965 1699 980 1721 ,
1027 1660 1076 1712 εὶ
1113 1660 1186 1731 μὴ
1237 1662 1328 1715 ὅτε
1360 1664 1388 1715 ό
1439 1663 1671 1735 σταυρὸς
1713 1665 1807 1717 τοῦ

232 1745 476 1815 Χριστοῦ
499 1746 687 1816 γέγονε
711 1765 727 1812 ;
758 1747 929 1801 Τοῦτο
956 1749 1012 1802 δὲ
1044 1751 1218 1814 οὐδεὶς
1243 1751 1574 1822 ἀμφιϐάλλει
1598 1754 1806 1825 βλέπων

230 1835 365 1900 τοὺς
397 1837 677 1908 μάρτυρας
700 1837 788 1892 διὰ
819 1839 912 1893 τὸν
943 1841 1178 1912 Χριστὸν
1211 1843 1682 1916 καταφρονοῦντας
1711 1845 1804 1900 τοῦ

233 1924 489 1989 θανάτου,
522 1927 733 1997 βλέπων
763 1927 874 1999 (72)
899 1929 997 1994 τὰς
1023 1931 1122 2002 τῆς
1162 1933 1482 2004 Ἐκκλησίας
1509 1935 1807 2007 παρθένους

228 2016 322 2070 διὰ
350 2017 442 2072 τὸν
471 2018 705 2089 Χριστὸν
727 2019 942 2092 καθαρὰ
971 2022 1064 2075 καὶ
1087 2022 1325 2094 ἀμίαντα
1356 2024 1426 2078 τὰ
1460 2024 1686 2096 σώματα
1708 2045 1807 2097 φυ-

230 2105 553 2171 λαττούσας.

301 2197 392 2252 80.
429 2200 540 2253 Kal.
573 2199 687 2254 ἔστι
721 2201 818 2272 μὲν
847 2202 1002 2256 ἱκανὰ
1019 2203 1193 2258 ταῦτα
1213 2207 1486 2277 τεκμήρια
1513 2207 1681 2275 δεῖξαι
1706 2209 1804 2281 τὴν

228 2286 378 2340 κατὰ
426 2289 658 2360 Χριστὸν
714 2291 895 2345 πίστιν
933 2292 1102 2363 μόνην
1149 2295 1322 2366 ἀληθῆ
1354 2292 1593 2361 εἷναιεῑς
1627 2298 1806 2352 θεοσέ-

228 2378 406 2432 ϐειαν.
455 2380 587 2434 Ἰδοὺ
628 2381 813 2454 ἀκμὴν
835 2384 993 2454 ὑμεῖς
1031 2387 1308 2440 ἀπιστεῖτε
1349 2387 1638 2459 ζητοῦντες
1678 2392 1804 2454 τοὺς

227 2470 298 2522 ὲκ
333 2470 442 2524 τῶν
488 2470 658 2542 λόγων
689 2475 1100 2548 συλλογισμούς.
1163 2479 1353 2551 Ἡμεῖς
1415 2481 1511 2552 μὲν
1569 2485 1680 2536 οὐκ
1735 2484 1804 2536 ἐν

224 2562 456 2628 πιθοῖς
475 2565 696 2634 σοφίας
737 2567 1056 2639 Ἑλληνικῆς
1084 2572 1290 2640 λόγοις
1328 2572 1460 2643 (75),
1491 2573 1567 2636 ὡς
1594 2571 1744 2628 εἶπεν
1773 2577 1802 2628 ὁ

222 2653 543 2718 διδάσκαλος
563 2656 742 2727 ἡμῶν,
779 2658 1205 2730 ἀποδείκνυμεν·
1232 2665 1298 2735 τῇ
1327 2663 1382 2716 δὲ
1407 2664 1587 2718 πίστει
1622 2665 1804 2719 πείθο-

227 2762 333 2816 μεν
358 2747 602 2816 ἐναργῶς
631 2747 1088 2824 προλαμϐανούσῃ
1109 2753 1208 2823 τὴν
1231 2753 1414 2806 ἐκτῶν
1438 2754 1610 2822 λόγων
1637 2773 1802 2810 κατα-

225 2841 450 2912 σκευήν.
495 2841 623 2895 Ἰδοὺ
655 2843 908 2915 πάρεισιν
930 2838 1031 2898 ὧδε
1055 2847 1159 2899 ὑπὸ
1178 2847 1449 2918 δαιμόνων
1476 2849 1795 2920 πάσχοντες·

219 2925 368 3002 ἦσαν
421 2931 479 2986 δέ
510 2949 652 2996 τινες
683 2934 928 2999 ἐλθόντες
980 2937 1118 3007 πρὸς
1156 2939 1318 2992 αὐτὸν
1379 2939 1485 2992 ὑπὸ
1531 2939 1800 3010 δαιμόνων

1914 570 2110 640 dignus
2162 571 2253 626 ille
2301 579 2406 639 εει,
2443 587 2511 626 an
2538 572 2720 642 potius
2767 587 2889 641 quae
2937 572 3008 627 ab
3053 572 3173 642 ipso
3201 572 3401 628 abolita
3432 580 3490 628 et

1914 662 2296 717 imbecillitatis
2323 663 2568 718 convicta
2596 666 2760 718 sunt?
2789 663 3002 718 Etenim
3030 663 3136 718 hoc
3161 678 3381 733 quoque
3402 670 3487 718 est

1914 751 2272 806 admiratione
2298 751 2519 821 dignum
2548 772 2560 806 :
2599 767 2759 806 nemo
2798 767 3035 824 unquam
3081 764 3262 807 vestra
3296 767 3483 822 perse-

1913 850 2070 912 cutus
2096 849 2200 903 est,
2230 841 2342 894 imo
2372 854 2468 910 per
2500 841 2662 895 urbes
2682 840 2751 895 ab
2776 840 3088 896 hominibus
3108 841 3197 895 illa
3217 843 3484 896 honoran-

1915 942 2030 987 tur:
2048 932 2342 987 Christiani
2372 947 2500 988 vero
2516 934 2986 1001 persecutionibus
3011 933 3175 1004 683
3192 943 3480 999 vexantur;

1911 1033 1965 1078 et
2006 1032 2186 1077 tamen
2229 1031 2412 1078 nostra
2462 1024 2586 1093 plus
2629 1039 2792 1094 quam
2835 1033 3012 1080 vestra
3040 1026 3234 1080 ﬂorent
3272 1041 3482 1096 augen-

1915 1123 2126 1184 turque.
2156 1113 2364 1182 Vestra,
2391 1115 2663 1171 celebrata
2694 1126 2748 1171 et
2782 1117 3017 1181 laudata,
3051 1115 3478 1173 labefactantur:

1911 1205 2113 1262 Christi
2129 1221 2256 1260 vero
2285 1207 2418 1261 ﬁdes
2449 1218 2503 1261 et
2531 1207 2798 1270 doctrina,
2827 1223 2992 1276 quam
3009 1221 3108 1263 vos
3132 1207 3390 1272 irridetis,
3412 1209 3482 1262 ab

1913 1297 2332 1367 imperatoribus
2354 1297 2674 1368 plerumque
2714 1313 2875 1367 passa
2913 1298 3364 1367 persecutionem,
3389 1314 3482 1353 re-

1910 1389 2074 1460 plevit
2103 1389 2290 1444 orbem
2317 1397 2606 1444 terrarum.
2634 1387 2995 1455 Quandonam
3021 1388 3116 1442 Dei
3145 1389 3380 1458 cognitio
3407 1389 3481 1444 ita

1909 1479 2154 1536 refulsit?
2194 1479 2412 1551 quando
2452 1480 2810 1550 temperantia
2851 1488 2907 1534 et
2945 1480 3275 1550 virginitatis
3307 1480 3482 1535 virtus

1910 1573 2200 1642 apparuit?
2236 1573 2456 1642 quando
2502 1586 2654 1628 mors
2697 1571 2976 1642 despectui
3023 1554 3207 1626 habit'a
3239 1580 3340 1639 est,
3371 1571 3480 1626 nisi

1910 1678 2033 1720 cum
2066 1664 2269 1721 Christi
2291 1681 2426 1720 crux
2464 1674 2654 1719 exorta
2693 1665 2817 1719 est?
2855 1662 3025 1719 Nemo
3051 1664 3154 1718 hac
3184 1663 3252 1718 de
3276 1678 3331 1717 re
3363 1678 3480 1716 am-

1911 1755 2063 1826 bigit,
2095 1753 2218 1810 cum
2263 1768 2530 1826 martyres
2559 1755 2737 1811 cernit
2763 1763 2984 1824 propter
3006 1755 3286 1810 Christum
3328 1769 3481 1808 mor-

1909 1853 2014 1900 tem
2054 1845 2446 1915 despicientes,
2500 1845 2756 1915 videtque
2788 1844 3043 1900 Ecclesiae
3073 1844 3310 1914 virgines
3349 1858 3478 1913 pro-

1906 1943 2026 2004 pter
2055 1933 2335 1991 Christum
2367 1949 2598 2005 corpora
2635 1949 2771 2004 pura
2806 1943 2862 1989 et
2889 1933 3202 2002 incorrupta
3234 1946 3472 1988 servare.

1977 2193 2067 2248 80.
2090 2191 2215 2248 Haec
2235 2207 2366 2249 sane
2391 2202 2708 2264 argumenta
2725 2193 2859 2249 satis
2884 2200 3014 2248 sunt
3037 2191 3105 2247 ad
3132 2191 3470 2262 probandum

1903 2285 2266 2340 Christianam
2320 2285 2479 2340 ﬁdem
2523 2285 2694 2339 solam
2739 2299 2863 2340 esse
2905 2300 3090 2338 veram
3128 2284 3470 2353 religionem.

1901 2375 2059 2432 Certe
2084 2391 2175 2430 vos
2199 2376 2312 2446 jam
2338 2375 2494 2430 ﬁdem
2521 2375 2724 2429 nullam
2745 2375 2976 2441 habetis,
3001 2375 3130 2429 dum
3153 2385 3472 2446 argumenta

1900 2467 2233 2538 perquiritis.
2248 2465 2359 2523 Nos
2383 2468 2603 2538 quidem
2625 2483 2726 2520 non
2744 2467 2797 2519 in
2817 2466 3254 2535 persuasibilibus
3271 2465 3474 2520 Graecae

1900 2561 2172 2632 sapientiae
2215 2559 2381 2614 verbis
2401 2561 2469 2623 “,
2503 2568 2563 2614 ut
2588 2567 2772 2614 noster
2797 2557 2872 2612 ait
2911 2557 3118 2621 doctor,
3151 2566 3471 2626 argumenta

1897 2652 2262 2724 proferimus;
2287 2650 2382 2706 sed
2409 2651 2515 2705 ﬁde
2540 2649 2854 2713 suademus,
2885 2663 3008 2718 qua:
3036 2647 3332 2702 verborum
3367 2662 3469 2701 au-

1901 2745 2115 2801 tcvertit
2142 2752 2484 2822 apparatum.
2523 2741 2661 2796 Ecce
2698 2742 2785 2796 hic
2805 2740 3030 2812 quidam
3063 2739 3261 2796 adsunt
3294 2756 3326 2795 a
3355 2741 3470 2795 daa-

1899 2835 2153 2889 monibus
2185 2832 2362 2888 vexati
2391 2850 2404 2886 :
2434 2839 2780 2887 accesserant
2811 2829 3009 2900 quippe
3055 2830 3122 2884 ad
3171 2844 3293 2884 eum
3341 2829 3470 2899 qui-

1898 2925 2022 2980 dam
2049 2922 2392 2992 daemoniaci,
2416 2937 2553 2992 quos
2575 2923 2628 2976 in
2655 2921 2896 2976 medium
2924 2921 3198 2977 adducens
3227 2919 3305 2975 ait
3325 2939 3340 2977 :
3358 2922 3468 2976 Aut

223 3019 616 3091 ἐνοχλούμενοι,
647 3022 742 3075 καὶ
774 3025 1114 3095 παραγαγὼν
1148 3028 1348 3091 αὐτοὺς
1393 3029 1473 3093 εἰς
1508 3029 1568 3082 τὸ
1610 3030 1794 3100 μέσον,

1907 3018 2096 3073 vestris
2133 3016 2493 3086 argumentis,
2520 3026 2615 3070 aut
2644 3030 2752 3085 qua
2795 3014 3076 3069 volueritis
3108 3023 3246 3080 arte,
3274 3015 3384 3068 imo
3421 3014 3470 3067 si

221 3109 330 3181 ἔφη
352 3129 365 3142 ·
401 3113 471 3164 Ἢ
522 3113 680 3183 ὑμεῖς
724 3117 836 3177 τοῖς
888 3116 1266 3188 συλλογισμοῖς
1298 3119 1495 3185 αὐτῶν,
1526 3120 1620 3173 καὶ
1731 3119 1796 3173 ἂν

1907 3110 2047 3165 lubet
2070 3109 2298 3178 magica,
2317 3116 2494 3162 vestra
2522 3107 2838 3160 invocantes
2859 3106 3024 3171 idola,
3052 3105 3152 3160 hos
3174 3105 3464 3160 mundate:

224 3200 486 3273 βούλησθε
521 3204 694 3278 τέχνῃ
727 3204 760 3275 ἢ
793 3207 1013 3277 μαγείᾳ,
1051 3208 1468 3280 ἐπικαλούμενοι
1511 3211 1580 3264 τὰ
1605 3211 1798 3266 εἴδωλα

219 3293 454 3358 ἑαυτῶν,
485 3295 814 3366 καθαρίσατε
842 3296 1036 3370 αὐτούς
1056 3316 1069 3329 ·
1105 3297 1161 3368 ἢ,
1190 3300 1238 3352 εἰ
1273 3299 1346 3371 μὴ
1367 3299 1616 3364 δύνασθε,
1637 3303 1798 3356 κατά-

220 3378 382 3432 θεσθε
411 3381 509 3453 τὴν
537 3382 674 3452 πρὸς
700 3383 847 3453 ἡμᾶς
879 3383 1079 3454 μάχην,
1102 3386 1196 3439 καὶ
1209 3385 1407 3456 ὄψεσθε
1432 3387 1527 3440 τοῦ
1558 3389 1792 3460 σταυροῦ

217 3470 317 3523 τοῦ
351 3473 588 3543 Χριστοῦ
620 3473 718 3544 τὴν
743 3474 990 3545 δύναμιν.
1025 3477 1131 3530 Καὶ
1159 3477 1329 3531 ταῦτα
1368 3479 1558 3545 εἰπὼν,
1587 3483 1790 3535 ἐπεκα-

217 3561 418 3616 λέσατο
441 3563 534 3618 τὸν
563 3565 816 3635 Χριστὸν,
837 3566 1137 3637 ὲσφρὰγισέ
1158 3587 1218 3622 τε
1240 3571 1367 3633 τοὺς
1389 3571 1690 3641 πάσχοντας
1713 3572 1791 3643 τῷ

218 3653 433 3725 σημείῳ
464 3653 558 3708 τοῦ
589 3655 823 3727 σταυροῦ
848 3655 1097 3728 δεύτερον
1130 3661 1224 3713 καὶ
1251 3661 1451 3731 τρίτον.
1476 3663 1585 3716 Καὶ
1630 3663 1791 3727 εὐθὺς

1897 3203 1982 3260 εἰη
2020 3218 2130 3256 non
2172 3200 2399 3266 valetis,
2434 3198 2716 3254 nobiscum
2767 3197 3040 3268 pugnandi
3087 3197 3251 3251 ﬁnem
3284 3195 3468 3262 facite,

1896 3297 2253 3364 videbitisque
2281 3293 2534 3348 virtutem
2553 3289 2733 3345 crucis
2749 3288 2972 3344 Christi.
2995 3289 3088 3344 His
3119 3288 3277 3343 dictis
3309 3287 3471 3342 Chri-

1894 3398 2038 3446 stum
2084 3387 2378 3449 invocavit,
2440 3392 2494 3438 et
2523 3384 2889 3438 daemoniacos
2942 3382 3024 3437 bis
3070 3391 3255 3452 terque
3292 3381 3469 3450 sigillo

1896 3479 2076 3536 crucis
2106 3477 2359 3548 signavit.
2389 3473 2621 3543 Moxque
2660 3481 2929 3528 steterunt
2965 3471 3216 3526 homines
3253 3471 3466 3525 incolu-

1895 3586 2042 3636 mes,
2085 3569 2389 3637 mentisque
2422 3573 2719 3634 compotes,
2747 3565 3056 3635 gratiasque
3095 3571 3316 3633 agentes
3358 3562 3468 3616 Do-

1897 3661 2065 3715 mino.
2118 3657 2258 3712 Tum
2303 3655 2612 3729 philosophi
2655 3655 2746 3726 (ut
2771 3653 3142 3714 vocabantur)
3188 3653 3464 3721 admirati,

1539 3814 1792 3871 VERSlO
1831 3811 2132 3869 EVAGllll.

214 3963 383 4037 Certe
411 3973 544 4022 tunc
567 3975 780 4024 vastata
803 3975 930 4022 sunt
963 3968 1144 4022 omnia
1172 3984 1294 4024 cum
1319 3969 1385 4024 de
1413 3986 1509 4025 sua
1552 3985 1714 4026 cruce
1759 3971 1960 4026 mundo
1981 3969 2234 4025 Christus
2264 3967 2522 4023 intonuit.
2557 3965 2924 4037 Nihilominus
2952 3980 3052 4020 vos
3086 3963 3462 4037 praetermissis

215 4035 623 4114 debilitaturum
657 4037 912 4114 catervis,
937 4037 1228 4106 gloriosam
1249 4037 1401 4114 “Iesu
1441 4050 1668 4114 mortem
1705 4042 1931 4114 irridere
1962 4041 2263 4114 conamini.
2293 4037 2430 4092 Illud
2457 4035 2964 4114 autemqualeest,
3000 4035 3146 4105 quod
3181 4035 3460 4114 nunquam

215 4104 569 4178 infestatione
596 4107 764 4177 regali
803 4102 1067 4162 concussa
1118 4109 1414 4178 gentilitas,
1443 4111 1551 4164 imo
1583 4113 1782 4166 saeculo
1815 4111 1979 4166 chara
2025 4119 2078 4163 et
2121 4102 2710 4178 hominummprmsidiis
2751 4106 2906 4178 fulta,
2931 4102 3042 4174 jam
3091 4102 3327 4178 (ξοπιιὶιῖ
3353 4102 3463 4178 Nos

215 4172 410 4228 famuli
440 4172 785 4250 Christi'quo
816 4178 937 4245 plus
979 4172 1296 4250 premimur,
1333 4172 1409 4234 eo'
1444 4181 1616 4250 magis
1640 4181 1976 4250 assurgimus
2017 4188 2071 4234 et
2094 4179 2372 4250 ﬂoremus.
2400 4172 2590 4250 vestra
2613 4176 2913 4250 Δεἰῐηιιιιιειξιι
2935 4172 3159 4250 ornatis
3187 4176 3460 4250 quondam

214 4253 369 4317 septa
390 4243 710 4317 parietibus,
733 4243 844 4316 jam
877 4243 1148 4317 vetustate
1179 4248 1415 4317 collapsa
1447 4243 1573 4304 sun't
1606 4269 1618 4304 :
1655 4243 1857 4305 Christi
1888 4265 2015 4306 vero
2042 4249 2312 4309 doctrina.
2341 4263 2461 4316 qua;
2503 4246 2658 4317 vobis
2698 4245 2924 4300 stultitia
2957 4247 3171 4317 videtur
3198 4253 3252 4297 et
3279 4243 3460 4317 ludus,

213 4313 345 4393 licet
381 4313 665 4393 tyrannica
699 4313 1142 4393 persequentium
1179 4313 1484 4393 principum
1517 4329 1845 4393 tentamenta
1875 4319 2174 4393 pertulerit,
2207 4319 2332 4373 licet
2353 4313 2522 4393 variis
2553 4316 2927 4393 sit‘incursata
2949 4314 3278 4393 terroribus,
3309 4314 3459 4393 nullo

217 4384 860 4462 tamen—terrarumorbe
877 4384 1245 4462 concluditur,
1275 4384 1690 4462 nul—loigentium
1720 4384 2077 4444 barbararum
2108 4389 2213 4462 fine
2249 4389 2582 4462 prohibetur.
2612 4386 2839 4462 Quando
2875 4387 3018 4462 enim
3056 4384 3249 4462 divinae
3273 4384 3463 4462 scien-

213 4454 309 4536 tiaz.
325 4463 514 4536 tantus
533 4457 785 4536 splendo_r
808 4455 1022 4536 illusit-if
1051 4458 1269 4526 quando
1298 4468 1376 4512 tot
1402 4454 1572 4536 simul
1596 4461 1646 4513 in
1679 4475 1742 4536 se
1764 4475 2063 4536 convenere
2096 4454 2360 4513 virtutes?
2385 4458 2717 4536 continentia
2747 4457 2800 4509 in
2835 4455 3203 4536 matrimonio,
3235 4454 3462 4536 virgini:

215 4523 343 4605 tatis
374 4525 443 4605 .in_
475 4521 715 4580 Ecclesia
738 4521 1382 4598 ﬂores(74),'martyrum
1414 4544 1514 4599 pre
1538 4529 1768 4584 Domino
1792 4545 1892 4586 suo
1920 4530 2156 4601 gloriosa
2185 4529 2514 4593 constantia,
2546 4541 2780 4596 quorum
2811 4526 3055 4578 omnium
3085 4540 3218 4578 crux
3257 4521 3461 4576 Christi

213 4596 542 4662 principium
570 4604 672 4650 est.

283 4609 387 4648 tnct
433 4611 542 4649 tum
570 4609 672 4650 est.

283 4662 373 4744 80_.
393 4609 550 4744 pcum
583 4665 928 4744 iuteri_m_vos
954 4667 1096 4721 inter
1124 4675 1316 4744 tantos
1333 4669 1589 4744 virtutum
1616 4669 1834 4734 choros,
1869 4667 2308 4744 syllogismorum
2343 4668 2476 4744 r_etia
2507 4665 2747 4729 tenditis,
2781 4673 2835 4718 et
2861 4679 3041 4744 veram
3069 4677 3249 4744 rerum
3284 4662 3458 4715 lucem

213 4734 520 4814 tenebrosis
540 4736 810 4814 conamini
844 4738 1405 4814 argumentationibus
1421 4739 1735 4814 obvolvere,
1782 4734 1915 4814 ecce'
1938 4734 2057 4801 nos.
2092 4747 2150 4791 ut
2168 4738 2321 4814 “dixit
2345 4737 2533 4814 doctor
2560 4747 2764 4800 noster,
2796 4750 2901 4814 non
2931 4736 2984 4787 in
3017 4734 3199 4814 gentili
3233 4746 3458 4814 persua:

210 4802 386 4878 sione.
415 4805 508 4860 sed
536 4806 592 4878 in
624 4805 727 4860 ﬁde
756 4801 1098 4878 apertissime
1138 4807 1252 4877 (75l
1300 4811 1612 4872 suademus,
1642 4801 1764 4878 quae
1791 4809 2078 4863 verborum
2128 4808 2538 4862 atlirmationem
2581 4806 2880 4878 praevenire
2903 4801 3202 4878 consuevit.
3245 4801 3459 4878 Adsunt

209 4873 704 4948 quippepatientes
730 4891 759 4930 a
793 4869 1154 4948 daemonibus
1178 4879 1376 4942 vexati,
1414 4894 1552 4948 quos
1590 4869 1714 4934 cuin
1748 4879 1802 4932 in
1838 4878 2072 4933 medium
2112 4879 2475 4948 produxisset,
2518 4869 2679 4931 verba
2719 4874 3210 4948 repetivit_,__dicens
3247 4889 3260 4924 :
3302 4869 3459 4924 Nunc

210 4956 310 4997 vos
334 4944 750 5024 collectionibus
777 4947 1210 5024 vestr_is,_et_quo
1246 4949 1410 5003 vultis
1431 4943 1695 5024 'maleiicq
1706 4949 1954 5024 carmine
1987 4943 2130 5002 deos-
2153 4958 2380 5024 vestros,
2403 4962 2541 5017 quos
2576 4943 3085 5024 putatis,nexpcllite
3114 4961 3126 4996 :
3162 4943 3457 5024 sin‘autem

210 5026 319 5090 non
345 5016 601 5090 potestis,
627 5015 798 5090 victas
849 5011 1148 5072 submittite
1189 5033 1406 5090 manus,
1451 5019 1613 5090 etgad
1657 5017 1859 5073 Christi
1902 5027 2104 5090 tropum
2143 5011 2435 5090 confugite,
2486 5027 2543 5090 et
2576 5011 2761 5090 statim
2796 5011 3051 5090 Cruciﬁxi
3083 5011 3456 5090 credulitatem

210 5079 516 5155 maiestatis
545 5079 783 5153 petentia
809 5097 1188 5155 prosequetur.
1233 5079 1402 5151 Dixit,
1436 5098 1490 5143 et
1519 5088 1771 5143 invocato
1798 5079 2019 5142 nomine
2039 5086 2194 5152 Jesu,
2217 5079 2341 5142 cum
2373 5086 2531 5141 vitale
2561 5084 2861 5155 signumin
2889 5098 3046 5138 sacro
3074 5095 3302 5155 numero
3333 5079 3456 5134 Tri-

208 5150 395 5209 nitatis
423 5150 714 5224 pressisset
744 5150 1129 5223 iit—frontibus,
1161 5173 1268 5212 una
1300 5150 1424 5214 cum
1472 5159 1714 5214 exnulsis
1749 5158 2109 5214 daemonibus.
2132 5150 2270 5213 vana
2297 5150 2646 5226 praesentium
2692 5154 3139 5226 philosophorum
3172 5150 3455 5206 confutata

279 5270 325 5302 ¹³
353 5267 596 5336 ICor.n,
628 5268 683 5324 4.

272 5385 385 5465 ('11).
419 5385 610 5465 ἕπει-ν
642 5388 1096 5465 περιξλεῖτόμςγεο
1307 5459 1345 5465 ,,
1380 5461 1389 5465 ,
1885 5393 2346 5465 «peieramus-
2730 5456 2742 5465 .
2831 5454 2843 5465 .
3079 5462 3087 5465 _
3217 5453 3228 5465 .

425 5458 497 5531 Ita
525 5454 902 5531 ntanttscripti.
928 5454 1091 5531 Editi,
1117 5473 1268 5520 vero,
1301 5459 1606 5530 βλέποντες.

1929 5454 2076 5531 ’(74)’
2097 5459 2365 5531 lta_Colb._
2389 5471 2550 5527 quem
2581 5456 2773 5531 sequi_
2793 5454 2976 5531 visum
3009 5462 3115 5531 est,
3137 5454 3231 5520 qui
3251 5461 3448 5531 tamen

275 5521 389 5598 (75)
405 5529 775 5599 _Sicrquidam_
802 5521 960 5599 inss.,
989 5521 1226 5598 qui-cum
1247 5521 1509 5599 Apostolo
1538 5521 1771 5587 consen-
1878 5521 2057 5585 habet
2073 5531 2128 5582 in
2163 5521 2420 5582 Ecclesiai
2436 5521 2710 5582 mendose.
2735 5525 2898 5588 Editi,
2927 5524 3202 5594 virginitas
3243 5523 3298 5579 in
3343 5521 3450 5578 Ec-

205 5595 379 5673 ιίιιηιέ
400 5595 687 5673 ΕΞΔῘιίξρύκ
717 5595 810 5652 οὖν
838 5595 1050 5673 πειθοῖς
1078 5599 1270 5673 coepta;
1298 5595 1640 5673 :'El).nvzxo‘t'_;

1909 5600 2221 5673 ιεξξαβρτει·
2373 5666 2413 5673 _
2435 5667 2468 5673 -_
2500 5666 2512 5673 .
2878 5663 2888 5673 .
2955 5662 2965 5672 .

201 5679 343 5738 τοις.
360 5665 501 5724 Infra
516 5668 738 5740 quidam
756 5684 912 5736 :nss.,
930 5665 1766 5744 προλαμϐανούσῃ,ι·εειε.Ειιὶιὶ,
1947 5665 2059 5742 (75)
2091 5669 2183 5727 Sic
2213 5683 2347 5726 mss.
2373 5666 2536 5734 Editi,
2568 5680 2696 5722 vero
2723 5665 3079 5735 apertissima.
