3824 6224
359 283 466 341 9.35

961 288 1020 344 S.
1059 288 1428 344 ATIlANASlI
1462 288 1612 344 OPP.
1655 287 1835 344 PARS
1870 287 1910 343 l.
1946 319 2018 330 —
2053 283 2420 342 HISTORICA
2456 283 2546 339 ET
2585 281 3003 339 DOGMATICA.

3500 279 3609 336 956

352 397 516 473 atque
541 403 640 457 viri
673 403 958 474 prudentia
1007 421 1216 460 necnon
1264 407 1412 461 edito
1446 407 1604 478 signo
1635 407 1924 478 stupefacti

2033 406 2260 476 ἔστησαν
2287 405 2336 458 οἱ
2371 402 2646 474 ἄνθρωποι
2695 399 3013 472 ὁλόκληροι,
3063 397 3466 468 σωφρονοῦντες
3510 401 3607 454 xui
3648 393 3652 402 ’

353 504 501 548 sunt.
535 495 807 551 Antonius
848 511 979 549 vero
1017 496 1094 550 ait
1123 515 1136 550 :
1162 497 1275 550 Cur
1309 498 1636 551 miramini?
1664 513 1775 553 non
1824 513 1926 553 nos

354 581 471 636 hmo
491 583 722 652 agimus,
755 583 848 638 sed
866 583 1122 640 Christus
1160 601 1256 655 per
1277 600 1374 641 eos
1397 587 1494 655 qui
1511 587 1564 640 in
1583 602 1642 641 se
1669 586 1923 649 credunt,

354 673 472 728 b-ec
503 672 1011 742 operatur.Credite
1035 675 1216 744 itaque
1268 691 1367 731 vos
1418 675 1544 746 ipsi,
1569 675 1929 746 videbitisque

354 771 541 818 nostra
573 779 679 818 non
696 766 988 819 verborum
1011 765 1299 820 artificium
1330 781 1473 825 esse,
1504 765 1597 820 sed
1619 764 1778 820 ﬁdem
1807 781 1929 836 quae

355 871 452 926 per
476 856 818 911 dilectionem
851 857 905 910 in
931 857 1211 912 Christum
1237 866 1494 928 operatur
1517 876 1531 910 :
1563 873 1727 927 qnam
1760 859 1806 912 si
1831 873 1929 911 na-

355 947 426 1001 cti
452 946 684 1014 fueritis,
711 963 822 1002 non
861 948 1090 1004 ulterius
1121 957 1443 1019 argumenta
1481 948 1772 1003 verborum
1805 963 1928 1017 per-

354 1038 615 1107 quiretis;
643 1039 811 1111 685
833 1040 925 1094 sed
960 1040 1117 1094 fidem
1149 1041 1202 1094 in
1246 1040 1524 1095 Christum
1550 1039 1795 1095 sutiicere
1828 1055 1928 1094 vo-

355 1127 440 1182 bis
480 1128 890 1184 existimabitis.
919 1128 1193 1185 Hactenus
1217 1129 1439 1184 Antonii
1477 1130 1665 1183 verba.
1699 1129 1780 1183 Illi
1825 1129 1929 1184 hoc

352 1234 572 1289 quoque
599 1221 875 1284 admirati,
913 1236 1210 1290 senemque
1244 1222 1558 1290 amplexati,
1583 1221 1923 1277 discessere:

353 1325 523 1380 seque
549 1327 617 1365 ex
655 1327 722 1366 eo
749 1314 1036 1367 utilitatem
1071 1311 1284 1381 cepisse
1313 1311 1442 1366 fassi
1474 1321 1622 1367 sunt.

2027 496 2472 567 εὐχαριστοῦντες
2493 493 2572 564 τῷ
2597 493 2786 563 Κυρίῳ
2830 491 3033 544 λοιπόν.
3081 491 3190 544 Καὶ
3218 491 3265 543 οί
3306 490 3408 560 μὲν
3445 490 3605 559 λεγό-

2033 600 2186 655 μενοι
2212 582 2491 652 φιλόσοφοι
2518 581 2845 651 ἐθαύμαζον,
2865 580 2960 633 xui
2976 578 3187 649 ἀληθῶς
3216 577 3607 650 ἐξεπλήττοντο

2031 675 2126 728 ἐπὶ
2146 677 2213 746 τῇ
2239 672 2450 726 συνέσει
2478 671 2573 725 τοῦ
2595 672 2804 744 ἀνδρὸς,
2839 671 2932 724 xui
2953 669 3032 741 τῷ
3057 669 3330 741 γενομένῳ
3352 670 3568 741 σημείῳ
3587 687 3603 701 ’

2031 768 2060 820 6
2085 767 2143 820 δέ
2185 764 2466 828 Ἀντώνιος
2519 764 2644 834 ἔφη,
2675 764 2741 816 Τί
2773 761 3078 832 θαυμάζετε
3123 762 3216 814 ἐπὶ
3267 760 3468 831 τούτῳ;
3498 761 3605 814 οὐκ

2029 857 2195 926 ἐσμὲν
2223 857 2386 926 ἡμεῖς
2413 855 2463 907 oi
2491 853 2788 917 ποιοῦντες,
2815 851 2930 906 ἀλλ’
2956 853 2986 904 6
3003 851 3234 923 Χριστός
3261 853 3431 915 ἐστιν,
3456 853 3484 904 6
3511 851 3605 904 διά

2021 947 2132 1000 τῶν
2166 949 2246 1011 είς
2278 947 2441 1000 αὐτὸν
2465 945 2829 999 πιστευόντων
2853 944 3027 998 ταῦτα
3043 943 3231 998 ποιῶν.
3266 942 3604 997 Πιστεύσατε

2021 1037 2116 1094 οὖν
2150 1040 2243 1093 xui
2277 1039 2466 1110 ὑμεῖς’
2497 1039 2592 1092 xui
2613 1037 2808 1107 ὕφεσθε
2829 1077 2844 1102 ,
2879 1038 2961 1090 ὄτι
3007 1037 3068 1090 οὐ
3116 1036 3278 1107 τέχνη
3318 1035 3493 1104 λόγων
3529 1036 3603 1091 τά

2023 1135 2156 1204 παρ’
2188 1134 2318 1202 ἡμῖν
2352 1132 2521 1194 ἐστιν,
2553 1130 2689 1184 ἀλλά
2711 1129 2893 1192 πίστις
2913 1128 2979 1182 δι’
3010 1128 3230 1198 ἀγάπης
3263 1129 3362 1200 τῆς
3398 1130 3481 1192 είς
3504 1129 3603 1182 τὸν

2023 1221 2258 1293 Χριστὸν
2278 1219 2677 1291 ἐνεργουμένης
2693 1233 2706 1246 ·
2729 1219 2919 1289 ἥντινα
2948 1217 3043 1271 ἐάν
3066 1219 3279 1290 σχοίητε
3302 1219 3395 1272 xui
3415 1219 3598 1286 ὑμεῖς,

2022 1311 2203 1364 οὐκέτι
2221 1310 2319 1374 τὰς
2349 1309 2436 1364 διὰ
2469 1309 2642 1379 λόγων
2657 1309 2957 1374 ἀποδείξεις
2989 1308 3251 1380 ζητήσετε
3277 1323 3291 1338 ο
3321 1307 3436 1362 ἀλλ’
3462 1309 3602 1362 αὐτο

353 1400 496 1472 ἀρκη
523 1401 623 1473 τὴν
660 1405 740 1466 είς
769 1404 862 1456 τὸν
897 1404 1130 1472 Χριστὸν
1187 1401 1371 1456 πίστιν
1407 1401 1700 1474 ἡγήσεσθε.
1730 1400 1918 1454 Ταῦτα
1955 1400 2049 1454 τοῦ
2093 1400 2374 1455 Ἀντωνίου
2430 1399 2499 1453 τά
2557 1401 2806 1470 ῥήματαο
2861 1400 3056 1452 ἐκεῖνοι
3082 1399 3140 1452 δέ
3188 1398 3280 1452 xui
3325 1399 3384 1452 ἐν
3423 1399 3602 1470 τούτῳ

354 1491 742 1562 θαυμάζοντες,
769 1495 1094 1567 ἀνεχώρουν,
1123 1495 1596 1566 κατασπαζόμενοι
1626 1495 1807 1559 αὐτὸν,
1826 1495 1920 1547 xui
1959 1493 2346 1566 ὁμολογοῦντες
2371 1492 2695 1563 ὠφελεῖσθαι
2725 1493 2856 1562 παρ’
2890 1490 3076 1546 αὑτοῦ.

421 1586 511 1640 8|.
545 1585 713 1643 Porro
762 1590 985 1644 Antonii
1039 1590 1184 1647 fama
1231 1593 1296 1646 ad
1344 1591 1699 1662 imperatores
1748 1605 1924 1660 usque

355 1680 616 1747 pervenit.
664 1679 790 1736 Haec
837 1684 982 1737 enim
1035 1699 1158 1738 cum
1219 1685 1500 1740 didicisset
1530 1685 1924 1740 Constantinus

354 1768 672 1838 Augustus,
713 1771 953 1842 itemque
999 1775 1093 1828 filii
1138 1775 1256 1844 ejus
1309 1775 1662 1830 Constantius
1700 1784 1754 1829 et
1781 1773 1927 1829 Con-

2099 1589 2189 1644 81.
2215 1589 2457 1658 Ἐφθασε
2487 1589 2542 1641 δ)
2564 1587 2658 1642 xui
2687 1588 2846 1659 μέχρι
2875 1587 3136 1658 βασιλέων
3167 1589 3201 1658 ἡ
3233 1589 3359 1658 περὶ
3396 1589 3597 1642 Ἀντω-

2031 1679 2144 1734 νίου
2178 1684 2354 1751 φήμη.
2386 1680 2570 1735 Ταῦτα
2591 1681 2698 1750 γάρ
2729 1680 2990 1750 μαθόντες
3010 1681 3413 1745 Κωνσταντῖνος
3440 1683 3471 1735 6
3491 1682 3600 1736 A15-

2033 1791 2277 1843 γουστος,
2308 1775 2403 1827 xui
2433 1775 2482 1827 oi
2512 1773 2617 1826 υἱοὶ
2639 1771 2804 1826 αὑτοῦ
2830 1771 3203 1836 Κωνστάντιος
3222 1773 3314 1826 xui
3336 1773 3601 1840 Κώνστας

354 1864 506 1910 stans
534 1857 789 1927 Augusti,
820 1861 897 1915 illi
929 1870 1186 1932 tanquam
1216 1864 1356 1932 patri
1391 1866 1682 1934 scripsere,
1715 1865 1926 1921 litteras

2033 1868 2080 1920 οί
2113 1866 2427 1935 Αὕγουστοι,
2463 1865 2697 1937 ἔγραφον
2721 1863 2868 1936 αὐτῷ
2897 1864 2973 1928 ὡς
3000 1865 3197 1937 πατρὶ,
3235 1865 3328 1919 xui
3368 1865 3603 1936 ηὔχοντο

354 1957 544 2003 mutuo
569 1951 639 2004 ab
673 1952 766 2006 illo
798 1953 1045 2024 accipere
1083 1965 1450 2025 pet-optantes.
1481 1956 1552 2010 At
1591 1957 1680 2012 ille
1720 1971 1928 2028 nequa-

353 2052 522 2106 quam
552 2043 733 2112 magni
771 2042 1004 2100 faciebat
1031 2061 1126 2101 eas
1156 2047 1368 2102 litteras
1396 2067 1408 2101 :
1443 2064 1544 2103 nec
1570 2049 1657 2104 his
1688 2050 1928 2119 acceptis

351 2131 598 2198 epistolis
623 2133 843 2202 gavisus
867 2143 982 2191 est:
1005 2137 1097 2190 sed
1128 2138 1250 2192 talis
1277 2147 1416 2203 erat,
1447 2139 1626 2208 qualis
1647 2149 1773 2194 ante
1793 2141 1928 2196 scri-

356 2233 476 2290 ptas
503 2223 625 2278 illas
661 2226 728 2280 ab
756 2227 1198 2297 imperatoribus.
1217 2229 1353 2284 Cum
1381 2229 1722 2286 deferrentur
1745 2240 1926 2286 autem

359 2312 897 2383 hujusmodilitteraa,
923 2317 1115 2374 accitis
1145 2320 1450 2385 monachis,
1475 2320 1656 2374 aiebat
1684 2318 1798 2375 :Ne
1828 2321 1930 2373 mi-

360 2405 555 2458 remini
586 2406 634 2460 si
667 2408 734 2461 ad
765 2423 864 2464 nos
893 2410 1098 2464 scribat
1129 2410 1444 2480 imperator,
1471 2411 1638 2465 homo
1663 2427 1786 2466 cum
1823 2411 1924 2478 sit;

358 2495 453 2548 sed
491 2495 766 2551 miramini
812 2499 994 2567 potius
1023 2500 1169 2570 quod
1217 2501 1386 2568 legem
1434 2499 1745 2555 hominibus
1793 2500 1930 2556 scri-

361 2586 531 2654 pserit
553 2585 716 2651 Deus,
748 2596 802 2642 et
831 2604 926 2658 per
958 2591 1241 2660 proprium
1285 2589 1483 2645 Filium
1522 2592 1808 2647 nobiscum
1846 2594 1928 2647 lo-

358 2686 518 2741 cutus
544 2677 689 2732 sit“.
722 2677 789 2732 Et
828 2694 958 2734 vero
990 2681 1206 2735 nolebat
1249 2681 1458 2736 litteras
1495 2682 1618 2737 illas
1661 2683 1926 2753 accipere.

358 2767 532 2833 aiens,
569 2783 629 2823 se
665 2770 876 2825 nescire
907 2771 1174 2840 ejusmodi
1220 2772 1416 2826 litteris
1455 2773 1772 2828 rescribere.
1823 2771 1927 2828 Sed

359 2858 703 2915 hortantibus
730 2863 1034 2926 monachis,
1050 2864 1424 2933 aientibusque
1443 2863 1786 2920 Christianos
1808 2881 1930 2922 esse

2027 1957 2323 2028 λαμϐάνειν
2362 1955 2665 2026 ἀντίγραφα
2701 1954 2812 2026 (76)
2847 1955 2976 2027 παρ’
3008 1955 3191 2009 αὑτοῦ.
3223 1956 3360 2009 Ἀλλ’
3381 1956 3507 2009 οὔτε
3531 1957 3604 2010 τά

2026 2048 2327 2119 γράμματα
2357 2046 2486 2119 περὶ
2517 2045 2710 2100 πολλοῦ
2737 2063 2880 2109 τινος
2908 2047 3160 2109 ἐποιεῖτο,
3185 2045 3308 2099 οὔτε
3339 2047 3432 2100 ἐπὶ
3478 2051 3604 2112 ταῖς
3713 2040 3722 2046 ’

2027 2140 2334 2203 ἐπιστολαῖς
2357 2138 2607 2210 ἐγεγήθει
2627 2155 2640 2168 ·
2667 2140 2696 2191 6
2722 2138 2883 2201 αὐτὸς
2910 2137 2967 2190 δέ
2991 2133 3080 2206 ἦν,
3109 2133 3221 2200 οἷος
3241 2137 3332 2191 xui
3369 2137 3478 2209 πρὸ
3503 2138 3602 2192 τοῦ

2027 2232 2258 2303 γράφειν
2278 2228 2424 2300 αὐτῷ
2450 2229 2575 2292 τοὺς
2602 2227 2873 2297 βασιλέας.
2901 2227 3029 2280 Ὅτε
3057 2226 3114 2279 δέ
3137 2226 3420 2297 ἐκομίζετο
3449 2225 3602 2299 αὐτῷ

2026 2323 2097 2376 τὰ
2123 2322 2446 2394 γράμματα,
2479 2319 2662 2373 ἐκάλει
2691 2320 2816 2382 τοὺς
2847 2319 3128 2390 μοναχοὺς,
3159 2319 3254 2373 xui
3286 2319 3437 2386 ἔλεγε
3457 2335 3477 2354 ο
3510 2319 3600 2392 Μὴ

2028 2414 2355 2485 θαυμάζετε,
2385 2414 2435 2466 εί
2468 2412 2665 2482 γράφει
2694 2409 2942 2481 βασιλεὺς
2973 2410 3108 2481 πρὸς
3131 2411 3298 2481 ἡμᾶς,
3317 2411 3604 2480 ἄνθρωπος

2028 2507 2137 2577 γάρ
2157 2507 2321 2558 ἐστιν·
2349 2503 2482 2556 ἀλλά
2511 2501 2708 2574 μᾶλλον
2724 2499 3030 2572 θαυμάζετε
3061 2501 3196 2571 (77),
3213 2501 3293 2553 ὅτι
3315 2501 3343 2552 6
3364 2501 3496 2564 Θεὸς
3511 2501 3604 2555 τὸν

2028 2600 2190 2668 νόμον
2227 2595 2531 2666 ἀνθρώποις
2562 2592 2788 2664 ἔγραψε,
2824 2594 2916 2646 xui
2947 2593 3035 2647 διὰ
3065 2592 3158 2646 τοῦ
3185 2593 3314 2646 ίδίου
3348 2592 3480 2646 Υἱοῦ
3511 2592 3601 2646 λε-

2027 2689 2259 2760 λάληκεν
2299 2690 2448 2759 ἡμῖν.
2508 2686 2789 2740 Ἐϐούλετο
2819 2686 2916 2758 μὲν
2940 2680 3034 2739 οὖν
3087 2684 3160 2756 μὴ
3203 2685 3450 2755 δέχεσθαι
3503 2684 3606 2749 τὰς

2029 2776 2334 2840 ἐπιστολὰς,
2365 2775 2538 2845 λέγων
2570 2776 2670 2829 οὐκ
2697 2775 2892 2830 είδέναι
2917 2775 3054 2845 πρὸς
3085 2773 3156 2827 τὰ
3189 2773 3604 2834 τοιαῦταράντι-

2029 2868 2259 2940 γράφειν
2278 2886 2292 2899 ο
2324 2867 2662 2938 προτραπεὶς
2685 2867 2742 2919 δέ
2765 2865 2914 2938 παρά
2930 2865 3035 2919 τῶν
3062 2865 3327 2936 μοναχῶν,
3359 2865 3442 2918 ὃτι
3471 2867 3604 2937 Χρι-

359 2947 746 3016 imperatores,
785 2951 1192 3021 periculumque
1243 2950 1360 3006 fore
1399 2967 1467 3006 ne
1518 2967 1578 3006 se
1624 2953 1696 3007 ita
1747 2955 1927 3023 sperni

2033 2960 2230 3013 στιανοί
2259 2959 2394 3012 εἰσιν
2427 2961 2474 3011 oi
2504 2957 2760 3028 βασιλεῖς,
2794 2958 2888 3011 xui
2917 2958 3003 3011 ἵνα
3039 2957 3114 3029 μὴ
3159 2957 3234 3020 ὡς
3265 2959 3602 3029 προρριφέν-

358 3040 580 3110 indigne
627 3041 850 3110 ferrent,
887 3046 1158 3100 concessit
1191 3055 1248 3099 ut
1283 3061 1360 3100 ea:
1391 3046 1736 3117 legerentur:
1767 3058 1927 3118 atque

2033 3069 2116 3116 τες
2135 3051 2247 3123 (78)
2272 3049 2746 3118 πανδαλισθῶσιν,
2781 3049 3079 3120 ἐπέτρεπεν
3110 3047 3600 3116 ἀναγινώσκεσθαι.

357 3132 660 3203 rescripsit,
692 3135 921 3190 laudans
953 3137 1102 3206 ipsos
1127 3139 1271 3207 quod
1301 3137 1576 3193 Christum
1609 3140 1926 3207 adorarent;

2033 3145 2139 3196 Kui
2151 3142 2313 3212 άντέγ
2321 3159 2507 3213 ραφεν,
2525 3139 2918 3211 ἀποδεχόμενος
2933 3140 3030 3210 μὲν
3043 3139 3256 3203 αὐτοὺς,
3271 3139 3351 3192 ὅτι
3367 3139 3458 3192 τὸν
3469 3139 3606 3209 Χρι-

356 3223 629 3292 dabatque
660 3226 864 3280 monita
893 3229 1120 3282 salutem
1147 3230 1444 3298 spectantia
1469 3247 1483 3283 :
1515 3231 1771 3286 monebat
1797 3232 1927 3285 item

2033 3235 2155 3287 στὸν
2191 3232 2590 3305 προσκυνοῦσι,
2623 3231 2971 3286 συνεϐούλευε
3003 3229 3060 3284 δὲ
3087 3230 3158 3284 τὰ
3181 3233 3260 3293 είς
3293 3230 3602 3300 σωτηρίανο

360 3329 428 3369 ne
461 3319 748 3385 praesentia
772 3321 954 3389 magni
983 3319 1242 3386 facerent,
1273 3321 1366 3376 sed
1397 3322 1578 3391 potius
1601 3323 1704 3377 diei
1729 3322 1924 3391 judicii

2034 3327 2128 3379 xui
2162 3326 2236 3396 μὴ
2271 3325 2481 3395 μεγάλα
2511 3324 2760 3395 ἡγεῖσθαι
2804 3322 2874 3376 τὰ
2920 3321 3183 3394 παρόντα,
3237 3321 3372 3376 ἀλλά
3401 3321 3605 3393 μᾶλλον

357 3407 797 3474 recordarentur,
825 3410 1136 3481 scirentque
1165 3411 1446 3466 Christum
1479 3413 1654 3468 solum
1683 3421 1736 3467 et
1767 3422 1927 3467 aeter-

2037 3416 2392 3488 μνημονεύειν
2414 3417 2512 3486 τῆς
2548 3415 2845 3487 μελλούσης
2867 3415 3119 3486 κρίσεως,
3147 3414 3240 3467 xui
3275 3412 3494 3479 εἰδέναι,
3520 3415 3605 3469 ὅτι

1691 3533 1946 3591 VERSlO
1985 3535 2165 3592 EVAG
2175 3536 2289 3592 Rll.

356 3652 443 3724 est
466 3645 755 3724 sapientia.
787 3646 1134 3724 Expa‘verunt
1155 3655 1299 3708 enim
1335 3652 1710 3724 stupentesad
1743 3652 2042 3719 hominem,
2075 3655 2161 3709 cui
2192 3663 2316 3724 post
2342 3663 2552 3709 tantum
2596 3653 2899 3724 ingenium,
2927 3653 3168 3708 afﬂueret
3199 3653 3480 3724 signorum
3518 3653 3605 3708 di'

358 3715 484 3769 vina
518 3717 755 3792 largitio.
783 3718 852 3774 At
872 3715 980 3792 'ille
1008 3723 1259 3779 universa
1280 3715 1522 3786 Christo,
1549 3723 1643 3791 qui
1671 3733 1910 3788 curarat,
1942 3715 2242 3790 ascribetrs,
2278 3740 2411 3779 usus
2441 3736 2522 3778 est
2549 3715 2712 3777 affatu
2738 3724 2848 3792 (79)
2881 3715 3179 3791 reciproco,
3205 3715 3265 3778 et
3278 3723 3354 3778 ait
3381 3741 3394 3776 :
3424 3721 3606 3778 Nolite

361 3800 451 3861 me
481 3797 672 3861 putare
704 3788 790 3861 his
817 3791 1104 3861 sanitatem
1127 3793 1341 3849 dedisse
1370 3809 1385 3857 ;
1414 3788 1666 3846 Christus
1700 3808 1796 3861 per
1825 3809 2010 3849 servos
2037 3809 2166 3849 suos
2191 3788 2292 3849 ista
2320 3794 2580 3848 miracula
2618 3788 2763 3848 facit.
2796 3788 3010 3847 Credite
3039 3803 3094 3847 et
3123 3807 3242 3857 vos,
3274 3805 3329 3846 et
3348 3793 3605 3849 videbitis

358 3855 488 3922 quia
511 3857 705 3934 devota
736 3857 854 3934 _Deo
881 3860 1034 3934 fides,
1062 3878 1174 3934 non
1205 3855 1529 3934 eloquentiae
1567 3855 1743 3934 vanus
1785 3871 1986 3934 tumor,
2024 3865 2332 3934 taliagsigna
2380 3874 2674 3934 mereatur.
2701 3861 2986 3934 Confugite
3015 3864 3080 3917 ad
3110 3855 3368 3934 Cruciﬁxi
3403 3863 3605 3934 legem,

361 3939 572 4005 nosque
591 3928 712 3998 ejus
735 3927 1388 4005 imitamini_fam_ulos,'et
1412 3932 1513 4005 hac
1542 3932 1789 4005 scientia,
1819 3932 1921 3988 hac
1959 3935 2063 4005 tide
2088 3933 2200 4005 (80)
2223 3927 2486 4005 contenti,
2521 3933 2666 3987 nulla
2709 3927 2967 4005 deinceps
2990 3933 3266 4005 saecularis
3288 3927 3609 4005 impru'den-

361 3993 450 4073 tia:
475 3993 797 4073 argumenta
822 4001 1100 4073 quaeratis.
1133 3993 1689 4073 HactenusAntonio
1711 3993 1943 4073 dicente,
1975 3993 2114 4058 miro
2145 3993 2449 4072 phil090phi
2474 3993 2702 4071 'stupore
2731 3993 2987 4073 perculsi,
3022 4018 3147 4058 cum
3171 3993 3474 4057 honoriﬁco
3505 4017 3603 4058 sa-

359 4063 630 4142 lutatuéb
658 4081 724 4142 eo
753 4063 1088 4142 recedentes,
1128 4074 1357 4127 multum
1381 4071 1502 4138 ejus
1529 4071 1633 4125 sibi
1667 4063 1976 4126 fatebantur
2005 4063 2275 4142 profuisse
2299 4063 2672 4142 conspectum.

430 4136 520 4211 δι.
544 4135 660 4190 Hoc
693 4137 835 4211 ineo
859 4140 1117 4211 mirabile
1137 4151 1240 4210 est,
1263 4153 1318 4197 ut
1342 4135 1614 4195 hominem
1652 4141 1706 4194 in
1735 4152 1981 4196 extremo
2006 4135 2192 4198 inundi
2224 4143 2396 4196 limite
2423 4135 2722 4206 conditum,
2742 4152 2796 4195 et
2817 4140 2970 4195 favor
2994 4142 3320 4211 principum,
3345 4151 3400 4196 et
3419 4143 3608 4198 omnis

359 4206 657 4261 celebraret
685 4209 809 4262 aula
833 4210 1048 4282 regalis.
1074 4206 1295 4267 Nam‘tet
1317 4212 1709 4282 Constantinus
1736 4211 2036 4282 Augustus,
2071 4223 2126 4266 et
2165 4214 2284 4282 ejus
2325 4213 2479 4266 liberi
2527 4211 2794 4266 Constans
2840 4206 3004 4282 atque
3047 4206 3453 4282 Constantius,
3475 4213 3608 4282 talia

359 4286 776 4360 cegnosceptes,
807 4281 1000 4360 crebro
1022 4282 1096 4360 ad
1118 4297 1266 4345 eum,
1299 4281 1453 4352 quasi
1481 4281 1549 4360 ad
1585 4281 2035 4360 patrem,’missi_s_
2071 4281 2268 4338 litteris
2289 4282 2688 4360 _obsecrabant,
2716 4291 2775 4336 ut
2821 4281 3118 4360 reciprocis
3141 4297 3236 4360 eos
3273 4281 3493 4360 scriptis
3519 4281 3609 4335 hi-

360 4346 580 4421 lararet.
615 4347 797 4401 Atille
829 4349 1100 4418 ejusmodi
1124 4346 1372 4418 manens,
1405 4346 1658 4420 qualis—et
1686 4361 1976 4420 antequam
2004 4355 2195 4408 littera:
2237 4353 2303 4406 ad
2348 4367 2472 4406 eum
2509 4346 2776 4414 venirent,
2809 4366 2911 4407 nec
2937 4346 3268 4406 salutatione
3294 4346 3609 4421 principum

360 4418 705 4492 movebatur,
729 4428 785 4472 et
821 4428 1077 4492 tanquam
1108 4437 1216 4476 non
1248 4418 1487 4492 acceptis
1520 4421 1734 4486 litteris,
1766 4418 2080 4478 convocatis
2111 4422 2597 4492 monachisaiebat
2621 4440 2635 4475 :
2659 4423 2854 4492 Reges
2873 4421 3067 4492 saeculi
3097 4418 3612 4492 epistolasgad‘nos

360 4487 650 4559 miserunt,
679 4489 916 4559 quaehic
936 4487 1270 4548 Christianis
1310 4487 1615 4547 adhibenda
1653 4492 1870 4546 miratio
1895 4494 2020 4548 est?
2051 4495 2174 4547 licet
2200 4492 2342 4546 enim
2375 4490 2588 4545 diversa
2625 4491 2696 4546 sit
2736 4487 2990 4559 dignitas,
3018 4487 3255 4546 attamen
3287 4490 3476 4544 eadem
3503 4506 3610 4544 na-

359 4555 548 4610 scendi
580 4555 957 4631 moriendique
983 4562 1224 4631 conditio
1249 4571 1351 4617 est.
1388 4559 1493 4616 Ista
1523 4571 1652 4616 sunt
1685 4562 2033 4617 veneratione
2071 4563 2219 4616 omni
2244 4563 2588 4631 percolenda,
2619 4561 2708 4614 illa
2757 4555 3065 4631 t§tofanimi
3092 4559 3286 4615 aﬂ'ectu
3318 4560 3609 4631 retinenda

358 4633 510 4702 sunt,
542 4628 688 4696 quod
717 4628 1037 4702 hominibus
1069 4629 1212 4687 Deus
1249 4633 1420 4700 legem
1458 4632 1757 4702 scripserit,
1782 4633 1932 4702 quod
1966 4648 2062 4701 per
2086 4628 2278 4685 Filium
2317 4647 2475 4686 suum
2510 4632 2742 4701 propriis
2771 4629 3041 4687 Ecclesias
3070 4630 3606 4702 ditaveriteloquiis.

359 4695 494 4773 Quae
517 4695 802 4773 monachis
826 4711 914 4773 est
941 4701 1079 4773 ratio
1105 4717 1231 4756 cum
1257 4695 1499 4771 epistolis
1516 4695 1702 4770 regum
1720 4695 1875 4773 ?_Cfur
1902 4695 2164 4773 accipiam
2183 4703 2410 4766 litteras,
2432 4695 2630 4770 quibus
2656 4709 2922 4773 consueta?
2945 4700 3432 4773 nesciam_reddere
3454 4695 3612 4753 salu-

362 4765 585 4842 tationis
613 4767 920 4842 obsequia?
947 4770 1117 4840 Igitur
1149 4765 1369 4842 rogatus
1400 4773 1469 4826 ab
1499 4765 1768 4826 universis
1796 4765 2074 4838 fratribus,
2107 4782 2164 4826 nt
2195 4765 2534 4827 Christianos
2560 4786 2716 4840 reges
2749 4771 2864 4825 suis
2892 4771 3093 4842 litteris
3117 4769 3502 4842 refrigeraret,
3533 4783 3608 4822 ne

359 4835 694 4920 scilicetper
724 4835 999 4920 silentium
1017 4835 1643 4920 ejus_e§asperarentur,
1663 4843 1730 4897 ad
1745 4857 2028 4920 susceptas
2055 4835 2311 4912 epistolas
2331 4835 2714 4920 convenientia
2736 4841 3036 4910 rescripsit.
3070 4835 3334 4894 Laudavit
3364 4840 3606 4920 primum

358 4905 513 4982 quod
539 4905 816 4982 Christum
845 4905 1110 4976 colerent,
1133 4905 1325 4966 deinde
1355 4913 1614 4966 salutaria
1636 4905 1929 4981 persuasit,
1957 4929 2025 4968 ne
2045 4905 2296 4982 m'agnam
2320 4919 2573 4982 putarent
2605 4905 3183 4982 regiampoiestatem,
3214 4925 3284 4964 ne
3316 4905 3609 4982 presentis

359 4976 548 5030 carnis
573 4978 804 5053 imperio
831 4989 1124 5047 tumentes,
1148 4992 1202 5053 et
1226 4998 1284 5036 se
1314 4982 1563 5037 homines
1591 4976 1713 5037 esse
1738 4976 2031 5046 nescirent,
2054 4993 2106 5038 et
2135 4976 2458 5053 judicahdos
2479 4996 2509 5036 a
2533 4976 2752 5053 Christo
2783 4976 3264 5053 obliviscerentur:
3292 4976 3359 5034 ad
3388 4989 3608 5048 postre-

361 5060 512 5102 mum
547 5048 849 5105 clementiae
868 5052 1015 5108 circa
1047 5052 1325 5123 subjectos
1350 5061 1405 5108 et
1423 5053 1670 5124 justitiaa,
1692 5068 1839 5110 cura:
1860 5067 2078 5124 quoque
2106 5048 2330 5125 inopum
2359 5051 2660 5116 admonuit,
2683 5062 2846 5122 atque
2870 5066 3039 5106 unum
3072 5051 3463 5121 sempiternum
3482 5064 3609 5105 esse

435 5207 478 5239 “
505 5205 671 5264 Hebr.
696 5207 806 5274 1,2.

435 5365 548 5435 (76)
584 5364 678 5422 Sic
692 5365 826 5437 Reg.
851 5366 907 5430 2,
933 5366 1090 5422 Colb.
1115 5367 1173 5430 2,
1196 5375 1250 5424 et
1273 5366 1440 5423 Savil.
1456 5366 1596 5422 Editi
1625 5376 1679 5423 et
1701 5367 1814 5432 alii,
1842 5367 1939 5421 ἀν-

362 5453 671 5508 τιγραμμα.
717 5437 842 5492 Mox
883 5453 1018 5493 mss.
1066 5453 1205 5508 pene
1231 5453 1444 5506 omnes,
1476 5440 1570 5492 ἐπὶ
1589 5441 1730 5502 ταῖς.
1769 5439 1936 5506 Editi,

363 5525 431 5560 πε
471 5507 656 5570 ὶταίς.

433 5525 548 5646 ΐἹἹ)
587 5577 656 5632 δίε

2040 5366 2095 5422 ἱη
2125 5366 2268 5420 aliis.

2113 5437 2245 5509 (78)⁸
2271 5434 2424 5509 Colb.
2455 5435 2511 5509 ξ,
2543 5437 2992 5509 ἀπορῤιφΘὲντες,
3021 5447 3132 5489 non
3161 5429 3324 5486 male.
3364 5429 3498 5498 Reg.
3547 5429 3608 5494 2,

2039 5505 2428 5587 απσρῃθξγτες.
2465 5505 3076 5587 δειχητζάπορηθέντος.

495 5577 548 5654 7)
587 5577 901 5654 Sicpmncs
934 5594 1080 5654 pene_
1110 5593 1244 5654 mss.
1283 5577 1340 5633 ln
1367 5579 1506 5654 aliis
1527 5587 1586 5654 et
1619 5578 1782 5634 editis
1802 5593 1934 5654 ‘non
2256 5574 2347 5654 §ic
2373 5592 2506 5654 nues.
2539 5574 2955 5654 Edit_i_qui:da1u,
2981 5574 3204 5654 μωσιν.-
3233 5644 3244 5654 _
3328 5639 3365 5654 η

363 5639 1012 5724 τοροτίιυτηθαυμάζετε.
1065 5647 1237 5724 Infra,
1272 5661 1392 5719 post
1444 5648 1727 5724 ἐϐούλετο,
1780 5648 1927 5724 deest

2100 5639 2224 5724 is»)
2256 5645 2345 5724 Si_c
2376 5644 2623 5704 Dcsmar.
2643 5639 2769 5712 Alii,
2793 5648 2889 5700 hac
2917 5639 3149 5700 scientiis
3169 5644 3292 5716 ﬁde.
3326 5639 3490 5704 eam,
3510 5639 3613 5695 hoc

365 5719 462 5786 μέν
499 5717 553 5773 in
589 5717 750 5773 editis
785 5715 834 5772 ct
867 5721 920 5774 in
953 5715 1328 5788 compluribus
1369 5734 1530 5787 11155.,
1590 5721 1682 5776 sed
1709 5719 1933 5774 habetur
2033 5717 2264 5770 scientiae
2286 5715 2403 5783 ﬁne.
