3824 6224
353 262 460 319 959
939 263 1000 323 S.
1039 263 1411 320 ATHANASII
1459 264 1610 322 OPP.
1651 264 1832 320 PARS
1868 265 1906 320 Ι.
1945 291 2009 304 -ο
2049 263 2420 320 HISTORICA
2457 262 2548 317 ET
2584 263 3001 320 DOGMATICA.
3505 266 3612 323 960

354 377 470 432 ravi
497 394 510 430 :
541 377 720 431 audivi
747 377 946 447 quippe
969 393 1156 434 vocem
1183 379 1453 435 dicentem
1485 397 1499 433 :
1530 379 1715 434 Altare
1743 395 1864 435 meu

2108 377 2378 451 ιρτώντων
2401 377 2613 448 κτηνῶν
2654 377 2868 446 γένοιτο
2891 375 3252 448 λακτίσματα.
3288 380 3522 444 Πάντως
3553 381 3611 436 δέ

354 471 650 540 polluetur.
686 468 810 524 Haec
851 485 1018 525 senex
1048 472 1183 526 vidit
1211 491 1224 527 :
1253 482 1307 528 et
1336 481 1458 543 post
1487 473 1766 528 biennium
1796 489 1864 528 co

2102 470 2282 536 θεσθε,
2315 470 2469 542 φησὶ,
2499 469 2617 535 πῶς
2661 469 2982 534 ἐστέναζον·
3031 471 3238 542 ἥκουσα
3273 473 3382 544 γὰρ
3424 476 3612 546 φωνῆς

357 562 476 632 tigit
507 577 569 616 ea
607 577 730 632 quae
771 578 942 631 nuper
982 563 1085 618 fuit
1112 563 1441 620 Arianorum
1476 563 1730 636 irruptio,
1753 567 1866 621 eccl

2104 563 2293 634 γούσης
2309 580 2322 593 ·
2343 561 2764 634 Βδελυχθήσεται
2780 561 2840 614 τὸ
2863 561 3243 636 θυσιαστήριόν
3266 583 3389 636 μου.
3420 567 3614 624 Ταῦτα

356 655 672 724 siarumque
702 656 934 724 direptio
971 675 985 710 :
1023 672 1146 711 cum
1181 656 1381 727 (sacra)
1429 672 1555 712 vasa
1598 659 1650 712 vi
1685 659 1866 728 abrept

2106 661 2168 707 ἐν
2199 655 2424 727 όγέρων
2447 670 2463 685 ·
2499 654 2592 707 καὶ
2626 653 2764 725 μετὰ
2792 654 2884 708 δύο
2917 655 3009 726 ἔτη
3043 657 3261 726 γέγονεν
3295 659 3328 729 ή
3371 657 3468 714 νῦν
3519 660 3616 728 ἔφ-

354 747 591 802 ethnicis
626 749 957 816 asportanda
989 749 1262 805 tradidere
1294 768 1308 804 :
1342 766 1452 820 quo
1484 759 1729 820 tempore
1754 768 1820 806 ex
1848 767 1864 805 (

2105 764 2148 810 >ς
2205 745 2314 799 τῶν
2368 746 2681 818 Ἀρειανῶν,
2737 748 2832 801 καὶ
2870 749 2904 818 ἡ
2959 748 3181 818 ἁρπαγὴ
3238 750 3347 803 τῶν
3410 751 3615 823 ἐκκλη-

355 838 534 893 ίίρῖληε
554 840 808 894 ethnicos
835 840 949 896 suis
989 840 1254 896 interesse
1285 843 1582 913 synaxibus
1618 859 1865 913 coegerut

2104 837 2166 892 Iw
2204 836 2339 908 (85),
2374 837 2460 890 ὅτε
2487 837 2582 890 καὶ
2608 837 2678 890 τὰ
2709 836 2876 910 σκεύη
2916 837 3050 908 μετά
3088 837 3208 908 βίας
3237 841 3614 911 ἁρπάσαντες,

355 930 531 999 iisque
555 932 936 999 praesentibus,
967 949 1089 1003 qua:
1123 935 1282 988 libuit
1313 935 1366 988 in
1404 951 1559 989 sacra
1589 951 1774 989 mensa
1811 950 1865 1004 pe

2133 930 2361 983 ἐθνικῶν
2397 929 2612 983 ἐποίουν
2646 929 3007 1000 βαστάζεσθαι
3027 949 3040 961 ·
3063 932 3152 984 ὅτε
3183 932 3432 996 καὶτοὺς
3462 933 3616 986 ἐθνι-

353 1031 659 1091 petrarunt.
696 1021 834 1076 Tum
865 1025 1118 1078 novimus
1149 1038 1361 1090 omnes,
1389 1025 1658 1079 mulorum
1692 1026 1863 1080 calcitl

2109 1023 2163 1087 ὺς
2191 1022 2300 1076 ἀπὸ
2337 1023 2444 1076 τῶν
2474 1023 2850 1094 ἐργαστηρίων
2879 1023 2990 1094 (86)
3038 1023 3348 1093 ἠνάγκαζον
3383 1027 3619 1094 συνάγε-

354 1121 445 1166 tus
477 1127 541 1166 ea
564 1111 802 1166 Antonio
826 1116 1244 1182 praenuntiasse,
1273 1129 1395 1184 quae
1427 1113 1536 1183 jam
1559 1114 1748 1167 Ariani
1777 1129 1864 1183 qu:

2119 1132 2160 1166 ιι
2196 1116 2314 1186 μετ’
2339 1114 2515 1168 αὐτῶν
2535 1133 2550 1146 ο
2576 1115 2669 1167 καὶ
2702 1115 2986 1186 παρόντων
3011 1115 3188 1169 αὐτῶν
3218 1115 3491 1187 ἔπραττον
3521 1117 3629 1170 ἐπὶ

353 1203 778 1272 brutajumenta
802 1213 1134 1274 perpetrant.
1158 1203 1286 1259 Post
1322 1203 1589 1258 visionem
1623 1213 1801 1258 autem
1837 1219 1863 1258 e

2119 1203 2429 1274 ςτραπὲζης
2468 1202 2542 1266 ὡς
2563 1203 2775 1274 ἤθελον.
2807 1204 2939 1257 Τότε
2968 1205 3165 1270 πάντες
3185 1208 3346 1278 ἡμεῖς
3369 1207 3629 1276 ἐπέγνω-

355 1295 449 1363 qui
485 1310 668 1349 secum
700 1304 856 1355 eraut
903 1296 1222 1351 consolatus
1251 1304 1352 1350 est.
1390 1293 1468 1350 Ne
1511 1295 1695 1350 animo
1747 1309 1865 1350 cont

2123 1309 2158 1356 ι,
2219 1293 2300 1345 ὅτι
2337 1292 2406 1346 τὰ
2451 1292 2792 1364 λακτίσματα
2827 1294 2936 1348 τῶν
2975 1296 3215 1366 ἡμιόνων
3257 1297 3431 1351 ταῦτα
3483 1317 3633 1368 προ-

355 1384 522 1451 datis,
555 1385 728 1451 aiens,
755 1385 890 1451 ﬁlii;
927 1395 987 1439 ut
1024 1387 1172 1440 enim
1217 1392 1387 1441 iratus
1432 1395 1515 1440 est
1543 1385 1827 1449 Dominus,
1855 1402 1865 1439 ε

2115 1385 2239 1456 ήνυε
2295 1384 2374 1456 τῷ
2411 1387 2700 1458 Ἀντωνίῳ,
2749 1386 2786 1441 ἃ
2815 1387 2908 1441 νῦν
2966 1389 3015 1441 oi
3075 1389 3342 1460 Ἀρειανοὶ
3400 1391 3625 1460 ἀλόγως

355 1477 538 1531 denuo
569 1476 837 1532 medelam
868 1477 1167 1542 adhibebit,
1194 1487 1249 1532 et
1275 1479 1384 1532 cito
1411 1477 1708 1547 pristinum
1745 1476 1865 1531 Eccl

2112 1477 2369 1530 ιάττουσιν
2399 1477 2474 1541 ὡς
2528 1477 2598 1530 τὰ
2626 1479 2822 1550 κτήνη.
2865 1479 2952 1544 Ὣς
2996 1479 3052 1532 δέ
3105 1481 3308 1551 ταύτην
3354 1477 3466 1535 εἶδε
3516 1484 3622 1554 τὴν

357 1566 440 1622 sia
463 1576 716 1621 ornatum
745 1567 1109 1639 recuperabit,
1141 1568 1476 1638 fulgebitque
1499 1567 1565 1622 de
1597 1583 1746 1622 more
1772 1585 1786 1620 :
1815 1582 1867 1636 pt

2117 1568 2291 1641 δρίαν,
2315 1571 2442 1634 τοὺς
2477 1570 2732 1634 συνόντας
2754 1571 3112 1642 παρεκάλεσε,
3139 1572 3338 1641 λέγων·
3366 1575 3461 1646 Μὴ
3488 1573 3627 1627 ἀθυ-

358 1671 454 1712 sos
478 1653 690 1714 restitui
715 1661 975 1724 cernetis,
991 1659 1328 1730 impietatem
1345 1660 1410 1715 ad
1437 1659 1662 1714 latibula
1681 1659 1868 1714 secede

2114 1663 2212 1726 ῖτε,
2241 1661 2440 1714 τέκνα·
2473 1661 2662 1734 ὥσπερ
2705 1661 2813 1734 γὰρ
2846 1662 3089 1734 ὠργίσθη
3136 1665 3164 1718 ό
3198 1663 3423 1736 Κύριος,
3473 1663 3624 1719 οὕτω

358 1764 480 1814 sua,
507 1749 763 1820 piamque
786 1750 948 1806 ﬁdem
977 1724 1150 1806 libere
1178 1751 1406 1806 omnino
1421 1751 1588 1822 686
1613 1765 1676 1804 ac
1709 1749 1868 1804 fidem

2129 1724 2205 1806 λιν
2244 1752 2474 1807 ἰάσεται.
2513 1724 2641 1806 Καὶ.
2672 1724 2835 1808 πόλιν
2887 1724 3100 1824 ταχέως
3153 1724 3495 1827 ἀπολήψεται
3528 1756 3639 1810 τδνκ

356 1855 521 1906 agere
550 1842 790 1912 ubique:
824 1843 1002 1898 solum
1029 1859 1097 1898 ne
1125 1858 1249 1897 cum
1275 1842 1495 1897 Arianis
1527 1858 1622 1897 vos
1657 1843 1866 1912 polluat?

2111 1844 2235 1914 δτῆς
2261 1845 2466 1915 κόσμον
2489 1846 2521 1916 ἡ
2557 1845 2875 1915 Ἐκκλησία,
2894 1846 2988 1900 καὶ
3015 1845 3258 1918 συνήθως
3282 1847 3621 1918 ἀναλάμψειο

357 1929 710 2002 Nequaquam
760 1935 904 1988 enim
955 1935 1330 2005 apostolorum
1379 1941 1464 1988 est
1514 1933 1785 2002 ejusmodi
1841 1932 1867 1986 d

2153 1933 2350 2004 ὄψεσθε
2390 1935 2516 1998 τοὺς
2543 1935 2868 2006 διωχθέντας
2908 1937 3482 2009 ἀποκαθισταμένους,
3526 1939 3643 1993 καὶ,

356 2023 569 2088 ctrina,
616 2026 709 2080 sed
746 2025 1077 2092 daemonum,
1112 2028 1392 2098 patrisque
1426 2027 1671 2096 ipsorum
1711 2025 1866 2080 diabo

2117 2044 2132 2079 ι
2163 2027 2262 2096 μὲν
2291 2027 2547 2082 ἀσέϐειαν
2574 2028 2733 2082 πάλιν
2762 2031 2840 2094 είς
2863 2031 2988 2094 τοὺς
3015 2031 3177 2096 ίδίους
3215 2031 3456 2101 φωλεοὺς
3489 2035 3627 2087 ἀνα-

356 2116 649 2186 potiusque
690 2117 779 2171 illa
818 2126 974 2173 ortus
1032 2128 1197 2187 atque
1244 2118 1477 2173 rationis
1515 2132 1709 2188 expers
1750 2124 1851 2180 est,

2120 2117 2354 2188 ροῦσαν,
2408 2119 2506 2190 τὴν
2552 2119 2608 2174 δὲ
2645 2122 2843 2191 εὐσεϐῆ
2885 2123 3067 2177 πίστιν
3093 2123 3625 2198 παρρησιαζομένην

357 2223 466 2261 non
493 2223 640 2263 sant»
671 2208 890 2275 mentis,
926 2217 987 2264 ut
1023 2209 1157 2263 muli
1189 2210 1401 2263 ratione
1428 2217 1694 2264 carentes.

2116 2209 2174 2261 τὰ
2197 2210 2378 2280 πάσης
2409 2211 2717 2283 ἐλευθερίας
2746 2213 3018 2283 πανταχοῦ
3039 2228 3053 2242 ·
3090 2214 3246 2285 μόνον
3275 2215 3348 2286 μὴ
3388 2216 3626 2287 μιάνητε

357 2303 586 2367 ἑαυτοὺς
617 2303 755 2374 μετά
779 2303 887 2359 τῶν
914 2304 1228 2376 Ἀρειανῶν.
1255 2305 1367 2357 Οὐκ
1397 2303 1511 2356 ἐστι
1559 2303 1667 2374 γὰρ
1708 2301 1815 2354 τῶν
1855 2302 2168 2356 ἀποστόλων
2223 2303 2361 2376 αὕτη
2420 2307 2453 2376 ἡ
2508 2306 2843 2374 διδασκαλία,
2875 2307 3011 2361 ἀλλά
3041 2307 3148 2360 τῶν
3180 2309 3448 2380 δαιμόνων
3472 2349 3488 2374 ,
3527 2315 3648 2368 καὶ,

356 2395 451 2448 τοῦ
482 2397 686 2467 πατρὸς
709 2394 885 2451 αὐτῶν
914 2395 1009 2450 τοῦ
1029 2395 1274 2449 διαϐόλου
1295 2413 1309 2426 υ
1352 2395 1444 2448 καὶ
1468 2394 1666 2466 μᾶλλον
1716 2391 1926 2460 ἄγονος,
1967 2392 2060 2446 καὶ
2090 2393 2301 2464 ἄλογος,
2357 2397 2452 2449 καὶ
2480 2396 2717 2461 διανοίας
2777 2397 2922 2450 ἐστὶν
2954 2398 3057 2451 οὐκ
3085 2397 3246 2469 ὀρθῆς
3268 2440 3283 2466 ,
3318 2398 3394 2462 ὡς
3424 2401 3458 2469 ἡ
3510 2399 3632 2452 τῶν

357 2487 600 2558 ἡμιόνων
630 2489 845 2558 ἀλογία.

431 2577 520 2656 Βῖξ.
554 2577 830 2634 Hactenus
856 2579 1075 2633 Antonii
1102 2589 1272 2649 gesta.
1304 2578 1420 2633 Non
1443 2579 1596 2634 decet
1619 2585 1800 2632 autem
1831 2591 1933 2630 nos

2116 2575 2204 2630 85.
2238 2575 2475 2656 Τοιαῦτα
2500 2577 2599 2648 μὲν
2624 2575 2691 2630 τὰ
2724 2577 2816 2630 τοῦ
2846 2577 3155 2632 Ἀντωνίου.
3195 2578 3268 2631 Οὐ
3293 2577 3447 2632 δεῖδὲ
3472 2579 3626 2648 ἡμᾶς

356 2655 520 2726 tidem
553 2669 814 2737 derogare
846 2679 928 2724 tot
955 2672 1230 2740 tantisque
1264 2672 1332 2725 ab
1369 2686 1479 2725 uno
1514 2669 1734 2724 homine
1774 2668 1858 2723 edi

2109 2655 2308 2733 τιστεῗν,
2343 2670 2391 2721 εί
2420 2669 2487 2722 δι’
2519 2669 2806 2740 ἀνθρώπου
2838 2670 3078 2724 τοσαῦτα
3104 2670 3297 2739 γέγονε
3340 2669 3619 2740 θαύματα.

357 2761 660 2817 miraculis.
693 2761 820 2817 Haec
848 2763 994 2816 enim
1039 2763 1337 2816 Salvatoris
1384 2771 1467 2816 est
1499 2760 1815 2832 promissio,
1841 2775 1867 2829 q

2128 2757 2148 2810 5
2176 2757 2284 2830 γὰρ
2309 2759 2560 2831 Σωτῆρός
2599 2761 2745 2812 ἐστιν
2777 2760 3112 2829 ἐπαγγελία,
3153 2759 3429 2827 λέγοντος·
3477 2758 3638 2812 Ἐὰν

360 2855 440 2908 ait
468 2873 481 2909 :
511 2853 575 2908 Si
617 2855 903 2909 habueritis
950 2853 1109 2925 fidem
1143 2865 1199 2909 ut
1229 2872 1452 2925 granum
1493 2854 1714 2923 sinapis.
1746 2853 1870 2905 dicet

2119 2865 2219 2916 ητε
2257 2851 2467 2902 πίστιν
2493 2851 2573 2915 ὡς
2592 2850 2813 2903 κόκκον
2839 2849 3141 2916 σινάπεως
3169 2849 3298 2920 (87),
3327 2848 3514 2917 ἐρεῖτε
3542 2847 3629 2912 τῷ

361 2944 488 2997 huic
523 2945 687 2998 monti
718 2960 737 2997 :
774 2943 915 2998 Hinc
952 2947 1293 3016 transmigra,
1321 2955 1370 2999 et
1412 2942 1851 3013 transmigrabit;

2112 2957 2160 2993 ει
2179 2941 2398 3005 τούτῳ·
2419 2939 2713 3007 Μετάϐηθι
2741 2941 3044 3006 ἐντεῦθεν,
3078 2941 3176 2994 καὶ
3197 2938 3622 3010 μεταϐήσεται·

359 3035 494 3090 nihil
520 3036 837 3105 impossibile
852 3037 952 3090 erit
976 3036 1118 3090 vobis
1133 3037 1196 3090 ’⁸.
1225 3035 1288 3089 Et
1303 3051 1520 3090 rursum
1549 3049 1567 3088 :
1595 3037 1869 3098 Amen,am

2114 3033 2139 3085 εὶ
2173 3031 2354 3086 οὐδὲν
2387 3031 2753 3098 ἀδυνατήσει
2797 3031 2960 3102 ὑμῖν.
3011 3031 3120 3085 Καὶ
3148 3030 3308 3084 πάλιν
3328 3049 3340 3060 ·
3408 3029 3624 3099 Ἀμὴν,

360 3129 483 3181 dico
515 3128 680 3193 vobis,
711 3129 758 3182 si
786 3128 912 3198 quid
942 3129 1198 3198 petieritis
1235 3127 1452 3181 Patrem
1483 3127 1538 3179 in
1567 3126 1776 3180 nomine
1805 3139 1870 3175 me

2119 3127 2207 3195 ιὴν
2235 3125 2390 3196 λέγω
2419 3125 2581 3195 ὑμῖν,
2611 3125 2722 3179 ἐάν
2740 3141 2795 3179 τι
2816 3124 3103 3191 αἰτήσητε
3127 3123 3233 3176 τὸν
3257 3121 3492 3190 Πατέρα
3508 3121 3629 3192 (88)

358 3219 509 3274 dabit
524 3220 684 3274 vobis.
701 3219 892 3288 Petite,
905 3229 954 3275 et
969 3221 1303 3290 accipietis".
1318 3219 1438 3289 lpse
1453 3220 1649 3291 quippe
1661 3217 1868 3285 discipu

2140 3214 2220 3282 τῷ
2249 3217 2496 3285 ὀνόματι
2533 3234 2681 3285 μου,
2711 3213 2888 3269 δώσει
2908 3215 3069 3284 ὑμῖν.
3092 3213 3334 3277 Αἰτεῖτε,
3369 3213 3470 3266 καὶ
3507 3211 3627 3279 11i-

361 3309 728 3379 omnibu-sque
751 3311 802 3363 in
832 3325 891 3365 se
912 3309 1259 3365 credentibus
1284 3310 1396 3364 ait:
1429 3309 1681 3378 Inﬁrmos
1714 3321 1871 3364 curat

2120 3311 2256 3363 r008.
2289 3307 2401 3361 Καὶ
2433 3307 2596 3369 αὐτός
2624 3309 2770 3360 ἐστιν
2796 3308 2824 3359 ό
2852 3308 2963 3370 τοῖς
3001 3305 3268 3376 μαθηταῖς
3297 3304 3494 3373 λέγων,
3531 3305 3630 3358 καὶ

362 3401 628 3454 daemones
644 3401 821 3469 ejicite
846 3417 864 3455 :
893 3401 1059 3471 gratis
1086 3402 1386 3471 accepistis,
1412 3403 1580 3471 gratis
1595 3403 1718 3455 date
1732 3403 1800 3456 '°.

2132 3418 2180 3453 σι
2209 3404 2320 3464 τοῖς
2359 3399 2704 3454 πιστεύουσιν
2729 3402 2810 3463 εἰς
2840 3399 3002 3452 αὐτόν
3022 3416 3036 3429 ’
3081 3397 3507 3464 Ἀσθενοῦντας
3531 3401 3642 3453 θει-

359 3495 651 3562 ραπεύετε
669 3509 682 3526 ·
713 3493 1002 3565 δαίμονας
1022 3495 1345 3550 ἐκϐάλλετε
1367 3513 1380 3524 ·
1406 3494 1632 3564 δωρεὰν
1667 3495 1932 3562 ἐλάϐετε,
1974 3495 2199 3564 δωρεὰν
2227 3493 2382 3549 δότε.

1699 3712 1954 3768 VERSIO
1993 3712 2293 3768 EVAGRII.

366 3953 494 3996 cum
535 3937 912 4006 assumptione
943 3937 1289 4005 palmarum:
1341 3937 1484 4006 quod
1523 3935 1846 3992 idololatria!
1905 3936 2048 4006 apud
2097 3933 2480 4006 Alexandriam
2529 3934 2875 4006 insigneiest.
2930 3935 3012 3990 Ad
3058 3935 3342 3991 ecclesiam
3396 3950 3628 4004 pergere

368 4004 840 4078 compellehantur
870 4004 1192 4070 Christiani,
1231 4017 1289 4060 ut
1311 4004 1638 4060 Arianorum
1673 4007 1855 4076 populi
1893 4004 2262 4078 crederentur.
2303 4004 2694 4078 Prohscelus!
2729 4005 2924 4078 Horret
2955 4006 3170 4078 animus
3208 4006 3634 4078 replicare“un

369 4074 522 4148 gesta
555 4087 726 4134 sunt:
760 4078 1030 4147 virginum
1086 4087 1571 4146 matronarumque
1597 4074 1816 4145 crept—us
1867 4077 2042 4148 pudor
2077 4095 2090 4129 :
2125 4077 2351 4148 sanguis
2377 4076 2588 4148 ovium__
2612 4074 2815 4130 Christi
2848 4076 3150 4148 inﬁhristi
3177 4074 3386 4148 templo
3415 4075 3632 4131 eﬂ‘usus

369 4145 678 4203 veneranda
719 4145 981 4214 respersit
1012 4148 1203 4200 altaria
1236 4166 1249 4200 :
1308 4145 1685 4218 baptisterium
1717 4147 2126 4218 prorvoluntate
2169 4147 2452 4218 gentilium
2483 4145 2750 4218 pollutum
2783 4154 2886 4218 est.
2920 4145 3066 4200 Nihil
3103 4145 3272 4202 defuit
3298 4145 3500 4218 visioui
3534 4163 3628 4202 ve-

369 4221 574 4283 ritatis,
604 4229 664 4272 ut
686 4218 1014 4272 monstravit
1062 4218 1307 4281 eﬂ'ectus,
1342 4217 1488 4285 quod
1533 4217 1935 4271 calcitrantium
1986 4216 2258 4270 mulorum
2295 4217 2740 4284 indisciplinatio,
2790 4216 3116 4270 Arianorum
3161 4225 3307 4272 esset
3346 4216 3628 4284 impietas.

374 4289 478 4344 Sed
508 4291 667 4344 istam
706 4287 978 4343 tristitiam
1006 4287 1398 4356 consequentis
1431 4286 1781 4340 revelatiouis
1810 4288 2174 4355 prosperitate
2205 4286 2412 4339 solatus
2437 4297 2539 4352 est,
2570 4295 2623 4340 et
2653 4288 2732 4340 ait
2763 4303 2777 4339 :
2809 4285 3008 4351 Nolite,
3043 4287 3219 4347 ﬁlioli,
3257 4288 3480 4340 maerori
3521 4303 3624 4340 vos

373 4361 590 4430 penitus
616 4359 786 4414 dare:
825 4368 884 4412 ut
913 4357 1061 4433 enim
1088 4357 1259 4433 iratus
1291 4367 1374 4411 est
1418 4357 1820 4433 D_om_i_n.us,_‘s_ic
1864 4372 2081 4433 rursum
2106 4357 2493 4433 miserebitur,
2536 4368 2588 4410 et
2628 4371 2808 4433 suum.
2834 4357 2945 4433 cito
2969 4357 3241 4433 _Ec_cl_esia
3281 4357 3636 4433 recuperabi‘.

373 4425 626 4484 ornatum
665 4447 679 4483 :
717 4444 923 4497 eosque
971 4429 1064 4497 qui
1091 4428 1143 4480 iu
1196 4425 1668 4496 persecutionibits
1715 4426 2120 4497 iidemiDomiui
2174 4428 2529 4491 servaverint,
2565 4425 2728 4481 solito
2760 4425 3015 4481 videbitis
3055 4428 3264 4496 fulgore
3285 4427 3628 4497 relucentes.

376 4499 738 4555 Revertentur
789 4495 857 4552 ad
892 4495 1077 4554 foveas
1123 4495 1252 4552 suas
1297 4508 1598 4568 serpentes,
1649 4507 1704 4552 et
1736 4496 1928 4564 religio
1978 4497 2204 4568 longius
2227 4498 2660 4566 propagabitur:
2705 4504 2917 4568 tantum
2949 4498 3143 4568 videte,
3171 4495 3394 4568 nerﬁdei
3428 4507 3629 4551 vestrae

375 4571 660 4626 sinceritas
705 4570 908 4622 Ariana
954 4568 1074 4622 labe
1101 4565 1405 4622 sordescatI
1453 4566 1574 4623 Non
1623 4568 2018 4638 apostolorum,
2038 4567 2147 4638 sed
2176 4565 2484 4620 daemonum
2520 4576 2574 4619 et
2601 4566 2770 4634 patris
2802 4581 2990 4638 eorum
3015 4567 3212 4621 diaboli
3243 4567 3346 4621 ista
3377 4569 3633 4622 doctrina

380 4649 472 4695 est
499 4660 510 4695 :
542 4644 614 4695 oh
640 4640 692 4693 id
717 4655 811 4709 per
839 4638 1206 4707 insipientiam
1228 4638 1623 4707 jumentorum,
1657 4636 1853 4692 similis
1882 4636 2372 4709 pecudumﬂeorum
2402 4652 2694 4709 expressus
2731 4644 2815 4709 est
2844 4637 3080 4709 animus.

445 4711 534 4765 83.
568 4709 684 4764 Huc
718 4705 891 4776 usque
920 4705 1356 4763 AntoniusfSed
1385 4724 1486 4763 nos
1520 4709 1744 4763 minime
1767 4705 2021 4762 convenit
2065 4706 2325 4771 diliidere,
2357 4717 2464 4760 tam
2494 4706 2696 4776 grande
2739 4705 3066 4776 miraculum
3096 4722 3193 4776 per
3222 4705 3502 4760 hominem
3535 4722 3633 4776 po-

373 4780 545 4836 tuisse
573 4775 843 4851 portendi.
867 4777 1173 4851 ‘Salvatoris
1198 4779 1342 4832 enim
1371 4779 1662 4847 promissio
1684 4788 1767 4833 est
1794 4778 1897 4832 ista
1936 4777 2054 4851 (89)Δ
2077 4777 2316 4851 dicentis
2339 4795 2372 4851 ;_
2391 4777 2450 4830 Si
2482 4775 2786 4851 ⁸Ιιιιὺιιιινὶιίε
2828 4775 2996 4851 ﬁdem
3036 4775 3347 4851 ut’granum
3377 4775 3582 4851 sinapis
3615 4816 3631 4840 ,

373 4845 763 4905 dicetis-monti
786 4849 907 4903 huic
934 4848 1222 4918 :Transfer
1250 4858 1323 4918 te,
1359 4845 1409 4903 et
1437 4853 1805 4918 transleretur,
1837 4857 1888 4901 et
1921 4845 2054 4900 nihil
2082 4847 2402 4918 impossibile
2417 4848 2515 4918 erit
2537 4845 2679 4899 vobis
2707 4865 2725 4900 :
2757 4854 2811 4918 et
2828 4847 3026 4918 iterum
3060 4865 3074 4900 :
3107 4845 3294 4910 Amen,
3318 4863 3475 4918 amen
3509 4847 3630 4900 dico

373 4922 537 4985 vobis,
570 4937 721 4974 omne
753 4919 892 4989 quod
937 4915 1196 4986 petieritis
1240 4916 1458 4973 Patrem
1491 4919 1548 4972 in
1574 4915 1786 4989 nomine
1831 4935 1968 4979 meo,
1999 4916 2150 4989 dabit
2199 4917 2362 4970 vobis.
2404 4916 2576 4969 Petite
2603 4925 2652 4969 et
2682 4916 2976 4989 accipietis.
3009 4916 3289 4989 Ipseenim
3320 4915 3637 4989 suisdisci-

373 4991 519 5062 polis
548 5000 604 5046 et
631 4987 888 5062 universo
926 4990 1263 5062 credentium
1293 4990 1464 5062 gregi,
1503 4988 2064 5062 mmcsuhjeetionem
2094 4987 2426 5052 daemonum,
2461 5002 2609 5041 nunc
2637 4987 2908 5040 variarum
2949 4987 3328 5042 intirmitatum
3368 4987 3636 5056 pollicens

373 5058 734 5127 curationem,
758 5060 936 5114 aiebat
965 5078 978 5114 :
1014 5058 1193 5114 Gratis
1221 5058 1510 5128 accepistis,
1534 5061 1698 5130 gratis
1725 5059 1864 5114 date.

465 5292 507 5322 ⁵⁸
534 5289 726 5344 Matth.
759 5305 893 5354 xvn,
926 5287 1012 5342 i9.
1095 5288 1135 5320 ιθ
1173 5284 1372 5341 Joann.
1403 5301 1517 5354 xvt,
1547 5285 1639 5352 25,
1667 5285 1758 5339 24.
1835 5285 1880 5317 ³ο
1918 5283 1975 5338 Μ;

759 5305 893 5354 xvn,
926 5287 1012 5342 i9.
1095 5288 1135 5320 ιθ
1173 5284 1372 5341 Joann.
1403 5301 1517 5354 xvt,
1547 5285 1639 5352 25,
1667 5285 1758 5339 24.
1835 5285 1880 5317 ²⁰
1918 5283 2108 5339 Matth.
2140 5301 2196 5350 κ,
2219 5286 2265 5340 8.

453 5509 566 5577 (85)
601 5507 728 5564 Hzec
761 5521 909 5576 gesm
941 5515 1070 5579 sunt
1102 5521 1248 5560 anno
1282 5506 1406 5560 3M.
1435 5503 1570 5579 Vide
1613 5519 1780 5574 supra
1816 5503 1943 5556 Eoi-

2129 5507 2243 5570 (87)
2275 5510 2363 5564 Sic
2389 5509 2606 5579 plurimi
2643 5527 2774 5566 mss.
2811 5511 2910 5563 Alii
2943 5527 3066 5563 t‘tlllt
3107 5509 3284 5568 editis,
3327 5509 3634 5571 cuvénawe.

379 5575 575 5652 thiam
604 5575 928 5652 cncyclt'mm
956 5578 1024 5631 ad
1058 5581 1348 5652 episcopos.
1369 5593 1436 5652 _p.
1474 5575 1564 5652 87.
1712 5645 1736 5652 _

2134 5579 2242 5646 (88)
2271 5575 2500 5648 Quidam
2526 5598 2682 5647 mss.,
2706 5581 2924 5651 Πατέρα
2956 5599 3076 5652 μου.
3107 5580 3161 5632 ln
3191 5580 3312 5634 aliis
3341 5597 3442 5650 μου
3467 5581 3637 5636 deest.

453 5649 567 5719 (δίι)
601 5645 942 5705 (ὲοὶὗειοιίιιύε
979 5645 1271 5711 secundus,
1303 5648 1471 5712 solus,
1507 5645 1795 5716 ἐργασιῶν.

1696 5645 1795 5698 μῶν.
2133 5645 2243 5720 (89)
2279 5645 2368 5708 Sic
2402 5645 2778 5712 manuscrioti.
2815 5645 2978 5709 E'diti'.
3007 5664 3081 5706 est
3114 5652 3206 5705 ita.
