3824 6224
177 249 282 304 96!

1499 243 1664 299 VITA
1705 245 1763 298 S.
1807 243 2094 298 ANTONll

3329 247 3460 303 962'

256 359 350 415 84.
382 359 460 413 Οὐ
486 353 834 431 προστάττων
857 357 966 429 (90)
998 355 1128 426 γοῦν
1143 350 1470 430 ἐθεράπευεν
1491 361 1520 412 ὁ
1558 359 1752 411 Ἀντώ-

1923 348 2317 428 84.Νοη]ιιεευ
2340 365 2524 429 itaque
2537 359 2762 417 sanabat
2777 359 3072 444 Antonius,
3086 362 3181 418 sed
3203 362 3435 420 orando.

180 468 322 517 νιος,
366 450 481 505 ἀλλ’
511 450 804 520 εὐχόμενος
834 448 928 501 καὶ
963 447 1054 501 τὸν
1082 447 1314 519 Χριστὸν
1337 449 1616 519 ὀνομάζων
1634 466 1648 479 ·
1681 449 1757 513 ῶς

182 544 326 598 πᾶσι
354 541 584 614 φανερὸν
612 540 865 611 γενέσθαι
889 579 904 604 ,
934 540 1017 593 ὃτι
1046 540 1146 593 οὐκ
1189 535 1258 610 ἦν
1283 541 1445 604 αὐτὸς
1490 543 1519 595 ὁ
1566 541 1754 609 ποιῶν,

181 635 304 688 ἀλλ’
342 637 370 686 ὁ
403 633 608 704 Κύριος
633 673 648 699 ,
692 631 758 684 δι’
818 631 1102 686 Ἀντωνίου
1157 631 1755 703 φιλανθρωπευόμενος,

180 727 283 780 καὶ
309 723 626 796 θεραπεύων
661 724 787 786 τοὺς
821 722 1146 792 πάσχοντας.
1188 723 1468 776 Ἀντωνίου
1511 723 1567 775 δὲ
1601 722 1758 794 μόνον

179 821 218 889 ἠ
253 817 388 887 εὐχὴ
419 816 564 886 καὶὴ
593 815 844 885 ἄσκησις,
877 808 946 884 ἦς
975 813 1164 868 ἕνεκεν
1188 816 1246 868 ἐν
1274 815 1351 885 τῷ
1379 815 1493 887 ὄρει
1523 814 1761 886 καθήμε-

179 927 298 973 νος,
349 908 533 979 ἔχαιρε
571 907 668 978 μὲν
707 909 775 976 τῇ
801 905 910 958 τῶν
946 905 1105 959 θείων
1157 905 1393 976 θεωρίᾳ,
1426 906 1676 960 ἐλυπεῖτο
1701 907 1759 960 δὲ

178 999 560 1070 διοχλούμενος
595 999 701 1050 ὑπὸ
723 996 930 1050 πολλῶν
973 996 1066 1049 καὶ
1100 995 1387 1068 ἑλκόμενος
1420 999 1499 1062 είς
1529 998 1590 1051 τὸ
1635 998 1760 1069 ὅρος

179 1094 247 1144 τὸ
277 1093 404 1156 ἔξω.
437 1091 548 1145 Καὶ
571 1090 680 1164 γὰρ
709 1090 804 1143 καὶ
829 1088 1078 1143 δικασταὶ
1104 1089 1304 1152 πάντες
1323 1088 1508 1160 ἠξίουν
1534 1089 1641 1144 ἀπὸ
1665 1089 1758 1142 τοῦ

179 1181 349 1252 ὅρους
377 1180 540 1234 αὐτὸν
571 1178 949 1251 κατέρχεσθαι,
972 1178 1094 1232 ἐπεὶ
1124 1178 1200 1249 μὴ
1223 1178 1444 1233 δυνατὸν
1468 1175 1536 1250 ἦν
1565 1181 1759 1244 αὐτοὺς

181 1271 453 1324 εἰσελθεῖν
498 1272 645 1333 ἐκεῖ,
675 1269 762 1322 διὰ
792 1271 918 1333 τοὺς
956 1269 1378 1335 ἀκολουθοῦντας
1407 1272 1514 1324 τῶν
1541 1272 1759 1336 δικαζο-

187 1362 391 1433 μένων.
434 1362 648 1428 Ἦξίουν
676 1361 733 1414 δὲ
778 1361 956 1431 ὅμως,
993 1361 1080 1414 ἴνα
1101 1360 1227 1433 ἔλθῃ
1263 1363 1356 1416 καὶ¹
1396 1363 1554 1432 μόνον
1597 1365 1759 1418 αὑτὸν

184 1456 376 1510 ἴδωσιν
396 1471 409 1484 °
431 1454 592 1517 αὐτὸς
627 1453 726 1523 μὲν
752 1449 844 1506 οὖν
877 1452 1196 1522 ἐξετρέπετο
1219 1455 1313 1508 καὶ
1347 1458 1642 1528 παρῃτεῖτο
1661 1456 1758 1520 τὰς

182 1547 328 1617 πρὸς
352 1544 573 1608 τούτους
608 1543 758 1607 ὁδούς
776 1560 789 1574 ·
815 1545 864 1596 οί
889 1544 948 1598 δὲ
976 1544 1264 1614 ἐπέμενον,
1295 1545 1388 1599 καὶ
1413 1547 1612 1616 μᾶλλον
1632 1548 1758 1612 τοὺς

181 1636 523 1699 ὑπευθύνους
554 1635 713 1698 ὄντας
729 1634 834 1688 ὑπὸ
861 1634 1197 1706 στρατιώτας
1227 1635 1613 1708 προσέπεμπον
1631 1653 1646 1668 ο
1673 1639 1758 1690 ἵνα

1863 449 2246 521 Christumque
2292 453 2664 520 nominando;
2707 455 2777 509 ita
2826 464 2886 509 ut
2911 457 3089 526 palam
3140 464 3291 511 esset
3326 469 3438 510 non

1862 540 2038 611 ipsum
2058 556 2121 596 ea
2140 541 2319 606 edere,
2339 543 2432 596 sed
2448 541 2987 607 Dominuni,Antonii
3003 547 3326 611 ministerio,
3347 547 3443 603 be-

1864 633 2054 689 neﬁcia
2087 641 2142 688 et
2167 635 2501 688 curationem
2548 636 2877 704 patientibus
2927 639 3236 708 impertire;
3270 641 3345 694 ita
3379 646 3442 696 ut

1863 725 2082 779 Antonii
2112 735 2257 780 esset
2285 727 2461 780 oratio
2496 735 2708 781 tantum
2742 738 2799 782 et
2839 731 3072 786 ascetica
3104 731 3213 785 vita
3233 772 3248 797 ,
3277 730 3440 801 cujus

1862 829 1965 886 ope
1993 831 2117 870 cum
2162 817 2217 871 in
2253 827 2436 872 monte
2477 820 2709 885 sederet,
2741 820 3049 877 divinarum
3091 839 3274 877 rerum
3299 837 3435 878 con-

1864 906 2215 974 templatione
2263 906 2580 976 gaudebat:
2624 910 2716 963 sed
2751 910 2968 965 dolebat
3015 927 3140 966 cum
3175 926 3206 965 a
3248 911 3438 966 multis

1863 1004 2172 1064 vexaretur,
2205 1006 2367 1067 atque
2398 999 2467 1053 ad
2489 999 2812 1055 exteriorem
2843 1002 3252 1070 pertraheretur
3279 1017 3438 1056 mon-

1865 1097 1995 1144 tem.
2035 1087 2254 1145 Judices
2301 1106 2540 1160 namque
2587 1107 2779 1147 omnes
2826 1094 3092 1163 rogabant
3124 1095 3276 1149 illum
3317 1104 3376 1149 ut
3404 1110 3438 1150 e

1865 1188 2047 1234 monte
2065 1180 2438 1246 descenderet,
2461 1181 2608 1252 quod
2632 1198 2979 1254 nequaquam
2997 1185 3099 1240 sibi
3127 1186 3334 1249 liceret,
3360 1186 3434 1240 ob

1864 1285 1986 1323 reos
2021 1269 2115 1338 qui
2159 1284 2345 1324 secum
2385 1280 2544 1325 erant
2582 1278 2637 1325 et
2660 1273 3052 1342 sequebantur,
3093 1274 3161 1328 ad
3195 1283 3438 1328 montem

1861 1360 2092 1430 ingredi.
2133 1359 2482 1416 Postulabant
2524 1369 2706 1418 tamen
2754 1373 2815 1418 ut
2859 1355 3165 1431 accederet,
3204 1365 3438 1436 ejusque

1863 1452 2040 1505 solum
2075 1462 2301 1522 aspectu
2342 1452 2676 1522 fruerentur,
2709 1471 2874 1526 quam
2913 1473 3028 1512 rem
3066 1473 3191 1514 cum
3221 1471 3439 1514 aversa-

1863 1552 2012 1596 retur
2039 1544 2148 1608 ille,
2179 1544 2452 1600 abnuebat
2477 1548 2682 1616 egredi.
2719 1549 2931 1603 Instare
2947 1548 3048 1617 illi,
3084 1564 3150 1605 ac
3166 1550 3271 1605 sub
3295 1551 3440 1604 mili-

1865 1638 1976 1684 tum
2032 1631 2280 1688 custodia
2325 1648 2448 1690 reos
2499 1637 2568 1691 ad
2621 1637 2775 1691 illum
2822 1639 3072 1706 mittere,
3111 1647 3172 1694 ut
3215 1639 3439 1696 illorum

181 1728 292 1782 κᾶν
324 1728 413 1782 διὰ
441 1727 537 1799 τὴν
566 1727 790 1781 ἐκείνων
818 1725 1088 1796 πρόφασιν
1108 1727 1361 1799 κατέλθῃ.
1404 1729 1635 1798 Πάσχων
1665 1725 1752 1783 οὖν

1862 1722 2051 1777 saltem
2075 1739 2241 1780 causa
2260 1725 2631 1784 descenderet.
2653 1726 2988 1786 Necessitate
3004 1731 3169 1800 igitur
3187 1740 3436 1798 coactus,

171 1821 454 1889 ἀνάγκην,
481 1819 576 1873 καὶ
600 1818 739 1890 ὁρῶν
763 1818 959 1881 αὐτοὺς
987 1817 1342 1890 ὀδυρομένους
1365 1859 1380 1883 ,
1430 1819 1630 1890 ἤρχετο
1658 1821 1756 1891 μὲν

171 1913 268 1974 -είς
286 1910 349 1963 τὸ
367 1910 492 1980 ὅρος
517 1908 578 1962 τὸ
608 1908 712 1974 ἔξω
727 1925 741 1938 ο
767 1908 866 1961 οὑκ
896 1906 1174 1978 ἀνωφελὴς
1195 1907 1250 1960 δὲ
1267 1908 1426 1962 πάλιν
1446 1904 1514 1980 ἦν
1543 1910 1572 1962 ὁ
1594 1909 1756 1964 σκυλ-

182 2005 292 2074 pb;
317 2000 483 2056 αὑτοῦ
502 2019 516 2034 ο
544 2001 758 2065 πολλοῖς
796 2001 893 2070 μὲν
931 1999 1040 2072 γὰρ
1065 2000 1149 2062 είς
1175 1999 1360 2072 ὄνησιν
1393 2001 1620 2069 ἐγίνετο,
1661 2002 1757 2055 καὶ

171 2093 267 2157 -εἱς
289 2090 655 2162 εὐεργεσίανὴ
680 2089 864 2160 ἄφιξις
880 2089 1064 2144 αὐτοῦ.
1103 2089 1241 2153 Τοὺς
1263 2090 1319 2143 δὲ
1339 2089 1596 2154 δικαστάς
1615 2091 1757 2161 ὠφέ-

175 2185 290 2249 λει,
319 2181 699 2254 συμϐουλεύων
729 2183 943 2236 πάντων
991 2180 1190 2252 μᾶλλον
1229 2183 1543 2254 προκρίνειν
1580 2184 1641 2237 τὸ
1677 2184 1758 2237 δί-

123 2265 128 2270 ’
179 2293 343 2334 καιον
361 2293 375 2306 ο
410 2276 505 2330 καὶ
523 2273 802 2344 φοϐεῖσθαι
832 2273 922 2326 τὸν
946 2272 1099 2338 Θεὸν,
1135 2273 1232 2326 καὶ
1259 2273 1490 2340 εἰδέναι,
1521 2275 1602 2328 ὃτι
1655 2275 1755 2347 οἴῳ

1863 1812 2093 1883 illosque
2129 1830 2359 1871 cernens
2399 1817 2869 1890 collaerymantes,
2900 1820 2956 1874 in
3002 1822 3328 1877 exteriorem
3376 1836 3437 1876 se

1862 1906 2091 1961 contulit
2128 1915 2410 1964 montem:
2439 1924 2565 1980 quae
2597 1911 2746 1966 illius
2799 1911 3119 1984 defatigatio
3153 1914 3301 1968 haud
3336 1914 3428 1968 in-

1861 1997 2012 2051 utilis
2038 1997 2141 2054 fuit
2167 2018 2180 2054 :
2215 2000 2403 2057 multis
2423 2001 2565 2056 enim
2599 2004 2885 2058 commoda
2905 2044 2921 2072 ,
2951 2004 3137 2060 multis
3165 2003 3434 2060 beneﬁcia

1861 2091 2091 2145 contulit
2126 2091 2390 2150 adventus
2425 2096 2566 2166 ejus.
2605 2093 3000 2164 Judicibusque
3041 2096 3178 2165 ipsis
3215 2098 3431 2152 emolu-

1861 2191 2042 2236 mento
2057 2191 2200 2237 erat:
2217 2199 2357 2254 quos
2385 2185 2708 2240 hortabatur
2733 2194 2791 2240 ut
2815 2185 2908 2254 jus
2925 2192 2978 2240 et
2997 2200 3114 2255 aequ
3125 2201 3215 2240 um
3248 2186 3432 2241 omni-

1859 2273 1964 2327 bus
1989 2273 2342 2340 anteferrent,
2395 2275 2564 2332 Deum
2616 2277 2888 2341 timerent,
2939 2287 3293 2347 nossentque,
3321 2293 3433 2348 quo

180 2367 416 2441 κρίματι
445 2367 708 2440 κρίνουσι,
734 2365 1108 2438 κριθήσονται.
1140 2365 1288 2438 Πλὴν
1312 2365 1411 2436 τὴν
1438 2367 1496 2419 ἐν
1531 2365 1612 2438 τῷ
1636 2367 1752 2439 δρει

1862 2361 2061 2432 iudicio
2080 2363 2410 2434 iudicarent,
2429 2367 2618 2422 eodem
2649 2382 2769 2423 sese
2803 2367 3208 2438 iudicandos“.
3237 2369 3432 2426 Nullus

173 2460 468 2532 διατριϐὴν
503 2461 716 2514 πάντων
747 2457 946 2528 μᾶλλον
967 2456 1178 2526 ἠγάπα.

255 2552 346 2608 85.
381 2552 518 2606 Ποτέ
564 2546 658 2604 οὖν
719 2549 841 2620 βίαν
883 2548 1136 2619 τοιαύτην
1192 2545 1377 2602 παθὼν
1429 2547 1581 2620 παρὰ
1641 2549 1752 2602 τῶν

180 2643 375 2714 χρείαν
428 2644 680 2714 ἐχόντων,
737 2642 830 2696 κα).
878 2640 971 2695 τοῦ
1019 2640 1388 2711 στρατηλάτου
1420 2639 1510 2694 διὰ
1542 2639 1752 2695 πολλῶν

177 2733 512 2802 ἀξιώσαντος
552 2733 714 2788 αὑτὸν
765 2731 1042 2786 κατελθεῖν
1063 2749 1078 2762 ·
1116 2731 1305 2797 ἐλθὼν,
1350 2731 1448 2786 καὶ
1487 2731 1754 2804 ὁμιλήσας

178 2826 360 2894 ὀλίγα,
387 2825 454 2879 τὰ
492 2827 572 2888 εἰς
594 2823 864 2896 σωτηρίαν
891 2823 1179 2894 φθάνοντα,
1213 2823 1308 2877 καὶ
1337 2823 1466 2897 περ).
1495 2823 1610 2894 (91)
1643 2823 1752 2878 τῶν

178 2917 470 2987 δεομένων,
505 2915 783 2986 ἠπείγετο.
834 2914 940 2968 Τοῦ
971 2914 1028 2968 δὲ
1075 2913 1364 2985 λεγομένου
1407 2914 1596 2978 δουκὸς
1633 2912 1752 2980 ἀξι-

179 3009 371 3072 οῦντος
401 3007 562 3062 αὐτὸν
589 3005 943 3078 ἐμϐραδύνειν
961 3046 976 3073 ,
1006 3005 1157 3075 ἔλεγε
1181 3005 1260 3078 μὴ
1293 3003 1549 3060 δύνασθαι
1574 3004 1755 3077 χρονί-

181 3101 299 3166 ζειν
334 3101 451 3171 μετ’
481 3075 679 3163 αὐτῶν,
700 3075 805 3152 -καὶ
839 3075 1257 3170 παραδείγματι-
1281 3095 1521 3167 χαρίεντι
1566 3075 1753 3150 τοῦτον
1779 3075 1822 3134 C

179 3191 368 3246 ἔπειθε
417 3189 621 3259 λέγων’
653 3189 864 3261 Ὠσπερ
899 3190 950 3242 oi.
1003 3188 1183 3259 ἰχθύες
1227 3187 1631 3259 ἐγχρονίζοντες
1682 3191 1752 3261 τῇ

181 3284 325 3356 ξηρᾷ
354 3286 425 3355 γῇ
454 3281 803 3346 τελευτῶσιν,
836 3281 1007 3344 οὕτως
1044 3282 1092 3334 οί
1132 3281 1355 3351 μοναχοὶ
1399 3279 1752 3351 βραδύνοντες

183 3372 306 3445 μεθ’
335 3371 510 3444 ὑμῶν,
531 3372 626 3425 καὶ
653 3372 781 3442 παρ’
819 3370 946 3441 ὑμῖν
983 3369 1410 3442 ἐκδιατρίὸοντες
1445 3368 1747 3424 ἐκλύονται.

178 3467 275 3518 Δεῖ
301 3460 416 3528 οὖν,
444 3463 632 3536 ὥσπερ
672 3463 764 3516 τὸν
815 3462 965 3532 ἰχθὺν
1011 3462 1092 3525 είς
1133 3461 1230 3531 τὴν
1255 3461 1548 3525 θάλασσαν,
1579 3458 1752 3524 οὕτως

179 3557 330 3631 ἡμᾶς
361 3556 440 3620 είς
464 3555 526 3609 τὺ
550 3555 676 3626 ὅρος
696 3551 1008 3623 ἐπείγεσθαι
1027 3567 1042 3582 ο
1071 3552 1278 3623 μήποτε
1297 3549 1744 3623 ἐμϐραδύνοντες,

1857 2455 1907 2510 ei
1938 2457 2092 2512 locus
2116 2473 2269 2528 atque
2295 2459 2495 2515 charus
2518 2458 2622 2514 fuit
2649 2469 2810 2530 atque
2835 2476 2994 2516 mons
3020 2462 3126 2516 ille.

1925 2546 2090 2617 687
2121 2547 2210 2604 85.
2237 2547 2375 2604 Cum
2403 2550 2692 2620 aliquando
2715 2551 2789 2606 ita
2828 2551 2882 2606 vi
2911 2552 3225 2622 compulsus
3265 2552 3335 2606 ab
3361 2552 3432 2608 iis

1857 2639 2056 2707 quibus
2080 2653 2145 2694 ex
2171 2656 2273 2696 usu
2301 2641 2354 2695 id
2381 2649 2522 2708 erat,
2551 2643 2796 2713 dnceque
2813 2654 3038 2715 rogante
3063 2645 3238 2714 ipsum
3258 2646 3431 2702 utde-

1857 2728 2156 2796 scanderet,
2201 2731 2460 2798 venisset,
2499 2734 2688 2802 paucis
2725 2748 2853 2790 eum
2881 2779 2884 2782 .
2913 2735 3183 2793 allocutus
3227 2739 3430 2805 verbis,

1857 2834 1978 2891 quae
1998 2829 2113 2876 tum
2140 2821 2368 2877 salutem
2393 2822 2534 2892 ejus,
2561 2832 2674 2878 tum
2705 2839 2802 2880 eos
2821 2825 2916 2896 qui
2939 2841 3041 2882 sua
3068 2841 3172 2898 ope
3198 2827 3433 2897 egebant

1858 2919 2184 2981 spectarent,
2205 2913 2414 2984 regredi
2440 2913 2748 2970 festinabat.
2771 2915 2920 2973 Duce
2944 2932 3096 2986 vero,
3128 2927 3188 2973 ut
3210 2929 3430 2986 vocant,

1857 3009 2085 3072 rogante
2107 3017 2318 3058 moram
2355 3013 2417 3059 ut
2443 3003 2650 3061 faceret
2673 3047 2690 3074 ,
2712 3021 2773 3064 se
2793 3007 2998 3065 diutius
3020 3024 3145 3065 cum
3173 3009 3283 3066 illis
3308 3026 3431 3066 mo-

1855 3093 1968 3148 rari
1997 3109 2105 3149 non
2142 3111 2304 3165 posse
2341 3099 2640 3168 respondit,
2667 3099 2955 3173 lepidoqne
2980 3102 3034 3158 id
3073 3101 3152 3157 illi
3177 3104 3432 3178 exemplo

1856 3185 2144 3255 persuasit.
2198 3185 2352 3242 Sicut
2397 3189 2597 3258 pisces,
2627 3190 2724 3257 ait,
2756 3191 2812 3245 in
2845 3191 2998 3246 arida
3039 3199 3182 3247 terra
3227 3193 3429 3249 immo-

1856 3277 2029 3331 rando
2053 3276 2394 3346 moriuntur;
2421 3279 2501 3335 sic
2528 3282 2782 3337 monachi
2813 3282 3093 3338 vobiscum
3124 3292 3425 3351 morantes,

1854 3368 2106 3438 apudque
2126 3383 2222 3426 vos
2239 3369 2444 3425 diutius
2465 3380 2765 3440 versantes,
2786 3384 3147 3429 enervantur:
3176 3383 3237 3430 ut
3263 3374 3428 3446 igitur

1854 3458 2098 3528 piscibus
2135 3459 2202 3514 ad
2234 3475 2402 3527 mare,
2433 3460 2514 3516 sic
2545 3461 2705 3517 nobis
2733 3462 2799 3518 ad
2848 3470 3088 3518 montem
3123 3477 3425 3534 properan-

1853 3548 2007 3615 dum,
2063 3563 2135 3604 ne
2156 3559 2497 3619 cunctantes,
2523 3565 2713 3607 eorum
2754 3551 3208 3623 quai'intussunt
3229 3552 3426 3610 oblivi-

1514 3711 1770 3769 VERSIO
1804 3711 2108 3769 EVAGRII.

249 3874 340 3929 84.
367 3872 622 3944 Nunquid
655 3886 768 3944 suae
793 3870 1012 3927 virtutis
1040 3869 1270 3944 imperio
1292 3869 1518 3944 curabat
1545 3865 1857 3944 Antonius?
1885 3865 2128 3937 nunquid
2160 3882 2274 3922 sua:
2303 3865 2682 3944 poss‘ibiiitatis
2710 3866 3079 3944 arbitrabatur
3103 3884 3236 3944 esse
3271 3872 3420 3944 quod

175 3943 418 4000 fecerat?
441 3936 812 4008 Orationibus,
827 3957 935 3996 non
955 3936 1484 4011 ,praecéptisnizemon
1500 3938 1869 4011 es‘morbique
1894 3936 2201 4011 cesserunt,
2237 3936 2382 4011 etad
2407 3936 2611 3992 Christi
2634 3936 2848 4011 Domini
2886 3939 3055 4011 nostri
3093 3936 3421 4011 nominatio-

179 4031 304 4084 nem
328 4029 543 4084 semper
569 4007 823 4068 universa
845 4007 1083 4082 perlecta
1105 4007 1252 4066 sunt.
1271 4009 1442 4084 Nemo
1467 4008 1772 4084 sapientum
1789 4007 2084 4084 sanitatum
2107 4007 2518 4062 admirationem
2542 4007 3050 4084 ascribatAntoriio,
3075 4012 3169 4084 sed
3185 4010 3418 4068 Domino

175 4083 328 4148 Jesu,
360 4076 464 4154 qui
487 4085 700 4139 solitam
735 4076 862 4158 erga
894 4090 1170 4158 creaturas
1200 4095 1328 4136 suas
1357 4076 2105 4158 exhibensbenevoientiam,
2133 4092 2277 4158 nunc
2314 4091 2532 4158 quoque
2557 4077 2912 4158 perde-ctum
2955 4076 3418 4158 fam_ulur_n_suum

177 4146 518 4224 indulgenter
560 4146 824 4208 exercuit:
886 4151 1157 4224 Antonius
1214 4157 1423 4224 tantum
1457 4149 1686 4224 orabat.
1735 4155 1790 4201 et
1821 4147 1905 4224 _ob
1963 4147 2712 4224 vitm_ejus_merita,_cuncta
2757 4146 3022 4224 Dolninus
3061 4149 3413 4224 largiebatur,

177 4215 570 4294 Sarpe'autem,
597 4232 652 4294 et
676 4231 869 4294 contra
904 4221 1256 4294 voluntatem,
1283 4220 1350 4274 ad
1371 4218 1691 4294 exteriorem
1739 4215 1978 4294 montem
2016 4230 2048 4270 a
2080 4216 2342 4294 fratribus
2371 4217 2786 4294 perducebatur.
2806 4215 2890 4294 “Et
2925 4233 3049 4272 cum
3078 4215 3415 4294 judicesqui

174 4297 242 4349 ad
269 4286 499 4349 interius
535 4286 917 4348 arcbisterium
954 4289 1088 4362 (92),
1120 4297 1341 4368 propter
1369 4288 1713 4368 asperitatem
1747 4286 1998 4368 itineris:
2033 4295 2086 4340 et
2119 4287 2534 4368 obsequentium
2567 4287 2992 4368 multitudinem,
3036 4286 3091 4341 et
3132 4286 3413 4345 horridam

175 4365 523 4419 solitudinem
549 4364 628 4437 ire
657 4376 780 4437 non_
801 4355 1072 4437 poterant,
1110 4355 1356 4437 precario
1382 4355 1690 4437 quaererent
1720 4365 1778 4410 ut
1805 4357 1926 4437 ejus
1969 4355 2283 4437 fruerentur
2309 4357 2641 4437 aspectibus,
2688 4371 2794 4437 nec
2823 4358 3116 4437 impetrare
3168 4369 3411 4437 possem,

173 4435 303 4504 quia
330 4432 714 4509 molestissime
754 4426 961 4509 ferebat
1011 4426 1347 4509 vexationem
1382 4426 1730 4509 discursuuni
1756 4443 1770 4492 ;
1813 4426 1965 4509 ipsos
1990 4435 2288 4509 catenatos,
2321 4440 2462 4497 quos
2493 4436 2588 4481 aut
2617 4426 2885 4509 noxietas,
2924 4435 3020 4480 aut
3039 4426 3414 4509 vigornpubli-

173 4495 272 4559 cus
301 4505 722 4568 constrinxerat,
757 4501 825 4556 ad
847 4516 970 4556 eum
993 4499 1363 4575 destinabant,
1391 4499 1623 4552 scientes
1661 4495 1795 4550 tales
1824 4495 1892 4549 ab
1937 4496 2175 4575 Antonio
2208 4511 2314 4549 non
2341 4495 2522 4564 posse
2566 4497 2841 4575 contemni
2872 4514 2885 4550 :
2921 4495 3154 4575 quorum
3194 4495 3414 4575 ﬂetibus
3464 4508 3468 4512 ‘

172 4583 462 4644 superatus
489 4565 901 4644 pertrahebatur
943 4569 1010 4644 ad
1043 4571 1363 4644 exteriorem
1397 4578 1657 4644 montem,
1698 4580 2000 4644 agnoscens
2037 4566 2287 4644 laborem,
2328 4581 2488 4644 suum
2524 4565 2710 4644 utilem
2750 4565 2969 4644 miseris
3005 4568 3166 4644 fore“:
3194 4569 3414 4644 _suade—

170 4634 375 4714 batque
395 4634 692 4720 judicibus,
725 4643 816 4712 qui
846 4656 970 4695 eum
996 4641 1374 4720 invitaverat",
1403 4646 1460 4720 ut
1487 4639 1538 4690 in
1561 4634 1833 4720 sententia
1867 4634 2211 4720 prpterenda,
2241 4635 2771 4720 etpiiioetgratiaa,
2819 4636 3070 4720 timorem
3111 4635 3206 4716 Dei
3236 4647 3412 4720 lante-

169 4703 434 4784 ponerent
459 4732 474 4774 ;
503 4729 602 4768 nec
635 4703 883 4784 ignorare
909 4726 1004 4766 eos
1036 4710 1252 4784 debere,
1288 4709 1432 4778 quod
1467 4707 1728 4784 scriptum
1753 4703 1885 4784 est}
1922 4703 2240 4784 Quocnnque
2291 4703 2499 4784 judi_ci_0
2535 4705 2930 4772 judicaveritis,
2965 4707 3021 4758 in
3052 4721 3112 4759 eo
3144 4707 3412 4775 judicabi-

169 4774 259 4838 iur
287 4792 350 4838 de
376 4784 538 4838 vobis.
570 4774 820 4837 Attamen
855 4783 995 4835 inter
1018 4774 1537 4855 medios_sermones
1568 4774 1746 4855 charte
1767 4775 1868 4830 sibi
1901 4774 2209 4855 solitudinis
2235 4775 2646 4855 recordabatur.
2695 4844 2706 4855 .

239 4853 328 4910 85.
363 4852 497 4910 Post
519 4862 764 4909 coactam
791 4849 1364 4928 itaque-praesentiam,
1393 4862 1557 4917 quam
1581 4845 1738 4901 ducis
1763 4859 1976 4928 preces,
2007 4852 2080 4909 et,
2106 4845 2247 4912 quod
2279 4846 2460 4928 verius
2491 4854 2592 4928 est,
2637 4844 2960 4928 miserorum
3010 4843 3187 4919 ﬂetus.
3213 4854 3408 4928 extort-

168 4933 336 4989 εει-ει,
399 4934 520 4994 post
553 4923 815 4996 salutaria
844 4915 1068 4996 monita,
1093 4928 1217 4990 post
1249 4915 1466 4973 reorum
1481 4916 2040 4996 commendationem,
2068 4915 2430 4982 quorumdam
2470 4915 3084 4996 etiam‘absoluiiouem,
3109 4915 3406 4996 postulanti

166 4984 417 5059 duci,'ut.
437 4995 598 5064 paulo
625 4993 828 5061 largius
855 4991 1027 5064 eidem
1053 4984 1205 5044 suam
1244 4989 1586 5064 praesentiam
1613 4985 1932 5064 indulgeret,
1963 4984 2040 5036 ait
2067 5024 2083 5049 ,
2119 4999 2226 5064 non
2263 4999 2422 5052 posse
2448 5000 2505 5038 se
2535 4985 2969 5064 diutius_ibidem
3004 4985 3228 5064 morari,
3251 4995 3407 5054 grato

168 5055 311 5118 usus
340 5055 614 5134 exemplo,
639 5055 809 5134 quod,
838 5062 998 5135 sicuti
1022 5064 1201 5135 pisces
1230 5055 1298 5112 ab
1324 5073 1466 5135 aqua
1502 5055 1728 5135 extracti
1753 5069 1877 5135 mox
1903 5055 1956 5135 in
1982 5055 2155 5135 arenti
2188 5063 2328 5135 tertia
2349 5063 2712 5135 morerentur,
2743 5055 2915 5135 ilahet
2954 5055 3251 5135 monachos
3276 5071 3405 5135 cum

167 5121 519 5199 saecularibus
556 5121 894 5188 retardantes
938 5121 1192 5185 humanis
1221 5121 1406 5205 statim
1439 5127 1634 5205 respivi
1664 5123 2218 5205 confabulationibus.
2237 5121 2336 5205 _(_)b
2484 5140 2634 5194 ergo,
2683 5122 2880 5205 inquii,
2921 5124 3291 5205 conve_nit,_u_i
3321 5125 3407 5205 pi-

167 5218 286 5258 sces
313 5205 380 5260 ad
407 5194 578 5270 mare,
610 5205 684 5259 ita
707 5219 809 5259 nos
843 5203 910 5257 ad
939 5212 1179 5257 montem
1214 5199 1474 5255 festinare
1499 5197 1637 5268 (95),
1660 5207 1752 5263 ne,
1783 5194 2124 5249 tardantibus
2160 5193 2340 5260 nobis,
2370 5192 2570 5264 aliqua'
2590 5192 2858 5265 propositi
2899 5192 3155 5248 succedat
3179 5193 3427 5285 oblivio._

234 5369 277 5400 ¹¹
307 5366 497 5422 Matth.
528 5380 627 5431 vn,
666 5364 721 5420 2.

230 5535 343 5609 (90)
376 5533 468 5589 Sic
488 5531 870 5614 manuscripti,
895 5531 1097 5588 rectius
1123 5545 1286 5603 quam
1316 5529 1468 5598 editi,
1507 5529 1602 5599 qui
1629 5527 1728 5582 ha-

161 5606 287 5686 be'VL‘
310 5606 700 5686 πρτὲεἲῖτᾳτῶνο,
751 5673 764 5685 .
1230 5673 1261 5686 ..
1366 5673 1378 5686 .
1454 5672 1486 5686 .,
1696 5669 1708 5686 .

230 5673 536 5748 (9Ι)“Ε‹Ιὶιὶ,
557 5673 728 5745 παρά,
751 5673 804 5729 in
834 5688 1081 5732 manusc.
1097 5673 1349 5730 omnibus
1366 5673 1560 5743 legitur
1583 5673 1728 5742 περί.

1908 5523 2184 5600 (92)ρε98
2213 5519 2556 5600 asceterium_.
2609 5587 2748 5600 mm
2806 5585 2826 5600 ρ
3186 5590 3190 5592 Π

1914 5585 2025 5668 (95)
2062 5585 2153 5651 Sic
2192 5592 2572 5661 manuscripti.
2609 5587 2772 5654 Editi,
2799 5585 3156 5656 festinemus“
