3810 6228
206 302 316 360 965

1521 291 1685 347 VITA
1726 290 1784 344 S.
1824 289 2129 348 ANTONII.

3332 298 3439 354 960

204 410 451 484 νομίζειν
473 408 549 482 μὴ
576 408 791 472 ἄλλους,
817 406 931 462 ἀλλ’
970 404 1132 461 αὑτὸν
1168 399 1307 458 εἶναι
1342 403 1433 456 τὸν
1471 402 1767 472 πάσχοντα.

1884 417 1979 455 non
2008 402 2164 466 alios,
2199 403 2293 459 sed
2325 404 2502 474 ipsum
2535 405 2727 462 laesum
2770 406 2957 464 fuisse.
2991 408 3066 464 Ita
3110 425 3329 466 rursum
3373 415 3442 469 ad

206 502 368 559 Οὕτω
391 501 448 556 δὲ
482 499 647 553 πάλιν
679 498 818 572 πρὸς
857 497 1122 567 ὠφέλειαν
1162 497 1327 549 πᾶσιν
1359 489 1426 565 ἧν
1464 493 1666 557 ἱκανὸς,
1700 491 1775 554 ὡς

206 592 437 655 πολλοὺς
463 588 943 663 στρατευομένους,
972 587 1068 641 καὶ
1106 585 1215 639 τῶν
1264 584 1334 638 τὰ
1380 582 1550 636 πολλὰ
1581 598 1778 650 κεκτη-

210 676 411 748 μένων,
461 674 811 731 ἀποτίθεσθαι
857 674 927 727 τὰ
968 673 1061 727 τοῦ
1105 672 1219 743 βίου
1264 672 1437 743 βάρη,
1471 671 1565 724 καὶ¹
1592 669 1777 723 λοιπὸν

206 766 453 835 γίνεσθαι
485 764 772 838 μοναχούς.
808 764 917 819 Kal
950 763 1084 827 ὅλως
1116 762 1303 835 ὥσπερ
1353 761 1532 833 ἰατρὸς
1578 756 1646 831 ἦν
1692 759 1776 811 δο-

208 858 324 922 θεὶς
355 859 507 930 παρὰ
543 858 637 911 τοῦ
669 856 804 911 Θεοῦ
832 858 897 927 τῇ
925 854 1206 926 Αἰγύπτῳ.
1238 854 1335 918 Τίς
1368 853 1476 924 γὰρ
1504 850 1777 921 λυπούμε-

205 968 299 1013 νος
331 950 565 1022 ἀπήντα,
600 950 695 1002 καὶ
718 949 816 1019 οὐχ
847 948 1153 1018 ὑπέστρεφε
1181 945 1423 1018 χαίρων;
1466 945 1549 1008 τίς
1579 945 1777 1015 ἤρχετο

206 1036 424 1108 θρηνῶν
447 1037 535 1091 διὰ
559 1038 686 1101 τοὺς
714 1036 879 1090 αὑτοῦ
915 1034 1266 1105 τεθνηκότας,
1297 1036 1392 1088 καὶ
1431 1035 1533 1087 οὐκ
1574 1032 1777 1095 εὐθέως

202 1129 493 1183 ἀπετίθετο
529 1129 590 1182 τὸ
634 1128 859 1193 πένθος;
906 1128 991 1191 τίς
1036 1124 1384 1199 ὀργιζόμενος
1414 1126 1632 1197 ἤρχετο,
1683 1125 1777 1178 καὶ

204 1219 310 1273 οὐκ
360 1220 440 1282 είς
496 1218 678 1287 φιλίαν
727 1217 1120 1290 μετεϐάλλετο;
1172 1219 1257 1282 τίς
1316 1218 1484 1289 πένης
1533 1216 1772 1289 ἀκηδιῶν

202 1312 446 1382 ἀπήντα,
480 1310 574 1363 καὶ
620 1309 832 1363 ἀκούων
871 1308 1033 1362 αὐτοῦ
1088 1308 1180 1362 καὶ
1209 1307 1445 1362 ίϐλέπων
1488 1306 1684 1371 αὐτὸν,
1715 1306 1774 1359 οὑ

205 1402 530 1473 κατεφρόνει
572 1399 668 1453 τοῦ
723 1398 975 1465 πλούτου,
1004 1400 1098 1453 καὶ
1135 1398 1504 1470 παρεμυθεῖτο
1542 1398 1642 1469 τὴν
1687 1415 1778 1451 πε-

204 1493 362 1559 νίαν;
391 1492 476 1555 τίς
513 1490 763 1563 μοναχὸς,
799 1490 1163 1564 ὀλιγωρήσας,
1200 1493 1296 1546 καὶ
1323 1490 1491 1545 ἐλθὼν
1524 1490 1601 1561 (1)
1640 1489 1776 1562 πρὸς

203 1584 393 1649 αὐτὸν,
414 1584 475 1637 οὺ
513 1583 712 1655 μᾶλλον
748 1583 1093 1655 ἰσχυρότερος
1121 1583 1376 1654 ἐγένετο;
1404 1583 1489 1646 τίς
1512 1581 1775 1654 νεώτερος

203 1674 378 1728 ἐλθὼν
429 1675 509 1739 είς
554 1673 616 1728 τὸ
660 1673 805 1744 ὅρος,
858 1675 952 1727 καὶ
1005 1673 1284 1747 θεωρήσας
1326 1675 1628 1740 Ἀντώνιον,
1676 1676 1775 1729 οὐκ

201 1765 409 1829 εὐθέως
452 1739 727 1837 ἐξηρνεῖτο
767 1739 868 1827 τὰς
923 1739 1292 1836 ἡδονὰς-[καὶ
1338 1765 1528 1835 ἠγάπα
1565 1782 1776 1837 σωφρο-
1806 1739 1847 1796 Β

205 1855 411 1926 σύνην;
438 1856 521 1919 τίς
548 1856 746 1929 ἤρχετο
762 1855 898 1927 πρὸς
927 1855 1088 1910 αὐτὸν
1114 1854 1220 1909 ὑπὸ
1244 1856 1489 1930 δαίμονος
1521 1855 1776 1927 πειραζό-

205 1964 391 2019 μενος,
419 1948 512 2001 καὶ
537 1949 637 2003 οὐκ
680 1949 1014 2016 ἀνεπαύετο;
1059 1949 1143 2013 τίς
1181 1950 1240 2003 δέ
1272 1950 1331 2002 ἐν
1383 1948 1662 2019 λογισμοῖς
1694 1950 1776 2003 ἐν-

200 2038 530 2110 οχλούμενος
560 2038 777 2112 ἤρχετο,
801 2040 894 2094 καὶ
926 2040 1026 2094 οὐκ
1052 2038 1314 2111 ἐγαληνία
1332 2042 1399 2111 τῇ
1433 2039 1678 2110 διανοίας

276 2127 365 2183 88.
392 2128 503 2181 Kal
532 2129 640 2200 γὰρ
670 2130 764 2183 καὶ
796 2130 953 2184 τοῦτο
980 2125 1048 2201 ἦν
1078 2130 1220 2202 μέγα
1243 2129 1344 2201 τῆς
1367 2131 1657 2201 ἀσκήσεως
1677 2128 1772 2184 τοῦ

216 2218 525 2285 ’Δντωνίου,
555 2220 661 2285 ὅτι,
690 2219 832 2274 καθὰ
859 2224 1139 2294 προεῖπον,
1170 2221 1414 2293 χάρισμα
1449 2221 1774 2293 διακρίσεως

204 2311 533 2382 πνευμάτων
559 2310 717 2383 ἔχων,
747 2311 1112 2383 ἐπεγίνωσκεν
1144 2311 1321 2367 αὐτῶν
1361 2311 1430 2366 τὰ
1464 2312 1771 2384 κινήματαο

203 2400 304 2456 καὶ
332 2401 467 2473 πρὸς
498 2402 526 2455 ὃ
563 2419 647 2467 τις
670 2402 847 2458 αὐτῶν
875 2397 990 2475 εἶχε
1030 2402 1129 2475 τὴν
1170 2403 1407 2477 σπουδὴν
1436 2403 1532 2458 καὶ
1562 2405 1660 2475 τὴν
1687 2404 1776 2476 ὁρ-

205 2492 338 2564 μὴν,
358 2492 517 2547 τοῦτο
544 2494 644 2548 οὐκ
669 2495 873 2565 ἠγνόει.
900 2493 1012 2551 Kal
1036 2495 1097 2549 οὐ
1122 2494 1278 2566 μόνον
1309 2494 1466 2559 αὐτὸς
1493 2494 1594 2548 οὐκ
1614 2495 1773 2549 ἐπαί-

203 2584 332 2648 ζετο
376 2586 504 2655 παρ’
536 2584 714 2639 αὐτῶν
734 2625 750 2651 ,
776 2585 922 2657 jam
970 2586 1065 2641 καὶ
1103 2587 1231 2650 τοὺς
1273 2586 1686 2657 ἐνοχλουμένους
1714 2588 1773 2641 ἐν

200 2673 485 2746 λογισμοῖς
512 2676 845 2747 παρακαλῶν
867 2676 946 2747 (2)
979 2677 1246 2742 ἐδίδασκε,
1279 2677 1396 2742 πῶς
1430 2677 1497 2733 ἂν
1530 2678 1774 2733 δύναιντο

201 2766 305 2830 τὰς
330 2766 554 2821 ἐκείνων
586 2766 875 2832 ἐπιϐουλὰς
907 2768 1232 2841 ἀνατρέπειν
1252 2784 1266 2798 ο
1296 2769 1646 2842 διηγούμενος
1666 2771 1773 2828 τῶν

203 2856 573 2928 ἐνεργούντων
622 2856 723 2922 τὰς
772 2857 1054 2923 ἀσθενείας
1107 2859 1203 2913 καὶ
1255 2859 1353 2924 τὰς
1411 2860 1769 2932 πανουργίας.

205 2949 483 3013 Ἕκαστος
527 2948 681 3019 γοῦν,
731 2948 919 3022 ὥσπερ
963 2950 1250 3019 ἐπαλιφεὶς
1293 2950 1369 3021 (5)
1402 2952 1530 3022 παρ’
1583 2950 1771 3017 αὐτοῦ,

203 3042 519 3115 κατήρχετο
558 3041 918 3113 καταθαρῥῶν
939 3041 1047 3096 τῶν
1079 3041 1364 3112 νοημάτων
1398 3041 1493 3096 τοῦ
1518 3043 1770 3099 διαϐόλου

203 3134 303 3187 καὶ
336 3133 444 3187 τῶν
484 3131 753 3203 δαιμόνων
791 3131 978 3187 αὐτοῦ.
1019 3132 1189 3185 Πόσαι
1217 3132 1273 3184 δὲ
1323 3132 1417 3186 καὶ
1453 3135 1768 3205 μνηστῆρας

202 3225 428 3298 ἔχουσαι
458 3222 734 3295 παρθένοι,
758 3222 851 3278 καὶ
890 3224 1047 3295 μόνον
1088 3223 1195 3278 ἀπὸ
1222 3222 1316 3278 τοῦ
1343 3224 1516 3297 πέραν
1562 3225 1767 3280 ἰδοῦσαι

200 3317 295 3371 τὸν
333 3315 636 3381 Ἀντώνιον,
669 3314 887 3385 ἔμειναν
927 3313 1003 3385 τῷ
1035 3314 1258 3386 Χριστῷ
1306 3315 1597 3387 παρθένοι;
1626 3318 1766 3388 Ἤρ-

202 3424 361 3479 χοντο
389 3405 445 3459 δὲ
474 3406 568 3460 καὶ
607 3405 715 3460 ἀπὸ
742 3405 850 3460 τῶν
889 3404 993 3470 ἔξω
1029 3405 1209 3478 μερῶν
1252 3406 1389 3478 πρὸς
1431 3406 1614 3461 αὐτόν.
1656 3407 1768 3461 Kal

202 3497 362 3552 αὐτοὶ
389 3496 527 3568 μετὰ
554 3496 770 3550 πάντων
790 3496 888 3568 τὴν
907 3496 1168 3567 ὠφέλειαν
1190 3498 1482 3569 ἐσχηκότες
1504 3499 1770 3573 ὑπέστρε-

1874 494 2117 548 omnium
2152 496 2435 550 utilitatem
2456 506 2620 553 natus
2650 509 2787 566 erat,
2812 508 2871 554 ut
2902 502 3058 556 multi
3085 502 3444 570 milites,alii-

1875 601 1982 653 que
2001 586 2359 655 plurimarum
2391 590 2542 659 potiti
2574 593 3004 660 possessionum,
3039 594 3297 663 depositis
3321 596 3446 652 vita

1878 678 2039 747 hujus
2066 680 2345 745 oneribus,
2378 681 2564 737 flerent
2589 684 2865 739 monachi.
2896 685 3119 739 Demum
3142 687 3299 755 quasi
3332 702 3448 743 me—

1875 769 2030 825 dicus
2063 770 2295 843 IEgypto
2319 789 2350 828 a
2374 772 2485 829 Deo
2522 775 2681 830 datus
2707 784 2844 837 erat.
2877 776 3012 843 Quis
3043 779 3187 833 enim
3217 788 3447 835 maestus

1875 862 2027 918 illum
2060 864 2213 927 adiit,
2241 866 2372 935 quin
2403 866 2643 937 gaudens
2675 870 3005 923 recesserit?
3047 871 3167 940 quis
3214 872 3447 928 accessit

1875 965 2121 1011 mortuos
2144 956 2333 1027 lugens
2356 973 2507 1024 suos,
2526 960 2852 1029 quin’statim
2879 962 3081 1016 luctum
3099 965 3447 1032 deposuerit?

1875 1048 1999 1117 quis
2027 1049 2196 1105 iratus
2234 1051 2470 1118 advenit,
2501 1067 2601 1106 nec
2632 1052 2684 1105 in
2711 1053 3009 1107 amicitiam
3049 1055 3298 1110 redactus
3325 1054 3450 1110 est?

1875 1141 2000 1208 quis
2034 1155 2241 1209 pauper
2270 1140 2339 1195 ad
2365 1142 2517 1196 illum
2547 1143 2782 1198 demisso
2806 1144 2992 1198 animo
3020 1147 3267 1212 accessit,
3298 1146 3448 1201 andi-

1877 1238 2039 1299 toque
2076 1246 2141 1284 ac
2161 1231 2278 1286 viso
2308 1230 2419 1295 illo,
2457 1232 2676 1286 divitias
2717 1248 2825 1287 non
2871 1236 3217 1304 contempsit,
3248 1245 3302 1291 et
3336 1252 3445 1292 non

1874 1320 1941 1376 de
1975 1330 2289 1392 paupertate
2313 1338 2412 1377 sua
2435 1325 2860 1379 consolationem
2892 1326 3149 1381 admisit?
3180 1329 3305 1398 quis
3327 1343 3449 1383 mo-

1874 1412 2085 1467 nachus
2145 1413 2429 1469 remissior
2480 1415 2633 1469 illutn
2678 1418 3031 1485 conveniens,
3089 1433 3194 1472 non
3257 1418 3449 1475 fortior

1874 1512 2061 1573 postea
2094 1504 2229 1559 fuit?
2260 1506 2382 1576 quis
2406 1506 2720 1562 adolescens
2767 1508 2821 1561 in
2854 1518 3095 1564 montem
3144 1508 3446 1579 profectus,

1875 1596 2102 1666 visoque
2147 1596 2425 1664 Antonio,
2482 1615 2592 1655 non
2636 1600 2912 1670 abnegans
2951 1600 3098 1656 illico
3134 1602 3450 1672 voluptates

1876 1691 2286 1759 temperantiam
2314 1701 2398 1748 est
2437 1694 2764 1762 amplexus?
2788 1695 2912 1764 quis
2935 1709 2964 1747 a
2993 1695 3239 1752 daemone
3275 1705 3454 1752 tenta-

1883 1791 1969 1837 tus
1994 1784 2172 1852 ipsum
2202 1784 2354 1851 adiit,
2384 1787 2519 1855 quin
2562 1785 2823 1843 liberatus
2865 1787 2971 1842 sit?
3001 1789 3124 1859 quis
3159 1789 3451 1857 cogitatio-

1881 1872 2041 1929 nibus
2056 1883 2281 1930 vexatus
2304 1876 2593 1942 accedens,
2611 1891 2719 1931 non
2737 1878 3031 1948 tranquillo
3057 1879 3204 1934 stetit
3223 1878 3405 1934 animo
3425 1878 3451 1932 ἲ

1949 2117 2038 2176 88.
2064 2119 2278 2175 Etenim
2311 2120 2442 2175 illud
2467 2122 2743 2191 singulare
2767 2129 2885 2176 erat
2912 2120 2966 2175 in
2996 2119 3219 2177 Antonii
3249 2123 3449 2187 ascesi,

1878 2213 2023 2285 quod
2055 2223 2297 2283 accepta,
2332 2223 2393 2268 ut
2420 2229 2587 2283 supra
2618 2214 2752 2279 dixi,
2783 2214 3074 2283 spirituum
3104 2214 3450 2269 discretionis

1879 2306 2073 2376 gratia,
2107 2320 2295 2359 eorum
2322 2305 2505 2360 statim
2534 2314 2851 2375 agnosceret
2873 2316 3074 2374 motus,
3104 2317 3160 2362 et
3181 2307 3452 2377 cujusque

1878 2396 2117 2452 studium
2172 2396 2533 2466 aﬂ‘ectnmque
2576 2413 2685 2451 non
2720 2397 3032 2467 ignoraret:
3066 2414 3241 2468 neque
3269 2398 3450 2453 solum

1878 2505 1988 2545 non
2021 2491 2091 2546 ab
2112 2490 2218 2547 illis
2241 2491 2599 2560 deciperetur,
2624 2492 2733 2545 imo
2767 2506 2864 2546 eos
2903 2492 2997 2563 qui
3026 2492 3450 2564 cogitationibus

1880 2581 2081 2637 turbati
2123 2591 2316 2648 erant,
2362 2582 2584 2637 monitis
2631 2583 2747 2638 suis
2789 2583 3064 2648 edoceret,
3091 2599 3199 2654 qua
3235 2585 3451 2639 ratione

1878 2680 2104 2741 possent
2128 2668 2356 2725 insidias
2382 2670 2693 2725 daamonum
2734 2670 3072 2740 subvertere,
3101 2682 3321 2727 narrata
3355 2689 3452 2728 eo-

1878 2777 2000 2818 rum
2040 2761 2429 2827 imbecillitate,
2458 2761 2806 2833 vafritieque.
2844 2762 3057 2833 Singuli
3110 2765 3297 2835 itaque
3332 2774 3453 2820 tan-

1878 2868 2045 2925 quam
2067 2854 2277 2910 inuncti
2321 2854 2390 2909 ab
2417 2853 2533 2920 illo,
2566 2869 2663 2909 seu
2702 2855 2771 2909 ad
2808 2866 3044 2925 pugnam
3082 2857 3325 2921 excitati,
3353 2858 3453 2913 de-

1880 2944 2230 3009 scendebant,
2265 2952 2543 3014 assumpta
2581 2944 2846 2999 adversus
2874 2945 3073 3000 diaboli
3113 2946 3458 3003 daemonum«

1828 3089 1843 3111 ,
1878 3050 1986 3108 que
2015 3035 2133 3105 ejus
2159 3035 2511 3105 cogitationes
2538 3035 2756 3091 ﬁducia.
2796 3035 2941 3103 Quot
2977 3036 3090 3107 jam
3129 3055 3330 3109 procos
3356 3041 3456 3096 ha-

1885 3126 2077 3182 bentes
2102 3127 2359 3197 virgines,
2389 3135 2598 3182 tantum
2627 3127 2867 3182 Antonio
2898 3130 3112 3185 eminus
3138 3143 3452 3196 conspecto,

1884 3218 2088 3275 Christi
2115 3220 2352 3297 virgines
2380 3234 2630 3276 mansere
2649 3219 2675 3273 ?
2695 3219 2993 3275 Veniebant
3019 3222 3181 3276 etiam
3206 3223 3273 3277 ad
3300 3224 3454 3279 illum

1886 3312 2128 3383 quidam,
2166 3312 2235 3368 ab
2272 3312 2474 3367 exteris
2514 3311 2852 3382 regionibus,
2897 3313 2990 3381 qui
3028 3322 3281 3384 percepta
3326 3330 3453 3371 cum

1885 3408 2005 3466 aliis
2027 3406 2280 3463 omnibus
2299 3405 2547 3471 utilitate,
2563 3405 2783 3459 domum
2802 3403 3068 3469 redibant,
3083 3406 3240 3474 quasi
3255 3421 3283 3460 a
3298 3416 3455 3477 patre

1873 3516 1976 3560 suo
1996 3498 2233 3556 deducti.
2259 3496 2426 3570 689
2455 3495 2597 3551 Sane
2635 3496 2727 3551 illo
2756 3495 3034 3563 defuncto,
3073 3513 3263 3554 omnes
3289 3499 3451 3570 quasi

205 3606 327 3659 φον,
367 3589 445 3653 ὡς
474 3588 629 3661 παρὰ
673 3589 877 3661 πατρὸς
918 3589 1367 3663 προπεμπόμενοι
1408 3588 1506 3661 (4).
1558 3591 1770 3662 Ἀμέλει

1884 3604 2030 3667 patre
2057 3592 2198 3657 orbi,
2230 3591 2346 3646 sola
2366 3590 2485 3661 ejus
2508 3589 2773 3645 memoria
2797 3604 2918 3645 sese
2953 3590 3328 3659 consolantur,
3363 3606 3453 3648 νεε-

203 3677 561 3750 κοιμηθέντος
599 3678 785 3741 αὑτοῦ,
829 3678 1050 3743 πάντες,
1099 3678 1174 3743 ὡς
1222 3678 1447 3750 ὀρφανοὶ
1494 3679 1770 3751 γενόμενοι

1884 3685 2040 3741 tentis
2082 3682 2267 3738 animo
2300 3682 2418 3752 ejus
2465 3679 2927 3735 admonitionibus
2954 3679 3448 3750 hortamentisque.

202 3771 436 3841 πατρὸς,
468 3772 693 3845 μόνῃτῇ
736 3771 943 3827 ἐκείνου
981 3774 1167 3844 μνήμῃ
1196 3773 1605 3844 παρακαλοῦσιν
1643 3775 1887 3843 ἑαυτοὺς,
1922 3779 2242 3851 κατέχοντες
2274 3777 2388 3847 ἅμα
2409 3776 2507 3839 τὰς
2534 3774 2814 3839 νουθεσίας
2849 3774 2945 3829 καὶ
2976 3774 3076 3839 τὰς
3100 3778 3451 3848 παραινέσεις

203 3865 392 3924 αὐτοῦ.

1551 4024 1794 4082 VERSIO
1830 4024 2135 4082 EVAGRII.

203 4183 355 4239 senis
384 4181 561 4253 oratio
590 4200 605 4237 :
638 4182 790 4239 multi
821 4182 1034 4253 magnis
1070 4182 1274 4239 divitiis
1300 4192 1353 4238 et
1389 4182 1569 4239 altiori
1611 4184 1781 4253 gradu
1816 4185 2030 4240 militiae
2075 4182 2355 4245 derelicto.
2388 4183 2509 4253 ejus
2541 4183 2748 4238 merere
2781 4182 3085 4253 curriculis
3128 4181 3443 4252 cupiebant.

204 4253 270 4326 Ei
307 4252 599 4326 utinﬁnita
634 4254 781 4326 brevi
811 4251 1063 4326 sermone
1096 4254 1572 4326 comprehendam,
1617 4251 1823 4326 bonum
1865 4255 2103 4326 .IEgypto
2149 4251 2431 4326 medicum
2472 4254 2737 4326 Christus
2778 4251 3096 4326 indulserat.
3146 4251 3285 4326 Quis
3336 4270 3446 4310 non

203 4323 483 4393 tristitiam
515 4321 656 4390 apud
679 4323 972 4391 Antonium
1003 4321 1236 4377 mutavit
1269 4324 1323 4376 in
1366 4323 1666 4392 gaudium?
1716 4324 1840 4392 quis
1874 4321 1992 4379 non
2013 4321 2149 4377 iram
2206 4325 2367 4379 vertit
2398 4324 2452 4377 in
2503 4322 2742 4393 pacem?
2771 4322 2896 4393 quis
2944 4324 3190 4379 orbitatis
3239 4325 3446 4379 luctum

204 4408 315 4464 non
343 4392 409 4445 ad
427 4392 559 4464 ejus
587 4393 1249 4464 temperavitaspectum?
1284 4393 1406 4464 quis
1439 4408 1545 4464 non
1578 4408 1817 4449 maerore
1847 4394 2206 4464 paupertatis,
2248 4409 2358 4462 quo
2391 4392 2753 4464 premebatur,
2784 4392 3017 4460 abjecto,
3069 4395 3253 4449 statim
3280 4403 3335 4448 et
3363 4393 3448 4447 di-

201 4462 376 4515 vitum
410 4460 654 4529 despexit
689 4460 1092 4532 opulentias,ﬁet
1126 4463 1178 4515 in
1213 4460 1315 4516 sua
1340 4462 1552 4516 laetatus
1579 4472 1663 4516 est
1694 4460 2049 4532 paupertate?
2080 4464 2203 4531 quis
2246 4460 2366 4531 post
2391 4460 2766 4517 lassitudinem
2815 4464 3118 4517 monachus
3169 4479 3279 4517 non
3323 4464 3449 4531 ejus

202 4538 485 4602 vegetatus
517 4539 599 4584 est
632 4531 1035 4602 hortamentis?
1071 4533 1193 4599 quis
1225 4533 1562 4594 adolescens,
1602 4533 1776 4587 aetatis
1807 4531 1899 4602 ’(5)
1945 4547 2245 4588 succensus
2278 4533 2585 4597 ardoribus,
2620 4548 2728 4586 non
2750 4547 2817 4602 ex
2849 4533 2968 4601 ejus
3015 4533 3294 4587 admonitu
3347 4549 3448 4602 pu-

201 4600 405 4655 dicitia:
435 4608 645 4653 amator
672 4599 819 4653 fuit?
850 4601 1227 4672 quisrvexatus
1274 4616 1305 4654 a
1348 4602 1565 4655 diabolo
1613 4602 1731 4656 sine
1763 4599 1971 4657 medela
2006 4602 2202 4656 rediit?
2234 4603 2359 4671 quis
2394 4602 2603 4656 inimici
2651 4599 3073 4672 cogitationibus
3120 4599 3445 4668 distractus,

202 4686 337 4732 non,
362 4684 503 4740 caeca
527 4678 852 4740 tempestate
881 4671 1077 4740 sopita,
1112 4686 1307 4725 sereno
1328 4685 1606 4738 regressus
1637 4679 1720 4724 est
1750 4672 1975 4728 animo?

274 4740 364 4793 88.
400 4736 616 4812 sciebat
644 4736 791 4792 enim
817 4736 1186 4812 quo—quisque
1218 4736 1485 4794 laboraret
1516 4741 1883 4812 incommodo,
1922 4750 1975 4794 et
1999 4756 2065 4795 ex
2095 4741 2220 4812 vitae
2267 4740 2478 4812 meritis
2513 4738 2897 4793 discretionem
2943 4740 3233 4812 spirituum
3271 4757 3447 4812 agno-

198 4824 382 4871 scens,
404 4807 693 4879 adhibebat
718 4807 1031 4879 verborum,
1062 4820 1224 4878 prout
1270 4819 1425 4864 erant
1462 4809 1709 4875 vulnera,
1742 4813 2047 4865 sanitatem.
2103 4808 2253 4864 Unde
2279 4810 2527 4864 eﬂ'ectum
2574 4817 2676 4871 est,
2713 4818 2771 4864 ut
2803 4819 2926 4879 post
2963 4807 3083 4877 ejus
3112 4807 3446 4877 doctrinam,

196 4894 392 4951 omnes
417 4878 628 4951 diaboli
646 4878 1013 4951 panderent_ur
1039 4879 1272 4951 insidiae;
1303 4880 1487 4951 multae
1514 4894 1731 4951 quoque
1762 4881 2111 4951 desponsath
2132 4881 2347 4951 puellae,
2397 4880 2463 4951 ad
2484 4880 2633 4951 _ejus
2664 4888 3014 4951 conspectum
3048 4881 3125 4951 ab
3154 4880 3272 4949 ipso
3306 4897 3450 4951 pene

196 4949 442 5019 thalamo
474 4948 809 5019 recedentes,
838 4949 893 5002 in
931 4948 1184 5002 Ecclesiaa
1215 4949 1406 5002 matris
1434 4949 1638 5018 gremio
1656 4953 2049 5019 consederunt.
2082 4948 2221 5015 Quid
2259 4949 2449 5019 plura?
2484 4948 2673 5003 Totius
2717 4950 2866 5003 orbis
2914 4948 3189 5003 homines
3210 4951 3277 5005 ad
3307 4948 3446 5004 eum

197 5016 568 5090 conﬂuebant,
605 5025 661 5072 et
699 5018 1078 5090 universarum
1105 5021 1345 5090 gentium
1380 5016 1615 5071 varietas
1655 5018 2131 5075 bellicosissimum
2157 5016 2346 5073 contra
2367 5019 2654 5090 daamones
2688 5019 2864 5090 virum
2893 5020 3213 5090 conspicere
3240 5020 3447 5090 gestie-

196 5087 349 5141 bant.
387 5085 578 5157 Nulius
609 5086 915 5157 seifrustra
942 5088 1072 5142 illuc
1104 5085 1318 5143 venisse
1354 5097 1688 5157 conquestus
1723 5097 1835 5153 est;
1866 5090 2123 5143 omnibus
2156 5088 2473 5143 delectabile
2523 5099 2687 5157 atque
2714 5085 3268 5156 jucundum—laboris
3293 5106 3445 5144 com-

195 5157 460 5212 mercium
485 5155 613 5228 ifuit.
660 5156 929 5226 Fatigatio
969 5157 1113 5228 enim
1149 5159 1357 5227 itineris
1399 5155 1828 5228 emolumentum
1860 5159 2044 5212 viatici
2086 5160 2420 5228 reportabat,
2451 5155 2990 5228 sicnt'rei’probavit
3021 5159 3264 5213 effectus.
3304 5159 3443 5214 Nam

194 5236 321 5297 post
357 5227 747 5283 resolutionem
776 5228 918 5298 ejus,
949 5227 1109 5298 quasi
1137 5226 1419 5284 communi
1448 5227 1668 5281 vulnere
1696 5228 1947 5283 orbitatis
1969 5226 2218 5299 excepto,
2243 5230 2520 5299 proprium
2552 5226 2750 5297 singuli
2777 5236 3056 5297 parentem
3092 5228 3369 5284 luxerunt.

245 5382 347 5473 '(l)
398 5382 491 5439 Sic
530 5382 753 5454 quidam
796 5383 1177 5454 manuscripti.
1213 5381 1357 5437 Editi
1403 5397 1561 5448 vero,
1594 5380 1766 5436 ἀπελ-

374 5521 528 5595 ροιὺ.
555 5523 617 5587 2,
651 5523 782 5595 παρ’
798 5524 1042 5595 ἐκείνων.
1076 5592 1089 5595 _
1269 5592 1315 5595 η
1407 5592 1421 5595 Α
1542 5592 1552 5595 _
1640 5591 1662 5595 _
1718 5592 1729 5595 _

1884 5457 1944 5509 πό

1884 5525 1944 5580 Ed

269 5590 347 5663 (5)
380 5590 473 5647 Sic
491 5607 688 5677 omnes
719 5590 853 5677 thas:
882 5593 1043 5677 Editi,
1059 5592 1137 5656 ὡς
1150 5592 1281 5677 παρ’
1299 5592 1604 5677 ἐπαλιφείς.
1628 5591 1766 5660 Qui-

191 5662 333 5719 dam
353 5662 691 5719 mss.habent
717 5662 1084 5732 ἐπαλειφθεὶς,
1114 5663 1205 5719 alii
1235 5662 1571 5732 ἐπαλειφεις.

1948 5383 2127 5455 (4)1ta
2161 5387 2379 5459 quidam
2425 5386 2802 5459 manuscripti.
2848 5385 2992 5440 Editi
3036 5396 3095 5459 et
3144 5386 3259 5459 alii,
3293 5404 3443 5459 πεμτ-

1951 5473 2123 5529 μενοι.
2164 5456 2402 5529 lnferius
2428 5458 2784 5527 manuscripti
2826 5471 3037 5524 omnes,
3067 5458 3145 5522 ὼς
3191 5456 3445 5529 ὀρφανοί.

1874 5525 2119 5598 Εόᾘιίηοί
2151 5527 2393 5598 ἁρφανοί.
2429 5597 2436 5598 7
2576 5594 2595 5598 _
2778 5594 2790 5598 _
3014 5595 3024 5598 _
3095 5595 3110 5598 _
3226 5525 3237 5529 ⁷
3274 5525 3283 5528 ’
3320 5566 3323 5569 λ

1945 5596 2021 5667 (5)
2051 5594 2141 5651 Sic
2170 5594 2543 5669 manuscripti.
2575 5594 2633 5651 In
2664 5594 2844 5663 editis,
2877 5595 3051 5650 (etatis
3081 5595 3257 5662 deest,
