3810 6228
378 287 483 342 967

1001 279 1060 334 S.
1101 273 1474 333 ATHANASII
1518 275 1670 331 UPP.
1717 273 1899 330 PARS
1942 273 1984 327 1.
2015 305 2081 314 -
2116 271 2488 329 HISTORICA
2533 271 2621 326 ET
2663 269 3089 328 DOGMATICA.

3522 275 3657 334 968

439 396 532 452 89.
565 394 753 462 Qualis
782 409 942 465 porro
974 393 1080 464 ipsi
1107 397 1288 448 exitus
1336 392 1460 446 vita:
1498 387 1680 456 fuerit,
1727 405 1941 460 aequum

2120 388 2210 444 89.
2253 381 2378 442 Οἷον
2422 387 2480 441 δὲ
2507 387 2603 441 καὶ
2641 386 2702 440 τὸ
2728 386 2882 451 τέλος
2913 387 3066 457 αὐτῷ
3100 387 3196 442 τοῦ
3235 386 3354 458 βίου
3381 389 3658 460 γέγονεν,

371 499 458 542 est
493 503 582 542 me
617 502 874 543 enarrare
899 526 914 551 ,
954 499 1185 555 vosque,
1227 494 1288 538 ut
1319 484 1635 554 peroptatis,
1663 483 1944 547 ediscere;

373 595 499 635 cum
543 579 781 634 maxime
811 593 876 633 ea
918 579 1084 633 etiam
1115 578 1171 632 in
1211 592 1271 632 re
1298 577 1448 631 illum
1499 577 1698 632 imitari
1727 591 1825 646 par
1853 575 1942 629 sit.

371 671 507 727 Cum
537 669 604 725 de
637 685 786 724 more
807 670 1104 736 monachos
1137 668 1192 722 in
1224 669 1494 723 exteriore
1523 677 1706 722 monte
1749 668 1948 735 degen-

371 772 454 817 tes
501 762 790 826 inviseret,
831 769 886 815 et
933 776 962 815 a
997 759 1349 816 Providentia
1397 759 1582 813 divina
1640 758 1708 813 de
1763 756 1946 812 futura

370 861 544 907 morte
576 852 929 923 praemonitus
979 852 1192 918 fuisset,
1247 850 1508 906 fratribus
1562 851 1676 906 haec
1730 849 1946 904 locutus

349 952 481 1011 ,est:
505 942 622 1000 1am
646 953 924 1015 postremo
943 959 1040 999 vos
1073 944 1325 1005 invisam,
1348 943 1657 1012 mirumque
1681 941 1724 996 si
1749 942 1944 996 iterum

367 1037 422 1090 in
457 1041 559 1093 hac
596 1039 708 1093 vita
731 1047 923 1093 mutuo
953 1037 1202 1092 fruamur
1222 1045 1478 1106 aspectu:
1506 1044 1718 1104 tempus
1743 1035 1946 1104 quippe

367 1140 427 1186 ut
467 1133 596 1187 hinc
644 1133 1050 1201 transmigrem,
1087 1147 1210 1184 cum
1257 1131 1428 1184 ferme
1475 1130 1725 1200 quintum
1778 1143 1943 1198 supra

365 1225 726 1278 centesimum
772 1238 973 1276 annum
1025 1236 1202 1291 agam.
1249 1219 1343 1276 His
1375 1219 1453 1274 illi
1501 1219 1722 1284 auditis,
1763 1218 1943 1288 lacry-

367 1315 526 1380 mari,
570 1329 756 1368 senem
781 1312 1051 1383 amplecti.
1069 1328 1132 1366 ac
1157 1309 1486 1366 deosculari.
1514 1309 1608 1364 Ille
1633 1323 1762 1363 vero
1784 1307 1942 1377 quasi

367 1407 436 1459 ab
457 1414 714 1460 extranea
748 1405 801 1458 in
833 1404 1106 1473 propriam
1134 1418 1193 1458 se
1220 1402 1507 1457 conferens
1540 1400 1754 1464 urbem,
1786 1401 1943 1454 laetus

331 1492 335 1497 ’
366 1495 804 1567 colloquebatur,
837 1495 1220 1563 monebatque,
1253 1509 1320 1548 ne
1341 1495 1394 1548 in
1419 1492 1718 1546 laborando
1747 1487 1941 1561 segnes

365 1592 570 1652 essent,
625 1599 802 1654 neque
840 1584 894 1638 in
951 1583 1061 1638 vita
1110 1582 1342 1660 ascyetica
1390 1581 1574 1636 animo
1607 1581 1937 1637 deficerent:

365 1677 462 1732 sed
490 1677 564 1732 ita
603 1676 848 1730 viverent
879 1691 946 1730 ac
973 1674 1020 1729 si
1051 1673 1294 1744 quotidie
1323 1673 1574 1727 morituri
1615 1681 1818 1728 essent.
1848 1673 1942 1726 At-

2053 479 2201 546 ἀξιον
2237 480 2382 552 κάμὲ
2412 480 2803 551 μνημονεῦσαι,
2829 483 2923 534 καὶ
2950 483 3096 552 ὑμᾶς
3122 483 3352 536 ἀκοῦσαι
3399 483 3662 537 ποθοῦν-

2051 588 2184 634 ταςο
2231 572 2326 625 καὶ
2365 570 2526 624 τοῦτο
2577 571 2687 642 γὰρ
2730 571 2896 626 αὑτοῦ
2926 572 3165 643 ζηλωτὸν
3205 574 3418 642 γέγονε.
3472 575 3661 628 Κατά

2050 663 2112 715 τὸ
2149 662 2337 725 εἰωθὸς
2382 661 2752 715 ἐπεσκέπτετο
2802 664 2929 726 τοὺς
2973 664 3240 734 μοναχοὺς
3293 667 3421 729 τοὺς
3461 667 3520 720 ἐν
3559 663 3656 735 τῷ

2051 751 2167 823 δρει
2203 753 2282 823 τῷ
2307 750 2433 817 ἐξω,
2459 753 2553 806 καὶ
2579 753 2911 824 προσμαθὼν
2934 753 3010 824 (6)
3045 754 3196 826 παρά
3228 755 3328 827 τῆς
3360 757 3654 826 Προνοίας

2052 845 2182 917 περὶ
2211 845 2311 914 τῆς
2343 845 2538 899 ἐαυτοῦ
2563 845 2841 916 τελευτῆς,
2865 845 3044 900 ἐλάλει
3087 850 3201 910 τοῖς
3243 846 3498 916 ἀδελφοῖς
3541 847 3650 900 λέ-

2051 949 2198 1002 γων·
2231 933 2448 1004 Ταύτην
2481 934 2634 1004 ὑμῶν
2676 934 2776 1004 τὴν
2821 934 3108 1004 ἐπίσκεψιν
3160 936 3393 1008 ὑστέραν
3443 937 3651 991 ποιοῦ-

2054 1041 2170 1095 μαι,
2201 1025 2295 1077 καὶ
2319 1025 2604 1094 θαυμάζω,
2629 1027 2676 1078 εί
2712 1025 2872 1079 πάλιν
2898 1027 3121 1090 ἑαυτοὺς
3147 1029 3206 1081 ἐν
3226 1027 3302 1098 τῷ
3329 1027 3430 1098 βίῳ
3450 1028 3648 1100 τούτῳ

2051 1115 2420 1186 θεωρήσομεν.
2467 1115 2673 1187 Καιρός
2723 1118 2840 1170 ἐστι
2890 1118 3034 1188 κάμέ
3082 1117 3268 1172 λοιπὸν
3319 1119 3593 1174 ἀναλῦσαι
3621 1135 3645 1153 ο

2051 1208 2166 1277 είμὶ
2197 1209 2306 1280 γὰρ
2336 1209 2503 1278 ἐγγὺς
2527 1209 2664 1263 ἐτῶν
2700 1211 2862 1264 πέντε
2905 1212 2999 1265 καὶ
3029 1212 3243 1268 ἑκατόν.
3284 1215 3347 1267 Οἱ
3382 1215 3484 1286 μὲν
3537 1211 3648 1272 οὖν

2049 1299 2398 1366 ἀκούσαντες,
2429 1301 2662 1370 ἔκλαιον,
2697 1304 2789 1357 καὶ
2833 1303 3294 1375 περιεπτύσσοντο
3359 1308 3458 1360 καὶ
3501 1326 3646 1363 κατ-

2051 1389 2269 1458 εφίλουν
2313 1391 2402 1445 τὸν
2458 1392 2726 1464 γέροντα·
2767 1395 2796 1447 ὁ
2839 1393 2916 1456 δὲ,
2959 1393 3034 1457 ὼς
3082 1395 3189 1448 ἀπὸ
3242 1396 3531 1468 ἀλλοτρίας
3552 1400 3642 1464 είς

2051 1483 2188 1537 ίδίαν
2218 1485 2468 1557 ἀπαίρων
2494 1487 2666 1551 πόλιν,
2703 1487 2911 1560 χαίρων
2937 1487 3206 1556 διελέγετο
3233 1505 3246 1519 ·
3283 1492 3379 1543 καὶ
3416 1494 3640 1563 παρήγ-

2048 1574 2237 1642 γελλεν
2288 1578 2470 1641 αὐτοῖς
2509 1579 2582 1650 μὴ
2623 1579 2908 1649 ὀλιγωρεῖν
2957 1579 3161 1643 ἐντοῖς
3199 1580 3383 1645 πόνοις
3416 1623 3432 1647 ,
3494 1584 3638 1654 μηδὲ

2049 1663 2303 1717 ἐκκακεῖν
2349 1667 2406 1718 ἐν
2437 1665 2515 1737 (7)
2545 1669 2610 1737 τῇ
2643 1667 2908 1738 ἀσκήσει·
2960 1667 3076 1721 ἀλλ’
3127 1668 3204 1732 ὼς
3253 1669 3376 1723 καθ’
3413 1671 3639 1742 ἡμέραν

365 1781 496 1836 que,
525 1766 607 1821 uti
635 1766 748 1837 jam
767 1767 997 1830 dixerat,
1029 1765 1268 1819 animam
1295 1764 1633 1819 custodirent
1655 1764 1724 1817 ab
1751 1763 1941 1818 obsce-

2096 1757 2491 1828 ποθνήσκοντας
2519 1757 2618 1828 ζῇν
2644 1773 2660 1788 ο
2684 1759 2778 1812 καὶ
2811 1758 2956 1812 καθά
3001 1761 3263 1830 προεῖπον
3303 1761 3639 1826 σπουδάζειν

364 1857 452 1911 nis
475 1856 918 1926 cogitationibus,
974 1866 1305 1925 sanctosque
1331 1853 1724 1908 aemularentur
1752 1853 1899 1908 viros
1929 1871 1944 1908 :

364 1964 466 2003 nec
492 1947 558 2002 ad
597 1947 912 2002 Meletianos
935 1946 1317 2002 schismaticos
1339 1947 1682 2010 accederent,
1708 1960 1945 2016 quorum

365 2039 672 2110 improbum
718 2038 1120 2108 profanumque
1159 2038 1499 2108 propositum
1549 2046 1810 2092 nossent:
1849 2052 1948 2092 nec

363 2129 529 2183 ullam
557 2128 818 2183 haberent
842 2144 966 2184 cum
985 2128 1202 2183 Arianis
1223 2129 1688 2195 communionem,
1709 2144 1946 2199 quorum

363 2220 616 2290 impietas
647 2220 851 2275 nemini
897 2236 1005 2274 non
1032 2221 1311 2292 explorata
1339 2229 1503 2276 esset.
1530 2220 1756 2278 Etiamsi
1791 2222 1944 2278 vide-

361 2313 506 2375 ritis,
541 2313 640 2375 ait,
681 2312 812 2382 ipsis
837 2311 1050 2382 judices
1097 2312 1457 2382 patrocinari,
1491 2327 1558 2367 ne
1605 2313 1726 2368 ideo
1756 2314 1946 2370 turbe-

362 2405 538 2473 mini;
593 2406 830 2462 cessabit
883 2407 1074 2474 enim,
1118 2417 1282 2477 atque
1337 2407 1587 2462 mortalis
1633 2407 1946 2477 modicique

367 2494 630 2564 temporis
673 2503 758 2550 est
798 2495 1122 2564 imaginaria
1163 2495 1481 2565 huiusmodi
1515 2503 1776 2565 potestas.
1838 2496 1944 2552 Vos

369 2585 553 2654 itaque
597 2601 765 2658 puros
794 2588 864 2642 ab
896 2587 1004 2642 illis
1044 2586 1336 2651 custodite,
1369 2596 1691 2660 servateque
1719 2588 1943 2644 Patrum

366 2678 736 2745 traditionem,
767 2689 821 2734 et
846 2694 970 2734 cum
993 2677 1186 2749 primis
1215 2679 1361 2748 piam
1389 2677 1547 2734 ﬁdem
1571 2680 1627 2733 in
1652 2678 1944 2734 Dominum

362 2780 612 2826 nostrum
638 2769 824 2826 Jesum
845 2769 1154 2834 Christum,
1183 2784 1351 2839 quam
1381 2783 1449 2825 ex
1480 2767 1779 2840 Scripturis
1804 2771 1946 2826 didi-

363 2863 540 2928 cistis,
580 2871 636 2918 et
671 2878 837 2936 quam
866 2862 1024 2918 vobis
1052 2877 1153 2933 ego
1179 2862 1504 2934 plerumque
1531 2861 1586 2917 in
1619 2863 1942 2918 memoriam

363 2969 638 3012 revocavt.

2049 1848 2144 1920 τὴν
2172 1849 2349 1921 ψυχὴν
2391 1848 2680 1918 φυλάττειν
2720 1850 2831 1904 ἀπὸ
2865 1850 3126 1922 ῥυπαρῶν
3174 1852 3456 1923 λογισμῶν
3484 1872 3499 1884 ο
3537 1856 3639 1910 καὶ

2045 1940 2135 1992 τὸν
2161 1937 2320 2010 ζῆλον
2354 1938 2499 2008 ἔχειν
2553 1939 2690 2010 πρὸς
2735 1941 2862 2004 τοὺς
2913 1941 3123 2009 ἁγίους,
3175 1942 3247 2013 μὴ
3293 1943 3544 2012 ἐγγίζειν
3576 1946 3639 2000 δὲ

2045 2030 2396 2095 Μελετιανοῖς
2435 2029 2513 2101 (8)
2552 2033 2666 2093 τοῖς
2691 2037 3083 2103 ’σχισματικοῖς
3106 2049 3121 2064 ·
3162 2034 3341 2088 οἴδατε
3372 2036 3483 2108 γάρ
3529 2037 3638 2090 αύ-

2044 2121 2152 2175 τῶν
2173 2121 2270 2192 τὴν
2299 2121 2543 2193 πονηρὰν
2572 2123 2668 2175 καὶ
2694 2121 2921 2193 βέϐηλον
2949 2125 3268 2196 προαίρεσιν
3286 2141 3300 2155 ο
3341 2127 3478 2197 μηδὲ
3509 2145 3636 2182 κοι-

2045 2213 2240 2268 νωνίαν
2293 2213 2437 2284 ἐχειν
2480 2213 2604 2267 τινὰ
2648 2215 2786 2286 πρὸς
2831 2217 2959 2278 τοὺς
2993 2217 3304 2286 ’Δρειανούς
3329 2235 3342 2246 ·
3385 2222 3482 2273 καὶ
3516 2219 3633 2292 γὰρ

2045 2304 2198 2375 καὶὴ
2233 2303 2436 2356 τούτων
2478 2303 2704 2357 ἀσέϐεια
2753 2305 2920 2358 πᾶσιν
2959 2303 3185 2377 ἔκδηλός
3213 2308 3348 2360 ἐστι.
3381 2309 3531 2380 Mr)?
3564 2310 3638 2364 ἃν

2045 2395 2360 2468 θεωρήσητε
2392 2396 2824 2466 προϊσταμένους
2859 2396 3040 2450 αὐτῶν
3067 2399 3194 2460 τοὺς
3231 2399 3514 2464 δικαστάς,
3541 2419 3639 2456 τα-

2047 2489 2306 2560 ράττεσθε
2332 2508 2346 2520 ο
2374 2487 2639 2542 παύσεται
2663 2488 2793 2558 γάρ,
2817 2489 2910 2542 καὶ
2935 2487 3104 2560 θνητὴ
3133 2491 3227 2544 καὶ
3268 2493 3405 2563 πρὸς
3444 2495 3634 2564 ὀλίγον

2044 2581 2192 2634 ἐστὶν
2243 2581 2423 2634 αὐτῶν
2472 2583 2506 2653 ή
2551 2580 2843 2650 φαντασία.
2912 2581 3207 2654 Καθαροὺς
3257 2580 3350 2636 οὖν
3397 2587 3634 2652 ἑαυτοὺς

2049 2671 2248 2744 μᾶλλον
2276 2672 2384 2725 ἀπὸ
2415 2671 2621 2724 τούτων
2669 2671 2988 2740 φυλάττετε,
3030 2673 3124 2726 καὶ
3157 2679 3374 2746 τηρεῖτε
3421 2680 3525 2748 τήν
3569 2697 3635 2732 τε

2045 2763 2152 2817 τῶν
2183 2763 2444 2835 Πατέρων
2470 2763 2788 2834 παράδοσιν,
2816 2764 2910 2816 καὶ
2950 2767 3380 2837 προηγουμένως
3417 2771 3517 2839 τὴν
3549 2773 3637 2835 είς

2043 2854 2135 2909 τὸν
2156 2853 2358 2925 Κύριον
2387 2853 2544 2925 ἡμῶν
2574 2852 2782 2924 Ἰησοῦν
2806 2854 3042 2924 Χριστὸν
3083 2856 3282 2928 εὐσεϐῆ
3325 2858 3531 2921 πίστιν,
3562 2860 3638 2930 ἧν

2044 2949 2111 3001 ἐκ
2133 2947 2242 3001 τῶν
2264 2947 2498 3020 Γραφῶν
2527 2946 2627 3017 μὲν
2669 2947 3047 3020 μεμαθήκατε,
3081 2951 3216 3021 παρ’
3242 2951 3378 3021 ἐμοῦ
3408 2951 3466 3006 δὲ
3493 2953 3635 3007 πολ-

2045 3042 2200 3108 λάκις
2227 3043 2631 3115 ύπεμνήσθητε.

434 3131 524 3188 90.
568 3129 852 3186 Fratribus
901 3138 1082 3185 autem
1129 3128 1238 3185 vim
1279 3131 1385 3201 ipsi
1435 3121 1839 3198 inferentibus;
1878 3144 1940 3188 ut

2114 3101 2202 3191 90'.
2239 3101 2360 3188 Τῶν
2390 3101 2446 3188 δέ
2470 3101 2716 3204 ἀδελφῶν
2741 3133 3078 3205 βιαζομένων
3105 3137 3284 3206 μεῖναι
3311 3134 3475 3188 αὐτὸν
3496 3138 3636 3208 παρ’

364 3224 477 3279 illic
515 3232 844 3287 remaneret,
875 3222 1148 3294 vitamque
1178 3223 1354 3280 obiret
1380 3241 1397 3292 ;
1437 3224 1630 3279 abnuit
1659 3224 1748 3279 ille
1767 3264 1781 3288 ,
1813 3239 1939 3280 cum

365 3318 438 3372 ob
461 3317 596 3372 alias
621 3315 824 3372 multas
849 3330 1068 3382 causas,
1094 3324 1154 3370 ut
1192 3315 1278 3371 vel
1314 3317 1515 3373 tacitus
1539 3319 1656 3387 ipse
1687 3317 1941 3374 subindi-

362 3409 542 3473 cabat,
572 3416 686 3463 tum
713 3408 834 3464 ideo
860 3407 1117 3471 maxime,
1148 3407 1292 3478 quod
1319 3407 1560 3481 Egyptii
1583 3409 1791 3465 soleant
1821 3409 1944 3478 pio-

363 3516 488 3554 rum
534 3500 817 3556 hominum
868 3498 1252 3556 defunctorum
1302 3516 1553 3571 corpora,
1595 3501 1943 3571 maximeque

361 3600 680 3647 sanctorum
713 3600 1041 3664 martyrum,
1088 3590 1343 3648 funerare
1387 3591 1608 3664 quidem
1655 3599 1710 3648 et
1757 3592 1940 3649 linteis

2047 3227 2250 3291 αὐτοῖς,
2281 3227 2444 3281 κάκεῖ
2478 3226 2853 3298 τελειωθῆναι,
2896 3227 2998 3280 οὐκ
3039 3229 3298 3298 ἠνέσχετο
3334 3227 3422 3282 διὰ
3455 3229 3633 3282 πολλά

2052 3319 2171 3390 μὲν,
2197 3319 2273 3381 ὼς
2295 3317 2456 3381 αὐτὸς
2489 3317 2586 3370 καὶ
2610 3316 2832 3370 σιωπῶν
2858 3317 3130 3387 ἐνέφαινε,
3157 3318 3253 3371 καὶ
3276 3317 3365 3371 διὰ
3384 3317 3546 3371 τοῦτο
3570 3317 3635 3371 δέ

2053 3411 2285 3482 μάλιστα
2303 3425 2317 3440 ο
2341 3410 2392 3462 οί
2413 3409 2696 3477 Αἰγύπτιοι
2717 3406 2786 3460 τά
2802 3407 2912 3461 τῶν
2930 3407 3304 3462 ¹τελευτιιῦνοιτιιιν
3322 3409 3638 3462 σπουδαίων

2051 3500 2300 3572 σώματα,
2326 3501 2420 3554 κο)⁹
2449 3499 2681 3572 μάλιστα
2719 3499 2829 3555 τῶν
2855 3500 3027 3569 ἁγίων
3062 3500 3378 3573 μαρτύρων,
3410 3500 3636 3570 φιλοῦσι

2051 3596 2148 3667 μὲν
2191 3595 2417 3648 θάπτειν
2451 3595 2547 3648 καὶ
2585 3595 2949 3668 περιελίσσειν
2993 3595 3222 3660 ὀθονίοις
3244 3595 3341 3654 (9"
3383 3595 3459 3649 wh
3502 3595 3642 3668 κρύ-

1698 3709 1950 3768 VERSIO
1986 3711 2072 3767 Εν
2082 3713 2170 3769 AG
2180 3711 2290 3766 illi.

435 3819 524 3894 89.
560 3819 696 3894 Quis
720 3832 902 3880 autem
931 3823 1056 3878 finis
1099 3823 1224 3878 vita
1261 3822 1386 3894 ejus,
1423 3819 1604 3894 fuerit,
1623 3819 1858 3894 dignum
1887 3823 1990 3879 ‘est
2015 3831 2070 3880 et
2115 3838 2203 3878 me
2232 3837 2688 3894 commemorare,
2721 3831 2776 3880 et
2799 3837 2899 3880 vos
2925 3839 3050 3880 cum
3075 3823 3347 3880 desiderio
3387 3825 3584 3884 audire
3613 3846 3632 3886 :

363 3893 494 3961 quia
527 3900 581 3946 et
615 3893 718 3949 hoc
739 3895 794 3950 in
822 3909 889 3964 eo
917 3893 1179 3950 imitabile
1209 3889 1422 3964 cunctis
1445 3892 1584 3964 fuit.
1617 3889 1780 3964 Juxta
1821 3894 2271 3949 consuetudinem
2305 3895 2373 3948 ad
2407 3889 2896 3950 visendos'fratres
2923 3895 3019 3964 qui
3059 3895 3114 3948 in
3141 3894 3399 3950 exteriori
3428 3910 3625 3954 monte

363 3971 541 4035 erant,
573 3964 741 4035 venit,
775 3963 960 4034 ibique
1005 3979 1036 4018 a
1066 3964 1250 4020 divina
1273 3962 1609 4035 providentia
1637 3963 1704 4018 de
1729 3977 1840 4035 sua
1863 3973 2038 4035 morte
2059 3964 2406 4035 condiscens,
2442 3964 2514 4018 ita
2542 3979 2774 4021 exorsus
2799 3973 2885 4019 est
2913 3962 2956 4018 ε’
2977 3963 3262 4027 Ultimam,
3311 3966 3488 4032 filioli,
3525 3983 3631 4035 pa-

364 4031 467 4086 tris
489 4031 672 4087 audite
695 4031 1017 4090 senteiitiam
1044 4051 1060 4088 :
1089 4049 1198 4089 non
1232 4031 1378 4088 enim
1409 4033 1666 4099 arbitror,
1697 4032 1843 4102 quod
1889 4033 1946 4088 in
1975 4034 2078 4090 hoc
2104 4034 2302 4104 satculo
2350 4035 2553 4096 iterum
2597 4050 2698 4089 nos
2752 4035 2922 4090 visuri
2959 4035 3153 4090 simus.
3190 4036 3350 4104 Cogit
3380 4031 3635 4094 conditio

367 4109 598 4165 naturae,
633 4112 692 4159 ut
718 4113 839 4174 post
873 4105 1246 4159 centenarium
1303 4117 1616 4164 numerum,
1663 4117 1824 4225 quem
1874 4105 2035 4159 annis
2091 4103 2337 4174 quinque
2387 4104 2789 4174 supergredior,
2819 4105 2935 4174 jam
2967 4106 3231 4159 resolvar.
3267 4103 3344 4160 lita
3381 4105 3630 4176 locutus,

367 4171 700 4225 audientium
731 4182 946 4225 nectora
979 4173 1362 4225 contristavit:
1400 4172 1632 4225 tremitus
1699 4187 2041 4225 acrvmazuue
2074 4173 2219 4225 dicta
2277 4175 2568 4225 maerentia
2613 4183 2924 4225 consecutae
2969 4182 3120 4225 sunt.
3157 4175 3630 4225 Amnlexabamnr

364 4171 700 4228 audientium
720 4171 946 4243 'pectora
979 4173 1362 4230 contristavit:
1400 4172 1632 4243 gemitus

1699 4173 2219 4245 acrymagqueddicta
2248 4173 2575 4245 ’mmrentia’
2613 4173 2924 4245 consecutae
2969 4182 3120 4228 sunt.
3157 4173 3634 4245 Amplexnbantur

363 4255 496 4315 eum
517 4242 778 4315 universi,
825 4243 984 4312 quasi
1021 4243 1134 4313 jam
1169 4243 1237 4297 de
1269 4242 1869 4315 saeculoarecessuruin,
1904 4242 1976 4297 At
2017 4243 2130 4310 ille,
2155 4253 2416 4315 tanquam
2441 4244 2620 4315 aliena
2650 4243 2930 4315 deserens,
2963 4246 3029 4298 ad
3072 4242 3351 4314 propriam
3390 4247 3631 4315 patriam

363 4312 800 4381 protlcisceretur
827 4315 960 4384 (10),
990 4312 1184 4384 magna
1230 4328 1354 4367 cum
1386 4312 1972 4384 laetitiaﬂpraacipiebat,
2012 4312 2287 4384 desidiam
2325 4313 2575 4368 instituto
2611 4329 2719 4367 non
2756 4313 2956 4368 debere
3004 4312 3340 4384 subrepere;
3370 4312 3467 4370 sed
3505 4326 3635 4371 tan-

364 4396 530 4450 quam
563 4385 804 4450 quotidie
841 4383 1156 4450 inoriturOs,
1190 4390 1252 4437 ut
1285 4390 1412 4437 ante
1445 4383 1789 4451 praedixerat,
1837 4399 1866 4437 a
1898 4383 2136 4438 sordidis
2177 4399 2242 4438 co
2282 4384 2608 4442 itationibus
2656 4384 2898 4437 animam
2959 4383 3274 4450 custodire,
3305 4393 3361 4439 et
3403 4400 3631 4443 omnem

365 4451 764 4523 aemulationem
801 4453 868 4508 ad
898 4461 1118 4508 sanctos
1148 4467 1396 4523 quosque
1421 4461 1735 4508 convertere
1769 4469 1783 4506 :
1820 4454 1886 4508 ad
1911 4452 2225 4508 Meletianos
2247 4401 2364 4523 ﬁll)
2390 4469 2521 4506 vero
2554 4454 2936 4508 schismaticos
2965 4469 3033 4507 ne
3062 4469 3229 4523 prope
3256 4456 3479 4523 quidem
3531 4471 3631 4512 ac-

365 4451 764 4524 temulationem
801 4453 868 4508 ad
898 4461 1118 4524 sanctos
1148 4467 1396 4524 quosque
1421 4461 1735 4524 convertere
1769 4469 1783 4506 :
1820 4454 1886 4508 ad
1911 4452 2225 4524 Meletianos

2275 4453 2364 4521 ll)
2390 4469 2521 4506 vero
2554 4454 2936 4535 schismaticos
2965 4469 3033 4507 ne
3062 4469 3229 4535 prope
3256 4456 3479 4535 quidem
3526 4471 3631 4535 _ac_-

364 4520 580 4593 cedere.
619 4521 781 4578 Scitis
814 4524 980 4588 enim,
1011 4520 1206 4587 aiebat,
1230 4520 1420 4578 eorum
1452 4523 1730 4593 antiquam
1755 4523 2164 4593 perversitatem
2203 4541 2215 4576 :
2244 4520 2420 4592 neque
2463 4538 2588 4576 cum
2634 4523 2854 4578 Arianis
2886 4520 3627 4593 comniunione'jungamini,

365 4590 496 4659 quia
528 4592 777 4662 impietas
813 4609 1002 4648 eorum
1045 4593 1156 4662 jam
1190 4593 1446 4648 omnibus
1475 4590 1767 4646 manifesta
1784 4603 1884 4648 est.
1920 4592 2014 4649 His
2043 4594 2207 4648 etiam
2259 4590 2392 4646 illud
2439 4593 2689 4658 addebat,
2723 4594 2934 4646 nullum
2964 4594 3161 4648 debere
3184 4590 3565 4650 Christianum
3608 4590 3624 4661 ζ

366 4675 493 4734 cum
520 4663 702 4718 saeculi
732 4663 927 4718 viderit
968 4672 1261 4733 potestates
1293 4678 1391 4733 pro
1413 4663 1752 4734 Arianorum
1776 4673 1827 4716 et
1858 4663 2290 4734 ,Meletianorum
2333 4677 2574 4734 pugnare
2599 4663 2842 4734 nequitia
2869 4702 2884 4726 ,
2919 4679 2950 4717 a
2987 4663 3191 4718 Christi
3229 4665 3482 4718 territum
3512 4665 3632 4722 dis-

364 4731 559 4803 cedere
603 4735 830 4788 veritate
866 4751 880 4787 :
943 4731 1255 4787 mortalium
1299 4731 1456 4787 illam
1495 4747 1620 4803 esse
1659 4731 2058 4794 defensionem,
2109 4748 2210 4786 nec
2238 4731 2343 4786 diu
2383 4732 2629 4803 fallacem
2678 4731 3000 4803 permanere
3051 4749 3214 4803 posse
3245 4735 3625 4802 phantasiam.

366 4797 726 4874 Quapropter,
756 4803 959 4874 aiebat,
991 4803 1344 4858 custodienda
1373 4811 1456 4874 est
1481 4803 1575 4874 pia
1590 4801 1730 4874 fides
1765 4803 1818 4854 in
1849 4803 2092 4874 Christo,
2116 4811 2170 4857 et
2189 4803 2411 4857 Patrum
2461 4797 2716 4873 religiosa
2748 4803 2988 4868 traditio,
3030 4797 3194 4873 quain
3222 4797 3276 4858 et
3304 4804 3626 4874 Scriptura-

365 4883 495 4942 rumi
516 4872 747 4942 lectione
778 4883 833 4928 et
857 4873 1048 4928 crebro
1072 4889 1206 4927 mea:
1239 4873 1522 4942 parvitatis
1547 4873 1822 4926 didicistis
1849 4873 2157 4928 admonitu.

437 4940 746 5012 90._Finito
781 4957 1049 5008 sermone,
1090 4940 1283 4998 fratres
1315 4958 1438 4997 eum
1469 4943 1945 4998 vehementissime
1984 4943 2354 5007 retardabant,
2389 4942 2630 5011 glorioso
2663 4943 2833 5012 patris
2861 4943 3143 5012 cupientes
3183 4943 3422 5012 termino
3449 4945 3625 5001 deco-

365 5011 498 5064 rari.
532 5010 636 5084 Sed
671 5013 870 5068 multas
901 5014 975 5084 ob,
994 5028 1210 5084 causas,
1239 5028 1392 5084 quas,
1420 5021 1474 5066 et
1503 5012 1719 5084 silentio
1759 5013 2189 5078 demonstrabat,
2223 5010 2496 5082 praacipue
2521 5010 2702 5084 tamen
2735 5015 2806 5066 ob
2828 5010 3214 5082 praesumptam
3241 5011 3462 5084 Egypti
3488 5030 3625 5070 con-

365 5083 705 5163 suetudinem
734 5082 1083 5138 contradixit.
1113 5082 1228 5138 Mos
1255 5081 1454 5138 etenim
1479 5081 1752 5205 Egrvptiis
1777 5093 1888 5162 est,
1916 5083 2178 5136 nobilium
2208 5093 2260 5136 et
2286 5086 2554 5152 praecipue
2582 5081 2870 5136 beatorum
2899 5091 3197 5152 martyrum
3240 5081 3475 5153 corpora
3515 5085 3594 5138 lin

365 5159 602 5205 teamine
620 5153 838 5205 quidem
859 5153 1166 5205 obvolvere.
1205 5163 1259 5205 et
1295 5154 1534 5205 studium
1603 5168 1754 5205 unen
1791 5154 2011 5205 solitum
2050 5169 2158 5205 non
2191 5167 2389 5205 negare
2417 5168 2432 5205 :
2467 5161 2614 5205 terra
2642 5167 2769 5205 vero
2794 5167 2905 5205 non
2927 5153 3288 5205 abscondere.
3319 5153 3419 5205 sed
3450 5169 3588 5205 sum:

365 5153 602 5207 teamine
620 5153 838 5224 quidem
859 5153 1166 5219 obvolvere,
1205 5163 1259 5209 et
1295 5154 1534 5209 studium

436 5272 512 5343 (6)
538 5275 619 5344 Ita
647 5273 869 5344 quidam
906 5274 1284 5344 manuscripti.
1319 5273 1462 5326 Editi
1485 5312 1500 5336 ,
1538 5270 1744 5344 μαθών.
1772 5271 1926 5344 infra

1603 5153 1754 5206 uneri
1791 5154 2011 5206 solitum
2050 5169 2158 5208 non
2191 5167 2389 5222 negare
2417 5168 2432 5217 ;
2467 5161 2614 5207 terra
2642 5167 2769 5208 vero
2794 5167 2905 5207 non
2927 5153 3288 5220 abscondere,
3319 5153 3419 5208 sed
3450 5169 3623 5225 super

2094 5272 2172 5344 (9)
2223 5271 2316 5326 Sic
2351 5286 2545 5327 omnes
2600 5272 2982 5343 manuscripti.
3029 5271 3175 5327 Editi
3213 5285 3389 5342 vero,
3429 5272 3612 5327 ὀθονί-

363 5351 487 5422 post
518 5343 784 5422 ἀδελφοῖς,
815 5344 968 5399 deest
1000 5343 1199 5422 λέγων
1219 5345 1275 5399 in
1320 5345 1480 5399 editis
1506 5361 1519 5396 :
1567 5343 1663 5398 sed
1696 5343 1928 5398 habetur

2096 5343 2163 5405 ις.

364 5414 420 5465 in
456 5414 782 5485 quibusdam
817 5416 1223 5485 manuscriptis.

437 5482 513 5554 (7)
545 5482 636 5538 Sic
658 5486 1010 5554 manuscripti
1045 5482 1255 5541 omnes.
1288 5486 1347 5537 in
1371 5483 1532 5538 editis
1563 5484 1620 5536 ἐν
1644 5483 1814 5554 deest.

436 5551 512 5621 (8)
553 5554 898 5609 Colbertinus
925 5551 1195 5611 secundus
1234 5554 1595 5618 Μελιτιανοίς.
1631 5553 1775 5608 lnfra
1805 5570 1923 5607 κοι·

2099 5412 2210 5482 (10)
2236 5413 2314 5466 ita
2361 5412 2583 5483 quidam
2628 5412 2989 5484 mauuscri‘pti
3025 5423 3190 5469 recte.
3239 5412 3404 5481 Editi,
3437 5411 3618 5483 profc-

2024 5490 2228 5539 cturus.

2095 5553 2206 5624 (ll)
2247 5550 2601 5624 illanuscripti
2637 5552 3130 5624 quidamihabent,
3171 5553 3477 5608 Militianos
3504 5593 3524 5621 ,
3553 5561 3612 5614 et

364 5623 558 5676 νωνίαν
589 5625 771 5677 deerat
811 5625 862 5676 in
905 5627 1063 5689 editis
1145 5628 1240 5683 sed
1290 5625 1520 5682 habetur
1558 5629 1613 5680 in
1657 5625 1923 5694 omnibus
2024 5621 2194 5690 infra,
2232 5621 2619 5678 Militianor’um
2636 5621 2800 5693 ;'alii,
2834 5623 3253 5680 Miletianorum.

365 5709 501 5762 pene
531 5696 935 5764 inanuscriptis.
