  <div class='ocr_page' id='page_1' title='image "/cluster/home/n/w/nwhite01/storage/ocr_20150623/26/nnc1.0046978577/500.png"; bbox 0 0 3810 6228; ppageno 0'>
   <div class='ocr_carea' id='block_1_1' title="bbox 103 325 210 372">
    <p class='ocr_par' dir='ltr' id='par_1_1' title="bbox 103 325 210 372">
     <span class='ocr_line' id='line_1_1' title="bbox 103 325 210 372; baseline 0.009 -1"><span class='ocrx_word' id='word_1_1' title='bbox 103 325 210 372; x_wconf 69' lang='lat'><strong>969</strong></span> 
     </span>
    </p>
   </div>
   <div class='ocr_carea' id='block_1_2' title="bbox 1439 312 2042 366">
    <p class='ocr_par' dir='ltr' id='par_1_2' title="bbox 1439 312 2042 366">
     <span class='ocr_line' id='line_1_2' title="bbox 1439 312 2042 366; baseline -0.005 0"><span class='ocrx_word' id='word_1_2' title='bbox 1439 315 1598 366; x_wconf 57' lang='lat' dir='ltr'><strong>Vl&#39;l‘A</strong></span> <span class='ocrx_word' id='word_1_3' title='bbox 1639 314 1699 366; x_wconf 82' lang='lat' dir='ltr'><strong>S.</strong></span> <span class='ocrx_word' id='word_1_4' title='bbox 1740 312 2042 366; x_wconf 68' lang='grc' dir='ltr'><strong>ΔΝΤΟΝΙΙ.</strong></span> 
     </span>
    </p>
   </div>
   <div class='ocr_carea' id='block_1_3' title="bbox 3250 314 3360 368">
    <p class='ocr_par' dir='ltr' id='par_1_3' title="bbox 3250 314 3360 368">
     <span class='ocr_line' id='line_1_3' title="bbox 3250 314 3360 368; baseline 0 -1"><span class='ocrx_word' id='word_1_5' title='bbox 3250 314 3360 368; x_wconf 79' lang='grc' dir='ltr'>9ῒο</span> 
     </span>
    </p>
   </div>
   <div class='ocr_carea' id='block_1_4' title="bbox 102 421 1703 499">
    <p class='ocr_par' dir='ltr' id='par_1_4' title="bbox 102 425 1703 499">
     <span class='ocr_line' id='line_1_4' title="bbox 102 425 1703 499; baseline -0.003 -15"><span class='ocrx_word' id='word_1_6' title='bbox 102 446 262 485; x_wconf 83' lang='grc' dir='ltr'>πτειν</span> <span class='ocrx_word' id='word_1_7' title='bbox 288 429 349 482; x_wconf 79' lang='grc' dir='ltr'>δὲ</span> <span class='ocrx_word' id='word_1_8' title='bbox 384 429 503 482; x_wconf 72' lang='grc' dir='ltr'><strong>ὑπὸ</strong></span> <span class='ocrx_word' id='word_1_9' title='bbox 543 428 663 499; x_wconf 81' lang='grc' dir='ltr'>γῆν,</span> <span class='ocrx_word' id='word_1_10' title='bbox 696 426 809 481; x_wconf 77' lang='grc' dir='ltr'>ἀλλ’</span> <span class='ocrx_word' id='word_1_11' title='bbox 840 427 935 480; x_wconf 68' lang='grc' dir='ltr'><strong>ἐπὶ</strong></span> <span class='ocrx_word' id='word_1_12' title='bbox 965 425 1303 498; x_wconf 85' lang='grc' dir='ltr'>σκιμποδίων</span> <span class='ocrx_word' id='word_1_13' title='bbox 1340 425 1570 490; x_wconf 80' lang='grc' dir='ltr'><strong>τιθέναι,</strong></span> <span class='ocrx_word' id='word_1_14' title='bbox 1610 427 1703 479; x_wconf 74' lang='grc' dir='ltr'>καὶ</span> 
     </span>
    </p>
   </div>
   <div class='ocr_carea' id='block_1_5' title="bbox 1809 421 3373 499">
    <p class='ocr_par' dir='ltr' id='par_1_5' title="bbox 1809 421 3373 492">
     <span class='ocr_line' id='line_1_5' title="bbox 1809 421 3373 492; baseline 0.001 -13"><span class='ocrx_word' id='word_1_15' title='bbox 1809 425 2102 490; x_wconf 81' lang='lat' dir='ltr'><strong>involvere,</strong></span> <span class='ocrx_word' id='word_1_16' title='bbox 2143 438 2245 478; x_wconf 89' lang='lat' dir='ltr'><strong>nec</strong></span> <span class='ocrx_word' id='word_1_17' title='bbox 2291 432 2471 477; x_wconf 88' lang='lat' dir='ltr'><strong>tamen</strong></span> <span class='ocrx_word' id='word_1_18' title='bbox 2521 421 2624 476; x_wconf 84' lang='lat' dir='ltr'><strong>sub</strong></span> <span class='ocrx_word' id='word_1_19' title='bbox 2664 430 2864 478; x_wconf 85' lang='lat' dir='ltr'><strong>terram</strong></span> <span class='ocrx_word' id='word_1_20' title='bbox 2911 423 3226 492; x_wconf 87' lang='lat' dir='ltr'><strong>occultare;</strong></span> <span class='ocrx_word' id='word_1_21' title='bbox 3278 426 3373 480; x_wconf 88' lang='lat' dir='ltr'><strong>sed</strong></span> 
     </span>
    </p>
   </div>
   <div class='ocr_carea' id='block_1_6' title="bbox 103 515 1703 593">
    <p class='ocr_par' dir='ltr' id='par_1_6' title="bbox 103 515 1703 593">
     <span class='ocr_line' id='line_1_6' title="bbox 103 515 1703 593; baseline -0.006 -16"><span class='ocrx_word' id='word_1_22' title='bbox 103 524 408 593; x_wconf 74' lang='grc' dir='ltr'><strong>φυλάττειν</strong></span> <span class='ocrx_word' id='word_1_23' title='bbox 444 521 600 575; x_wconf 71' lang='grc' dir='ltr'>ἔνδον</span> <span class='ocrx_word' id='word_1_24' title='bbox 629 523 758 591; x_wconf 76' lang='grc' dir='ltr'>παρ’</span> <span class='ocrx_word' id='word_1_25' title='bbox 805 521 1048 582; x_wconf 81' lang='grc' dir='ltr'>ὲαυτοῖς’</span> <span class='ocrx_word' id='word_1_26' title='bbox 1082 517 1391 590; x_wconf 78' lang='grc' dir='ltr'>νομίζοντες</span> <span class='ocrx_word' id='word_1_27' title='bbox 1431 521 1489 570; x_wconf 80' lang='grc' dir='ltr'><strong>έν</strong></span> <span class='ocrx_word' id='word_1_28' title='bbox 1527 515 1703 587; x_wconf 85' lang='grc' dir='ltr'>τούτῳ</span> 
     </span>
    </p>
   </div>
   <div class='ocr_carea' id='block_1_7' title="bbox 102 608 1702 686">
    <p class='ocr_par' dir='ltr' id='par_1_7' title="bbox 102 608 1702 686">
     <span class='ocr_line' id='line_1_7' title="bbox 102 608 1702 686; baseline -0.004 -19"><span class='ocrx_word' id='word_1_29' title='bbox 102 616 272 686; x_wconf 72' lang='grc' dir='ltr'>τιιμᾷν</span> <span class='ocrx_word' id='word_1_30' title='bbox 304 615 444 676; x_wconf 80' lang='grc' dir='ltr'>τοὺς</span> <span class='ocrx_word' id='word_1_31' title='bbox 489 611 846 674; x_wconf 82' lang='grc' dir='ltr'>ἀπελθόντας.</span> <span class='ocrx_word' id='word_1_32' title='bbox 904 612 961 665; x_wconf 84' lang='lat'><strong>&#39;0</strong></span> <span class='ocrx_word' id='word_1_33' title='bbox 1003 611 1060 664; x_wconf 84' lang='grc' dir='ltr'>δὲ</span> <span class='ocrx_word' id='word_1_34' title='bbox 1123 610 1404 674; x_wconf 85' lang='grc' dir='ltr'>Ἀντώνιος</span> <span class='ocrx_word' id='word_1_35' title='bbox 1443 608 1702 672; x_wconf 79' lang='grc' dir='ltr'><strong>πολλάκις</strong></span> 
     </span>
    </p>
   </div>
   <div class='ocr_carea' id='block_1_8' title="bbox 106 702 1704 778">
    <p class='ocr_par' dir='ltr' id='par_1_8' title="bbox 106 702 1704 778">
     <span class='ocr_line' id='line_1_8' title="bbox 106 702 1704 778; baseline -0.003 -17"><span class='ocrx_word' id='word_1_36' title='bbox 106 709 236 778; x_wconf 73' lang='grc' dir='ltr'>περὶ</span> <span class='ocrx_word' id='word_1_37' title='bbox 253 705 462 760; x_wconf 87' lang='grc' dir='ltr'>τούτου</span> <span class='ocrx_word' id='word_1_38' title='bbox 496 706 592 759; x_wconf 75' lang='grc' dir='ltr'>καὶ</span> <span class='ocrx_word' id='word_1_39' title='bbox 625 704 954 768; x_wconf 79' lang='grc' dir='ltr'><strong>ἐπισκόπους</strong></span> <span class='ocrx_word' id='word_1_40' title='bbox 984 702 1137 773; x_wconf 75' lang='grc' dir='ltr'>ἠξίου</span> <span class='ocrx_word' id='word_1_41' title='bbox 1159 703 1557 775; x_wconf 78' lang='grc' dir='ltr'><strong>παραγγέλλειν</strong></span> <span class='ocrx_word' id='word_1_42' title='bbox 1589 707 1704 769; x_wconf 88' lang='grc' dir='ltr'>τοῖς</span> 
     </span>
    </p>
   </div>
   <div class='ocr_carea' id='block_1_9' title="bbox 105 791 1708 864">
    <p class='ocr_par' dir='ltr' id='par_1_9' title="bbox 105 791 1708 864">
     <span class='ocr_line' id='line_1_9' title="bbox 105 791 1708 864; baseline 0.002 -19"><span class='ocrx_word' id='word_1_43' title='bbox 105 794 254 857; x_wconf 85' lang='grc' dir='ltr'>λαοῖς</span> <span class='ocrx_word' id='word_1_44' title='bbox 275 809 291 824; x_wconf 75' lang='grc' dir='ltr'><strong>ο</strong></span> <span class='ocrx_word' id='word_1_45' title='bbox 312 793 536 864; x_wconf 84' lang='grc' dir='ltr'>ὁμοίως</span> <span class='ocrx_word' id='word_1_46' title='bbox 576 793 633 845; x_wconf 83' lang='grc' dir='ltr'>δὲ</span> <span class='ocrx_word' id='word_1_47' title='bbox 664 793 760 847; x_wconf 72' lang='grc' dir='ltr'>καὶ</span> <span class='ocrx_word' id='word_1_48' title='bbox 787 791 1010 854; x_wconf 86' lang='grc' dir='ltr'>λαῖκοὺς</span> <span class='ocrx_word' id='word_1_49' title='bbox 1039 791 1316 864; x_wconf 82' lang='grc' dir='ltr'>ὲνέτρεπε,</span> <span class='ocrx_word' id='word_1_50' title='bbox 1348 795 1441 848; x_wconf 80' lang='grc' dir='ltr'>καὶ</span> <span class='ocrx_word' id='word_1_51' title='bbox 1463 793 1708 863; x_wconf 74' lang='grc' dir='ltr'>γυναιξὶν</span> 
     </span>
    </p>
   </div>
   <div class='ocr_carea' id='block_1_10' title="bbox 107 885 1708 958">
    <p class='ocr_par' dir='ltr' id='par_1_10' title="bbox 107 885 1708 958">
     <span class='ocr_line' id='line_1_10' title="bbox 107 885 1708 958; baseline 0.002 -20"><span class='ocrx_word' id='word_1_52' title='bbox 107 885 448 958; x_wconf 67' lang='grc' dir='ltr'>ἐπέπληττε,</span> <span class='ocrx_word' id='word_1_53' title='bbox 491 885 690 954; x_wconf 86' lang='grc' dir='ltr'>λέγων,</span> <span class='ocrx_word' id='word_1_54' title='bbox 730 885 869 956; x_wconf 84' lang='grc' dir='ltr'>μήτε</span> <span class='ocrx_word' id='word_1_55' title='bbox 914 885 1164 956; x_wconf 83' lang='grc' dir='ltr'>νόμιμον,</span> <span class='ocrx_word' id='word_1_56' title='bbox 1214 887 1351 957; x_wconf 87' lang='grc' dir='ltr'>μήτε</span> <span class='ocrx_word' id='word_1_57' title='bbox 1383 886 1520 950; x_wconf 83' lang='grc' dir='ltr'>ὅλως</span> <span class='ocrx_word' id='word_1_58' title='bbox 1561 888 1708 942; x_wconf 83' lang='grc' dir='ltr'>ὅσιον</span> 
     </span>
    </p>
   </div>
   <div class='ocr_carea' id='block_1_11' title="bbox 107 976 1706 1051">
    <p class='ocr_par' dir='ltr' id='par_1_11' title="bbox 107 976 1706 1051">
     <span class='ocr_line' id='line_1_11' title="bbox 107 976 1706 1051; baseline 0.002 -19"><span class='ocrx_word' id='word_1_59' title='bbox 107 976 242 1032; x_wconf 82' lang='grc' dir='ltr'>εἶναι</span> <span class='ocrx_word' id='word_1_60' title='bbox 273 978 463 1032; x_wconf 77' lang='grc' dir='ltr'>τοῦτο.</span> <span class='ocrx_word' id='word_1_61' title='bbox 493 980 604 1032; x_wconf 76' lang='grc' dir='ltr'><strong>Καὶ</strong></span> <span class='ocrx_word' id='word_1_62' title='bbox 627 977 736 1051; x_wconf 85' lang='grc' dir='ltr'><strong>γὰρ</strong></span> <span class='ocrx_word' id='word_1_63' title='bbox 761 978 829 1032; x_wconf 87' lang='grc' dir='ltr'><strong>τὰ</strong></span> <span class='ocrx_word' id='word_1_64' title='bbox 853 979 960 1032; x_wconf 80' lang='grc' dir='ltr'>τῶν</span> <span class='ocrx_word' id='word_1_65' title='bbox 998 979 1352 1050; x_wconf 82' lang='grc' dir='ltr'>πατριαρχῶν</span> <span class='ocrx_word' id='word_1_66' title='bbox 1381 979 1477 1033; x_wconf 77' lang='grc' dir='ltr'>καὶ</span> <span class='ocrx_word' id='word_1_67' title='bbox 1501 980 1570 1034; x_wconf 82' lang='grc' dir='ltr'><strong>τὰ</strong></span> <span class='ocrx_word' id='word_1_68' title='bbox 1597 981 1706 1034; x_wconf 84' lang='grc' dir='ltr'><strong>τῶν</strong></span> 
     </span>
    </p>
   </div>
   <div class='ocr_carea' id='block_1_12' title="bbox 109 1067 1701 1142">
    <p class='ocr_par' dir='ltr' id='par_1_12' title="bbox 109 1067 1701 1142">
     <span class='ocr_line' id='line_1_12' title="bbox 109 1067 1701 1142; baseline 0.003 -21"><span class='ocrx_word' id='word_1_69' title='bbox 109 1069 416 1141; x_wconf 76' lang='grc' dir='ltr'>προφητῶν</span> <span class='ocrx_word' id='word_1_70' title='bbox 450 1067 686 1139; x_wconf 80' lang='grc' dir='ltr'>σώματα</span> <span class='ocrx_word' id='word_1_71' title='bbox 718 1069 880 1140; x_wconf 86' lang='grc' dir='ltr'>μέχρι</span> <span class='ocrx_word' id='word_1_72' title='bbox 909 1068 1004 1122; x_wconf 80' lang='grc' dir='ltr'><strong>νῦν</strong></span> <span class='ocrx_word' id='word_1_73' title='bbox 1033 1067 1264 1134; x_wconf 80' lang='grc' dir='ltr'>σώζεται</span> <span class='ocrx_word' id='word_1_74' title='bbox 1294 1071 1373 1134; x_wconf 83' lang='grc' dir='ltr'>είς</span> <span class='ocrx_word' id='word_1_75' title='bbox 1423 1072 1701 1142; x_wconf 84' lang='grc' dir='ltr'>μνήματα·</span> 
     </span>
    </p>
   </div>
   <div class='ocr_carea' id='block_1_13' title="bbox 109 1161 1702 1235">
    <p class='ocr_par' dir='ltr' id='par_1_13' title="bbox 109 1161 1702 1235">
     <span class='ocr_line' id='line_1_13' title="bbox 109 1161 1702 1235; baseline 0.001 -20"><span class='ocrx_word' id='word_1_76' title='bbox 109 1163 201 1215; x_wconf 78' lang='grc' dir='ltr'>καὶ</span> <span class='ocrx_word' id='word_1_77' title='bbox 229 1161 370 1214; x_wconf 79' lang='grc' dir='ltr'>αὐτὸ</span> <span class='ocrx_word' id='word_1_78' title='bbox 401 1162 463 1215; x_wconf 78' lang='grc' dir='ltr'>δὲ</span> <span class='ocrx_word' id='word_1_79' title='bbox 493 1162 558 1214; x_wconf 75' lang='grc' dir='ltr'>τὸ</span> <span class='ocrx_word' id='word_1_80' title='bbox 579 1161 674 1214; x_wconf 81' lang='grc' dir='ltr'>τοῦ</span> <span class='ocrx_word' id='word_1_81' title='bbox 704 1161 910 1233; x_wconf 82' lang='grc' dir='ltr'>Κυρίου</span> <span class='ocrx_word' id='word_1_82' title='bbox 935 1161 1096 1232; x_wconf 82' lang='grc' dir='ltr'>σῶμα</span> <span class='ocrx_word' id='word_1_83' title='bbox 1119 1163 1197 1225; x_wconf 88' lang='grc' dir='ltr'><strong>είς</strong></span> <span class='ocrx_word' id='word_1_84' title='bbox 1228 1165 1488 1234; x_wconf 86' lang='grc' dir='ltr'>μνημεῖον</span> <span class='ocrx_word' id='word_1_85' title='bbox 1510 1164 1666 1235; x_wconf 81' lang='grc' dir='ltr'><strong>ἐτέθη</strong></span> <span class='ocrx_word' id='word_1_86' title='bbox 1686 1204 1702 1229; x_wconf 86' lang='grc'><em>,</em></span> 
     </span>
    </p>
   </div>
   <div class='ocr_carea' id='block_1_14' title="bbox 110 1248 1708 1324">
    <p class='ocr_par' dir='ltr' id='par_1_14' title="bbox 110 1248 1708 1324">
     <span class='ocr_line' id='line_1_14' title="bbox 110 1248 1708 1324; baseline 0.003 -23"><span class='ocrx_word' id='word_1_87' title='bbox 110 1249 252 1313; x_wconf 85' lang='grc' dir='ltr'>λίθος</span> <span class='ocrx_word' id='word_1_88' title='bbox 283 1267 347 1302; x_wconf 85' lang='grc' dir='ltr'><strong>τε</strong></span> <span class='ocrx_word' id='word_1_89' title='bbox 392 1249 677 1312; x_wconf 75' lang='grc' dir='ltr'><strong>ἐπιτεθεὶς</strong></span> <span class='ocrx_word' id='word_1_90' title='bbox 720 1248 958 1323; x_wconf 68' lang='grc' dir='ltr'>ἔκρυψεν</span> <span class='ocrx_word' id='word_1_91' title='bbox 993 1250 1158 1316; x_wconf 82' lang='grc' dir='ltr'>αὐτὸ,</span> <span class='ocrx_word' id='word_1_92' title='bbox 1206 1251 1309 1314; x_wconf 75' lang='grc' dir='ltr'>ἕως</span> <span class='ocrx_word' id='word_1_93' title='bbox 1349 1251 1547 1324; x_wconf 81' lang='grc' dir='ltr'><strong>ἀνέστη</strong></span> <span class='ocrx_word' id='word_1_94' title='bbox 1597 1270 1708 1324; x_wconf 83' lang='grc' dir='ltr'>τρι-</span> 
     </span>
    </p>
   </div>
   <div class='ocr_carea' id='block_1_15' title="bbox 111 1341 1706 1416">
    <p class='ocr_par' dir='ltr' id='par_1_15' title="bbox 111 1341 1706 1416">
     <span class='ocr_line' id='line_1_15' title="bbox 111 1341 1706 1416; baseline 0.001 -22"><span class='ocrx_word' id='word_1_95' title='bbox 111 1342 334 1412; x_wconf 85' lang='grc' dir='ltr'>ήμερον.</span> <span class='ocrx_word' id='word_1_96' title='bbox 370 1343 490 1395; x_wconf 75' lang='grc' dir='ltr'><strong>Καὶ</strong></span> <span class='ocrx_word' id='word_1_97' title='bbox 538 1341 711 1395; x_wconf 83' lang='grc' dir='ltr'>ταῦτα</span> <span class='ocrx_word' id='word_1_98' title='bbox 736 1341 942 1410; x_wconf 85' lang='grc' dir='ltr'>λέγων,</span> <span class='ocrx_word' id='word_1_99' title='bbox 970 1342 1208 1397; x_wconf 73' lang='grc' dir='ltr'>ἐδείκνυε</span> <span class='ocrx_word' id='word_1_100' title='bbox 1249 1348 1586 1416; x_wconf 83' lang='grc' dir='ltr'>παρανομεῖν</span> <span class='ocrx_word' id='word_1_101' title='bbox 1613 1345 1706 1397; x_wconf 81' lang='grc' dir='ltr'>τὸν</span> 
     </span>
    </p>
   </div>
   <div class='ocr_carea' id='block_1_16' title="bbox 116 1431 1707 1504">
    <p class='ocr_par' dir='ltr' id='par_1_16' title="bbox 116 1431 1707 1504">
     <span class='ocr_line' id='line_1_16' title="bbox 116 1431 1707 1504; baseline 0.002 -21"><span class='ocrx_word' id='word_1_102' title='bbox 116 1432 252 1501; x_wconf 79' lang='grc' dir='ltr'>μετὰ</span> <span class='ocrx_word' id='word_1_103' title='bbox 279 1432 526 1486; x_wconf 82' lang='grc' dir='ltr'>θάνατον</span> <span class='ocrx_word' id='word_1_104' title='bbox 559 1432 634 1504; x_wconf 84' lang='grc' dir='ltr'>μὴ</span> <span class='ocrx_word' id='word_1_105' title='bbox 674 1431 986 1503; x_wconf 81' lang='grc' dir='ltr'>κρύπτοντα</span> <span class='ocrx_word' id='word_1_106' title='bbox 1017 1432 1085 1485; x_wconf 82' lang='grc' dir='ltr'>τὰ</span> <span class='ocrx_word' id='word_1_107' title='bbox 1124 1432 1353 1504; x_wconf 80' lang='grc' dir='ltr'>σώματα</span> <span class='ocrx_word' id='word_1_108' title='bbox 1388 1433 1496 1486; x_wconf 80' lang='grc' dir='ltr'>τῶν</span> <span class='ocrx_word' id='word_1_109' title='bbox 1530 1434 1707 1486; x_wconf 87' lang='grc' dir='ltr'>τελευ-</span> 
     </span>
    </p>
   </div>
   <div class='ocr_carea' id='block_1_17' title="bbox 114 1521 1706 1596">
    <p class='ocr_par' dir='ltr' id='par_1_17' title="bbox 114 1521 1706 1596">
     <span class='ocr_line' id='line_1_17' title="bbox 114 1521 1706 1596; baseline 0.001 -20"><span class='ocrx_word' id='word_1_110' title='bbox 114 1521 355 1590; x_wconf 85' lang='grc' dir='ltr'>τώντων,</span> <span class='ocrx_word' id='word_1_111' title='bbox 392 1524 505 1577; x_wconf 77' lang='grc' dir='ltr'>κᾶν</span> <span class='ocrx_word' id='word_1_112' title='bbox 540 1525 672 1594; x_wconf 86' lang='grc' dir='ltr'>ἆγια</span> <span class='ocrx_word' id='word_1_113' title='bbox 700 1525 965 1596; x_wconf 85' lang='grc' dir='ltr'>τυγχάνῃ.</span> <span class='ocrx_word' id='word_1_114' title='bbox 1010 1524 1075 1577; x_wconf 89' lang='grc' dir='ltr'>Τί</span> <span class='ocrx_word' id='word_1_115' title='bbox 1126 1525 1235 1596; x_wconf 84' lang='grc' dir='ltr'><strong>γὰρ</strong></span> <span class='ocrx_word' id='word_1_116' title='bbox 1279 1526 1462 1596; x_wconf 77' lang='grc' dir='ltr'>μεῖζον</span> <span class='ocrx_word' id='word_1_117' title='bbox 1485 1525 1518 1596; x_wconf 80' lang='grc' dir='ltr'><strong>ἣ</strong></span> <span class='ocrx_word' id='word_1_118' title='bbox 1545 1524 1706 1594; x_wconf 80' lang='grc' dir='ltr'><strong>ἁγιώ-</strong></span> 
     </span>
    </p>
   </div>
   <div class='ocr_carea' id='block_1_18' title="bbox 113 1613 1706 1687">
    <p class='ocr_par' dir='ltr' id='par_1_18' title="bbox 113 1613 1706 1687">
     <span class='ocr_line' id='line_1_18' title="bbox 113 1613 1706 1687; baseline 0.001 -21"><span class='ocrx_word' id='word_1_119' title='bbox 113 1631 266 1686; x_wconf 84' lang='grc' dir='ltr'>τερον</span> <span class='ocrx_word' id='word_1_120' title='bbox 306 1614 406 1668; x_wconf 76' lang='grc' dir='ltr'><strong>τοῦ</strong></span> <span class='ocrx_word' id='word_1_121' title='bbox 437 1616 728 1687; x_wconf 83' lang='grc' dir='ltr'>Κυριακοῦ</span> <span class='ocrx_word' id='word_1_122' title='bbox 761 1615 1044 1687; x_wconf 85' lang='grc' dir='ltr'>σώματος;</span> <span class='ocrx_word' id='word_1_123' title='bbox 1080 1615 1273 1669; x_wconf 76' lang='grc' dir='ltr'>Πολλοὶ</span> <span class='ocrx_word' id='word_1_124' title='bbox 1298 1613 1413 1680; x_wconf 68' lang='grc' dir='ltr'>οὖν,</span> <span class='ocrx_word' id='word_1_125' title='bbox 1449 1615 1706 1669; x_wconf 85' lang='grc' dir='ltr'>ἀκούσαν-</span> 
     </span>
    </p>
   </div>
   <div class='ocr_carea' id='block_1_19' title="bbox 115 1708 1704 1782">
    <p class='ocr_par' dir='ltr' id='par_1_19' title="bbox 115 1708 1704 1782">
     <span class='ocr_line' id='line_1_19' title="bbox 115 1708 1704 1782; baseline 0.002 -23"><span class='ocrx_word' id='word_1_126' title='bbox 115 1725 224 1772; x_wconf 85' lang='grc' dir='ltr'>τες,</span> <span class='ocrx_word' id='word_1_127' title='bbox 255 1709 515 1780; x_wconf 77' lang='grc' dir='ltr'>ἔκρυψαν</span> <span class='ocrx_word' id='word_1_128' title='bbox 558 1709 662 1762; x_wconf 84' lang='grc' dir='ltr'><strong>ὑπὸ</strong></span> <span class='ocrx_word' id='word_1_129' title='bbox 694 1709 796 1779; x_wconf 84' lang='grc' dir='ltr'>γῆν</span> <span class='ocrx_word' id='word_1_130' title='bbox 839 1708 1043 1774; x_wconf 80' lang='grc' dir='ltr'>λοιπὸν,</span> <span class='ocrx_word' id='word_1_131' title='bbox 1081 1710 1176 1763; x_wconf 74' lang='grc' dir='ltr'>καὶ</span> <span class='ocrx_word' id='word_1_132' title='bbox 1219 1709 1582 1782; x_wconf 79' lang='grc' dir='ltr'>ηὐχαρίστουν</span> <span class='ocrx_word' id='word_1_133' title='bbox 1625 1708 1704 1780; x_wconf 83' lang='grc' dir='ltr'><strong>τῷ</strong></span> 
     </span>
    </p>
   </div>
   <div class='ocr_carea' id='block_1_20' title="bbox 116 1798 945 1869">
    <p class='ocr_par' dir='ltr' id='par_1_20' title="bbox 116 1798 945 1869">
     <span class='ocr_line' id='line_1_20' title="bbox 116 1798 945 1869; baseline 0.006 -20"><span class='ocrx_word' id='word_1_134' title='bbox 116 1798 323 1869; x_wconf 82' lang='grc' dir='ltr'><strong>Κυρίῳ,</strong></span> <span class='ocrx_word' id='word_1_135' title='bbox 349 1798 546 1862; x_wconf 85' lang='grc' dir='ltr'>καλῶς</span> <span class='ocrx_word' id='word_1_136' title='bbox 583 1798 945 1869; x_wconf 82' lang='grc' dir='ltr'>διδαχθέντες.</span> 
     </span>
    </p>
   </div>
   <div class='ocr_carea' id='block_1_21' title="bbox 188 1975 1703 2050">
    <p class='ocr_par' dir='ltr' id='par_1_21' title="bbox 188 1975 1703 2050">
     <span class='ocr_line' id='line_1_21' title="bbox 188 1975 1703 2050; baseline 0.002 -20"><span class='ocrx_word' id='word_1_137' title='bbox 188 1976 278 2031; x_wconf 83' lang='grc'><strong>91.</strong></span> <span class='ocrx_word' id='word_1_138' title='bbox 322 1977 508 2040; x_wconf 78' lang='grc' dir='ltr'>Αὐτὸς</span> <span class='ocrx_word' id='word_1_139' title='bbox 530 1976 608 2041; x_wconf 83' lang='grc' dir='ltr'><strong>δὲ,</strong></span> <span class='ocrx_word' id='word_1_140' title='bbox 639 1975 797 2030; x_wconf 80' lang='grc' dir='ltr'>τοῦτο</span> <span class='ocrx_word' id='word_1_141' title='bbox 821 1975 1124 2046; x_wconf 84' lang='grc' dir='ltr'>γινώσκων,</span> <span class='ocrx_word' id='word_1_142' title='bbox 1150 1978 1244 2031; x_wconf 75' lang='grc' dir='ltr'>καὶ</span> <span class='ocrx_word' id='word_1_143' title='bbox 1269 1977 1434 2046; x_wconf 79' lang='grc' dir='ltr'>φοϐού</span> <span class='ocrx_word' id='word_1_144' title='bbox 1443 1995 1599 2049; x_wconf 89' lang='grc' dir='ltr'>μενος</span> <span class='ocrx_word' id='word_1_145' title='bbox 1629 1978 1703 2050; x_wconf 83' lang='grc' dir='ltr'>μὴ</span> 
     </span>
    </p>
   </div>
   <div class='ocr_carea' id='block_1_22' title="bbox 126 2067 1706 2140">
    <p class='ocr_par' dir='ltr' id='par_1_22' title="bbox 126 2067 1706 2140">
     <span class='ocr_line' id='line_1_22' title="bbox 126 2067 1706 2140; baseline 0.003 -21"><span class='ocrx_word' id='word_1_146' title='bbox 126 2067 220 2120; x_wconf 73' lang='grc' dir='ltr'>καὶ</span> <span class='ocrx_word' id='word_1_147' title='bbox 257 2068 319 2120; x_wconf 87' lang='grc' dir='ltr'><strong>τὸ</strong></span> <span class='ocrx_word' id='word_1_148' title='bbox 361 2068 541 2122; x_wconf 84' lang='grc' dir='ltr'>αὐτοῦ</span> <span class='ocrx_word' id='word_1_149' title='bbox 573 2069 870 2138; x_wconf 75' lang='grc' dir='ltr'>ποιήσωσιν</span> <span class='ocrx_word' id='word_1_150' title='bbox 912 2067 1083 2132; x_wconf 75' lang='grc' dir='ltr'>οὕτως</span> <span class='ocrx_word' id='word_1_151' title='bbox 1116 2069 1295 2140; x_wconf 84' lang='grc' dir='ltr'>σῶμα,</span> <span class='ocrx_word' id='word_1_152' title='bbox 1327 2069 1547 2140; x_wconf 78' lang='grc' dir='ltr'>ἧπειξεν</span> <span class='ocrx_word' id='word_1_153' title='bbox 1586 2073 1706 2124; x_wconf 79' lang='grc' dir='ltr'>ἑαυ-</span> 
     </span>
    </p>
   </div>
   <div class='ocr_carea' id='block_1_23' title="bbox 120 2159 1699 2232">
    <p class='ocr_par' dir='ltr' id='par_1_23' title="bbox 120 2159 1699 2232">
     <span class='ocr_line' id='line_1_23' title="bbox 120 2159 1699 2232; baseline 0.002 -21"><span class='ocrx_word' id='word_1_154' title='bbox 120 2159 225 2225; x_wconf 81' lang='grc' dir='ltr'>τὸν,</span> <span class='ocrx_word' id='word_1_155' title='bbox 273 2159 690 2230; x_wconf 75' lang='grc' dir='ltr'>συνταξάμενος</span> <span class='ocrx_word' id='word_1_156' title='bbox 727 2163 841 2224; x_wconf 87' lang='grc' dir='ltr'>τοῖς</span> <span class='ocrx_word' id='word_1_157' title='bbox 887 2161 944 2212; x_wconf 80' lang='grc' dir='ltr'>ὲν</span> <span class='ocrx_word' id='word_1_158' title='bbox 996 2159 1072 2229; x_wconf 82' lang='grc' dir='ltr'>τῷ</span> <span class='ocrx_word' id='word_1_159' title='bbox 1118 2159 1222 2224; x_wconf 76' lang='grc' dir='ltr'><strong>ἔξω</strong></span> <span class='ocrx_word' id='word_1_160' title='bbox 1263 2161 1379 2231; x_wconf 73' lang='grc' dir='ltr'>ὄρει</span> <span class='ocrx_word' id='word_1_161' title='bbox 1413 2163 1699 2232; x_wconf 74' lang='grc' dir='ltr'>μοναχοῖςο</span> 
     </span>
    </p>
   </div>
   <div class='ocr_carea' id='block_1_24' title="bbox 123 2246 1703 2318">
    <p class='ocr_par' dir='ltr' id='par_1_24' title="bbox 123 2246 1703 2318">
     <span class='ocr_line' id='line_1_24' title="bbox 123 2246 1703 2318; baseline -0.001 -18"><span class='ocrx_word' id='word_1_162' title='bbox 123 2248 212 2300; x_wconf 78' lang='grc' dir='ltr'>καὶ</span> <span class='ocrx_word' id='word_1_163' title='bbox 235 2246 498 2300; x_wconf 76' lang='grc' dir='ltr'>εἰσελθὼν</span> <span class='ocrx_word' id='word_1_164' title='bbox 529 2249 610 2310; x_wconf 80' lang='grc' dir='ltr'><strong>εἰς</strong></span> <span class='ocrx_word' id='word_1_165' title='bbox 629 2250 690 2299; x_wconf 90' lang='grc' dir='ltr'>τὸ</span> <span class='ocrx_word' id='word_1_166' title='bbox 718 2246 861 2299; x_wconf 81' lang='grc' dir='ltr'>ἔνδον</span> <span class='ocrx_word' id='word_1_167' title='bbox 889 2246 1014 2318; x_wconf 80' lang='grc' dir='ltr'>ὅρος</span> <span class='ocrx_word' id='word_1_168' title='bbox 1043 2247 1176 2318; x_wconf 76' lang='grc'>(12),</span> <span class='ocrx_word' id='word_1_169' title='bbox 1210 2246 1338 2300; x_wconf 81' lang='grc' dir='ltr'>ἔνθα</span> <span class='ocrx_word' id='word_1_170' title='bbox 1382 2248 1476 2300; x_wconf 74' lang='grc' dir='ltr'>καὶ</span> <span class='ocrx_word' id='word_1_171' title='bbox 1521 2247 1703 2318; x_wconf 86' lang='grc' dir='ltr'>μένειν</span> 
     </span>
    </p>
   </div>
   <div class='ocr_carea' id='block_1_25' title="bbox 123 2337 1704 2409">
    <p class='ocr_par' dir='ltr' id='par_1_25' title="bbox 123 2337 1704 2409">
     <span class='ocr_line' id='line_1_25' title="bbox 123 2337 1704 2409; baseline 0 -19"><span class='ocrx_word' id='word_1_172' title='bbox 123 2337 318 2401; x_wconf 78' lang='grc' dir='ltr'><strong>εἰώθει,</strong></span> <span class='ocrx_word' id='word_1_173' title='bbox 351 2338 498 2408; x_wconf 84' lang='grc' dir='ltr'>μετὰ</span> <span class='ocrx_word' id='word_1_174' title='bbox 542 2339 718 2409; x_wconf 83' lang='grc' dir='ltr'>μῆνας</span> <span class='ocrx_word' id='word_1_175' title='bbox 769 2337 984 2406; x_wconf 86' lang='grc' dir='ltr'>ὀλίγους</span> <span class='ocrx_word' id='word_1_176' title='bbox 1026 2337 1286 2408; x_wconf 81' lang='grc' dir='ltr'>ὲνόσησε’</span> <span class='ocrx_word' id='word_1_177' title='bbox 1330 2338 1424 2390; x_wconf 71' lang='grc' dir='ltr'>καὶ</span> <span class='ocrx_word' id='word_1_178' title='bbox 1469 2337 1704 2400; x_wconf 81' lang='grc' dir='ltr'>καλέσας</span> 
     </span>
    </p>
   </div>
   <div class='ocr_carea' id='block_1_26' title="bbox 126 2423 1705 2499">
    <p class='ocr_par' dir='ltr' id='par_1_26' title="bbox 126 2423 1705 2499">
     <span class='ocr_line' id='line_1_26' title="bbox 126 2423 1705 2499; baseline -0.002 -16"><span class='ocrx_word' id='word_1_179' title='bbox 126 2431 240 2494; x_wconf 81' lang='grc' dir='ltr'>τοὺς</span> <span class='ocrx_word' id='word_1_180' title='bbox 269 2430 536 2494; x_wconf 84' lang='grc' dir='ltr'>συνόντας</span> <span class='ocrx_word' id='word_1_181' title='bbox 564 2428 711 2499; x_wconf 85' lang='grc' dir='ltr'><strong>αὐτῷ</strong></span> <span class='ocrx_word' id='word_1_182' title='bbox 749 2429 880 2499; x_wconf 88' lang='grc' dir='ltr'>(δύο</span> <span class='ocrx_word' id='word_1_183' title='bbox 911 2428 968 2480; x_wconf 84' lang='grc' dir='ltr'>δὲ</span> <span class='ocrx_word' id='word_1_184' title='bbox 993 2423 1150 2498; x_wconf 84' lang='grc' dir='ltr'>ἦσαν,</span> <span class='ocrx_word' id='word_1_185' title='bbox 1201 2428 1395 2490; x_wconf 78' lang='grc' dir='ltr'>οἵτινες</span> <span class='ocrx_word' id='word_1_186' title='bbox 1427 2428 1520 2480; x_wconf 79' lang='grc' dir='ltr'>καὶ</span> <span class='ocrx_word' id='word_1_187' title='bbox 1561 2426 1705 2498; x_wconf 78' lang='grc' dir='ltr'>ἔμει-</span> 
     </span>
    </p>
   </div>
   <div class='ocr_carea' id='block_1_27' title="bbox 125 2518 1704 2591">
    <p class='ocr_par' dir='ltr' id='par_1_27' title="bbox 125 2518 1704 2591">
     <span class='ocr_line' id='line_1_27' title="bbox 125 2518 1704 2591; baseline -0.001 -18"><span class='ocrx_word' id='word_1_188' title='bbox 125 2537 214 2574; x_wconf 87' lang='grc' dir='ltr'><strong>ναν</strong></span> <span class='ocrx_word' id='word_1_189' title='bbox 245 2522 416 2586; x_wconf 78' lang='grc' dir='ltr'>ἔνδον,</span> <span class='ocrx_word' id='word_1_190' title='bbox 446 2523 698 2575; x_wconf 72' lang='grc' dir='ltr'>δέκακαὶ</span> <span class='ocrx_word' id='word_1_191' title='bbox 732 2521 891 2574; x_wconf 81' lang='grc' dir='ltr'>πέντε</span> <span class='ocrx_word' id='word_1_192' title='bbox 930 2520 1025 2591; x_wconf 78' lang='grc' dir='ltr'>ἐτη</span> <span class='ocrx_word' id='word_1_193' title='bbox 1059 2518 1382 2589; x_wconf 78' lang='grc' dir='ltr'>ἀσκούμενοι</span> <span class='ocrx_word' id='word_1_194' title='bbox 1409 2562 1423 2586; x_wconf 87' lang='grc'>,</span> <span class='ocrx_word' id='word_1_195' title='bbox 1465 2519 1557 2571; x_wconf 73' lang='grc' dir='ltr'>καὶ</span> <span class='ocrx_word' id='word_1_196' title='bbox 1600 2520 1704 2571; x_wconf 86' lang='grc' dir='ltr'><strong>ὑπ-</strong></span> 
     </span>
    </p>
   </div>
   <div class='ocr_carea' id='block_1_28' title="bbox 128 2607 1697 2681">
    <p class='ocr_par' dir='ltr' id='par_1_28' title="bbox 128 2607 1697 2681">
     <span class='ocr_line' id='line_1_28' title="bbox 128 2607 1697 2681; baseline -0.003 -17"><span class='ocrx_word' id='word_1_197' title='bbox 128 2611 445 2680; x_wconf 72' lang='grc' dir='ltr'>ηρετοῦντες</span> <span class='ocrx_word' id='word_1_198' title='bbox 471 2610 626 2681; x_wconf 78' lang='grc' dir='ltr'>αὐτῷ</span> <span class='ocrx_word' id='word_1_199' title='bbox 651 2609 739 2664; x_wconf 82' lang='grc' dir='ltr'>διὰ</span> <span class='ocrx_word' id='word_1_200' title='bbox 763 2610 824 2662; x_wconf 87' lang='grc' dir='ltr'><strong>τὺ</strong></span> <span class='ocrx_word' id='word_1_201' title='bbox 863 2610 1084 2680; x_wconf 77' lang='grc' dir='ltr'>γῆρας),</span> <span class='ocrx_word' id='word_1_202' title='bbox 1119 2608 1270 2676; x_wconf 78' lang='grc' dir='ltr'>ἔλεγε</span> <span class='ocrx_word' id='word_1_203' title='bbox 1304 2608 1438 2680; x_wconf 83' lang='grc' dir='ltr'>πρὸς</span> <span class='ocrx_word' id='word_1_204' title='bbox 1461 2607 1656 2670; x_wconf 85' lang='grc' dir='ltr'>αὐτούς</span> <span class='ocrx_word' id='word_1_205' title='bbox 1681 2621 1697 2636; x_wconf 71' lang='grc'><strong>⁸</strong></span> 
     </span>
    </p>
   </div>
   <div class='ocr_carea' id='block_1_29' title="bbox 140 2699 1705 2774">
    <p class='ocr_par' dir='ltr' id='par_1_29' title="bbox 140 2699 1705 2774">
     <span class='ocr_line' id='line_1_29' title="bbox 140 2699 1705 2774; baseline 0.001 -23"><span class='ocrx_word' id='word_1_206' title='bbox 140 2699 272 2767; x_wconf 85' lang='grc' dir='ltr'><strong>Ἐγὼ</strong></span> <span class='ocrx_word' id='word_1_207' title='bbox 305 2701 426 2768; x_wconf 86' lang='grc' dir='ltr'>μὲν,</span> <span class='ocrx_word' id='word_1_208' title='bbox 449 2702 536 2764; x_wconf 83' lang='grc' dir='ltr'><strong>ὡς</strong></span> <span class='ocrx_word' id='word_1_209' title='bbox 569 2701 897 2774; x_wconf 85' lang='grc' dir='ltr'>γέγραπται,</span> <span class='ocrx_word' id='word_1_210' title='bbox 925 2699 1022 2769; x_wconf 85' lang='grc' dir='ltr'>τὴν</span> <span class='ocrx_word' id='word_1_211' title='bbox 1051 2699 1168 2752; x_wconf 85' lang='grc' dir='ltr'>ὁδὸν</span> <span class='ocrx_word' id='word_1_212' title='bbox 1194 2699 1302 2751; x_wconf 83' lang='grc' dir='ltr'>τῶν</span> <span class='ocrx_word' id='word_1_213' title='bbox 1334 2699 1586 2770; x_wconf 88' lang='grc' dir='ltr'>πατέρων</span> <span class='ocrx_word' id='word_1_214' title='bbox 1611 2716 1705 2752; x_wconf 87' lang='grc' dir='ltr'>πο-</span> 
     </span>
    </p>
   </div>
   <div class='ocr_carea' id='block_1_30' title="bbox 132 2787 1704 2862">
    <p class='ocr_par' dir='ltr' id='par_1_30' title="bbox 132 2787 1704 2862">
     <span class='ocr_line' id='line_1_30' title="bbox 132 2787 1704 2862; baseline 0.002 -23"><span class='ocrx_word' id='word_1_215' title='bbox 132 2789 352 2858; x_wconf 86' lang='grc' dir='ltr'>ρεύομαι</span> <span class='ocrx_word' id='word_1_216' title='bbox 374 2805 387 2818; x_wconf 92' lang='grc'><strong>·</strong></span> <span class='ocrx_word' id='word_1_217' title='bbox 432 2788 552 2862; x_wconf 86' lang='grc' dir='ltr'>ὁρῶ</span> <span class='ocrx_word' id='word_1_218' title='bbox 582 2789 691 2861; x_wconf 86' lang='grc' dir='ltr'><strong>γὰρ</strong></span> <span class='ocrx_word' id='word_1_219' title='bbox 728 2789 967 2860; x_wconf 75' lang='grc' dir='ltr'>ἐμαυτὸν</span> <span class='ocrx_word' id='word_1_220' title='bbox 998 2787 1330 2859; x_wconf 87' lang='grc' dir='ltr'>καλούμενον</span> <span class='ocrx_word' id='word_1_221' title='bbox 1352 2788 1457 2842; x_wconf 81' lang='grc' dir='ltr'><strong>ὑπὸ</strong></span> <span class='ocrx_word' id='word_1_222' title='bbox 1479 2789 1573 2842; x_wconf 84' lang='grc' dir='ltr'>τοῦ</span> <span class='ocrx_word' id='word_1_223' title='bbox 1596 2791 1704 2842; x_wconf 84' lang='grc' dir='ltr'><strong>Κυ-</strong></span> 
     </span>
    </p>
   </div>
   <div class='ocr_carea' id='block_1_31' title="bbox 132 2879 1702 2953">
    <p class='ocr_par' dir='ltr' id='par_1_31' title="bbox 132 2879 1702 2953">
     <span class='ocr_line' id='line_1_31' title="bbox 132 2879 1702 2953; baseline 0.003 -23"><span class='ocrx_word' id='word_1_224' title='bbox 132 2879 273 2949; x_wconf 88' lang='grc' dir='ltr'>ρίου·</span> <span class='ocrx_word' id='word_1_225' title='bbox 311 2881 473 2951; x_wconf 83' lang='grc' dir='ltr'>ὑμεῖς</span> <span class='ocrx_word' id='word_1_226' title='bbox 505 2881 566 2934; x_wconf 84' lang='grc' dir='ltr'>δὲ</span> <span class='ocrx_word' id='word_1_227' title='bbox 598 2883 794 2952; x_wconf 80' lang='grc' dir='ltr'>νήφετε</span> <span class='ocrx_word' id='word_1_228' title='bbox 819 2923 833 2947; x_wconf 86' lang='grc'>,</span> <span class='ocrx_word' id='word_1_229' title='bbox 870 2881 964 2933; x_wconf 76' lang='grc' dir='ltr'>καὶ</span> <span class='ocrx_word' id='word_1_230' title='bbox 1008 2880 1107 2951; x_wconf 77' lang='grc' dir='ltr'>τὴν</span> <span class='ocrx_word' id='word_1_231' title='bbox 1155 2879 1503 2952; x_wconf 84' lang='grc' dir='ltr'>πολυχρόνιον</span> <span class='ocrx_word' id='word_1_232' title='bbox 1548 2881 1702 2953; x_wconf 84' lang='grc' dir='ltr'>ὑμῶν</span> 
     </span>
    </p>
   </div>
   <div class='ocr_carea' id='block_1_32' title="bbox 133 2968 1698 3044">
    <p class='ocr_par' dir='ltr' id='par_1_32' title="bbox 133 2968 1698 3044">
     <span class='ocr_line' id='line_1_32' title="bbox 133 2968 1698 3044; baseline 0.002 -23"><span class='ocrx_word' id='word_1_233' title='bbox 133 2968 353 3040; x_wconf 70' lang='grc' dir='ltr'>ἄσκησιν</span> <span class='ocrx_word' id='word_1_234' title='bbox 388 2971 465 3044; x_wconf 80' lang='grc' dir='ltr'>μὴ</span> <span class='ocrx_word' id='word_1_235' title='bbox 495 2972 827 3042; x_wconf 74' lang='grc' dir='ltr'>ἀπολέσητεο</span> <span class='ocrx_word' id='word_1_236' title='bbox 867 2971 982 3024; x_wconf 81' lang='grc' dir='ltr'>ἀλλ’</span> <span class='ocrx_word' id='word_1_237' title='bbox 1009 2972 1084 3035; x_wconf 86' lang='grc' dir='ltr'>ὡς</span> <span class='ocrx_word' id='word_1_238' title='bbox 1121 2971 1216 3027; x_wconf 80' lang='grc' dir='ltr'>νῦν</span> <span class='ocrx_word' id='word_1_239' title='bbox 1255 2973 1428 3044; x_wconf 85' lang='grc' dir='ltr'>ἀρχὴν</span> <span class='ocrx_word' id='word_1_240' title='bbox 1465 2971 1698 3044; x_wconf 77' lang='grc' dir='ltr'>ἔχοντες,</span> 
     </span>
    </p>
   </div>
   <div class='ocr_carea' id='block_1_33' title="bbox 135 3063 1699 3136">
    <p class='ocr_par' dir='ltr' id='par_1_33' title="bbox 135 3063 1699 3136">
     <span class='ocr_line' id='line_1_33' title="bbox 135 3063 1699 3136; baseline 0.003 -22"><span class='ocrx_word' id='word_1_241' title='bbox 135 3064 464 3118; x_wconf 79' lang='grc' dir='ltr'>σπουδάσατε</span> <span class='ocrx_word' id='word_1_242' title='bbox 506 3068 696 3136; x_wconf 78' lang='grc' dir='ltr'>τηρεῖν</span> <span class='ocrx_word' id='word_1_243' title='bbox 740 3065 839 3136; x_wconf 83' lang='grc' dir='ltr'>τὴν</span> <span class='ocrx_word' id='word_1_244' title='bbox 886 3063 1192 3134; x_wconf 86' lang='grc' dir='ltr'>προθυμίαν</span> <span class='ocrx_word' id='word_1_245' title='bbox 1237 3064 1464 3118; x_wconf 81' lang='grc' dir='ltr'>ἑαυτῶν.</span> <span class='ocrx_word' id='word_1_246' title='bbox 1511 3064 1699 3119; x_wconf 76' lang='grc' dir='ltr'>Οἴδατε</span> 
     </span>
    </p>
   </div>
   <div class='ocr_carea' id='block_1_34' title="bbox 133 3157 1702 3230">
    <p class='ocr_par' dir='ltr' id='par_1_34' title="bbox 133 3157 1702 3230">
     <span class='ocr_line' id='line_1_34' title="bbox 133 3157 1702 3230; baseline 0.001 -22"><span class='ocrx_word' id='word_1_247' title='bbox 133 3157 250 3219; x_wconf 78' lang='grc' dir='ltr'>τοὺς</span> <span class='ocrx_word' id='word_1_248' title='bbox 292 3158 745 3222; x_wconf 74' lang='grc' dir='ltr'>ἐπιϐουλεύοντας</span> <span class='ocrx_word' id='word_1_249' title='bbox 790 3157 1048 3229; x_wconf 88' lang='grc' dir='ltr'>δαίμονας</span> <span class='ocrx_word' id='word_1_250' title='bbox 1072 3197 1088 3222; x_wconf 88' lang='grc'><em>,</em></span> <span class='ocrx_word' id='word_1_251' title='bbox 1140 3157 1317 3210; x_wconf 89' lang='grc' dir='ltr'>οίδατε</span> <span class='ocrx_word' id='word_1_252' title='bbox 1357 3157 1474 3220; x_wconf 84' lang='grc' dir='ltr'>πῶς</span> <span class='ocrx_word' id='word_1_253' title='bbox 1520 3158 1702 3230; x_wconf 81' lang='grc' dir='ltr'>ἄγριοι</span> 
     </span>
    </p>
   </div>
   <div class='ocr_carea' id='block_1_35' title="bbox 137 3245 1705 3320">
    <p class='ocr_par' dir='ltr' id='par_1_35' title="bbox 137 3245 1705 3320">
     <span class='ocr_line' id='line_1_35' title="bbox 137 3245 1705 3320; baseline 0.003 -22"><span class='ocrx_word' id='word_1_254' title='bbox 137 3245 230 3314; x_wconf 79' lang='grc' dir='ltr'>μὲν</span> <span class='ocrx_word' id='word_1_255' title='bbox 253 3249 411 3316; x_wconf 79' lang='grc' dir='ltr'>εἰσὶν,</span> <span class='ocrx_word' id='word_1_256' title='bbox 439 3248 691 3313; x_wconf 84' lang='grc' dir='ltr'>ἀσθενεῖς</span> <span class='ocrx_word' id='word_1_257' title='bbox 718 3249 775 3302; x_wconf 81' lang='grc' dir='ltr'>δὲ</span> <span class='ocrx_word' id='word_1_258' title='bbox 811 3251 876 3320; x_wconf 76' lang='grc' dir='ltr'><strong>τῇ</strong></span> <span class='ocrx_word' id='word_1_259' title='bbox 917 3249 1162 3320; x_wconf 84' lang='grc' dir='ltr'>δυνάμει.</span> <span class='ocrx_word' id='word_1_260' title='bbox 1194 3249 1285 3320; x_wconf 81' lang='grc' dir='ltr'><strong>Μὴ</strong></span> <span class='ocrx_word' id='word_1_261' title='bbox 1309 3245 1400 3302; x_wconf 81' lang='grc' dir='ltr'>οὖν</span> <span class='ocrx_word' id='word_1_262' title='bbox 1433 3249 1705 3320; x_wconf 77' lang='grc' dir='ltr'>φοϐηθῆτε</span> 
     </span>
    </p>
   </div>
   <div class='ocr_carea' id='block_1_36' title="bbox 137 3337 1705 3414">
    <p class='ocr_par' dir='ltr' id='par_1_36' title="bbox 137 3337 1705 3414">
     <span class='ocr_line' id='line_1_36' title="bbox 137 3337 1705 3414; baseline 0.002 -25"><span class='ocrx_word' id='word_1_263' title='bbox 137 3337 340 3406; x_wconf 84' lang='grc' dir='ltr'>αὐτοὺς,</span> <span class='ocrx_word' id='word_1_264' title='bbox 371 3341 516 3396; x_wconf 79' lang='grc' dir='ltr'>ἀλλὰ</span> <span class='ocrx_word' id='word_1_265' title='bbox 548 3341 746 3412; x_wconf 82' lang='grc' dir='ltr'>μᾶλλον</span> <span class='ocrx_word' id='word_1_266' title='bbox 769 3340 858 3394; x_wconf 83' lang='grc' dir='ltr'>τὸν</span> <span class='ocrx_word' id='word_1_267' title='bbox 883 3342 1118 3414; x_wconf 87' lang='grc' dir='ltr'>Χριστὸν</span> <span class='ocrx_word' id='word_1_268' title='bbox 1148 3342 1235 3394; x_wconf 73' lang='grc' dir='ltr'>ἀεὶ</span> <span class='ocrx_word' id='word_1_269' title='bbox 1268 3341 1584 3402; x_wconf 82' lang='grc' dir='ltr'>ἀναπνέετε,</span> <span class='ocrx_word' id='word_1_270' title='bbox 1609 3341 1705 3393; x_wconf 84' lang='grc' dir='ltr'>καὶ</span> 
     </span>
    </p>
   </div>
   <div class='ocr_carea' id='block_1_37' title="bbox 138 3430 1703 3505">
    <p class='ocr_par' dir='ltr' id='par_1_37' title="bbox 138 3430 1703 3505">
     <span class='ocr_line' id='line_1_37' title="bbox 138 3430 1703 3505; baseline 0.004 -25"><span class='ocrx_word' id='word_1_271' title='bbox 138 3430 297 3502; x_wconf 80' lang='grc' dir='ltr'>τούτῳ</span> <span class='ocrx_word' id='word_1_272' title='bbox 327 3433 647 3488; x_wconf 68' lang='grc' dir='ltr'><strong>πιστεύετε⁹</strong></span> <span class='ocrx_word' id='word_1_273' title='bbox 693 3435 786 3488; x_wconf 74' lang='grc' dir='ltr'>καὶ</span> <span class='ocrx_word' id='word_1_274' title='bbox 815 3434 890 3497; x_wconf 81' lang='grc' dir='ltr'><strong>ὡς</strong></span> <span class='ocrx_word' id='word_1_275' title='bbox 918 3433 1040 3487; x_wconf 90' lang='grc' dir='ltr'>καθ’</span> <span class='ocrx_word' id='word_1_276' title='bbox 1079 3433 1294 3505; x_wconf 82' lang='grc' dir='ltr'>ἡμέραν</span> <span class='ocrx_word' id='word_1_277' title='bbox 1325 3433 1703 3504; x_wconf 80' lang='grc' dir='ltr'>ἀποθνήσκον-</span> 
     </span>
    </p>
   </div>
   <div class='ocr_carea' id='block_1_38' title="bbox 139 3521 1707 3596">
    <p class='ocr_par' dir='ltr' id='par_1_38' title="bbox 139 3521 1707 3596">
     <span class='ocr_line' id='line_1_38' title="bbox 139 3521 1707 3596; baseline 0.003 -23"><span class='ocrx_word' id='word_1_278' title='bbox 139 3537 221 3585; x_wconf 81' lang='grc' dir='ltr'><strong>τες</strong></span> <span class='ocrx_word' id='word_1_279' title='bbox 247 3521 480 3595; x_wconf 81' lang='grc' dir='ltr'>ζήσατε,</span> <span class='ocrx_word' id='word_1_280' title='bbox 519 3525 876 3596; x_wconf 88' lang='grc' dir='ltr'>προσέχοντες</span> <span class='ocrx_word' id='word_1_281' title='bbox 901 3527 1131 3589; x_wconf 75' lang='grc' dir='ltr'>ἑαυτοῖς,</span> <span class='ocrx_word' id='word_1_282' title='bbox 1159 3525 1252 3578; x_wconf 75' lang='grc' dir='ltr'><strong>καὶ</strong></span> <span class='ocrx_word' id='word_1_283' title='bbox 1277 3524 1707 3596; x_wconf 85' lang='grc' dir='ltr'>μνημονεύοντες</span> 
     </span>
    </p>
   </div>
   <div class='ocr_carea' id='block_1_39' title="bbox 139 3607 1705 3691">
    <p class='ocr_par' dir='ltr' id='par_1_39' title="bbox 139 3607 1705 3691">
     <span class='ocr_line' id='line_1_39' title="bbox 139 3607 1705 3691; baseline 0.001 -21"><span class='ocrx_word' id='word_1_284' title='bbox 139 3607 209 3670; x_wconf 80' lang='grc' dir='ltr'>ὧν</span> <span class='ocrx_word' id='word_1_285' title='bbox 232 3618 502 3687; x_wconf 69' lang='grc' dir='ltr'>ἠκούσατε</span> <span class='ocrx_word' id='word_1_286' title='bbox 534 3621 664 3691; x_wconf 88' lang='grc' dir='ltr'>παρ’</span> <span class='ocrx_word' id='word_1_287' title='bbox 702 3617 838 3689; x_wconf 74' lang='grc' dir='ltr'>ἐμοῦ</span> <span class='ocrx_word' id='word_1_288' title='bbox 877 3617 1273 3690; x_wconf 86' lang='grc' dir='ltr'>παραινέσεων.</span> <span class='ocrx_word' id='word_1_289' title='bbox 1310 3617 1422 3671; x_wconf 79' lang='grc' dir='ltr'><strong>Καὶ</strong></span> <span class='ocrx_word' id='word_1_290' title='bbox 1466 3617 1705 3690; x_wconf 83' lang='grc' dir='ltr'>μηδεμία</span> 
     </span>
    </p>
   </div>
   <div class='ocr_carea' id='block_1_40' title="bbox 140 3703 1702 3782">
    <p class='ocr_par' dir='ltr' id='par_1_40' title="bbox 140 3703 1702 3782">
     <span class='ocr_line' id='line_1_40' title="bbox 140 3703 1702 3782; baseline 0.004 -26"><span class='ocrx_word' id='word_1_291' title='bbox 140 3703 271 3760; x_wconf 71' lang='grc' dir='ltr'>ἔστω</span> <span class='ocrx_word' id='word_1_292' title='bbox 297 3711 424 3781; x_wconf 81' lang='grc' dir='ltr'>ὑμῖν</span> <span class='ocrx_word' id='word_1_293' title='bbox 470 3711 730 3766; x_wconf 84' lang='grc' dir='ltr'>κοινωνία</span> <span class='ocrx_word' id='word_1_294' title='bbox 773 3709 910 3782; x_wconf 84' lang='grc' dir='ltr'>πρὸς</span> <span class='ocrx_word' id='word_1_295' title='bbox 954 3710 1081 3772; x_wconf 83' lang='grc' dir='ltr'>τοὺς</span> <span class='ocrx_word' id='word_1_296' title='bbox 1129 3711 1539 3780; x_wconf 82' lang='grc' dir='ltr'>σχισματικοὺς,</span> <span class='ocrx_word' id='word_1_297' title='bbox 1575 3710 1702 3780; x_wconf 82' lang='grc' dir='ltr'>μήθ’</span> 
     </span>
    </p>
   </div>
   <div class='ocr_carea' id='block_1_41' title="bbox 143 3796 1700 3875">
    <p class='ocr_par' dir='ltr' id='par_1_41' title="bbox 143 3796 1700 3875">
     <span class='ocr_line' id='line_1_41' title="bbox 143 3796 1700 3875; baseline -0.001 -20"><span class='ocrx_word' id='word_1_298' title='bbox 143 3796 266 3864; x_wconf 76' lang='grc' dir='ltr'>ὅλως</span> <span class='ocrx_word' id='word_1_299' title='bbox 311 3802 448 3873; x_wconf 78' lang='grc' dir='ltr'>πρὸς</span> <span class='ocrx_word' id='word_1_300' title='bbox 478 3805 610 3868; x_wconf 83' lang='grc' dir='ltr'>τοὺς</span> <span class='ocrx_word' id='word_1_301' title='bbox 638 3804 948 3875; x_wconf 78' lang='grc' dir='ltr'>αίρετικοὺς</span> <span class='ocrx_word' id='word_1_302' title='bbox 992 3801 1319 3873; x_wconf 82' lang='grc' dir='ltr'>Ἀρειανούς.</span> <span class='ocrx_word' id='word_1_303' title='bbox 1373 3801 1562 3855; x_wconf 78' lang='grc' dir='ltr'>Οἴδατε</span> <span class='ocrx_word' id='word_1_304' title='bbox 1591 3801 1700 3873; x_wconf 79' lang='grc' dir='ltr'><strong>γὰρ</strong></span> 
     </span>
    </p>
   </div>
   <div class='ocr_carea' id='block_1_42' title="bbox 1809 514 3375 586">
    <p class='ocr_par' dir='ltr' id='par_1_42' title="bbox 1809 514 3375 586">
     <span class='ocr_line' id='line_1_42' title="bbox 1809 514 3375 586; baseline 0 -16"><span class='ocrx_word' id='word_1_305' title='bbox 1809 516 2020 572; x_wconf 76' lang='lat' dir='ltr'><strong>lectulis</strong></span> <span class='ocrx_word' id='word_1_306' title='bbox 2049 529 2436 586; x_wconf 83' lang='lat' dir='ltr'><strong>superponere,</strong></span> <span class='ocrx_word' id='word_1_307' title='bbox 2461 514 2627 585; x_wconf 80' lang='lat'><strong>690</strong></span> <span class='ocrx_word' id='word_1_308' title='bbox 2649 524 2702 569; x_wconf 91' lang='lat' dir='ltr'><strong>et</strong></span> <span class='ocrx_word' id='word_1_309' title='bbox 2738 515 2881 584; x_wconf 90' lang='lat' dir='ltr'><strong>apud</strong></span> <span class='ocrx_word' id='word_1_310' title='bbox 2923 529 3044 569; x_wconf 86' lang='lat' dir='ltr'><strong>sese</strong></span> <span class='ocrx_word' id='word_1_311' title='bbox 3081 515 3226 570; x_wconf 87' lang='lat' dir='ltr'><strong>intus</strong></span> <span class='ocrx_word' id='word_1_312' title='bbox 3258 532 3375 572; x_wconf 86' lang='lat' dir='ltr'><strong>ser-</strong></span> 
     </span>
    </p>
   </div>
   <div class='ocr_carea' id='block_1_43' title="bbox 1808 605 3374 664">
    <p class='ocr_par' dir='ltr' id='par_1_43' title="bbox 1808 605 3374 664">
     <span class='ocr_line' id='line_1_43' title="bbox 1808 605 3374 664; baseline 0.001 -2"><span class='ocrx_word' id='word_1_313' title='bbox 1808 623 1974 664; x_wconf 87' lang='lat' dir='ltr'><strong>vare:</strong></span> <span class='ocrx_word' id='word_1_314' title='bbox 2011 607 2113 662; x_wconf 89' lang='lat' dir='ltr'><strong>rati</strong></span> <span class='ocrx_word' id='word_1_315' title='bbox 2167 607 2220 662; x_wconf 82' lang='lat' dir='ltr'><strong>id</strong></span> <span class='ocrx_word' id='word_1_316' title='bbox 2266 607 2379 662; x_wconf 86' lang='lat' dir='ltr'><strong>vita</strong></span> <span class='ocrx_word' id='word_1_317' title='bbox 2425 605 2626 661; x_wconf 79' lang='lat' dir='ltr'><strong>functis</strong></span> <span class='ocrx_word' id='word_1_318' title='bbox 2662 621 2785 660; x_wconf 89' lang='lat' dir='ltr'><strong>esse</strong></span> <span class='ocrx_word' id='word_1_319' title='bbox 2835 606 3050 661; x_wconf 86' lang='lat' dir='ltr'><strong>honori.</strong></span> <span class='ocrx_word' id='word_1_320' title='bbox 3100 607 3374 663; x_wconf 78' lang='lat' dir='ltr'><strong>Antoniu-8</strong></span> 
     </span>
    </p>
   </div>
   <div class='ocr_carea' id='block_1_44' title="bbox 1805 697 3374 768">
    <p class='ocr_par' dir='ltr' id='par_1_44' title="bbox 1805 697 3374 768">
     <span class='ocr_line' id='line_1_44' title="bbox 1805 697 3374 768; baseline 0.001 -16"><span class='ocrx_word' id='word_1_321' title='bbox 1805 708 1987 754; x_wconf 90' lang='lat' dir='ltr'><strong>autem</strong></span> <span class='ocrx_word' id='word_1_322' title='bbox 2030 699 2352 768; x_wconf 85' lang='lat' dir='ltr'><strong>plerumque</strong></span> <span class='ocrx_word' id='word_1_323' title='bbox 2395 708 2613 768; x_wconf 92' lang='lat' dir='ltr'><strong>rogarat</strong></span> <span class='ocrx_word' id='word_1_324' title='bbox 2655 700 2964 768; x_wconf 91' lang='lat' dir='ltr'><strong>episcopos,</strong></span> <span class='ocrx_word' id='word_1_325' title='bbox 3016 709 3075 751; x_wconf 89' lang='lat' dir='ltr'><strong>ut</strong></span> <span class='ocrx_word' id='word_1_326' title='bbox 3113 714 3177 752; x_wconf 90' lang='lat' dir='ltr'><strong>ca</strong></span> <span class='ocrx_word' id='word_1_327' title='bbox 3219 697 3288 752; x_wconf 89' lang='lat' dir='ltr'><strong>de</strong></span> <span class='ocrx_word' id='word_1_328' title='bbox 3312 714 3374 753; x_wconf 87' lang='lat' dir='ltr'><strong>re</strong></span> 
     </span>
    </p>
   </div>
   <div class='ocr_carea' id='block_1_45' title="bbox 1804 788 3374 860">
    <p class='ocr_par' dir='ltr' id='par_1_45' title="bbox 1804 788 3374 860">
     <span class='ocr_line' id='line_1_45' title="bbox 1804 788 3374 860; baseline -0.001 -16"><span class='ocrx_word' id='word_1_329' title='bbox 1804 791 2037 860; x_wconf 90' lang='lat' dir='ltr'><strong>populos</strong></span> <span class='ocrx_word' id='word_1_330' title='bbox 2074 797 2363 844; x_wconf 89' lang='lat' dir='ltr'><strong>monerent</strong></span> <span class='ocrx_word' id='word_1_331' title='bbox 2391 806 2404 843; x_wconf 93' lang='lat'>:</span> <span class='ocrx_word' id='word_1_332' title='bbox 2440 789 2798 859; x_wconf 76' lang='lat' dir='ltr'><strong>similiterque</strong></span> <span class='ocrx_word' id='word_1_333' title='bbox 2833 789 3001 844; x_wconf 90' lang='lat' dir='ltr'><strong>laicos</strong></span> <span class='ocrx_word' id='word_1_334' title='bbox 3025 791 3230 859; x_wconf 90' lang='lat' dir='ltr'><strong>pudore</strong></span> <span class='ocrx_word' id='word_1_335' title='bbox 3259 788 3374 842; x_wconf 85' lang='lat' dir='ltr'><strong>alli-</strong></span> 
     </span>
    </p>
   </div>
   <div class='ocr_carea' id='block_1_46' title="bbox 1805 864 3375 951">
    <p class='ocr_par' dir='ltr' id='par_1_46' title="bbox 1805 864 3375 951">
     <span class='ocr_line' id='line_1_46' title="bbox 1805 864 3375 951; baseline -0.002 -15"><span class='ocrx_word' id='word_1_336' title='bbox 1805 882 2000 945; x_wconf 90' lang='lat' dir='ltr'><strong>ciebat,</strong></span> <span class='ocrx_word' id='word_1_337' title='bbox 2041 882 2407 950; x_wconf 88' lang='lat' dir='ltr'><strong>mulieresque</strong></span> <span class='ocrx_word' id='word_1_338' title='bbox 2457 864 2810 951; x_wconf 35' lang='lat' dir='ltr'><strong>objurgab&#39;at,</strong></span> <span class='ocrx_word' id='word_1_339' title='bbox 2866 881 3016 936; x_wconf 83' lang='lat' dir='ltr'><strong>aiens</strong></span> <span class='ocrx_word' id='word_1_340' title='bbox 3063 891 3164 935; x_wconf 85' lang='lat' dir='ltr'><strong>nec</strong></span> <span class='ocrx_word' id='word_1_341' title='bbox 3195 881 3375 951; x_wconf 81' lang='lat' dir='ltr'><strong>legiti~</strong></span> 
     </span>
    </p>
   </div>
   <div class='ocr_carea' id='block_1_47' title="bbox 1804 969 3434 1040">
    <p class='ocr_par' dir='ltr' id='par_1_47' title="bbox 1804 969 3434 1040">
     <span class='ocr_line' id='line_1_47' title="bbox 1804 969 3434 1040; baseline -0.001 -14"><span class='ocrx_word' id='word_1_342' title='bbox 1804 987 1954 1026; x_wconf 87' lang='lat' dir='ltr'><strong>mum</strong></span> <span class='ocrx_word' id='word_1_343' title='bbox 1986 987 2086 1026; x_wconf 90' lang='lat' dir='ltr'><strong>nec</strong></span> <span class='ocrx_word' id='word_1_344' title='bbox 2112 981 2363 1027; x_wconf 90' lang='lat' dir='ltr'><strong>sanctum</strong></span> <span class='ocrx_word' id='word_1_345' title='bbox 2394 971 2527 1026; x_wconf 91' lang='lat' dir='ltr'><strong>illud</strong></span> <span class='ocrx_word' id='word_1_346' title='bbox 2559 986 2699 1027; x_wconf 89' lang='lat' dir='ltr'><strong>esse.</strong></span> <span class='ocrx_word' id='word_1_347' title='bbox 2747 969 2882 1025; x_wconf 86' lang='lat' dir='ltr'><strong>Nam</strong></span> <span class='ocrx_word' id='word_1_348' title='bbox 2939 970 3370 1040; x_wconf 73' lang='lat' dir='ltr'><strong>patriarcharum</strong></span> <span class='ocrx_word' id='word_1_349' title='bbox 3417 1011 3434 1030; x_wconf 90' lang='lat'><strong>.</strong></span> 
     </span>
    </p>
   </div>
   <div class='ocr_carea' id='block_1_48' title="bbox 1803 1062 3374 1133">
    <p class='ocr_par' dir='ltr' id='par_1_48' title="bbox 1803 1062 3374 1133">
     <span class='ocr_line' id='line_1_48' title="bbox 1803 1062 3374 1133; baseline 0.001 -16"><span class='ocrx_word' id='word_1_350' title='bbox 1803 1071 1860 1117; x_wconf 90' lang='lat' dir='ltr'><strong>et</strong></span> <span class='ocrx_word' id='word_1_351' title='bbox 1899 1062 2290 1132; x_wconf 87' lang='lat' dir='ltr'><strong>prophetarum</strong></span> <span class='ocrx_word' id='word_1_352' title='bbox 2335 1077 2563 1133; x_wconf 90' lang='lat' dir='ltr'><strong>corpora</strong></span> <span class='ocrx_word' id='word_1_353' title='bbox 2608 1063 2870 1118; x_wconf 84' lang='lat' dir='ltr'><strong>hactenus</strong></span> <span class='ocrx_word' id='word_1_354' title='bbox 2917 1063 2970 1117; x_wconf 91' lang='lat' dir='ltr'><strong>in</strong></span> <span class='ocrx_word' id='word_1_355' title='bbox 3007 1064 3374 1119; x_wconf 75' lang='lat' dir='ltr'><strong>monumentis</strong></span> 
     </span>
    </p>
   </div>
   <div class='ocr_carea' id='block_1_49' title="bbox 1805 1153 3375 1224">
    <p class='ocr_par' dir='ltr' id='par_1_49' title="bbox 1805 1153 3375 1224">
     <span class='ocr_line' id='line_1_49' title="bbox 1805 1153 3375 1224; baseline 0 -16"><span class='ocrx_word' id='word_1_356' title='bbox 1805 1163 2098 1208; x_wconf 85' lang='lat' dir='ltr'><strong>servantur</strong></span> <span class='ocrx_word' id='word_1_357' title='bbox 2124 1172 2138 1208; x_wconf 88' lang='lat'><strong>:</strong></span> <span class='ocrx_word' id='word_1_358' title='bbox 2165 1153 2453 1224; x_wconf 87' lang='lat' dir='ltr'><strong>ipsumque</strong></span> <span class='ocrx_word' id='word_1_359' title='bbox 2482 1153 2699 1208; x_wconf 89' lang='lat' dir='ltr'><strong>Domini</strong></span> <span class='ocrx_word' id='word_1_360' title='bbox 2735 1170 2932 1224; x_wconf 86' lang='lat' dir='ltr'><strong>corpus</strong></span> <span class='ocrx_word' id='word_1_361' title='bbox 2965 1155 3018 1208; x_wconf 90' lang='lat' dir='ltr'><strong>in</strong></span> <span class='ocrx_word' id='word_1_362' title='bbox 3050 1169 3375 1208; x_wconf 90' lang='lat' dir='ltr'><strong>monumen-</strong></span> 
     </span>
    </p>
   </div>
   <div class='ocr_carea' id='block_1_50' title="bbox 1814 1244 3374 1316">
    <p class='ocr_par' dir='ltr' id='par_1_50' title="bbox 1814 1244 3374 1316">
     <span class='ocr_line' id='line_1_50' title="bbox 1814 1244 3374 1316; baseline -0.001 -16"><span class='ocrx_word' id='word_1_363' title='bbox 1814 1254 1868 1300; x_wconf 90' lang='lat' dir='ltr'><strong>to</strong></span> <span class='ocrx_word' id='word_1_364' title='bbox 1906 1244 2011 1299; x_wconf 81' lang='lat' dir='ltr'><strong>fuit</strong></span> <span class='ocrx_word' id='word_1_365' title='bbox 2064 1246 2370 1315; x_wconf 90' lang='lat' dir='ltr'><strong>depositum</strong></span> <span class='ocrx_word' id='word_1_366' title='bbox 2395 1248 2463 1312; x_wconf 80' lang='lat'><strong>&quot;,</strong></span> <span class='ocrx_word' id='word_1_367' title='bbox 2515 1246 2913 1316; x_wconf 86' lang='lat' dir='ltr'><strong>impositusque</strong></span> <span class='ocrx_word' id='word_1_368' title='bbox 2956 1246 3059 1315; x_wconf 90' lang='lat' dir='ltr'><strong>ipsi</strong></span> <span class='ocrx_word' id='word_1_369' title='bbox 3091 1245 3226 1314; x_wconf 91' lang='lat' dir='ltr'><strong>lapis</strong></span> <span class='ocrx_word' id='word_1_370' title='bbox 3263 1261 3374 1315; x_wconf 90' lang='lat' dir='ltr'><strong>quo</strong></span> 
     </span>
    </p>
   </div>
   <div class='ocr_carea' id='block_1_51' title="bbox 1805 1331 3376 1408">
    <p class='ocr_par' dir='ltr' id='par_1_51' title="bbox 1805 1331 3376 1408">
     <span class='ocr_line' id='line_1_51' title="bbox 1805 1331 3376 1408; baseline -0.001 -16"><span class='ocrx_word' id='word_1_371' title='bbox 1805 1338 2114 1408; x_wconf 90' lang='lat' dir='ltr'><strong>operiretur</strong></span> <span class='ocrx_word' id='word_1_372' title='bbox 2135 1338 2201 1405; x_wconf 78' lang='lat'><strong>”,</strong></span> <span class='ocrx_word' id='word_1_373' title='bbox 2249 1338 2423 1392; x_wconf 91' lang='lat' dir='ltr'><strong>donec</strong></span> <span class='ocrx_word' id='word_1_374' title='bbox 2476 1339 2634 1392; x_wconf 87' lang='lat' dir='ltr'><strong>tertia</strong></span> <span class='ocrx_word' id='word_1_375' title='bbox 2676 1337 2765 1391; x_wconf 90' lang='lat' dir='ltr'><strong>die</strong></span> <span class='ocrx_word' id='word_1_376' title='bbox 2802 1344 3128 1406; x_wconf 81' lang='lat' dir='ltr'><strong>resurgeret.</strong></span> <span class='ocrx_word' id='word_1_377' title='bbox 3171 1331 3376 1405; x_wconf 73' lang='lat' dir='ltr'><strong>Hi&#39;sque</strong></span> 
     </span>
    </p>
   </div>
   <div class='ocr_carea' id='block_1_52' title="bbox 1803 1430 3375 1501">
    <p class='ocr_par' dir='ltr' id='par_1_52' title="bbox 1803 1430 3375 1501">
     <span class='ocr_line' id='line_1_52' title="bbox 1803 1430 3375 1501; baseline 0 -17"><span class='ocrx_word' id='word_1_378' title='bbox 1803 1430 1984 1485; x_wconf 81' lang='lat' dir='ltr'><strong>verbis</strong></span> <span class='ocrx_word' id='word_1_379' title='bbox 2014 1430 2427 1486; x_wconf 84' lang='lat' dir='ltr'><strong>demonstrabat</strong></span> <span class='ocrx_word' id='word_1_380' title='bbox 2478 1431 2824 1500; x_wconf 82' lang='lat' dir='ltr'><strong>praevaricari</strong></span> <span class='ocrx_word' id='word_1_381' title='bbox 2868 1445 3016 1497; x_wconf 90' lang='lat' dir='ltr'><strong>eum,</strong></span> <span class='ocrx_word' id='word_1_382' title='bbox 3043 1431 3137 1501; x_wconf 89' lang='lat' dir='ltr'><strong>qui</strong></span> <span class='ocrx_word' id='word_1_383' title='bbox 3181 1431 3375 1485; x_wconf 80' lang='lat' dir='ltr'><strong>defun-</strong></span> 
     </span>
    </p>
   </div>
   <div class='ocr_carea' id='block_1_53' title="bbox 1805 1521 3375 1592">
    <p class='ocr_par' dir='ltr' id='par_1_53' title="bbox 1805 1521 3375 1592">
     <span class='ocr_line' id='line_1_53' title="bbox 1805 1521 3375 1592; baseline 0.001 -18"><span class='ocrx_word' id='word_1_384' title='bbox 1805 1529 2020 1576; x_wconf 90' lang='lat' dir='ltr'><strong>ctorum</strong></span> <span class='ocrx_word' id='word_1_385' title='bbox 2059 1535 2288 1591; x_wconf 88' lang='lat' dir='ltr'><strong>corpora</strong></span> <span class='ocrx_word' id='word_1_386' title='bbox 2315 1536 2422 1576; x_wconf 92' lang='lat' dir='ltr'><strong>non</strong></span> <span class='ocrx_word' id='word_1_387' title='bbox 2474 1521 2854 1588; x_wconf 85' lang='lat' dir='ltr'><strong>absconderet,</strong></span> <span class='ocrx_word' id='word_1_388' title='bbox 2897 1523 3150 1592; x_wconf 87' lang='lat' dir='ltr'><strong>quamvis</strong></span> <span class='ocrx_word' id='word_1_389' title='bbox 3187 1531 3375 1577; x_wconf 87' lang='lat' dir='ltr'><strong>sancta</strong></span> 
     </span>
    </p>
   </div>
   <div class='ocr_carea' id='block_1_54' title="bbox 1805 1611 3377 1683">
    <p class='ocr_par' dir='ltr' id='par_1_54' title="bbox 1805 1611 3377 1683">
     <span class='ocr_line' id='line_1_54' title="bbox 1805 1611 3377 1683; baseline 0 -16"><span class='ocrx_word' id='word_1_390' title='bbox 1805 1623 2006 1668; x_wconf 85' lang='lat' dir='ltr'><strong>essent.</strong></span> <span class='ocrx_word' id='word_1_391' title='bbox 2037 1612 2178 1680; x_wconf 86' lang='lat' dir='ltr'><strong>Quid</strong></span> <span class='ocrx_word' id='word_1_392' title='bbox 2217 1613 2399 1683; x_wconf 87' lang='lat' dir='ltr'><strong>majus</strong></span> <span class='ocrx_word' id='word_1_393' title='bbox 2445 1614 2590 1668; x_wconf 88' lang='lat' dir='ltr'><strong>enim</strong></span> <span class='ocrx_word' id='word_1_394' title='bbox 2625 1623 2678 1668; x_wconf 90' lang='lat' dir='ltr'><strong>et</strong></span> <span class='ocrx_word' id='word_1_395' title='bbox 2723 1615 2966 1669; x_wconf 87' lang='lat' dir='ltr'><strong>sanctius</strong></span> <span class='ocrx_word' id='word_1_396' title='bbox 3000 1629 3228 1683; x_wconf 91' lang='lat' dir='ltr'><strong>corpore</strong></span> <span class='ocrx_word' id='word_1_397' title='bbox 3261 1611 3377 1667; x_wconf 68' lang='lat' dir='ltr'><strong>Doo</strong></span> 
     </span>
    </p>
   </div>
   <div class='ocr_carea' id='block_1_55' title="bbox 1807 1703 3374 1774">
    <p class='ocr_par' dir='ltr' id='par_1_55' title="bbox 1807 1703 3374 1774">
     <span class='ocr_line' id='line_1_55' title="bbox 1807 1703 3374 1774; baseline 0.002 -18"><span class='ocrx_word' id='word_1_398' title='bbox 1807 1703 2055 1758; x_wconf 84' lang='lat' dir='ltr'><strong>minico?</strong></span> <span class='ocrx_word' id='word_1_399' title='bbox 2084 1703 2292 1769; x_wconf 85' lang='lat' dir='ltr'><strong>Quibus</strong></span> <span class='ocrx_word' id='word_1_400' title='bbox 2321 1704 2540 1768; x_wconf 83' lang='lat' dir='ltr'><strong>auditis,</strong></span> <span class='ocrx_word' id='word_1_401' title='bbox 2589 1703 2742 1758; x_wconf 89' lang='lat' dir='ltr'><strong>multi</strong></span> <span class='ocrx_word' id='word_1_402' title='bbox 2773 1705 3028 1774; x_wconf 82' lang='lat' dir='ltr'><strong>deinceps</strong></span> <span class='ocrx_word' id='word_1_403' title='bbox 3081 1704 3184 1758; x_wconf 83' lang='lat' dir='ltr'><strong>sub</strong></span> <span class='ocrx_word' id='word_1_404' title='bbox 3227 1713 3374 1759; x_wconf 85' lang='lat' dir='ltr'><strong>terra</strong></span> 
     </span>
    </p>
   </div>
   <div class='ocr_carea' id='block_1_56' title="bbox 1731 1795 3373 1867">
    <p class='ocr_par' dir='ltr' id='par_1_56' title="bbox 1731 1795 3373 1867">
     <span class='ocr_line' id='line_1_56' title="bbox 1731 1795 3373 1867; baseline -0.001 -16"><span class='ocrx_word' id='word_1_405' title='bbox 1731 1796 1776 1851; x_wconf 84' lang='grc' dir='ltr'><strong>Β</strong></span> <span class='ocrx_word' id='word_1_406' title='bbox 1803 1795 2179 1858; x_wconf 89' lang='lat' dir='ltr'><strong>occultarunt,</strong></span> <span class='ocrx_word' id='word_1_407' title='bbox 2231 1804 2286 1850; x_wconf 90' lang='lat' dir='ltr'><strong>et</strong></span> <span class='ocrx_word' id='word_1_408' title='bbox 2317 1795 2550 1850; x_wconf 91' lang='lat' dir='ltr'><strong>Domino</strong></span> <span class='ocrx_word' id='word_1_409' title='bbox 2597 1811 2755 1867; x_wconf 86' lang='lat' dir='ltr'><strong>egere</strong></span> <span class='ocrx_word' id='word_1_410' title='bbox 2799 1797 3022 1867; x_wconf 80' lang='lat' dir='ltr'><strong>gratias,</strong></span> <span class='ocrx_word' id='word_1_411' title='bbox 3066 1797 3211 1865; x_wconf 89' lang='lat' dir='ltr'><strong>quod</strong></span> <span class='ocrx_word' id='word_1_412' title='bbox 3259 1807 3373 1850; x_wconf 88' lang='lat' dir='ltr'><strong>tam</strong></span> 
     </span>
    </p>
   </div>
   <div class='ocr_carea' id='block_1_57' title="bbox 1805 1886 2415 1954">
    <p class='ocr_par' dir='ltr' id='par_1_57' title="bbox 1805 1886 2415 1954">
     <span class='ocr_line' id='line_1_57' title="bbox 1805 1886 2415 1954; baseline 0 -14"><span class='ocrx_word' id='word_1_413' title='bbox 1805 1886 1972 1954; x_wconf 89' lang='lat' dir='ltr'><strong>probe</strong></span> <span class='ocrx_word' id='word_1_414' title='bbox 2001 1887 2179 1941; x_wconf 90' lang='lat' dir='ltr'><strong>edocti</strong></span> <span class='ocrx_word' id='word_1_415' title='bbox 2210 1896 2415 1942; x_wconf 88' lang='lat' dir='ltr'><strong>essent.</strong></span> 
     </span>
    </p>
   </div>
   <div class='ocr_carea' id='block_1_58' title="bbox 1875 1979 3372 2052">
    <p class='ocr_par' dir='ltr' id='par_1_58' title="bbox 1875 1979 3372 2052">
     <span class='ocr_line' id='line_1_58' title="bbox 1875 1979 3372 2052; baseline 0 -16"><span class='ocrx_word' id='word_1_416' title='bbox 1875 1980 1962 2036; x_wconf 83' lang='lat' dir='ltr'><strong>9i.</strong></span> <span class='ocrx_word' id='word_1_417' title='bbox 1997 1979 2090 2036; x_wconf 91' lang='lat' dir='ltr'><strong>llle</strong></span> <span class='ocrx_word' id='word_1_418' title='bbox 2121 1997 2251 2036; x_wconf 90' lang='lat' dir='ltr'><strong>vero</strong></span> <span class='ocrx_word' id='word_1_419' title='bbox 2291 1982 2669 2052; x_wconf 86' lang='lat' dir='ltr'><strong>hujuscemodi</strong></span> <span class='ocrx_word' id='word_1_420' title='bbox 2703 1981 3117 2037; x_wconf 86' lang='lat' dir='ltr'><strong>consuetudinis</strong></span> <span class='ocrx_word' id='word_1_421' title='bbox 3146 1997 3372 2052; x_wconf 81' lang='lat' dir='ltr'><strong>gnarus,</strong></span> 
     </span>
    </p>
   </div>
   <div class='ocr_carea' id='block_1_59' title="bbox 1804 2073 3371 2144">
    <p class='ocr_par' dir='ltr' id='par_1_59' title="bbox 1804 2073 3371 2144">
     <span class='ocr_line' id='line_1_59' title="bbox 1804 2073 3371 2144; baseline 0.001 -19"><span class='ocrx_word' id='word_1_422' title='bbox 1804 2079 2166 2144; x_wconf 87' lang='lat' dir='ltr'><strong>metuensque</strong></span> <span class='ocrx_word' id='word_1_423' title='bbox 2211 2088 2279 2128; x_wconf 87' lang='lat' dir='ltr'><strong>ne</strong></span> <span class='ocrx_word' id='word_1_424' title='bbox 2330 2088 2431 2127; x_wconf 89' lang='lat' dir='ltr'><strong>suo</strong></span> <span class='ocrx_word' id='word_1_425' title='bbox 2477 2073 2694 2143; x_wconf 86' lang='lat' dir='ltr'><strong>corpori</strong></span> <span class='ocrx_word' id='word_1_426' title='bbox 2745 2074 2978 2141; x_wconf 87' lang='lat' dir='ltr'><strong>idipsum</strong></span> <span class='ocrx_word' id='word_1_427' title='bbox 3027 2081 3371 2142; x_wconf 55' lang='lat' dir='ltr'><strong>praestarent,</strong></span> 
     </span>
    </p>
   </div>
   <div class='ocr_carea' id='block_1_60' title="bbox 1804 2163 3370 2234">
    <p class='ocr_par' dir='ltr' id='par_1_60' title="bbox 1804 2163 3370 2234">
     <span class='ocr_line' id='line_1_60' title="bbox 1804 2163 3370 2234; baseline 0.001 -16"><span class='ocrx_word' id='word_1_428' title='bbox 1804 2163 2054 2220; x_wconf 86' lang='lat' dir='ltr'><strong>salutatis</strong></span> <span class='ocrx_word' id='word_1_429' title='bbox 2099 2163 2385 2219; x_wconf 83' lang='lat' dir='ltr'><strong>monachis</strong></span> <span class='ocrx_word' id='word_1_430' title='bbox 2418 2165 2512 2234; x_wconf 92' lang='lat' dir='ltr'><strong>qui</strong></span> <span class='ocrx_word' id='word_1_431' title='bbox 2546 2165 2600 2217; x_wconf 90' lang='lat' dir='ltr'><strong>in</strong></span> <span class='ocrx_word' id='word_1_432' title='bbox 2652 2165 2921 2220; x_wconf 83' lang='lat' dir='ltr'><strong>exteriore</strong></span> <span class='ocrx_word' id='word_1_433' title='bbox 2964 2174 3120 2219; x_wconf 86' lang='lat' dir='ltr'><strong>erant</strong></span> <span class='ocrx_word' id='word_1_434' title='bbox 3165 2175 3370 2228; x_wconf 86' lang='lat' dir='ltr'><strong>monte,</strong></span> 
     </span>
    </p>
   </div>
   <div class='ocr_carea' id='block_1_61' title="bbox 1805 2253 3376 2325">
    <p class='ocr_par' dir='ltr' id='par_1_61' title="bbox 1805 2253 3376 2325">
     <span class='ocr_line' id='line_1_61' title="bbox 1805 2253 3376 2325; baseline 0.003 -18"><span class='ocrx_word' id='word_1_435' title='bbox 1805 2253 2193 2325; x_wconf 79' lang='lat' dir='ltr'><strong>ingressusque</strong></span> <span class='ocrx_word' id='word_1_436' title='bbox 2240 2256 2295 2308; x_wconf 93' lang='lat' dir='ltr'><strong>in</strong></span> <span class='ocrx_word' id='word_1_437' title='bbox 2352 2256 2664 2309; x_wconf 89' lang='lat' dir='ltr'><strong>interiorem</strong></span> <span class='ocrx_word' id='word_1_438' title='bbox 2713 2267 2974 2320; x_wconf 86' lang='lat' dir='ltr'><strong>montem,</strong></span> <span class='ocrx_word' id='word_1_439' title='bbox 3012 2256 3104 2309; x_wconf 89' lang='lat' dir='ltr'><strong>ubi</strong></span> <span class='ocrx_word' id='word_1_440' title='bbox 3156 2271 3376 2311; x_wconf 80' lang='lat' dir='ltr'><strong>munch</strong></span> 
     </span>
    </p>
   </div>
   <div class='ocr_carea' id='block_1_62' title="bbox 1805 2347 3370 2416">
    <p class='ocr_par' dir='ltr' id='par_1_62' title="bbox 1805 2347 3370 2416">
     <span class='ocr_line' id='line_1_62' title="bbox 1805 2347 3370 2416; baseline 0 -15"><span class='ocrx_word' id='word_1_441' title='bbox 1805 2347 1998 2402; x_wconf 90' lang='lat' dir='ltr'><strong>solitus</strong></span> <span class='ocrx_word' id='word_1_442' title='bbox 2021 2356 2157 2412; x_wconf 88' lang='lat' dir='ltr'><strong>erat,</strong></span> <span class='ocrx_word' id='word_1_443' title='bbox 2184 2355 2307 2416; x_wconf 91' lang='lat' dir='ltr'><strong>post</strong></span> <span class='ocrx_word' id='word_1_444' title='bbox 2330 2362 2546 2402; x_wconf 88' lang='lat' dir='ltr'><strong>menses</strong></span> <span class='ocrx_word' id='word_1_445' title='bbox 2567 2362 2769 2416; x_wconf 89' lang='lat' dir='ltr'><strong>paucos</strong></span> <span class='ocrx_word' id='word_1_446' title='bbox 2792 2349 2846 2400; x_wconf 91' lang='lat' dir='ltr'><strong>in</strong></span> <span class='ocrx_word' id='word_1_447' title='bbox 2875 2347 3123 2401; x_wconf 88' lang='lat' dir='ltr'><strong>morbum</strong></span> <span class='ocrx_word' id='word_1_448' title='bbox 3149 2347 3370 2401; x_wconf 78' lang='lat' dir='ltr'><strong>incidit:</strong></span> 
     </span>
    </p>
   </div>
   <div class='ocr_carea' id='block_1_63' title="bbox 1802 2436 3371 2506">
    <p class='ocr_par' dir='ltr' id='par_1_63' title="bbox 1802 2436 3371 2506">
     <span class='ocr_line' id='line_1_63' title="bbox 1802 2436 3371 2506; baseline 0.001 -16"><span class='ocrx_word' id='word_1_449' title='bbox 1802 2436 2118 2505; x_wconf 85' lang='lat' dir='ltr'><strong>vocatisque</strong></span> <span class='ocrx_word' id='word_1_450' title='bbox 2165 2437 2232 2492; x_wconf 92' lang='lat' dir='ltr'><strong>iis</strong></span> <span class='ocrx_word' id='word_1_451' title='bbox 2279 2436 2371 2505; x_wconf 88' lang='lat' dir='ltr'><strong>qui</strong></span> <span class='ocrx_word' id='word_1_452' title='bbox 2422 2451 2605 2489; x_wconf 83' lang='lat' dir='ltr'><strong>secum</strong></span> <span class='ocrx_word' id='word_1_453' title='bbox 2655 2445 2810 2489; x_wconf 87' lang='lat' dir='ltr'><strong>erant</strong></span> <span class='ocrx_word' id='word_1_454' title='bbox 2848 2437 3095 2506; x_wconf 88' lang='lat' dir='ltr'><strong>(duobus</strong></span> <span class='ocrx_word' id='word_1_455' title='bbox 3144 2437 3371 2499; x_wconf 87' lang='lat' dir='ltr'><strong>scilicet,</strong></span> 
     </span>
    </p>
   </div>
   <div class='ocr_carea' id='block_1_64' title="bbox 1803 2527 3376 2598">
    <p class='ocr_par' dir='ltr' id='par_1_64' title="bbox 1803 2527 3376 2598">
     <span class='ocr_line' id='line_1_64' title="bbox 1803 2527 3376 2598; baseline 0.003 -17"><span class='ocrx_word' id='word_1_456' title='bbox 1803 2527 1897 2597; x_wconf 88' lang='lat' dir='ltr'><strong>qui</strong></span> <span class='ocrx_word' id='word_1_457' title='bbox 1937 2528 2084 2584; x_wconf 90' lang='lat' dir='ltr'><strong>intus</strong></span> <span class='ocrx_word' id='word_1_458' title='bbox 2119 2539 2515 2592; x_wconf 89' lang='lat' dir='ltr'><strong>remanserant,</strong></span> <span class='ocrx_word' id='word_1_459' title='bbox 2543 2543 2641 2598; x_wconf 91' lang='lat' dir='ltr'><strong>per</strong></span> <span class='ocrx_word' id='word_1_460' title='bbox 2679 2527 2994 2598; x_wconf 87' lang='lat' dir='ltr'><strong>quindecim</strong></span> <span class='ocrx_word' id='word_1_461' title='bbox 3022 2543 3196 2584; x_wconf 89' lang='lat' dir='ltr'><strong>annos</strong></span> <span class='ocrx_word' id='word_1_462' title='bbox 3221 2545 3376 2585; x_wconf 86' lang='lat' dir='ltr'><strong>asce-</strong></span> 
     </span>
    </p>
   </div>
   <div class='ocr_carea' id='block_1_65' title="bbox 1801 2618 3375 2691">
    <p class='ocr_par' dir='ltr' id='par_1_65' title="bbox 1801 2618 3375 2691">
     <span class='ocr_line' id='line_1_65' title="bbox 1801 2618 3375 2691; baseline 0.004 -21"><span class='ocrx_word' id='word_1_463' title='bbox 1801 2618 1965 2673; x_wconf 90' lang='lat' dir='ltr'><strong>ticam</strong></span> <span class='ocrx_word' id='word_1_464' title='bbox 1995 2629 2236 2689; x_wconf 83' lang='lat' dir='ltr'><strong>agentes,</strong></span> <span class='ocrx_word' id='word_1_465' title='bbox 2268 2630 2432 2691; x_wconf 91' lang='lat' dir='ltr'><strong>atque</strong></span> <span class='ocrx_word' id='word_1_466' title='bbox 2459 2621 2529 2675; x_wconf 92' lang='lat' dir='ltr'><strong>ob</strong></span> <span class='ocrx_word' id='word_1_467' title='bbox 2571 2629 2904 2675; x_wconf 89' lang='lat' dir='ltr'><strong>senectutem</strong></span> <span class='ocrx_word' id='word_1_468' title='bbox 2949 2621 3027 2676; x_wconf 87' lang='lat' dir='ltr'><strong>illi</strong></span> <span class='ocrx_word' id='word_1_469' title='bbox 3058 2623 3375 2677; x_wconf 83' lang='lat' dir='ltr'><strong>ministran-</strong></span> 
     </span>
    </p>
   </div>
   <div class='ocr_carea' id='block_1_66' title="bbox 1801 2709 3377 2780">
    <p class='ocr_par' dir='ltr' id='par_1_66' title="bbox 1801 2709 3377 2780">
     <span class='ocr_line' id='line_1_66' title="bbox 1801 2709 3377 2780; baseline 0.003 -17"><span class='ocrx_word' id='word_1_470' title='bbox 1801 2709 1929 2777; x_wconf 85' lang='lat' dir='ltr'><strong>tes),</strong></span> <span class='ocrx_word' id='word_1_471' title='bbox 1954 2710 2028 2764; x_wconf 83' lang='lat' dir='ltr'><strong>ait</strong></span> <span class='ocrx_word' id='word_1_472' title='bbox 2055 2711 2163 2766; x_wconf 88' lang='lat' dir='ltr'><strong>illis</strong></span> <span class='ocrx_word' id='word_1_473' title='bbox 2191 2730 2204 2765; x_wconf 89' lang='lat'><strong>:</strong></span> <span class='ocrx_word' id='word_1_474' title='bbox 2233 2709 2521 2780; x_wconf 89' lang='lat' dir='ltr'><strong>Equidem,</strong></span> <span class='ocrx_word' id='word_1_475' title='bbox 2545 2718 2606 2764; x_wconf 91' lang='lat' dir='ltr'><strong>ut</strong></span> <span class='ocrx_word' id='word_1_476' title='bbox 2633 2710 2892 2780; x_wconf 87' lang='lat' dir='ltr'><strong>scriptum</strong></span> <span class='ocrx_word' id='word_1_477' title='bbox 2919 2721 3003 2767; x_wconf 92' lang='lat' dir='ltr'><strong>est</strong></span> <span class='ocrx_word' id='word_1_478' title='bbox 3026 2713 3094 2777; x_wconf 72' lang='lat'><strong>“,</strong></span> <span class='ocrx_word' id='word_1_479' title='bbox 3126 2713 3268 2766; x_wconf 84' lang='lat' dir='ltr'><strong>viam</strong></span> <span class='ocrx_word' id='word_1_480' title='bbox 3292 2713 3377 2767; x_wconf 83' lang='lat' dir='ltr'><strong>in-</strong></span> 
     </span>
    </p>
   </div>
   <div class='ocr_carea' id='block_1_67' title="bbox 1803 2798 3371 2868">
    <p class='ocr_par' dir='ltr' id='par_1_67' title="bbox 1803 2798 3371 2868">
     <span class='ocr_line' id='line_1_67' title="bbox 1803 2798 3371 2868; baseline 0.004 -17"><span class='ocrx_word' id='word_1_481' title='bbox 1803 2798 2020 2868; x_wconf 82' lang='lat' dir='ltr'><strong>gredior</strong></span> <span class='ocrx_word' id='word_1_482' title='bbox 2060 2798 2322 2867; x_wconf 88' lang='lat' dir='ltr'><strong>Patrum;</strong></span> <span class='ocrx_word' id='word_1_483' title='bbox 2355 2800 2512 2856; x_wconf 84' lang='lat' dir='ltr'><strong>video</strong></span> <span class='ocrx_word' id='word_1_484' title='bbox 2540 2801 2684 2855; x_wconf 89' lang='lat' dir='ltr'><strong>enim</strong></span> <span class='ocrx_word' id='word_1_485' title='bbox 2721 2816 2751 2854; x_wconf 90' lang='lat' dir='ltr'><strong>a</strong></span> <span class='ocrx_word' id='word_1_486' title='bbox 2785 2801 3012 2856; x_wconf 89' lang='lat' dir='ltr'><strong>Domino</strong></span> <span class='ocrx_word' id='word_1_487' title='bbox 3039 2816 3126 2856; x_wconf 90' lang='lat' dir='ltr'><strong>me</strong></span> <span class='ocrx_word' id='word_1_488' title='bbox 3163 2802 3371 2858; x_wconf 88' lang='lat' dir='ltr'><strong>vocari.</strong></span> 
     </span>
    </p>
   </div>
   <div class='ocr_carea' id='block_1_68' title="bbox 1803 2887 3378 2962">
    <p class='ocr_par' dir='ltr' id='par_1_68' title="bbox 1803 2887 3378 2962">
     <span class='ocr_line' id='line_1_68' title="bbox 1803 2887 3378 2962; baseline 0.003 -18"><span class='ocrx_word' id='word_1_489' title='bbox 1803 2887 1914 2946; x_wconf 79' lang='lat' dir='ltr'><strong>Vos</strong></span> <span class='ocrx_word' id='word_1_490' title='bbox 1953 2901 2134 2946; x_wconf 87' lang='lat' dir='ltr'><strong>autem</strong></span> <span class='ocrx_word' id='word_1_491' title='bbox 2187 2892 2426 2962; x_wconf 79' lang='lat' dir='ltr'><strong>vigilate,</strong></span> <span class='ocrx_word' id='word_1_492' title='bbox 2480 2907 2549 2947; x_wconf 90' lang='lat' dir='ltr'><strong>ac</strong></span> <span class='ocrx_word' id='word_1_493' title='bbox 2600 2892 2928 2947; x_wconf 62' lang='lat' dir='ltr'><strong>diutissimaa</strong></span> <span class='ocrx_word' id='word_1_494' title='bbox 2973 2893 3378 2950; x_wconf 74' lang='lat' dir='ltr'><strong>exercitationis</strong></span> 
     </span>
    </p>
   </div>
   <div class='ocr_carea' id='block_1_69' title="bbox 1802 2983 3378 3055">
    <p class='ocr_par' dir='ltr' id='par_1_69' title="bbox 1802 2983 3378 3055">
     <span class='ocr_line' id='line_1_69' title="bbox 1802 2983 3378 3055; baseline 0.004 -20"><span class='ocrx_word' id='word_1_495' title='bbox 1802 2993 1997 3038; x_wconf 68' lang='lat' dir='ltr'><strong>vestrae</strong></span> <span class='ocrx_word' id='word_1_496' title='bbox 2038 2983 2277 3039; x_wconf 80' lang='lat' dir='ltr'><strong>fructum</strong></span> <span class='ocrx_word' id='word_1_497' title='bbox 2312 3000 2380 3040; x_wconf 91' lang='lat' dir='ltr'><strong>ne</strong></span> <span class='ocrx_word' id='word_1_498' title='bbox 2426 2985 2737 3055; x_wconf 90' lang='lat' dir='ltr'><strong>perditote:</strong></span> <span class='ocrx_word' id='word_1_499' title='bbox 2790 2985 2883 3040; x_wconf 92' lang='lat' dir='ltr'><strong>sed</strong></span> <span class='ocrx_word' id='word_1_500' title='bbox 2917 2987 3072 3055; x_wconf 83' lang='lat' dir='ltr'><strong>quasi</strong></span> <span class='ocrx_word' id='word_1_501' title='bbox 3115 2986 3226 3055; x_wconf 91' lang='lat' dir='ltr'><strong>jam</strong></span> <span class='ocrx_word' id='word_1_502' title='bbox 3257 2987 3378 3055; x_wconf 76' lang='lat' dir='ltr'><strong>ejus</strong></span> 
     </span>
    </p>
   </div>
   <div class='ocr_carea' id='block_1_70' title="bbox 1804 3075 3378 3146">
    <p class='ocr_par' dir='ltr' id='par_1_70' title="bbox 1804 3075 3378 3146">
     <span class='ocr_line' id='line_1_70' title="bbox 1804 3075 3378 3146; baseline 0.003 -18"><span class='ocrx_word' id='word_1_503' title='bbox 1804 3075 2019 3130; x_wconf 90' lang='lat' dir='ltr'><strong>initium</strong></span> <span class='ocrx_word' id='word_1_504' title='bbox 2059 3077 2354 3146; x_wconf 90' lang='lat' dir='ltr'><strong>poneretis,</strong></span> <span class='ocrx_word' id='word_1_505' title='bbox 2397 3087 2584 3132; x_wconf 89' lang='lat' dir='ltr'><strong>curate</strong></span> <span class='ocrx_word' id='word_1_506' title='bbox 2611 3088 2846 3134; x_wconf 88' lang='lat' dir='ltr'><strong>vestram</strong></span> <span class='ocrx_word' id='word_1_507' title='bbox 2899 3079 3133 3134; x_wconf 85' lang='lat' dir='ltr'><strong>retinere</strong></span> <span class='ocrx_word' id='word_1_508' title='bbox 3181 3079 3378 3133; x_wconf 88' lang='lat' dir='ltr'><strong>alacri-</strong></span> 
     </span>
    </p>
   </div>
   <div class='ocr_carea' id='block_1_71' title="bbox 1808 3163 3379 3236">
    <p class='ocr_par' dir='ltr' id='par_1_71' title="bbox 1808 3163 3379 3236">
     <span class='ocr_line' id='line_1_71' title="bbox 1808 3163 3379 3236; baseline 0.002 -19"><span class='ocrx_word' id='word_1_509' title='bbox 1808 3173 1997 3218; x_wconf 91' lang='lat' dir='ltr'><strong>tatem.</strong></span> <span class='ocrx_word' id='word_1_510' title='bbox 2030 3163 2214 3221; x_wconf 85' lang='lat' dir='ltr'><strong>Nostis</strong></span> <span class='ocrx_word' id='word_1_511' title='bbox 2240 3167 2586 3222; x_wconf 88' lang='lat' dir='ltr'><strong>insidiatores</strong></span> <span class='ocrx_word' id='word_1_512' title='bbox 2616 3166 2911 3230; x_wconf 68' lang='lat' dir='ltr'><strong>daemones,</strong></span> <span class='ocrx_word' id='word_1_513' title='bbox 2938 3183 3100 3236; x_wconf 89' lang='lat' dir='ltr'><strong>quam</strong></span> <span class='ocrx_word' id='word_1_514' title='bbox 3132 3167 3240 3221; x_wconf 85' lang='lat' dir='ltr'><strong>sint</strong></span> <span class='ocrx_word' id='word_1_515' title='bbox 3263 3176 3379 3220; x_wconf 87' lang='lat' dir='ltr'><strong>tru-</strong></span> 
     </span>
    </p>
   </div>
   <div class='ocr_carea' id='block_1_72' title="bbox 1807 3255 3380 3328">
    <p class='ocr_par' dir='ltr' id='par_1_72' title="bbox 1807 3255 3380 3328">
     <span class='ocr_line' id='line_1_72' title="bbox 1807 3255 3380 3328; baseline 0.001 -17"><span class='ocrx_word' id='word_1_516' title='bbox 1807 3271 1899 3311; x_wconf 91' lang='lat' dir='ltr'><strong>ces</strong></span> <span class='ocrx_word' id='word_1_517' title='bbox 1933 3255 2176 3327; x_wconf 89' lang='lat' dir='ltr'><strong>quidem,</strong></span> <span class='ocrx_word' id='word_1_518' title='bbox 2203 3259 2295 3313; x_wconf 91' lang='lat' dir='ltr'><strong>sed</strong></span> <span class='ocrx_word' id='word_1_519' title='bbox 2329 3259 2536 3314; x_wconf 89' lang='lat' dir='ltr'><strong>viribus</strong></span> <span class='ocrx_word' id='word_1_520' title='bbox 2571 3259 2850 3314; x_wconf 87' lang='lat' dir='ltr'><strong>imbecilli.</strong></span> <span class='ocrx_word' id='word_1_521' title='bbox 2881 3257 2960 3312; x_wconf 91' lang='lat' dir='ltr'><strong>Ne</strong></span> <span class='ocrx_word' id='word_1_522' title='bbox 2981 3259 3162 3328; x_wconf 89' lang='lat' dir='ltr'><strong>itaque</strong></span> <span class='ocrx_word' id='word_1_523' title='bbox 3193 3259 3380 3313; x_wconf 87' lang='lat' dir='ltr'><strong>timete</strong></span> 
     </span>
    </p>
   </div>
   <div class='ocr_carea' id='block_1_73' title="bbox 1806 3332 3380 3420">
    <p class='ocr_par' dir='ltr' id='par_1_73' title="bbox 1806 3332 3380 3420">
     <span class='ocr_line' id='line_1_73' title="bbox 1806 3332 3380 3420; baseline 0.001 -18"><span class='ocrx_word' id='word_1_524' title='bbox 1806 3333 1968 3403; x_wconf 85' lang='lat' dir='ltr'><strong>illos:</strong></span> <span class='ocrx_word' id='word_1_525' title='bbox 2004 3348 2099 3402; x_wconf 90' lang='lat' dir='ltr'><strong>sed</strong></span> <span class='ocrx_word' id='word_1_526' title='bbox 2136 3332 2412 3404; x_wconf 74' lang='lat' dir='ltr'><strong>Christum</strong></span> <span class='ocrx_word' id='word_1_527' title='bbox 2445 3365 2660 3420; x_wconf 87' lang='lat' dir='ltr'><strong>semper</strong></span> <span class='ocrx_word' id='word_1_528' title='bbox 2690 3351 2974 3420; x_wconf 88' lang='lat' dir='ltr'><strong>respirate,</strong></span> <span class='ocrx_word' id='word_1_529' title='bbox 3022 3350 3234 3420; x_wconf 86' lang='lat' dir='ltr'><strong>ipsique</strong></span> <span class='ocrx_word' id='word_1_530' title='bbox 3260 3365 3380 3404; x_wconf 88' lang='lat' dir='ltr'><strong>cre-</strong></span> 
     </span>
    </p>
   </div>
   <div class='ocr_carea' id='block_1_74' title="bbox 1807 3438 3380 3510">
    <p class='ocr_par' dir='ltr' id='par_1_74' title="bbox 1807 3438 3380 3510">
     <span class='ocr_line' id='line_1_74' title="bbox 1807 3438 3380 3510; baseline 0.003 -18"><span class='ocrx_word' id='word_1_531' title='bbox 1807 3438 1954 3492; x_wconf 88' lang='lat' dir='ltr'><strong>dite:</strong></span> <span class='ocrx_word' id='word_1_532' title='bbox 1986 3453 2051 3493; x_wconf 91' lang='lat' dir='ltr'><strong>ac</strong></span> <span class='ocrx_word' id='word_1_533' title='bbox 2100 3440 2247 3493; x_wconf 89' lang='lat' dir='ltr'><strong>velut</strong></span> <span class='ocrx_word' id='word_1_534' title='bbox 2279 3441 2524 3510; x_wconf 90' lang='lat' dir='ltr'><strong>quotidie</strong></span> <span class='ocrx_word' id='word_1_535' title='bbox 2573 3442 2822 3496; x_wconf 90' lang='lat' dir='ltr'><strong>morituri</strong></span> <span class='ocrx_word' id='word_1_536' title='bbox 2864 3441 3068 3496; x_wconf 87' lang='lat' dir='ltr'><strong>vivite:</strong></span> <span class='ocrx_word' id='word_1_537' title='bbox 3115 3440 3380 3510; x_wconf 84' lang='lat' dir='ltr'><strong>vobisque</strong></span> 
     </span>
    </p>
   </div>
   <div class='ocr_carea' id='block_1_75' title="bbox 1808 3531 3379 3603">
    <p class='ocr_par' dir='ltr' id='par_1_75' title="bbox 1808 3531 3379 3603">
     <span class='ocr_line' id='line_1_75' title="bbox 1808 3531 3379 3603; baseline 0.004 -19"><span class='ocrx_word' id='word_1_538' title='bbox 1808 3531 1942 3600; x_wconf 90' lang='lat' dir='ltr'><strong>ipsis</strong></span> <span class='ocrx_word' id='word_1_539' title='bbox 1991 3533 2293 3600; x_wconf 86' lang='lat' dir='ltr'><strong>attendite,</strong></span> <span class='ocrx_word' id='word_1_540' title='bbox 2349 3548 2620 3588; x_wconf 84' lang='lat' dir='ltr'><strong>memores</strong></span> <span class='ocrx_word' id='word_1_541' title='bbox 2670 3549 2915 3588; x_wconf 85' lang='lat' dir='ltr'><strong>mearum</strong></span> <span class='ocrx_word' id='word_1_542' title='bbox 2961 3548 3099 3603; x_wconf 88' lang='lat' dir='ltr'><strong>quas</strong></span> <span class='ocrx_word' id='word_1_543' title='bbox 3146 3534 3379 3591; x_wconf 86' lang='lat' dir='ltr'><strong>audistis</strong></span> 
     </span>
    </p>
   </div>
   <div class='ocr_carea' id='block_1_76' title="bbox 1811 3623 3377 3692">
    <p class='ocr_par' dir='ltr' id='par_1_76' title="bbox 1811 3623 3377 3692">
     <span class='ocr_line' id='line_1_76' title="bbox 1811 3623 3377 3692; baseline 0.005 -18"><span class='ocrx_word' id='word_1_544' title='bbox 1811 3623 2257 3692; x_wconf 54' lang='lat' dir='ltr'><strong>praceptionum.</strong></span> <span class='ocrx_word' id='word_1_545' title='bbox 2309 3623 2464 3677; x_wconf 79' lang='lat' dir='ltr'><strong>Nulla</strong></span> <span class='ocrx_word' id='word_1_546' title='bbox 2495 3625 2650 3679; x_wconf 90' lang='lat' dir='ltr'><strong>vobis</strong></span> <span class='ocrx_word' id='word_1_547' title='bbox 2682 3625 2754 3680; x_wconf 90' lang='lat' dir='ltr'><strong>sit</strong></span> <span class='ocrx_word' id='word_1_548' title='bbox 2799 3626 3222 3681; x_wconf 88' lang='lat' dir='ltr'><strong>communicatio</strong></span> <span class='ocrx_word' id='word_1_549' title='bbox 3251 3642 3377 3682; x_wconf 86' lang='lat' dir='ltr'><strong>cum</strong></span> 
     </span>
    </p>
   </div>
   <div class='ocr_carea' id='block_1_77' title="bbox 1811 3715 3376 3784">
    <p class='ocr_par' dir='ltr' id='par_1_77' title="bbox 1811 3715 3376 3784">
     <span class='ocr_line' id='line_1_77' title="bbox 1811 3715 3376 3784; baseline 0.005 -16"><span class='ocrx_word' id='word_1_550' title='bbox 1811 3715 2197 3780; x_wconf 86' lang='lat' dir='ltr'><strong>schismaticis,</strong></span> <span class='ocrx_word' id='word_1_551' title='bbox 2241 3724 2337 3770; x_wconf 82' lang='lat' dir='ltr'><strong>aut</strong></span> <span class='ocrx_word' id='word_1_552' title='bbox 2384 3731 2613 3784; x_wconf 89' lang='lat' dir='ltr'><strong>prorsus</strong></span> <span class='ocrx_word' id='word_1_553' title='bbox 2662 3733 2788 3771; x_wconf 89' lang='lat' dir='ltr'><strong>cum</strong></span> <span class='ocrx_word' id='word_1_554' title='bbox 2817 3718 3085 3774; x_wconf 84' lang='lat' dir='ltr'><strong>haereticis</strong></span> <span class='ocrx_word' id='word_1_555' title='bbox 3135 3719 3376 3779; x_wconf 83' lang='lat' dir='ltr'><strong>Arianis.</strong></span> 
     </span>
    </p>
   </div>
   <div class='ocr_carea' id='block_1_78' title="bbox 1809 3801 3378 3874">
    <p class='ocr_par' dir='ltr' id='par_1_78' title="bbox 1809 3801 3378 3874">
     <span class='ocr_line' id='line_1_78' title="bbox 1809 3801 3378 3874; baseline 0.006 -18"><span class='ocrx_word' id='word_1_556' title='bbox 1809 3801 1993 3857; x_wconf 82' lang='lat' dir='ltr'><strong>Nostis</strong></span> <span class='ocrx_word' id='word_1_557' title='bbox 2040 3803 2184 3858; x_wconf 90' lang='lat' dir='ltr'><strong>enim</strong></span> <span class='ocrx_word' id='word_1_558' title='bbox 2241 3806 2336 3873; x_wconf 80' lang='lat' dir='ltr'><strong>qui</strong></span> <span class='ocrx_word' id='word_1_559' title='bbox 2369 3804 2492 3859; x_wconf 90' lang='lat' dir='ltr'><strong>illos</strong></span> <span class='ocrx_word' id='word_1_560' title='bbox 2539 3819 2639 3874; x_wconf 81' lang='lat' dir='ltr'><strong>ego</strong></span> <span class='ocrx_word' id='word_1_561' title='bbox 2688 3803 3067 3874; x_wconf 81' lang='lat' dir='ltr'><strong>confutarem,</strong></span> <span class='ocrx_word' id='word_1_562' title='bbox 3102 3807 3174 3864; x_wconf 83' lang='lat' dir='ltr'><strong>ob</strong></span> <span class='ocrx_word' id='word_1_563' title='bbox 3219 3823 3378 3865; x_wconf 87' lang='lat' dir='ltr'><strong>suam</strong></span> 
     </span>
    </p>
   </div>
   <div class='ocr_carea' id='block_1_79' title="bbox 1441 3959 2045 4017">
    <p class='ocr_par' dir='ltr' id='par_1_79' title="bbox 1441 3959 2045 4017">
     <span class='ocr_line' id='line_1_79' title="bbox 1441 3959 2045 4017; baseline 0.002 -1"><span class='ocrx_word' id='word_1_564' title='bbox 1441 3959 1577 4016; x_wconf 81' lang='lat' dir='ltr'><strong>VEB</strong></span> <span class='ocrx_word' id='word_1_565' title='bbox 1586 3959 1695 4015; x_wconf 87' lang='lat' dir='ltr'><strong>SIO</strong></span> <span class='ocrx_word' id='word_1_566' title='bbox 1736 3959 2045 4017; x_wconf 79' lang='lat' dir='ltr'><strong>EVAGRII.</strong></span> 
     </span>
    </p>
   </div>
   <div class='ocr_carea' id='block_1_80' title="bbox 147 4109 3378 4192">
    <p class='ocr_par' dir='ltr' id='par_1_80' title="bbox 147 4109 3378 4192">
     <span class='ocr_line' id='line_1_80' title="bbox 147 4109 3378 4192; baseline 0 -19"><span class='ocrx_word' id='word_1_567' title='bbox 147 4109 362 4192; x_wconf 64' lang='lat' dir='ltr'><strong>lgqtulog</strong></span> <span class='ocrx_word' id='word_1_568' title='bbox 378 4117 528 4192; x_wconf 86' lang='lat' dir='ltr'><strong>domi</strong></span> <span class='ocrx_word' id='word_1_569' title='bbox 560 4122 735 4190; x_wconf 89' lang='lat' dir='ltr'><strong>posita</strong></span> <span class='ocrx_word' id='word_1_570' title='bbox 762 4133 1061 4176; x_wconf 88' lang='lat' dir='ltr'><strong>reservare.</strong></span> <span class='ocrx_word' id='word_1_571' title='bbox 1091 4119 1248 4176; x_wconf 84' lang='lat' dir='ltr'><strong>Hunc</strong></span> <span class='ocrx_word' id='word_1_572' title='bbox 1275 4120 1534 4175; x_wconf 87' lang='lat' dir='ltr'><strong>honorem</strong></span> <span class='ocrx_word' id='word_1_573' title='bbox 1561 4119 1968 4190; x_wconf 86' lang='lat' dir='ltr'><strong>quiescentibus</strong></span> <span class='ocrx_word' id='word_1_574' title='bbox 1996 4117 2170 4192; x_wconf 77' lang='lat' dir='ltr'><strong>reddi,</strong></span> <span class='ocrx_word' id='word_1_575' title='bbox 2211 4117 2522 4192; x_wconf 70' lang='lat' dir='ltr'><strong>inveterata:</strong></span> <span class='ocrx_word' id='word_1_576' title='bbox 2549 4116 2974 4192; x_wconf 77' lang='lat' dir='ltr'><strong>consuetudinis</strong></span> <span class='ocrx_word' id='word_1_577' title='bbox 3012 4116 3226 4173; x_wconf 81' lang='lat' dir='ltr'><strong>vanitas</strong></span> <span class='ocrx_word' id='word_1_578' title='bbox 3262 4125 3378 4192; x_wconf 75' lang='lat' dir='ltr'><strong>tra-</strong></span> 
     </span>
    </p>
   </div>
   <div class='ocr_carea' id='block_1_81' title="bbox 147 4179 3375 4260">
    <p class='ocr_par' dir='ltr' id='par_1_81' title="bbox 147 4179 3375 4260">
     <span class='ocr_line' id='line_1_81' title="bbox 147 4179 3375 4260; baseline 0.002 -26"><span class='ocrx_word' id='word_1_579' title='bbox 147 4179 293 4238; x_wconf 87' lang='lat' dir='ltr'><strong>didit.</strong></span> <span class='ocrx_word' id='word_1_580' title='bbox 322 4184 397 4242; x_wconf 90' lang='lat' dir='ltr'><strong>De</strong></span> <span class='ocrx_word' id='word_1_581' title='bbox 417 4191 522 4247; x_wconf 90' lang='lat' dir='ltr'><strong>hoc</strong></span> <span class='ocrx_word' id='word_1_582' title='bbox 552 4179 824 4246; x_wconf 59' lang='lat' dir='ltr'><strong>Antonius</strong></span> <span class='ocrx_word' id='word_1_583' title='bbox 850 4204 992 4259; x_wconf 67' lang='lat' dir='ltr'><strong>saape</strong></span> <span class='ocrx_word' id='word_1_584' title='bbox 1027 4201 1080 4246; x_wconf 92' lang='lat' dir='ltr'><strong>et</strong></span> <span class='ocrx_word' id='word_1_585' title='bbox 1106 4192 1392 4260; x_wconf 86' lang='lat' dir='ltr'><strong>episcopos</strong></span> <span class='ocrx_word' id='word_1_586' title='bbox 1424 4179 1744 4260; x_wconf 69' lang='lat' dir='ltr'><strong>deprecatus</strong></span> <span class='ocrx_word' id='word_1_587' title='bbox 1791 4199 1894 4250; x_wconf 86' lang='lat' dir='ltr'><strong>est,</strong></span> <span class='ocrx_word' id='word_1_588' title='bbox 1923 4199 1982 4242; x_wconf 90' lang='lat' dir='ltr'><strong>ut</strong></span> <span class='ocrx_word' id='word_1_589' title='bbox 2013 4179 2645 4260; x_wconf 76' lang='lat' dir='ltr'><strong>populosecclesiastica</strong></span> <span class='ocrx_word' id='word_1_590' title='bbox 2689 4187 3097 4260; x_wconf 70' lang='lat' dir='ltr'><strong>contestatione</strong></span> <span class='ocrx_word' id='word_1_591' title='bbox 3133 4189 3375 4260; x_wconf 77' lang='lat' dir='ltr'><strong>corrige-</strong></span> 
     </span>
    </p>
   </div>
   <div class='ocr_carea' id='block_1_82' title="bbox 147 4255 3374 4329">
    <p class='ocr_par' dir='ltr' id='par_1_82' title="bbox 147 4255 3374 4329">
     <span class='ocr_line' id='line_1_82' title="bbox 147 4255 3374 4329; baseline -0.002 -11"><span class='ocrx_word' id='word_1_592' title='bbox 147 4262 260 4329; x_wconf 57' lang='lat' dir='ltr'><strong>Iem</strong></span> <span class='ocrx_word' id='word_1_593' title='bbox 281 4271 295 4318; x_wconf 74' lang='grc' dir='ltr'><strong>ς</strong></span> <span class='ocrx_word' id='word_1_594' title='bbox 319 4266 372 4311; x_wconf 91' lang='lat' dir='ltr'><strong>et</strong></span> <span class='ocrx_word' id='word_1_595' title='bbox 396 4261 567 4316; x_wconf 89' lang='lat' dir='ltr'><strong>laicos</strong></span> <span class='ocrx_word' id='word_1_596' title='bbox 593 4263 738 4317; x_wconf 91' lang='lat' dir='ltr'><strong>viros</strong></span> <span class='ocrx_word' id='word_1_597' title='bbox 764 4277 829 4316; x_wconf 89' lang='lat' dir='ltr'><strong>ac</strong></span> <span class='ocrx_word' id='word_1_598' title='bbox 849 4255 1104 4316; x_wconf 77' lang='lat' dir='ltr'><strong>mulieres</strong></span> <span class='ocrx_word' id='word_1_599' title='bbox 1132 4255 1358 4329; x_wconf 75' lang='lat' dir='ltr'><strong>rigidius</strong></span> <span class='ocrx_word' id='word_1_600' title='bbox 1391 4255 1512 4329; x_wconf 76' lang='lat' dir='ltr'><strong>ipse</strong></span> <span class='ocrx_word' id='word_1_601' title='bbox 1541 4261 1816 4321; x_wconf 89' lang='lat' dir='ltr'><strong>convenit,</strong></span> <span class='ocrx_word' id='word_1_602' title='bbox 1846 4255 2035 4314; x_wconf 69' lang='lat' dir='ltr'><strong>dicens</strong></span> <span class='ocrx_word' id='word_1_603' title='bbox 2059 4255 2216 4314; x_wconf 57' lang='lat' dir='ltr'><strong>{Nec</strong></span> <span class='ocrx_word' id='word_1_604' title='bbox 2250 4259 2548 4328; x_wconf 77' lang='lat' dir='ltr'><strong>legitimum</strong></span> <span class='ocrx_word' id='word_1_605' title='bbox 2595 4259 2698 4312; x_wconf 92' lang='lat' dir='ltr'><strong>hoc</strong></span> <span class='ocrx_word' id='word_1_606' title='bbox 2739 4272 2882 4322; x_wconf 86' lang='lat' dir='ltr'><strong>esse,</strong></span> <span class='ocrx_word' id='word_1_607' title='bbox 2923 4271 3036 4329; x_wconf 88' lang='lat' dir='ltr'><strong>_nec</strong></span> <span class='ocrx_word' id='word_1_608' title='bbox 3068 4255 3178 4329; x_wconf 73' lang='grc' dir='ltr'>οε.»</span> <span class='ocrx_word' id='word_1_609' title='bbox 3203 4255 3374 4326; x_wconf 76' lang='grc' dir='ltr'>ι)ιοῖιὶ-</span> 
     </span>
    </p>
   </div>
   <div class='ocr_carea' id='block_1_83' title="bbox 148 4326 3375 4400">
    <p class='ocr_par' dir='ltr' id='par_1_83' title="bbox 148 4326 3375 4400">
     <span class='ocr_line' id='line_1_83' title="bbox 148 4326 3375 4400; baseline -0.003 -11"><span class='ocrx_word' id='word_1_610' title='bbox 148 4328 289 4400; x_wconf 65' lang='grc' dir='ltr'><strong>ιιξιιη</strong></span> <span class='ocrx_word' id='word_1_611' title='bbox 315 4329 514 4400; x_wconf 88' lang='lat' dir='ltr'><strong>quippe</strong></span> <span class='ocrx_word' id='word_1_612' title='bbox 545 4347 668 4386; x_wconf 86' lang='lat' dir='ltr'><strong>cum</strong></span> <span class='ocrx_word' id='word_1_613' title='bbox 709 4331 1138 4400; x_wconf 86' lang='lat' dir='ltr'><strong>patriarcharum</strong></span> <span class='ocrx_word' id='word_1_614' title='bbox 1161 4326 1215 4385; x_wconf 80' lang='lat' dir='ltr'><strong>et</strong></span> <span class='ocrx_word' id='word_1_615' title='bbox 1245 4326 1625 4400; x_wconf 80' lang='lat' dir='ltr'><strong>prophetarum</strong></span> <span class='ocrx_word' id='word_1_616' title='bbox 1650 4331 1920 4397; x_wconf 88' lang='lat' dir='ltr'><strong>sepulcra,</strong></span> <span class='ocrx_word' id='word_1_617' title='bbox 1949 4344 2071 4398; x_wconf 83' lang='lat' dir='ltr'><strong>quae</strong></span> <span class='ocrx_word' id='word_1_618' title='bbox 2113 4331 2178 4383; x_wconf 87' lang='lat' dir='ltr'><strong>ad</strong></span> <span class='ocrx_word' id='word_1_619' title='bbox 2212 4326 2323 4400; x_wconf 42' lang='lat' dir='ltr'><strong>nos‘</strong></span> <span class='ocrx_word' id='word_1_620' title='bbox 2352 4345 2526 4398; x_wconf 88' lang='lat' dir='ltr'><strong>usque</strong></span> <span class='ocrx_word' id='word_1_621' title='bbox 2564 4329 2876 4400; x_wconf 78' lang='lat' dir='ltr'><strong>perdurant,</strong></span> <span class='ocrx_word' id='word_1_622' title='bbox 2923 4326 3037 4400; x_wconf 63' lang='lat' dir='ltr'><strong>haec</strong></span> <span class='ocrx_word' id='word_1_623' title='bbox 3069 4327 3212 4400; x_wconf 77' lang='lat' dir='ltr'><strong>facta</strong></span> <span class='ocrx_word' id='word_1_624' title='bbox 3240 4343 3375 4381; x_wconf 85' lang='lat' dir='ltr'><strong>con-</strong></span> 
     </span>
    </p>
   </div>
   <div class='ocr_carea' id='block_1_84' title="bbox 149 4391 3374 4523">
    <p class='ocr_par' dir='ltr' id='par_1_84' title="bbox 149 4391 3374 4523">
     <span class='ocr_line' id='line_1_84' title="bbox 149 4391 3374 4470; baseline 0.003 -29"><span class='ocrx_word' id='word_1_625' title='bbox 149 4391 746 4456; x_wconf 49' lang='lat' dir='ltr'><strong>vinceréntZ&#39;Dominiéi</strong></span> <span class='ocrx_word' id='word_1_626' title='bbox 779 4416 995 4470; x_wconf 87' lang='lat' dir='ltr'><strong>quoque</strong></span> <span class='ocrx_word' id='word_1_627' title='bbox 1035 4416 1128 4454; x_wconf 90' lang='lat' dir='ltr'><strong>cor</strong></span> <span class='ocrx_word' id='word_1_628' title='bbox 1169 4391 1280 4454; x_wconf 80' lang='lat' dir='ltr'><strong>oris</strong></span> <span class='ocrx_word' id='word_1_629' title='bbox 1311 4391 1616 4470; x_wconf 69' lang='lat' dir='ltr'><strong>eiremplum</strong></span> <span class='ocrx_word' id='word_1_630' title='bbox 1669 4391 1922 4468; x_wconf 80' lang='lat' dir='ltr'><strong>oportere</strong></span> <span class='ocrx_word' id='word_1_631' title='bbox 1967 4391 2172 4453; x_wconf 75' lang='lat' dir='ltr'><strong>intueri</strong></span> <span class='ocrx_word' id='word_1_632' title='bbox 2221 4391 2465 4468; x_wconf 68' lang='lat' dir='ltr'><strong>jubebat,</strong></span> <span class='ocrx_word' id='word_1_633' title='bbox 2514 4391 2660 4468; x_wconf 82' lang='lat' dir='ltr'><strong>quod</strong></span> <span class='ocrx_word' id='word_1_634' title='bbox 2711 4397 2766 4448; x_wconf 92' lang='lat' dir='ltr'><strong>in</strong></span> <span class='ocrx_word' id='word_1_635' title='bbox 2806 4393 3056 4465; x_wconf 65' lang='lat' dir='ltr'><strong>sepulcro</strong></span> <span class='ocrx_word' id='word_1_636' title='bbox 3108 4395 3374 4465; x_wconf 79' lang='lat' dir='ltr'><strong>positum,</strong></span> 
     </span>
     <span class='ocr_line' id='line_1_85' title="bbox 149 4417 3374 4523; baseline -0.001 0"><span class='ocrx_word' id='word_1_637' title='bbox 149 4458 333 4523; x_wconf 55' lang='lat' dir='ltr'><strong>laliide.</strong></span> <span class='ocrx_word' id='word_1_638' title='bbox 360 4484 536 4523; x_wconf 79' lang='lat' dir='ltr'><strong>usque</strong></span> <span class='ocrx_word' id='word_1_639' title='bbox 567 4473 633 4523; x_wconf 86' lang='lat' dir='ltr'><strong>ad</strong></span> <span class='ocrx_word' id='word_1_640' title='bbox 668 4472 1083 4523; x_wconf 87' lang='lat' dir='ltr'><strong>resurrectionis</strong></span> <span class='ocrx_word' id='word_1_641' title='bbox 1112 4417 1254 4523; x_wconf 55' lang='lat' dir='ltr'><strong>diem</strong></span> <span class='ocrx_word' id='word_1_642' title='bbox 1290 4471 1532 4523; x_wconf 87' lang='lat' dir='ltr'><strong>tertium.</strong></span> <span class='ocrx_word' id='word_1_643' title='bbox 1576 4471 1824 4523; x_wconf 89' lang='lat' dir='ltr'><strong>clausum</strong></span> <span class='ocrx_word' id='word_1_644' title='bbox 1872 4468 2054 4523; x_wconf 87' lang='lat' dir='ltr'><strong>fuerit.</strong></span> <span class='ocrx_word' id='word_1_645' title='bbox 2101 4469 2277 4523; x_wconf 80' lang='lat' dir='ltr'><strong>Atu’ue</strong></span> <span class='ocrx_word' id='word_1_646' title='bbox 2322 4470 2407 4523; x_wconf 88' lang='lat' dir='ltr'><strong>his</strong></span> <span class='ocrx_word' id='word_1_647' title='bbox 2461 4469 2640 4523; x_wconf 87' lang='lat' dir='ltr'><strong>modis</strong></span> <span class='ocrx_word' id='word_1_648' title='bbox 2689 4467 2878 4519; x_wconf 81' lang='lat' dir='ltr'><strong>vitium</strong></span> <span class='ocrx_word' id='word_1_649' title='bbox 2911 4469 3057 4520; x_wconf 81' lang='lat' dir='ltr'><strong>circa</strong></span> <span class='ocrx_word' id='word_1_650' title='bbox 3088 4469 3374 4523; x_wconf 81' lang='lat' dir='ltr'><strong>defunctos</strong></span> 
     </span>
    </p>
   </div>
   <div class='ocr_carea' id='block_1_85' title="bbox 149 4458 3376 4540">
    <p class='ocr_par' dir='ltr' id='par_1_85' title="bbox 149 4458 3376 4540">
     <span class='ocr_line' id='line_1_86' title="bbox 149 4458 3376 4540; baseline 0.001 -20"><span class='ocrx_word' id='word_1_651' title='bbox 149 4458 536 4540; x_wconf 51' lang='lat' dir='ltr'><strong>lapideusque</strong></span> <span class='ocrx_word' id='word_1_652' title='bbox 567 4473 633 4525; x_wconf 88' lang='lat' dir='ltr'><strong>ad</strong></span> <span class='ocrx_word' id='word_1_653' title='bbox 668 4458 1083 4525; x_wconf 72' lang='lat' dir='ltr'><strong>resurrectionis</strong></span> <span class='ocrx_word' id='word_1_654' title='bbox 1112 4458 1254 4524; x_wconf 82' lang='lat' dir='ltr'><strong>diem</strong></span> <span class='ocrx_word' id='word_1_655' title='bbox 1290 4458 1532 4530; x_wconf 76' lang='lat' dir='ltr'><strong>tertium.</strong></span> <span class='ocrx_word' id='word_1_656' title='bbox 1576 4458 1824 4540; x_wconf 75' lang='lat' dir='ltr'><strong>clausum</strong></span> <span class='ocrx_word' id='word_1_657' title='bbox 1872 4468 2054 4540; x_wconf 78' lang='lat' dir='ltr'><strong>fuerit.</strong></span> <span class='ocrx_word' id='word_1_658' title='bbox 2101 4458 2290 4540; x_wconf 10' lang='lat' dir='ltr'><strong>Atque!</strong></span> <span class='ocrx_word' id='word_1_659' title='bbox 2322 4470 2407 4524; x_wconf 89' lang='lat' dir='ltr'><strong>his</strong></span> <span class='ocrx_word' id='word_1_660' title='bbox 2455 4458 2640 4524; x_wconf 65' lang='lat' dir='ltr'><strong>nitidis</strong></span> <span class='ocrx_word' id='word_1_661' title='bbox 2668 4458 2885 4540; x_wconf 15' lang='lat' dir='ltr'><strong>rvitiunt&#39;</strong></span> <span class='ocrx_word' id='word_1_662' title='bbox 2911 4469 3057 4520; x_wconf 81' lang='lat' dir='ltr'><strong>circa</strong></span> <span class='ocrx_word' id='word_1_663' title='bbox 3088 4458 3376 4524; x_wconf 78' lang='lat' dir='ltr'><strong>defunctos</strong></span> 
     </span>
    </p>
   </div>
   <div class='ocr_carea' id='block_1_86' title="bbox 152 4527 3378 4610">
    <p class='ocr_par' dir='ltr' id='par_1_86' title="bbox 152 4527 3378 4610">
     <span class='ocr_line' id='line_1_87' title="bbox 152 4527 3378 4610; baseline -0.002 -15"><span class='ocrx_word' id='word_1_664' title='bbox 152 4527 378 4610; x_wconf 61' lang='lat' dir='ltr'><strong>@gypti,</strong></span> <span class='ocrx_word' id='word_1_665' title='bbox 411 4527 626 4595; x_wconf 71' lang='lat' dir='ltr'><strong>etiamsi</strong></span> <span class='ocrx_word' id='word_1_666' title='bbox 675 4551 861 4596; x_wconf 89' lang='lat' dir='ltr'><strong>sancta</strong></span> <span class='ocrx_word' id='word_1_667' title='bbox 884 4551 1065 4594; x_wconf 90' lang='lat' dir='ltr'><strong>essent</strong></span> <span class='ocrx_word' id='word_1_668' title='bbox 1088 4555 1339 4609; x_wconf 88' lang='lat' dir='ltr'><strong>corpora,</strong></span> <span class='ocrx_word' id='word_1_669' title='bbox 1370 4527 1718 4610; x_wconf 72' lang='lat' dir='ltr'><strong>coarguebat,</strong></span> <span class='ocrx_word' id='word_1_670' title='bbox 1753 4539 1939 4594; x_wconf 88' lang='lat' dir='ltr'><strong>dicens</strong></span> <span class='ocrx_word' id='word_1_671' title='bbox 1968 4557 1981 4592; x_wconf 92' lang='lat'>:</span> <span class='ocrx_word' id='word_1_672' title='bbox 2012 4539 2153 4604; x_wconf 84' lang='lat' dir='ltr'><strong>Quid</strong></span> <span class='ocrx_word' id='word_1_673' title='bbox 2187 4527 2365 4610; x_wconf 75' lang='lat' dir='ltr'><strong>inajus</strong></span> <span class='ocrx_word' id='word_1_674' title='bbox 2389 4548 2484 4592; x_wconf 89' lang='lat' dir='ltr'><strong>aut</strong></span> <span class='ocrx_word' id='word_1_675' title='bbox 2507 4539 3020 4610; x_wconf 52' lang='lat' dir='ltr'><strong>sanctiusucorpore</strong></span> <span class='ocrx_word' id='word_1_676' title='bbox 3059 4547 3236 4605; x_wconf 87' lang='lat' dir='ltr'><strong>potest</strong></span> <span class='ocrx_word' id='word_1_677' title='bbox 3255 4553 3378 4610; x_wconf 87' lang='lat' dir='ltr'><strong>esse</strong></span> 
     </span>
    </p>
   </div>
   <div class='ocr_carea' id='block_1_87' title="bbox 153 4596 3379 4680">
    <p class='ocr_par' dir='ltr' id='par_1_87' title="bbox 153 4596 3379 4680">
     <span class='ocr_line' id='line_1_88' title="bbox 153 4596 3379 4680; baseline 0.003 -27"><span class='ocrx_word' id='word_1_678' title='bbox 153 4596 442 4680; x_wconf 63' lang='lat' dir='ltr'><strong>Dominico,</strong></span> <span class='ocrx_word' id='word_1_679' title='bbox 470 4613 615 4680; x_wconf 89' lang='lat' dir='ltr'><strong>quod</strong></span> <span class='ocrx_word' id='word_1_680' title='bbox 637 4616 793 4678; x_wconf 81' lang='lat' dir='ltr'><strong>juxta</strong></span> <span class='ocrx_word' id='word_1_681' title='bbox 821 4596 1269 4664; x_wconf 63' lang='lat' dir='ltr'><strong>consuetudinEm</strong></span> <span class='ocrx_word' id='word_1_682' title='bbox 1295 4596 1535 4680; x_wconf 64' lang='lat' dir='ltr'><strong>gentium</strong></span> <span class='ocrx_word' id='word_1_683' title='bbox 1568 4596 1889 4664; x_wconf 69' lang='lat' dir='ltr'><strong>caterarum</strong></span> <span class='ocrx_word' id='word_1_684' title='bbox 1919 4596 2102 4680; x_wconf 69' lang='lat' dir='ltr'><strong>humo</strong></span> <span class='ocrx_word' id='word_1_685' title='bbox 2137 4596 2413 4680; x_wconf 69' lang='lat' dir='ltr'><strong>conditum</strong></span> <span class='ocrx_word' id='word_1_686' title='bbox 2444 4607 2567 4662; x_wconf 88' lang='lat' dir='ltr'><strong>est?</strong></span> <span class='ocrx_word' id='word_1_687' title='bbox 2597 4608 2708 4680; x_wconf 76' lang='lat' dir='ltr'><strong>(l5)</strong></span> <span class='ocrx_word' id='word_1_688' title='bbox 2742 4596 3075 4680; x_wconf 30' lang='lat' dir='ltr'><strong>Haecfjusta&#39;</strong></span> <span class='ocrx_word' id='word_1_689' title='bbox 3092 4609 3379 4680; x_wconf 81' lang='lat' dir='ltr'><strong>persuasio</strong></span> 
     </span>
    </p>
   </div>
   <div class='ocr_carea' id='block_1_88' title="bbox 152 4673 3378 4795">
    <p class='ocr_par' dir='ltr' id='par_1_88' title="bbox 152 4673 3378 4795">
     <span class='ocr_line' id='line_1_89' title="bbox 152 4673 3378 4795; baseline 0.002 -69"><span class='ocrx_word' id='word_1_690' title='bbox 152 4673 435 4795; x_wconf 48' lang='lat' dir='ltr'><strong>mqomm</strong></span> <span class='ocrx_word' id='word_1_691' title='bbox 458 4673 684 4735; x_wconf 80' lang='lat' dir='ltr'><strong>insitum</strong></span> <span class='ocrx_word' id='word_1_692' title='bbox 719 4681 898 4735; x_wconf 88' lang='lat' dir='ltr'><strong>evellit</strong></span> <span class='ocrx_word' id='word_1_693' title='bbox 924 4695 1186 4743; x_wconf 84' lang='lat' dir='ltr'><strong>errorem,</strong></span> <span class='ocrx_word' id='word_1_694' title='bbox 1222 4689 1276 4734; x_wconf 89' lang='lat' dir='ltr'><strong>et</strong></span> <span class='ocrx_word' id='word_1_695' title='bbox 1297 4673 1556 4750; x_wconf 70' lang='lat' dir='ltr'><strong>repositis</strong></span> <span class='ocrx_word' id='word_1_696' title='bbox 1586 4681 1640 4733; x_wconf 92' lang='lat' dir='ltr'><strong>in</strong></span> <span class='ocrx_word' id='word_1_697' title='bbox 1661 4687 1805 4733; x_wconf 90' lang='lat' dir='ltr'><strong>terra</strong></span> <span class='ocrx_word' id='word_1_698' title='bbox 1833 4679 2208 4742; x_wconf 87' lang='lat' dir='ltr'><strong>cadaveribus,</strong></span> <span class='ocrx_word' id='word_1_699' title='bbox 2235 4677 2466 4732; x_wconf 86' lang='lat' dir='ltr'><strong>Domino</strong></span> <span class='ocrx_word' id='word_1_700' title='bbox 2487 4673 2695 4748; x_wconf 85' lang='lat' dir='ltr'><strong>gratias</strong></span> <span class='ocrx_word' id='word_1_701' title='bbox 2729 4689 2831 4745; x_wconf 85' lang='lat' dir='ltr'><strong>pro</strong></span> <span class='ocrx_word' id='word_1_702' title='bbox 2866 4675 3012 4730; x_wconf 92' lang='lat' dir='ltr'><strong>bono</strong></span> <span class='ocrx_word' id='word_1_703' title='bbox 3057 4673 3378 4746; x_wconf 75' lang='lat' dir='ltr'><strong>niagisterio</strong></span> 
     </span>
     <span class='ocr_line' id='line_1_90' title="bbox 230 4757 451 4795; baseline 0.005 -1"><span class='ocrx_word' id='word_1_704' title='bbox 230 4757 260 4794; x_wconf 82' lang='grc' dir='ltr'><strong>υ</strong></span> <span class='ocrx_word' id='word_1_705' title='bbox 282 4759 451 4795; x_wconf 63' lang='lat' dir='ltr'><strong>erunt</strong></span> 
     </span>
    </p>
   </div>
   <div class='ocr_carea' id='block_1_89' title="bbox 155 4750 458 4810">
    <p class='ocr_par' dir='ltr' id='par_1_89' title="bbox 155 4750 458 4810">
     <span class='ocr_line' id='line_1_91' title="bbox 155 4750 458 4810; baseline 0.036 -18"><span class='ocrx_word' id='word_1_706' title='bbox 155 4750 458 4810; x_wconf 85' lang='lat' dir='ltr'><strong>retulerunt.</strong></span> 
     </span>
    </p>
   </div>
   <div class='ocr_carea' id='block_1_90' title="bbox 219 4810 3378 4890">
    <p class='ocr_par' dir='ltr' id='par_1_90' title="bbox 219 4810 3378 4890">
     <span class='ocr_line' id='line_1_92' title="bbox 219 4810 3378 4890; baseline 0 -20"><span class='ocrx_word' id='word_1_707' title='bbox 219 4810 311 4890; x_wconf 40' lang='lat' dir='ltr'><strong>9t.</strong></span> <span class='ocrx_word' id='word_1_708' title='bbox 329 4816 571 4877; x_wconf 84' lang='lat' dir='ltr'><strong>Metuens</strong></span> <span class='ocrx_word' id='word_1_709' title='bbox 596 4837 726 4890; x_wconf 80' lang='lat' dir='ltr'><strong>ergo</strong></span> <span class='ocrx_word' id='word_1_710' title='bbox 752 4820 1199 4876; x_wconf 87' lang='lat' dir='ltr'><strong>consuetudinem</strong></span> <span class='ocrx_word' id='word_1_711' title='bbox 1232 4817 1622 4889; x_wconf 88' lang='lat' dir='ltr'><strong>supradictam,</strong></span> <span class='ocrx_word' id='word_1_712' title='bbox 1678 4833 1744 4870; x_wconf 89' lang='lat' dir='ltr'><strong>ne</strong></span> <span class='ocrx_word' id='word_1_713' title='bbox 1791 4816 1982 4890; x_wconf 85' lang='lat' dir='ltr'><strong>eodem</strong></span> <span class='ocrx_word' id='word_1_714' title='bbox 2019 4816 2182 4890; x_wconf 79' lang='lat' dir='ltr'><strong>etiam</strong></span> <span class='ocrx_word' id='word_1_715' title='bbox 2226 4817 2371 4890; x_wconf 79' lang='lat' dir='ltr'><strong>circa</strong></span> <span class='ocrx_word' id='word_1_716' title='bbox 2421 4831 2481 4870; x_wconf 87' lang='lat' dir='ltr'><strong>se</strong></span> <span class='ocrx_word' id='word_1_717' title='bbox 2528 4816 2844 4890; x_wconf 80' lang='lat' dir='ltr'><strong>laberentur</strong></span> <span class='ocrx_word' id='word_1_718' title='bbox 2874 4835 3084 4884; x_wconf 90' lang='lat' dir='ltr'><strong>errore,</strong></span> <span class='ocrx_word' id='word_1_719' title='bbox 3127 4816 3378 4873; x_wconf 86' lang='lat' dir='ltr'><strong>celeriter</strong></span> 
     </span>
    </p>
   </div>
   <div class='ocr_carea' id='block_1_91' title="bbox 155 4879 3376 4961">
    <p class='ocr_par' dir='ltr' id='par_1_91' title="bbox 155 4879 3376 4961">
     <span class='ocr_line' id='line_1_93' title="bbox 155 4879 3376 4961; baseline 0.002 -29"><span class='ocrx_word' id='word_1_720' title='bbox 155 4879 444 4961; x_wconf 62' lang='lat' dir='ltr'><strong>valediceus</strong></span> <span class='ocrx_word' id='word_1_721' title='bbox 491 4879 797 4954; x_wconf 63' lang='lat' dir='ltr'><strong>monachis,</strong></span> <span class='ocrx_word' id='word_1_722' title='bbox 848 4893 938 4961; x_wconf 90' lang='lat' dir='ltr'><strong>qui</strong></span> <span class='ocrx_word' id='word_1_723' title='bbox 971 4879 1365 4954; x_wconf 75' lang='lat' dir='ltr'><strong>conﬂuxerant,</strong></span> <span class='ocrx_word' id='word_1_724' title='bbox 1419 4890 1484 4942; x_wconf 89' lang='lat' dir='ltr'><strong>ad</strong></span> <span class='ocrx_word' id='word_1_725' title='bbox 1516 4879 1755 4961; x_wconf 82' lang='lat' dir='ltr'><strong>amicum</strong></span> <span class='ocrx_word' id='word_1_726' title='bbox 1776 4887 2009 4961; x_wconf 77' lang='lat' dir='ltr'><strong>‘virtutis</strong></span> <span class='ocrx_word' id='word_1_727' title='bbox 2042 4887 2411 4961; x_wconf 85' lang='lat' dir='ltr'><strong>habitaculum</strong></span> <span class='ocrx_word' id='word_1_728' title='bbox 2437 4887 2741 4961; x_wconf 77' lang='lat' dir='ltr'><strong>repedavit.</strong></span> <span class='ocrx_word' id='word_1_729' title='bbox 2778 4889 2910 4946; x_wconf 84' lang='lat' dir='ltr'><strong>Post</strong></span> <span class='ocrx_word' id='word_1_730' title='bbox 2936 4879 3165 4961; x_wconf 78' lang='lat' dir='ltr'><strong>menses</strong></span> <span class='ocrx_word' id='word_1_731' title='bbox 3191 4896 3376 4942; x_wconf 86' lang='lat' dir='ltr'><strong>autem</strong></span> 
     </span>
    </p>
   </div>
   <div class='ocr_carea' id='block_1_92' title="bbox 158 4957 3380 5030">
    <p class='ocr_par' dir='ltr' id='par_1_92' title="bbox 158 4957 3380 5030">
     <span class='ocr_line' id='line_1_94' title="bbox 158 4957 3380 5030; baseline 0.001 -24"><span class='ocrx_word' id='word_1_732' title='bbox 158 4957 371 5030; x_wconf 55' lang='lat' dir='ltr'><strong>Retices,</strong></span> <span class='ocrx_word' id='word_1_733' title='bbox 402 4976 527 5016; x_wconf 87' lang='lat' dir='ltr'><strong>cum</strong></span> <span class='ocrx_word' id='word_1_734' title='bbox 557 4963 834 5016; x_wconf 90' lang='lat' dir='ltr'><strong>mediocre</strong></span> <span class='ocrx_word' id='word_1_735' title='bbox 865 4957 977 5030; x_wconf 75' lang='grc'><strong>(14)</strong></span> <span class='ocrx_word' id='word_1_736' title='bbox 1012 4961 1416 5014; x_wconf 90' lang='lat' dir='ltr'><strong>incommodum</strong></span> <span class='ocrx_word' id='word_1_737' title='bbox 1455 4958 1647 5030; x_wconf 70' lang='lat' dir='ltr'><strong>sextilia</strong></span> <span class='ocrx_word' id='word_1_738' title='bbox 1681 4958 1925 5030; x_wconf 84' lang='lat' dir='ltr'><strong>membra</strong></span> <span class='ocrx_word' id='word_1_739' title='bbox 1947 4957 2250 5030; x_wconf 78' lang='lat' dir='ltr'><strong>turbasset,</strong></span> <span class='ocrx_word' id='word_1_740' title='bbox 2274 4957 2481 5030; x_wconf 75' lang='lat' dir='ltr'><strong>vocatis</strong></span> <span class='ocrx_word' id='word_1_741' title='bbox 2508 4957 2574 5030; x_wconf 84' lang='lat' dir='ltr'><strong>ad</strong></span> <span class='ocrx_word' id='word_1_742' title='bbox 2603 4971 2662 5012; x_wconf 88' lang='lat' dir='ltr'><strong>se</strong></span> <span class='ocrx_word' id='word_1_743' title='bbox 2687 4957 2902 5014; x_wconf 90' lang='lat' dir='ltr'><strong>duobus</strong></span> <span class='ocrx_word' id='word_1_744' title='bbox 2925 4959 3218 5030; x_wconf 65' lang='lat' dir='ltr'><strong>fratribus,</strong></span> <span class='ocrx_word' id='word_1_745' title='bbox 3239 4970 3380 5027; x_wconf 80' lang='lat' dir='ltr'><strong>quos</strong></span> 
     </span>
    </p>
   </div>
   <div class='ocr_carea' id='block_1_93' title="bbox 160 5017 3380 5102">
    <p class='ocr_par' dir='ltr' id='par_1_93' title="bbox 160 5017 3380 5102">
     <span class='ocr_line' id='line_1_95' title="bbox 160 5017 3380 5102; baseline 0.004 -32"><span class='ocrx_word' id='word_1_746' title='bbox 160 5017 500 5102; x_wconf 44' lang='lat' dir='ltr'><strong>ibidem&#39;ante</strong></span> <span class='ocrx_word' id='word_1_747' title='bbox 527 5033 834 5102; x_wconf 87' lang='lat' dir='ltr'><strong>quindecim</strong></span> <span class='ocrx_word' id='word_1_748' title='bbox 871 5017 1044 5102; x_wconf 56' lang='lat' dir='ltr'><strong>agnos</strong></span> <span class='ocrx_word' id='word_1_749' title='bbox 1077 5031 1290 5085; x_wconf 88' lang='lat' dir='ltr'><strong>modico</strong></span> <span class='ocrx_word' id='word_1_750' title='bbox 1321 5028 1606 5102; x_wconf 78' lang='lat' dir='ltr'><strong>intervallo</strong></span> <span class='ocrx_word' id='word_1_751' title='bbox 1639 5028 1916 5102; x_wconf 79' lang='lat' dir='ltr'><strong>sejunctas</strong></span> <span class='ocrx_word' id='word_1_752' title='bbox 1943 5017 2420 5102; x_wconf 69' lang='lat' dir='ltr'><strong>instituebatHS),</strong></span> <span class='ocrx_word' id='word_1_753' title='bbox 2451 5027 2660 5102; x_wconf 68' lang='lat' dir='ltr'><strong>quique</strong></span> <span class='ocrx_word' id='word_1_754' title='bbox 2678 5032 2841 5084; x_wconf 88' lang='lat' dir='ltr'><strong>etiam</strong></span> <span class='ocrx_word' id='word_1_755' title='bbox 2881 5031 2930 5084; x_wconf 90' lang='lat' dir='ltr'><strong>ei</strong></span> <span class='ocrx_word' id='word_1_756' title='bbox 2962 5031 3074 5102; x_wconf 84' lang='lat' dir='ltr'><strong>jam</strong></span> <span class='ocrx_word' id='word_1_757' title='bbox 3105 5017 3233 5102; x_wconf 71' lang='lat' dir='ltr'><strong>seni</strong></span> <span class='ocrx_word' id='word_1_758' title='bbox 3257 5017 3380 5082; x_wconf 58' lang='grc' dir='ltr'><strong>ἰω-</strong></span> 
     </span>
    </p>
   </div>
   <div class='ocr_carea' id='block_1_94' title="bbox 159 5094 3376 5172">
    <p class='ocr_par' dir='ltr' id='par_1_94' title="bbox 159 5094 3376 5172">
     <span class='ocr_line' id='line_1_96' title="bbox 159 5094 3376 5172; baseline 0.002 -28"><span class='ocrx_word' id='word_1_759' title='bbox 159 5099 334 5172; x_wconf 55' lang='lat' dir='ltr'><strong>perant</strong></span> <span class='ocrx_word' id='word_1_760' title='bbox 358 5094 684 5172; x_wconf 70' lang='lat' dir='ltr'><strong>ministrare,</strong></span> <span class='ocrx_word' id='word_1_761' title='bbox 716 5103 834 5157; x_wconf 88' lang='lat' dir='ltr'><strong>ait:</strong></span> <span class='ocrx_word' id='word_1_762' title='bbox 887 5100 999 5172; x_wconf 86' lang='lat' dir='ltr'><strong>Ego</strong></span> <span class='ocrx_word' id='word_1_763' title='bbox 1038 5102 1280 5172; x_wconf 86' lang='lat' dir='ltr'><strong>quidem,</strong></span> <span class='ocrx_word' id='word_1_764' title='bbox 1332 5099 1532 5172; x_wconf 63' lang='lat' dir='ltr'><strong>ﬁlioli,</strong></span> <span class='ocrx_word' id='word_1_765' title='bbox 1562 5094 1863 5172; x_wconf 80' lang='lat' dir='ltr'><strong>secundum</strong></span> <span class='ocrx_word' id='word_1_766' title='bbox 1888 5099 2130 5172; x_wconf 62' lang='lat' dir='ltr'><strong>eloquia</strong></span> <span class='ocrx_word' id='word_1_767' title='bbox 2167 5094 2592 5172; x_wconf 46' lang='lat' dir='ltr'><strong>Scriptu&#39;rarum&#39;,</strong></span> <span class='ocrx_word' id='word_1_768' title='bbox 2628 5097 2851 5172; x_wconf 85' lang='lat' dir='ltr'><strong>Patrum</strong></span> <span class='ocrx_word' id='word_1_769' title='bbox 2913 5094 3134 5170; x_wconf 74' lang='lat' dir='ltr'><strong>gradior</strong></span> <span class='ocrx_word' id='word_1_770' title='bbox 3185 5098 3330 5151; x_wconf 86' lang='lat' dir='ltr'><strong>viam</strong></span> <span class='ocrx_word' id='word_1_771' title='bbox 3360 5113 3376 5172; x_wconf 70' lang='grc' dir='ltr'>ξ</span> 
     </span>
    </p>
   </div>
   <div class='ocr_carea' id='block_1_95' title="bbox 159 5165 3384 5239">
    <p class='ocr_par' dir='ltr' id='par_1_95' title="bbox 159 5165 3384 5239">
     <span class='ocr_line' id='line_1_97' title="bbox 159 5165 3384 5239; baseline 0.003 -30"><span class='ocrx_word' id='word_1_772' title='bbox 159 5170 260 5239; x_wconf 74' lang='lat' dir='ltr'><strong>jam</strong></span> <span class='ocrx_word' id='word_1_773' title='bbox 289 5168 425 5239; x_wconf 85' lang='lat' dir='ltr'><strong>enim</strong></span> <span class='ocrx_word' id='word_1_774' title='bbox 452 5165 717 5228; x_wconf 82' lang='lat' dir='ltr'><strong>Dominus</strong></span> <span class='ocrx_word' id='word_1_775' title='bbox 752 5189 840 5226; x_wconf 90' lang='lat' dir='ltr'><strong>me</strong></span> <span class='ocrx_word' id='word_1_776' title='bbox 873 5165 1082 5236; x_wconf 47' lang='lat' dir='ltr'><strong>invitat&quot;,</strong></span> <span class='ocrx_word' id='word_1_777' title='bbox 1105 5171 1217 5239; x_wconf 81' lang='lat' dir='ltr'><strong>jam</strong></span> <span class='ocrx_word' id='word_1_778' title='bbox 1251 5171 1410 5239; x_wconf 83' lang='lat' dir='ltr'><strong>cupio</strong></span> <span class='ocrx_word' id='word_1_779' title='bbox 1447 5165 1630 5224; x_wconf 87' lang='lat' dir='ltr'><strong>videre</strong></span> <span class='ocrx_word' id='word_1_780' title='bbox 1692 5169 1955 5225; x_wconf 73' lang='lat' dir='ltr'><strong>ccelestia.</strong></span> <span class='ocrx_word' id='word_1_781' title='bbox 1993 5166 2098 5222; x_wconf 90' lang='lat' dir='ltr'><strong>Sed</strong></span> <span class='ocrx_word' id='word_1_782' title='bbox 2132 5183 2251 5230; x_wconf 87' lang='lat' dir='ltr'><strong>vos,</strong></span> <span class='ocrx_word' id='word_1_783' title='bbox 2283 5165 2318 5223; x_wconf 73' lang='grc' dir='ltr'>ὸ</span> <span class='ocrx_word' id='word_1_784' title='bbox 2356 5168 2568 5223; x_wconf 84' lang='lat' dir='ltr'><strong>viscera</strong></span> <span class='ocrx_word' id='word_1_785' title='bbox 2596 5182 2760 5239; x_wconf 80' lang='lat' dir='ltr'><strong>mea,</strong></span> <span class='ocrx_word' id='word_1_786' title='bbox 2790 5165 3082 5234; x_wconf 65' lang='lat' dir='ltr'><strong>admoneo,</strong></span> <span class='ocrx_word' id='word_1_787' title='bbox 3131 5182 3201 5223; x_wconf 91' lang='lat' dir='ltr'><strong>ne</strong></span> <span class='ocrx_word' id='word_1_788' title='bbox 3243 5165 3384 5222; x_wconf 85' lang='lat' dir='ltr'><strong>tanti</strong></span> 
     </span>
    </p>
   </div>
   <div class='ocr_carea' id='block_1_96' title="bbox 162 5235 3383 5312">
    <p class='ocr_par' dir='ltr' id='par_1_96' title="bbox 162 5235 3383 5312">
     <span class='ocr_line' id='line_1_98' title="bbox 162 5235 3383 5312; baseline -0.003 -11"><span class='ocrx_word' id='word_1_789' title='bbox 162 5235 405 5312; x_wconf 46' lang='lat' dir='ltr'><strong>Fe&#39;PPOI&#39;is</strong></span> <span class='ocrx_word' id='word_1_790' title='bbox 435 5242 675 5312; x_wconf 83' lang='lat' dir='ltr'><strong>laborem</strong></span> <span class='ocrx_word' id='word_1_791' title='bbox 712 5253 933 5312; x_wconf 88' lang='lat' dir='ltr'><strong>repente</strong></span> <span class='ocrx_word' id='word_1_792' title='bbox 965 5235 1223 5312; x_wconf 73' lang='lat' dir='ltr'><strong>perdatjs.</strong></span> <span class='ocrx_word' id='word_1_793' title='bbox 1260 5235 1430 5295; x_wconf 82' lang='lat' dir='ltr'><strong>Hodie</strong></span> <span class='ocrx_word' id='word_1_794' title='bbox 1466 5255 1561 5295; x_wconf 83' lang='lat' dir='ltr'><strong>vos</strong></span> <span class='ocrx_word' id='word_1_795' title='bbox 1599 5239 1913 5312; x_wconf 84' lang='lat' dir='ltr'><strong>religiosum</strong></span> <span class='ocrx_word' id='word_1_796' title='bbox 1944 5239 2184 5312; x_wconf 76' lang='lat' dir='ltr'><strong>studium</strong></span> <span class='ocrx_word' id='word_1_797' title='bbox 2215 5239 2512 5312; x_wconf 62' lang='lat' dir='ltr'><strong>arripuisse</strong></span> <span class='ocrx_word' id='word_1_798' title='bbox 2531 5235 2890 5306; x_wconf 75' lang='lat' dir='ltr'><strong>arbitramini;</strong></span> <span class='ocrx_word' id='word_1_799' title='bbox 2919 5249 2974 5294; x_wconf 87' lang='lat' dir='ltr'><strong>et</strong></span> <span class='ocrx_word' id='word_1_800' title='bbox 2999 5240 3156 5312; x_wconf 84' lang='lat' dir='ltr'><strong>quasi</strong></span> <span class='ocrx_word' id='word_1_801' title='bbox 3191 5246 3383 5305; x_wconf 69' lang='lat' dir='ltr'><strong>cceptze</strong></span> 
     </span>
    </p>
   </div>
   <div class='ocr_carea' id='block_1_97' title="bbox 166 5297 3384 5379">
    <p class='ocr_par' dir='ltr' id='par_1_97' title="bbox 166 5297 3384 5379">
     <span class='ocr_line' id='line_1_99' title="bbox 166 5297 3384 5379; baseline 0.002 -28"><span class='ocrx_word' id='word_1_802' title='bbox 166 5297 411 5379; x_wconf 74' lang='lat' dir='ltr'><strong>voluntati</strong></span> <span class='ocrx_word' id='word_1_803' title='bbox 462 5297 724 5368; x_wconf 77' lang='lat' dir='ltr'><strong>fortitudo</strong></span> <span class='ocrx_word' id='word_1_804' title='bbox 765 5297 1097 5368; x_wconf 68' lang='lat' dir='ltr'><strong>succrescat.</strong></span> <span class='ocrx_word' id='word_1_805' title='bbox 1147 5309 1340 5366; x_wconf 68' lang='lat' dir='ltr'><strong>Varias</strong></span> <span class='ocrx_word' id='word_1_806' title='bbox 1388 5297 1920 5365; x_wconf 49' lang='lat' dir='ltr'><strong>daemonumvnostis</strong></span> <span class='ocrx_word' id='word_1_807' title='bbox 1967 5308 2241 5362; x_wconf 86' lang='lat' dir='ltr'><strong>insidias:</strong></span> <span class='ocrx_word' id='word_1_808' title='bbox 2291 5297 2722 5379; x_wconf 76' lang='lat' dir='ltr'><strong>vidistiseorum</strong></span> <span class='ocrx_word' id='word_1_809' title='bbox 2751 5319 2805 5364; x_wconf 91' lang='lat' dir='ltr'><strong>et</strong></span> <span class='ocrx_word' id='word_1_810' title='bbox 2832 5297 3067 5379; x_wconf 65' lang='lat' dir='ltr'><strong>irnpettis</strong></span> <span class='ocrx_word' id='word_1_811' title='bbox 3090 5297 3303 5379; x_wconf 64' lang='lat' dir='ltr'><strong>feroces</strong></span> <span class='ocrx_word' id='word_1_812' title='bbox 3328 5315 3384 5379; x_wconf 83' lang='lat' dir='ltr'><strong>et</strong></span> 
     </span>
    </p>
   </div>
   <div class='ocr_carea' id='block_1_98' title="bbox 161 5377 3383 5452">
    <p class='ocr_par' dir='ltr' id='par_1_98' title="bbox 161 5377 3383 5452">
     <span class='ocr_line' id='line_1_100' title="bbox 161 5377 3383 5452; baseline 0.002 -30"><span class='ocrx_word' id='word_1_813' title='bbox 161 5377 298 5440; x_wconf 74' lang='lat' dir='ltr'><strong>vires</strong></span> <span class='ocrx_word' id='word_1_814' title='bbox 315 5377 664 5439; x_wconf 73' lang='lat' dir='ltr'><strong>effeminatus.</strong></span> <span class='ocrx_word' id='word_1_815' title='bbox 695 5382 882 5439; x_wconf 83' lang='lat' dir='ltr'><strong>Jesum</strong></span> <span class='ocrx_word' id='word_1_816' title='bbox 913 5382 1206 5452; x_wconf 88' lang='lat' dir='ltr'><strong>suspirate,</strong></span> <span class='ocrx_word' id='word_1_817' title='bbox 1242 5390 1298 5435; x_wconf 93' lang='lat' dir='ltr'><strong>et</strong></span> <span class='ocrx_word' id='word_1_818' title='bbox 1329 5380 1710 5435; x_wconf 87' lang='lat' dir='ltr'><strong>credulitatem</strong></span> <span class='ocrx_word' id='word_1_819' title='bbox 1741 5379 1984 5435; x_wconf 85' lang='lat' dir='ltr'><strong>nominis</strong></span> <span class='ocrx_word' id='word_1_820' title='bbox 2031 5379 2154 5450; x_wconf 84' lang='lat' dir='ltr'><strong>ejus</strong></span> <span class='ocrx_word' id='word_1_821' title='bbox 2188 5379 2384 5434; x_wconf 84' lang='lat' dir='ltr'><strong>vestris</strong></span> <span class='ocrx_word' id='word_1_822' title='bbox 2435 5377 2582 5448; x_wconf 83' lang='lat' dir='ltr'><strong>ﬁgite</strong></span> <span class='ocrx_word' id='word_1_823' title='bbox 2620 5377 2927 5445; x_wconf 68' lang='lat' dir='ltr'><strong>mentibus,</strong></span> <span class='ocrx_word' id='word_1_824' title='bbox 2946 5392 3002 5435; x_wconf 88' lang='lat' dir='ltr'><strong>et</strong></span> <span class='ocrx_word' id='word_1_825' title='bbox 3029 5396 3061 5434; x_wconf 90' lang='lat' dir='ltr'><strong>a</strong></span> <span class='ocrx_word' id='word_1_826' title='bbox 3095 5389 3242 5434; x_wconf 81' lang='lat' dir='ltr'><strong>certa</strong></span> <span class='ocrx_word' id='word_1_827' title='bbox 3277 5377 3383 5431; x_wconf 74' lang='lat' dir='ltr'><strong>fide</strong></span> 
     </span>
    </p>
   </div>
   <div class='ocr_carea' id='block_1_99' title="bbox 227 5483 2014 5562">
    <p class='ocr_par' dir='ltr' id='par_1_99' title="bbox 227 5483 2014 5562">
     <span class='ocr_line' id='line_1_101' title="bbox 227 5483 2014 5562; baseline 0.004 -20"><span class='ocrx_word' id='word_1_828' title='bbox 227 5483 270 5514; x_wconf 82' lang='grc'>¹²</span> <span class='ocrx_word' id='word_1_829' title='bbox 303 5485 454 5549; x_wconf 82' lang='lat' dir='ltr'><strong>Joan.</strong></span> <span class='ocrx_word' id='word_1_830' title='bbox 487 5511 601 5562; x_wconf 71' lang='lat' dir='ltr'><strong>xxx,</strong></span> <span class='ocrx_word' id='word_1_831' title='bbox 632 5495 722 5550; x_wconf 72' lang='grc'><strong>41.</strong></span> <span class='ocrx_word' id='word_1_832' title='bbox 789 5495 837 5538; x_wconf 61' lang='grc'><strong><em>⁸⁸</em></strong></span> <span class='ocrx_word' id='word_1_833' title='bbox 863 5493 1056 5551; x_wconf 79' lang='lat' dir='ltr'><strong>Matth.</strong></span> <span class='ocrx_word' id='word_1_834' title='bbox 1092 5509 1266 5561; x_wconf 76' lang='lat' dir='ltr'><strong>xxvu,</strong></span> <span class='ocrx_word' id='word_1_835' title='bbox 1294 5493 1386 5550; x_wconf 89' lang='lat'><strong>60.</strong></span> <span class='ocrx_word' id='word_1_836' title='bbox 1462 5492 1508 5524; x_wconf 71' lang='lat'><em>“</em></span> <span class='ocrx_word' id='word_1_837' title='bbox 1537 5491 1704 5550; x_wconf 85' lang='lat' dir='ltr'><strong>Josuc</strong></span> <span class='ocrx_word' id='word_1_838' title='bbox 1737 5491 2014 5558; x_wconf 65' lang='lat'><strong>31:111.“.</strong></span> 
     </span>
    </p>
   </div>
   <div class='ocr_carea' id='block_1_100' title="bbox 231 5596 1549 5682">
    <p class='ocr_par' dir='ltr' id='par_1_100' title="bbox 231 5596 1549 5682">
     <span class='ocr_line' id='line_1_102' title="bbox 231 5596 1549 5682; baseline -0.006 -14"><span class='ocrx_word' id='word_1_839' title='bbox 356 5604 430 5682; x_wconf 59' lang='lat' dir='ltr'><strong>Ita</strong></span> <span class='ocrx_word' id='word_1_840' title='bbox 455 5611 674 5682; x_wconf 89' lang='lat' dir='ltr'><strong>quidam</strong></span> <span class='ocrx_word' id='word_1_841' title='bbox 707 5610 1082 5682; x_wconf 87' lang='lat' dir='ltr'><strong>manusc_ripti.</strong></span> <span class='ocrx_word' id='word_1_842' title='bbox 1124 5607 1291 5674; x_wconf 88' lang='lat' dir='ltr'><strong>Editi,</strong></span> <span class='ocrx_word' id='word_1_843' title='bbox 1322 5607 1549 5682; x_wconf 76' lang='grc' dir='ltr'>ἔνδοθεν.</span> 
     </span>
    </p>
   </div>
   <div class='ocr_carea' id='block_1_101' title="bbox 174 5669 1711 5799">
    <p class='ocr_par' dir='ltr' id='par_1_101' title="bbox 174 5669 1711 5799">
     <span class='ocr_line' id='line_1_103' title="bbox 174 5669 1711 5799; baseline -0.002 -64"><span class='ocrx_word' id='word_1_844' title='bbox 174 5669 347 5799; x_wconf 48' lang='lat' dir='ltr'><strong>uigil</strong></span> <span class='ocrx_word' id='word_1_845' title='bbox 371 5669 872 5752; x_wconf 56' lang='lat' dir='ltr'><strong>Sic&#39;manuscripti.</strong></span> <span class='ocrx_word' id='word_1_846' title='bbox 909 5669 1051 5734; x_wconf 75' lang='lat' dir='ltr'><strong>Editi</strong></span> <span class='ocrx_word' id='word_1_847' title='bbox 1082 5695 1233 5747; x_wconf 90' lang='lat' dir='ltr'><strong>vero,</strong></span> <span class='ocrx_word' id='word_1_848' title='bbox 1278 5669 1553 5734; x_wconf 69' lang='lat' dir='ltr'><strong>conditum</strong></span> <span class='ocrx_word' id='word_1_849' title='bbox 1603 5695 1711 5734; x_wconf 74' lang='lat' dir='ltr'><strong>esse</strong></span> 
     </span>
    </p>
   </div>
   <div class='ocr_carea' id='block_1_102' title="bbox 1895 5605 3272 5677">
    <p class='ocr_par' dir='ltr' id='par_1_102' title="bbox 1895 5605 3272 5677">
     <span class='ocr_line' id='line_1_104' title="bbox 1895 5605 3272 5677; baseline 0 -17"><span class='ocrx_word' id='word_1_850' title='bbox 1895 5606 2010 5677; x_wconf 76' lang='lat' dir='ltr'><strong>(M)</strong></span> <span class='ocrx_word' id='word_1_851' title='bbox 2050 5605 2128 5662; x_wconf 86' lang='lat' dir='ltr'><strong>Ita</strong></span> <span class='ocrx_word' id='word_1_852' title='bbox 2153 5605 2531 5677; x_wconf 85' lang='lat' dir='ltr'><strong>manuscripti.</strong></span> <span class='ocrx_word' id='word_1_853' title='bbox 2564 5605 2621 5662; x_wconf 85' lang='lat' dir='ltr'><strong>In</strong></span> <span class='ocrx_word' id='word_1_854' title='bbox 2660 5606 2840 5671; x_wconf 86' lang='lat' dir='ltr'><strong>editis,</strong></span> <span class='ocrx_word' id='word_1_855' title='bbox 2867 5623 2971 5660; x_wconf 84' lang='lat' dir='ltr'><strong>non</strong></span> <span class='ocrx_word' id='word_1_856' title='bbox 2998 5605 3272 5661; x_wconf 77' lang='lat' dir='ltr'><strong>mediocre.</strong></span> 
     </span>
    </p>
   </div>
   <div class='ocr_carea' id='block_1_103' title="bbox 1891 5675 3380 5758">
    <p class='ocr_par' dir='ltr' id='par_1_103' title="bbox 1891 5675 3380 5758">
     <span class='ocr_line' id='line_1_105' title="bbox 1891 5675 3380 5758; baseline 0.001 -28"><span class='ocrx_word' id='word_1_857' title='bbox 2043 5675 2467 5758; x_wconf 32' lang='lat' dir='ltr'><strong>Maximatpars</strong></span> <span class='ocrx_word' id='word_1_858' title='bbox 2496 5677 3012 5747; x_wconf 87' lang='lat' dir='ltr'><strong>manuscriptorum,</strong></span> <span class='ocrx_word' id='word_1_859' title='bbox 3045 5675 3380 5751; x_wconf 69' lang='lat' dir='ltr'><strong>instituebat.</strong></span> 
     </span>
    </p>
   </div>
   <div class='ocr_carea' id='block_1_104' title="bbox 1821 5745 2488 5816">
    <p class='ocr_par' dir='ltr' id='par_1_104' title="bbox 1821 5745 2488 5816">
     <span class='ocr_line' id='line_1_106' title="bbox 1821 5745 2488 5816; baseline 0.001 -14"><span class='ocrx_word' id='word_1_860' title='bbox 1821 5745 1964 5803; x_wconf 82' lang='lat' dir='ltr'><strong>Editi</strong></span> <span class='ocrx_word' id='word_1_861' title='bbox 1988 5745 2144 5816; x_wconf 77' lang='lat' dir='ltr'><strong>vero,</strong></span> <span class='ocrx_word' id='word_1_862' title='bbox 2170 5745 2488 5803; x_wconf 73' lang='lat' dir='ltr'><strong>instituerat.</strong></span> 
     </span>
    </p>
   </div>
   <div class='ocr_carea' id='block_1_105' title="bbox 465 5839 3069 5923">
    <p class='ocr_par' dir='ltr' id='par_1_105' title="bbox 465 5839 3069 5923">
     <span class='ocr_line' id='line_1_107' title="bbox 465 5839 3069 5923; baseline -0.007 -13"><span class='ocrx_word' id='word_1_863' title='bbox 465 5847 735 5910; x_wconf 73' lang='grc' dir='ltr'>Ρλτιιοι.</span> <span class='ocrx_word' id='word_1_864' title='bbox 793 5848 912 5910; x_wconf 69' lang='lat' dir='ltr'><strong>Gn.</strong></span> <span class='ocrx_word' id='word_1_865' title='bbox 991 5843 1227 5923; x_wconf 72' lang='lat' dir='ltr'><strong>XXVI.</strong></span> <span class='ocrx_word' id='word_1_866' title='bbox 2061 5911 2064 5915; x_wconf 9' lang='grc' dir='ltr'><strong><em>ἴ</em></strong></span> <span class='ocrx_word' id='word_1_867' title='bbox 3001 5839 3069 5892; x_wconf 81' lang='lat'><strong>31</strong></span> 
     </span>
    </p>
   </div>
  </div>
