3810 6228
417 330 520 382 971

983 328 1041 380 S.
1084 327 1458 379 A'I‘HANASH
1497 327 1647 381 OPP.
1690 327 1871 381 PARS
1908 326 1948 381 I.
1991 356 2058 367 —
2097 325 2466 382 HISTORICA
2504 327 2593 381 ET
2637 326 3057 382 DOGMATICA.

3569 329 3684 385 973

415 442 637 498 Christo
669 441 1039 494 adversariam
1072 451 1235 509 atque
1261 456 1289 494 a
1328 457 1453 496 vera
1476 442 1724 496 doctrina
1755 443 1980 497 alienam

2092 445 2208 506 πῶς
2241 443 2398 511 κάγὼ
2437 443 2658 506 τούτους
2691 441 3065 513 ἐξετρεπόμην
3107 442 3194 494 διὰ
3225 443 3323 513 τὴν
3371 446 3684 514 χριστομὰ-

417 531 690 589 heresim.
729 531 779 583 Id
813 538 1022 594 curate,
1047 540 1108 584 ut
1128 530 1181 583 in
1202 531 1362 601 691
1393 531 1585 600 primis
1611 544 1708 587 vos
1740 532 1992 597 Domino,

416 622 618 677 dehinc
661 620 866 676 sanctis
907 621 1255 690 adjungatis:
1303 630 1360 675 ut
1390 632 1512 691 post
1545 630 1773 676 inertem
1811 635 1907 678 v‘os
1938 624 1992 678 i'n

416 727 617 770 aeterna
670 714 1056 779 tabernacula,
1101 715 1260 783 quasi
1320 715 1527 770 amicos
1566 726 1835 786 notosque
1891 717 1994 771 sibi

414 806 699 875 recipiant.
722 803 844 860 Haec
861 805 1132 876 cogitetis,
1154 806 1268 860 hac
1295 807 1572 860 sentiatis:
1593 817 1647 861 et
1679 807 1725 863 si
1748 824 1854 878 qua
1887 810 1992 863 mei

415 897 570 953 vobis
586 913 715 952 cura
743 897 836 963 sit,
879 905 936 952 et
973 897 1080 952 mei
1104 906 1360 966 tanquam
1393 898 1566 967 patris
1606 899 1990 966 recordamini,

398 1004 616 1060 corpus
643 994 826 1043 meum
863 988 917 1042 in
947 988 1240 1057 Egyptum
1275 988 1559 1043 transferri
1590 1006 1657 1043 ne
1689 991 1990 1060 patiamini,

394 1091 483 1138 ’ne
513 1083 568 1138 in
599 1077 853 1137 domibus
899 1081 1214 1150 deponant:
1258 1081 1361 1135 hac
1389 1082 1589 1151 quippe
1627 1082 1694 1136 de
1741 1097 1907 1136 causa
1935 1083 1991 1136 in

412 1184 653 1230 montem
684 1189 772 1229 me
793 1175 1024 1234 contuli,
1057 1181 1220 1242 atque
1251 1173 1357 1228 huc
1383 1175 1605 1229 recessi.
1634 1173 1796 1230 Scitis
1817 1190 1991 1244 quan-

391 1278 529 1323 vtum
561 1284 656 1324 eos
687 1277 901 1337 semper
916 1262 1210 1337 obiurgavi
1238 1267 1333 1336 qui
1365 1267 1479 1322 haec
1517 1277 1760 1338 agerent,
1790 1283 1991 1336 praece-

385 1352 672 1431 .pique‘ut
699 1359 818 1429 ejus
840 1358 1254 1413 consuetudinis
1289 1357 1449 1412 ﬁnem
1502 1356 1761 1413 facerent.
1810 1359 1989 1414 Meum

405 1453 599 1520 itaque
650 1460 856 1518 corpus
895 1449 1138 1512 humate,
1187 1458 1439 1518 terraque
1470 1450 1776 1518 contegite:
1809 1466 1990 1504 meus-

381 1549 522 1612 *συθ
551 1542 640 1596 hic
671 1556 853 1595 sermo
879 1539 1026 1609 apud
1069 1555 1166 1593 vos
1191 1540 1552 1606 custodiatur,
1583 1551 1643 1594 ut
1677 1549 1859 1606 nemo,
1888 1556 1989 1595 vo—

385 1633 499 1688 ~ibis
535 1634 798 1702 exceptis,
851 1632 1031 1686 locum
1076 1628 1233 1686 sciat.
1267 1629 1378 1701 Ego
1408 1631 1608 1700 quippe
1653 1632 1706 1686 in
1745 1648 1989 1687 resurre-

391 1712 592 1779 ~'c'tione
621 1731 960 1777 mortuorum
997 1723 1372 1790 incorruptum
1425 1723 1602 1790 ipsum
1630 1739 1662 1777 a
1711 1722 1990 1778 Salvatore

2097 552 2188 606 χον
2221 534 2400 588 αὐτῶν
2432 535 2541 586 ’καὶ
2593 535 2896 604 ἑτερόδοξον
2939 535 3172 604 αἵρεσιν.
3232 535 3586 588 Σπουδάσατε
3627 537 3683 590 δὲ

2099 627 2298 696 μᾶλλον
2332 627 2426 679 καὶ
2467 626 2622 696 ὑμεῖς
2652 626 2739 678 ἀεὶ
2787 625 3080 678 συνάπτειν
3115 627 3360 690 ἑαυτοὺς,
3391 644 3680 697 προηγου-

2098 716 2274 786 μένως
2317 715 2415 786 μὲν
2458 714 2536 785 τῷ
2569 713 2778 785 Κυρίῳ,
2813 714 3002 767 ἔπειτα
3054 715 3112 766 δὲ
3143 718 3256 778 τοῖς
3309 717 3524 785 ἁγίοιςο
3596 720 3681 771 ἵνα

2098 806 2234 877 μετὰ
2263 807 2493 859 θάνατον
2520 807 2662 875 ὑμᾶς
2687 805 2768 868 εἰς
2795 805 2892 868 τάς
2919 806 3171 870 αἰωνίους
3210 809 3435 878 σκηνὰς,
3468 810 3548 872 ὡς
3586 812 3680 879 φί-

2094 896 2218 961 λους
2251 898 2347 951 καὶ
2375 898 2708 968 γνωρίμους,
2737 895 2994 960 δέξωνται
3027 900 3122 951 καὶ
3151 900 3326 953 αὐτοί.
3359 901 3550 956 Ταῦτα.
3595 903 3681 956 λο-

2095 989 2333 1058 γίζεσθε,
2363 988 2538 1042 ταῦτα
2585 993 2830 1060 φρονεῖτε
2870 1005 2884 1020 ο
2940 991 3035 1044 καὶ
3087 993 3135 1044 εἰ
3176 991 3325 1062 μέλει
3368 993 3498 1063 ὑμῖν
3546 998 3680 1066 περὶ

2093 1083 2249 1154 ἐμοῦ,
2278 1083 2373 1136 καὶ
2407 1082 2771 1154 μνημονεύετε
2803 1084 2878 1146 ὡς
2920 1084 3049 1155 περὶ
3087 1083 3330 1155 πατρὸς,
3375 1086 3449 1156 μὴ
3483 1088 3678 1156 ἀφεῖτέ

2091 1193 2243 1239 τινας
2270 1175 2331 1228 τὸ
2359 1175 2519 1245 σῶμά
2563 1192 2665 1245 μου
2697 1175 2881 1228 λαϐεῖν
2917 1177 2998 1239 εἰς
3027 1175 3324 1243 Αἴγυπτον,
3374 1178 3580 1247 μήπως
3617 1182 3680 1233 ἐν

2091 1271 2204 1332 τοῖς
2245 1269 2414 1331 οἴκοις
2447 1267 2756 1320 ἀπόθωνται
2783 1284 2798 1298 ·
2826 1266 3016 1320 τούτου
3064 1265 3173 1336 γὰρ
3219 1267 3379 1338 χάριν
3421 1268 3680 1339 εἰσῆλθον

2092 1361 2172 1423 είς
2196 1359 2257 1412 τὸ
2286 1360 2432 1431 ὅρος,
2472 1360 2566 1412 καὶ
2591 1354 2753 1429 ἦλθον
2783 1353 2905 1412 ὧδε.
2943 1359 3138 1412 Οῐδατε
3172 1358 3229 1412 δὲ
3279 1360 3375 1412 καὶ
3421 1360 3550 1423 ’πῶς
3586 1362 3676 1414 ἀεὶ

2092 1449 2378 1522 ὲνέτρεπον
2411 1451 2537 1514 τοὺς
2580 1452 2738 1504 τοῦτο
2777 1452 3097 1515 ποιοῦντας,
3151 1453 3243 1505 καὶ
3292 1453 3675 1524 παρήγγελλον

2092 1543 2404 1596 παύσασθαι
2450 1543 2550 1614 τῆς
2584 1543 2838 1614 τοιαύτης
2880 1543 3183 1614 συνηθείας.
3225 1544 3443 1613 Θάψατε
3478 1542 3572 1598 οὖν
3613 1546 3675 1598 τὸ

2091 1635 2356 1706 ἡμέτερον
2386 1638 2563 1706 ὑμεῖς,
2593 1638 2686 1690 καὶ
2719 1637 2822 1689 ὑπὸ
2847 1637 2949 1708 γῆν
2975 1637 3219 1708 κρύψατε
3247 1652 3260 1665 “
3301 1638 3394 1691 καὶ
3435 1637 3584 1692 ἕστω
3613 1639 3674 1692 τὸ

2091 1729 2219 1800 παρ’
2256 1727 2390 1800 ἐμοῦ
2427 1729 2576 1800 ῥῆμα
2605 1728 3007 1798 φυλαττόμενον
3039 1730 3167 1801 παρ’
3195 1730 3342 1799 ὑμῖν,
3380 1729 3524 1782 ὥστε
3567 1747 3675 1800 μη-

411 1823 733 1882 recepturus
761 1829 904 1868 sum.
951 1811 1068 1867 Mea
1100 1811 1324 1866 dividite
1352 1814 1699 1875 vestimenta,
1744 1813 1980 1868 Athana.

2091 1791 2214 1874 δέν-α
2229 1791 2462 1889 γινώσκε
2531 1791 2818 1883 τὸν-τόπον,
2840 1791 2979 1892 πλὴν
2995 1821 3024 1872 ύ
3034 1791 3148 1890 μῶν
3182 1791 3376 1890 μόνων.
3397 1820 3541 1889 Ἐγὼ
3560 1791 3673 1892 ἱίά’ρ

411 1906 606 1974 sioque
634 1904 892 1974 episcopo
933 1903 1188 1958 melotem
1240 1903 1365 1957 date
1414 1918 1604 1969 unam,
1650 1904 1986 1972 palliumque

408 2004 519 2067 quo
548 1997 896 2063 obvolvehar,
932 1997 1079 2066 quod
1108 2011 1308 2050 novum
1341 1996 1410 2050 ab
1442 1995 1560 2064 ip‘so
1594 2012 1716 2051 cum
1757 2012 1982 2065 accepe-

407 2089 538 2152 rim,
566 2088 672 2156 iam
703 2085 961 2142 detritum
1009 2088 1152 2157 apud
1193 2102 1282 2142 me
1311 2097 1432 2142 est:
1467 2088 1691 2141 alteram
1728 2088 1979 2142 melotem

410 2171 700 2248 Serapioni
755 2179 950 2234 tradite
985 2179 1242 2248 episcopo
1275 2197 1287 2232 :
1327 2194 1422 2233 vos
1471 2179 1664 2232 habete
1705 2179 1981 2233 cilicinum

408 2265 981 2337 indumentum.Quod
1013 2272 1283 2341 reliquum
1312 2282 1416 2338 est,
1447 2273 1670 2331 salvete,
1705 2273 1799 2325 lilii
1827 2291 1840 2325 :
1870 2272 1984 2324 An-

406 2364 595 2419 tonius
625 2363 825 2434 quippe
857 2364 984 2417 hinc
1014 2364 1232 2433 migrat,
1262 2380 1360 2418 nec
1380 2365 1521 2418 ultra
1546 2365 1828 2419 vobiscum
1858 2367 1981 2418 erit.

2089 1914 2146 1965 ὲν
2176 1915 2244 1983 τῇ
2275 1913 2565 1966 ἀναστάσει
2589 1911 2698 1964 τῶν
2737 1911 2948 1983 νεκρῶν
2987 1911 3336 1982 ἀπολήψομαι
3365 1913 3523 1981 παρὰ
3573 1911 3671 1965 τοῦ

2089 2005 2340 2075 Σωτῆρος
2370 2003 2643 2076 ἄφθαρτον
2676 2003 2826 2056 αύτό.
2859 2003 3071 2055 Διέλετε
3097 2002 3153 2055 δέ
3177 2021 3278 2072 μου
3319 2004 3387 2055 τά
3424 2003 3669 2073 ἐνδύμα-

2085 2112 2153 2147 τα
2175 2111 2190 2125 ⁸
2232 2093 2327 2150 καὶ
2365 2097 2662 2166 Ἀθανασίῳ
2695 2096 2791 2166 μὲν
2814 2094 2892 2165 τῷ
2925 2095 3206 2164 ἐπισκόπῳ
3249 2095 3366 2148 δότε
3394 2095 3494 2165 τὴν
3539 2095 3670 2166 μίαν

2092 2186 2364 2257 μηλωτὴν,
2396 2187 2489 2240 καὶ
2517 2187 2544 2239 ὃ
2571 2185 3064 2257 ὑπεστρωννυόμην
3105 2186 3346 2253 ἱμάτιον,
3395 2186 3532 2256 ὅπερ
3566 2185 3668 2237 αύ-

2087 2278 2177 2340 τὸς
2213 2277 2309 2348 μέν
2343 2296 2432 2348 μοι
2460 2275 2642 2331 καινὸν
2671 2278 2890 2341 δέδωκε,
2919 2279 3050 2348 παρ’
3081 2277 3203 2346 ἐμοὶ
3244 2276 3301 2328 δὲ
3346 2276 3668 2329 πεπαλαίω-

2092 2386 2214 2422 ται·
2267 2367 2703 2441 καῖΣαραπίωνι
2729 2370 2786 2421 δὲ
2834 2368 2944 2439 (16)
2987 2368 3066 2438 τῷ
3111 2369 3390 2436 ὲπισκόπῳ
3419 2368 3540 2419 δότε
3565 2369 3666 2433 τὴν

405 2451 602 2522 ἑτέραν
629 2452 911 2523 μηλωτήν·
935 2452 1029 2504 καὶ
1056 2452 1214 2522 ὑμεῖς
1237 2453 1387 2522 ἔχετε
1407 2454 1467 2506 τὸ
1487 2454 1724 2524 τρίχινον
1750 2453 1970 2525 ἔνδυμα.
2010 2453 2122 2510 Καὶ
2183 2459 2366 2514 λοιπὸν
2411 2457 2668 2525 σώζεσθε,
2697 2461 2860 2512 τέκνα
2879 2475 2892 2489 °
2935 2461 2964 2512 ό
2995 2458 3104 2529 γὰρ
3149 2457 3430 2520 Ἀντώνιος
3493 2475 3663 2529 μετα.

384 2535 602 2606 ⁴ϐαίνει,
634 2543 728 2594 καὶ
753 2543 854 2594 οὐκ
883 2541 962 2594 ἔτι
992 2541 1108 2612 μεθ’
1136 2543 1288 2613 ὑμῶν
1313 2545 1450 2597 ἐστι.

453 2632 570 2693 '92.
602 2633 700 2690 His
726 2634 816 2690 ille
845 2634 1029 2700 dictis,
1054 2644 1339 2704 postquam
1365 2635 1544 2704 ipsum
1572 2637 1803 2692 osculati
1828 2645 1976 2699 sunt,

385 2727 600 2786 'etrectis
640 2727 887 2796 pedibus,
929 2743 994 2782 ac
1024 2726 1183 2798 quasi
1214 2728 1423 2783 amicos
1467 2743 1525 2784 se
1554 2732 1815 2786 adeuntes
1844 2746 1978 2785 con-

405 2819 732 2888 templatus,
769 2834 1070 2888 eorumque
1111 2833 1277 2873 causa
1326 2821 1515 2885 laetus,
1556 2835 1681 2873 nam
1721 2821 1848 2874 dum
1881 2819 1976 2874 de-

402 2907 681 2968 cumberet
715 2907 872 2966 hilari
907 2921 1024 2965 erat
1052 2911 1228 2975 vultu,
1257 2911 1573 2980 exspiravit,
1619 2922 1673 2966 et
1697 2914 1977 2982 appositus

403 3011 488 3059 est
517 3003 584 3057 ad
629 3014 811 3072 patres
850 3017 998 3059 suos.
1041 3001 1143 3066 Illi,
1199 3002 1656 3072 quemadmodum
1695 3003 1979 3057 mandarat

403 3095 560 3163 ipsis,
598 3092 819 3148 condito
847 3104 900 3148 et
929 3094 1173 3152 involuto
1200 3109 1449 3164 corpore,
1474 3093 1604 3148 illud
1637 3103 1774 3148 terra
1792 3105 1978 3150 conte-

2153 2634 2242 2690 92.
2275 2633 2458 2686 Ταῦτα
2487 2631 2676 2694 εἰπὼν,
2731 2633 2826 2686 καλ⁸
2871 2631 3275 2701 ἀσπασαμένων
3297 2633 3526 2686 ἐκείνων
3563 2635 3662 2687 αὺ-

2082 2730 2193 2791 τὸν,
2224 2725 2423 2799 ἐξάρας
2451 2727 2576 2789 τοὺς
2601 2727 2786 2788 πόδας,
2819 2725 2911 2778 καὶ
2937 2724 3124 2792 ὥσπερ
3151 2723 3334 2792 φίλους
3361 2727 3506 2794 ὁρῶν
3534 2729 3662 2788 τοὺς

2084 2818 2338 2880 ἐλθόντας
2381 2819 2466 2869 ἐπ’
2496 2816 2680 2876 αὑτὸν,
2709 2817 2801 2868 καὶ
2827 2816 2894 2868 δι’
2929 2817 3124 2877 αὐτοὺς
3170 2815 3475 2887 περιχαρὴς
3507 2817 3662 2883 γενό-

2087 2926 2264 2981 μενος,
2295 2909 2546 2977 ἐφαίνετο
2567 2906 2674 2978 γὰρ
2699 2907 3054 2976 ἀνακείμενος
3075 2906 3239 2977 ἱλαρῷ
3257 2907 3334 2977 τῷ
3355 2907 3658 2978 προσώπῳ,

2081 3001 2315 3065 ἐξέλιπε,
2351 3001 2444 3053 καὶ
2487 2998 2789 3070 προσετέθη
2823 2999 2959 3068 πρὸς
2992 2999 3115 3060 τοὺς
3160 2998 3421 3069 πατέρας.
3452 3000 3660 3052 Κάκεῖ-

2082 3110 2161 3145 νοι
2194 3093 2396 3154 λοιπὸν,
2442 3091 2582 3144 καθὰ
2611 3090 2836 3144 δέδωκεν
2874 3091 3055 3153 αὐτοῖς
3089 3090 3339 3156 ἐντολὰς,
3386 3091 3661 3161 θάψαντες

404 3202 533 3245 xere
555 3226 570 3251 ,
597 3201 866 3255 nemoque
896 3185 1166 3246 hactenus
1191 3186 1343 3240 novit
1390 3186 1611 3240 ubinam
1647 3186 1832 3249 lateat,
1874 3187 1980 3241 illis

2091 3185 2175 3236 καὶ
2217 3183 2532 3249 εἱλίξαντες,
2578 3183 2818 3253 ἔκρυψαν
2863 3183 2967 3234 ὑπὸ
3013 3181 3118 3250 γῆν
3168 3183 3329 3236 αὑτοῦ
3361 3185 3424 3236 τὸ
3474 3185 3660 3254 σῶμα,

401 3278 618 3332 duobus
647 3277 906 3347 exceptis.
937 3269 1043 3345 Qui
1075 3281 1258 3337 antem
1292 3292 1546 3346 accepere
1577 3277 1718 3331 beati
1757 3277 1978 3332 Antonii

402 3379 694 3440 utramque
749 3370 1023 3434 melotem,
1073 3373 1128 3427 et
1172 3369 1429 3427 detritum
1478 3369 1546 3421 ab
1591 3383 1658 3423 eo
1712 3369 1931 3435 pallium
1961 3410 1976 3433 ,

401 3461 560 3535 quasi
586 3476 673 3519 res
705 3461 887 3536 magni
920 3455 1079 3534 pretii
1100 3454 1271 3518 anibo
1303 3460 1395 3518 illa
1427 3459 1774 3522 custodiunt,
1815 3467 1978 3528 atque

2084 3275 2177 3326 καὶ
2227 3274 2400 3336 οὐδεὶς
2441 3269 2546 3326 οἶδε
2581 3275 2747 3336 τέως,
2781 3273 2883 3325 ποῦ
2914 3274 3238 3344 κέκρυπται,
3293 3275 3434 3344 πλὴν
3481 3277 3662 3346 μόνων

2081 3362 2258 3414 αὐτῶν
2288 3364 2394 3415 τῶν
2427 3363 2537 3416 δύο.
2590 3365 2700 3416 Καὶ
2725 3362 2833 3416 τῶν
2874 3363 3144 3416 λαϐόντων
3175 3365 3230 3416 δὲ
3271 3365 3508 3427 ἕκαστος
3549 3367 3661 3428 (Π)

2081 3453 2178 3524 τὴν
2211 3455 2461 3527 μηλωτὴν
2479 3455 2572 3510 τοῦ
2601 3456 2873 3528 μακαρίου
2909 3457 3215 3521 Ἀντωνίου,
3234 3457 3338 3511 καὶ
3357 3457 3424 3510 τὸ
3441 3475 3662 3530 τετριμο

1723 3675 1971 3732 VERSIO
2010 3675 2312 3731 EVAGRII.

398 3880 642 3951 universi
691 3880 967 3935 daemones
1025 3880 1380 3951 fugabuntur.
1416 3870 1741 3935 hiemenmte
1769 3879 1931 3951 etiam
1983 3877 2417 3951 admonitionum
2450 3892 2704 3951 mearum
2745 3885 2798 3930 et
2839 3877 3068 3951 incertae
3112 3874 3453 3951 conditionis
3483 3877 3659 3931 vitam

398 3949 640 4018 quotidie
678 3951 970 4019 ancipitem
1005 3946 1293 4006 retractate
1317 3991 1333 4017 ,
1381 3959 1436 4005 et
1485 3951 1704 4004 caeleste
1760 3949 1914 4002 vobis
1965 3950 2243 4017 praemium
2283 3950 2400 4002 sine
2434 3947 2780 4019 cunctamine
2821 3949 3107 4019 tribuetur.
3131 3946 3660 4019 ischismaticorum

395 4016 626 4106 riuo-que.
649 4030 712 4101 et_
735 4016 1112 4106 haireticorutp
1144 4016 1350 4106 veneria
1385 4022 1550 4074 vitate
1579 4035 1925 4106 :qmeumque
1960 4016 2104 4072 eirea
2135 4033 2230 4072 eos
2263 4019 2463 4098 odium.
2490 4018 2796 4106 sectamini,
2841 4016 3657 4106 quiahChristi‘sunt‘inimici.

397 4087 739 4158 Scitis-ipsis,
782 4091 928 4158 quod
983 4091 1165 4155 nullus
1204 4091 1339 4144 mihi
1377 4105 1478 4144 nec
1504 4090 1761 4157 pacilicus
1793 4090 2010 4157 quidem
2046 4104 2227 4158 sermo
2255 4103 2376 4142 cum
2418 4087 2496 4140 eis
2524 4087 2813 4156 aliquando
2847 4087 3030 4158 fuerit,
3059 4097 3281 4158 propter:
3302 4101 3530 4158 pravam
3562 4103 3660 4141 eo-

397 4175 516 4212 rum
552 4153 906 4222 voluntatem,
932 4169 986 4214 et
1016 4153 1262 4228 pertinax
1295 4153 2050 4214 contraChristum—bellum.
2085 4155 2139 4210 In
2173 4159 2272 4212 hoc
2298 4167 2478 4210 autem
2503 4153 2674 4225 magis
2707 4165 2880 4212 estote
2903 4153 3230 4220 solliciti,’ut
3252 4153 3470 4228 Domini
3511 4173 3658 4226 prae-

395 4239 549 4296 repta
585 4231 832 4299 servetis,
865 4241 922 4284 ut
951 4227 1072 4299 post
1095 4239 1326 4283 mortem
1353 4239 1588 4284 vestram
1617 4228 1788 4282 sancti
1812 4229 2036 4299 quique,
2067 4229 2225 4297 quasi
2256 4229 2464 4299 amicos
2494 4236 2751 4299 etnotos,
2792 4229 2857 4299 in_
2882 4237 3089 4280 aeterna
3130 4241 3228 4280 vos
3274 4227 3546 4299 recipiant
3574 4237 3659 4281 ta—

397 4300 708 4352 bernacula.
748 4298 872 4353 Haec
897 4296 1150 4368 cogitate,
1175 4300 1288 4353 haec
1319 4300 1513 4367 sapite,
1555 4300 1671 4352 haac
1701 4296 1965 4368 retexite:
2000 4306 2054 4350 et
2087 4296 2131 4350 si
2163 4314 2268 4366 qua
2301 4297 2406 4350 mei
2445 4297 2598 4368 vobis
2623 4313 2773 4358 cura,
2816 4296 2860 4350 si
2902 4312 3011 4364 qua
3047 4303 3216 4364 patris
3243 4297 3515 4368 memoria
3546 4309 3656 4362 est,

394 4369 438 4422 si
469 4370 599 4422 mihi
625 4370 888 4422 vicarium
915 4366 1244 4437 repraestatis
1273 4366 1546 4433 affectum,
1578 4368 1759 4421 nullus
1789 4369 1854 4421 ad
1879 4367 2172 4437 {Egyptqu
2204 4383 2352 4420 meas
2378 4366 2611 4435 perferat
2638 4367 2918 4435 reliquias,
2951 4381 3018 4419 ne
3037 4381 3184 4437 vano
3203 4382 3407 4434 corpus
3438 4367 3656 4422 honore

393 4447 661 4501 servetur,
695 4453 762 4492 ne
787 4436 1097 4508 vituperati,
1131 4447 1189 4491 ut
1222 4439 1414 4503 nostis,
1440 4453 1473 4491 a
1501 4454 1585 4492 me
1615 4439 1771 4501 ritus,
1799 4441 1962 4492 etiam
1993 4436 2150 4490 circa
2165 4452 2263 4508 _me
2285 4446 2570 4508 serventur
2603 4437 2915 4508 obsequia:
2955 4436 3306 4508 hujusgenim
3342 4437 3418 4490 rei
3473 4439 3656 4506 gratia

394 4509 632 4560 maxime
659 4509 765 4562 huc
787 4505 920 4561 sum‘
947 4522 1249 4577 regressus.
1278 4507 1390 4562 Vos
1416 4509 1580 4577 igitur
1611 4508 1777 4561 humo
1811 4511 1993 4578 tegite,
2022 4523 2118 4560 vos
2161 4505 2574 4578 Patrisoperite
2599 4506 3008 4578 corpusculum,
3039 4507 3253 4578 etillud
3301 4505 3524 4578 quoque
3561 4523 3657 4561 se—

395 4581 479 4630 nis
503 4579 663 4630 vestri
697 4579 968 4632 custodite
999 4576 1312 4631 mandatum
1341 4596 1354 4631 :
1383 4576 1457 4631 uti
1475 4592 1634 4631 nemo
1675 4576 2140 4645 praeter'veslram
2175 4577 2520 4631 dilectionem
2557 4577 2735 4631 locum
2780 4577 2975 4628 tumuli
3009 4576 3112 4628 mei
3148 4578 3377 4630 noverit.
3413 4577 3657 4645 confido

391 4648 447 4700 iu
481 4647 731 4713 Domino,
765 4651 894 4717 quia
935 4650 1248 4702 necessario
1271 4643 1689 4702 resurrectionis
1725 4658 1966 4715 tempore
2013 4647 2117 4701 hoc
2170 4645 2556 4717 corpusculum
2601 4645 2987 4717 resurget(18)
3028 4646 3426 4717 incorruptum.
3469 4643 3656 4700 Vesti-»

393 4727 702 4770 mentorum
730 4714 908 4770 autem
941 4732 1184 4771 meorum
1218 4718 1290 4772 sit
1316 4718 1419 4771 ista
1447 4718 1674 4770 divisio:
1712 4714 1960 4771 meloteni
1995 4725 2048 4769 et
2081 4717 2299 4784 pallium
2330 4715 2537 4777 tritum,
2567 4716 2656 4769 cui
2687 4714 3023 4783 superjaero,
3055 4714 3356 4768 Athanasio
3386 4718 3656 4785 episcopo

389 4789 535 4848 date,
561 4789 706 4856 quod
740 4787 873 4840 mihi
907 4802 1107 4841 novum
1140 4789 1255 4856 ipse
1291 4787 1555 4842 detulerat
1586 4805 1601 4840 :
1633 4786 1896 4856 Serapion
1939 4787 2231 4854 episcopus
2271 4786 2433 4838 aliam
2470 4788 2701 4854 accipiat
2752 4785 3001 4838 melotem
3032 4802 3048 4856 ς
3084 4799 3182 4838 vos
3225 4786 3498 4837 cilicinum
3552 4788 3654 4838 ha-

393 4858 570 4911 betote
584 4855 1002 4924 vestimentum,
1029 4865 1084 4912 et
1108 4855 1302 4924 valete,
1333 4858 1542 4912 viscera
1572 4873 1691 4912 mea
1723 4876 1736 4911 :
1770 4855 2042 4912 Antonius
2063 4860 2210 4910 enim
2242 4857 2465 4926 migrat,
2501 4864 2558 4910 et
2596 4860 2710 4925 iam
2756 4871 2865 4910 non
2897 4856 3000 4909 erit
3030 4855 3083 4908 in
3136 4857 3386 4923 praesenti
3443 4858 3652 4912 saeculo

387 4929 690 4981 vobiscum.

459 4996 550 5052 9‘2.
586 4995 761 5050 Verba
788 4996 1024 5062 finierat,
1051 5006 1104 5051 et
1127 4997 1502 5052 osculantibus
1541 5012 1598 5052 se
1653 4995 1960 5065 discipulis,
2014 4996 2314 5051 extendens
2346 4995 2625 5065 paululum
2685 4994 2872 5064 pedes,
2913 5004 3141 5047 mortem
3191 4993 3344 5047 laetus
3376 4995 3594 5062 aspexit
3631 5014 3649 5050 :

388 5068 462 5121 ita
503 5076 562 5121 ut
591 5083 656 5139 ex
684 5067 955 5121 hilaritate
986 5068 1167 5139 vultus
1187 5067 1326 5139 ejus.
1355 5068 1672 5139 angelorum
1711 5063 2048 5139 sanctorum,
2081 5069 2173 5135 qui
2224 5067 2292 5120 ad
2343 5063 2715 5139 perferendam
2736 5135 2746 5139 _
2768 5065 3005 5139 animam
3054 5065 3173 5139 ejus
3204 5065 3599 5139 desceiLderant
3631 5107 3648 5128 ,

388 5138 676 5207 praesentia
716 5150 1055 5207 nosceretur.
1089 5133 1471 5204 Hos'intuens',
1497 5147 1771 5207 tanquam
1804 5137 2012 5190 amicos
2058 5133 2285 5207 videret,
2328 5137 2566 5207 animam
2592 5135 2972 5207 exlialavit._et
3006 5135 3224 5187 additus
3275 5143 3359 5187 est
3384 5133 3649 5207 Pati-ibus

380 5203 689 5261 secundum
723 5206 968 5261 ordinem
995 5206 1423 5277 Scripturarum.
1481 5203 1848 5262 Servaverunt
1902 5207 2158 5261 mandata
2206 5205 2500 5274 discipuli,
2553 5206 2853 5277 involutum
2886 5203 2986 5277 (Jut
3032 5204 3401 5277 praeceperat)
3442 5219 3648 5277 corpus

387 5277 558 5330 humo
582 5278 930 5345 aperientes:
967 5287 1022 5331 et
1053 5272 1216 5331 nemo
1239 5278 1456 5331 interim
1490 5291 1663 5344 usque
1689 5277 1755 5328 ad
1803 5277 1943 5328 hanc
1986 5277 2149 5338 diem,
2185 5272 2377 5344 praeter
2411 5291 2525 5336 eos,
2560 5275 2650 5328 ubi
2685 5277 2755 5328 sit
2781 5275 3060 5327 conditum
3098 5273 3228 5340 (19),
3268 5275 3438 5345 novit.
3473 5272 3647 5345 Lega-

381 5349 561 5402 tarius
596 5343 780 5403 autem
813 5346 1036 5402 Antonii
1065 5347 1362 5414 benedicti,
1407 5348 1504 5417 qui
1548 5343 1733 5402 tritum
1762 5347 1988 5413 pallium
2020 5361 2146 5400 cum
2186 5343 2388 5401 inelote
2433 5345 2662 5414 imperio
2704 5345 2822 5414 ejus
2870 5353 3141 5397 meruerat
3181 5344 3451 5411 accipere,
3481 5343 3646 5399 Anto-

2061 5555 2242 5610 λαϐὼν
2271 5556 2330 5610 δὲ
2354 5556 2608 5619 ἕκαστος.

2135 5627 2245 5697 (18)
2277 5628 2481 5682 Omnes
2514 5624 2893 5694 inanuscripti,
2935 5624 3152 5697 resiliat.

2135 5695 2248 5768 (i9)
2278 5697 2634 5765 Manuscripti
2663 5697 2906 5765 quidam,
2937 5695 3198 5748 conditus.

457 5554 570 5624 (16)
599 5557 676 5608 Ita
703 5571 835 5610 mss.
863 5571 1002 5625 pene
1021 5571 1233 5611 omnes.
1265 5555 1321 5610 In
1360 5557 1520 5611 editis
1563 5557 1622 5610 δέ
1660 5557 1831 5614 deest.
1862 5558 1955 5612 ln-

376 5621 474 5682 1m
482 5621 589 5698 ειξζ,
623 5621 894 5698 τρύχινον,
930 5628 1020 5698 alii
1055 5627 1278 5698 τρύχιον
1312 5626 1534 5698 habent.

457 5693 572 5764 (Π)
609 5693 700 5750 Sic
728 5693 1102 5767 manuscripti
1144 5693 1355 5753 omnes.
1402 5696 1566 5767 Etliti,
1602 5698 1692 5753 δύο
1737 5697 1951 5763 ἱκετῶν,
