3810 6228
196 357 307 417 973

1504 358 1665 415 VITA
1708 360 1765 414 S.
1808 357 2112 415 ΑΝΤΟΝΊΙ.

3319 359 3427 416 974

198 468 361 543 μόνον
389 472 520 544 παρ’
554 471 720 529 αὐτοῦ
752 474 983 545 ἱμάτιον,
1018 472 1093 537 ὥς
1144 491 1195 527 τι
1251 472 1393 543 μέγα
1443 474 1630 544 χρῆμα
1661 491 1758 542 φυ-

1872 476 1922 529 in
1949 474 2058 529 illis
2076 471 2369 527 Antonium
2394 470 2739 541 conspiciunt
2767 490 2779 525 :
2807 471 2877 526 iis
2902 485 3123 542 quoque
3145 470 3354 537 amicti,
3388 488 3448 528 se

192 561 402 616 λάττει.
431 564 544 619 Καὶ
580 564 689 636 γάρ
724 565 820 618 καὶ
854 564 1065 636 βλέπων
1089 562 1230 617 αύτά
1258 562 1396 636 (20),
1444 564 1520 628 ὡς
1575 563 1775 617 Ἀντὼ-

193 652 311 707 νιόν
346 655 463 707 ἐστι
500 654 719 728 θεωρῶν
740 674 753 686 ·
790 656 885 709 καὶ
916 654 1372 727 περιϐαλλόμενος
1401 653 1458 708 δὲ
1490 654 1650 719 αὐτὰ,
1697 654 1773 719 ὡς

190 743 296 806 τὰς
322 744 604 809 νουθεσίας
635 744 799 799 αὐτοῦ
837 744 1120 816 βαστάζων
1151 747 1268 799 ἐστὶ
1300 746 1437 816 μετὰ
1469 748 1662 818 χαρᾶς.

265 836 355 891 93.
402 835 574 890 Τοῦτο
595 839 694 908 τῆς
737 838 796 890 ἐν
833 836 1045 908 σώματι
1074 837 1218 909 ζωῆς
1255 838 1534 891 Ἀντωνίου
1567 838 1628 891 τὸ
1682 838 1773 891 τέ-

190 927 307 994 λος,
340 929 569 1000 κάκείνη
600 929 698 999 τῆς
722 929 1009 998 ἀσκήσεως
1040 931 1204 1001 ἀρχή.
1246 929 1358 982 Καὶ
1397 931 1445 982 εί
1473 930 1566 983 καὶ
1601 929 1773 1001 μικρὰ

191 1019 372 1074 ταῦτα
402 1019 537 1091 πρὸς
565 1018 663 1091 τὴν
692 1020 893 1092 ἀρετὴν
919 1020 1149 1086 ἐκείνου,
1177 1020 1290 1073 ἀλλ’
1320 1021 1429 1074 ἀπὸ
1450 1020 1653 1075 τούτων
1679 1021 1770 1074 λο-

188 1110 417 1178 γίζεσθε
464 1111 560 1164 καὶ
606 1111 784 1182 ὑμεῖς,
832 1114 1012 1176 ὁποῖος
1040 1109 1108 1183 ἦν
1136 1113 1165 1165 6
1200 1111 1294 1165 τοῦ
1320 1111 1455 1166 Θεοῦ
1489 1112 1770 1186 ἄνθρωπος

206 1200 512 1268 ⁹Δντώνιος,
548 1205 577 1257 6
620 1205 686 1256 ἐκ
735 1203 1002 1274 νεωτέρου
1036 1203 1197 1274 μέχρι
1227 1203 1329 1274 τῆς
1361 1203 1626 1275 τοσαύτης
1648 1203 1768 1275 ἡλι-

189 1292 322 1357 κίας
350 1293 473 1365 ίσην
513 1296 755 1367 τηρήσας
796 1294 893 1366 τὴν
937 1294 1243 1366 προθυμίαν
1292 1295 1391 1366 τῆς
1441 1296 1726 1367 ἀσκήσεως
1750 1313 1764 1326 ο

191 1385 291 1439 καὶ
321 1387 461 1457 μήτε
490 1385 577 1439 διά
607 1386 669 1439 τὸ
695 1386 871 1457 γῆρας
898 1385 1153 1456 ἡττηθεὶς
1200 1386 1516 1457 πολυτελείᾳ
1543 1388 1766 1459 τροφῆς,

195 1475 339 1547 μήτε
371 1474 438 1528 δι’
490 1474 706 1528 ἀτονίαν
753 1475 848 1528 τοῦ
887 1475 1080 1529 ἑαυτοῦ
1141 1474 1388 1547 σώματος
1425 1475 1661 1544 ἀλλάξας
1706 1477 1768 1530 τὸ

189 1565 384 1638 σχῆμα
420 1567 512 1621 τοῦ
544 1567 918 1638 ὲνδύματος,ἢ
960 1567 1253 1639 νιψάμενος
1286 1567 1388 1622 κᾶν
1428 1569 1555 1633 τοὺς
1603 1568 1769 1634 πόδας

189 1658 349 1712 ὕδατι
373 1674 388 1689 ο
438 1660 530 1712 καὶ
569 1659 720 1730 ὅμως
751 1662 809 1713 ὲν
843 1660 978 1712 πᾶσι
1022 1658 1290 1731 διέμεινεν
1335 1659 1601 1732 ἀϐλαϐής.
1658 1663 1769 1715 Καὶ

186 1750 304 1823 γάρ
355 1752 451 1804 καὶ
498 1753 625 1815 τοὺς
682 1751 992 1824 ὀφθαλμοὺς
1042 1753 1246 1817 ἀσινεῖς
1298 1752 1393 1807 καὶ
1443 1752 1769 1825 ὁλοκλήρους

1874 564 2096 620 Antonii
2118 564 2320 618 monita
2350 578 2474 619 cum
2502 561 2702 633 gaudio
2729 574 2943 633 gestare
2967 562 3241 617 videntur.

1943 825 2032 881 95.
2089 824 2185 879 Hic
2224 824 2349 879 vitae
2394 822 2616 877 Antonii
2665 823 2723 877 in
2771 837 2997 892 corpore
3044 822 3259 886 exitus,
3312 821 3446 877 illud

1872 934 2126 976 asceseos
2167 919 2318 973 illius
2357 917 2647 972 exordium
2691 915 2813 970 fuit.
2869 915 2995 971 Haec
3035 916 3139 973 etsi
3195 916 3445 971 breviora

1874 1012 2006 1076 sint,
2034 1026 2198 1081 quam
2250 1008 2397 1064 illius
2435 1008 2623 1062 virtuti
2655 1023 2753 1078 par
2791 1008 2901 1074 sit,
2953 1006 3051 1062 sed
3081 1008 3246 1062 exiis
3293 1009 3444 1064 testi-

1873 1113 2019 1158 mate
2055 1101 2366 1172 cujusmodi
2415 1100 2579 1155 fuerit
2608 1099 2776 1153 homo
2808 1096 2903 1153 Dei
2930 1098 3224 1164 Antonius,
3252 1100 3345 1169 qui
3375 1099 3447 1155 ab

1870 1194 2237 1250 adolescentia
2262 1192 2332 1247 ad
2376 1201 2487 1246 tam
2521 1191 2781 1262 grandem
2811 1198 3047 1257 aetatem,
3087 1191 3285 1260 mquali
3331 1206 3446 1247 ser-

1869 1268 1994 1336 vato
2032 1280 2196 1352 692
2237 1280 2305 1335 ad
2341 1279 2637 1334 asceticam
2665 1278 2848 1334 studio
2871 1318 2888 1343 ,
2928 1294 3030 1334 nec
3079 1280 3150 1333 ob
3200 1292 3446 1335 senectu-

1870 1381 1980 1427 tem
2036 1370 2286 1426 lautioris
2315 1370 2422 1425 cibi
2455 1370 2728 1427 desiderio
2754 1370 2953 1436 victus,
2977 1385 3078 1425 nec
3104 1371 3175 1425 ob
3198 1372 3445 1441 corporis

1869 1464 2240 1519 inﬁrmitatem
2300 1471 2509 1518 mutata
2559 1463 2778 1519 habitus
2816 1461 3035 1529 forma,
3085 1478 3186 1518 nec
3244 1463 3445 1517 ablutis

1868 1567 2010 1623 aqua
2039 1552 2270 1622 pedibus
2291 1539 2311 1607 ἐ
2355 1553 2719 1608 nihilominus
2748 1555 2974 1608 omnino
2999 1554 3289 1608 incolumis
3316 1569 3444 1624 per-

1867 1642 2107 1699 duravit.
2128 1642 2332 1700 lllassos
2354 1644 2553 1714 quippe
2574 1643 2765 1700 oculos
2788 1653 2951 1714 atque
2971 1645 3212 1715 integros
3234 1645 3442 1709 habuit,

1868 1733 1943 1787 ita
1965 1741 2027 1788 ut
2052 1739 2199 1788 recte
2230 1733 2467 1789 videret:
2493 1733 2844 1799 dentiumque
2865 1732 2941 1787 illi
2967 1748 3035 1787 ne
3063 1748 3206 1790 unus
3225 1733 3444 1802 quidem

186 1838 330 1914 εἶχε,
363 1843 573 1913 βλέπων
601 1843 781 1907 καλῶς
806 1856 821 1871 ⁸
854 1845 948 1897 καὶ
982 1842 1092 1897 τῶν
1147 1842 1372 1896 ὀδόντων
1405 1843 1527 1897 οὐδὲ
1565 1823 1655 1905 εἷς
1681 1841 1758 1908 ἐξ·

1872 1824 2087 1892 excidit,
2131 1824 2475 1881 solummodo
2500 1838 2669 1894 prope
2698 1823 2944 1895 gingivas
2977 1824 3152 1878 attriti
3184 1832 3343 1879 erant
3372 1826 3444 1877 ob

188 1933 392 1987 ἐπεσεν
419 1933 607 1988 αὐτοῦ’
642 1936 799 2007 μόνον
828 1934 884 1988 δὲ
916 1934 1020 1988 ὑπὸ
1038 1933 1108 1988 τὰ
1127 1930 1258 1988 οὖλα
1279 1933 1628 2006 τετριμμένοι
1652 1936 1772 2003 ὲγε-

188 2025 467 2095 γόνεισαν,
494 2026 582 2080 διὰ
607 2028 706 2099 τὴν
741 2025 941 2098 πολλὴν
968 2026 1185 2098 ἡλικίαν
1210 2024 1304 2080 τοῦ
1336 2025 1611 2098 γέροντος.
1657 2026 1769 2080 Καὶ¹

184 2120 305 2181 τοῖς
334 2119 460 2171 ποσὶ
489 2118 545 2172 δὲ
573 2119 667 2172 καὶ
687 2121 809 2182 ταῖς
835 2119 1022 2191 χερσὶν
1050 2118 1208 2190 ύγιὴς
1233 2118 1490 2190 διέμεινε,
1514 2118 1609 2172 καὶ
1632 2118 1770 2182 ὅλως

185 2207 414 2262 πάντων
446 2208 554 2263 τῶν
591 2210 810 2282 ποικίλῃ
840 2213 1015 2282 τροφῇ
1045 2210 1139 2263 καὶ
1176 2208 1421 2282 λουτροῖς
1456 2209 1550 2264 καὶ
1580 2209 1768 2280 διαφό-

190 2315 311 2370 ροις
340 2300 601 2372 ἐνδύμασι
644 2302 940 2374 χρωμένων
986 2301 1335 2374 φαιδρότερος
1381 2300 1580 2371 μᾶλλον
1607 2301 1769 2365 αὐτὸς

185 2390 466 2460 ἐφαίνετο,
496 2393 591 2444 ml.
624 2392 763 2463 πρὸς
797 2392 949 2462 ἰσχὺν
973 2391 1400 2463 προθυμότερος.
1425 2391 1537 2444 Καὶ
1560 2391 1621 2444 τὸ
1640 2406 1769 2445 παν-

184 2477 360 2549 ταχοῦ
391 2478 448 2532 δὲ
483 2479 672 2535 τοῦτον
703 2480 1107 2551 διαϐεϐοῆσθαι,
1142 2482 1235 2535 κα)⁵
1264 2480 1639 2552 θαυμάζεσθαι
1668 2482 1768 2554 μὲν

185 2567 348 2640 παρά
399 2569 637 2632 πάντων,
688 2568 968 2622 ποθεῖσθαι
994 2569 1051 2622 δὲ
1085 2570 1179 2623 καὶ
1214 2570 1365 2642 παρά
1391 2568 1501 2621 τῶν
1547 2567 1622 2640 μὴ
1663 2570 1766 2621 ἑω-

189 2659 441 2732 ρακότων
474 2661 656 2726 αὐτὸν,
684 2664 785 2733 τῆς
810 2662 1011 2734 ἀρετῆς
1041 2662 1135 2715 καὶ
1155 2662 1252 2732 τῆς
1279 2659 1560 2730 θεοφιλοῦς
1601 2660 1766 2714 αὐτοῦ

182 2754 370 2825 ψυχῆς
410 2755 528 2808 ἐστι
585 2755 892 2830 γνώρισμα.
929 2756 1003 2810 Ού
1047 2755 1157 2828 γὰρ
1191 2757 1256 2809 ὲκ
1295 2755 1764 2828 συγγραμμάτων,

184 2845 314 2900 οὐδὲ
335 2848 400 2900 ὲκ
420 2845 523 2917 τῆς
548 2844 745 2911 ἔξωθεν
780 2846 989 2917 σοφίας,
1021 2845 1141 2900 οὐδὲ
1173 2845 1262 2900 διὰ
1282 2863 1404 2900 τινα.
1430 2846 1650 2919 τέχνην.
1678 2845 1766 2900 διὰ

182 2935 246 2989 δὲ
284 2935 449 3008 μόνην
483 2935 790 2991 θεοσέϐειαν
842 2939 872 2990 6
921 2934 1201 3000 Ἀντώνιος
1232 2936 1559 3008 ἐγνωρίσθη.
1596 2937 1767 2993 Τοῦτο

183 3029 247 3083 δὲ
293 3028 369 3094 ὡς
394 3029 531 3084 Θεοῦ
561 3030 732 3102 δῶρον
757 3032 857 3084 οὐκ
889 3030 953 3084 ἄν
982 3048 1065 3095 τις
1090 3030 1408 3102 ἀρνήσαιτο.
1445 3031 1618 3085 Πόθεν
1657 3032 1767 3105 γὰρ

186 3123 391 3188 εἰςτὰς
418 3122 658 3187 Σπανίας
709 3121 820 3194 (21)
863 3123 956 3176 καὶ
988 3124 1067 3186 είς
1105 3122 1203 3185 τὰς
1230 3120 1478 3187 Γαλλίας,
1526 3123 1643 3188 πῶς
1684 3125 1765 3189 είς
1790 3163 1834 3222 C

180 3215 290 3289 τὴν
328 3214 547 3288 Ῥώμην
580 3214 674 3270 καὶ
712 3213 810 3286 τὴν
848 3215 1130 3286 Ἀφρικὴν,
1158 3216 1216 3267 ὲν
1248 3213 1363 3286 δρει
1383 3213 1761 3286 κεκρυμμένος

184 3308 287 3363 καὶ
317 3308 626 3380 καθήμενος
651 3306 914 3378 ἠκούσθη,
949 3308 996 3360 εί
1031 3307 1104 3378 μὴ
1131 3309 1160 3360 6
1189 3306 1321 3369 Θεὸς
1348 3300 1438 3376 ἦν,
1477 3309 1506 3359 6
1552 3322 1760 3360 παντα-

182 3399 288 3473 χοῦ
310 3401 436 3465 τοὺς
475 3398 668 3453 ἑαυτοῦ
698 3399 980 3475 γνωρίζων
1006 3398 1344 3470 ἀνθρώπους,
1372 3402 1400 3453 6
1430 3399 1523 3453 καὶ
1563 3399 1759 3451 Ἀντω-

1871 1912 2132 1983 grandem
2165 1913 2315 1969 senis
2342 1922 2573 1968 aetatem.
2601 1912 2836 1969 Pedibus
2865 1921 3047 1969 autem
3074 1914 3441 1970 manibusuue

1869 2018 2038 2059 sanus
2086 2005 2312 2059 omnino
2363 2005 2684 2075 permansit,
2733 2015 2788 2061 et
2826 2020 2961 2062 sane
3008 2006 3288 2070 omnibus,
3347 2007 3445 2076 qui

1868 2094 2039 2151 variis
2061 2095 2241 2160 'cibis,
2274 2095 2592 2160 lotionibus,
2642 2095 2919 2166 variisque
2950 2097 3195 2152 vestibus
3225 2107 3444 2152 uteren-

1869 2196 1979 2254 tur,
2010 2187 2251 2257 vegetior
2296 2186 2611 2257 apparebat,
2659 2193 2826 2258 atque
2870 2188 3096 2242 omnino
3143 2187 3440 2244 robustior.

1868 2278 2026 2346 Quod
2075 2289 2258 2335 autem
2311 2281 2516 2350 ubique
2562 2277 2711 2335 fama
2754 2280 2875 2351 ejus
2900 2289 3190 2351 pervagata
3238 2278 3442 2345 fuerit,

1867 2372 2012 2444 quod
2038 2372 2294 2427 omnibus
2343 2371 2715 2435 admirationi,
2744 2371 2922 2441 iisque
2957 2371 3122 2426 etiam
3157 2370 3253 2441 qui
3297 2385 3442 2424 nun-

1868 2479 2034 2534 quam
2061 2464 2341 2519 hominem
2369 2463 2635 2518 vidissent
2676 2463 2952 2518 desiderio
2983 2461 3149 2517 fuerit
3174 2480 3187 2516 :
3224 2461 3279 2516 id
3312 2476 3445 2516 sane

1868 2555 2015 2611 illius
2060 2556 2280 2611 virtutis
2321 2555 2627 2625 animaeque
2673 2555 2780 2610 Deo
2834 2554 3015 2610 chara:
3057 2563 3442 2625 argumentum

1867 2656 1971 2703 est.
1999 2646 2357 2719 Nequaquam
2387 2648 2534 2702 enim
2561 2648 2780 2719 scriptis
2809 2648 2946 2714 suis,
2973 2662 3084 2702 non
3118 2646 3305 2717 gentili
3355 2660 3445 2701 sa-

1866 2739 2092 2810 pientia,
2125 2754 2236 2794 non
2272 2739 2455 2809 aliqua
2484 2744 2622 2805 arte,
2656 2741 2752 2796 sed
2799 2740 2915 2796 sola
2947 2755 3076 2811 erga
3123 2740 3295 2796 Deum
3324 2740 3444 2810 pie-

1867 2837 1978 2884 tate
2009 2828 2240 2897 celebris
2271 2827 2375 2883 fuit
2397 2829 2691 2884 Antonius.
2726 2828 2888 2896 Quod
2927 2844 3058 2885 sane
3089 2830 3295 2885 donum
3322 2844 3447 2885 esse

1868 2924 1963 2979 Dei
1997 2939 2159 2980 nemo
2186 2932 2275 2980 eat
2309 2924 2541 2981 inﬁcias.
2572 2922 2732 2980 Unde
2757 2925 2906 2979 enim
2953 2924 3010 2979 in
3034 2922 3349 2995 Hispanias,
3387 2924 3445 2979 in

1867 3013 2092 3080 Gallias,
2123 3014 2376 3082 Romam,
2402 3014 2457 3070 in
2488 3013 2752 3081 Africam,
2778 3015 2832 3069 in
2865 3024 3051 3070 monte
3103 3015 3321 3071 latentis
3346 3014 3443 3070 de-

1867 3107 2154 3177 gentisque
2200 3106 2303 3161 viri
2334 3104 2479 3161 fama
2527 3105 2706 3161 delata
2759 3103 2943 3168 fuerit,
2978 3105 3084 3160 nisi
3117 3104 3262 3161 Deus
3312 3120 3445 3159 suos

1865 3196 2070 3267 ubique
2098 3204 2369 3252 terrarum
2399 3196 2577 3251 claros
2616 3203 2888 3265 notosque
2921 3196 3191 3263 redderet,
3221 3195 3312 3265 qui
3362 3196 3444 3248 id-

1865 3287 2047 3358 ipsum
2094 3286 2334 3343 Antonio
2383 3287 2487 3343 sub
2543 3287 2761 3341 initium
2818 3286 3098 3356 pollicitus
3150 3287 3282 3342 est?
3327 3286 3441 3342 Etsi

1863 3380 2011 3435 enim
2036 3379 2114 3434 illi
2135 3380 2346 3436 occulte
2371 3380 2595 3448 degunt,
2622 3378 2957 3448 cupiuntque
2975 3379 3164 3442 latere,
3199 3385 3440 3432 attamen

311 3491 467 3547 τοῦτο
486 3491 627 3546 κατά
644 3470 742 3563 τῆν
773 3469 945 3563 ἀρχὴν
970 3469 1434 3562 ἐπαγγειλάμενος
1456 3508 1472 3558 ;
1500 3489 1620 3544 Κᾶν
1648 3487 1758 3559 γάρ

1872 3473 1988 3528 illos
2023 3469 2287 3527 Dominus
2311 3471 2469 3541 quasi
2498 3470 2753 3526 lucernas
2783 3471 3042 3524 omnibus
3069 3469 3291 3524 exhibet
3321 3488 3334 3523 :
3380 3477 3441 3546 ut

183 3562 344 3636 αὐτοὶ
367 3579 764 3654 κεκρυμμένως
785 3562 1086 3653 πράττωσι,
1119 3581 1222 3635 κᾶν
1257 3581 1535 3637 λανθάνειν
1565 3579 1758 3635 ἐθέλω·-

1872 3564 1946 3621 his
1975 3564 2178 3621 auditis
2210 3564 2302 3619 alii
2326 3574 2660 3636 compertum
2684 3564 2942 3630 habeant,
2972 3562 3216 3618 suﬂicere
3240 3576 3444 3632 prame-

188 3687 278 3725 σιν
298 3687 315 3703 ⁸
343 3670 459 3725 ἀλλ’
484 3672 514 3724 6
540 3669 744 3743 Κύριος
776 3671 972 3734 αὐτοὺς
1004 3671 1079 3734 ὡς
1105 3671 1330 3743 λύχνους
1370 3671 1609 3728 δείκνυσι
1657 3674 1762 3726 πᾶ·

187 3776 301 3829 σιν,
337 3761 424 3814 ἵνα
456 3760 552 3815 καὶ
588 3759 762 3826 οὕτως
792 3760 842 3815 οἱ
881 3761 1168 3827 ἀκούοντες
1194 3763 1503 3832 γινώσκωσι
1533 3764 1763 3830 δυνατάς

183 3846 328 3907 εῖναι
367 3852 466 3917 τὰς
512 3852 732 3917 ἐντολὰς
759 3854 839 3917 είς
867 3853 929 3907 τὸ
970 3854 1292 3927 κατορθοῦν,
1332 3856 1427 3910 καὶ
1458 3854 1620 3928 ζῆλον
1657 3857 1758 3928 τῆς

182 3943 276 3996 ἐπ’
302 3942 503 4015 ἀρετὴν
529 3942 650 3997 ὁδοῦ
674 3943 1011 4015 λαμϐάνωσι.

259 4031 349 4097 94.
386 4032 570 4087 Ταῦτα
606 4034 784 4089 τοίνυν
825 4037 937 4099 τοῖς
987 4036 1085 4107 μὲν
1112 4035 1292 4101 ἄλλοις
1338 4038 1588 4108 ἀδελφοῖς
1622 4040 1759 4093 ἀνά-

183 4143 386 4195 γνωτε,
420 4127 506 4182 ἵνα
538 4127 781 4200 μάθωσιν
811 4128 992 4193 ὁποῖος
1033 4128 1233 4197 ὀφείλει
1275 4130 1382 4185 τῶν
1431 4132 1678 4203 μοναχῶν
1733 4135 1762 4186 6

1860 3664 1951 3728 pta
1984 3655 2078 3711 Dei
2104 3656 2172 3712 ad
2202 3672 2290 3713 res
2316 3656 2575 3728 praeclare
2604 3655 2892 3728 gerendas,
2933 3664 2987 3710 et
3014 3654 3197 3710 studio
3225 3653 3293 3708 ad
3317 3654 3434 3724 pie-

1865 3749 1990 3806 tatis
2027 3748 2127 3806 iter
2160 3748 2550 3805 instituendum
2583 3746 3015 3802 inﬂammentur.
3081 3752 3085 3765 ‘

1938 4038 2026 4093 94.
2057 4035 2185 4092 Haec
2208 4037 2393 4106 itaque
2412 4033 2536 4089 aliis
2559 4032 2781 4105 legitote
2806 4029 3089 4093 fratribus,
3113 4037 3172 4083 ut
3195 4027 3443 4083 ediscant

1867 4130 2175 4202 cuiusmodi
2219 4129 2413 4185 debeat
2443 4142 2564 4183 esse
2595 4125 2992 4181 monachorum
3041 4121 3153 4176 vita
3203 4136 3268 4176 ac
3312 4135 3442 4190 per-

1560 4241 1762 4295 ERSIO
1798 4237 2105 4295 EVAGRII.

1381 4265 1384 4268 ~
1560 4241 1649 4295 ER
1697 4243 1711 4295 1
1798 4240 1842 4295 Ε
1892 4241 1941 4294 A
1993 4240 2105 4294 Rll.

183 4332 342 4388 nium
373 4331 427 4385 in
466 4331 691 4406 Antonii
716 4331 1035 4406 muneribus
1067 4333 1450 4406 amplectitur:
1486 4240 1553 4390 εἴ
1572 4241 1834 4406 nusquam
1848 4240 2075 4406 vmfgna
2109 4330 2426 4388 hareditate
2465 4329 2691 4392 ditatus,
2723 4328 2969 4382 laetanter
3000 4339 3097 4394 per
3141 4325 3442 4380 vestimen-

184 4412 306 4457 tum
341 4401 658 4472 recordatur
679 4401 969 4472 imaginem
1012 4403 1337 4459 sanctitatis.

257 4472 348 4526 95.
378 4470 477 4544 Hic
502 4472 724 4525 Antenii
755 4463 877 4526 vitaz
902 4472 1169 4544 terminus
1202 4474 1321 4542 fuit,
1350 4472 1450 4544 ista
1490 4468 2325 4544 principia_meritorum_aqua;
2372 4463 2784 4544 licc_t_parciori,
2811 4463 3152 4544 utpraedixi,
3184 4476 3439 4519 sermone

183 4543 528 4616 narraverim
551 4581 566 4605 ,
605 4550 797 4616 tamen
829 4556 896 4596 ex
928 4542 1012 4596 his
1044 4536 1607 4616 potestisn'advertere
1635 4536 1869 4616 qualiter
1902 4537 2195 4616 bomo_Dei
2221 4536 2567 4616 7a:pueritia
2605 4536 3006 4616 ad'senectam
3033 4548 3210 4616 usque
3249 4547 3439 4616 perve-

185 4611 364 4667 nerit:
390 4622 444 4666 et
475 4601 622 4685 quod
653 4612 802 4685 omni
824 4601 1410 4681 semper'dubitatione
1448 4601 1672 4685 calcata,
1720 4625 1821 4665 nec
1846 4607 2117 4680 languori,
2154 4622 2254 4685 nec
2299 4601 2559 4676 longaevae
2594 4605 2905 4685 quidquam
2945 4605 3091 4685 aetati
3120 4601 3439 4685 aliquando

184 4673 544 4738 concesserit.
570 4680 741 4751 Magis
765 4673 960 4757 autem
974 4685 1335 4757 aequalitatem
1367 4681 1635 4752 propositi
1660 4673 1888 4757 tenens,
1911 4673 2039 4734 ‘ﬁec
2066 4673 2450 4757 vestimentum
2468 4675 2766 4757 Δ,ηιυιειξςὶιη
2790 4676 3098 4757 nec_p_edes
3136 4673 3288 4757 iavit,
3325 4687 3437 4757 nec

181 4767 370 4825 escam
395 4744 743 4825 sectatusnést
777 4744 1079 4806 molliorem
1109 4770 1123 4806 :
1156 4744 1438 4808 oculorum
1470 4744 1690 4821 quoque
1722 4750 1921 4825 aciem,
1947 4759 2002 4804 et
2033 4744 2618 4825 numernmAdentium,
2649 4744 2773 4825 licet
2794 4744 3076 4825 paululum
3103 4744 3175 4798 ob
3215 4752 3433 4825 atatem

182 4823 506 4895 viderentur
532 4821 725 4895 attriti,
754 4836 967 4895 necnon
997 4831 1060 4895 ⁸ει
1088 4825 1286 4895 pedum
1324 4815 1623 4883 incessum,
1658 4821 1826 4875 totius
1853 4817 2294 4895 etia_m_eorporis
2326 4815 2661 4895 ﬁrmitatem,
2708 4815 2784 4895 ita
2818 4823 3012 4895 contra
3050 4815 3175 4895 iura
3201 4823 3435 4895 ornatura:

182 4893 507 4964 meritorum
540 4883 719 4964 gratia
747 4892 1057 4964 custodivit,
1082 4883 1141 4947 ut
1169 4894 1443 4964 lautorum
1470 4906 1783 4959 corporum,
1814 4905 1937 4959 qua:
1953 4883 2165 4964 balneis
2201 4895 2366 4956 atque
2399 4885 2611 4964 deliciis
2637 4883 3285 4964 confoveniurnhilarior
3312 4883 3437 4952 ejus

183 4976 321 5036 caro
341 4953 633 5036 videretur.
661 4960 775 5036 line
804 4962 992 5020 etiam.
1027 4953 1244 5036 fratres,
1291 4961 1437 5036 quod
1465 4953 1584 5031 per'
1607 4953 1806 5036 omnes
1833 4953 2140 5036 provincias
2176 4953 2337 5036 amor
2390 4953 2799 5036 ej_us_famaque
2823 4953 3091 5036 voiitavit.
3127 4967 3291 5036 quem
3328 4968 3433 5007 nec

182 5033 451 5087 librorum
478 5030 962 5087 disseminatorum
989 5033 1167 5089 oratio
1188 5023 1485 5096 luculenta,
1516 5045 1615 5085 nec
1641 5023 1930 5084 mundanae
1960 5028 2241 5098 sapientia:
2264 5023 2721 5098 disputatiohnec
2764 5023 3024 5098 nobilitas
3062 5024 3297 5098 generis,
3329 5037 3434 5077 nec

183 5101 591 5175 opu_m_iniinita
614 5104 890 5173 c0ngestio
917 5103 1338 5175 commendavit,
1363 5103 1450 5157 cui
1473 5094 1722 5175 omnium
1753 5114 1866 5175 ore_
1883 5106 1967 5153 est
1990 5094 2399 5175 inscribendum,
2435 5095 2538 5175 nisi
2574 5094 2820 5175 Christo,_
2866 5094 3032 5175 cujus
3071 5097 3177 5148 hoc
3224 5094 3434 5175 donum

183 5163 309 5228 est?
330 5172 435 5239 Qui
466 5173 690 5247 devotos
718 5163 1235 5247 Ejusanimoserga
1258 5163 1411 5247 snam
1437 5171 1741 5247 praevidens
1763 5169 2124 5247 majesiateni,
2149 5166 2432 5247 hominem
2456 5165 2565 5247 alio
2589 5178 2725 5234 pene
2742 5164 2874 5218 orbe
2899 5163 3161 5247 celatum,
3197 5163 3437 5247 etinter

182 5234 374 5313 {antas
392 5243 631 5312 positum
655 5234 999 5308 solitudines,
1032 5234 1249 5309 Africae,
1284 5234 1583 5313 Hispaniae,
1607 5239 1814 5313 Gailiaa,
1846 5234 2031 5313 italiae,
2063 5238 2298 5313 Illyrico,
2325 5236 2434 5313 ipsi
2465 5236 2661 5313 etiam,
2685 5249 2808 5313 qua:
2848 5234 3068 5313 nrbium
3121 5242 3287 5313 caput
3323 5239 3432 5296 est,

183 5304 818 5391 Bomae,'ut_in__erordio
848 5304 1199 5391 promiserat,
1220 5304 1632 5391 tlemonstnqvit.
1664 5309 1940 5391 Creatoris
1968 5320 2053 5391 est
2083 5304 2186 5362 ista
2217 5307 2542 5375 benignitas,
2564 5305 2673 5391 qui
2692 5304 3133 5391 Al'amulos‘snos,
3174 5304 3433 5391 licetne:

180 5374 706 5458 lentes,'__nobilita_re
727 5374 1044 5458 consuevit,
1062 5394 1123 5458 ut
1152 5374 1326 5458 virtus
1355 5374 1634 5458 possiiiilis
1683 5395 1802 5458 nec_
1829 5387 1982 5458 extra
2034 5381 2333 5458 humanam
2354 5374 2486 5432 esse
2517 5386 2768 5458 naturain
2814 5382 3131 5430 sanctorum
3164 5374 3436 5458 doceatur

176 5445 471 5523 exemplis,
499 5462 555 5508 et
581 5455 648 5508 ad
690 5455 860 5508 beatae
886 5445 1391 5509 vitaainnitationem
1427 5469 1494 5507 ex
1525 5451 1706 5523 fructu
1736 5451 1938 5523 laboris
1954 5451 2212 5523 noptimus
2243 5447 2480 5517 quisque
2512 5445 2858 5523 _impella_tur.
2997 5514 3011 5523 .
3035 5516 3067 5523 __
3133 5514 3146 5523 _
3278 5508 3337 5523 Α.
3391 5450 3437 5523 ,λ

252 5508 361 5580 94.’
382 5508 539 5579 Hunc
565 5525 750 5596 itaque
779 5508 1040 5580 fratribus
1067 5508 1265 5580 librum
1292 5536 1620 5595 magnopere
1664 5521 1844 5592 legere
1891 5508 2224 5592 (‘churate
2256 5508 2278 5572 :-
2308 5528 2367 5571 ut
2388 5508 2585 5587 'aguita
2607 5508 2756 5570 iideli
2791 5515 2898 5570 vita
2929 5514 3246 5571 sublimium
3274 5508 3441 5614 Chri-

254 5633 381 5709 (20)
416 5635 551 5709 Post
602 5637 816 5709 βλέπων
866 5638 1144 5709 legebatur
1189 5654 1273 5702 τις
1317 5637 1372 5692 in
1407 5636 1610 5709 editis;
1657 5637 1752 5709 sed

179 5710 339 5765 deest
369 5707 423 5762 in
443 5707 633 5764 multis
649 5710 1059 5778 manuscriptis.
1080 5708 1282 5778 Regius
1304 5708 1577 5764 secundus
1598 5708 1751 5762 solus

180 5780 299 5835 haec
330 5780 384 5834 in
415 5779 609 5850 plurali
638 5778 932 5850 βλέποντες
961 5779 1121 5846 αὐτὰ,
1160 5788 1215 5834 ει
1249 5788 1442 5840 caetera
1475 5778 1746 5833 similiter.

1931 5632 2043 5704 (2i)
2069 5628 2750 5704 Colbertinnssecundus,
2778 5628 3076 5704 Ἱσπανίας.

1876 5722 1883 5731 ’
2085 5703 2177 5758 Sic
2206 5716 2338 5777 mss.
2368 5699 2511 5777 _Editi
2543 5716 2693 5777 vero,
2727 5697 3183 5777 perlegereilnfra
3214 5739 3228 5765 ,
3274 5696 3438 5756 Chri-

1858 5768 2156 5831 stianorum
2187 5775 2342 5831 deest
2370 5773 2425 5827 in
2451 5771 2641 5828 multis
2669 5768 3077 5841 manuscriptis.
