3810 6228
417 298 523 354 975

982 299 1040 352 8.
1076 293 1448 351 ATHANASII
1488 294 1638 352 OPP.
1680 294 1860 350 PARS
1895 293 1935 350 Ι.
1975 324 2046 334 -
2084 291 2457 348 HISTORICA
2499 292 2588 347 ET
2627 291 3054 348 DOGMATICA.

3553 295 3677 348 976

415 431 640 472 suasum
670 416 906 470 habeant
929 413 1215 468 Dominum
1260 424 1316 469 et
1363 413 1701 468 Salvatorem
1734 419 1980 466 nostrum

2113 407 2200 471 Lioc
2240 404 2400 473 εῖναι,
2437 411 2531 462 καὶ
2572 409 2888 472 πεισθῶσιν,
2925 411 3006 463 ὅτι
3031 411 3058 462 ὁ
3093 408 3294 480 Κύριος
3335 410 3427 461 καὶ
3469 410 3681 483 Σωτὴρ

416 507 605 562 Jesum
650 506 949 569 Christum,
1003 521 1097 561 eos
1142 506 1236 577 qui
1283 505 1386 560 sibi
1417 504 1647 575 gloriam
1699 500 1986 558 tribuerint

419 595 594 668 gloria
625 596 953 650 donaturum
979 612 993 648 :
1021 609 1225 664 eosque
1256 594 1348 664 qui
1384 592 1453 648 ad
1487 594 1648 647 linem
1678 605 1852 660 usque
1880 589 1985 660 ipsi

420 685 682 751 serviunt,
718 699 828 740 non
859 685 1032 740 solum
1067 685 1119 738 in
1168 699 1394 754 regnum
1429 682 1690 737 cmlorum
1726 680 1987 734 deductu-

419 793 566 842 rum,
591 776 687 832 sed
724 776 812 832 hic
837 791 1053 847 quoque
1079 775 1294 830 tametsi
1325 775 1548 840 lateant,
1599 783 1988 840 secessumque

417 877 730 938 properent,
782 869 980 934 claros,
1030 867 1398 936 celebresque,
1441 880 1565 920 cum
1614 862 1832 918 virtutis
1863 875 1988 931 pro-

415 962 567 1032 priae,
601 970 714 1015 tum
747 962 935 1015 alienae
971 959 1220 1013 utilitatis
1253 959 1426 1028 gratia
1453 958 1792 1012 ell'ecturum.
1830 953 1986 1021 Quod

415 1052 462 1105 si
492 1068 559 1108 ex
589 1067 691 1106 usu
723 1051 776 1105 id
807 1066 929 1106 esse
961 1051 1154 1120 possit,
1206 1050 1338 1119 ipsis
1370 1049 1604 1104 ethnicis
1636 1049 1852 1118 legitote
1879 1065 1892 1100 :
1928 1055 1988 1100 ut

415 1146 522 1199 hoc
539 1146 729 1200 saltem
755 1144 916 1199 modo
942 1151 1172 1198 noscant
1200 1141 1494 1196 Dominum
1518 1151 1766 1196 nostrum
1797 1139 1986 1194 Jesum

413 1236 714 1301 Christum,
745 1250 856 1290 non
907 1237 1070 1290 modo
1102 1234 1271 1289 Deum
1325 1233 1530 1304 Deique
1575 1233 1774 1288 Filium
1815 1249 1983 1302 esse;

414 1329 526 1381 imo
559 1327 903 1382 Christianos
937 1326 1031 1396 qui
1061 1327 1241 1397 ipsum
1265 1326 1474 1392 colunt,
1507 1325 1702 1395 pieque
1733 1325 1788 1379 in
1831 1325 1987 1380 illum

413 1418 661 1485 credunt,
719 1419 1017 1483 daemones,
1046 1434 1186 1488 quos
1225 1417 1400 1472 Graeci
1443 1425 1636 1486 putant
1663 1431 1788 1472 esse
1832 1417 1985 1482 deos,

416 1525 524 1564 non
577 1519 788 1565 tantum
841 1509 973 1567 deos
1002 1525 1110 1565 non
1143 1525 1266 1566 esse
1317 1525 1612 1582 coarguere
1634 1549 1651 1576 ,
1685 1510 1780 1566 sed
1821 1510 1986 1566 etiam

414 1603 626 1656 calcare
649 1611 810 1672 atque
833 1603 1052 1672 pellere,
1069 1602 1224 1672 quasi
1252 1602 1568 1671 deceptores
1596 1601 1988 1673 hominumque

2085 499 2241 570 ήμῶν
2282 499 2488 569 Ἰησοῦς
2516 500 2749 570 Χριστὸς
2785 501 2910 564 τοὺς
2942 500 3260 564 δοξάζοντας
3313 501 3475 556 αὑτὸν
3512 501 3685 568 δοξά-

2086 587 2190 654 ζει,
2215 589 2308 643 zeal.
2334 590 2459 653 τοὺς
2477 590 2824 654 δουλεύοντας
2856 591 3006 660 αύτῷ
3037 591 3199 663 μέχρι
3242 591 3428 656 τέλους
3455 593 3517 645 οὐ
3573 594 3683 664 μό-

2086 698 2173 735 νον
2204 683 2283 744 εἰς
2311 681 2410 752 τὴν
2440 681 2718 752 βασιλείαν
2763 681 2886 751 ἄγει
2931 681 3041 737 τῶν
3085 683 3328 754 οὐρανῶν
3351 723 3366 748 ,
3398 683 3539 738 ἀλλὰ
3574 687 3682 740 καὶ

2086 773 2315 828 ἐνταῦθα
2344 774 2769 844 κρυπτομένους,
2799 776 2892 828 καὶ
2913 774 3309 838 σπουδάζοντας
3334 777 3676 848 ἀναχωρεῖν,

2087 866 2352 937 φανεροὺς
2382 866 2474 918 καὶ
2507 865 2820 936 διαϐοήτους
2873 867 2961 920 διά
2992 885 3051 920 τε
3097 868 3196 938 τὴν
3239 867 3438 939 ἀρετὴν
3483 869 3678 922 αὐτῶν

2087 957 2181 1010 καὶ
2208 956 2306 1027 τὴν
2346 956 2455 1010 τῶν
2492 956 2665 1011 ἄλλων
2715 956 2982 1026 ὠφέλειαν
3033 958 3309 1027 πανταχοῦ
3344 961 3508 1012 ποιεῖ.
3542 959 3678 1014 Ἐὰν
3767 979 3769 986 ·

2086 1049 2144 1102 δὲ
2175 1050 2332 1119 χρεία
2375 1049 2598 1120 γένηται
2621 1087 2638 1114 ,
2687 1049 2783 1104 καὶ
2811 1051 2922 1113 τοῖς
2961 1049 3193 1112 ὲθνικοῖς
3221 1049 3500 1119 ἀνάγνωτε
3519 1069 3536 1082 ’
3580 1053 3679 1106 ἴνα

2087 1139 2190 1195 κᾶν
2233 1141 2406 1206 οὕτως
2458 1143 2778 1213 ὲπιγνῶσιν,
2817 1143 2898 1196 ὃτι
2947 1144 2976 1195 ὁ
3023 1141 3227 1215 Κύριος
3258 1143 3414 1213 ἡμῶν
3456 1145 3676 1215 Ἰησοῦς

2087 1233 2319 1304 Χριστὸς
2349 1234 2410 1287 οὐ
2443 1234 2602 1304 μόνον
2631 1235 2750 1288 ἐστὶ
2778 1234 2913 1298 Θεὸς
2946 1235 3040 1288 καὶ
3066 1234 3159 1288 τοῦ
3188 1233 3323 1288 Θεοῦ
3349 1235 3512 1298 Υἱός.

2086 1325 2168 1378 ὅτι
2195 1327 2288 1379 καὶ
2312 1327 2362 1378 oi
2393 1325 2568 1398 τούτῳ
2592 1325 2831 1397 γνησίως
2860 1326 3235 1390 λατρεύοντες,
3268 1327 3362 1381 καὶ
3389 1327 3675 1382 πιστεύον-

2085 1434 2179 1482 τες
2212 1420 2292 1482 εἱς
2323 1419 2486 1473 αύτδν
2526 1418 2785 1483 εὐσεϐῶς,
2829 1419 2956 1482 τοὺς
2991 1418 3272 1490 δαίμονας,
3304 1417 3398 1483 οὓς
3426 1419 3585 1472 αὐτοὶ
3617 1420 3673 1472 oi.

2086 1511 2348 1583 Ἕλληνες
2375 1512 2685 1585 νομίζουσιν
2713 1507 2851 1564 εἶναι
2893 1510 3071 1578 θεοὺς,
3092 1511 3312 1576 τούτους
3337 1514 3386 1566 oi
3409 1514 3674 1584 Χριστια-

2085 1605 2168 1659 νοὶ
2199 1604 2529 1676 ἐλέγχουσιν,
2583 1605 2644 1657 οὐ
2697 1604 2858 1674 μόνον
2903 1604 2977 1674 μὴ
3013 1600 3154 1658 εἶναι
3194 1604 3370 1668 θεοὺς,
3404 1604 3540 1658 ἀλλὰ
3571 1608 3672 1658 καὶ

413 1705 780 1764 corruptores,
833 1696 887 1749 in
940 1693 1162 1749 Christo
1205 1693 1336 1748 Jesu
1385 1694 1614 1748 Domino
1659 1703 1866 1758 nostro,
1897 1693 1984 1746 cui

2113 1696 2318 1750 πατοῦσι
2344 1696 2438 1750 καὶ
2466 1693 2770 1757 διώκουσιν,
2801 1692 2877 1756 ὡς
2905 1692 3140 1758 πλάνους
3167 1695 3261 1748 καὶ
3289 1694 3527 1766 φθορέας
3557 1695 3672 1748 τῶν

412 1769 583 1857 gloria
616 1787 670 1840 in
693 1787 890 1841 saecula
923 1787 1268 1841 saeculorum.
1299 1787 1491 1839 Amen.

2113 1786 2400 1860 ὶνθρώπων
2445 1785 2835 1856 τυγχάνοντας,
2868 1786 2927 1837 ἐν
2955 1785 3178 1857 Χριστῴ
3226 1759 3409 1858 Ἰησοῦ.
3437 1787 3516 1858 τῷ
3546 1789 3670 1841 Κυ-

414 1879 515 1949 ρίῳ
540 1878 718 1950 ήμῶν,
748 1871 792 1945 ᾧ
823 1880 858 1948 ή
887 1876 1013 1942 δόξα
1057 1879 1136 1940 εἰς
1171 1877 1298 1940 τοὺς
1346 1876 1548 1940 αἰῶνας
1578 1877 1686 1932 τῶν
1736 1876 1963 1934 αἰώνων.
2013 1880 2208 1951 Ἀμήν.

1746 2077 2003 2136 VERSIU
2040 2078 2343 2136 EVAGRII.

410 2233 715 2311 stianorum
739 2237 1236 2311 et‘monachorum,
1269 2239 1467 2303 sciant,
1490 2234 1636 2302 quod
1655 2233 1926 2311 _Salvator
1956 2243 2146 2311 noster
2188 2232 2352 2311 J_e_sus_
2375 2235 2630 2311 Christus
2654 2237 3020 2311 glorificantes
3054 2254 3120 2311 se
3141 2239 3433 2311 glorificat,
3457 2250 3516 2296 et
3541 2258 3658 2299 ser-

408 2304 684 2381 yientibus
713 2305 955 2381 sibimet,
987 2323 1098 2381 non
1125 2315 1340 2381 tantum
1373 2305 1976 2381 regn‘agcmlorum,_sed
1998 2305 2179 2381 _etiam
2211 2305 2300 2381 hic
2341 2308 2409 2381 in‘
2451 2307 2607 2381 ipsis
2629 2304 2897 2363 montium
2931 2304 3170 2365 secretis'
3191 2311 3359 2366 latere
3392 2304 3669 2381 cupienti-

408 2375 514 2430 bus
539 2414 556 2439 ,
608 2375 768 2452 fama}
793 2377 985 2452 tribuit
1013 2377 1344 2433 nobilitatem
1378 2397 1413 2452 :_
1436 2374 1644 2452 scilicet
1675 2384 1738 2452 ut
1776 2384 1830 2430 et
1859 2375 1964 2446 ipsi
1980 2374 2250 2452 fruantur
2283 2376 2446 2432 laude
2476 2378 2819 2452 meritorum,
2845 2388 2898 2434 et
2923 2381 3106 2452 caeteri
3125 2395 3318 2452 eorum
3349 2374 3666 2452 provocen-

408 2453 500 2518 t_ur
531 2446 812 2518 exemplis.
844 2445 903 2501 Si
928 2458 1108 2502 autem
1146 2449 1516 2503 necessarium
1542 2445 1746 2518 fuerit,
1765 2456 1820 2501 et
1849 2445 2105 2518 gentibus
2135 2445 2316 2518 legite,
2344 2457 2404 2500 ut
2432 2449 2515 2502 vel
2540 2449 2621 2502 sic
2651 2459 2950 2518 agnoscant
2991 2451 3122 2516 quia
3168 2445 3435 2508 Domitius
3474 2464 3669 2508 noster

407 2514 844 2572 Jesus.Christus
890 2533 998 2571 non
1023 2518 1200 2572 solum
1231 2528 1315 2574 est
1347 2518 1509 2582 Deus,
1537 2515 1631 2571 Dei
1673 2514 1872 2578 Filius,
1899 2517 1993 2570 sed
2039 2514 2208 2571 etiam
2249 2517 2336 2572 his
2375 2517 2472 2587 qui
2496 2533 2622 2572 eum
2647 2514 2878 2574 sollicite
2910 2514 3118 2587 colunt,
3154 2531 3210 2578 et
3235 2524 3288 2575 in
3321 2538 3449 2578 eum
3481 2523 3666 2578 ﬁdeli-

403 2587 777 2664 ser_c_redunt,
817 2587 960 2642 hanc
991 2588 1548 2664 dedit__potestatem,
1583 2596 1643 2641 ut
1677 2587 1954 2664 daemones
1977 2627 1992 2651 ,
2040 2601 2180 2664 quos
2234 2587 2312 2664 illi
2355 2587 2487 2664 deos
2526 2590 3058 2664 esse_arbitrantur,
3113 2593 3447 2648 conculcent
3501 2603 3669 2664 atque

409 2656 686 2726 dejiciant,
720 2659 1039 2728 deceptores
1072 2658 1280 2715 scilicet
1309 2659 1613 2722 hominum,
1638 2666 1693 2712 et
1728 2657 1895 2712 totius
1935 2656 2315 2726 corruptionis
2336 2659 2576 2714 artiﬁces
2607 2659 2748 2731 (23).

1286 2969 1698 3036 EPILOGUS
1745 2968 2106 3034 EVAGRII
2146 2969 2758 3036 INTERPRETIS.

474 3143 637 3216 693
668 3140 852 3213 Itaque
877 3140 1196 3212 prudentes,
1224 3138 1321 3210 qui
1368 3138 1548 3210 legere
1577 3136 1848 3192 voluerint
1891 3137 2035 3191 hanc
2077 3137 2428 3208 scripturam,
2459 3135 2831 3204 obsecramus,
2876 3145 2938 3192 ut
2973 3137 3101 3194 dent
3143 3139 3378 3210 veniam,
3405 3142 3454 3198 si
3486 3142 3669 3201 Graeci

405 3237 677 3294 sermonis
725 3237 833 3291 vim
881 3236 1189 3306 exprimere
1235 3250 1346 3289 non
1394 3234 1694 3304 potuimus,
1742 3230 2134 3288 transferentes
2175 3247 2301 3288 eum
2342 3233 2399 3287 in
2439 3230 2689 3288 Latinam
2733 3234 2997 3304 linguam,
3031 3235 3158 3290 licet
3187 3245 3378 3293 contra
3410 3251 3670 3296 nostrum

405 3335 744 3404 propositum
775 3333 892 3388 haec
916 3329 1226 3386 fecerimus.
1256 3329 1363 3386 Sed
1389 3344 1500 3384 non
1535 3327 1693 3400 quasi
1726 3328 2032 3384 invidentes
2058 3327 2378 3383 nolebamus
2420 3326 2621 3394 facere,
2661 3327 2755 3383 sed
2783 3324 3111 3384 sufﬁcienter
3135 3330 3371 3387 scientes
3401 3345 3670 3402 quantam

408 3427 778 3480 inﬁrmitatem
816 3425 1051 3482 sustinet
1081 3422 1302 3479 Graecus
1331 3437 1512 3479 sermo
1549 3421 1846 3477 translatus
1877 3423 1935 3476 in
1961 3419 2330 3486 Latinitatem,
2371 3428 2554 3476 tamen
2588 3421 2883 3477 maluimus
2916 3420 3165 3478 Graecum
3208 3439 3518 3481 sermonem
3564 3429 3674 3483 hoc

405 3519 696 3582 sustinere,
734 3531 898 3587 quam
946 3514 1190 3570 fraudem
1237 3514 1350 3586 pati
1395 3529 1491 3570 eos
1526 3513 1664 3569 lucri
1705 3513 1908 3577 deilici,
1942 3511 2038 3583 qui
2070 3512 2566 3584 quomodocunque
2604 3513 3021 3582 interpretatum
3067 3514 3316 3572 Gracum
3350 3533 3670 3575 sermonem

402 3612 582 3682 legere
606 3611 841 3682 possint.
879 3609 1022 3665 Deus
1053 3619 1234 3665 autem
1263 3609 1626 3680 omnipotens,
1652 3607 1749 3680 qui
1777 3615 1932 3662 tanto
1961 3606 2078 3662 viro
2123 3614 2448 3676 cooperatus
2481 3617 2565 3662 est
2596 3606 2665 3661 ad
2703 3604 2952 3663 facienda
2995 3608 3144 3674 talia,
3176 3619 3231 3664 et
3269 3609 3427 3666 nobis
3467 3626 3674 3682 coope-

405 3717 554 3763 retur
581 3708 650 3763 ad
682 3707 1002 3762 imitandum
1033 3707 1214 3776 ipsum
1245 3705 1330 3760 vel
1361 3720 1425 3760 ex
1462 3714 1635 3774 parte,
1672 3714 1731 3759 ut
1766 3703 1822 3758 in
1859 3701 2116 3758 omnibus
2151 3700 2481 3757 clarificetur
2505 3716 2700 3757 nomen
2724 3701 2846 3772 ejus
2875 3716 2971 3772 per
3001 3705 3341 3773 magistrum,
3379 3714 3435 3761 et
3470 3707 3669 3762 horta-

405 3812 598 3868 torem,
624 3807 678 3855 et
711 3798 1152 3870 Redemptorcm,
1175 3807 1228 3853 et
1265 3795 1601 3852 Salvatorem
1629 3803 1881 3852 nostrum
1920 3792 2110 3850 Jesum
2143 3792 2436 3847 Dominum
2466 3808 2592 3848 cum
2633 3791 2840 3864 Spiritu
2869 3805 3081 3859 sancto,
3114 3797 3203 3850 cui
3236 3805 3322 3851 est
3352 3798 3580 3854 claritas
3614 3811 3672 3856 et

403 3907 660 3968 perpetua
695 3906 932 3966 potestas
958 3898 1014 3951 in
1050 3895 1248 3952 saecula
1277 3897 1623 3951 saeculorum.

483 4105 726 4169 Placuit
763 4105 1159 4186 subjungere
1189 4103 1321 4166 duo
1358 4105 1634 4167 Socratis
1667 4103 1806 4166 loca
1847 4106 2044 4246 (ἐῖῗὲ
2166 4126 2254 4181 tv,
2301 4126 2356 4171 c.
2391 4109 2471 4169 23
2502 4113 2564 4171 et
2593 4107 2723 4187 25),
2755 4127 2900 4190 qua
2931 4110 2999 4172 in
3037 4112 3342 4174 omnibus
3384 4113 3586 4175 editis

1911 4202 1946 4246 a
2035 4203 2072 4246 n
2109 4203 2206 4246 ur.

1911 4202 2206 4248 anentur.

473 4312 552 4366 Ad
577 4312 785 4382 justum
818 4308 1116 4364 Antonium
1149 4309 1370 4379 quidam
1399 4309 1520 4379 ejus
1559 4311 1818 4382 temporis
1849 4300 2007 4383 phi-‘

2147 4312 2238 4383 Τῷ
2262 4313 2453 4384 δικαίῳ
2483 4315 2750 4384 Ἀντωνίῳ
2779 4313 3049 4385 προσῆλθέ
3071 4331 3154 4377 τις
3182 4315 3291 4369 τῶν
3319 4316 3521 4385 σοφῶν,
3549 4309 3661 4380 καὶ,

399 4405 660 4474 loSOphus
689 4403 952 4458 accedens
979 4418 995 4456 :
1025 4400 1330 4469 Quomodo,
1362 4402 1560 4472 inquit,
1597 4403 1776 4470 Pater,
1808 4406 1974 4460 vitam

399 4512 561 4566 agere
600 4495 775 4566 potes,
811 4493 1075 4548 librorum
1123 4493 1316 4548 solatio
1351 4494 1686 4550 destitutus?
1729 4495 1902 4565 Meus,
1941 4511 1976 4552 o

399 4583 740 4654 philosophe,
781 4583 940 4649 liber,
990 4583 1166 4654 inquit
1193 4583 1500 4649 Antonius,
1545 4595 1628 4640 est
1661 4597 1856 4640 natura
1886 4603 1975 4643 re-

398 4691 520 4732 rum
555 4693 570 4730 :
603 4676 847 4745 mihique
881 4676 1008 4730 licet
1037 4675 1252 4745 quoties
1278 4675 1524 4742 voluero,
1568 4692 1849 4734 sermones
1878 4679 1974 4734 Dei

397 4767 598 4836 legere.

468 4855 624 4912 Hunc
667 4855 956 4928 Didymum
1003 4856 1200 4910 dicitur
1231 4857 1500 4912 Antonius
1542 4859 1654 4928 jam
1698 4859 1829 4914 olim
1855 4859 1968 4914 Va-

395 4950 556 5003 lentis
590 4959 831 5018 tempore
862 4948 1151 5014 allocutus,
1185 4963 1313 5003 cum
1341 4949 1670 5005 Arianorum
1699 4967 1867 5007 causa
1899 4969 1968 5008 ex

393 5057 578 5097 eremo
605 5040 986 5096 Alexandriam
1010 5039 1290 5095 descendit
1314 5055 1328 5092 :
1354 5050 1517 5110 atque
1542 5042 1642 5095 viri
1672 5031 1979 5112 prudentia;

394 5145 597 5200 gnarus
636 5130 840 5185 dixisse
871 5129 947 5183 illi
977 5149 989 5183 :
1022 5128 1187 5194 Nihil,
1220 5145 1254 5185 o
1296 5129 1540 5201 Didyme,
1566 5134 1855 5187 conturbet
1878 5134 1970 5203 ja-a

392 5233 545 5275 ctura
593 5221 958 5291 corporaliqu
994 5222 1277 5276 oculorum
1319 5241 1331 5276 :
1367 5221 1636 5291 ejusmodi
1679 5225 1825 5278 enim
1875 5226 1970 5279 de-

369 5314 619 5393 stitutus
666 5327 726 5368 es
759 5313 954 5368 oculis.
986 5313 1187 5383 quibus
1218 5328 1422 5368 musca:
1464 5324 1520 5369 et
1547 5315 1751 5369 culices
1787 5316 1968 5372 videre

389 5525 394 5532 ·
465 5499 580 5567 (ἳό)
613 5501 852 5553 Desmar.
893 5501 1084 5563 codex,
1128 5498 1230 5552 700
1270 5500 1486 5552 circiter
1518 5513 1809 5567 annorum,
1842 5499 1956 5554 haac

392 5566 589 5626 habet:
623 5569 797 5638 Igitur
843 5577 1024 5623 beatus
1063 5570 1322 5622 Antonius
1355 5579 1499 5622 sexto
1525 5569 1724 5623 decimo
1755 5566 1956 5622 Kalen-

391 5645 486 5694 das
525 5639 802 5692 Februarii
830 5643 1038 5693 recessit
1069 5657 1100 5692 a
1137 5640 1350 5700 swculo,
1378 5649 1427 5691 et
1452 5641 1578 5692 vivet
1614 5655 1814 5706 semper
1834 5657 1953 5692 cum

392 5711 502 5764 Deo
528 5722 771 5780 regnante
799 5711 850 5764 in
885 5710 1078 5763 sa’cula
1111 5710 1448 5765 sa’culorum.
1491 5711 1676 5763 Amen.
1704 5707 1962 5780 Epilogus

2077 4403 2204 4466 Πῶς
2229 4403 2638 4474 διακαρτερεῖς,
2672 4401 2854 4471 εἶπεν,
2881 4398 2926 4457 ὦ
2957 4404 3132 4476 πάτερ
3151 4448 3165 4470 ,
3198 4406 3297 4477 τῆς
3339 4408 3403 4460 ὲκ
3433 4407 3547 4460 τῶν
3583 4410 3659 4477 βι-

2077 4493 2241 4547 ϐλίων
2289 4493 2639 4565 παραμυθίας
2688 4493 3087 4566 ὲστερημένος;
3137 4495 3211 4547 Τὸ
3239 4489 3388 4565 ’ὲμὺν
3435 4495 3662 4565 βιϐλίον,

2041 4585 2047 4596 ⁷
2076 4587 2180 4656 ἔφη
2212 4587 2241 4640 ὁ
2272 4584 2573 4650 Ἀντώνιος,
2596 4579 2641 4639 ὦ
2668 4585 2944 4655 φιλόσοφε,
2969 4587 3002 4657 ἡ
3035 4585 3194 4655 φύσις
3225 4586 3333 4640 τῶν
3361 4589 3664 4655 γεγονότων

2075 4679 2213 4732 ἐστί·
2252 4679 2344 4732 καὶ
2377 4679 2659 4750 πάρεστιν,
2690 4678 2780 4731 ὅτε
2799 4677 3077 4750 βούλομαι,
3096 4680 3221 4742 τοὺς
3243 4678 3432 4748 λόγους
3467 4680 3661 4747 ἀναγι-

2077 4770 2310 4826 νὼσκειν
2336 4771 2464 4833 τοὺς
2488 4770 2583 4823 τοῦ
2616 4769 2771 4823 Θεοῦ.

2146 4861 2256 4932 (24)
2298 4861 2484 4932 Τούτῳ
2527 4859 2743 4929 λέγεται
2783 4861 2877 4913 καὶ
2931 4859 3213 4914 Ἀντώνιον
3253 4860 3350 4931 ήδη
3397 4862 3661 4934 πρότερον

2073 4953 2218 5008 κατὰ
2242 4953 2334 5007 τὸν
2362 4953 2660 5034 Οὐάλεντος
2691 4953 2880 5024 χρόνον
2899 4993 2914 5016 ,
2943 4953 3029 5004 ὅτε
3064 4952 3152 5005 διὰ
3182 4951 3307 5014 τοὺς
3348 4953 3660 5022 ’Δρειανοὺς

2072 5048 2131 5099 ὲν
2148 5047 2215 5116 τῇ
2249 5043 2621 5115 Ἀλεξανδρείᾳ
2649 5047 2714 5098 ὲκ
2741 5047 2840 5115 τῆς
2866 5045 3072 5115 ἐρήμου
3099 5043 3386 5115 κατῆλθεν,
3417 5048 3660 5119 ἐντυχεῖν

2070 5137 2149 5209 τῷ
2173 5137 2406 5209 Διδύμῳ,
2434 5139 2528 5190 καὶ
2559 5137 2794 5208 μαθόντα
2825 5137 2924 5208 τὴν
2953 5140 3046 5189 τοῦ
3089 5138 3280 5207 ἀνδρὸς
3310 5139 3547 5203 σύνεσιν,
3585 5140 3659 5190 εί-

2073 5231 2196 5282 πεῐν
2233 5227 2369 5299 πρὸς
2400 5230 2560 5283 αὐτόν
2580 5247 2592 5259 ·
2623 5229 2802 5298 Μηδὲν
2822 5270 2836 5295 ,
2867 5225 2912 5283 ὦ
2941 5230 3155 5300 Δίδυμε,
3185 5230 3500 5301 ταραττέτω
3532 5247 3590 5284 σε
3624 5235 3656 5302 ή

2061 5318 2184 5398 ’τῶν
2229 5317 2503 5390 αἰσθητῶν
2547 5319 2840 5390 ὀφθαλμῶν
2881 5321 3150 5392 ἀποϐολή·
3190 5321 3420 5374 τοιοῦτοι
3449 5321 3560 5394 γάρ
3599 5339 3654 5373 σε

2063 5503 2280 5572 Evagrii
2310 5508 2537 5562 habetur
2563 5509 2614 5562 in
2648 5509 2765 5560 solo
2793 5506 2979 5562 Germ.
3007 5505 3059 5560 2.

2135 5577 2249 5642 ('24)
2285 5577 2409 5632 Haec
2453 5579 2619 5633 refert
2652 5578 3012 5647 Hieronymus
3060 5577 3125 5628 ad
3181 5576 3540 5647 Castrutium.
3602 5608 3644 5619 -

2058 5645 2185 5702 Mox
2218 5650 2332 5719 lege
2364 5651 2443 5711 εἰς
2475 5650 2572 5720 τὴν
2609 5645 3035 5719 Ἀλεξάνδρειαν.
3063 5648 3221 5702 Enn.
3252 5645 3494 5704 Pnaon.
