3810 6228
195 439 269 492 77
1282 451 1648 509 EPISTOLE
1689 455 1855 513 DUAE
1893 458 1988 512 AD
2021 460 2368 521 ORSISIUM.

3308 476 3414 540 978

156 555 438 611 λείπουσιν
464 557 752 631 ὀφθαλμοὶ,
771 557 869 626 -οἷς
899 565 992 618 καὶ
1025 566 1178 636 μυῖαι
1209 569 1303 622 καὶ
1335 569 1595 636 κώνωπες
1628 572 1717 642 βλέ

1853 593 2106 647 possunt.
2155 581 2342 639 Gaude
2388 586 2567 655 potius
2612 590 2760 658 quod
2811 590 2918 647 illis
2963 592 3164 650 fruaris
3204 599 3414 667 oculis,

153 649 259 717 qm.
291 650 554 720 ἰσχύουσι.
587 655 756 725 Χαῖρε
790 656 869 715 δὲ.
901 657 982 710 ὅτι
1007 657 1151 728 ἐχεις
1176 659 1504 732 ὀφθαλμοὺς,
1535 659 1616 727 οἷς
1639 667 1736 718 καὶ

153 738 378 808 ἄγγελοι
423 740 679 810 βλέπουσι
699 783 714 808 ,
749 745 814 799 δι’
846 740 922 800 ὧν
958 749 1050 802 καὶ
1079 751 1108 802 ὁ
1143 750 1274 814 Θεὸς
1313 750 1614 822 θεωρεῖται,
1641 753 1736 807 καὶ

152 831 218 886 τὸ
245 832 412 887 αὐτοῦ
444 835 559 904 φῶς
586 838 1080 910 καταλαμϐάνεται.

1843 671 2042 738 quibus
2087 674 2266 745 angeli
2312 679 2518 743 vident,
2565 681 2766 750 quibus
2815 681 2984 740 Deum
3031 687 3413 762 contemplere,

1841 761 2068 832 ejusque
2096 765 2270 821 lucem
2296 771 2738 838 comprehendas.

239 933 330 1045 De
363 931 950 1045 pgtﬂmﬁdiscipulis
1011 943 1073 998 et
1137 938 1468 1001 montibus
1526 940 1794 1004 Antonii
1838 941 1984 1006 fuse
2042 953 2105 1009 et
2161 950 2412 1014 erudite
2475 952 2752 1032 disputat
2784 957 3130 1024 Bollandns
3163 961 3232 1026 in
3266 962 3408 1045 ejus

159 1013 329 1084 Vita,
364 1010 440 1070 16
469 1009 644 1071 Maii.

177 1223 3388 1266 __.__________________________________________

591 1378 971 1441 MONITUM
1017 1379 1098 1440 1N
1148 1381 1352 1443 DUAS
1418 1383 1890 1457 SEQUENTES
1933 1383 2378 1446 EPISTOLAS
2437 1387 2542 1446 AD
2595 1387 3000 1453 ORSISIUM.

1737 1579 1805 1595 -ο

233 1638 449 1694 Antonii
483 1639 620 1719 _Vitae
649 1640 800 1719 binas
852 1643 1216 1719 subjungimus
1253 1646 1504 1719 epistolas
1534 1645 1814 1719 Athanasii
1849 1647 1918 1699 ad
1946 1645 2231 1709 Orsisium,
2274 1661 2338 1698 ex
2367 1644 2489 1719 Vita
2519 1647 2693 1719 sancti
2718 1646 2999 1702 Pachomii
3030 1649 3364 1719 depromptas
3391 1665 3411 1704 :

147 1726 382 1785 quarum
399 1712 816 1785 primamjedit
846 1713 902 1766 iu
929 1712 1246 1785 monasterio
1285 1714 1544 1768 Theodori
1569 1715 1798 1782 abbatis,
1826 1726 2054 1784 tempore
2078 1719 2328 1785 postremi
2351 1717 2434 1769 sui
2469 1720 2562 1769 sub
2597 1713 2908 1771 Constantio
2942 1712 3139 1782 exsilii.
3167 1712 3411 1774 ab'anno

148 1779 356 1833 scilicet
398 1779 602 1859 356_ad
631 1782 754 1845 36.1,
785 1784 1019 1859 instante
1043 1783 1332 1859 Paschalis
1380 1786 1734 1859 solemnitateJ
1772 1779 2064 1859 postquam
2078 1779 2317 1859 "Artemii
2361 1789 2512 1839 ducis
2546 1801 2724 1856 apera,
2755 1789 2943 1859 Ariani
2979 1779 3157 1843 omnia
3190 1788 3412 1859 Ai‘gypti

144 1859 269 1905 loca
301 1851 1076 1925 pervestigasseut,_Athanasii
1099 1855 1433 1925 perquirendi
1471 1871 1651 1909 causa.
1692 1851 1989 1910 Secundam
2031 1855 2368 1910 Alexandrite
2391 1851 2721 1924 conscripsit,
2753 1859 2881 1911 data
2910 1857 3118 1911 demum
3159 1851 3411 1915 Ecclesia

142 1936 300 1988 pace,
328 1929 399 1994 et,
433 1933 489 1976 ut
515 1937 581 1975 ex
609 1922 938 1994 ipsarliqltet,
966 1923 1108 1994 haud
1139 1922 1233 1977 diu
1259 1935 1374 1994 post
1411 1925 1729 1979 celebratam
1767 1925 2133 1988 Pentecosten,
2168 1942 2306 1979 anno
2337 1927 2548 1979 circiter
2573 1922 2678 1980 564-
2707 1925 2785 1980 uel
2808 1927 2930 1981 565.
2960 1926 3028 1980 In
3056 1945 3117 1981 ea
3145 1928 3410 1982 Orsisium

144 1989 534 2068 monachosque
559 1989 681 2068 suos
711 1993 774 2047 de
811 1989 1066 2068 Theodori
1097 1989 1303 2068 abbatis
1351 1996 1864 2068 morteconsolatur.
1896 1995 2688 2068 EstquesaneqillaAthanasio
2721 1995 2914 2067 Magno
2947 1998 3277 2068 dignissima,
3309 1999 3407 2052 iis-

143 2059 369 2129 demque
397 2061 505 2130 fere
529 2063 698 2116 verbis
728 2063 1009 2117 monachos
1040 2064 1096 2116 in
1123 2064 1279 2118 titulo
1308 2064 1610 2135 compellat,
1644 2065 1830 2136 quibus
1863 2059 2024 2130 supra
2061 2064 2299 2134 Epistola
2334 2065 2398 2120 ad
2425 2068 2742 2121 monachos.

973 2204 1189 2260 PRIMA
1226 2203 1285 2261 S.
1323 2203 1696 2262 ATHANASII
1735 2204 2073 2260 EPISTOLA
2102 2203 2194 2258 AD
2231 2202 2585 2269 ORSISIUM,

752 2297 839 2354 Ea:
863 2298 1155 2369 Appendice
1178 2300 1234 2353 in
1261 2298 1396 2354 Acta
1431 2297 1757 2354 Sanctorum
1786 2297 1861 2352 ad
1883 2297 2142 2352 decimam
2169 2307 2409 2368 quartam
2437 2295 2592 2362 Maii,
2621 2312 2675 2367 p.
2716 2297 2804 2354 49.

213 2421 327 2474 Kal
365 2419 579 2492 ἡμέρας
619 2419 805 2502 ὀλίγας
846 2421 1078 2491 ποιήσας
1107 2421 1253 2483 ἐκεῖ,
1288 2417 1544 2491 λέγειτῷ
1585 2417 1717 2490 ἀϐὁᾷ

1901 2417 2030 2474 Dies
2077 2417 2264 2488 itaque
2295 2432 2499 2488 paucos
2531 2416 2696 2474 isthic
2727 2417 2808 2488 (in
2845 2419 3182 2474 monasterio
3227 2417 3407 2476 Theo-

137 2513 424 2586 Θεοδώρῳο
464 2514 683 2586 Ἐπειδὴ
725 2513 888 2583 ἐγγύς
943 2515 1060 2566 ὲστι
1095 2512 1158 2566 τὸ
1204 2513 1418 2586 Πάσχα,
1451 2511 1726 2567 κατάλαϐε

137 2608 268 2671 τοὺς
312 2607 576 2675 ἀδελφοὺς
622 2606 761 2660 κατὰ
797 2606 888 2660 τὸν
937 2605 1106 2660 τύπον
1151 2604 1212 2657 ὃν
1247 2604 1420 2675 ἔχετε,
1465 2603 1562 2658 καὶ
1593 2602 1724 2674 ἐγὼ,

137 2697 215 2760 ὡς
246 2697 275 2749 ὁ
303 2695 508 2768 Κύριος
535 2697 878 2768 οἰκονομήσει
904 2713 992 2768 με,
1017 2696 1174 2750 ποιῶ.
1201 2697 1312 2750 Καὶ
1335 2695 1726 2768 ἀσπασάμενος

136 2789 305 2844 αὐτὸν
328 2788 616 2852 ἀπέλυσεν,
643 2789 856 2862 γράψας
882 2787 1166 2860 ἐπιστολὴν
1197 2788 1266 2842 δι’
1287 2787 1451 2842 αὑτοῦ
1476 2786 1555 2858 τῷ
1581 2786 1729 2862 esse

149 2881 409 2953 Ὦρσισίφ
431 2883 528 2938 καὶ
557 2885 668 2946 τοῖς
699 2881 964 2953 ἀδελφοῖς,
998 2881 1170 2946 οὕτως
1197 2881 1428 2953 ἔχουσαν
1465 2879 1564 2951 τὴν
1607 2878 1726 2935 διά·

136 2989 292 3028 νοιαν
313 2989 328 3004 ‘

213 3063 368 3119 Εἶδον
397 3064 487 3119 τὸν
518 3063 781 3133 συνεργόν
811 3079 906 3117 σου
950 3065 1047 3119 καὶ
1081 3065 1304 3136 Πατέρα
1333 3063 1443 3118 τῶν
1479 3061 1735 3132 ἀδελφῶν.

134 3159 437 3230 Θεόδωρον,
471 3159 564 3214 καὶ
597 3161 654 3212 ὲν
681 3157 828 3230 αύτῷ
851 3159 942 3211 τὸν
969 3160 1172 3231 Κύριον
1203 3156 1298 3210 τοῦ
1330 3153 1545 3227 Πατρὺς
1567 3153 1747 3226 ἡμῶν-

137 3249 477 3322 ῐΙειχουμίου⁸
509 3268 603 3304 και
639 3251 780 3322 ὀρῶν
808 3250 1225 3322 ἠγαλλιασάμην
1265 3249 1365 3318 τῆς
1398 3245 1726 3316 Ἐκκλησίας

134 3338 207 3394 τὰ
233 3339 432 3404 τέκνα,
461 3338 555 3392 καὶ
599 3337 887 3410 ηὖφραναν
933 3339 1082 3410 ἡμᾶς
1131 3340 1198 3409 τῇ
1229 3335 1522 3408 παρουσίᾳο
1571 3334 1630 3389 '0
1667 3333 1724 3388 δὲ

135 3432 344 3503 Κύριος
383 3429 784 3504 μισθαποδότης
824 3429 1000 3482 αὐτῶν
1043 3431 1178 3483 ἐστι.
1222 3427 1446 3482 Μέλλων
1491 3427 1548 3481 δὲ
1589 3426 1724 3480 ἁπο-

133 3526 384 3597 δημῆσαι
435 3524 708 3594 Θεόδωρος
763 3522 898 3593 πρὸς
959 3522 1137 3593 ὑμᾶς,
1188 3520 1341 3588 ἕλεγὲ
1391 3537 1480 3591 μοι
1525 3515 1719 3572 τοῦτο’

132 3615 458 3686 Μνήσθητι
477 3630 617 3684 μου·
650 3612 805 3683 κάγὼ
832 3612 980 3684 αύτῷ
1021 3612 1223 3681 ἔλεγον·
1265 3609 1407 3664 Ἐὰν
1433 3608 1721 3663 ἐπιλάθω-

133 3713 243 3782 μαι
287 3727 427 3777 σου,
468 3708 895 3780 Ἰερουσαλὴμ,
923 3706 1276 3773 ἐπιλησθείη
1303 3706 1341 3773 ὴ
1375 3701 1545 3768 δεξιά
1574 3718 1718 3772 μουο

1827 2509 1986 2581 dori)
2032 2515 2404 2565 commoratus
2434 2509 2766 2566 Athanasius
2786 2549 2802 2575 ,
2831 2509 2972 2564 dixit
3017 2509 3200 2565 abbati
3228 2509 3407 2568 Theo—

1827 2604 1964 2661 doro
1996 2619 2012 2656 :
2046 2601 2316 2670 Quoniam
2362 2603 2676 2673 proximum
2709 2589 2922 2657 Pa'scha
2958 2611 3061 2667 est,
3091 2600 3311 2669 fratres,
3343 2611 3406 2658 ut

1827 2711 1948 2751 mos
1988 2705 2073 2750 est
2099 2694 2277 2759 vobis,
2311 2708 2578 2760 convoca;
2618 2708 2720 2763 ego
2764 2707 2914 2754 vero.
2961 2695 3106 2762 quod
3141 2692 3405 2750 Dominus

1793 2791 1800 2797 '
1826 2787 2096 2858 disponet,
2126 2785 2180 2840 id
2202 2783 2420 2840 faciam.
2441 2783 2578 2838 Tum
2603 2799 2668 2838 eo
2691 2784 2946 2847 salutato,
2971 2783 3177 2839 dimisit
3201 2785 3403 2854 ipsum,

1826 2873 2032 2944 scripta
2057 2888 2156 2943 per
2178 2873 2330 2928 illum
2364 2881 2480 2927 tum
2510 2871 2577 2928 ad
2605 2872 2856 2927 abbatem
2881 2870 3150 2929 Orsisium
3178 2873 3404 2930 fratres-

1826 2981 1934 3036 que
1957 2966 2130 3036 ipsius
2161 2965 2412 3036 epistola,
2442 2965 2544 3020 hac
2572 2965 2874 3021 sententia:

1896 3053 2020 3111 Vidi
2048 3063 2375 3121 ,consortem
2419 3063 2572 3111 tuum
2608 3054 2934 3127 Patremque
2968 3056 3197 3112 fratrum
3223 3055 3404 3112 Theo-

1825 3147 2045 3216 dorum,
2092 3155 2257 3219 atque
2307 3148 2362 3202 in
2401 3147 2520 3218 ipso
2548 3147 2838 3204 Dominum
2886 3148 3059 3210 Patris
3088 3150 3262 3206 nostri
3294 3148 3400 3204 Pa-

1825 3237 2049 3294 chomii.
2105 3235 2174 3292 Et
2219 3235 2478 3292 Ecclesiae
2538 3236 2679 3292 lilios
2735 3238 3006 3306 intuitus,
3053 3253 3401 3308 summopere

1825 3329 2045 3400 gavisus
2073 3343 2217 3393 Sum,
2249 3328 2568 3398 laetatusque
2605 3327 2820 3381 illorum
2854 3336 3074 3398 aspectu
3108 3345 3122 3381 :
3163 3343 3397 3400 quorum

1825 3434 1960 3476 sane
2003 3418 2264 3473 Dominus
2311 3427 2686 3473 remunerator
2734 3427 2838 3474 est.
2888 3418 3136 3490 Cumque
3186 3421 3254 3476 ad
3301 3437 3419 3476 vos.

1823 3510 2168 3583 profecturus
2188 3519 2337 3568 esset
2359 3509 2700 3578 Theodorus,
2725 3510 2904 3566 aiebat
2927 3511 3061 3566 mihi
3095 3527 3109 3564 :
3135 3510 3397 3567 Memento

1823 3602 1926 3656 mei
1958 3619 1981 3658 εγ
2005 3601 2094 3656 cui
2119 3616 2220 3672 ego
2247 3617 2260 3653 :
2293 3599 2354 3655 Si
2387 3601 2581 3654 oblitus
2610 3601 2758 3670 [uero
2784 3601 2880 3666 tui,
2915 3599 3231 3666 Jerusalem,
3261 3601 3396 3656 obli-

1825 3693 1965 3748 vioni
1991 3692 2145 3747 detur
2171 3691 2387 3745 dextera
2414 3707 2529 3745 mea
2561 3708 2580 3745 :
2612 3692 2882 3747 adhazreat
2922 3692 3104 3763 lingua
3129 3709 3244 3748 mea
3274 3694 3397 3762 latt-

131 3769 465 3871 itounﬁsln
495 3769 554 3871 τί⁷
575 3769 835 3872 γλῶσσᾶ
870 3769 990 3871 μου
1039 3769 1119 3863 τῷ
1152 3769 1408 3867 λάρυᾖτί
1441 3769 1588 3866 μου,
1611 3793 1717 3848 ἐὰν

1833 3785 1966 3844 ribus
1999 3785 2149 3848 meis,
2177 3784 2224 3838 si
2248 3799 2352 3838 non
2377 3783 2654 3839 meminero
2685 3785 2763 3838 tui
2783 3785 2850 3840 ’δι

130 3893 217 3966 μή
243 3909 364 3948 σου
387 3890 669 3967 μνησθῶ..

1082 4001 1252 4078 694
1286 3997 1603 4056 SECUNDA
1638 3989 1976 4050 EPISTOLA
2010 3985 2103 4042 AD
2139 3980 2489 4049 ORSISIUM;

428 4136 495 4196 In
519 4138 670 4195 Actis
698 4137 1045 4202 Sanctorum,
1069 4152 1134 4190 ea:
1165 4134 1447 4206 appendice
1479 4141 1607 4186 tom.
1641 4127 1668 4182 Ι
1679 4125 1749 4184 11,
1771 4123 1962 4179 mensis
1989 4119 2148 4185 Maii,
2183 4136 2238 4190 p.
2265 4119 2356 4184 50,
2389 4120 2445 4173 in
2465 4116 2790 4174 Vitasancti
2822 4115 3146 4174 Pachomiin

217 4258 486 4322 ’Δκούσας
527 4259 584 4312 δὲ
621 4260 650 4310 ὁ
690 4255 990 4326 ἀγιώτατος
1023 4253 1448 4327 ἀρχιεπίσκοπος
1492 4249 1716 4307 Ἀθανά-

131 4369 250 4416 σιος
282 4352 412 4424 περ)⁸
438 4350 532 4404 τοῦ
567 4351 777 4422 Πατρὸς
821 4349 977 4422 ἡμῶν
1004 4347 1298 4420 Θεοδώρου,
1325 4344 1586 4417 ἐλυπήθη,
1621 4343 1715 4398 καὶ

131 4440 348 4513 ἔπεμψε
411 4442 614 4513 ταύτην
677 4442 776 4514 τὴν
819 4442 1106 4513 ἐπιστολὴν
1151 4439 1229 4511 τῷ
1276 4437 1419 4508 ἀὸὅᾷ
1463 4434 1714 4504 Ὠρσισίῳ

131 4535 372 4598 καὶτοῖς
415 4534 699 4603 ἀδελφοῖς,
733 4532 1222 4607 παραμυθούμενος
1269 4531 1466 4594 αὐτοὺς
1505 4527 1598 4580 ἐπὶ
1644 4529 1732 4602 τῇ.

133 4645 220 4680 κοι
226 4629 300 4699 μή
308 4644 389 4681 σει
419 4627 582 4680 αὑτοῦ
611 4627 800 4691 οὕτως’

145 4719 499 4798 Ἁθιίνὰσιος
536 4718 685 4798 ἁὸᾷᾷ
727 4719 1051 4798 Ὠοσιςνίῳκ
1072 4717 1255 4798 Παζρὶ
1279 4715 1736 4798 μοιτ⁴ᾳχῶν,ηκαξι

205 4789 356 4844 πᾶσι
405 4790 530 4855 τοῖς
572 4790 696 4842 σὺν
757 4786 916 4854 αὐτῷ
964 4789 1086 4854 τοῖς
1125 4789 1232 4841 τὸν
1281 4786 1514 4856 μονήρη
1570 4787 1715 4849 ,ϐίον

201 4857 526 4922 ἀσκοῦσιν,
565 4859 662 4913 καὶ
685 4859 971 4913 ἐνπίστει
1003 4859 1149 4912 Θεοῦ
1181 4855 1534 4926 ἱδρυμένοις,
1568 4856 1712 4924 ἀγα-

204 4929 416 5011 πητοῖς
465 4929 564 4983 καὶ
612 4929 1053 4996 ποθεινοτὰτοις
1087 4928 1400 4996 ἀδελφοῖς,
1421 4927 1492 4980 ἐν
1519 4927 1726 4994 Κυρίῳ.

202 5016 452 5069 χαιρειν.

1891 4240 2091 4296 Audita
2139 4239 2524 4296 sanctissimus
2577 4239 3020 4309 archiepiscopus
3065 4237 3398 4297 Athanasius

1823 4334 1882 4390 S.
1919 4333 2098 4389 Patris
2143 4332 2317 4388 nostri
2371 4331 2643 4388 Theodori
2696 4341 2901 4396 morte,
2950 4339 3220 4396 mmstus,
3257 4333 3399 4387 hanc

1821 4426 2005 4482 abbati
2049 4423 2263 4480 Orsisio
2304 4432 2359 4478 et
2403 4423 2665 4480 fratribus
2702 4422 2985 4492 epistolam
3015 4421 3250 4492 scripsit,
3289 4435 3396 4492 qua

1821 4523 2104 4585 acceptum
2138 4514 2206 4569 de
2231 4513 2560 4571 dormitione
2595 4513 2716 4584 ejus
2739 4513 2982 4569 dolorem
3011 4511 3253 4568 ωιτη-εις

1823 4709 2152 4764 Athanasius
2184 4707 2363 4762 abbati
2403 4707 2634 4771 Orsisio,
2663 4708 3038 4763 monachorum
3076 4707 3250 4770 Patri,
3284 4723 3396 4762 om-

1896 4778 2148 4848 nibusque
2202 4795 2320 4832 cum
2365 4777 2458 4831 illo
2498 4780 2844 4832 monasticam
2880 4781 3044 4833 vitam
3084 4779 3392 4848 agentibus,

1892 4859 1941 4902 et
1983 4851 2039 4901 in
2081 4849 2323 4916 ﬁde-Dei
2369 4849 2633 4916 ﬁrmatis,
2687 4850 2893 4902 dilectis
2946 4860 2995 4903 et
3048 4849 3393 4917 optatissimis

1893 4919 2181 4988 fratribus,
2215 4919 2271 4971 in
2302 4917 2530 4972 Domino
2567 4919 2813 4973 salutem.

205 5095 456 5146 Ἤκουσα
489 5093 616 5164 περὶ
652 5093 751 5162 τῆς
801 5093 1108 5163 κοιμήσεως
1145 5090 1238 5143 τοῦ
1288 5087 1554 5160 μακαρίου
1587 5087 1714 5139 Θεο-

1894 5088 2291 5146 Dormitionem
2341 5089 2487 5147 beati
2541 5090 2819 5146 Theodori
2865 5092 3090 5158 edidici,
3133 5107 3235 5146 nec
3273 5091 3392 5148 sine

126 5185 325 5257 δώρου,
354 5185 449 5238 καὶ
481 5186 621 5239 πάνυ
653 5183 792 5254 μετὰ
836 5183 1035 5253 πολλῆς
1072 5181 1344 5254 φροντίδος
1379 5181 1582 5250 ἤνεγκα
1615 5179 1711 5248 τὴν

129 5279 320 5347 ἀκοὴν,
348 5276 504 5340 εἰδὼς
537 5276 700 5330 αὑτοῦ
739 5276 801 5329 τὸ
851 5275 988 5347 πρὸς
1021 5277 1164 5346 ὑμᾶς
1195 5275 1480 5345 χρήσιμον.
1514 5273 1575 5324 Εἰ
1613 5272 1710 5340 μὲν

130 5365 222 5423 οὖν
257 5368 334 5440 μὴ
359 5363 428 5439 ἦν
459 5367 754 5441 Θεόδωρος,
790 5366 1005 5430 πολλοῖς
1040 5368 1106 5420 ἂν
1143 5369 1270 5437 ὑμῖν
1299 5365 1436 5437 μετὰ
1459 5363 1709 5436 δακρύων

131 5461 451 5532 ἐχρησάμην
496 5459 707 5530 λόγοις,
760 5459 1108 5530 λογιζόμενος
1152 5459 1221 5512 τὰ
1266 5456 1404 5529 μετὰ
1450 5441 1737 5510 θάνατον’

129 5552 317 5624 ἐπειδὴ
362 5551 420 5606 δὲ
466 5552 738 5624 Θεόδωρός
785 5555 954 5616 ἐστιν,
988 5552 1046 5606 ὃν
1096 5552 1252 5621 ὑμεῖς
1300 5567 1359 5603 τε
1402 5549 1497 5602 καὶ
1547 5550 1709 5619 ἡμεῖς

132 5643 477 5712 ἐγνώκαμεν,
496 5643 548 5696 τί
577 5643 658 5696 δεῖ
683 5643 966 5714 γράφοντά
1001 5659 1068 5712 με
1093 5641 1292 5710 λέγειν,
1326 5641 1382 5711 ἥ·
1409 5639 1710 5707 Μακάριος

130 5732 429 5804 Θεόδωρος,
476 5733 544 5799 ὃς
591 5735 702 5787 οὐκ
740 5734 1032 5803 ἐπορεύθη
1083 5733 1151 5786 ἐν
1192 5728 1398 5799 ,Βουλῆ
1439 5727 1724 5792 ἀσεϐῶν;.

202 5873 247 5904 ³⁸
276 5870 422 5926 Psal.
451 5888 674 5939 cum,
710 5874 760 5938 5,
790 5875 844 5928 6.

1819 5196 2016 5252 magna
2049 5182 2415 5240 sollicitudine
2443 5182 2710 5252 ejusmodi
2744 5186 2993 5240 nuntium
3023 5185 3237 5254 accepi,
3260 5199 3393 5256 gna-

1817 5289 1913 5336 rus
1949 5284 2169 5344 quantae
2213 5275 2327 5345 ipse
2376 5274 2531 5330 vobis
2569 5275 2820 5330 utilitatis
2867 5287 3031 5332 esset.
3085 5274 3152 5331 Et
3185 5291 3316 5332 sane
3343 5276 3391 5334 si

1817 5361 2138 5421 Theodorus
2168 5380 2277 5420 non
2306 5366 2608 5435 essetiipse,
2641 5382 2762 5436 qum
2786 5376 3014 5422 mortem
3041 5369 3389 5438 subsequun-

1814 5465 1905 5510 tur
1941 5457 2125 5510 animo
2155 5458 2398 5522 volvens,
2420 5459 2608 5514 multis
2629 5459 3026 5530 collacrymans
3054 5475 3152 5514 vos
3177 5473 3389 5516 sermo-

1817 5549 1982 5603 nibus
2005 5548 2330 5618 alloquercr.
2341 5549 2421 5608 At
2433 5554 2652 5621 quando
2664 5550 2985 5608 Theodorus
2999 5562 3102 5620 est,
3123 5554 3216 5622 qui
3231 5552 3387 5608 vobis

1818 5639 2021 5712 pariter
2045 5641 2314 5712 nobisque
2346 5653 2509 5699 notus
2536 5653 2654 5698 erat
2673 5686 2689 5710 ,
2717 5645 2852 5714 quid
2879 5660 2968 5700 me
2995 5645 3142 5701 aliud
3179 5660 3277 5716 par
3302 5654 3390 5704 est

1819 5732 2081 5800 scribere,
2105 5748 2266 5804 quam
2295 5733 2529 5790 :Beatus
2547 5735 2885 5802 Theodorus,
2915 5740 3003 5807 qui
3035 5754 3135 5792 non
3169 5738 3298 5792 abiit
3328 5735 3387 5794 in
