3810 6228
411 402 518 458 979

1024 399 1082 456 S.
1124 398 1494 455 ATHANASII
1533 398 1686 456 OPP.
1727 398 1908 454 PARS
1944 397 1984 453 Ι.
2021 427 2090 438 -
2124 393 2490 450 HISTORICA
2533 391 2617 446 ET
2659 389 3084 446 DOGMATICA.

3559 384 3661 441 980

411 516 632 571 consilio
683 516 964 586 impiorum
991 516 1073 568 “?
1105 514 1260 582 Quod
1293 515 1340 571 si
1376 516 1568 572 beatus
1596 525 1682 572 est
1706 515 1801 586 qui
1833 516 1977 571 timet

2099 511 2236 565 Ἀλλ’
2275 515 2324 565 εἰ
2375 510 2638 582 μακάριός
2671 512 2819 562 ἐστιν
2863 511 2892 561 ὁ
2933 505 3263 577 φοϐούμενος
3304 503 3397 558 τὸν
3437 500 3660 576 Κύριονο

412 605 729 671 Dominum,
764 622 908 663 nunc
948 617 1096 663 certe
1141 608 1366 662 ﬁdenter
1406 610 1623 663 beatum
1663 607 1819 662 illum
1847 607 1987 662 dici-

411 713 557 763 mus,
583 713 708 754 cum
739 699 946 768 absque
983 699 1094 755 ulla
1141 700 1476 754 dubitatione
1505 699 1764 764 sciamus,
1796 699 1987 770 appul-

411 807 534 847 sum
578 791 732 846 illum
782 792 941 861 quasi
986 793 1054 846 ad
1099 801 1351 862 portum,
1393 791 1501 861 iam
1551 791 1700 847 curis
1734 793 1988 847 omnibus

409 897 580 937 vacua
620 882 728 937 frui
767 883 899 936 vita.
939 881 1156 938 Utinam
1205 881 1404 952 cuique
1450 890 1699 938 nostrum
1751 883 1986 952 idipsum
2029 910 2032 918 -

409 973 757 1044 contigisset!
813 973 1022 1028 utinam
1061 974 1310 1044 quisquis
1361 974 1553 1040 currit,
1603 982 1713 1028 tam
1760 973 1988 1029 feliciter

410 1065 666 1120 advenire
700 1066 901 1137 possit!
953 1067 1159 1120 utinam
1206 1067 1455 1136 quisquis
1507 1068 1743 1137 navigat,
1793 1082 1986 1121 navem

410 1159 582 1225 possit
614 1174 769 1213 suam
798 1157 866 1211 ad
895 1159 1246 1228 tranquillum
1276 1162 1524 1215 eumdem
1556 1169 1772 1229 portum
1804 1160 1989 1230 appel-

411 1249 554 1312 lere,
599 1261 659 1305 ut
695 1252 982 1320 quiescens
1022 1267 1145 1306 cum
1185 1250 1440 1306 Patribus
1485 1252 1670 1308 dicat:
1711 1249 1987 1305 Hichabi-

411 1340 553 1407 tabo,
569 1347 816 1412 quoniam
841 1343 970 1414 elegi
993 1360 1109 1397 eam
1129 1343 1202 1395 ’τι
1227 1342 1608 1410 Quamobrem,
1625 1344 1804 1398 dilecti
1833 1353 1988 1413 opta-

409 1431 718 1500 tissimique
757 1431 970 1500 fratres,
1005 1448 1074 1487 ne
1104 1433 1226 1488 flete
1269 1432 1612 1488 Theodorum
1650 1453 1662 1488 :
1692 1450 1800 1488 non
1822 1449 1985 1487 tmor-

413 1530 538 1577 tuus
565 1524 764 1593 quippe
804 1534 908 1589 est,
944 1525 1038 1580 sed
1067 1525 1288 1579 dormit.
1316 1523 1393 1580 Ne
1437 1526 1563 1594 quis
1592 1526 1736 1583 illius
1777 1539 1986 1580 memor

411 1613 758 1683 lacrymetur,
808 1615 903 1670 sed
950 1617 1069 1686 ejus
1114 1615 1355 1671 imitetur
1397 1619 1584 1672 vitam.
1631 1617 1983 1688 Nequaquam

410 1703 703 1774 lugendum
753 1704 1027 1759 hominem
1077 1705 1172 1774 qui
1226 1707 1292 1760 ad
1343 1707 1522 1761 locum
1576 1707 1755 1762 luctus
1803 1707 1984 1763 omnis

2087 604 2182 658 νῦν
2206 604 2314 675 γάρ
2346 603 2670 675 μακαρίζειν
2715 601 3153 672 τεθαρῤήκαμεν,
3194 598 3406 670 ἔχοντες
3447 597 3660 669 ἀσφαλῆ

2087 700 2178 750 τὸν
2209 697 2386 764 λόγον,
2431 697 2533 759 ὅτι,
2572 695 2915 765 καταντήσας
2942 693 3130 763 ὥσπερ
3168 692 3248 755 εἰς
3288 691 3501 761 λιμένα,
3528 691 3663 760 ἀμέ-

2089 805 2279 859 ριμνον
2322 787 2434 858 βίον
2465 787 2592 857 ἔχει.
2634 787 2756 840 Εἴθε
2807 787 2898 839 καὶ
2931 789 3015 854 ἐφ’
3044 785 3274 838 ἑκάστου
3317 783 3474 854 ἡμῶν
3507 783 3662 836 τοῦτο

2088 879 2347 947 ἔφθανενῐ
2389 878 2500 931 εἴθε
2531 879 2738 949 τρέχων
2778 878 3006 939 ἕκαστος
3033 876 3205 939 οὕτως
3238 875 3658 946 καταντήσειενῑ

2087 969 2198 1023 εἴθε
2221 971 2397 1023 πλέων
2412 971 2637 1033 ἕκαστος
2660 971 2942 1039 προσορμή
2952 985 3060 1021 σειε
3084 967 3216 1037 (ειν)
3233 966 3294 1018 τὸ
3312 966 3441 1018 ἴδιον
3459 967 3666 1034 σκάφος

2089 1060 2226 1131 πρὸς
2262 1059 2354 1112 τὸν
2383 1059 2711 1132 ἀχείμαστον
2744 1060 2858 1112 ἐκεῖ
2888 1057 3101 1127 λιμένα,
3135 1056 3224 1110 ἵνα
3257 1054 3394 1123 μετά
3423 1054 3530 1107 τῶν
3558 1070 3668 1106 πα-

2086 1151 2261 1222 τέρων
2313 1152 2724 1221 ἀναπαυόμενος
2761 1150 2891 1220 λέγῃ
2917 1165 2930 1178 ο
2972 1143 3109 1201 Ὧδε
3155 1147 3523 1213 κατοικήσω,
3574 1147 3666 1200 ὅτι

2087 1244 2311 1312 ᾑρέθην
2337 1243 2562 1310 αὐτήν]
2593 1242 2818 1305 Οὐκοῦν,
2864 1242 3137 1312 ἀγαπητοὶ
3165 1241 3258 1293 καὶ
3300 1239 3669 1294 ποθεινότατοι

2086 1334 2337 1403 ἀδελφοὶ,
2384 1334 2459 1403 μὴ
2508 1332 2722 1386 κλαίετε
2768 1331 3059 1402 Θεόδωρον⁹
3106 1331 3166 1382 ού
3217 1327 3328 1400 γὰρ
3372 1329 3668 1394 ἀπέθανεν,

2085 1424 2222 1478 ἀλλὰ
2257 1423 2526 1476 καθεύδει.
2564 1424 2654 1493 Μὴ
2683 1421 2963 1493 δακρυέτω
2991 1439 3074 1485 τις
3107 1420 3454 1492 μνημονεύων
3477 1421 3666 1485 αὐτοῦ,

2085 1513 2221 1568 ἀλλὰ
2271 1513 2512 1588 ζηλούτω
2553 1514 2642 1566 τὸν
2688 1512 2801 1582 βίον
2848 1512 3030 1567 αὑτοῦ.
3081 1513 3157 1566 Οὐ
3189 1512 3283 1579 ιδεῖ
3321 1513 3424 1584 γὰρ
3459 1512 3552 1564 ἐπὶ
3587 1514 3672 1583 τῷ

2086 1603 2372 1658 ἀπελθόντι
2419 1605 2498 1667 είς
2540 1604 2632 1656 τὸν
2676 1604 2877 1658 ἄλυπον
2918 1603 3081 1656 τόπον
3125 1603 3430 1657 λυπεῖσθαι.
3477 1603 3673 1658 Ταῦτα

2083 1696 2140 1750 δὲ
2173 1700 2322 1767 κοινῇ
2361 1697 2488 1767 ὑμῖν
2521 1698 2735 1769 γράφω·
2761 1696 3050 1767 ἐξαιρέτως
3086 1695 3144 1749 δὲ
3185 1696 3300 1759 σοὶ,
3339 1693 3386 1747 ὦ
3415 1697 3672 1765 ἀγαπητὲ

405 1799 680 1860 expertem
714 1793 989 1861 profectus
1017 1802 1120 1850 est.
1152 1793 1275 1850 llaec
1312 1795 1470 1850 vobis
1497 1811 1605 1850 una
1630 1795 1843 1866 scripsi,
1885 1798 1977 1852 sed

2087 1788 2180 1842 καὶ
2215 1789 2560 1843 ποθεινότατε
2599 1788 2834 1860 Ὠρσίσιε
2854 1828 2870 1851 ,
2899 1789 2985 1841 ἵνα
3005 1828 3019 1852 ,
3052 1787 3404 1860 κοιμηθέντος
3432 1788 3670 1852 ἐκείνου,

407 1884 504 1938 tibi
551 1886 918 1952 potissimum,
956 1887 1150 1944 dilecte
1199 1897 1254 1942 et
1298 1888 1635 1958 optatissime
1675 1887 1884 1951 Orsisi,
1919 1899 1980 1945 ut

404 1991 527 2031 cum
557 1977 668 2046 jam
720 1978 809 2032 ille
841 1979 1098 2045 dormiat,
1141 1981 1450 2035 universam
1487 1991 1542 2034 tu
1584 1996 1769 2036 curam
1804 1983 1980 2036 susci-

402 2066 544 2138 pias,
592 2066 847 2138 illiusque
879 2071 1048 2124 vicem
1090 2071 1232 2141 apud
1267 2072 1460 2128 fratres
1489 2072 1760 2143 suppleas.
1792 2071 1978 2131 Enim-

401 2173 532 2214 vero
565 2159 692 2214 dum
727 2172 1036 2230 superesset
1064 2164 1198 2232 ipse,
1228 2165 1389 2219 ambo
1417 2166 1574 2233 quasi
1602 2182 1744 2221 unus
1774 2167 1936 2220 eratis
1962 2184 1975 2220 :

403 2251 683 2321 alteroque
714 2253 1093 2322 proticiscente
1128 2255 1330 2325 aliquo,
1362 2257 1651 2310 amborum
1682 2264 1860 2312 tamen
1896 2257 1979 2312 oi-

402 2343 586 2398 ﬁcium
617 2344 941 2414 implebatur
967 2362 981 2398 :
1012 2345 1227 2401 duobus
1260 2347 1388 2400 item
1421 2348 1800 2416 praesentibus,
1824 2349 1982 2418 quasi

402 2446 547 2487 unus
573 2432 834 2497 fuissetis,
867 2435 1079 2491 dilectis
1114 2436 1265 2490 utilia
1309 2437 1697 2506 loquebamini.
1740 2437 1851 2492 llac
1883 2453 1983 2508 age

405 2525 634 2587 ratione,
679 2533 840 2594 atque
886 2527 958 2580 ita
1011 2536 1061 2581 te
1104 2542 1295 2596 gerens
1322 2528 1578 2591 rescribe,
1612 2529 1876 2598 nobisque
1903 2530 1981 2585 si—

401 2614 618 2683 gnitica,
653 2633 774 2684 quae
819 2626 965 2672 tuam
1015 2617 1356 2689 fratrumque
1407 2630 1653 2690 spectant
1694 2623 1982 2677 incolumi-

402 2712 586 2758 tatem.
619 2703 820 2761 Omnes
867 2715 1048 2761 autem
1097 2724 1240 2775 una,
1267 2724 1421 2778 rogo,
1449 2713 1764 2780 precamini,
1795 2722 1853 2767 ut
1883 2730 1978 2783 pa-

401 2807 520 2846 cem
553 2794 728 2863 magis
761 2795 1044 2865 magisque
1093 2795 1356 2853 Dominus
1400 2797 1658 2856 Ecclesiis
1691 2801 1973 2872 largiatur.

401 2884 583 2940 Licuit
603 2887 746 2940 enim
780 2888 942 2942 etiam
971 2903 1143 2957 nuper
1172 2889 1330 2944 nobis
1358 2889 1565 2946 Pascha
1595 2891 1977 2949 Peutecosten-

399 2991 505 3046 que
537 2991 661 3031 cum
711 2977 895 3031 laetitia
935 2978 1249 3034 celebrare:
1291 2996 1353 3035 ac
1393 2997 1738 3052 summopere
1767 2983 1834 3038 de
1865 2983 1972 3040 Do-

400 3070 533 3122 mini
585 3070 861 3124 beueticiis
907 3071 1226 3139 gaudemus.
1268 3071 1392 3128 Hzec
1443 3074 1764 3143 scripsimus
1797 3077 1970 3132 vobis.

2085 1884 2147 1936 σὺ
2180 1886 2278 1955 τὴν
2310 1883 2438 1954 ὅλην
2464 1882 2718 1953 φροντίδα
2758 1880 3012 1951 ἀναδέξῃο
3040 1881 3135 1933 καὶ
3171 1880 3328 1947 γενοῦ
3356 1881 3470 1932 ἀντ’
3497 1881 3670 1934 αὐτοῦ

2080 1976 2197 2036 τοῖς
2229 1973 2494 2041 ἀδελφοῖς.
2526 1971 2634 2031 Καὶ
2657 1970 2765 2043 γὰρ
2795 1971 3073 2041 περιόντος
3099 1969 3330 2034 ἐκείνου,
3362 1970 3671 2041 ἀμφότεροι

2081 2065 2158 2127 ὡς
2205 2059 2286 2126 εἷς
2318 2063 2660 2133 ἐτυγχάνετε·
2715 2063 2809 2114 καὶ
2857 2061 2975 2124 ἑνὸς
3019 2061 3456 2132 ἀποδημοῦντος,
3489 2061 3672 2134 ἐπληο

2085 2155 2240 2226 ροῦτο
2267 2157 2300 2226 ή
2335 2154 2442 2207 τῶν
2469 2153 2560 2206 δύο
2587 2152 2762 2224 χρεία,
2791 2153 2884 2206 καὶ
2911 2153 3018 2206 τῶν
3044 2152 3136 2206 δύο
3163 2153 3444 2223 παρόντων
3473 2151 3551 2216 ὡς
3584 2148 3674 2216 εἷς

2083 2246 2347 2315 ὲγίνεσθε,
2379 2249 2488 2310 τοῖς
2519 2246 2823 2316 ἀγαπητοῖς
2855 2244 2922 2298 τὰ
2946 2243 3080 2315 πρὸς
3111 2245 3375 2314 ὠφέλειαν
3407 2243 3669 2315 ὁμιλοῦν-

2083 2358 2192 2403 τες.
2211 2338 2394 2402 Οὕτως
2411 2335 2504 2395 οὖν
2521 2339 2748 2409 πρᾶττε,
2784 2335 2926 2389 οὕτω
2942 2336 3110 2388 ποιῶν
3121 2335 3297 2406 γράφε
3316 2336 3410 2388 καὶ
3427 2337 3494 2406 σή
3503 2353 3669 2405 μαινε

2085 2435 2215 2503 ἡμῖν
2253 2432 2382 2501 περὶ
2424 2431 2524 2500 τῆς
2552 2429 2778 2486 σεαυτοῦ
2825 2429 3048 2499 καὶτῆς
3096 2429 3450 2500 ἀδελφότητος
3480 2446 3668 2501 σωτη-

2086 2525 2226 2595 ρίας.
2247 2525 2357 2577 Καὶ
2384 2522 2604 2593 εὔχεσθε
2623 2522 2801 2592 (24Ἵ,
2823 2522 3146 2592 παρακαλῶ,
3165 2525 3314 2592 κοινῇ
3335 2522 3555 2587 πάντες,
3575 2523 3667 2576 ἵνα

2083 2617 2176 2668 ἐπὶ
2205 2615 2364 2667 πλέον
2401 2615 2622 2684 εἰρήνην
2657 2612 2929 2684 βραϐεύσῃ
2957 2615 3076 2675 ταῖς
3115 2611 3461 2682 Ἐκκλησίαις
3493 2613 3522 2664 ὁ
3548 2611 3670 2666 Κύ-

2086 2726 2217 2779 ριος.
2248 2709 2357 2761 Καὶ
2387 2707 2494 2777 γὰρ
2529 2708 2621 2759 καὶ
2649 2706 2742 2758 νῦν
2778 2705 2894 2776 μετ’
2929 2704 3189 2774 εὐθυμίας
3226 2705 3565 2776 ἐορτάσαμεν
3603 2706 3672 2758 τό

2079 2820 2140 2854 τε
2189 2803 2382 2872 Πάσχα
2422 2801 2516 2854 καὶ
2555 2800 2653 2871 τὴν
2702 2799 3112 2870 Πεντηκοστὴν,
3153 2799 3246 2852 καὶ
3295 2799 3672 2869 εύφραίνομεν

2080 2895 2172 2947 ἐπὶ
2203 2897 2320 2957 ταῖς
2348 2893 2441 2947 τοῦ
2470 2893 2675 2962 Κυρίου
2716 2891 3076 2962 εὐεργεσίαις.
3127 2889 3475 2960 Ἐγράψαμεν
3506 2891 3670 2960 ὑμῖν.

2081 2985 2520 3057 Προσαγορεύετε
2544 2985 2749 3046 πάντας
2776 2986 2903 3046 τοὺς
2929 2983 3293 3053 φοϐουμένους
3317 2983 3405 3035 τὸν
3432 2981 3669 3052 Κύριον.

2081 3078 2584 3148 Προσαγορεύουσιν
2615 3077 2758 3146 ὑμᾶς
2789 3077 2840 3128 οἱ
2875 3077 2970 3128 σὺν
3003 3075 3143 3144 ἐμοί.
3188 3073 3491 3146 Ἐρρῶσθαι
3513 3073 3674 3144 ὑμᾶς

401 3159 644 3218 Salutate
675 3177 866 3217 omnes
893 3163 986 3232 qui
1018 3163 1208 3219 timent
1246 3165 1551 3220 Dominum.
1578 3165 1706 3233 Vos,
1730 3168 1822 3237 qui
1859 3185 1974 3224 me-

2087 3173 2136 3224 ὲν
2153 3169 2341 3241 Κυρίῳ
2357 3169 2478 3240 εῦχο
2486 3187 2604 3240 μαι,
2622 3169 2895 3239 ἀγαπητοὶ
2909 3169 3003 3221 καὶ
3032 3166 3398 3226 ποθεινότατοι
3415 3165 3668 3235 ἀδελφοί.

397 3267 521 3310 cum
567 3267 695 3313 sunt
725 3259 982 3314 salutant.
1021 3257 1208 3313 Valere
1237 3273 1333 3312 vos
1365 3259 1418 3312 in
1463 3257 1692 3313 Domino
1735 3272 1953 3331 exopto,
1987 3263 2168 3318 dilecti
2199 3275 2251 3320 et
2272 3262 2595 3334 optatissimi
2631 3261 2849 3318 fratres.

986 3391 1342 3449 NARRATIO
1381 3393 1748 3451 ATHANASII
1781 3397 1874 3451 AD
1913 3397 2284 3459 AMMONIUM
2323 3395 2708 3452 EPISCOPUM
2748 3395 2837 3451 ET
2876 3394 3076 3451 ALIOS

1480 3506 1546 3543 DE
1586 3506 1720 3546 FUGA
1760 3506 1857 3546 SUA
1896 3509 1990 3548 SUB
2027 3510 2246 3550 JULIANO
2283 3509 2558 3558 AUGUSTO,

398 3575 663 3647 Excerpta
689 3593 753 3637 ex
781 3581 1062 3650 appendice
1092 3582 1162 3636 ad
1188 3583 1320 3638 Acta
1347 3581 1670 3639 Sanctorum
1697 3592 1837 3639 tome
1862 3583 1965 3640 ΙΙΙ
1986 3590 2177 3644 mensis
2202 3588 2357 3652 Maii,
2386 3603 2440 3657 ρ.
2470 3585 2530 3639 7l
2560 3606 2571 3640 :
2608 3585 2768 3656 digna
2791 3600 2917 3639 sane
2946 3599 3063 3654 qua:
3085 3583 3170 3636 hic
3193 3591 3491 3652 apponatur
3515 3582 3670 3653 (25).

463 3672 733 3728 Caeterum
765 3676 891 3746 quia
926 3676 1117 3736 beatus
1147 3693 1283 3749 papa
1325 3679 1676 3745 Athanasius,
1708 3696 1815 3747 me,
1839 3697 1972 3756 ,οω-

2158 3683 2374 3755 Ἐπειδὴ
2412 3682 2471 3734 δὲ
2501 3681 2713 3751 φθάσας
2734 3680 2763 3731 ὁ
2793 3679 3059 3750 μακάριος
3092 3677 3278 3739 πάπας
3317 3675 3670 3742 Ἀθανάσιος⁹

394 3764 547 3820 nium
596 3767 845 3834 minimo,
887 3769 1122 3840 aliisque
1170 3769 1426 3826 Ecclesiae
1448 3771 1828 3829 Alexandrinae
1859 3775 1973 3831 cleo

2087 3773 2356 3848 παρούσης
2384 3773 2485 3842 τῆς
2519 3772 2657 3842 ὲμῆς
2681 3769 3035 3842 βραχύτητος,
3060 3768 3152 3821 καὶ
3178 3767 3351 3820 ἄλλων
3377 3766 3674 3838 κληρικῶν

396 3855 526 3912 ricis
568 3859 951 3926 praesentibus,
987 3860 1159 3918 beata:
1189 3863 1467 3920 memoriae
1507 3864 1626 3918 viro
1655 3866 1970 3931 Ammonio,

2087 3867 2174 3937 τῆς
2213 3861 2602 3939 Ἀλεξανδρέων
2637 3858 2980 3931 Ἐκκλησίας,
3006 3861 3065 3912 ὲν
3090 3861 3156 3929 τῇ
3185 3857 3396 3932 μεγάλῃ
3428 3857 3678 3929 Ἐκκλη-

393 3947 488 4016 qui
532 3945 636 4001 fuit
661 3947 952 4019 episcopus
986 3948 1302 4017 Elearcbiae,
1332 3961 1386 4006 et
1411 3950 1666 4006 Hermoni
1700 3954 1974 4010 Bumasti-

2087 3958 2194 4030 ςίᾳ,
2245 3954 2323 4026 τῷ
2369 3953 2623 4025 μακαρίῳ
2663 3953 2728 4023 τῇ
2781 3953 2968 4022 μνήμῃ
3034 3950 3324 4022 Ἀμμωνίῳ
3372 3951 3676 4022 ὲπισκόπῳ

393 4052 609 4102 corum,
665 4039 721 4092 in
770 4038 965 4111 Magna
1013 4038 1256 4096 Ecclesia
1307 4041 1373 4096 de
1426 4041 1714 4099 Theodoro
1767 4045 1973 4116 aliquid

2087 4048 2349 4120 γενομένῳ
2380 4047 2478 4117 τῆς
2519 4043 2860 4120 Ἐλαιαρχίας
2889 4041 3038 4114 (26),
3066 4043 3159 4098 καὶ
3181 4043 3425 4114 Ἕρμωνι
3450 4041 3532 4113 τῷ
3560 4042 3674 4114 τῆς

393 4131 702 4198 enarravit,
755 4133 902 4202 quod
952 4141 1100 4187 tuam
1149 4134 1406 4189 existimo
1465 4136 1804 4192 sanctitatem
1855 4151 1972 4194 tum

2087 4137 2487 4210 Βουμαστικῶν,
2515 4133 2633 4189 εἶπέ
2675 4152 2729 4188 τι
2762 4136 2890 4208 περὶ
2911 4134 3206 4208 Θεοδώρουο
3236 4133 3442 4204 νομίζω
3470 4135 3529 4187 δὲ
3562 4136 3673 4188 καὶ

393 4231 716 4292 praesentem
750 4224 1024 4279 audivisse
1062 4243 1074 4278 :
1113 4239 1290 4294 opera:
1337 4226 1563 4293 pretium
1611 4227 1762 4292 duxi,
1794 4238 1872 4296 ut,
1903 4231 1974 4286 ad

2087 4232 2175 4301 τὴν
2204 4230 2301 4302 σὴν
2334 4230 2592 4300 ἁγιότητα
2630 4225 2908 4305 παροῦσαν
2952 4226 3070 4279 τότε
3113 4225 3436 4294 ἀκηκοέναιο
3481 4225 3668 4294 ἀναγ-

394 4313 760 4368 renovandam
796 4323 899 4368 tua:
927 4315 1110 4383 pietati
1139 4330 1326 4368 eorum
1367 4318 1708 4386 memoriam,
1737 4334 1798 4374 ea
1845 4335 1976 4376 con-

2087 4327 2229 4376 miov
2280 4323 2417 4393 πρὸς
2461 4321 2766 4391 ὑπόμνησιν
2809 4319 2910 4389 τῆς
2946 4317 3046 4388 σῆς
3091 4317 3373 4380 εὐλαϐείας
3413 4316 3449 4372 ἃ
3498 4314 3670 4372 εἶπεν

370 4403 628 4457 scribam
671 4419 793 4473 qum
827 4405 1042 4458 locutus
1075 4414 1176 4458 est.
1210 4404 1346 4459 Cum
1391 4407 1673 4463 memorati
1730 4411 1968 4483 episcopi

2087 4416 2286 4487 γράφω.
2315 4415 2437 4468 Τῶν
2476 4410 2950 4484 μνημονευθέντων
2993 4410 3302 4462 ἐπισκόπων
3343 4408 3672 4480 θαυμαζόν-

391 4495 610 4548 beatum
663 4496 990 4549 mirarentur
1035 4493 1328 4549 Antonium
1370 4497 1526 4567 (nam
1574 4514 1714 4568 saepe
1748 4516 1871 4555 cum
1899 4517 1966 4557 eo

2087 4525 2178 4560 των
2220 4508 2310 4560 τὸν
2361 4506 2628 4576 μακάριον
2687 4501 2965 4555 Ἀντώνιον
3018 4502 3297 4572 (πολλάκις
3348 4503 3458 4574 γὰρ
3505 4503 3675 4574 αὐτῷ

391 4588 586 4657 agebat
610 4587 901 4657 Antonius)
934 4586 1051 4642 illos
1078 4601 1214 4657 papa
1241 4588 1572 4644 Athanasius
1599 4590 1677 4647 sic
1701 4591 1966 4650 allocutus

2087 4597 2366 4660 Ἀντώνιος
2415 4598 2688 4666 συντυχὼν
2714 4591 2828 4667 ἦν),
2857 4597 2886 4648 ὁ
2928 4594 3116 4658 πάπας
3165 4593 3475 4657 Ἀθανάσιος
3517 4595 3676 4664 πρὸς

391 4688 474 4736 εει
516 4699 529 4734 ³
2072 4690 2266 4753 αὐτοὺς
2296 4689 2422 4758 ἔφηι

463 4768 586 4824 Vidi
623 4769 790 4824 etiam
836 4770 1172 4839 temporibus
1196 4771 1366 4826 'hisce
1409 4788 1636 4843 magnos
1666 4775 1759 4830 Dei
1791 4777 1968 4832 homi-

2145 4773 2299 4831 Εἶδον
2327 4779 2423 4832 καὶ
2466 4781 2525 4832 ὲν
2553 4782 2666 4842 τοῖς
2697 4780 2909 4851 καιροῖς
2947 4779 3160 4844 τούτοις
3207 4778 3528 4851 ἀνθρώπους
3563 4781 3674 4835 τοῧ

390 4877 512 4925 nes,
549 4861 893 4916 Theodorum
925 4861 1447 4917 Tabennesiotarum
1481 4865 1644 4936 695
1671 4869 1968 4924 monacho-

390 4971 513 5010 rum
576 4953 918 5024 praefectum,
967 4953 1294 5025 Patremque
1363 4960 1753 5015 monachorum
1820 4964 1965 5020 circa

388 5045 707 5112 Antinoum,
738 5046 826 5100 cui
862 5061 1059 5101 nomen
1106 5047 1272 5102 abbas
1295 5047 1542 5115 Pammo,
1574 5051 1667 5121 qui
1702 5052 1845 5106 haud
1889 5053 1964 5108 ita

389 5137 594 5205 pridem
621 5137 981 5192 obdormiere.
1005 5137 1142 5193 Cum
1176 5143 1320 5194 enim
1358 5158 1443 5197 me
1477 5143 1568 5196 illo
1597 5152 1836 5214 tempore
1865 5143 1963 5199 Ju-

392 5227 568 5282 lianus
619 5237 1056 5296 persequeretur,
1109 5239 1590 5302 exspectaremque
1639 5250 1726 5289 me
1759 5235 1827 5290 ab
1868 5233 1962 5291 illo

2072 4868 2206 4922 Θεοῦ
2261 4870 2548 4940 μεγάλους,
2584 4871 2856 4941 Θεόδωρον
2904 4872 2996 4925 τὸν
3033 4873 3361 4943 ἡγιασμένον
3407 4872 3520 4943 (27)
3549 4875 3677 4929 τῶν

2071 4960 2446 5032 Ταόεννησίων
2483 4963 2748 5033 μοναχῶν.
2778 4964 2872 5016 καὶ
2898 4965 3026 5034 περὶ
3055 4963 3154 5034 τὴν
3188 4965 3453 5017 Ἀντινόου
3487 4983 3674 5035 μονα-

2068 5052 2178 5123 χῶν
2228 5053 2466 5124 Πατέρα,
2514 5054 2657 5106 assa
2687 5055 2934 5126 Πάμμων
2971 5054 3228 5127 τοῦνομα,
3263 5057 3312 5108 οἳ
3342 5057 3444 5126 πρὸ
3471 5057 3676 5125 ὀλίγου

2070 5145 2443 5217 κεκοίμηνται.
2483 5147 2570 5209 Ὠς
2597 5145 2705 5218 γὰρ
2746 5148 2894 5219 ήμην
2921 5148 3168 5219 διωχθεὶς
3198 5147 3302 5200 ὑπὸ
3339 5148 3678 5217 ἰουλιανοῦ,

2071 5239 2164 5291 καὶ
2195 5237 2506 5311 προσδοκῶν
2536 5240 2886 5311 ἀναιρεθῆναι
2916 5241 3010 5294 ἀπ’
3044 5240 3207 5295 αὐτοῦ
3235 5240 3523 5312 (δεδήλωτο
3548 5242 3678 5315 γάρ

391 5316 822 5373 interficiendum
853 5318 990 5388 fore,
1023 5321 1167 5390 quod
1215 5325 1456 5390 germani
1487 5325 1799 5381 nuntiarant
1827 5328 1963 5382 ami-

391 5407 440 5459 ci
470 5425 481 5459 :
508 5409 618 5462 duo
642 5413 929 5468 memorati
957 5412 1318 5484 virijquadam
1350 5416 1436 5470 die
1463 5417 1530 5472 ad
1558 5433 1642 5472 me
1664 5417 1960 5475 Antinoum

477 5547 523 5578 "
550 5545 693 5604 Psal.
725 5565 764 5612 ι,
804 5549 852 5603 l.
929 5550 973 5582 "
1002 5548 1147 5606 Psal.
1173 5566 1357 5615 cum,
1381 5550 1467 5608 l4.

460 5662 516 5736 (ξ.
529 5662 610 5736 ι’),
631 5661 812 5736 Eoi-te,
845 5664 1247 5736 προσορμίσειε.
1275 5665 1432 5721 Enn.

658 5731 836 5803 ναις..
857 5731 1141 5811 εὔχεσθαι.
1172 5746 1232 5789 ut
1262 5753 1409 5811 Stepg
1431 5754 1487 5811 at
1526 5755 1626 5811 pro.
1650 5758 1696 5794 ε.
1727 5739 1881 5798 Ευιτ.

461 5803 572 5874 (25)
606 5802 960 5860 Pronuntiala
993 5817 1112 5876 post
1149 5802 1354 5863 annum
1380 5808 1503 5864 565.

2073 5349 2162 5402 μοι
2190 5331 2350 5385 τοῦτο
2369 5332 2476 5385 ὑπὸ
2503 5333 2740 5404 γνησίων
2769 5332 2936 5402 φίλων
2963 5330 3169 5405 ἦλθον),
3199 5333 3250 5386 οἱ
3277 5333 3370 5386 δύο
3392 5327 3543 5387 οὗτοι
3577 5335 3676 5400 είς

2067 5424 2168 5499 τὴν
2212 5424 2480 5478 Ἀντινόου
2502 5424 2638 5496 πρὸς
2675 5427 2743 5496 μὲ
2777 5427 2833 5478 ὲν
2865 5427 2966 5497 μιᾷ
2993 5426 3192 5498 ἡμέρᾳ.
3218 5425 3328 5479 Καὶ
3360 5425 3680 5497 βουλευσὰὸ

2141 5672 2252 5745 (26)
2277 5673 2630 5745 _’E)tsapxiag,
2664 5672 2786 5727 vide
2813 5687 2980 5745 supra
3014 5689 3064 5742 p.
3077 5637 3218 5729 ⁸619.

2139 5743 2250 5815 (27)
2276 5743 2583 5815 Legendum
2617 5747 2827 5800 videtur
2851 5743 3168 5814 ἡγούμενον.
