3810 6228
197 247 304 302 981

877 246 966 300 DE
1001 221 1520 302 INCARNATIIONE
1556 239 1646 296 ET
1696 238 1801 298 co:

1897 239 1977 296 RA
2007 223 2327 294 ABIANOS.
2359 266 2432 280 _
2460 231 2821 291 MONITUM:

3346 223 3448 283 989

202 387 370 442 μενος
415 368 680 441 κρυϐῆναι
731 368 878 438 παρὰ
911 366 1188 438 Θεοδώρῳ,
1217 366 1421 437 ἐπέϐην
1464 363 1541 436 τῷ
1568 363 1776 418 ἐκείνου

1897 373 2160 418 venerunt.
2189 360 2327 415 Tum
2359 374 2480 430 ego,
2510 365 2727 427 sumpto
2753 351 2984 410 consilio
3015 359 3077 408 ut
3105 349 3248 423 apud
3276 348 3451 404 Theo-

201 460 380 530 πλοίῳ
422 458 682 513 πάντοθεν
725 455 1123 528 κεκαλυμμένῳ
1143 497 1156 521 ,
1199 454 1613 526 προπέμποντος
1638 453 1785 523 ἡμᾶς

202 553 304 607 καὶ
349 551 493 604 άϐὅᾶ
538 550 866 619 Πάμμωνος.
896 549 1005 602 Καὶ
1043 546 1137 600 τοῦ
1178 547 1381 616 ἀνέμου
1411 544 1783 615 ἀνεπιτηδείου

203 643 532 714 γενομένου,
572 639 682 709 ἐγὼ
718 640 814 710 μὲν
847 637 1094 708 ἀγωνιῶν
1129 641 1194 709 τῇ
1241 638 1439 710 καρδίᾳ
1477 634 1786 708 προσηυχό-

208 753 321 806 μην
345 751 358 764 ο
410 737 457 786 οἱ
500 733 556 786 δὲ
609 733 747 803 μετὰ
786 729 1059 802 Θεοδώρου
1096 727 1436 802 μονάζοντες,
1485 727 1788 792 ἐξελθόντες

204 825 502 896 παρεῖλκον
547 824 608 876 τὸ
653 823 990 881 πλοῖον.,Καὶ
1027 823 1170 875 άϐὃᾶ
1198 822 1448 892 Πάμμων
1473 819 1790 889 ἀγωνιῶντά

209 937 282 990 με
322 915 814 988 παραμυθούμενος
860 913 1043 984 ἔλεγεν
1085 913 1216 984 (9.8)-
1260 910 1552 965 Πίστευσόν
1585 929 1674 982 μοι
1705 910 1790 963 λέ-

206 1029 384 1080 γοντι,
421 1011 518 1079 οὐχ
560 1009 730 1072 οὕτως
768 1008 875 1078 ἔχω
919 1008 1236 1059 πεποιθυῖαν
1287 1005 1385 1076 τὴν
1426 1005 1650 1076 καρδίαν
1687 1020 1788 1073 μου

203 1105 271 1159 ἐν
314 1100 493 1172 καιρῷ
524 1101 764 1176 εἰρήνης,
809 1100 884 1162 ὡς
915 1099 972 1152 ὲν
1015 1101 1126 1161 τοῖς
1157 1097 1248 1150 τοῦ
1281 1096 1518 1167 διωγμοῦ
1559 1097 1788 1163 καιροῖς.

209 1195 545 1266 Τεθάρρηκα
573 1192 702 1264 γὰρ,
749 1193 829 1245 ὅτι
871 1191 1010 1262 ὑπὲρ
1041 1189 1274 1262 Χριστοῦ
1311 1190 1556 1258 πάσχων,
1590 1189 1686 1242 καὶ
1713 1185 1792 1256 τῷ

211 1285 358 1339 ἐλέει
385 1284 548 1346 αὑτοῦ
573 1283 995 1354 δυναμούμενος,
1025 1285 1129 1338 κᾶν
1158 1280 1452 1354 άναιρεθῶ,
1481 1279 1560 1334 ἔτι
1595 1278 1792 1350 μᾶλλον

210 1377 458 1449 εὑρίσκω
507 1378 634 1446 παρ’
690 1375 837 1446 αὐτῷ
895 1377 1062 1440 ἕλεος.
1108 1376 1220 1429 Kal.
1272 1375 1352 1428 ἔτι
1399 1390 1498 1445 μου
1546 1373 1795 1440 λέγοντος

212 1469 413 1535 ταῦτα,
442 1468 714 1546 Θεόδωρος
755 1468 1066 1532 ἑνατενίσας
1096 1467 1240 1539 ἀϐϐᾷ
1261 1467 1532 1537 Πάμμωνι
1561 1461 1795 1534 ἐμειδία-

215 1579 302 1622 σε·
335 1562 429 1616 καὶ
457 1561 640 1632 σχεδὸν
671 1560 994 1630 γελάσαντος
1026 1560 1170 1614 ά66ἄ
1199 1560 1526 1630 Πάμμωνος,
1558 1554 1668 1625 ἐγὼ
1698 1553 1795 1625 μὲν

216 1654 359 1723 πρὸς
390 1653 585 1715 αὐτοὺς
613 1651 767 1722 ἔφην·
799 1652 948 1704 Διατί
980 1650 1296 1720 ὲγελάσατε,
1331 1646 1507 1700 ταῦτά
1549 1663 1646 1718 μου
1710 1643 1797 1696 λέ-

1885 458 2078 513 dorum
2106 458 2350 522 laterem,
2381 455 2501 524 ejus
2533 451 2838 507 naviculam
2874 447 3116 518 undique
3145 453 3456 515 coopertam

1886 550 2198 612 conscendi,
2235 549 2426 603 abbate
2453 546 2749 601 Pammone
2777 556 2880 597 nos
2915 541 3140 596 honoris
3167 552 3336 594 causa
3365 549 3455 591 co-

1887 643 2135 698 mitante.
2167 639 2340 696 Vento
2375 648 2556 694 autem
2592 639 2776 692 minus
2801 649 3064 706 prospero
3095 631 3281 698 ﬂante,
3306 613 3457 699 silui-

1888 735 2011 790 dem
2041 733 2203 788 corde
2237 732 2433 787 anxius
2475 730 2767 800 precabar;
2803 727 2896 797 qui
2940 739 3072 779 vero
3117 738 3242 779 cum
3285 720 3460 775 Theo-

1889 827 2024 882 doro
2051 832 2206 880 erant
2245 821 2528 888 monachi,
2556 820 2784 890 egressi,
2815 817 3120 873 naviculam
3151 813 3460 869 trahebant.

1891 918 2138 988 Cumque
2168 917 2336 971 abbas
2377 914 2621 978 Pammo,
2665 920 2986 967 maerentem
3033 924 3121 963 me
3149 904 3462 962 consolare-

1891 1020 2002 1078 tur,
2054 1009 2358 1079 respondi:
2403 1005 2574 1061 Crede
2607 1003 2892 1059 alIirmanti
2945 1001 3101 1066 mihi,
3150 1014 3260 1052 non
3310 1005 3463 1051 tanta

1891 1112 2133 1172 tempore
2163 1101 2312 1169 pacis
2341 1099 2490 1153 cordi
2525 1111 2648 1152 meo
2684 1094 2877 1150 ﬁducia
2908 1095 3068 1157 inest,
3098 1100 3299 1160 quanta
3327 1098 3466 1142 tem-

1893 1209 2024 1265 pore
2055 1184 2466 1262 persecutionis.
2501 1187 2727 1242 Conlido
2754 1185 2971 1255 quippe,
2999 1195 3086 1236 me
3113 1195 3212 1251 pro
3243 1177 3465 1234 Christo

1893 1285 2220 1356 patientem,
2276 1290 2439 1352 atque
2490 1280 2612 1348 ejus
2673 1273 3046 1332 misericordia
3110 1270 3465 1334 roboratum,

1893 1376 2109 1432 etiamsi
2153 1375 2392 1441 occidar,
2425 1373 2598 1431 multo
2628 1369 2893 1440 majorem
2939 1362 3368 1420 misericordiam
3398 1359 3468 1422 ab

1894 1485 1961 1524 eo
2007 1476 2450 1524 consecuturum.
2498 1463 2625 1519 Haec
2667 1461 2834 1517 verba
2883 1457 3116 1515 necdum
3162 1454 3470 1530 compleve-

1895 1574 2036 1625 ram,
2086 1573 2208 1613 cum
2244 1555 2563 1611 Theodorus
2601 1553 2853 1607 abbatem
2905 1550 3258 1613 Pammonem
3301 1541 3470 1598 intui-

1897 1657 2007 1715 tus,
2036 1647 2262 1704 subrisit
2289 1664 2304 1701 :
2332 1656 2388 1703 et
2418 1662 2542 1701 cum
2574 1659 2712 1720 pene
2737 1642 3001 1698 arrideret
3025 1639 3194 1694 abbas
3222 1635 3469 1699 Pammo,

216 1717 448 1814 γοντος;
488 1740 596 1816 ἄρα
645 1717 844 1807 δειλίας
895 1761 996 1814 μου
1023 1717 1383 1810 Ἵκατέγνωτες
1435 1717 1707 1809 Θεόδωρος
1737 1736 1796 1791 δὲ

1897 1739 2060 1807 Quid,
2097 1741 2352 1810 inquam,
2395 1752 2485 1793 me
2521 1717 2627 1793 ista
2668 1737 2976 1807 loquentem
3011 1731 3242 1786 ridetis:
3277 1743 3347 1782 an
3383 1741 3473 1780 me

218 1840 360 1911 πρὸς
387 1837 530 1892 ecca
549 1838 834 1908 Πάμμωνα
862 1835 986 1907 ἔφη·
1015 1834 1150 1889 Εἰπὲ
1182 1833 1328 1904 αὐτῷ
1356 1831 1446 1886 διὰ
1481 1831 1532 1884 τί
1559 1827 1798 1902 ὲμειδιά-

220 1947 415 2001 σαμεν.
463 1931 571 1982 Καὶ
625 1928 771 1982 esse
817 1927 1124 1998 Πάμμωνος
1167 1924 1448 1990 εἰπόντος,
1504 1922 1575 1974 Σὺ
1624 1923 1799 1974 εἰπεῖν

221 2023 478 2092 ὀφείλεις,
503 2021 776 2092 Θεόδωρος
801 2021 923 2090 ἔφη·
953 2017 1139 2092 Ταύτῃ
1163 2020 1228 2089 τῇ
1251 2015 1371 2088 ὥρᾳ
1393 2012 1632 2089 ἀνῃρέθη
1671 2014 1800 2066 Ἰου-

220 2115 405 2178 λιανὸς
453 2115 511 2167 ὲν
551 2112 772 2184 Περσίδι
798 2127 810 2140 ο
862 2111 1181 2182 προειρήκει
1233 2107 1344 2180 γὰρ
1391 2103 1523 2174 περὶ
1564 2102 1729 2158 αὐτοῦ
1770 2102 1800 2154 6

221 2207 358 2269 Θεὸς
411 2205 602 2268 οὕτως·
661 2205 715 2256 Ὁ
769 2201 837 2256 δὲ
877 2202 1278 2270 κατοιόμενος,
1320 2193 1797 2265 καταφρονητὴς,

223 2297 381 2367 ἀνὴρ
411 2296 644 2358 ἀλαζὼν
675 2295 854 2350 οὐδὲν
890 2296 962 2348 οὐ
985 2292 1072 2364 μὴ
1101 2288 1364 2359 «sparsi.
1411 2287 1803 2357 Ἀναστήσεται

224 2390 284 2443 δὲ
330 2388 581 2460 βασιλεὺς
624 2385 964 2458 Χριστιανὸς,
1010 2383 1157 2445 ὅστις
1182 2377 1432 2451 λαμπρὸς
1468 2378 1587 2448 μὲν,
1621 2374 1798 2444 ὀλιγόο

225 2485 343 2548 ὄιος
389 2483 446 2536 δὲ
490 2482 662 2536 ἔσται.
715 2478 808 2532 Διὸ
859 2478 958 2531 οὐκ
997 2474 1230 2544 ὀφείλεις
1280 2470 1372 2524 ἐπὶ
1416 2469 1516 2540 τὴν
1563 2466 1804 2538 Θηϐαΐδα

227 2577 588 2647 σκυλλόμενος
618 2572 888 2638 ἀπελθεῖν,
929 2568 1041 2623 ἀλλ’
1088 2569 1167 2632 είς
1196 2565 1286 2619 τὸν
1318 2562 1611 2635 κομιτάτον
1646 2560 1804 2630 λελη-

226 2667 397 2730 θότως
427 2664 697 2736 γενέσθαι·
749 2659 1008 2732 συντεύξῃ
1040 2658 1150 2729 γὰρ
1191 2653 1339 2725 αὑτῷ
1385 2653 1505 2706 καθ’
1531 2652 1678 2716 ὁδὸν,
1710 2651 1806 2704 καὶ

227 2759 469 2830 γνησίως
515 2755 827 2826 ὑποδεχθεὶς
864 2753 992 2824 παρ’
1039 2746 1237 2812 αὐτοῦ,
1271 2743 1556 2815 ἐπανήξεις
1597 2744 1677 2806 είς
1707 2741 1807 2812 τὴν

243 2850 588 2921 Ἐκκλησίαν.
620 2847 730 2902 Καὶ
758 2844 930 2909 οὕτως
959 2845 1164 2905 ἐκεῖνος
1189 2839 1374 2910 τάχιον
1404 2837 1511 2890 ὑπὸ
1548 2834 1641 2888 τοῦ
1670 2831 1806 2887 Θεοῦ

231 2942 694 3015 προληφθήσεται.
736 2937 848 2990 Καὶ
886 2935 1107 3004 γέγονεν
1148 2931 1340 2994 οὕτως.
1371 2928 1532 2983 Ὅθεν
1569 2923 1808 2978 πιστεύω

233 3035 463 3097 πολλοὺς
502 3028 924 3102 εὐαρεστοῦντας
971 3025 1051 3096 τῷ
1087 3023 1206 3096 Θεῷ
1242 3023 1302 3079 ὲν
1332 3024 1443 3085 τοῖς
1490 3017 1810 3090 μονάζουσιν

237 3128 473 3198 μάλιστα
505 3126 858 3198 κρύπτεσθαιο
884 3121 1122 3176 κάκεῖνοι
1142 3118 1251 3189 γὰρ
1276 3115 1626 3175 λανθάνοντες
1644 3105 1804 3182 ἦσαν,

233 3220 425 3291 ὥσπερ
457 3219 550 3272 καὶ⁸
577 3219 606 3270 6
635 3215 901 3288 μακάριος
931 3211 1149 3283 Ἀμοῦν,
1175 3209 1270 3263 καὶ
1300 3209 1329 3260 6
1352 3206 1505 3275 ἆγιος
1537 3202 1807 3274 Θεόδωρος

237 3315 296 3366 ἐν
324 3311 404 3381 τῷ
429 3310 542 3382 ὄρει
566 3309 665 3379 τῆς
691 3306 936 3378 Νιτρίας,
971 3305 1064 3358 καὶ
1092 3298 1328 3373 δδοῦλος
1364 3297 1456 3370 τοῦ
1500 3293 1637 3350 Θεοῦ
1665 3295 1693 3347 6
1721 3292 1826 3349 εὐ-.

236 3419 309 3480 In
318 3404 536 3474 ρότατος
575 3401 842 3481 Πάμμων,

313 3539 361 3572 ’⁸
391 3535 664 3602 Habacuc,
696 3552 755 3602 ll,
791 3535 842 3589 5.

1899 1832 2199 1887 timiditatis
2233 1830 2500 1902 arguitis?
2531 1831 2670 1884 Tum
2719 1828 2787 1883 ad
2835 1825 3190 1880 Pammonem
3220 1819 3473 1874 Theodo-

1899 1939 1994 1978 rus
2032 1941 2045 1978 :
2080 1921 2178 1978 Dic
2205 1922 2304 1988 illi,
2341 1922 2433 1988 ait,
2467 1936 2588 1992 qua:
2623 1920 2694 1976 sit
2727 1917 2887 1973 nobis
2914 1929 3081 1971 causa
3109 1911 3336 1967 ridendi.
3365 1908 3473 1965 Re-

1897 2023 2130 2084 ponente
2177 2013 2474 2067 Pammone
2531 2011 2723 2066 abbate
2764 2028 2778 2064 :
2821 2008 2997 2062 Tuum
3053 2003 3188 2060 illud
3243 2011 3356 2066 est,
3397 2001 3476 2054 ait

1900 2103 2253 2159 Theodorus:
2283 2101 2396 2158 Hac
2435 2103 2551 2172 ipsa
2592 2101 2725 2155 hora
2751 2101 2808 2153 in
2841 2095 3061 2153 Perside
3101 2092 3353 2148 Julianus
3378 2105 3475 2144 oc-

1900 2197 2050 2254 cisus
2077 2207 2182 2260 est.
2207 2207 2270 2252 ut
2294 2197 2363 2252 de
2394 2195 2488 2250 illo
2503 2194 2828 2265 praedixerat
2854 2190 2997 2246 Deus
3023 2205 3038 2242 :
3075 2190 3344 2256 Arrogans
3369 2184 3474 2252 uir,

1901 2300 2226 2360 contemptor
2270 2299 2322 2343 et
2369 2287 2621 2358 superbus
2685 2284 2817 2338 nihil
2878 2281 3110 2352 perﬁciet
3159 2281 3226 2333 ".
3279 2275 3478 2346 Surget

1904 2392 2084 2438 autem
2119 2382 2465 2438 Christianus
2508 2381 2834 2450 imperator,
2869 2375 2962 2446 qui
3003 2373 3299 2444 praeclarus
3347 2369 3474 2438 qui-

1904 2475 2047 2542 dem,
2096 2475 2191 2530 sed
2238 2472 2504 2529 brevioris
2535 2473 2660 2526 vita:
2704 2469 2922 2524 futurus
2960 2475 3062 2521 est.
3093 2463 3274 2530 Quare
3318 2476 3388 2515 ne
3420 2461 3478 2513 in

1906 2565 2236 2622 Thebaidem
2268 2567 2552 2627 ascendas,
2585 2578 2685 2618 nec
2713 2561 3017 2631 defatigcre
3045 2575 3059 2611 :
3099 2556 3194 2612 sed
3221 2555 3275 2609 in
3302 2552 3478 2608 comi-

1905 2666 2078 2714 tatum
2125 2660 2266 2716 clam
2312 2667 2364 2714 te
2411 2655 2616 2722 confer,
2664 2669 2825 2726 quem
2879 2655 2935 2708 in
2980 2653 3172 2706 itinere
3212 2645 3479 2709 oﬂendes,

1908 2761 2071 2822 atque
2111 2751 2180 2806 ab
2228 2751 2320 2805 illo
2352 2747 2759 2820 perhumaniter
2785 2754 3062 2814 exceptus,
3094 2741 3149 2795 in
3181 2736 3483 2794 Ecclesiam

1909 2842 2249 2913 remigrabis.
2281 2841 2457 2910 Atque
2480 2838 2569 2893 ille
2587 2837 2749 2892 citius
2777 2851 2809 2890 a
2839 2835 2949 2889 Deo
2976 2849 3038 2888 ex
3075 2833 3179 2886 hac
3205 2828 3484 2883 auferetur

1909 2933 2038 2988 vita.
2069 2931 2225 3000 Quod
2251 2932 2326 2986 ita
2352 2929 2600 3000 contigit.
2627 2925 2992 2994 Quamobrem
3025 2925 3257 2980 arbitror
3289 2933 3484 2991 quam-

1911 3024 2174 3096 plurimos
2204 3023 2258 3077 in
2293 3021 2695 3076 monachorum'
2719 3017 2962 3072 maxime
2999 3015 3232 3072 coetibus
3261 3010 3540 3067 latuisse"

1914 3116 2026 3174 Deo
2060 3115 2469 3184 acceptissimos
2509 3112 2777 3176 homines,
2816 3107 3122 3179 cuiusmodi
3163 3105 3268 3161 fuit
3293 3105 3486 3159 beatus

1913 3206 2114 3272 Amun,
2164 3214 2219 3260 et
2263 3211 2485 3259 sanctus
2519 3200 2838 3257 Theodorus
2875 3199 2933 3253 in
2980 3205 3165 3252 monte
3199 3192 3406 3257 Nitriae,
3432 3200 3488 3247 et

1915 3311 2104 3364 servus
2129 3294 2222 3350 Dei
2251 3293 2533 3364 felicisque
2557 3291 2852 3352 senectutis
2874 3287 3120 3344 Pummo.

249 3658 3466 3718 ____________________________._.___.___———..

881 3841 987 3921 ΙΝ,
1016 3836 1320 3901 LIBRUM
1381 3827 1825 3894 ATHANASII
1896 3821 2380 3899 SEQUENTEM
2437 3814 2926 3881 ADMONITIO.
3000 3798 3007 3806 ’

325 4189 364 4246 Ιῖ
397 4187 570 4252 Quam
601 4184 745 4239 uarie
788 4183 842 4236 in
873 4177 1243 4246 manuscriptis
1273 4180 1634 4242 nuncupatum
1677 4167 1856 4238 fuerit.
1882 4165 1977 4218 hoc
2025 4161 2357 4232 opusculum,
2389 4159 2446 4211 in
2496 4164 2622 4210 nota
2674 4153 2897 4224 inferius
2945 4151 3119 4222 posita
3163 4165 3370 4204 cemere
3394 4159 3495 4205 at.

256 4281 578 4338 Parisiensis
617 4287 794 4333 autem
824 4275 1008 4338 editio,
1047 4281 1097 4328 et
1131 4270 1332 4325 codices
1378 4265 1640 4331 nonnulli,
1671 4271 1788 4333 post

1897 4260 2003 4324 rba,
2029 4258 2125 4312 καὶ⁹
2157 4256 2299 4310 κατὰ
2347 4249 2660 4325 Ἀρειανῶν,
2687 4249 2797 4303 hinc
2833 4247 3114 4318 adjiciunt,
3149 4245 3243 4298 καὶ
3287 4242 3502 4298 ’Λπολι-

253 4377 472 4448 ναρίου,
503 4375 592 4429 sed
639 4385 933 4441 perperam,
972 4377 1031 4422 ut
1077 4382 1141 4422 ea:
1169 4365 1380 4435 pptimis
1413 4360 1678 4428 codicibus
1709 4357 2044 4429 perspicuum
2080 4363 2178 4416 est,
2223 4361 2272 4406 et
2307 4361 2363 4404 ut
2387 4350 2504 4419 jam
2538 4346 2740 4415 pridem
2774 4343 3038 4398 advertere
3070 4343 3172 4397 uiri
3207 4339 3501 4394 eruditione

255 4437 599 4526 celeberrimi.
641 4437 808 4520 Nihil
856 4465 1044 4536 quippe
1093 4460 1342 4514 adversus
1379 4455 1770 4526 Apollinarium
1819 4453 1902 4504 hic
1951 4451 2148 4519 agitur,
2177 4447 2266 4500 sed
2302 4447 2577 4499 Auomaeos
2607 4450 2656 4495 et
2697 4437 3204 4495 Pneumatomachos
3237 4444 3502 4506 oppugnat

254 4561 582 4617 Athanasius
613 4575 630 4614 :
659 4572 819 4628 quare
854 4570 918 4609 ea:
941 4553 1387 4607 editionenostra
1417 4547 1471 4600 id
1498 4540 1980 4612 expungereuisum
2009 4547 2108 4591 est.

328 4655 398 4710 ll.
427 4653 584 4707 Hunc
625 4615 782 4720 phrro
821 4649 1012 4702 librum
1053 4643 1348 4697 Athanasio
1380 4637 1687 4708 abjudicant
1737 4633 1840 4689 uiri
1881 4641 2058 4685 nostra
2103 4646 2210 4684 avo
2239 4626 2553 4689 doctissimi,
2594 4625 2842 4693 aiuntque
2872 4635 3131 4690 nusquam
3158 4615 3509 4672 Athanasium

260 4763 365 4806 tres
405 4751 711 4818 hypostases
742 4756 1079 4806 memorasse,
1111 4751 1334 4808 quarum
1362 4707 1534 4787 tamen
1579 4733 1676 4784 hoc
1715 4731 1769 4783 in
1799 4727 1935 4782 libro
1987 4726 2180 4778 mentio
2211 4723 2455 4784 habetur,
2489 4735 2630 4773 num.
2668 4717 2756 4771 10.
2789 4714 2906 4770 Imo
2939 4720 3126 4785 putant
3154 4711 3316 4764 iidem
3343 4707 3509 4778 Apol-

259 4801 844 4902 linariowhwrcsiarchte
877 4837 974 4890 hoc
1010 4801 1139 4902 opus
1168 4847 1279 4887 esse
1305 4827 1694 4892 ascribendum,
1731 4822 1801 4892 leg

1897 4821 2104 4884 lumque
2135 4819 2190 4870 in
2227 4815 2407 4880 titulo,
2435 4812 2556 4879 Τοῦι
2579 4808 2977 4883 Ἀπολιναρίου,
3007 4821 3132 4868 non,
3165 4801 3325 4857 Κατὰ
3351 4803 3512 4855 Ἀπο-

257 4935 522 5007 λιναρίου,
551 4943 610 4986 ut
637 4933 691 4985 in
718 4931 865 5000 prius
896 4926 1053 4982 editis
1079 4924 1290 4994 legitur,
1322 4935 1479 4991 quam
1507 4915 1818 4971 sententiam
1853 4913 1932 4965 his
1973 4924 2204 4964 asserere
2239 4908 2490 4967 nituntur,
2509 4903 2829 4974 argumentis
2854 4917 2869 4955 :
2902 4901 2953 4952 1°
2976 4895 3128 4962 Quod
3157 4911 3281 4949 caro
3311 4892 3510 4948 Christi

259 5030 348 5083 hic
383 4988 592 5098 .passim
625 5041 721 5094 pro
753 5023 865 5093 ejus
905 5019 1236 5074 humanitate
1284 4988 1586 5083 usurpetur,
1616 5012 1697 5063 ita
1725 5017 1784 5062 ut
1815 5009 2048 5061 humana
2091 5019 2234 5056 mens
2279 5002 2354 5055 sic
2397 4999 2607 5054 excludi
2632 4999 2892 5059 videatur,
2920 5009 3079 5064 quam
3104 4992 3272 5045 inesse
3299 4988 3512 5043 Christo

262 5083 482 5190 negahat
512 5083 911 5186 Apollinarius;
942 5110 1000 5163 2ο
1032 5107 1314 5174 Quoduox
1346 5102 1684 5175 σαρκοφόρος
1715 5095 2112 5168 Apollinaristis
2146 5091 2592 5164 familiarissima,
2627 5090 2722 5142 hoc
2756 5089 2814 5140 in
2842 5101 2991 5155 opere
3020 5099 3118 5137 usu
3141 5083 3333 5136 ueniat.

337 5174 422 5266 ίιι.
453 5174 626 5275 Quam
649 5206 804 5270 leuia,
843 5174 1001 5275 quam
1031 5201 1180 5256 nulla
1205 5201 1314 5253 haec
1351 5174 1488 5263 sint,
1523 5194 1681 5265 facile
1710 5198 2178 5246 commonstratur.
2207 5183 2393 5238 Primo
2428 5183 2567 5237 enim
2593 5182 2897 5251 hypostases
2938 5177 3076 5249 quod
3120 5185 3340 5245 spectat,
3373 5174 3513 5228 haud

262 5307 423 5364 semel
459 5273 571 5361 illic
598 5303 739 5373 apud
768 5273 1123 5357 Athanasium
1172 5301 1494 5364 comparent.
1538 5290 1628 5346 Sic
1659 5307 1713 5359 p.
1763 5289 1801 5342 8η

1897 5287 1935 5341 le
1966 5294 2198 5351 quatuor
2240 5281 2560 5336 animalibus
2605 5280 2683 5331 ait
2713 5294 2732 5332 :
2757 5277 2867 5340 Τὰς
2897 5277 3047 5347 τρεῖς
3078 5273 3406 5337 ὑποστάσεις
3431 5289 3516 5325 τε-

261 5403 416 5464 λείας
442 5363 724 5453 δεικνύντα
757 5395 924 5449 ἑστίν.
958 5393 1093 5448 Tres
1116 5392 1438 5462 hypostases
1463 5384 1735 5457 perfectas
1768 5381 1801 5436 d

1897 5388 2048 5434 nant.
2083 5377 2150 5432 In
2178 5374 2531 5445 Expositione
2567 5381 2744 5425 autem
2774 5368 2916 5434 ﬁdei,
2949 5383 3052 5421 non
3077 5383 3187 5421 esse
3224 5367 3300 5420 ait
3337 5365 3390 5418 in
3415 5363 3517 5416 Deo

266 5507 372 5548 tres
407 5495 712 5562 hypostases
747 5492 884 5543 inter
928 5503 981 5541 se
1025 5455 1242 5548 divisas,
1279 5455 1784 5552 διαμεμερισμένας

1897 5473 1990 5526 ηἱιι
2027 5481 2167 5526 tomo
2218 5465 2596 5522 Alexandrinm
2643 5460 2860 5531 synodi,
2907 5459 3014 5513 ha’c
3057 5457 3301 5526 loquendi
3348 5455 3517 5523 ratio,

341 5673 451 5743 (‘28)
483 5670 653 5742 Lege,
692 5664 1214 5740 παραμυθουμένου,
1264 5657 1464 5726 ἔλεγον.
1518 5655 1615 5712 Hic
1666 5653 1801 5709 delic

1897 5657 2060 5706 estus
2088 5647 2323 5704 Graecus.

3593 2977 3722 3010 καθ’,
