3810 6228
370 236 472 292 935
970 227 1026 290 S.
1073 233 1449 290 ATHANASII
1481 210 1630 291 OPP.
1671 237 1854 293 PARS
1889 237 1930 292 l.
1973 269 2041 280 —-
2079 239 2450 296 HISTORICA
2493 242 2582 298 ET
2623 231 3051 304 DOGMATICA.
3517 251 3660 307 984

368 353 517 422 τρεῖς
550 353 891 417 ὑποστάσεις,
924 371 1058 408 sana
1085 364 1134 407 et
1172 355 1466 411 orthodoxa
1498 358 1822 414 declaratur.
1855 359 2032 424 Quare
2061 376 2126 415 ea:
2157 364 2460 417 memoratis
2487 364 2582 419 hoc
2609 366 2664 419 in
2687 383 2836 437 opere
2873 367 3260 438 hypostasibus,
3299 383 3363 422 ne
3388 370 3658 422 minima

367 446 577 515 quidem
613 446 823 511 νοθείας
849 448 1097 517 suspicio.

435 534 526 589 ιν.
559 536 765 591 Minore
800 539 969 592 adhuc
1003 542 1209 611 negotio
1239 545 1468 597 solvetur
1491 543 1631 614 quod
1658 545 1890 614 aﬂ'erunt
1919 546 1988 599 ad
2014 547 2151 601 hunc
2191 548 2386 602 librum
2416 550 2746 619 Apollinario
2778 553 3165 617 ascribendum,
3193 569 3373 622 nempe
3396 567 3653 606 carnem

372 627 570 682 Christi
615 631 898 698 sepissime
939 647 1034 700 pro
1084 633 1414 687 humanitate
1457 635 1570 704 ejus
1607 636 1693 688 hic
1737 637 2009 705 usurpari.
2052 635 2196 702 Quid
2223 640 2363 691 enim
2394 639 2715 710 frequentius
2762 644 3020 712 ejusmodi
3043 643 3382 712 synecdoche,
3415 651 3541 694 tum
3581 642 3654 696 in

373 721 682 789 Scripturis,
721 732 832 774 tum
860 723 1000 790 apud
1033 722 1240 787 Patres,
1268 733 1316 778 et
1349 726 1517 793 ipsum
1549 743 1752 796 quoque
1778 727 2170 784 Athanasium?
2206 728 2550 800 Nequaquam
2581 749 2709 816 opus
2735 744 2808 814 est
2842 743 2898 786 ut
2926 735 2981 787 in
3011 733 3259 802 exemplis
3290 734 3647 803 opponendis

366 819 722 881 immoremur,
751 819 805 871 in
844 835 898 872 re
941 836 1066 873 sane
1091 821 1447 890 apertissima.
1483 821 1636 886 Quod
1669 823 1739 876 ad
1776 839 1950 877 vocem
1981 825 2316 896 σαρκοφόρος
2347 827 2568 891 attinet,
2599 829 2828 897 fatemur
2859 846 2920 882 ea
2948 846 3068 882 usos
3099 829 3261 898 fuisse
3290 828 3649 898 Apollinari-

364 924 495 974 stos,
525 922 581 964 ut
610 923 835 967 testatur
861 912 1143 985 Gregorius
1179 915 1574 981 Nazianzenus,
1606 928 1746 972 orat.
1782 917 1871 986 54,
1897 936 1951 989 p.
1987 919 2112 986 748,
2147 937 2238 974 nec
2271 923 2392 975 inde
2439 932 2614 976 tamen
2649 924 2925 992 conﬁcitur
2948 941 3063 978 eam
3092 922 3169 976 vel
3197 930 3500 990 suspectam
3551 919 3646 972 vel

361 1003 679 1070 prohibitam
711 1006 1022 1074 fuisse:illa
1047 1009 1231 1077 quippe
1255 1017 1380 1061 sunt
1416 1011 1499 1062 nsi
1529 1007 1630 1063 SS.
1669 1009 1852 1063 Patres
1882 1025 1900 1063 :
1930 1008 2175 1081 Ignatius
2210 1011 2380 1083 Epist.
2406 1012 2474 1067 ad
2507 1012 2836 1084 Smyrnaaos,
2868 1031 2912 1066 c.
2937 1014 2998 1078 5;
3028 1013 3117 1066 ubi
3148 1015 3224 1066 ait
3250 1011 3644 1080 blasphemare

362 1099 452 1166 qni
485 1097 763 1151 Dominum
796 1115 896 1152 non
927 1099 1162 1169 fatentur
1198 1101 1530 1172 σαρκοφόρον
1551 1118 1564 1132 ·
1598 1099 1836 1155 Clemens

2135 1117 2256 1157 'om.
2286 1119 2340 1168 γ,
2368 1120 2419 1172 ρ.
2444 1103 2566 1168 562,
2593 1103 2923 1174 σαρκοφόρος
2951 1103 3237 1173 γενόμενος
3271 1104 3299 1155 ὁ
3335 1102 3542 1168 Λόγος,
3579 1109 3639 1154 et

363 1190 644 1262 Pedagog.
680 1209 763 1259 Ill,
798 1211 851 1262 ρ.
879 1194 1005 1259 215,
1039 1197 1446 1267 σαρκοφορῆσαι
1474 1195 1565 1248 τὸν
1593 1195 1784 1264 Λόγον.
1807 1194 1867 1248 ιλιι

2133 1198 2274 1261 item,
2305 1197 2382 1251 vel
2413 1199 2459 1250 si
2489 1179 2608 1268 quis
2637 1197 2794 1260 alius,
2831 1195 2904 1250 De
2940 1197 3046 1250 ﬁne
3075 1194 3281 1261 mundi,
3306 1195 3369 1248 de
3398 1194 3637 1246 Christo

364 1283 597 1353 loquens,
649 1285 985 1356 σαρκοφόρον
1027 1296 1314 1353 nuncupat,
1345 1296 1404 1341 ut
1446 1298 1496 1341 et
1522 1287 1902 1342 Constantinus
1930 1287 2009 1342 Μ.
2049 1288 2107 1341 in
2139 1287 2290 1342 Orat.
2321 1289 2402 1342 Ad
2435 1305 2649 1343 sacrum
2681 1298 2902 1351 caelum,
2931 1303 2995 1341 ea:
3029 1286 3251 1356 Sibylla.
3288 1284 3458 1355 696
3495 1283 3637 1337 Ima

363 1380 473 1445 ipse
507 1377 831 1432 Athanasius
858 1379 976 1433 licet
1002 1396 1120 1434 voce
1151 1380 1489 1453 σαρκοφόρος
1517 1381 1653 1434 alias
1680 1397 1780 1434 non
1815 1382 1862 1434 si

2129 1382 2518 1450 requentissime
2551 1390 2725 1433 tamen
2757 1381 2831 1433 ait
2863 1380 3130 1433 Christum
3158 1377 3333 1447 σάρκα
3361 1375 3633 1447 φορέσαι,

363 1475 502 1542 quod
547 1474 684 1527 idem
726 1474 886 1543 ferme
937 1485 1110 1540 sonat,
1147 1477 1287 1530 idem
1332 1493 1547 1547 prorsus
1581 1477 1847 1546 signiﬁcat
1879 1490 1899 1529 :
1927 1477 2004 1530 sic
2049 1493 2211 1546 supra
2241 1477 2295 1530 in
2331 1475 2453 1530 Vita
2501 1476 2746 1541 Antonii,
2793 1491 2937 1528 num.
2970 1473 3023 1538 5,
3054 1482 3101 1526 et
3138 1473 3267 1525 alibi
3298 1471 3631 1541 sepissime.

304 1539 322 1561 ’
366 1539 465 1618 llis
504 1565 659 1629 adde,
695 1539 962 1620 Christum
990 1539 1103 1621 dici
1130 1567 1188 1621 in
1215 1567 1312 1621 hoc
1332 1539 1798 1638 'opusculo,'ttu'm.
1838 1566 1892 1632 8,
1927 1539 2203 1622 hominem
2237 1567 2461 1632 τέλειον,
2493 1567 2548 1620 id
2587 1579 2662 1621 est
2693 1539 3008 1638 perfectum,
3031 1564 3168 1635 quod
3195 1563 3260 1616 ab
3289 1539 3634 1631 Apollinarii

364 1662 623 1713 sentcntia
656 1672 910 1730 quantum
933 1662 1232 1730 abhorreat,
1273 1679 1422 1716 nemo
1449 1664 1636 1717 nescit.
1679 1661 1816 1716 Item
1850 1679 1996 1718 num.
2029 1664 2088 1717 Η
2129 1663 2330 1716 dicitur
2359 1661 2630 1717 Christum
2660 1663 2716 1716 in
2743 1663 2981 1716 omnibus
3011 1659 3158 1713 nobis
3187 1657 3410 1710 similem
3445 1656 3634 1723 fuisse

364 1767 574 1824 excepto
603 1766 836 1824 peccato,
860 1767 909 1811 et
938 1758 1067 1812 alibi
1103 1758 1236 1811 duas
1265 1759 1321 1812 in
1355 1755 1566 1812 Christo
1604 1774 1715 1812 esse
1748 1759 2065 1823 voluntates,
2091 1759 2328 1814 divinam
2356 1756 2556 1812 scilicet
2583 1766 2631 1812 et
2657 1756 2963 1820 humanam,
2993 1770 3108 1824 que
3137 1751 3422 1806 admodum
3457 1765 3635 1816 repu—

366 1865 525 1920 gnant
553 1853 1057 1920 Apollinaristarum
1086 1853 1292 1908 heresi.

439 1947 498 2000 V.
545 1947 810 2001 Preterea
849 1948 1130 2002 Athanasii
1175 1965 1285 2003 esse
1315 1949 1687 2018 comprobatur
1715 1950 1801 2004 hic
1831 1949 1962 2004 liber
1992 1949 2303 2003 Theodoreti
2331 1958 2380 2003 et
2408 1947 2607 2003 Gelasii
2643 1947 2975 2008 testimoniis,
3003 1946 3093 2016 qui
3138 1942 3279 1996 haud
3307 1940 3468 1994 semel
3493 1940 3627 1994 loca

364 2042 486 2094 hinc
509 2053 752 2112 excerpta
777 2045 983 2097 nomine
1017 2045 1186 2098 citant
1213 2045 1518 2112 Athanasii,
1551 2054 1609 2098 ut
1631 2047 1742 2100 suis
1768 2046 1899 2099 locis
1930 2045 2268 2098 adnotamus.
2301 2044 2369 2098 Et
2399 2045 2516 2098 licet
2543 2045 2597 2098 in
2631 2053 2779 2097 tanta
2818 2044 3049 2096 locorum
3076 2038 3386 2107 Scripture,
3408 2046 3624 2106 quanta

364 2139 447 2192 hic
478 2141 796 2210 congeritur,
842 2139 1010 2205 silva,
1057 2142 1146 2196 vis
1177 2141 1458 2197 Athanasii
1494 2142 1663 2213 stylus
1707 2142 1995 2197 internosci
2033 2152 2220 2211 queat,
2259 2149 2493 2194 attamen
2535 2141 2582 2194 si
2625 2141 2742 2210 quis
2788 2137 2922 2191 hunc
2969 2134 3162 2190 librum
3209 2132 3442 2203 conferat
3490 2147 3622 2184 cum

363 2234 534 2303 Epist.
575 2237 598 2288 1
636 2245 688 2288 et
727 2236 761 2290 5
801 2236 867 2290 ad
900 2234 1278 2307 Serapionem,
1314 2247 1520 2292 tantam
1554 2237 1690 2291 inter
1727 2237 1820 2290 hos
1860 2245 2119 2290 tractatus
2171 2236 2518 2307 deprehendet
2565 2235 2905 2304 adinitatem,
2952 2241 3012 2286 ut
3053 2230 3292 2285 eamdem
3331 2227 3619 2298 utrobique

363 2328 645 2382 Athanasii
683 2347 898 2384 manum
939 2332 1084 2386 nullo
1127 2333 1332 2402 negotio
1365 2341 1637 2402 agnoscat.

434 2421 522 2474 Vl.
564 2421 736 2478 Porro
779 2425 902 2480 licet
942 2429 1219 2481 Anomeos
1260 2429 1593 2496 potissimum
1647 2428 1733 2482 hic
1787 2427 2070 2482 adoriatur
2120 2427 2345 2481 invictus
2392 2425 2547 2480 Verbi
2600 2425 2866 2495 defensor,
2907 2423 3180 2478 occasione
3223 2432 3394 2475 tamen
3439 2417 3618 2471 multa

362 2527 648 2582 pertractat
673 2519 798 2587 ﬁdei
836 2521 1086 2592 dogmata
1130 2537 1149 2576 :
1189 2523 1438 2575 nimirum
1475 2522 1539 2575 de
1581 2519 1814 2591 Spiritus
1854 2522 2027 2575 sancti
2077 2519 2312 2583 deitate,
2351 2520 2415 2574 de
2453 2519 2564 2589 ejus
2611 2535 2727 2571 cum
2787 2517 2951 2571 Patre
2992 2527 3040 2570 et
3085 2513 3226 2568 Filio
3281 2510 3613 2582 equalitote,

360 2610 425 2664 de
462 2614 789 2679 processione
831 2615 1066 2684 ejusdem
1118 2630 1183 2668 ex
1245 2613 1406 2668 Patre
1443 2623 1494 2668 et
1548 2613 1726 2679 Filio,
1772 2630 1892 2668 cum
1932 2617 2042 2679 ait,
2081 2612 2280 2668 Filium
2311 2614 2366 2668 in
2400 2612 2561 2666 Patre
2600 2612 2802 2666 fontem
2847 2625 2969 2666 esse
3014 2609 3246 2680 Spiritus
3288 2606 3499 2671 sancti;
3545 2605 3614 2658 de

365 2701 757 2769 Incarnatione,
799 2702 1055 2760 Passione
1099 2715 1148 2760 et
1191 2703 1631 2768 Resurrectione;
1693 2705 1758 2760 de
1794 2707 2010 2761 veritate
2050 2707 2284 2775 corporis
2317 2704 2516 2759 Christi
2556 2705 2613 2756 in
2660 2702 3001 2758 Eucharistia
3025 2743 3040 2768 ,
3081 2718 3201 2756 cum
3250 2702 3472 2770 afﬁrmat
3511 2716 3614 2755 nos

363 2812 576 2849 carnem
619 2795 834 2850 Domini
871 2813 1096 2861 sumere,
1145 2813 1262 2866 que
1302 2811 1367 2850 ea:
1411 2795 1617 2858 Spiritu
1673 2797 1970 2867 viviﬁcante
2029 2805 2278 2860 concepta
2331 2803 2446 2860 est;
2491 2803 2542 2848 et
2569 2793 2699 2852 alia
2738 2793 3022 2862 permulta,
3059 2808 3178 2863 que
3221 2791 3432 2845 lectoris
3476 2788 3612 2844 dili-

364 2888 552 2957 gentie
594 2888 916 2941 observanda
961 2887 1328 2957 relinquimus.

438 2979 547 3034 \‘il.
597 2979 860 3035 Ceterum
900 2981 1272 3036 Anomeorum
1314 2982 1630 3053 temporibus
1667 2981 1866 3035 editum
1907 2982 2006 3035 hoc
2046 2981 2357 3050 opusculum
2409 2979 2574 3049 fuisse
2616 2982 2964 3036 arbitramur.
3007 2979 3085 3034 De
3125 2994 3263 3032 anno
3301 2976 3434 3030 nihil
3489 2991 3610 3028 cer-

367 3083 520 3137 tum;
555 3075 824 3127 commode
863 3085 1040 3128 tamen
1081 3082 1198 3144 post
1240 3089 1438 3128 annum
1475 3074 1581 3129 565
1623 3075 1803 3143 reponi
1847 3090 1998 3144 posse
2040 3073 2327 3138 credimus,
2377 3089 2480 3143 quo
2530 3073 2878 3144 grassabatur
2917 3073 3130 3128 heresis
3168 3072 3286 3124 illa.

365 3415 666 3530 ΤΟΥ
743 3417 942 3530 ΕΝ
997 3413 1517 3531 ΑΓΙΟΙΣ
1574 3414 2184 3530 ΠΑΤΡΟΣ
2242 3416 2690 3533 ΗΜΩΝ
2731 3412 3609 3530 ΑΘΑΝΑΣΙΟΥ

1401 3637 1976 3692 ΑΡΧῘΕΠῘΣΚΟΠΟΥ
2016 3635 2538 3692 ΑΛΕΞΑΝΔΡΕΙΑΣ
2555 3677 2570 3702 ,

495 3793 678 3846 Περι
715 3771 854 3848 ras
908 3793 1308 3848 ΕΝΣΔΡΚΟΥ
1346 3794 1810 3850 ΕηιφΑΝειΑΣ
1865 3795 1999 3848 ror

1961 3795 2009 3848 Υ
2036 3795 2236 3848 ΘΕΟΥ
2283 3795 2546 3860 ΛΟΓΟΥ,
2573 3795 2706 3848 ΚΑΙ
2734 3794 2917 3849 ΚΑΤΑ
2940 3788 3465 3862 ΑΡΕΙΑΝΩΝζὲὓ).

1261 4124 1382 4238 S.
1468 4129 1598 4240 P.
1690 4130 1829 4239 N.
1923 4124 2712 4243 ATHANASII

1461 4346 1985 4404 ARCHIEPISCOPI
2021 4347 2511 4417 ALEXANDRLE,

809 4500 926 4562 DE
982 4500 1630 4565 INCARNATIONE
1694 4503 1837 4563 DEI
1900 4501 2342 4576 VERBI,ET
2393 4501 2725 4566 CONTRA
2779 4500 3164 4564 AR-IANOS.

440 4824 492 4878 1.
528 4821 632 4890 Qui
660 4819 812 4875 vafro
851 4827 906 4875 et
950 4835 1203 4891 perverse
1251 4821 1464 4877 divinas
1512 4822 1938 4893 interpretantur

2110 4824 2134 4876 1
2148 4865 2159 4877 .
2179 4825 2241 4878 Οἱ
2254 4821 2594 4892 κακοτέχνως
2608 4821 2707 4884 τὰς
2723 4820 2871 4884 θείας
2885 4819 3107 4892 Γραφᾶκ
3121 4819 3430 4890 βουλόμενοι
3445 4822 3594 4882 νοεῖν,

369 4911 700 4985 Scripturas,
731 4911 895 4968 verba
926 4927 1048 4984 qua:
1071 4913 1138 4969 de
1164 4912 1285 4967 Filii
1312 4911 1407 4969 Dei
1432 4915 1612 4983 inopia
1638 4913 1873 4969 secundu

2091 4916 2110 4970 ξ
2143 4913 2457 4988 ἀνθρώπινα
2489 4913 2601 4984 (50)
2648 4915 2865 4985 ῥήματα
2907 4912 3008 4981 τῆς
3059 4913 3329 4983 πτωχείας
3355 4913 3446 4964 τοῦ
3477 4914 3595 4966 Υἱοῦ

456 5113 809 5194 ἓ9λβοιςῳῳ-
831 5123 954 5194 post
983 5129 1186 5194 annum
1221 5112 1466 5194 ἧψε-ηε
1503 5114 1936 5194 legiturntitulus

2091 5113 2133 5194 τῦ
2184 5112 2548 5194 ⁸μονογξνοῦςῆ
2569 5113 2741 5193 Λόγοο
2805 5113 3264 5194 ὲνρθρωπῖήσξως
3319 5113 3441 5194 uol-
3468 5115 3595 5194 κτιτρ

363 5183 418 5254 i_n
445 5182 634 5250 Basil.,
668 5182 850 5238 Felck.
877 5185 910 5237 5
941 5184 1076 5254 etii,
1101 5192 1155 5238 et
1187 5185 1316 5240 edit.
1350 5182 1613 5238 Commél.
1641 5183 1781 5239 Edit.
1807 5200 1867 5239 ve

2088 5182 2479 5254 ὶποὶξλιναρίου.
2516 5182 2852 5251 Seguerian.,
2879 5182 2985 5236 Τοῦ
3026 5183 3188 5236 αὐτοῦ
3231 5183 3482 5253 περὶτῆς
3510 5185 3592 5237 τοῦ

364 5252 537 5309 Paris.
586 5265 706 5323 post
767 5253 1053 5335 ’Δρειανῶν
1111 5254 1290 5314 addit,
1363 5256 1456 5307 καὶ
1506 5254 1868 5325 Ἀπολλιναριε

364 5321 757 5378 'l‘heodorctus.
788 5324 917 5378 dial.
962 5325 1016 5378 5.
1043 5333 1202 5378 vocat
1227 5324 1393 5378 τόμον
1432 5323 1566 5378 πρὸς
1603 5324 1868 5378 Ἀρειανοιί

3457 5271 3478 5294 ς
3538 5274 3592 5290 ,ρ

2111 5322 2222 5378 (50)
2255 5321 2345 5378 Sic
2385 5337 2576 5377 omnes
2621 5338 2780 5378 πιες..
2807 5333 3000 5378 preter
3040 5322 3221 5378 Felt-k.

362 5321 757 5395 Iheodorctus.
788 5321 917 5380 dial.
962 5325 1016 5386 5,
1043 5333 1202 5395 uocat
1227 5324 1393 5395 τᾴμον
1432 5323 1566 5395 πρὸς
1603 5321 1866 5395 Ἀρεοαὺοε

2088 5321 2345 5395 _(50)_Sic
2385 5337 2576 5395 omnes
2621 5338 2780 5395 ζηες..
2807 5322 3221 5395 ρνφιθιὴᾞριιιιί.
3263 5321 3329 5387 5,
3359 5327 3449 5393 qui
3478 5339 3588 5377 cum

365 5391 603 5465 Felckm.
636 5394 692 5456 2,
725 5395 951 5465 ’Έτερος
1001 5391 1808 5465 τοῦ-αὐτοῦ’κατὰ’Ἃρείιάνῶκ
1840 5412 1869 5448 κ

2088 5391 2212 5465 litis
2231 5393 2411 5465 habet,
2432 5391 2796 5465 ὀξντικείμεγα.
2818 5393 2957 5465 Infra
2989 5393 3149 5465 iiden)
3174 5391 3389 5465 omnes,
3407 5396 3592 5465 συστῆ-

363 5462 476 5541 ὃσρι
503 5464 723 5544 Erigitur.
741 5463 808 5543 ea:
905 5465 1071 5544 pelou.
1088 5462 1396 5544 Anglican”
1422 5461 1679 5544 Περῖτῆς
1709 5481 1867 5544 novet.

2082 5481 2151 5516 an.
2172 5461 3059 5544 Felci's‘ni._5,_etedit_i,eus-cipiat.
3096 5464 3213 5517 Mox
3248 5464 3299 5516 in
3327 5461 3586 5544 omnibus,

361 5530 616 5620 νοῦς,τοῦ
647 5532 780 5585 Θεοῦ
814 5530 987 5602 Adfuit
1021 5530 1514 5658 ὲνανθρωπεὲσεως,
1537 5530 1679 5587 mea:
1711 5530 1865 5657 ’Ἄρεί

361 5602 453 5653 καὶ
515 5601 921 5658 Απολλιναοίου.
956 5603 1173 5658 Gobler.
1218 5613 1274 5658 et
1351 5604 1641 5658 elckn1.i.
1671 5603 1782 5658 Περ
1835 5622 1864 5656 τ

2085 5541 2267 5613 {cep-lo
2296 5531 2479 5589 Felck.
2507 5533 2539 5586 5
2565 5541 2616 5586 et
2644 5532 2827 5599 editis,
2874 5530 2969 5586 τοῦ
3011 5535 3163 5590 deest
3194 5542 3318 5589 ante
3344 5532 3589 5606 Χριστια-

2085 5620 2247 5658 ησμου.

360 5602 453 5653 καὶ
501 5600 921 5674 Ἀπολλιναρίουζ
956 5600 1196 5660 ΟοΜθπ
1218 5613 1274 5658 et
1309 5600 1544 5660 Felckm.
1579 5604 1641 5668 1,
1671 5600 1806 5675 Περὶ
1835 5622 1864 5656 τ

742 5600 921 5674 αρίουζ
956 5600 1196 5660 ϐοΜθτ.’
1218 5613 1274 5658 et
1309 5600 1544 5660 Felckm.
1579 5604 1641 5668 1,
1671 5600 1806 5675 Περὶ
1835 5606 1933 5674 τῆς
2037 5602 2246 5674 κλισμοῦ.
