3810 6228
219 346 322 402 985

1094 347 1182 402 DE
1225 345 1744 402 INCARNATlONE
1791 343 1874 399 ΕΤ
1927 343 2196 400 CONTRA
2237 342 2551 398 ARIANOS.

3349 335 3456 394 986

207 459 302 511 τοῦ
368 457 505 512 Θεοῦ
561 461 832 534 παράγειν
886 461 1163 531 βούλονται
1223 464 1360 534 πρὸς
1427 463 1488 518 τὸ
1526 461 1834 532 συστῆσαιλ

1893 461 2286 515 humanitatem
2314 460 2456 514 dicta
2489 466 2636 522 sunt,
2665 457 2731 514 ad
2764 455 3156 527 blasphemiam
3188 469 3340 510 suam
3374 469 3465 510 as-

205 549 308 620 τὴν
341 548 548 602 ἑαυτῶν
588 550 952 622 βλασφημίαν.
983 555 1140 607 Πᾶσα
1169 552 1226 605 δὲ
1256 552 1508 625 ἀκρίϐεια
1531 551 1625 604 τοῦ
1654 553 1789 624 Χρι-

212 639 528 710 στιανισμοῦ
574 642 632 693 ὲν
673 645 784 705 τοῖς
818 643 1055 698 εὐτελέσι
1095 646 1301 714 ῥήμασι
1332 643 1426 695 καὶ
1473 641 1790 713 πράγμασιν

209 728 540 801 εὑρίσκεται.
575 733 640 785 Ei
683 729 776 786 οὖν
821 733 1083 803 ἠδύναντο
1125 733 1341 788 ἀκούειν
1385 732 1479 786 τοῦ
1520 733 1788 806 μακαρίου

207 819 422 874 Παύλου
456 823 758 893 γράφοντος
786 825 922 896 πρὸς
954 826 1291 898 Κορινθίους·
1321 824 1655 879 Γινώσκετε
1681 824 1790 896 γὰρ

201 910 322 980 τὴν
352 911 529 980 χάριν
552 913 659 967 τοῦ
699 916 919 984 Κυρίου
948 917 1117 986 ἡμῶν
1161 917 1364 985 Ἰησοῦ
1395 917 1674 986 Χριστοῦ,
1701 917 1791 971 ὅτι

203 1003 281 1056 δι’
329 1003 489 1073 ἡμᾶς
532 1005 875 1077 ἐπτώχευσε
904 1011 1201 1076 πλούσιος
1227 1008 1332 1074 ὢν,
1376 1010 1475 1063 ἵνα
1513 1009 1685 1080 ἡμεῖς
1714 1007 1789 1079 τῇ

199 1094 443 1149 ἐκεινσυ
486 1099 746 1166 πτωχείᾳ
785 1099 1241 1169 πλουτήσωμεν·
1272 1101 1372 1154 οὐκ
1418 1100 1483 1154 ἄν
1525 1119 1654 1155 ποτε
1696 1103 1792 1155 ἁν-

201 1185 390 1255 όμοιον
418 1185 496 1256 τῷ
537 1187 711 1258 Πατρὶ
741 1187 832 1241 τὸν
873 1188 1002 1241 Υίὸν
1040 1189 1346 1260 ἐτόλμησαν
1391 1190 1584 1242 εἰπεῖν·
1632 1189 1789 1261 εῐπερ

200 1276 472 1346 ἔγνωσαν,
502 1279 585 1342 τίς
609 1281 636 1332 ὁ
659 1279 857 1351 τρόπος
876 1281 976 1352 τῆς
1001 1282 1274 1351 πτωχείας
1309 1280 1496 1344 αὐτοῦ,
1525 1281 1618 1334 καὶ
1651 1279 1732 1342 τίς
1755 1282 1788 1352 ἡ

200 1367 435 1438 δύναμις
466 1369 559 1421 τοῦ
595 1369 829 1441 σταυροῦ
863 1370 1044 1425 αὐτοῦ.
1073 1372 1234 1424 ’Ὅθεν
1260 1373 1354 1425 καὶ
1379 1372 1611 1442 ἀλλαχοῦ
1641 1371 1788 1441 λέγει

198 1461 231 1511 ὁ
269 1460 434 1522 αὐτὸς
461 1459 692 1524 Παῦλος·
725 1462 859 1517 "Ira
889 1462 1258 1532 ἐξισχύσητε
1289 1462 1648 1516 καταλαϐεῖν
1673 1463 1786 1533 (51)

198 1551 328 1605 σὺν
353 1552 503 1606 πᾶσι
534 1553 658 1619 τοῖς
682 1555 891 1622 ἁγίοις,
932 1556 992 1608 τί
1032 1555 1098 1608 τὸ
1145 1553 1394 1619 πλάτος,
1440 1555 1537 1608 καὶ
1567 1555 1785 1624 μῆκος,

196 1643 302 1696 καὶ
331 1642 544 1710 βάθος,
569 1645 669 1698 καὶ
703 1645 882 1714 ὕψος,
906 1645 1129 1715 γνῶναί
1156 1663 1222 1699 τε
1246 1645 1361 1714 τὴν
1378 1644 1790 1714 ὑπερϐάλλου-

194 1749 324 1787 σαν
351 1733 593 1802 ἀγάπην
621 1733 729 1803 τῆς
758 1735 1032 1805 γνώσεως
1062 1737 1167 1792 τοῦ
1202 1736 1481 1805 Χριστοῦ,
1505 1737 1608 1790 ἵνα
1633 1739 1787 1804 πλη-

1891 553 2172 607 serendam
2203 553 2525 622 detorquere
2556 559 2828 620 satagunt.
2863 549 2998 604 Tota
3027 560 3205 603 autem
3229 556 3282 602 et
3307 560 3467 602 accu-

1891 651 2009 696 rata
2040 642 2444 696 Christianismi
2477 641 2615 694 ratio
2643 641 2696 692 in
2733 639 3032 694 humilibus
3063 636 3220 691 dictis
3250 643 3305 689 et
3331 637 3466 689 acti-

1891 736 1995 790 bus
2028 735 2323 789 invenitur.
2356 735 2412 788 Si
2443 734 2605 804 igitur
2634 733 2942 802 potuissent
2982 731 3200 785 beatum
3233 728 3461 782 Paulum

1890 829 2079 882 audire
2127 827 2194 881 ad
2227 825 2542 881 Corinthios
2578 825 2902 879 scribentem
2939 841 2953 876 :
2993 821 3152 877 Scitis
3182 823 3318 875 enim
3343 836 3463 890 gra—

1892 921 2022 972 tiam
2069 917 2280 971 Domini
2332 917 2498 970 nostri
2540 913 2670 969 .Iesu
2713 915 2932 979 Christi,
2961 914 3210 985 quoniam
3250 922 3465 982 propter

1891 1025 1985 1063 nos
2019 1026 2205 1079 egenus
2240 1009 2415 1078 factus
2445 1017 2545 1072 est,
2578 1024 2696 1062 cum
2729 1017 2862 1060 esset
2890 1007 3050 1072 dives,
3080 1015 3137 1059 ut
3167 1005 3313 1059 illius
3349 1006 3466 1058 ino-

1888 1103 1981 1172 pia
2026 1119 2135 1156 nos.
2162 1103 2353 1155 divites
2401 1117 2628 1154 essemus
2673 1102 2760 1164 '9,‘
2810 1115 3088 1170 nunquam
3139 1099 3460 1154 dissimilem

1889 1191 2036 1246 Patri
2071 1192 2270 1246 Filium
2318 1192 2498 1246 dicere
2531 1191 2651 1245 ausi
2696 1189 2924 1245 fuissent
2954 1211 2967 1246 :
3012 1192 3056 1246 si
3086 1199 3263 1244 tamen
3295 1206 3464 1260 agno-

1889 1286 2120 1354 vissent,
2162 1286 2416 1355 quisnam
2463 1285 2659 1339 modus
2689 1284 2884 1354 inopiae
2934 1284 3072 1352 ejus,
3121 1292 3175 1336 et
3215 1298 3464 1352 quaenam

1887 1377 2064 1430 virtus
2098 1377 2279 1430 crucis
2305 1376 2444 1445 ejus.
2473 1372 2628 1429 Unde
2653 1384 2706 1430 et
2733 1376 2856 1429 alibi
2887 1373 3028 1428 idem
3060 1373 3262 1428 Paulus
3286 1374 3417 1427 dicit
3446 1389 3460 1426 :

1894 1463 1961 1519 Ut
1991 1465 2206 1534 possitis
2236 1464 2665 1533 comprehendere
2691 1482 2808 1518 cum
2842 1463 3082 1518 omnibus
3109 1465 3328 1525 sanctis,
3350 1480 3466 1533 qua:

1888 1558 1956 1610 sit
1999 1555 2226 1608 latitudo
2255 1565 2303 1608 et
2345 1553 2641 1624 longitudo,
2683 1564 2733 1608 et
2759 1555 3103 1623 profundum,
3137 1564 3186 1608 et
3221 1555 3465 1608 sublimi-

1891 1655 1993 1711 tas,
2031 1647 2165 1698 scire
2190 1646 2349 1699 etiam
2373 1646 2836 1714 supereminentem
2869 1647 3199 1700 dtlectionem
3231 1647 3468 1703 scicntia

1889 1735 2110 1802 Christi,
2142 1747 2198 1790 ut
2224 1736 2551 1806 impleamt'ni
2575 1739 2630 1790 in
2653 1754 2855 1791 omnem
2878 1738 3256 1808 plenitudinem
3278 1739 3374 1794 Dei
3397 1741 3462 1794 '°.

183 1822 428 1892 ρωθῆτε
459 1829 548 1892 εὶς
576 1825 701 1880 πᾶν
731 1826 798 1880 τὸ
838 1827 1129 1897 πλήρωμα
1166 1829 1273 1883 τοῦ
1302 1827 1472 1883 Θεοῦ.
1502 1827 1600 1881 Διὰ
1632 1827 1789 1880 τοῦτο
1821 1807 1834 1859 1

1891 1826 2069 1894 Quare
2109 1829 2164 1880 in
2201 1826 2320 1896 ejus
2365 1827 2545 1896 inopia
2594 1827 2822 1897 ejusque
2850 1807 3199 1898 passionibus
3239 1830 3464 1886 lidenter

197 1907 501 1985 ἐγγράφως
541 1917 600 1968 ὲν
631 1919 695 1988 τῇ
743 1919 985 1990 πτωχείᾳ
1012 1917 1176 1972 αὐτοῦ
1219 1919 1315 1972 καὶ
1357 1921 1470 1982 τοῖς
1501 1917 1786 1990 παθήμασι

196 2003 641 2075 παρρησιάζεται
672 2006 866 2075 λέγων·
910 2009 1064 2077 Ἐμοὶ
1096 2007 1165 2062 δὲ
1188 2009 1274 2079 μὴ
1305 2008 1535 2079 γένοιτο
1563 2008 1788 2078 καυχᾶ-

192 2099 376 2160 σθαι,
405 2098 459 2149 εί
487 2096 574 2165 μὴ
611 2098 680 2150 ἐν
722 2096 802 2162 τῷ
829 2094 1066 2166 σταυρῷ
1092 2099 1198 2153 τοῦ
1223 2101 1446 2167 Κυρίου
1472 2099 1641 2169 ἡμῶν
1676 2099 1788 2167 Ἰη-

192 2181 320 2236 σοῦ
369 2184 663 2252 Χριστοῦ,
711 2185 788 2240 δι’
832 2182 903 2242 οὗ
944 2187 1073 2255 ἐμοὶ
1116 2189 1347 2258 κόσμος
1399 2188 1783 2256 ἐσταύρωται,

189 2271 365 2342 ’κάγὼ
391 2272 472 2339 τῷ
513 2277 737 2344 κόσμῳ·
773 2277 867 2329 καὶ
897 2277 1058 2332 πάλιν
1087 2277 1221 2351 (52)⁹
1254 2279 1445 2334 Οὐδὲν
1471 2279 1675 2348 ἔκρινα
1705 2279 1786 2332 εί-

187 2359 368 2416 ἆέναι
397 2363 467 2416 ἐν
487 2365 651 2433 ὑμῖν,
675 2368 730 2419 εὶ
751 2366 836 2435 μὴ
871 2367 1116 2436 Ἰησοῦν
1138 2371 1413 2438 Χριστὸν,
1441 2371 1539 2424 καὶ
1569 2370 1788 2424 τοῦτον

197 2452 682 2524 ἐσταυρωμένον·
714 2457 830 2521 καὶ,
863 2460 932 2512 Et
961 2459 1254 2529 ἔγνωσαν,
1285 2463 1397 2515 οὐκ
1427 2459 1505 2513 ἂν
1534 2460 1642 2514 τὸν
1669 2461 1785 2514 Κύ-

181 2561 330 2613 ριον
379 2545 490 2614 τῆς
537 2546 720 2615 δόξης
762 2549 1172 2618 ἐσταύρωσαν.
1223 2552 1332 2604 Καὶ
1373 2550 1466 2604 νῦν
1512 2546 1684 2618 οὗτοι,
1735 2553 1784 2604 εί

191 2637 445 2706 ἔγνωσαν
476 2640 575 2703 τὰς
605 2639 754 2704 Θείας
780 2643 1024 2714 Γραφὰς,
1052 2643 1154 2697 οὐκ
1184 2644 1248 2697 ἂν
1286 2645 1376 2698 τὸν
1409 2645 1647 2716 Κτίστην
1675 2645 1784 2698 τῶν

192 2729 455 2783 ἁπάντων
488 2732 694 2803 κτίσμα
723 2734 756 2804 ἣ
781 2733 1169 2806 δημιούργημα
1203 2736 1590 2808 βλασφημῆσαι
1633 2737 1780 2789 ἐτόλ-

192 2837 402 2894 μησαν.
437 2823 752 2894 Παράγουσι
783 2828 893 2898 γὰρ
940 2829 1106 2898 ἡμῖν,
1141 2827 1422 2898 λέγοντες·
1461 2828 1588 2892 Πῶς
1623 2829 1783 2882 δύνα-

187 2931 286 2966 ται
317 2915 431 2985 (55)
458 2917 641 2986 ὅμοιος
660 2957 674 2982 ,
714 2917 748 2990 ἢ
779 2920 843 2972 ἐκ
871 2919 968 2990 τῆς
1005 2917 1100 2972 τοῦ
1148 2920 1362 2992 Πατρὸς
1395 2921 1582 2986 οὐσίας
1619 2916 1781 2986 εἶναι,

187 3006 358 3087 ὁπότε
404 3007 741 3080 γέγραπται·
773 3011 997 3079 ’Ὠσπερ
1043 3013 1076 3065 ό
1113 3010 1318 3079 Πατὴρ
1357 3011 1483 3080 ἔχει
1531 3011 1684 3079 ζωὴν
1712 3013 1784 3068 ἐν

187 3095 418 3163 ἐαυτῷ,
452 3099 639 3166 οὕτως
681 3100 866 3156 ἔδωκε
910 3103 1009 3156 καὶ
1042 3101 1122 3168 τῷ
1182 3101 1290 3168 Υἱῷ
1331 3102 1483 3170 ζὶυὴν
1521 3102 1685 3173 ἔχειν
1710 3105 1780 3158 ἑν

187 3187 420 3254 ἐαυτῷ;
449 3191 688 3265 ὑπεροχή
723 3192 831 3263 (54)
860 3194 1005 3260 ἐστι,
1036 3194 1198 3263 φησὶ,
1229 3192 1322 3246 τοῦ
1363 3193 1594 3258 διδόντος
1626 3195 1779 3267 παρὰ

185 3281 286 3335 τὸν
314 3279 679 3352 λαμϐάνοντα·
711 3286 805 3338 καὶ
824 3325 839 3348 ,
874 3284 938 3338 Τί
975 3302 1052 3355 με
1082 3285 1279 3355 λέγεις
1304 3285 1559 3356 ἀγαθόν;
1590 3287 1775 3358 φησίν·

192 3371 400 3438 οὐδεὶς
420 3372 660 3442 ἀγαθὸς,
677 3377 729 3428 εὶ
744 3374 830 3445 μὴ
847 3371 934 3440 εἷς
957 3377 990 3429 ὀ
1008 3375 1172 3441 Θεός·
1197 3377 1290 3428 καὶ
1313 3375 1494 3430 πάλιν·
1517 3375 1622 3430 Θεέ
1631 3394 1773 3446 μου,

191 3453 304 3516 Θεέ
313 3479 456 3531 μου,
488 3463 642 3516 ὶνατί
666 3481 742 3532 με
771 3463 1156 3533 ἐγκατέλιπες
1172 3481 1190 3526 ;
1206 3464 1300 3517 καὶ
1319 3461 1492 3527 αὖθις·
1511 3465 1649 3534 Περὶ
1668 3463 1778 3533 τῆς

187 3550 418 3622 ἡμέρας
446 3551 558 3620 τῆς
603 3553 870 3622 ἐσχάτης
908 3553 1108 3620 οὐδεὶς
1148 3551 1330 3617 οἶδεν,
1363 3553 1505 3608 οὐδὲ
1543 3557 1576 3608 ὀ
1623 3553 1774 3618 Υἱὸς,

187 3647 247 3698 εί
284 3643 373 3713 μὴ
403 3647 435 3698 ό
461 3644 695 3712 Πατήρ·
731 3646 825 3699 καὶ
858 3645 1039 3700 πάλιν·
1078 3648 1180 3700 Ὃν
1212 3650 1246 3701 ό
1285 3647 1488 3716 Πατὴρ
1538 3649 1775 3718 ἡγίασε,

189 3736 292 3790 καὶ
328 3734 686 3790 ἀπέστειλεν
725 3739 812 3802 εις
842 3736 946 3790 τὸν
968 3738 1218 3808 κόσμον·
1260 3739 1354 3792 καὶ
1383 3738 1563 3793 πάλιν·
1604 3741 1707 3794 Ὃν
1742 3746 1777 3798 ό

186 3829 398 3897 Πατὴρ
435 3828 673 3898 ἤγειρεν
709 3829 779 3882 ἐκ
822 3830 1072 3908 νεκρῶν.
1113 3831 1237 3895 Πῶς
1278 3827 1407 3896 οὖν,
1441 3833 1604 3903 φασὶν
1641 3834 1775 3906 (55),

186 3924 376 3992 ὅμοιος
424 3918 563 3975 εἶναι
609 3921 828 3975 δύναται
875 3922 907 3992 ἢ
953 3922 1236 3993 ὁμοούσιος
1280 3925 1308 3976 ὁ
1342 3922 1685 3996 ἐγειρόμενος
1711 3927 1777 3979 ὲκ

187 4014 401 4086 νεκρῶν
429 4013 508 4085 τῷ
538 4015 811 4086 ὲγείραντι
841 4015 1030 4079 αὐτόν;

260 4108 316 4161 2.
351 4105 537 4160 Ταῦτα
562 4105 618 4158 δὲ
641 4106 749 4159 ἀπὸ
777 4105 986 4159 πολλῶν
1011 4107 1169 4176 ὀλίγα
1203 4109 1575 4182 παρεθέμεθα,
1604 4113 1771 4177 ὅπως,

184 4199 394 4252 τούτων
416 4197 684 4251 λυθέντων
702 4237 716 4261 ,
750 4199 844 4251 καλ⁸
875 4197 946 4251 τὰ
975 4198 1134 4253 λοιπὰ
1166 4201 1404 4272 εὐχερῶς
1432 4202 1596 4275 νοηθῇ
1635 4203 1767 4272 (56).

199 4291 520 4361 Ὀφείλομεν
558 4286 651 4342 οὖν
692 4290 852 4359 ἡμεῖς
884 4287 1026 4342 κατὰ
1068 4290 1128 4342 τὸ
1157 4290 1377 4345 δυνατὸν
1416 4293 1515 4363 τὴν
1542 4292 1768 4364 δύναμιν

1889 1919 2019 1990 agit,
2067 1918 2183 1972 ιιιΒο
2219 1917 2372 1973 aiens
2410 1933 2422 1969 :
2461 1916 2597 1970 Mihi
2639 1929 2814 1971 autem
2843 1918 2980 1971 absit
3008 1919 3248 1988 gloriari,
3279 1921 3382 1974 nisi
3409 1922 3465 1974 in

1889 2026 2040 2064 cruce
2090 2007 2306 2062 Domini
2350 2008 2521 2062 nostri
2564 2005 2694 2061 Jesu
2744 2007 2965 2071 Christi,
3013 2026 3104 2078 per
3134 2027 3286 2080 quem
3331 2011 3462 2065 mihi

1889 2101 2124 2154 mundus
2143 2100 2430 2170 cruciﬁxus
2460 2109 2558 2164 est,
2589 2108 2640 2152 et
2669 2116 2761 2169 ego
2788 2102 2983 2152 mundo
3012 2099 3052 2130 ³⁵
3075 2117 3090 2165 ;
3117 2108 3171 2154 et
3198 2116 3416 2154 rursum
3445 2118 3459 2153 :

1891 2191 2016 2246 Non
2056 2193 2198 2266 enim
2233 2191 2476 2259 judicavi
2505 2208 2586 2245 me
2628 2192 2762 2245 scire
2790 2191 2994 2258 aliquid
3034 2192 3172 2244 inter
3204 2208 3314 2256 vos,
3359 2193 3462 2246 nisi

1887 2284 2069 2340 Jesum
2093 2285 2382 2351 Christum,
2403 2295 2451 2338 et
2474 2284 2611 2337 hunc
2634 2284 2944 2352 cruciﬁxum
2975 2283 3051 2351 ³²;
3078 2293 3130 2338 et
3151 2303 3165 2338 :
3185 2283 3245 2338 Si
3273 2301 3464 2355 cogno-

1891 2377 2106 2443 vissent,
2133 2392 2399 2444 nunquam
2431 2375 2716 2429 Dominum
2754 2376 2939 2446 gloriae
2979 2376 3366 2444 cruciﬁxissent
3393 2377 3460 2432 ³³.

1889 2467 1956 2522 Ει
2010 2482 2156 2522 nunc
2183 2467 2293 2530 isti,
2340 2467 2387 2521 si
2437 2481 2622 2522 sacras
2671 2467 3065 2522 intellexissent
3118 2466 3460 2538 Scripturas,

1884 2575 2164 2628 nunquam
2189 2573 2254 2612 eo
2288 2557 2747 2627 blasphemiarum
2778 2557 3108 2628 erupissent,
3133 2567 3193 2613 ut
3221 2559 3463 2613 dicerent

1883 2651 2194 2706 Creatorem
2226 2651 2470 2703 omnium
2491 2691 2507 2715 ,
2543 2659 2846 2704 creaturam
2878 2664 3000 2704 esse
3034 2658 3130 2703 aut
3163 2649 3460 2719 opificium.

1887 2740 2050 2796 Val‘re
2092 2742 2238 2796 enim
2296 2741 2633 2810 Scripturam
2685 2741 3010 2811 detorquent
3045 2740 3175 2795 dum
3224 2742 3460 2796 dicunt:

1887 2832 1992 2900 Qui
2047 2843 2218 2904 potest
2270 2832 2441 2888 Filius
2487 2832 2636 2886 Patri
2680 2833 2874 2888 similis
2911 2841 3006 2886 aut
3052 2847 3120 2887 ex
3160 2833 3463 2890 substantia

1886 2925 2004 2994 ejus
2035 2939 2176 2989 esse,
2209 2940 2332 2979 cum
2365 2925 2628 2994 scriptum
2662 2924 2733 2979 sit
2763 2941 2777 2977 :
2817 2921 2966 2978 Sicut
3003 2920 3169 2977 Pater
3188 2919 3346 2978 'habet
3380 2927 3461 2980 vi-

1886 3024 1995 3068 tam
2037 3017 2092 3069 in
2133 3016 2410 3084 semetipso
2435 3058 2450 3082 ,
2487 3017 2564 3068 sic
2617 3015 2762 3068 dedit
2804 3015 2968 3085 697
3009 3024 3058 3069 et
3096 3013 3240 3070 Filia
3276 3015 3463 3072 habere

1883 3107 2048 3161 vitam
2093 3109 2150 3161 in
2195 3109 2472 3177 semetipso
2517 3105 2608 3159 ³⁸⁸2
2661 3120 2727 3160 eo
2778 3107 3094 3162 excellentia
3138 3108 3459 3175 denotatur,

1881 3198 2062 3265 aiunt,
2098 3198 2276 3254 dantis
2332 3214 2444 3268 prae
2485 3197 2819 3267 accipiente;
2862 3206 2917 3252 et
2950 3213 2962 3249 :
3021 3197 3164 3264 Quid
3202 3217 3282 3254 me
3325 3201 3461 3261 dicis

1883 3290 2116 3343 bonum?
2154 3290 2366 3358 inquit;
2395 3305 2545 3343 nemo
2576 3289 2772 3353 bonus,
2804 3290 2909 3342 nisi
2945 3305 3079 3342 unus
3118 3289 3259 3343 Deus
3299 3290 3377 3357 ³⁸;
3407 3300 3460 3346 et

1881 3396 2102 3435 rursum
2129 3398 2141 3433 :
2171 3378 2314 3433 Deus
2341 3396 2505 3443 meus,
2535 3379 2673 3434 Deus
2697 3396 2866 3444 meus,
2895 3390 2951 3433 ut
2980 3380 3106 3450 quid
3132 3379 3460 3435 dereliauisti

1881 3487 1962 3525 me
1995 3471 2078 3523 “‘l
2110 3479 2165 3525 et
2194 3472 2390 3526 iterum
2429 3485 2445 3529 :
2478 3471 2555 3526 De
2589 3472 2675 3525 die
2715 3482 2947 3525 extrema
2973 3487 3122 3526 nemo
3150 3474 3268 3538 scit,
3300 3488 3464 3542 neque

1881 3561 2082 3631 Filius,
2115 3564 2217 3618 nisi
2253 3563 2418 3617 Pater
2446 3565 2488 3595 ³⁷
2521 3580 2535 3630 ;
2570 3573 2623 3618 et
2649 3580 2868 3618 rursum
2901 3581 2914 3616 :
2949 3563 3113 3629 Quem
3141 3563 3302 3618 Pater
3329 3582 3457 3619 san-

1891 3655 2163 3724 ctiﬁcat'it,
2190 3665 2239 3709 et
2269 3656 2412 3708 misit
2440 3657 2492 3708 in
2523 3655 2778 3708 mundum
2797 3655 2840 3687 ”
2865 3672 2881 3722 ;
2906 3671 2971 3710 ac
2999 3671 3214 3710 rursum
3243 3673 3256 3710 :
3291 3656 3457 3722 Quem

1889 3750 2055 3801 Pater
2081 3747 2356 3801 suscitavit
2383 3764 2415 3800 a
2441 3747 2662 3800 mortuis
2692 3747 2757 3802 ’9.
2783 3746 2888 3813 Qui
2920 3747 3036 3802 ﬁeri
3059 3756 3256 3816 potest,
3278 3751 3454 3814 aiunt,

1886 3847 1946 3892 ut
1968 3838 2062 3908 qui
2088 3853 2119 3893 a
2153 3838 2385 3893 mortuis
2413 3839 2730 3905 suscitatur,
2765 3839 3049 3894 suscitanti
3074 3855 3134 3895 se
3163 3840 3236 3896 sit
3261 3841 3457 3897 similis

1882 3937 1976 3984 aut
2004 3927 2524 3984 consubstantialis?

1949 4109 2004 4164 2.
2047 4106 2171 4164 Haec
2195 4124 2368 4180 pauca
2393 4123 2459 4162 ex
2484 4109 2671 4164 multis
2698 4111 2751 4163 iu
2775 4109 3011 4165 medium
3037 4109 3317 4166 attulimus
3334 4151 3351 4178 ,
3392 4117 3454 4167 ut

1881 4201 1949 4256 iis
1977 4201 2190 4264 solutis,
2218 4209 2409 4255 caetera
2432 4215 2650 4271 quoque
2675 4199 2831 4256 facile
2854 4201 3240 4272 intelligantur.
3269 4201 3452 4258 Nostri

1875 4293 2038 4362 igitur
2067 4294 2309 4348 muneris
2342 4299 2455 4355 est,
2481 4300 2540 4345 ut
2566 4307 2664 4362 pro
2692 4292 2854 4357 virili,
2878 4292 3166 4349 verborum
3183 4293 3450 4364 ejusmodi

260 4431 306 4461 ¹⁹
335 4427 378 4481 ll
405 4428 532 4484 Cor.
567 4444 690 4494 vni,
721 4420 776 4483 9.
808 4497 815 4498 ί
855 4431 899 4461 ³ο
935 4429 1132 4498 Ephes.
1169 4445 1249 4494 ιιι,
1280 4429 1366 4495 18,
1399 4429 1484 4483 19.
1563 4432 1604 4462 ³¹
1629 4431 1808 4486 Galat.

1891 4446 1922 4493 ι,
1949 4428 2036 4482 14.
2117 4428 2161 4498 ³7³
2187 4427 2204 4480 1
2240 4429 2366 4482 Cor.
2406 4445 2466 4491 tt,
2497 4427 2552 4482 2.
2630 4428 2675 4459 ³³
2700 4427 2841 4498 ibid.
2877 4426 2932 4481 8.
3013 4428 3060 4460 “
3087 4426 3248 4483 Joan.
3275 4444 3330 4496 v,
3358 4429 3450 4487 26.

185 4500 234 4533 ⁸³
264 4498 430 4555 Marc.
469 4515 527 4566 x,
564 4499 651 4553 18.
729 4499 775 4530 ³⁸
801 4497 991 4554 Matth.
1025 4517 1193 4566 xxvu,
1220 4501 1312 4556 47.

185 4665 518 4759 neseis
530 4665 1227 4759 A‘Y°xfrs19_r’erﬁsee
1259 4669 1399 4759 κειτά
1439 4666 1644 4759 “est?”
1675 4669 1769 4759 κιξιῖ
1795 4674 1846 4732 D

1409 4501 1454 4532 ³⁷
1487 4500 1652 4557 Marc.
1695 4516 1818 4567 xm,
1853 4501 1942 4554 52.

2047 4500 2091 4530 ³⁸
2117 4497 2277 4553 Joan.
2319 4516 2374 4565 x,
2426 4499 2516 4553 56.
2611 4498 2656 4528 ³⁷³
2683 4497 2798 4552 Gal.
2839 4513 2876 4564 ι,
2906 4498 2956 4551 1.

1944 4667 2057 4736 (51)
2095 4665 2325 4736 Seguer.
2368 4665 2615 4736 Gobler._
2639 4663 2885 4736 Felcltm.
2919 4665 2986 4736 1,
3021 4663 3448 4736 καταλαϐέσθαι.

214 4732 636 4806 Απολλιναρίουζ
666 4732 919 4793 Gelasius
947 4732 1154 4792 libee
1186 4739 1393 4793 duabus
1425 4732 1653 4804 naiuris,
1672 4755 1767 4794 v0-

1897 4732 2014 4792 nl‘ra
2040 4732 2272 4806 Felcltm.
2306 4735 2362 4797 2,
2390 4732 2769 4806 τῆςίγνῴσεως
2794 4733 2888 4806 τοῦ
2912 4733 3067 4806 Θεοῦ2

187 4817 299 4880 cat,
325 4807 400 4880 De
431 4805 831 4880 incarnatione,
860 4807 996 4878 [It-:9).
1030 4808 1375 4880 σαρκώσεως.
1409 4811 1569 4864 Sexta
1605 4825 1768 4880 syno-

185 4877 311 4949 dus,
335 4877 471 4946 Περὶ
493 4877 720 4949 Τριάδος
749 4877 842 4930 καὶ
870 4877 1220 4949 σαρκώσεως,
1248 4880 1452 4949 pluries
1485 4896 1497 4931 :
1530 4877 1648 4934 loca
1681 4880 1766 4934 in-

186 4946 359 5002 ferius
387 4955 666 5018 notantur.
700 4948 755 5000 ln
774 4946 985 5010 eadem,
1007 4957 1111 5018 act.
1146 4946 1264 5012 1οξ
1293 4949 1626 5018 Euphemius
1655 4950 1768 5003 An-

188 5018 495 5090 tiochenus.
529 5017 699 5085 Λόγος
719 5019 882 5090 περὶ.
903 5017 1230 5090 σαρκώσεως
1261 5018 1355 5072 τοῦ
1378 5017 1528 5071 Θεοῦ
1564 5019 1761 5090 Λόγου·

187 5095 296 5141 act.
328 5087 417 5160 18,
447 5087 840 5160 Constantinus
872 5087 1026 5160 imp}.
1056 5089 1229 5156 Λόγος
1254 5089 1382 5160 περὶ
1412 5089 1641 5160 Τριὰδος
1661 5089 1765 5160 κοιλ¹

189 5155 541 5228 σαρκώσεως.
562 5155 1046 5221 Damascenus,De
1065 5155 1306 5228 trisagio,
1324 5155 1407 5214 bis
1422 5155 1577 5214 vocat
1597 5159 1768 5228 Λόγον

188 5225 318 5297 περὶ
343 5225 674 5298 σαρκώσεως
703 5228 798 5298 καὶ
823 5228 1071 5298 Τριάδος.
1103 5225 1351 5298 Synodus
1386 5225 1766 5284 Latet-attetisis

186 5295 322 5351 tom.
343 5295 674 5371 _V’I_Con_ci_l.,
692 5313 746 5366 p.
777 5295 904 5371 287,
927 5300 1017 5371 sic
1044 5295 1223 5371 vocat,
1254 5299 1764 5371 Περὶ-Τριάδοςίκαὶ

182 5365 708 5442 σαρκώσεως-λόγος
730 5368 885 5442 *κατὰ
924 5365 1350 5442 Ἀτεολλιναρίουξ
1385 5365 1522 5442 Post
1544 5370 1759 5442 titulum

182 5435 426 5510 Felcltm.
460 5437 495 5490 5
523 5437 685 5491 habet
713 5439 883 5510 Λόγος
916 5445 977 5495 ε’.
1007 5435 1233 5508 δοευενζ
1281 5455 1413 5510 vero
1461 5441 1526 5494 ad
1559 5440 1763 5510 margi-

180 5521 306 5579 nem
339 5506 505 5579 habet
538 5525 586 5571 ε,
614 5523 726 5579 quo
757 5508 1030 5563 indicatur
1071 5506 1246 5564 solum
1287 5509 1393 5564 hoc
1436 5506 1759 5579 opusculum

179 5576 376 5645 ordine
403 5576 652 5645 quintum
701 5578 892 5633 haberi
938 5581 992 5634 in
1043 5579 1130 5634 his
1161 5596 1316 5644 mss.,
1353 5588 1412 5634 ut
1453 5576 1509 5635 et
1545 5581 1600 5634 in
1643 5579 1764 5634 aliis

179 5643 662 5720 fermeomnibus,
697 5663 839 5718 quae,
870 5650 952 5720 vel
977 5664 1209 5720 quorum
1237 5643 1562 5720 catalogum,
1595 5650 1763 5719 dispi-

1947 4809 2061 4876 (52)
2100 4806 2191 4860 Sic
2216 4803 2688 4876 SeguerigAnglic.
2721 4804 2938 4876 Goblier.
2969 4813 3024 4858 et
3050 4803 3364 4876 Felckman.
3393 4806 3446 4861 1.

1873 4876 1931 4930 ιη
1959 4874 2124 4931 editis
2144 4885 2198 4930 et
2227 4876 2349 4930 aliis
2374 4874 2541 4939 ,πάλιν
2577 4874 2761 4930 ὁθεει.
2789 4875 2902 4929 Νῦν
2933 4889 3167 4944 sequens
3206 4875 3357 4930 deest
3391 4876 3448 4930 in

1874 4946 2225 5002 Felcktnanni
2251 4946 2306 5000 5.

1945 5017 2057 5088 (55)
2098 5015 2348 5086 Seguer.,
2379 5013 2764 5088 ett'h;_6t5vacov.

1946 5083 2058 5159 (54)
2111 5083 2334 5159 Seguer.
2383 5093 2437 5159 et
2490 5085 2726 5159 Anglic_.,
2784 5084 3077 5159 ὑπεροχῆς.
3112 5083 3271 5159 ibid,
3323 5096 3448 5159 post

1873 5155 2012 5226 ἐστι,
2038 5155 2099 5211 in
2127 5157 2287 5210 editis
2314 5155 2512 5226 legitur
2555 5155 2722 5226 (mat,
2759 5155 3022 5226 scd_ha:c
3061 5169 3164 5226 vox_
3210 5156 3362 5226 tlecst
3388 5157 3445 5210 in

1876 5221 2007 5295 Segﬁ
2041 5226 2258 5283 Gobler.
2290 5235 2342 5280 et
2365 5221 2510 5278 Felc.
2564 5221 2628 5278 1.“
2674 5225 2797 5278 Mox
2846 5224 3072 5295 Seguer.
3126 5224 3344 5281 Gobler.
3391 5234 3446 5282 et

1876 5245 1999 5353 38F.
2041 5245 2258 5283 vomer.
2290 5245 2342 5280 et
2365 5245 2510 5278 retc.
2564 5245 2616 5278 σι.
2674 5245 2797 5308 mox
2846 5245 2972 5295 negt

1874 5297 1945 5355 Fe
1967 5299 2103 5369 (3.1.
2131 5299 2221 5369 Μή
2254 5315 2320 5369 με
2349 5295 2496 5369 λέγε,
2529 5297 2715 5369 ερησλν,
2747 5293 2972 5369 αγαθόν.

1942 5368 2057 5438 (55)
2079 5363 2504 5438 dfaaincestin
2529 5363 2766 5438 Gobler._
2777 5375 2832 5438 et
2859 5363 3002 5438 Felc.
3040 5365 3091 5420 1.

1942 5433 2052 5510 (56)
2091 5437 2320 5510 Segu_er._
2351 5436 2570 5510 Gobler.
2610 5446 2665 5490 et
2727 5435 2870 5510 Felc.
2921 5437 2973 5497 1,
3009 5435 3248 5510 νοηθείη,
3293 5433 3438 5492 Infra

1872 5504 2007 5578 haec,
2042 5504 2285 5563 ὃτανόὗν
2310 5506 2478 5575 λέγει,
2501 5515 2554 5578 et
2577 5507 2865 5578 sequentia
2887 5504 3182 5578 permulta,
3203 5504 3440 5578 citantur

1871 5575 2284 5644 aTheodoreto,
2332 5579 2387 5633 in
2435 5577 2563 5631 dial.
2615 5575 2670 5644 5,
2703 5575 2947 5643 Ἀπαθεῖ,
3010 5592 3068 5644 p.
3120 5575 3244 5640 161,
3299 5576 3435 5632 lhid.

1872 5648 2080 5719 Theod.
2132 5650 2355 5718 Seguer.
2385 5648 2648 5719 Anglic,
2690 5648 2842 5719 λέγῃ.
2873 5647 3091 5702 Gobler.
3119 5660 3172 5702 et
3201 5647 3350 5719 Eelc.
3383 5649 3434 5711 1,

179 5732 302 5805 cere
713 5715 847 5790 'quae
889 5719 956 5777 de
994 5715 1271 5790 ejusmodi
1321 5715 1489 5777 titulis
1522 5715 1760 5805 diximus

1891 5720 2014 5805 Γέγει
2068 5723 2097 5773 ὁ
2154 5715 2664 5805 Ἀξιεόστολοςξδξοι
2731 5715 3042 5774 ϐιὶῦιθτὶειι.
3095 5726 3148 5773 et
3199 5717 3345 5776 Felc.
3383 5720 3435 5783 1,

181 5787 232 5842 ἱη
263 5786 666 5843 Admonitione.

1875 5789 2127 5864 Ἰωάννης
2161 5789 2319 5845 πάλιν
2343 5787 2532 5862 φησὶν,
2557 5789 2659 5846 ὅτε.
