3810 6228
383 281 503 341 987

972 271 1454 336 SI-ATIIANASII
1494 279 1644 336 (ιρι).
1685 279 1868 336 PARS
1906 281 1947 337 I.
1973 270 2058 321 "—
2099 281 2473 338 IIISTORICA
2513 282 2604 338 ET
2647 271 3085 340 ΒΟΕΜΑΤΙΕΑ.ἶ

3529 289 3663 346 988

376 399 486 452 vim
531 393 882 465 explicemus.
933 391 1078 448 Sane
1111 407 1236 446 cum
1284 393 1472 447 beatus
1513 391 1715 446 Paulus
1757 393 1944 447 dicat:

2058 393 2230 446 αὐτῶν
2251 393 2642 463 ἐξηγήσασθαι.
2679 395 2843 447 Ὅταν
2864 389 2957 448 οὖν
2977 394 3124 463 λέγει
3146 395 3174 448 ὁ
3197 397 3467 468 μακάριος
3488 401 3663 457 nec.

377 487 544 543 Pater
575 488 848 542 suscitavit
882 482 1083 538 Filium
1116 500 1270 538 suum
1301 501 1334 536 a
1365 485 1608 544 mortuis,
1643 493 1828 537 narrat
1851 499 1951 537 no-

377 583 464 638 bis
493 580 726 635 Joannes
752 617 768 643 ,
821 578 1026 632 dixisse
1059 575 1245 631 Jesum
1277 595 1291 630 :
1323 575 1520 632 Solvite
1553 576 1800 646 templum
1834 577 1950 642 hoc,

375 683 426 728 et
458 672 514 726 in
544 671 709 724 tribus
737 668 917 722 diebus
943 667 1182 721 excitabo
1210 668 1366 721 illud.
1396 667 1618 721 Dicebat
1641 678 1838 733 autem,
1864 668 1952 721 in-

374 764 530 836 quit,
565 762 629 815 de
659 759 848 830 templo
876 761 1117 830 corporis
1155 761 1240 814 sui
1263 760 1328 814 ιθ.
1366 759 1551 813 Palam
1588 759 1750 828 igitur
1779 759 1951 812 cuivis

373 867 458 913 est
487 856 764 911 attendere
794 854 1020 922 volenti,
1053 853 1270 922 quando
1297 867 1494 921 corpus
1521 850 1811 914 excitatur,
1834 858 1948 903 tum

373 947 569 1002 Filium
613 945 720 1000 dici
756 945 982 998 excitari
1017 961 1046 998 a
1081 942 1311 996 mortuis
1341 960 1354 995 :
1385 956 1503 1010 quae
1531 940 1676 994 enim
1705 937 1951 1006 corporis

374 1047 501 1092 sunt
523 1037 589 1091 de
620 1038 739 1106 ejus
774 1052 1005 1105 persona
1032 1036 1308 1089 dicuntur.
1335 1033 1428 1086 Sic
1463 1031 1625 1100 igitur
1664 1045 1787 1084 cum
1836 1029 1946 1082 ait:

373 1127 556 1182 Vitam
582 1128 729 1182 dedit
752 1126 889 1181 Filio
914 1126 1071 1180 Pater
1091 1165 1105 1190 ,
1143 1126 1308 1177 vitam
1350 1123 1501 1176 carni
1535 1121 1718 1175 datam
1746 1119 1948 1173 intelli-

373 1222 608 1292 gendum
654 1228 775 1274 est:
808 1219 854 1273 si
899 1219 1044 1272 enim
1091 1217 1208 1286 ipse
1235 1225 1318 1270 est
1351 1216 1460 1268 vita
1484 1255 1499 1279 ,
1531 1212 1807 1282 quomodo
1833 1212 1948 1264 vita

370 1312 540 1364 vitam
571 1310 806 1378 accipit?
835 1307 899 1360 Et
930 1307 974 1361 si
1005 1308 1120 1360 haec
1153 1305 1269 1375 ipse
1297 1303 1584 1374 pollicetur
1614 1319 1629 1356 :
1662 1299 1793 1355 Oves
1821 1315 1948 1353 mea:

372 1419 546 1455 vocem
594 1417 763 1454 meam
795 1401 1021 1453 audiunt
1046 1414 1062 1450 :
1087 1407 1135 1451 et
1185 1412 1277 1464 ego
1307 1409 1559 1465 cognosco
1589 1409 1679 1447 eas
1705 1433 1721 1458 ,
1769 1401 1821 1446 et
1867 1408 1950 1447 se-

371 1502 606 1561 quuntur
654 1506 734 1542 me
763 1507 780 1542 :
804 1498 852 1541 et
902 1504 994 1558 ego
1041 1488 1203 1540 vitam
1233 1496 1481 1540 wternam
1516 1484 1584 1537 do
1609 1484 1684 1537 eis
1713 1500 1731 1537 :
1760 1491 1812 1537 et
1842 1499 1948 1537 non

370 1583 614 1650 peribunt
648 1581 703 1633 in
752 1591 1005 1633 azternum
1034 1579 1076 1609 “
1109 1597 1122 1631 :
1153 1578 1200 1632 si
1236 1579 1361 1631 item
1412 1577 1526 1646 ipse
1566 1583 1649 1630 est
1683 1574 1950 1643 sapientia

374 1673 488 1738 Dei,
512 1683 562 1727 et
591 1674 634 1727 si
665 1673 778 1742 ipse
813 1687 1029 1726 omnem
1063 1669 1189 1724 fecit
1218 1678 1453 1734 aetatem,
1488 1683 1658 1738 quare
1695 1666 1896 1721 dicitur
1929 1683 1943 1719 :

2053 482 2141 544 λος
2161 528 2174 546 ,
2222 485 2284 537 '0
2307 484 2510 553 Πατὴρ
2540 484 2734 554 ἤγειρε
2761 485 2870 538 τὸν
2909 485 3044 538 Υὶὸν
3075 486 3261 540 αὑτοῦ
3286 488 3355 542 ἐκ
3378 493 3660 562 νεκρῶν,

2065 575 2314 646 Ἰωάννης
2344 578 2473 647 ἡμῖν
2507 577 2806 648 διηγεῖται,
2841 577 2923 630 ὅτι
2952 577 3134 646 ἔλεγεν
3164 579 3192 630 ὁ
3236 581 3444 652 Ἰησοῦς
3466 601 3480 614 ο
3518 585 3660 640 Λύ-

2051 682 2197 720 σατε
2232 667 2338 719 τὸν
2386 667 2536 720 ναὸν
2567 668 2782 721 τοῦτον
2802 709 2817 732 ,
2868 668 2968 722 καὶ
3017 669 3086 722 ἐν
3136 671 3335 739 τρισὶν
3383 675 3658 745 ἡμέραις

2049 754 2230 823 ἐγερῶ
2249 757 2453 809 αὐτόν.
2487 757 2691 824 Ἔλεγε
2713 755 2779 808 δὲ
2799 795 2813 819 ,
2845 759 3006 829 φησὶ,
3047 761 3180 827 περὶ
3210 761 3314 815 τοῦ
3341 765 3494 818 ναοῦ
3524 766 3652 822 τοῦ

2051 843 2325 913 σώματος
2349 845 2458 916 (57)
2481 847 2686 900 αὐτοῦ.
2718 847 2885 919 Δῆλον
2915 845 3007 902 οὖν
3037 852 3148 904 ἐστι
3180 855 3292 917 τοῖς
3325 855 3646 926 προσέχου-

2052 954 2169 1002 σιν,
2209 937 2322 1000 ὃτι,
2360 936 2453 989 τοῦ
2487 937 2734 1008 σώματος
2766 941 3148 1011 ἐγειρομένου,
3181 945 3210 995 ὁ
3239 943 3365 1007 Υἱὸς
3410 945 3648 1014 λέγεται

2050 1027 2204 1098 παρὰ
2245 1027 2324 1098 τῷ
2358 1029 2554 1099 Παύλῳ
2587 1029 2883 1102 ὲγηγέρθαι
2918 1034 2982 1084 ὲκ
3009 1033 3216 1104 νεκρῶν
3237 1050 3251 1064 ⁸
3282 1034 3348 1088 τά
3386 1036 3494 1107 γὰρ
3535 1037 3642 1090 τοῦ

2051 1120 2300 1190 σώματος
2324 1121 2488 1174 αὐτοῦ
2526 1124 2605 1185 εἰς
2637 1122 2699 1174 τὸ
2735 1122 2899 1176 αὑτοῦ
2933 1124 3220 1196 πρόσωπον
3250 1125 3489 1195 λέγεται.
3522 1127 3643 1181 Οὖ-

2047 1229 2156 1276 τως
2181 1208 2275 1266 οὖν
2319 1215 2414 1266 καὶ
2453 1214 2578 1267 ὅταν
2605 1213 2737 1284 λέγῃ
2777 1214 2912 1285 (58),
2948 1215 3643 1288 Ζωὴνὲδωκενόηατὴρ

2047 1301 2130 1368 τῷ
2155 1303 2295 1369 mp,
2342 1307 2412 1377 τῇΔ
2444 1307 2607 1374 σαρκὶ
2639 1305 2926 1376 δεδομένην
2957 1307 3056 1378 τὴν
3091 1308 3233 1379 ζωὴν
3261 1309 3497 1380 νοητέον.
3563 1310 3637 1364 Εἰ

2046 1397 2155 1468 γὰρ
2190 1397 2348 1460 αὐτός
2377 1399 2524 1450 ἐστιν
2559 1399 2591 1469 ὴ
2615 1396 2727 1469 ζωὴ
2751 1438 2766 1463 ,
2795 1399 2912 1462 πῶς
2939 1401 2972 1470 ὴ
3007 1398 3124 1469 ζωὴ
3152 1399 3296 1478 ζωὴν
3323 1401 3630 1472 λαμϐάνει;

2047 1488 2164 1545 Καὶ.
2191 1486 2302 1559 (59)
2343 1488 2392 1539 εἰ
2425 1487 2585 1551 αὐτὸς
2616 1488 3008 1557 ἐπαγγέλλεται
3051 1491 3220 1559 λέγων
3241 1508 3254 1521 ·
3303 1492 3381 1545 Τὰ
3408 1493 3638 1560 πρόσα-

2046 1578 2121 1632 τά
2149 1595 2268 1647 μου
2295 1576 2402 1646 τῆς
2430 1578 2636 1647 φωνῆς
2677 1597 2796 1648 μου
2842 1580 3087 1647 ἀκούει,
3146 1580 3307 1651 κάγὼ
3354 1581 3636 1652 γινώσκω

2047 1671 2199 1725 αὐτὰ
2219 1713 2236 1738 ,
2270 1671 2368 1724 καὶ
2403 1671 2813 1726 ἀκολουθοῦσι
2829 1690 2929 1741 μοι
2954 1713 2968 1738 ,
3020 1672 3180 1743 κάγὼ
3204 1673 3357 1741 ζωὴν
3385 1672 3638 1729 αἰώνιον·

371 1765 528 1818 Jesus
558 1774 733 1817 autem
770 1763 1074 1833 proﬁciebat
1118 1761 1380 1830 sapientia
1406 1770 1456 1813 et
1491 1769 1644 1814 aetate
1666 1758 1710 1792 “
1737 1759 1761 1812 ?
1791 1757 1859 1812 Et
1898 1758 1946 1813 si

2058 1759 2251 1830 διδωμι
2299 1761 2539 1828 αὐτοῖς,
2594 1761 2695 1815 καὶ
2749 1764 2820 1817 οὐ
2859 1761 2945 1832 μὴ
2977 1763 3357 1818 ἀπόλλωνται
3385 1767 3472 1830 εἰς
3520 1765 3639 1818 τὸν

371 1854 530 1907 Pater
570 1869 665 1922 per
695 1853 971 1921 proprium
1002 1849 1240 1904 Verbum
1271 1859 1326 1903 et
1351 1847 1545 1901 Filium
1571 1847 1756 1901 omnia
1794 1845 1943 1910 fecit,

371 1947 587 2014 planum
622 1945 806 2014 utique
837 1951 938 2006 est,
968 1943 1094 2012 quia
1135 1941 1585 1995 resurrectionem
1617 1939 1798 1995 carnis
1825 1938 1945 2008 ejus

372 2050 469 2104 per
498 2035 674 2103 ipsum
705 2032 960 2086 etfecerit.
1021 2030 1123 2084 Per
1153 2030 1330 2098 ipsum
1364 2029 1526 2098 igitur
1558 2028 1738 2097 ipsum
1768 2027 1944 2083 susci-

371 2135 451 2180 tat
484 2144 497 2180 :
529 2135 581 2180 et
629 2141 724 2194 per
767 2126 943 2194 ipsum
999 2123 1100 2191 ipsi
1131 2122 1222 2175 dat
1250 2121 1438 2174 vitam.
1481 2116 1786 2174 Suscitatur
1819 2119 1944 2189 qui-

369 2217 493 2272 dem
519 2216 816 2271 secundum
839 2227 1057 2267 carnem
1083 2219 1142 2264 ut
1163 2212 1327 2264 homo
1347 2251 1360 2274 ,
1384 2217 1438 2263 et
1465 2210 1632 2262 vitam
1666 2209 1863 2278 accipit
1886 2219 1947 2262 ut

369 2309 556 2373 homo,
588 2307 682 2376 qui
717 2305 898 2359 habitu
930 2304 1180 2357 inventus
1211 2311 1372 2357 estut
1402 2304 1585 2355 homo.
1614 2300 1734 2370 Ipse
1763 2309 1944 2354 autem

367 2408 490 2462 est,
520 2397 652 2466 qui,
683 2405 870 2464 utpote
907 2393 1048 2448 Deus
1071 2432 1086 2456 ,
1120 2393 1397 2461 proprium
1437 2392 1695 2461 templum
1722 2391 1942 2455 excitat,

367 2499 423 2544 et
444 2490 675 2558 propria:
699 2487 853 2541 carni
875 2485 967 2538 dat
993 2485 1176 2538 vitam.
1203 2481 1340 2537 Cum
1363 2483 1524 2548 igitur
1545 2484 1740 2536 iterum
1764 2482 1941 2536 dicat:

370 2583 537 2646 Quem
567 2578 728 2632 Pater
765 2577 1143 2644 sancti/ienuit,
1192 2585 1242 2628 et
1293 2575 1437 2627 misit
1481 2576 1535 2626 in
1578 2573 1832 2626 mundum
1874 2572 1943 2638 “,

369 2671 500 2724 alibi
554 2684 771 2739 quoque
823 2669 899 2721 ait
928 2687 940 2721 :
973 2667 1083 2720 Pro
1120 2667 1195 2720 eis
1228 2681 1320 2734 ego
1357 2665 1630 2731 sanctiﬁco
1669 2666 1943 2733 meipsum,

369 2771 428 2816 ut
463 2763 568 2815 sint
611 2773 660 2815 et
700 2762 802 2830 ipsi
833 2759 1155 2827 sanctificati
1192 2759 1246 2810 in
1277 2758 1496 2811 veritate
1521 2757 1586 2808 “.
1619 2755 1685 2810 Et
1712 2771 1834 2809 cum
1863 2757 1947 2822 di-

367 2853 442 2908 cit
476 2873 489 2907 :
527 2852 663 2908 Deus
690 2869 854 2913 meus,
879 2850 1014 2903 Deus
1047 2865 1209 2910 meus,
1228 2865 1390 2918 quare
1418 2848 1895 2918 medereliquisti“
1921 2847 1944 2897 ?

368 2959 437 2997 ex
472 2952 656 2997 nostra
688 2956 920 3011 persona
959 2940 1060 2993 ista
1103 2939 1343 3007 loquitur
1365 2980 1378 3002 ,
1411 2939 1539 3006 quia
1574 2939 1799 3006 formam
1835 2955 1946 2991 ser-

2045 1852 2260 1908 αιῶναθ
2295 1855 2387 1907 καὶ
2427 1855 2475 1906 εἰ
2500 1853 2660 1917 αὐτός
2681 1856 2828 1908 ἐστιν
2856 1857 2889 1925 ἡ
2917 1856 3078 1924 σοφία
3111 1855 3205 1908 τοῦ
3239 1855 3398 1921 Θεοῦ,
3435 1858 3533 1918 καὶ
3577 1858 3635 1910 εἰ

2045 1945 2205 2008 αὐτὸς
2247 1944 2468 2017 ἐποίησε
2509 1947 2688 1998 πᾶσαν
2743 1945 2991 2016 ἡλικίαν,
3049 1946 3166 2010 πῶς
3219 1947 3438 2017 λέγεται
3471 1948 3627 2019 (40)·

2043 2034 2380 2102 Προέκοπτε
2409 2035 2477 2088 δὲ
2510 2036 2736 2103 Ἰησοῦς
2759 2037 2943 2104 σοφίᾳ
2971 2038 3069 2090 καὶ
3103 2039 3342 2106 rixata;
3365 2039 3560 2100 Καὶεί
3599 2040 3635 2093 ό

2046 2125 2234 2196 Πατὴρ
2264 2125 2352 2178 διὰ
2383 2125 2476 2178 τοῦ
2510 2125 2638 2178 ἰδίου
2669 2126 2840 2194 Λόγου
2871 2128 2965 2180 καὶ
2984 2127 3114 2180 Υἱοῦ
3145 2128 3213 2180 τὰ
3235 2129 3631 2199 πάνταὲποιη-

2048 2230 2108 2265 σε
2133 2254 2148 2278 ,
2181 2213 2337 2283 δῆλον
2355 2253 2369 2277 ,
2397 2215 2479 2267 ὅτι
2512 2215 2606 2267 καὶ
2634 2215 2728 2286 τὴν
2759 2215 2975 2285 ἔγερσιν
3002 2217 3099 2286 τῆς
3134 2217 3335 2289 σαρκὸς
3359 2216 3526 2270 αὑτοῦ
3559 2217 3632 2271 δι’

2046 2305 2207 2358 αὐτοῦ
2243 2307 2485 2377 ἐποίησε.
2545 2307 2623 2359 Δι’
2648 2306 2811 2360 αὐτοῦ
2844 2304 2936 2360 οὖν
2968 2308 3129 2362 αὑτὸν
3161 2309 3349 2379 ἤγειρε
3372 2347 3388 2370 ,
3435 2309 3530 2361 καὶ
3559 2309 3632 2364 δι’

2046 2390 2210 2443 αὐτοῦ
2245 2393 2392 2463 αὐτῷ
2421 2391 2531 2463 (41)
2563 2393 2705 2464 ζωὴν
2732 2393 2964 2448 δίδωσιν.
3011 2395 3311 2466 Ἐγείρεται
3357 2396 3454 2466 μὲν
3481 2397 3634 2451 κατὰ

2048 2481 2226 2552 σάρκα
2253 2483 2328 2544 ὡς
2361 2483 2663 2554 ἄνθρωπος,
2695 2485 2789 2537 καὶ
2826 2484 3088 2554 λαμϐάνει
3113 2485 3255 2556 ζωὴν
3296 2485 3371 2549 ὡς
3417 2486 3637 2558 ἅνθρω-

2047 2591 2179 2637 πος,
2213 2576 2270 2626 ὲν
2313 2575 2552 2644 σχήματι
2583 2575 2824 2645 εὑρεθεὶς
2850 2575 2924 2639 ὼς
2963 2575 3266 2646 ἄνθρωπος.
3325 2578 3433 2630 Καὶ
3465 2578 3635 2643 αὐτὸς

2045 2664 2103 2716 δέ
2130 2667 2276 2718 ἐστιν
2296 2667 2323 2718 ὁ
2351 2665 2582 2736 ἐγείρων
2607 2665 2697 2718 τὸν
2727 2666 2853 2719 ἴδιον
2879 2667 3024 2730 ναὸν,
3050 2667 3124 2730 ὡς
3150 2667 3300 2731 Θεὸς,
3328 2668 3424 2722 καὶ
3447 2669 3636 2734 διδοὺς

2046 2755 2190 2826 ζωὴν
2215 2759 2280 2826 τῇ
2320 2756 2425 2827 ἰδίᾳ
2466 2757 2656 2828 σαρκί.
2689 2758 2858 2810 Ὅταν
2885 2754 2977 2812 οῦν
3018 2760 3177 2812 πάλιν
3219 2760 3386 2834 λέγῃ,
3445 2764 3558 2815 Ὃν
3597 2765 3636 2817 ὁ

2044 2845 2249 2914 Πατὴρ
2288 2849 2505 2916 ἡγίασε
2524 2889 2539 2913 ,
2575 2849 2671 2901 καὶ
2720 2849 3076 2903 ἀπέστειλεν
3119 2854 3206 2917 εἷς
3235 2853 3343 2905 τὸν
3370 2853 3630 2921 κόσμον,

2046 2937 2277 3008 ἀλλαχοῦ
2299 2939 2410 3010 (42)
2430 2957 2592 3010 φησιν
2611 2957 2623 2969 ·
2662 2941 2674 2958 '
2689 2939 2840 3008 Υπὲρ
2867 2940 3066 2994 αὐτῶν
3212 2942 3420 3012 ἁγιάζω
3444 2944 3634 3013 ἐμαυτ-

369 3037 419 3088 υἱ
453 3034 707 3102 accipiens
744 3041 792 3085 et
832 3033 887 3085 in
932 3029 1331 3083 similitudinem
1360 3028 1629 3082 hominum
1665 3029 1868 3096 factus,
1895 3039 1945 3083 et

2058 3030 2171 3092 τὸν,
2193 3031 2292 3082 ἵνα
2317 3026 2427 3084 ὦσι
2452 3031 2551 3084 καὶ
2575 3032 2742 3085 αὐτοὶ
2764 3033 3114 3102 ἡγιασμένοι
3135 3033 3467 3101 ἐνάληθείᾳ
3485 3050 3500 3064 ·
3525 3036 3632 3103 κα)

369 3125 552 3178 habitu
577 3125 813 3177 inventus
868 3132 923 3174 ut
948 3125 1121 3184 homo,
1153 3119 1449 3172 humiliavit
1486 3121 1821 3188 semetipsum
1867 3120 1943 3188 fa-

371 3226 482 3272 ctus
504 3217 745 3270 obediens
764 3231 924 3281 usque
941 3213 1007 3266 ad
1027 3220 1487 3274 mortem,mortem
1505 3221 1678 3263 autem
1698 3211 1940 3277 crucis“,

370 3320 476 3366 etc.
515 3309 578 3364 Et
607 3319 665 3364 ut
701 3308 775 3361 ait
811 3307 977 3361 Isaias
1001 3306 1045 3339 ⁸⁷
1075 3324 1088 3359 :
1114 3305 1414 3374 Languores
1470 3313 1674 3357 nostros
1706 3305 1816 3373 ipse
1842 3304 1943 3357 tol-

373 3403 478 3468 lit,
527 3411 574 3456 et
603 3417 698 3470 pro
734 3399 878 3452 nobis
909 3399 1198 3451 cruciatur.
1254 3395 1370 3450 Non
1413 3411 1513 3468 pro
1543 3397 1722 3466 seipso
1757 3398 1943 3466 itaque

374 3493 654 3547 doloribus
692 3490 950 3553 allicitur,
994 3489 1087 3544 sed
1120 3504 1218 3558 pro
1247 3489 1404 3543 nobis
1433 3507 1446 3542 :
1474 3503 1574 3543 nec
1625 3489 1741 3556 ipse
1769 3503 1798 3541 a
1831 3486 1942 3546 Deo

375 3585 666 3639 derelictus
699 3591 818 3646 est,
865 3585 956 3636 sed
1001 3596 1144 3634 nos.:
1171 3589 1224 3634 et
1259 3589 1480 3650 propter
1519 3595 1618 3634 nos
1651 3580 1940 3639 derelictos

376 3677 466 3730 ille
502 3679 648 3730 venit
676 3677 728 3729 in
758 3674 1044 3727 mundum.
1091 3669 1158 3724 Et
1187 3687 1311 3725 cum
1343 3672 1513 3726 dicit:
1544 3671 1765 3738 Propter
1801 3672 1939 3740 quod

373 3780 422 3822 et
458 3768 594 3822 Deus
625 3767 876 3820 exultavit
913 3765 1066 3817 illum
1085 3805 1099 3829 ,
1135 3773 1181 3816 et
1207 3763 1421 3817 donavit
1449 3763 1530 3816 illi
1560 3780 1742 3817 nomen
1762 3761 1940 3836 ,qquod

375 3870 452 3916 est
483 3876 635 3927 super
663 3876 812 3913 omne
838 3873 1022 3911 nomen
1047 3855 1090 3886 ⁸⁸
1110 3895 1126 3921 ,
1156 3855 1224 3909 de
1252 3857 1450 3925 templo
1483 3856 1720 3925 loquitur
1741 3896 1757 3921 ,
1793 3854 1939 3924 quod

375 3961 460 4005 est
492 3965 691 4017 corpus
721 3947 857 4012 ejus.

2046 3120 2171 3172 ὅταν
2196 3120 2362 3192 λέγειν
2396 3120 2501 3174 Θεέ
2533 3139 2678 3188 μου,
2712 3123 2818 3175 Θεέ
2849 3140 3017 3191 μου,
3066 3125 3166 3177 ἵνα
3209 3126 3273 3177 τί
3306 3142 3382 3194 με
3406 3126 3626 3194 ἐγκατ-

2045 3211 2286 3277 έλιπες;
2318 3216 2382 3265 ὲκ
2411 3213 2698 3282 προσώπου
2722 3215 2988 3286 ἡμετέρου
3018 3215 3195 3284 λέγει·
3225 3216 3356 3269 διότι
3372 3218 3629 3286 μορφὴν

2044 3303 2267 3357 δούλου
2292 3303 2511 3368 λαϐὼν,
2537 3305 2634 3358 καὶ
2664 3306 2733 3358 ἐν
2761 3306 3079 3375 ὁμοιώματι
3107 3308 3432 3375 ἀνθρώπιον
3457 3311 3634 3378 τενό-

2039 3411 2224 3463 μενος
2244 3433 2258 3458 ,
2285 3393 2384 3447 καὶ
2408 3393 2668 3463 σχήματι
2698 3397 2957 3463 εὑρεθεῐς
2994 3399 3073 3463 ὡς
3121 3397 3454 3466 ἄνθρωπος,
3487 3401 3634 3454 ἐτα-

2046 3485 2341 3539 πείνωσεν
2362 3485 2598 3552 ἑαυτὸν,
2616 3489 2935 3556 γενόμενος
2951 3480 3220 3556 ὑπήκοος
3241 3489 3416 3558 μέχρι
3446 3491 3635 3545 θανά-

2046 3595 2173 3640 του,
2207 3576 2463 3632 θανάτου
2495 3577 2563 3631 δὲ
2587 3580 2884 3648 σταυροῦ,
2925 3581 3019 3633 καὶ
3047 3581 3114 3633 τὰ
3154 3582 3306 3651 ἑξῆς..
3338 3583 3448 3635 Καὶ
3487 3583 3632 3636 καθ-

2048 3669 2123 3734 ὼς
2147 3671 2258 3740 (45)
2290 3671 2435 3740 λέγει
2480 3671 2726 3735 Ἠσαῖαςο
2760 3671 2952 3738 Αὐτὸς
2984 3671 3090 3738 τὰς
3109 3675 3410 3741 μαλακίας
3454 3673 3636 3742 ἡμῶν

2049 3761 2199 3829 αἴρει
2223 3803 2237 3826 ,
2267 3762 2368 3816 καὶ
2392 3763 2524 3832 περὶ
2563 3761 2734 3832 ἡμῶν
2775 3762 3087 3818 όδυνᾱται·
3153 3765 3292 3818 ὥστε
3341 3768 3438 3836 οὐχ
3482 3768 3630 3838 ὑπὲρ

2055 3853 2248 3908 ἑαυτοῦ
2297 3855 2548 3910 όδυνᾶται
2574 3897 2589 3920 ,
2645 3856 2758 3909 ἀλλ’
2792 3855 2932 3928 ὑπὲρ
2963 3857 3116 3931 ἡμῶν
3137 3874 3148 3886 ’
3184 3859 3276 3911 καὶ
3313 3859 3412 3923 οὐκ
3435 3923 3437 3925 ι
3462 3860 3629 3922 αὐτὸς

2056 3944 2449 4017 ἐγκατελείφθη
2481 3945 2586 3998 ὑπὸ
2616 3946 2710 3998 τοῦ
2738 3944 2893 4010 Θεοῦ,
2923 3945 3036 3999 ἀλλ’
3070 3948 3250 4016 ἡμεῖς,
3276 3948 3366 3998 καὶ
3390 3948 3455 4000 δι’
3477 3948 3629 4019 ἡμᾶς

375 4044 501 4106 τοὺς
548 4042 1068 4111 ἐγκαταλειφθέντας
1103 4039 1434 4111 παρεγένετο
1489 4038 1568 4100 εἰς
1608 4037 1698 4090 τὸν
1725 4036 1951 4113 κόσμον.
1990 4037 2104 4089 Καὶ
2126 4038 2215 4090 ὅτε
2247 4037 2426 4106 λέγει’
2481 4041 2577 4092 Διὸ
2613 4040 2710 4092 καὶ
2740 4043 2772 4094 ό
2820 4039 2964 4104 Θεὸς
3014 4039 3198 4094 αὐτὸν
3240 4041 3626 4106 ὑπερύψωσεν

377 4132 475 4186 καὶ
499 4133 816 4202 ἐχαρίσατο
843 4130 1000 4196 αὐτῷ
1029 4131 1212 4200 ὄνομα
1238 4129 1368 4201 (44),
1392 4127 1458 4181 τὸ
1482 4125 1635 4193 ὑπὲρ
1666 4123 1788 4181 πᾶν
1814 4125 1999 4195 ὄνομα
2018 4165 2033 4190 ,
2069 4126 2198 4197 περὶ
2221 4126 2313 4180 τοῦ
2344 4125 2470 4180 ναοῦ
2497 4126 2664 4195 λέγει,
2691 4128 2719 4179 ὃ
2745 4129 2860 4180 ἐστι
2885 4128 2946 4180 τὸ
2977 4127 3133 4197 σῶμα
3162 4127 3346 4179 αὑτοῦ.

449 4250 495 4280 ‘°
519 4247 676 4304 Joan.
709 4265 770 4307 ιι,
804 4249 887 4311 19,
921 4249 1009 4301 21.

1099 4245 1320 4301 “Joan.
1363 4263 1417 4308 x,
1465 4245 1557 4310 ‘27,
1606 4243 1694 4296 28.
1737 4243 1781 4274 “
1810 4241 1942 4298 Luc.
1981 4244 2148 4303 ".52.

2247 4246 2293 4278 ιι
2315 4244 2470 4327 Ξοθῃ,
2504 4263 2558 4312 x,
2598 4246 2685 4300 56.
2780 4246 2826 4277 “
2855 4243 3011 4299 Joan.
3045 4245 3292 4313 “11,19.
3371 4245 3415 4276 "
3431 4243 3628 4327 Matth:

378 4337 546 4383 uvu,
585 4321 672 4372 47.
751 4319 794 4350 ⁸⁸
821 4318 1050 4388 Pnilipp.
1092 4334 1152 4381 ιι,
1177 4317 1230 4382 6,
1257 4316 1307 4368 7.
1383 4315 1425 4346 ⁸⁷
1456 4316 1561 4369 lsa.
1602 4329 1722 4379 LIII,
1754 4313 1806 4366 4.
1883 4314 1928 4345 ⁸⁸

2058 4316 2182 4384 lipp.
2224 4331 2286 4382 ιι,
2313 4317 2367 4371 9.

449 4436 560 4506 (57)
589 4435 935 4506 Theodoretq
968 4432 1093 4506 περὶ
1118 4433 1210 4486 τοῦ
1244 4429 1674 4506 ἱδίουῌσῴματος.

451 4499 563 4572 (58⁷)
601 4504 806 4559 Thend.
852 4505 976 4573 Sag.
1013 4499 1234 4559 Gobler.
1271 4513 1324 4556 et
1377 4499 1524 4556 Felc.
1563 4503 1629 4573 1,
1661 4501 1749 4553 ὅτε
1778 4499 1949 4573 λέγει.

378 4570 523 4631 Felc.
549 4570 605 4639 2,
661 4577 787 4628 ὅταν
821 4570 1067 4643 λέγηται.
1124 4573 1267 4626 Felc.
1302 4573 1355 4634 5,
1395 4572 1536 4643 ὅταν
1573 4570 1726 4643 λέγῃ.
1760 4571 1866 4624 Alii
1899 4579 1954 4625 et

378 4647 526 4710 editi,
549 4647 676 4698 ὅταν
703 4645 870 4713 λέγει.
900 4641 1024 4696 Mox
1056 4641 1635 4713 Seguer.._6t60ttéqu.

452 4709 560 4784 (59)
597 4715 688 4768 Sic
712 4709 933 4782 Se'guer.
961 4709 1179 4768 Goblei.
1206 4723 1259 4767 et
1289 4709 1514 4776 Fate-.1,
1545 4709 1706 4765 recte.
1732 4709 1872 4764 Editi
1900 4717 1954 4764 et

381 4786 495 4852 alii,
535 4785 644 4838 Καὶ
682 4786 809 4854 γάρ.

454 4849 566 4926 (40)
625 4849 706 4909 Ιιιί
760 4849 954 4926 omnes
991 4870 1146 4926 mss.,
1188 4861 1383 4926 praeter
1431 4850 1576 4926 Ifelc.
1610 4852 1663 4914 5,
1705 4849 1795 4926 qui
1829 4865 1952 4903 cum

379 4919 558 5048 {gitis
612 4927 773 4980 habet
855 4923 972 4986 πῶς
1053 4924 1142 4990 δέ,
1190 4919 1377 4976 _male.
1447 4920 1649 4975 Ibidem
1703 4919 1947 4990 Seguer.,

443 5013 543 5048 γει.

480 5015 543 5050 ει.

592 5067 680 5120 Sic
710 5065 958 5133 Segucr.,
993 5072 1156 5118 recte.
1191 5063 1294 5134 Alii
1326 5069 1381 5134 et
1397 5060 1738 5134 edit_i,o§~rw.

453 5129 564 5208 (4'2)
603 5129 1065 5208 S_egueF._GobIer.
1095 5145 1148 5188 et
1169 5133 1313 5208 Fide.
1347 5131 1522 5208 1,-καὶ
1548 5129 1950 5208 ἀλλαχοῦ.)1)ἰι1.

383 5199 631 5277 ὃθξζυέιη
649 5199 978 5277 ).έγει.]ι11“ι·ε
1005 5207 1139 5267 haec,
1162 5201 1254 5256 καὶ
1263 5204 1392 5277 ὅταν
1406 5201 1572 5270 λέγει,
1594 5199 1952 5277 etc.,_|_i'ab_en-

384 5267 548 5332 turvin
572 5267 779 5330 Concil.
810 5275 1407 5342 Constantinopolitano
1436 5267 1514 5333 ιιι,
1555 5282 1695 5342 tom.
1723 5267 1788 5321 IV
1817 5269 1954 5342 Con-

383 5348 472 5402 cil.
504 5364 556 5417 p.
595 5347 733 5417 776.,
762 5345 896 5398 Ibid.
951 5346 1081 5401 editi
1129 5340 1328 5417 habent
1374 5342 1561 5417 se_me_l_
1598 5340 1710 5417 Ges
1736 5341 1954 5417 μου.ΛΑι

383 5409 736 5488 ιιιειιύεοιίριί
770 5429 979 5484 omnes,
1017 5425 1209 5485 praeter
1236 5411 1381 5467 Felc.
1423 5413 1473 5473 5,
1512 5412 1596 5465 bis
1628 5411 1826 5463 habent
1853 5409 1953 5461 Θεέ

457 5505 507 5539 υ.

387 5505 571 5626 μοῗλό)
597 5559 686 5612 Sic
721 5558 1004 5613 Basiliens.
1034 5554 1258 5626 Seguer.
1295 5553 1452 5626 Felc._
1476 5552 1526 5626 9).Δ
1556 5559 1609 5604 et
1643 5549 1695 5611 5,
1729 5547 1946 5626 G_obler.

385 5637 438 5681 et
460 5619 603 5682 Fele.
640 5629 689 5690 i,
713 5632 804 5694 qui
835 5630 942 5682 duo
974 5619 1252 5694 postremi,
1280 5640 1384 5677 non
1443 5622 1640 5694 habent
1683 5619 1778 5694 καί
1828 5626 1953 5694 ante

388 5694 589 5760 καθώς.
616 5688 774 5765 Editi,
813 5688 1064 5767 σταυροῦ.
1102 5692 1317 5757 Καθὼς,
1351 5693 1569 5747 omissis
1605 5689 1815 5744 mediis.
1847 5688 1948 5741 lbi-

1986 4437 2030 4492 D
2059 4432 2438 4504 demSeguer.
2470 4434 2635 4504 Basil.
2673 4433 2881 4504 Anglic.
2913 4429 3055 4504 Felc,
3083 4430 3138 4504 2,
3166 4438 3218 4484 et
3245 4430 3297 4494 5,
3330 4432 3622 4504 μαλακίας,

2055 4501 2194 4557 editi
2211 4514 2264 4557 et
2290 4501 2722 4568 Ξιιιί,άσθενείας.
2746 4501 2962 4556 Gra:cus
2995 4501 3192 4568 Script.
3215 4510 3411 4564 textus,
3444 4501 3626 4576 ἁμαρ-ἒ

2054 4596 2192 4660 τίας,
2233 4594 2397 4650 Hebr,
2441 4578 2603 4658 ’ωιτη
2648 4595 2874 4663 Vulgata
2935 4593 3239 4662 languores,
3274 4606 3438 4649 recte.
3483 4598 3643 4665 Ibid,

2053 4666 2272 4752 graecus
2301 4666 2495 4746 Script.
2527 4676 2720 4752 textus,
2747 4665 3239 4752 'tpéEEt,lPEt).a,i‘p8t.
3272 4666 3406 4752 ibid.
3432 4681 3641 4752 omnes

2056 4737 2167 4790 fere
2195 4733 2572 4804 manuscripti,
2600 4733 2921 4805 περὶὺμῶν.
2940 4733 3101 4805 Editi,
3125 4733 3450 4805 ὑπὲρῂμῶν.
3474 4735 3620 4791 Infra

2056 4808 2304 4876 Seguer.,
2331 4801 2489 4876 quem
2514 4801 2812 4873 sequimur,
2838 4801 2936 4876 καὶ
2951 4802 3049 4876 ουκ
3071 4801 3409 4876 αὐτόςζβιξιιὶ
3427 4816 3480 4859 et
3501 4807 3618 4876 alii,

2053 4871 2153 4927 καῖ
2175 4871 2326 4939 οὗτος
2349 4871 2467 4928 οὐκ.
2506 4871 2625 4929 Mox
2659 4889 2869 4942 seguer.
2899 4871 3113 4927 Gobler.
3155 4884 3207 4927 et
3257 4873 3400 4927 Felc.
3430 4877 3482 4938 i,
3506 4871 3624 4940 ἀλλτ

2055 4945 2323 5016 ἡμεῖςκαὶ
2359 4946 2425 4998 δι’
2473 4947 2638 5016 ἡμᾶς.
2666 4944 2826 5016 Editi,
2867 4942 3000 5016 ἀλλα
3023 4943 3286 5016 δι”ήμᾶς,
3319 4946 3625 5016 minusm-

2054 5009 2156 5069 ete.
2189 5013 2412 5078 Ibidem,
2435 5009 2533 5084 pro
2564 5012 2912 5084 παρεγένετο,
2954 5009 3187 5084 Seguer.
3253 5009 3619 5084 Ιιεδθεῆλθεν.

2057 5085 2185 5139 Ibid.
2227 5080 2847 5152 omnes—manuscripti,
2882 5080 3112 5146 καὶ¹ὃτε,
3161 5094 3349 5150 printer
3389 5080 3534 5138 Fric.
3563 5085 3618 5149 5,

2053 5155 2144 5223 qui
2197 5171 2320 5210 cum
2359 5156 2518 5208 editis
2569 5151 2858 5208 habetxal.
2904 5152 3052 5223 ὅταν.
3116 5153 3212 5208 llic
3253 5168 3432 5223 porro,
3466 5155 3621 5208 locus

2057 5221 2280 5278 liabetur
2308 5226 2446 5293 apud
2471 5224 2889 5284 Theodoretum,
2918 5221 3046 5276 dial.
3073 5223 3130 5290 2,
3160 5239 3213 5293 p.
3237 5223 3323 5285 95,
3343 5222 3569 5282 etGelas
3600 5265 3617 5287 ,

2056 5294 2130 5348 De
2158 5296 2369 5348 duabus
2396 5294 2634 5354 Naturis,
2659 5309 2708 5347 c.
2737 5294 2791 5346 2.

2124 5365 2234 5433 (44)
2263 5367 2353 5419 Sic
2381 5380 2569 5418 omnes
2594 5365 2818 5433 omnin_o
2849 5377 2982 5416 mss.
3016 5360 3624 5433 etTheod.’Editi,6vs-

2056 5431 2152 5504 μα,
2191 5431 2282 5488 καὶ
2312 5434 2381 5486 τὰ
2411 5435 2553 5502 έξῆς.
2587 5433 2720 5504 Ibid.
2758 5431 3006 5504 Theod.,_
3025 5441 3146 5504 post
3194 5432 3321 5504 ξτερὶ
3347 5432 3440 5484 τοῦ
3465 5431 3617 5498 ναοῦ,

2053 5501 2222 5562 addit.
2254 5506 2315 5556 οὐ
2358 5501 2502 5574 περὶέ
2525 5509 2625 5575 τῆς
2680 5503 2950 5575 θεότητος.
2987 5501 3137 5575 Infra
3187 5501 3619 5575 Seguerasclus.

2051 5579 2115 5644 τῇ
2163 5571 2480 5658 ζδίᾳΙσαρκῖ.
2512 5571 2680 5628 Paulo
2720 5571 2840 5640 post
2866 5571 3069 5626 Theod.
3125 5573 3282 5626 habet
3304 5573 3496 5642 ἀρχήν,
3524 5588 3620 5642 pro

2055 5663 2190 5698 κατα
2225 5663 2403 5718 χάριν.
