3810 6228
226 389 332 446 989

1118 387 1206 442 DE
1246 387 1768 446 INCARNATIONE
1808 386 1897 442 ET
1943 388 2228 446 CONTRA
2266 387 2588 444 ARIANOS.

3373 387 3481 445 990

296 504 350 560 3.
399 503 477 558 Οὐ
524 503 630 572 γὰρ
656 504 686 556 6
715 503 975 573 ’Υψιστος
1017 501 1242 572 ὑψοῦται
1262 543 1277 567 ,
1316 503 1433 558 ἀλλ’
1473 506 1506 574 ἠ
1540 504 1677 576 σὰρξ
1705 503 1800 558 τοῦ
1829 519 1845 564 Α

1974 506 2028 559 5.
2065 504 2182 560 Non
2209 505 2354 560 enim
2388 505 2704 561 Altissimus
2743 504 3048 569 exaltatur,
3078 503 3174 559 sed
3229 519 3360 560 caro
3389 506 3482 560 Al-

239 594 498 665 ’Υψίστου
535 595 760 663 ὑψοῦται
784 613 797 626 ο
847 596 940 648 καὶ
965 580 1031 666 ri)
1066 597 1229 668 σαρκὶ
1259 597 1353 650 τοῦ
1394 597 1649 666 Ὑψίστου
1678 598 1809 666 ἐχα-

231 687 417 760 ρίσατο
452 687 625 758 ὄνομα
655 688 718 740 τὸ
749 687 890 758 ὑπὲρ
918 689 1026 740 πᾶν
1065 687 1256 759 ὄνομα.
1295 689 1406 742 Kal
1443 689 1542 759 οὐχ
1583 691 1611 741 6
1639 689 1812 757 Λόγος

226 776 320 831 τοῦ
354 777 497 830 Θεοῦ
536 777 679 832 κατὰ
709 778 869 850 χάριν
897 778 1056 832 ἔλαϐε
1102 781 1163 832 τὸ
1201 779 1478 834 καλεῖσθαι
1504 780 1656 844 Θεὸς,
1695 779 1810 833 ἀλλ’

228 869 262 940 ἡ
301 866 442 940 σὰρξ
468 868 638 922 αὐτοῦ
672 871 768 922 σὺν
803 869 950 940 αὐτῷ
991 871 1338 944 ὲθεολογήθη.
1381 873 1455 926 Οὐ
1492 871 1600 942 γὰρ
1633 868 1807 935 εἷπεν,

226 965 306 1016 ὅτι
332 965 361 1016 6
394 962 574 1032 Λόγος
607 963 738 1028 Θεὸς
779 965 1018 1033 γέγονεν,
1055 964 1208 1028 ἀλλὰ,
1243 963 1387 1029 Θεὸς
1413 959 1492 1033 ἦν
1521 967 1554 1016 ὀ
1580 964 1770 1032 Λόγος
1791 980 1806 993 °

238 1054 350 1106 Ἀεὶ
378 1051 449 1126 ἦν
484 1055 618 1126 (ᾎὸ),
651 1057 836 1127 φησὶν,
869 1059 898 1108 6
919 1057 1048 1119 Θεὸς
1069 1057 1258 1124 Λόγος,
1293 1057 1387 1108 καὶ
1415 1051 1567 1118 οὗτος
1596 1055 1756 1118 αὐτὸς
1783 1057 1811 1108 ὁ

228 1145 357 1207 Θεὸς
397 1144 596 1213 γέγονε
637 1144 806 1216 σὰρξ,
862 1146 948 1198 ἵνα
988 1147 1021 1215 ὴ
1066 1144 1200 1215 σὰρξ
1231 1144 1394 1197 αὑτοῦ
1429 1144 1650 1213 γένηται
1679 1143 1810 1206 Θεὸς

227 1236 424 1304 Λόγος·
461 1235 648 1301 καθὼς
685 1237 779 1291 καὶ
811 1238 839 1288 ὁ
867 1237 1091 1307 Θωμᾶς,
1137 1235 1465 1307 ψηλαφήσεις
1499 1237 1597 1307 τὴν
1632 1236 1809 1306 σάρκα

231 1327 415 1392 αὐτοῦ,
452 1327 748 1399 ἀνεϐόησεν
767 1343 784 1360 ο
828 1328 889 1380 '0
911 1328 1125 1395 Κύριός
1142 1345 1280 1396 μου.
1313 1328 1411 1380 καὶ
1437 1331 1470 1380 ὁ
1501 1329 1644 1392 Θεός
1666 1345 1807 1396 μου,

230 1420 290 1472 τὸ
319 1419 735 1490 συναμφότερον
774 1419 1039 1488 θεολογῶν
1060 1436 1073 1448 ο
1118 1419 1319 1489 ὁμοίως
1357 1420 1413 1472 δὲ
1447 1421 1540 1474 καὶ
1567 1421 1594 1473 ὁ
1630 1420 1812 1474 Ἰωάν-

229 1529 325 1580 νης
371 1510 617 1582 ἔγραψεν
665 1510 774 1580 (46)
800 1527 814 1540 ·
870 1513 930 1563 Ὅ
974 1507 1054 1580 ἦν
1078 1511 1180 1564 ἀπ’
1211 1510 1430 1579 ἀρχῆς.
1482 1511 1513 1564 6
1553 1512 1813 1578 ἀκηκόα-

224 1617 354 1670 μεν,
386 1602 418 1654 6
460 1599 806 1671 ἑωράκαμεν
834 1601 958 1668 τοῖς
980 1601 1306 1670 ὀφθαλμοῖς
1347 1601 1538 1671 ημῶν,
1572 1601 1604 1655 6
1645 1603 1812 1656 ἐθεαο

230 1691 462 1762 σάμεθα
483 1733 500 1757 ,
557 1693 655 1748 καὶ
706 1696 766 1746 al
807 1692 1002 1762 χεῖρες
1042 1692 1212 1761 ημῶν
1235 1693 1647 1762 ἐψηλάφησαν
1679 1695 1811 1762 περὶ

230 1783 334 1836 τοῦ
361 1785 566 1855 Λόγου
605 1783 716 1852 τῆς
753 1782 920 1854 ζωῆς.
979 1784 1212 1856 Φανερδν
1249 1780 1341 1838 οὖν
1391 1787 1571 1851 ἐστιν,
1623 1787 1705 1839 ὅτι
1754 1788 1812 1839 ἐν

234 1876 393 1946 σαρκὶ
439 1878 469 1928 6
517 1877 644 1940 Υἱὸς
706 1877 801 1931 καὶ
849 1877 1022 1946 Λόγος
1065 1876 1160 1930 τοῦ
1203 1878 1414 1948 Πατρὸς
1467 1878 1810 1951 ὲψηλαφήθη,

234 1969 326 2020 καὶ
361 1967 422 2020 τὸ
467 1969 912 2041 συναμφότερον,
959 1971 1154 2038 Λόγον
1181 1968 1351 2039 ζωῆς,
1385 1973 1417 2042 ἡ
1469 1971 1584 2024 θεία
1622 1973 1812 2044 Γραφὴ

235 2059 589 2130 παραδέδωκε
607 2060 718 2129 (47)
743 2059 1154 2132 ψηλαφηθέντα.
1179 2062 1290 2116 Kal
1311 2063 1398 2115 ὅτε
1429 2061 1576 2131 λέγει
1600 2079 1613 2092 ·
1639 2063 1814 2116 Οὔπω

231 2148 308 2220 ἦν
335 2152 585 2222 Πνεῦμα
609 2153 808 2223 ἅγιον,
843 2154 934 2208 ὅτι
978 2155 1206 2221 Ἰησοῦς
1232 2154 1466 2208 οὐδέπω
1489 2155 1811 2222 ἐδοξάσθη,

232 2242 326 2311 τὴν
359 2245 544 2314 σάρκα
578 2244 741 2296 αὐτοῦ
781 2244 928 2314 λέγει
971 2247 1137 2317 μήπω
1169 2244 1532 2312 δοξασθεῖσαν.
1559 2247 1632 2300 Οὐ
1661 2246 1814 2318 γὰρὸ

232 2331 428 2403 Κύριος
447 2334 551 2403 τῆς
569 2333 726 2404 δόξης
741 2334 1044 2401 δοξάζεται,
1064 2336 1180 2389 ἀλλ’
1197 2337 1230 2407 ή
1247 2335 1380 2407 σὰρξ
1392 2336 1486 2389 τοῦ
1498 2338 1704 2408 Κυρίου
1717 2339 1815 2408 τῆς

231 2422 402 2496 δόξης·
428 2424 570 2496 αὕτη
593 2425 858 2496 λαμϐάνει
877 2426 1032 2491 δόξαν
1051 2427 1509 2482 συναναϐαίνουσα
1533 2428 1642 2500 (48)
1665 2429 1815 2500 αὑτῷ

234 2518 309 2578 είς
330 2516 586 2587 οὐρανόν.
617 2517 777 2571 Ὅθεν
796 2519 895 2576 xal
915 2517 1148 2589 Πνεῦμα
1188 2518 1458 2582 υἱοθεσίας
1486 2519 1638 2574 οὔπω
1663 2517 1730 2592 ἦν
1756 2523 1814 2574 ὲν

234 2605 564 2677 ἀνθρώποις,
609 2609 744 2661 διότι
787 2609 1117 2682 ἠληφθεῖσα
1163 2611 1386 2682 ἀπαρχὴ
1433 2611 1492 2678 ἐξ
1542 2611 1697 2683 ἡμῶν
1725 2612 1814 2666 οὕ-

234 2712 324 2751 πω
346 2695 414 2770 ἦν
455 2699 757 2753 ἀνελθοῦσα
782 2703 861 2765 είς
886 2702 1134 2773 οὐρανόν.

298 2789 350 2842 4.
406 2791 551 2844 Ὂσα
597 2786 690 2844 οὖν
727 2791 875 2859 λέγει
919 2793 952 2863 ὴ
997 2792 1208 2863 Γραφὴ,
1255 2792 1336 2845 ὅτι
1366 2792 1811 2859 ἕλαϐενόΥἱός,

235 2882 326 2933 καὶ
362 2877 720 2950 ἐδοξάσθηό
746 2886 898 2949 Υἱος,
949 2882 1037 2936 διὰ
1078 2882 1176 2954 τὴν
1213 2883 1606 2956 ἁνθρωπότητα
1649 2885 1813 2940 αὑτοῦ

234 2971 394 3042 λέγει,
433 2975 502 3027 οὐ
547 2974 636 3028 διὰ
672 2976 772 3046 τὴν
805 2975 1052 3046 θεότητα.
1088 2976 1198 3027 Kal
1237 2976 1324 3028 ὅτε
1368 2976 1476 3048 (49)
1523 2976 1709 3046 λέγει,
1753 2978 1815 3033 ⁸0

239 3065 434 3135 Πατήρ
479 3083 631 3136 μου,
676 3070 708 3121 ό
751 3065 994 3136 πέμψας
1041 3084 1118 3138 με
1141 3109 1156 3133 ,
1195 3067 1410 3137 μείζων
1456 3086 1577 3138 μου
1620 3071 1812 3136 ἐστὶν,

237 3160 353 3211 ἐπεὶ
395 3159 687 3229 ἅνθρωπος
724 3159 937 3228 γέγονε,
989 3157 1161 3229 μείζω
1211 3157 1378 3212 αὐτοῦ
1416 3158 1562 3228 λέγει
1590 3160 1681 3214 τὸν
1704 3163 1816 3214 Πα-
1840 3176 1885 3236 ο

237 3251 383 3323 τέρα.
430 3251 608 3319 Λόγος
653 3252 711 3305 δὲ
757 3251 832 3304 ὢν
868 3251 960 3304 τοῦ
995 3251 1242 3323 Πατρὺς,
1283 3251 1396 3314 ῐσος
1436 3251 1600 3305 αὐτοῦ
1643 3254 1812 3309 ἐστιν.

249 3344 384 3412 Ἐγὼ
415 3343 552 3416 γὰρ,
587 3345 753 3412 φησι,
795 3344 894 3397 καὶ
943 3347 977 3398 ό
1022 3343 1224 3412 Πατὴρ
1264 3343 1335 3397 ἓν
1374 3345 1581 3413 ἐσμεν
1628 3345 1723 3398 καὶ
1760 3346 1812 3398 '0

237 3436 509 3504 ἑωρακὼς
552 3437 656 3506 ἐμὲ
699 3435 918 3506 ἑώρακε
952 3436 1061 3490 τὸν
1091 3435 1345 3504 Πατέρα.
1398 3437 1506 3489 Kal
1558 3437 1658 3488 οὐκ
1707 3435 1815 3490 ἀπὸ

238 3528 492 3599 ἁρπαγῆς
532 3528 644 3599 (50)
683 3528 795 3599 ἕχει
846 3529 907 3581 τὸ
954 3526 1091 3583 εἶναι
1143 3529 1304 3582 αὐτὸν
1345 3529 1457 3582 ἴσον
1498 3527 1577 3599 τῷ
1615 3528 1813 3600 Πατρὶ,

241 3618 370 3672 ἀλλὰ
399 3619 546 3673 κατὰ
574 3619 732 3689 φύσιν
763 3619 877 3683 ἴσος
903 3622 1018 3674 ἐστὶ
1053 3620 1146 3673 καὶ⁵
1176 3620 1459 3690 ὁμοούσιος
1495 3621 1572 3692 τῷ
1600 3621 1775 3695 Πατρί
1796 3637 1810 3652 ⁸

240 3707 367 3762 διότι
413 3711 486 3764 ὲκ
525 3710 617 3781 τῆς
659 3709 933 3782 πατρικῆς
970 3709 1154 3775 οὐσίας
1189 3711 1531 3783 γεγέννηται.
1580 3713 1690 3766 Kal
1725 3713 1813 3767 ὅτε

240 3797 379 3867 λέγει
407 3803 435 3854 6
480 3799 802 3864 Ἀπόστολος
825 3841 840 3866 ,
872 3803 991 3854 Ὅτι
1033 3802 1103 3855 ἐν
1135 3802 1368 3870 Χριστῷ
1407 3803 1668 3856 κατοικεῖ
1693 3801 1818 3858 πᾶν

239 3885 302 3943 τὸ
354 3891 649 3962 πλήρωμα
706 3893 818 3960 τῆς
880 3895 1160 3961 θεότητος
1211 3893 1583 3964 σωματικῶς,
1635 3897 1692 3949 ὲν
1745 3899 1811 3968 τῇ

244 3985 400 4053 σαρκὶ
441 3985 609 4038 αὐτοῦ
661 3987 935 4038 κατοικεῖν
982 3987 1091 4040 πᾶν
1138 3985 1248 4056 (5|)
1293 3986 1353 4038 τὸ
1397 3986 1671 4058 πλήρωμα
1716 3988 1814 4058 τῆς

243 4072 493 4149 θεότητος
540 4076 776 4148 νοητέον.
817 4077 927 4130 Kal
955 4078 1042 4130 ὅτε
1071 4077 1247 4146 λέγει,
1289 4077 1394 4142 ’ος
1420 4094 1486 4146 γε
1523 4078 1630 4131 τοῦ
1662 4077 1814 4133 ἰδίου

252 4166 384 4223 Υιοῦ
433 4171 547 4223 οὐκ
590 4170 892 4240 ἐφείσατο,
950 4171 1087 4224 ἀλλ’
1155 4169 1306 4238 ὑπὲρ
1358 4169 1527 4240 ἡμῶν
1574 4169 1818 4224 πάντων

243 4261 583 4328 παρέδωκεν
628 4263 848 4325 αὐτόν,
904 4260 1138 4331 ἀλλαχοῦ
1193 4262 1373 4331 λέγει’
1413 4261 1617 4328 Καθὼς
1647 4262 1743 4316 καὶ
1782 4265 1816 4316 ὁ

245 4357 494 4424 Χριστὸς
546 4356 822 4427 ἠγάπησε
865 4355 981 4422 τὴν
1019 4357 1403 4424 Ἐκκλησίαν,
1448 4357 1545 4410 καὶ
1600 4356 1818 4410 ἑαυτὸν

245 4448 582 4516 παρέδωκεν
610 4449 763 4522 ὑπὲρ
788 4447 1000 4516 αὐτῆς.

311 4635 355 4667 δ’
377 4634 535 4689 Joan.
571 4649 611 4699 ι,
648 4634 697 4686 l.

246 4700 291 4740 ⁸⁵
315 4703 473 4760 Joan.
501 4697 613 4768 xlv,
641 4703 694 4758 9.
772 4702 820 4734 ⁸⁸
871 4701 1086 4756 Cnloss.
1134 4715 1193 4764 ιι,
1249 4699 1302 4753 9.
1375 4699 1418 4730 ⁵⁷
1447 4697 1605 4753 Rom.
1629 4713 1749 4761 νιιι,
1784 4701 1876 4758 52.

793 4632 839 4664 ⁸⁰
864 4629 1022 4685 Joan.
1055 4645 1147 4693 xx,
1186 4628 1277 4682 ‘28.
1353 4628 1398 4659 ⁸¹
1423 4626 1616 4683 IJoan.
1649 4643 1688 4690 ι,
1722 4629 1771 4684 1.
1853 4632 1898 4664 ⁸²
1928 4633 2089 4688 Joan.
2135 4649 2233 4697 vn,
2269 4631 2358 4686 59.

1912 597 2153 652 tissimi:
2182 597 2558 668 Altissimique
2605 597 2758 652 carni
2810 612 3008 650 nomen
3040 596 3263 651 donavit
3285 638 3301 664 ,
3335 597 3481 667 quod

1910 699 1994 744 est
2016 705 2180 760 super
2202 705 2364 745 omne
2389 705 2610 744 nomen.
2639 685 2824 758 Neque
2851 687 2945 744 Dei
2971 687 3210 742 Verbum
3240 705 3337 759 per
3356 704 3484 759 gra-

1910 779 2041 835 tiam
2063 779 2292 850 accepit,
2320 787 2382 834 ut
2397 779 2541 835 Deus
2570 787 2877 844 vocaretur,
2905 778 2998 834 sed
3020 793 3148 833 caro
3175 779 3294 849 ejus
3313 779 3484 850 698

1911 888 2019 927 una
2051 888 2175 926 cum
2216 872 2359 941 ipso,
2400 870 2494 926 Dei
2535 885 2731 925 nomen
2777 871 3029 940 accepit:
3063 886 3171 924 non
3207 871 3350 925 enim
3396 871 3482 925 di-

1912 967 1989 1020 xit
2021 983 2034 1019 :
2065 963 2300 1019 Verbum
2325 963 2466 1019 Deus
2492 962 2693 1017 factum
2718 974 2832 1028 est;
2860 964 2953 1018 sed
2979 982 2991 1016 :
3029 963 3169 1016 Dcus
3200 973 3314 1017 erat
3356 961 3481 1017 Ver-

1912 1054 2035 1107 bum
2056 1053 2102 1085 “
2131 1071 2143 1106 :
2189 1052 2432 1122 Semper,
2465 1053 2661 1124 inquit,
2707 1051 2846 1106 Deus
2870 1061 2984 1106 erat
3007 1051 3243 1108 Verbum
3263 1095 3279 1120 ,
3309 1063 3364 1108 et
3389 1054 3482 1110 hic

1913 1148 2030 1216 ipse
2079 1148 2221 1202 Deus
2255 1161 2385 1201 caro
2420 1145 2596 1200 factus
2621 1155 2739 1208 est,
2773 1155 2833 1199 ut
2858 1160 2984 1200 caro
3015 1147 3133 1216 ejus
3163 1148 3312 1202 lieret
3337 1147 3484 1205 Deus

1911 1235 2170 1292 Verbum.
2232 1234 2411 1302 Quare
2446 1243 2500 1289 et
2533 1233 2771 1288 Thomas
2801 1250 2924 1290 cum
2955 1251 3175 1290 carnem
3209 1237 3329 1306 ejus
3365 1236 3486 1307 pal-

1911 1339 2115 1400 passet,
2149 1329 2470 1384 exclamavit
2511 1347 2524 1382 :
2563 1328 2816 1382 Dominus
2838 1346 3002 1394 meus,
3031 1340 3079 1384 et
3103 1330 3242 1385 Deus
3264 1331 3481 1399 meus",

1915 1433 2207 1492 utrumque
2238 1422 2400 1476 simul
2425 1421 2594 1476 Deum
2624 1423 2922 1493 appellans.
2950 1421 3138 1476 ltidem
3163 1433 3216 1477 et
3243 1423 3484 1478 Joannes

1913 1514 2028 1567 haec
2062 1513 2278 1580 scripsit
2304 1533 2316 1566 :
2345 1512 2498 1578 Quod
2520 1513 2623 1583 fuit
2658 1515 2723 1567 ab
2753 1515 2906 1567 initio
2933 1556 2948 1578 ,
2999 1513 3138 1584 quod
3164 1516 3484 1582 audivimus,

1913 1603 2052 1674 quod
2088 1603 2314 1657 vidimus
2363 1604 2528 1657 oculis
2555 1606 2748 1658 nostris
2774 1645 2788 1669 ,
2818 1606 2958 1674 quod
2997 1607 3353 1673 perspeximus
3379 1646 3395 1670 ,
3434 1615 3485 1660 et

1915 1711 2101 1748 manus
2157 1705 2354 1749 nostra:
2413 1703 2867 1748 contrectaverunt
2913 1694 2977 1750 de
3037 1694 3202 1750 Verbo
3258 1698 3378 1752 vita:
3413 1697 3482 1750 ".

1914 1785 2200 1854 Propalam
2249 1793 2332 1842 est
2373 1785 2572 1851 igitur,
2607 1786 2660 1839 in
2700 1800 2863 1841 carne
2919 1787 3117 1842 Filium
3166 1797 3220 1844 et
3244 1787 3485 1845 Verbum

1914 1875 2090 1931 Patris
2122 1877 2398 1946 palpatum
2436 1875 2606 1931 fuisse
2629 1917 2644 1941 ,
2670 1884 2722 1931 et
2757 1884 3054 1947 utrumque
3084 1876 3366 1947 Scriptura
3396 1879 3482 1934 di-

1913 1968 2038 2021 vina
2071 1968 2288 2021 tradidit
2337 1983 2458 2022 esse
2498 1966 2722 2021 Verbum
2745 1968 2865 2022 vitae
2895 1968 3039 2038 quod
3070 1970 3347 2040 palpatum
3378 1978 3484 2025 est.

1915 2057 1980 2112 Et
2009 2073 2132 2112 cum
2159 2058 2289 2112 dicit
2318 2075 2331 2112 :
2361 2056 2609 2110 Nondum
2661 2065 2778 2110 erat
2835 2056 3066 2126 Spiritus
3117 2057 3275 2112 datus
3295 2099 3310 2123 ,
3357 2061 3487 2129 quia

1913 2147 2070 2200 Iesus
2121 2146 2354 2200 nondum
2401 2155 2518 2200 erat
2567 2147 2894 2216 gloriﬁcatus
2928 2148 2969 2178 ’ί
2996 2187 3011 2212 ,
3066 2147 3133 2202 de
3162 2161 3328 2202 carne
3363 2147 3486 2215 ejus

1914 2239 2155 2308 loquitur
2194 2237 2432 2292 nondum
2475 2237 2793 2307 gloriﬁcata.
2854 2235 2974 2291 Non
3022 2238 3169 2292 enim
3219 2237 3487 2293 Dominus

1913 2334 2100 2404 gloriae
2148 2331 2516 2401 glorificatur,
2561 2330 2654 2385 sed
2696 2345 2826 2385 caro
2850 2328 3064 2384 Domini
3115 2329 3298 2398 gloria:
3324 2347 3338 2382 :
3368 2328 3488 2397 ipsa

1915 2423 2140 2494 gloriam
2186 2421 2382 2490 accipit
2427 2420 2519 2474 ubi
2549 2434 2660 2474 una
2689 2435 2813 2474 cum
2847 2420 2940 2473 illo
2975 2419 3029 2472 in
3061 2420 3258 2474 coelum
3290 2433 3487 2474 ascen-

1915 2514 2014 2568 dit.
2047 2512 2198 2567 Unde
2229 2510 2463 2580 Spiritus
2488 2509 2796 2579 adOptionis
2821 2509 3061 2564 nondum
3085 2519 3204 2564 erat
3234 2509 3286 2564 in
3313 2507 3490 2563 horni-

1916 2605 2098 2667 nibus,
2126 2602 2256 2672 quia
2277 2601 2531 2670 primitiaa
2562 2616 2626 2654 ex
2651 2600 2808 2654 nobis
2836 2608 3128 2669 assumpta:
3155 2597 3395 2653 nondum
3429 2601 3488 2654 in

1915 2696 2112 2751 coelum
2142 2694 2515 2748 ascenderant.

1985 2786 2038 2838 4.
2064 2783 2416 2852 Quaecunque
2446 2782 2609 2851 igitur
2633 2780 2912 2850 Scriptura
2932 2780 3091 2844 dicit,
3123 2795 3318 2850 nempe
3344 2798 3356 2834 :
3393 2796 3487 2834 ac-
3545 2811 3548 2814 η

1917 2877 2052 2945 cepit
2081 2873 2275 2940 Filius,
2308 2872 2639 2942 gloriﬁcatus
2668 2881 2746 2925 est
2779 2869 2976 2937 Filius,
3003 2881 3222 2942 propter
3245 2873 3364 2942 ejus
3386 2873 3491 2926 hu-

1916 2967 2271 3031 manitatem,
2305 2971 2360 3018 et
2403 2979 2512 3017 non
2565 2972 2784 3032 propter
2817 2963 3070 3018 deitatem
3118 2963 3196 3018 sic
3223 2963 3487 3033 loquitur.

1916 3058 2130 3113 Etcum
2157 3057 2331 3121 dicit,
2364 3053 2532 3108 Pater
2562 3071 2705 3107 meus
2743 3055 2834 3124 qui
2879 3055 3025 3108 misit
3054 3071 3166 3118 me,
3199 3055 3496 3124 majorne

1915 3160 1991 3205 est
2014 3151 2080 3215 ⁸⁸,
2111 3164 2176 3204 eo
2197 3149 2328 3204 dicit
2345 3147 2559 3202 Patrem
2589 3163 2648 3203 se
2672 3147 2934 3216 majorem
2954 3189 2968 3212 ,
2996 3149 3141 3217 quod
3168 3149 3283 3217 ipse
3324 3149 3490 3202 homo

1919 3242 2098 3296 factus
2127 3241 2216 3295 sit.
2273 3239 2411 3294 Cum
2449 3247 2630 3293 autem
2667 3234 2900 3290 Verbum
2932 3237 3005 3292 sit
3034 3235 3234 3300 Patris,
3262 3237 3494 3306 aequalis

1919 3343 2003 3389 est
2035 3333 2132 3387 illi.
2162 3330 2298 3385 Nam
2327 3329 2460 3401 Ego,
2497 3329 2692 3398 inquit,
2725 3337 2776 3382 et
2809 3327 2971 3382 Pater
3001 3344 3163 3381 unum
3193 3343 3377 3381 sumus
3406 3327 3492 3392 “;

1919 3435 1972 3480 et
2001 3444 2014 3480 :
2047 3425 2149 3489 Qui
2180 3422 2309 3477 vidit
2339 3439 2440 3488 me,
2470 3420 2600 3476 vidit
2631 3431 2680 3474 et
2713 3419 3009 3487 Patrem”.
3038 3418 3118 3473 Ac
3148 3433 3255 3472 non
3297 3433 3363 3472 ex
3399 3433 3485 3472 ra-

1919 3515 2047 3585 pina
2076 3515 2238 3568 habet
2259 3514 2400 3582 quod
2431 3511 2740 3580 sitaequalis
2756 3509 2924 3568 Patri.
2944 3509 3037 3564 sed
3059 3507 3358 3564 secundum
3390 3521 3491 3560 na-

1919 3617 2095 3660 turam
2121 3604 2346 3673 aequalis
2371 3611 2472 3670 est,
2493 3615 2546 3656 et
2571 3599 3051 3657 consubstantialls
3073 3599 3243 3665 Patri,
3271 3598 3399 3669 quia
3420 3613 3492 3653 ex

1918 3699 2096 3755 Patris
2118 3695 2417 3754 substantia
2446 3697 2660 3766 genitus
2691 3703 2795 3748 est.
2829 3693 2896 3748 Et
2929 3709 3053 3748 cum
3083 3691 3376 3761 Apostolus
3405 3690 3491 3745 di-

1919 3793 1993 3847 cit
2024 3830 2039 3855 ,
2075 3789 2214 3855 Quia
2244 3790 2297 3841 in
2325 3787 2535 3842 Christo
2562 3785 2824 3840 inhabitat
2856 3785 3025 3839 omnis
3051 3783 3322 3854 plenitudo
3355 3783 3496 3837 dioi-

1921 3884 2106 3938 nitatis
2137 3880 2482 3950 corporaliter
2505 3880 2585 3942 ",
2621 3880 2675 3932 in
2708 3893 2872 3933 carne
2904 3877 3023 3947 ejus
3049 3877 3354 3932 inhabitare
3379 3876 3494 3946 ple-

1920 3974 2219 4028 nitudinem
2243 3971 2564 4034 divinitatis,
2590 3968 2996 4040 intelligendum
3020 3977 3122 4024 est.
3149 3967 3217 4022 Et
3239 3982 3362 4023 cum
3392 3968 3492 4022 ali-

1920 4065 2138 4136 quando
2165 4064 2382 4127 dixerit,
2436 4061 2541 4126 Qui
2577 4062 2792 4130 proprio
2822 4057 2962 4113 Filio
2985 4075 3080 4114 suo
3107 4073 3208 4112 non
3239 4058 3492 4128 pepercit,

1919 4156 2010 4210 sed
2040 4171 2134 4224 pro
2179 4153 2326 4208 nobis
2375 4151 2615 4205 omnibus
2651 4149 2876 4204 tradidit
2907 4147 3062 4202 illum
3084 4147 3128 4179 ⁸⁷
3154 4186 3170 4212 ,
3219 4146 3326 4201 alio
3375 4146 3495 4200 loco

1920 4249 1998 4302 ait
2031 4266 2044 4302 :
2080 4247 2229 4301 Sicut
2261 4255 2308 4300 et
2339 4243 2583 4300 Christus
2621 4241 2809 4296 dilexit
2845 4238 3157 4305 Ecclesium,
3187 4245 3237 4292 et
3267 4237 3494 4304 seipsum

1922 4341 2142 4395 tradidit
2168 4356 2263 4410 pro
2285 4355 2345 4392 ea
2376 4339 2442 4392 ⁸⁸.

2456 4630 2502 4662 ⁸³
2526 4627 2684 4684 Joan.
2736 4643 2846 4695 xw,
2869 4624 2962 4680 28.
3059 4624 3105 4656 ³⁸
3128 4622 3281 4678 Joan.
3311 4640 3368 4684 κ.
3402 4623 3491 4678 '50.

1984 4705 2032 4736 ³⁸
2061 4703 2262 4774 Ephes.
2297 4719 2350 4767 ν,
2382 4701 2473 4756 25.

317 4823 423 4938 (ἐξ)
444 4821 684 4938 ἓξὲἐειο.
714 4819 924 4890 Anglic.
949 4826 1005 4873 et
1027 4817 1268 4882 Gobler.,
1298 4814 1386 4877 ἀεὶ
1415 4812 1505 4887 ἦν,
1525 4834 1582 4886 φ.
1609 4815 1664 4871 1η
1689 4818 1808 4872 edi-
1841 4825 1845 4878 ζ

1923 4822 2132 4879 Gobler.
2155 4832 2211 4876 et
2232 4821 2379 4876 Felc.
2555 4816 2826 4872 Theodor.
2859 4830 2961 4938 gr?
3011 4811 3072 4877 ἐξ
3116 4811 3273 4882 ἡμῶν
3332 4809 3496 4890 habet

1923 4893 1972 4938 EE
2002 4893 2323 4938 ἀνθοατιπων-
2378 4889 2520 4938 Ειίιιι
2562 4905 2711 4938 vero.
2745 4886 2853 4938 ληω
2893 4901 3012 4937 εισα
3065 4882 3200 4938 σὰρξ
3233 4879 3292 4938 ἐξ
3321 4882 3494 4938 ἀργῆς

252 4889 414 4948 ιὶεῆν
444 4889 614 4946 deest.

317 4949 426 5030 (ιθ)
460 4963 536 5017 Ita
559 4961 979 5031 Seguer.gre_cte.
1005 4956 1148 5031 Editi
1179 4972 1310 5031 vero
1339 4965 1392 5010 et
1416 4957 1528 5031 alii,
1553 4957 1810 5031 ἔγραφεν.

252 5026 415 5087 Paulo
436 5041 574 5102 post,
617 5026 753 5096 haec,
781 5029 809 5082 6
818 5027 1196 5102 ἐθεασάμεθα,
1237 5026 1435 5086 desunt
1480 5029 1532 5081 in
1585 5026 1809 5097 Seguer.

251 5098 454 5172 Anglic.
486 5103 705 5157 Goblcr.
736 5098 1132 5172 etiFelckij'.

320 5165 428 5242 (ΓΙ)
461 5174 684 5241 Segucr.
719 5171 934 5242 Gobler.
958 5179 1017 5242 et
1054 5165 1198 5242 Felc.
1241 5167 1292 5230 1,
1344 5166 1646 5242 massa-.9.
1691 5167 1815 5242 Mox

256 5237 432 5307 iidem,
454 5237 583 5302 ὅταν
611 5242 768 5313 λέγῃ.
799 5238 923 5313 Haec
955 5239 1082 5313 item
1113 5237 1382 5313 habentur
1404 5237 1544 5313 apud
1575 5237 1822 5313 Thfodo-

256 5323 423 5370 retum
457 5323 510 5368 et
563 5307 840 5368 Gelasium
895 5309 1029 5364 locis
1077 5309 1334 5377 superius.
1366 5307 1586 5362 notatis.
1645 5307 1818 5366 Paulo

257 5395 369 5450 post
401 5385 648 5453 Seguer.,
679 5381 829 5435 οὔπω
867 5376 1158 5453 ἐδοξάσθη,
1182 5376 1345 5453 Editi,
1375 5377 1602 5453 ορδέιτῳ.

321 5453 428 5525 (48)
453 5447 763 5510 [Ῑεειίοιιειῐι
787 5455 1071 5525 sequimur
1091 5447 1438 5525 Theodoreti.
1460 5447 1600 5501 Editi
1631 5459 1814 5504 autem

255 5516 546 5580 et'omnes
593 5539 727 5578 mss.
792 5521 996 5575 habent
1053 5516 1564 5580 συναναϐαίνουσαν,
1630 5534 1816 5576 errore

261 5592 380 5648 hinc
407 5605 546 5653 orto.
582 5593 727 5664 quod
754 5599 1041 5664 cernentes
1066 5589 1273 5664 librarii
1297 5602 1484 5642 vocem
1509 5589 1816 5664 praaceden-

258 5671 360 5717 tem
405 5657 865 5732 Macta-putarint
896 5659 1244 5732 scribendum
1293 5657 1812 5732 _o_uva3a6a£gouoav.

261 5732 322 5784 At
345 5727 507 5801 liquet
527 5727 713 5788 reférri
740 5732 806 5786 ad
835 5745 1020 5784 vocem
1081 5728 1239 5801 σάρξ.
1293 5728 1414 5801 Mox
1443 5727 1809 5801 Seg._Gobler.

260 5779 321 5857 ἑιῖ
335 5779 856 5873 ἔὲιὲἶίζῖἧῲὸέιὲα⁷
875 5779 1107 5872 aiam
1124 5779 1238 5863 ’ἓξ
1259 5779 1414 5870 ἤμει
1443 5779 1543 5868 (ἐξ
1555 5779 1711 5853 δόρει
1738 5779 1812 5854 ἰιι

1914 4893 2323 4964 ὲξγάνθρώπων.
2377 4889 2521 4944 Editi
2562 4905 2711 4952 vero,
2745 4886 2853 4957 ληφ

1914 4963 2011 5016 ἀνθ
2053 4963 2238 5015 ώπων.

1987 4981 2100 5102 (f9)
2139 5032 2238 5086 Ηιεε

2893 4887 3012 4937 εῖσα
3053 4871 3200 4954 ’σὰρξ
3233 4879 3292 4946 ἐξ
3321 4871 3494 4952 ἀρχῆς

2045 5033 2100 5094 9)
2139 5032 2284 5094 Haec,
2321 5031 2429 5084 Kal
2460 5031 2570 5094 ὅτε,
2606 5037 2736 5090 ctc.,
2768 5040 2972 5094 usque“
2997 5023 3064 5077 ad
3116 5037 3351 5094 sequens
3381 5020 3494 5094 K_al

1911 5091 2002 5156 ὅτε
2039 5091 2237 5171 λέγειὸ
2274 5091 2398 5155 Ἂπ.
2424 5091 2810 5171 (ιιῠιϐοωεικ
2837 5091 2900 5171 ει
2939 5091 3376 5171 Fclc._l_h_abe_nt
3409 5091 3493 5144 ὅτι

1927 5161 2672 5244 )léyu)'desuut_in‘Seguer.
2707 5165 2930 5244 _Gobler.
2975 5161 3255 5244 _et.Felck.
3298 5161 3496 5244 i,__nec

1927 5231 2065 5298 lec'ta
2090 5231 2224 5298 sunt
2248 5259 2278 5296 a
2311 5231 2549 5296 Nannio:
2563 5247 2617 5293 ct
2655 5239 2720 5291 ad
2749 5236 2951 5290 calcem
2975 5234 3136 5304 hujus
3156 5231 3405 5302 opusculi
3437 5231 3493 5284 in

1925 5315 2413 5384 quibusdamrmss.
2438 5309 2863 5384 sunt__resti_tuta.
2902 5374 2914 5384 _
2960 5375 2972 5384 _
3227 5372 3239 5384 ο
3305 5371 3317 5382 .

1996 5384 2106 5454 (50.)
2142 5383 2330 5446 Basil.,
2355 5383 2520 5433 ἐστιν.
2551 5378 2661 5432 Kal
2689 5378 2788 5430 οὐκ
2820 5374 2928 5427 ὰπὸ
2949 5375 3107 5444 ἁρπ.,
3133 5374 3352 5428 omissis
3381 5385 3496 5426 me-

1922 5454 2047 5509 diis.

1995 5523 2106 5594 (5i)
2141 5522 2230 5576 Sic
2259 5520 2500 5594 Seguer._
2509 5518 2716 5594 Anglic.
2742 5516 2903 5594 Galil.
2925 5513 3067 5594 Fclc.
3103 5517 3148 5594 [ς
3179 5513 3245 5594 in“
3267 5509 3493 5594 Segusr.

1924 5583 2030 5647 πᾶν
2052 5583 2222 5655 deest,
2253 5602 2308 5645 et
2332 5583 2415 5644 “in
2463 5583 2680 5643 anlet'.
2725 5597 2779 5640 et
2816 5585 2960 5639 Felc.
3003 5586 3028 5639 1
3067 5585 3168 5654 τῆς
3221 5583 3492 5655 θεότητος.

1923 5644 2336 5730 Εοίιίξννοήῖτέον
2365 5663 2422 5713 ὲν
2455 5663 2520 5730 τῇ
2545 5660 2708 5730 σαρκὶ
2734 5657 2919 5721 αὑτοῦ,
2954 5644 3174 5712 omissis
3203 5659 3344 5708 alus.
3365 5644 3495 5708 Ποί

1923 5697 2084 5730 nun“,
2125 5697 2196 5715 γ’σι
2227 5697 2336 5715 \IGVV
2365 5697 2421 5713 GI
2465 5697 2520 5730 ὕει
2545 5697 2708 5727 υνιιιηυ
2734 5697 2863 5710 *σιν

1923 5733 2066 5790 Felc.
2097 5734 2150 5799 5,
2185 5697 2380 5786 ἔδωκεν
2410 5748 2506 5801 pro
2532 5729 2863 5800 παρέδωκεν.
