3810 6228
316 360 420 416 991
903 361 959 418 S.
1002 361 1375 438 ATHANASH
1413 364 1564 420 OPP.
1608 363 1791 420 PARS
1830 365 1871 420 I.
1903 396 1972 406 —
2013 363 2382 422 lllSTORlCA
2426 367 2514 422 ET
2553 368 2974 426 DOGMATICA.
3463 368 3605 425 992

246 546 252 552 ¹
389 472 443 528 5.
478 469 596 528 Non
635 474 782 529 enim
825 483 886 529 ut
941 475 1179 543 seipsum
1235 477 1443 531 salvum
1493 477 1694 533 faceret
1740 479 1889 533 venit

2061 481 2112 536 5.
2142 483 2216 536 Οὐ
2246 483 2355 553 γὰρ
2381 483 2571 536 ἑαυτὸν
2587 479 2717 554 ἦλθε
2749 483 2922 538 σῶσαι
2941 483 3250 546 ὁάθάνατος
3269 483 3404 548 Θεὸς
3433 486 3602 555 (59.),

320 562 486 628 Deus,
508 566 600 635 qui
631 575 715 620 est
741 567 1094 633 immortalis;
1123 568 1216 622 sed
1243 578 1302 622 ut
1328 585 1428 624 nos
1445 570 1752 640 quimortui
1770 586 1889 625 era-

2029 573 2126 626 λλὰ
2152 575 2279 636 τοὺς
2322 574 2726 638 θανατωθέντας
2747 595 2759 606 ·
2797 577 2889 628 καὶ
2907 576 3004 645 οὐχ
3033 576 3170 647 ὑπὲρ
3196 575 3392 628 ἑαυτοῦ
3436 577 3603 630 ἐπα-

318 668 444 706 mus
487 652 743 709 liberaret
776 673 788 708 :
827 670 1000 724 neque
1040 673 1137 726 pro
1185 674 1243 712 se
1283 673 1477 727 passus
1505 669 1631 724 est,
1665 660 1760 714 sed
1792 674 1891 726 pro

2029 683 2103 728 εν,
2146 666 2259 719 ἀλλ’
2290 667 2428 736 ὑπὲρ
2450 667 2607 736 ἡμῶν
2627 685 2640 698 ·
2669 667 2811 720 ὥστε
2853 668 2941 720 διὰ
2969 667 3125 720 τοῦτο
3160 669 3261 738 τὴν
3291 668 3600 722 εὐτέλειαν

318 744 480 799 nobis
517 762 530 798 :
565 745 639 798 ita
685 753 745 799 ut
794 746 916 800 ideo
959 759 1201 804 nostram
1248 751 1512 805 vilitatem
1543 751 1892 820 inopiamque

2036 757 2150 828 μῶν
2174 757 2268 810 καὶ
2289 757 2386 827 τὴν
2401 759 2673 828 πτωχείαν
2696 759 3000 824 ἀνεδέξατο,
3027 758 3116 811 ἵνα
3137 760 3267 829 ἡμῖν
3289 757 3379 810 τὸν
3407 759 3599 811 πλοῦ-ο

317 836 641 904 susceperit,
681 845 740 890 ut
769 837 928 893 nobis
951 839 1169 894 divitias
1204 842 1493 912 largiretur
1520 859 1668 898 suas.
1704 842 1892 898 Passio

2029 865 2082 900 ον
2109 847 2272 900 αὐτοῦ
2298 847 2608 918 χαρίσηται.
2635 848 2708 900 Τὸ
2728 847 2836 919 γὰρ
2857 847 3026 909 πάθος
3041 847 3225 910 αὐτοῦ,
3244 849 3276 918 ἠ
3286 846 3403 917 μῶν
3427 849 3594 900 ἀπά-

317 925 461 980 enim
511 925 651 994 ejus,
688 936 877 981 nostra
930 941 1011 983 est
1066 931 1476 1000 impassibilitas
1506 952 1519 986 :
1550 948 1698 988 mors
1748 933 1888 1002 ejus,

2030 939 2114 992 ειά
2169 939 2322 991 ἐστι·
2381 940 2474 992 καὶ
2522 941 2551 992 6
2581 938 2807 1003 θάνατος
2861 939 3049 1002 αὐτοῦ,
3093 940 3250 1010 ἡμῶν
3300 938 3592 992 ἀθανασία

317 1027 503 1072 nostra
527 1018 912 1077 immortalitas
940 1041 952 1076 :
980 1023 1232 1094 lacrymte
1274 1025 1430 1094 ejus,
1462 1034 1712 1082 nostrum
1755 1041 1890 1097 gau-

2029 1029 2109 1082 στί
2138 1028 2250 1100 (55)
2272 1046 2285 1058 '
2322 1029 2416 1082 καὶ
2446 1029 2507 1082 τὸ
2529 1028 2757 1101 δάκρυον
2788 1029 2973 1094 αὑτοῦ,
2994 1029 3135 1101 χαρὰ
3161 1029 3402 1100 ἡμετέρα
3428 1045 3444 1058 ·
3479 1028 3590 1080 καὶ

316 1107 467 1162 dium
500 1127 514 1163 :
541 1111 820 1181 sepultura
857 1114 996 1184 ejus,
1029 1125 1211 1169 nostra
1237 1118 1589 1184 resurrectio,
1624 1127 1678 1182 et
1718 1119 1894 1188 bapti-

2049 1120 2192 1192 ταφὴ
2221 1119 2403 1184 αὑτοῦ,
2425 1119 2580 1190 ἡμῶν
2611 1120 2922 1182 ἀνάστασις·
2952 1120 3044 1172 καὶ
3072 1120 3133 1172 τὸ
3158 1119 3438 1190 βάπτισμα
3479 1118 3591 1171 αὖ·

319 1213 471 1253 smus
491 1199 632 1268 ejus,
660 1213 845 1257 nostra
875 1201 1262 1257 sanctiﬁcatio:
1286 1220 1409 1257 nam
1439 1204 1541 1257 Pro
1566 1205 1664 1271 eis,
1693 1204 1890 1274 inquit,

2029 1213 2110 1277 οὔ,
2144 1212 2300 1284 ήμῶν
2332 1212 2597 1282 ἁγιασμός
2617 1228 2630 1243 ·
2672 1211 2839 1280 Ὑπὲρ
2876 1210 3074 1264 αὐτῶν
3106 1211 3234 1282 γὰρ,
3285 1209 3479 1281 φησιν,
3509 1211 3588 1263 ἀ-

317 1307 410 1362 ego
449 1294 722 1363 sanctiﬁco
753 1296 1028 1362 meipsum,
1058 1304 1114 1348 ut
1141 1297 1244 1349 sint
1273 1306 1321 1349 et
1353 1297 1454 1366 ipsi
1482 1297 1804 1365 sanctiﬁcati
1839 1297 1895 1350 in

2029 1302 2164 1363 ιιάζω
2191 1303 2468 1372 ἐμαυτὸν,
2491 1304 2591 1358 ἵνα
2619 1297 2730 1356 ὦσι
2769 1301 2868 1354 καὶ
2918 1301 3087 1355 αὐτοὶ
3126 1303 3482 1370 ἡγιασμένοι
3506 1300 3588 1352 ἐν

317 1385 538 1439 veritate
566 1386 638 1440 ".
693 1385 761 1440 Et
795 1387 934 1441 livor
965 1388 1084 1456 ejus
1135 1396 1318 1442 nostra
1365 1397 1448 1443 est
1475 1391 1687 1442 sanatio
1719 1406 1732 1442 :
1766 1404 1891 1442 nam

2029 1392 2263 1459 antisti}.
2289 1391 2396 1444 Καὶ
2423 1393 2452 1444 6
2478 1389 2679 1462 ρώλῴ
2709 1390 2894 1450 αὑτοῦ.
2929 1391 3085 1460 ἡμῶν
3124 1391 3296 1453 ἴασις·
3337 1388 3423 1454 Τῷ
3466 1389 3586 1460 γὰρ

321 1476 485 1530 livore
527 1477 638 1546 ejus
689 1480 866 1532 sanati
917 1496 1096 1534 sumus
1120 1481 1183 1532 °°.
1224 1480 1288 1533 Et
1316 1480 1603 1550 disciplina
1645 1482 1763 1550 ejus
1787 1496 1889 1550 pax

2029 1485 2235 1538 ιώλωπι
2268 1484 2453 1538 αὐτοῦ
2478 1484 2648 1553 ἡμεῖς
2669 1483 2933 1552 ιάθημεν.
2960 1483 3070 1536 Καὶ
3091 1483 3126 1553 ὴ
3149 1481 3362 1536 παιδεία
3384 1482 3584 1550 αὑτοῦ,

321 1577 405 1624 est
424 1579 644 1624 nostra:
671 1587 794 1624 nam
822 1570 1114 1640 Disciplina
1133 1573 1278 1640 pacis
1300 1581 1494 1626 nostra
1514 1587 1667 1641 super
1691 1570 1890 1637 eum“;

2029 1577 2154 1647 ιμῶν
2196 1578 2383 1648 εἰρήνη
2406 1593 2419 1606 ·
2447 1575 2694 1630 Παιδεία
2724 1575 2832 1646 γὰρ
2863 1573 3106 1643 εἰρήνης
3142 1571 3311 1643 ἡμῶν
3341 1573 3435 1626 ἐπ’
3473 1575 3588 1626 αὑ-

321 1659 376 1714 id
401 1668 506 1726 est,
547 1676 644 1730 pro
679 1676 812 1730 pace
837 1670 1023 1716 nostra
1060 1662 1173 1731 ipse
1201 1661 1522 1732 castigatur.
1569 1659 1636 1714 Et
1658 1659 1893 1730 ignomi-

322 1750 411 1804 nia
457 1751 576 1820 ejus
611 1760 798 1806 nostra
834 1763 916 1808 est
953 1753 1123 1824 gloria
1155 1772 1167 1807 :
1201 1754 1344 1808 unde
1377 1761 1598 1823 propter
1643 1767 1743 1807 nos
1774 1751 1893 1823 glo-

1995 1669 2120 1720 τόν·
2149 1667 2444 1732 τουτέστιν,
2473 1666 2657 1720 ἕνεκεν
2692 1666 2792 1736 τῆς
2826 1663 2984 1736 ἡμῶν
3009 1664 3230 1735 εἰρήνης
3252 1663 3414 1726 αὐτὸς
3446 1679 3588 1715 παι-

1996 1759 2208 1813 δεύεται
2227 1775 2239 1788 ·
2272 1758 2365 1813 καὶ
2398 1760 2430 1828 ή
2460 1757 2642 1824 ἀδοξία
2687 1756 2874 1818 αὑτοῦ,
2911 1755 3066 1827 ἡμῶν
3096 1753 3222 1819 δόξα
3241 1771 3255 1785 ο
3289 1753 3410 1808 ὅθεν
3437 1755 3589 1807 αἰτεῖ

321 1842 459 1895 riam
496 1842 628 1912 petit
660 1844 744 1898 his
767 1820 994 1898 verbisi:
1024 1841 1276 1913 Cleri/ica
1307 1820 1393 1898 me
1419 1820 1496 1909 tu,
1533 1842 1724 1906 Pater,
1754 1820 1896 1911 apud

2029 1851 2113 1921 ss)
2145 1851 2240 1921 τὴν
2269 1820 2430 1914 δόξαᾷ
2441 1849 2508 1902 δι’
2528 1820 2696 1920 ἡμᾶς,
2727 1847 2899 1916 λέγων
2918 1820 3229 1911 Cassam-
3243 1863 3320 1916 με
3339 1845 3446 1910 σὺ,
3467 1843 3588 1899 Πὰρ

277 1955 280 1961 ·
323 1933 650 2002 temetipsum
693 1933 864 2003 gloria
902 1950 1058 2004 quam
1089 1934 1267 1998 habui,
1297 1935 1443 2003 prius
1473 1949 1632 2003 quam
1672 1932 1897 1986 mundus

321 2037 480 2090 esset,
503 2027 642 2093 apud
669 2036 715 2080 te
733 2028 797 2079 “.
827 2025 939 2082 Nos
963 2028 1108 2082 enim
1143 2043 1333 2082 sumus
1365 2028 1456 2096 qui
1494 2027 1546 2080 in
1580 2025 1672 2080 illo
1703 2024 1902 2096 gloriﬁ-

322 2129 534 2173 camur.
565 2116 627 2170 Et
653 2117 949 2174 descensus
969 2119 1086 2189 ejus
1114 2127 1297 2173 noster
1341 2128 1424 2172 est
1445 2133 1725 2182 ascensus,
1745 2117 1900 2186 juxta

322 2207 453 2261 illud
496 2209 641 2277 quod
677 2211 936 2280 scriptum
967 2217 1050 2265 est
1073 2251 1087 2276 ,
1121 2209 1595 2275 Conresuscitavit,
1648 2208 1816 2280 699
1850 2217 1900 2262 et

321 2299 595 2353 consedere
615 2300 736 2370 fecit
757 2303 809 2355 in
827 2302 1120 2357 caelestibus
1139 2301 1415 2356 inChristo
1429 2299 1634 2367 Iesu”;
1657 2311 1710 2356 et
1733 2301 1861 2354 illud
1883 2317 1898 2353 :

327 2388 393 2445 Ut
426 2392 714 2447 ostenderet
747 2393 800 2446 in
823 2394 1031 2448 steculis
1060 2392 1536 2462 supervenientibus
1570 2391 1898 2444 abundantes

321 2484 540 2539 divitias
566 2486 754 2556 gratia:
776 2501 887 2540 sua:
913 2527 928 2552 ,
959 2487 1012 2538 in
1041 2485 1273 2538 bonitate
1311 2499 1468 2551 super
1492 2499 1584 2536 nos
1607 2483 1664 2536 in
1691 2482 1901 2536 Christo

321 2575 450 2631 Jesu
475 2577 538 2630 “.
573 2576 638 2631 Et
667 2593 792 2632 cum
825 2578 878 2630 in
909 2592 1071 2632 cruce
1100 2577 1198 2641 ait,
1247 2575 1432 2642 Pater,
1468 2576 1525 2628 in
1559 2590 1745 2628 manus
1781 2585 1900 2627 tuas

321 2669 628 2722 commendo
661 2670 905 2737 spiritum
937 2683 1108 2721 meum
1129 2666 1196 2731 “,
1221 2666 1372 2720 Patri
1394 2682 1488 2735 per
1515 2666 1753 2734 seipSIim
1785 2680 1902 2718 om-

322 2775 424 2816 nes
455 2761 798 2816 commendat
836 2759 1083 2814 homines
1105 2797 1121 2824 ,
1151 2759 1244 2829 qui
1279 2759 1333 2812 in
1375 2758 1494 2828 ipso
1536 2758 1897 2811 vivilicantur.

321 2849 563 2906 Membra
592 2852 738 2906 enim
766 2851 886 2920 ejus
915 2862 1076 2916 sunt,
1121 2858 1177 2906 et
1233 2851 1406 2905 multa
1443 2850 1686 2904 membra
1729 2864 1900 2903 unum

321 2957 524 3012 corpus
573 2951 738 3008 sunt,
789 2942 939 3012 quod
987 2951 1070 2997 est
1114 2941 1352 2996 Ecclesia
1387 2961 1400 2994 :
1435 2940 1899 3010 quemadmodum

321 3031 516 3088 beatus
544 3029 748 3088 Paulus
777 3031 845 3086 ad
891 3031 1109 3087 Galatas
1143 3031 1371 3085 scribit:
1399 3031 1590 3085 Omnes
1638 3031 1777 3084 enim
1813 3046 1899 3084 vos

1999 1961 2127 2011 τερ,
2147 1942 2306 2010 παρὰ
2341 1940 2576 2006 σεαυτῷ
2608 1939 2681 2008 τῇ
2699 1939 2845 2007 δόξῃ
2894 1932 2935 2011 ᾖ
2962 1936 3149 2008 εἶχον,
3190 1937 3301 2006 πρὸ
3337 1937 3446 1991 τοῦ
3469 1936 3589 1990 τὸν

1999 2034 2233 2101 κόσμον
2253 2032 2427 2093 εἶναι,
2455 2032 2613 2099 παρὰ
2633 2031 2734 2084 σοί
2739 2069 2751 2083 .
2772 2031 2958 2098 Ἡμεῖς
2983 2031 3091 2100 γάρ
3116 2031 3294 2098 ἐσμεν.
3315 2029 3366 2082 οἱ
3392 2031 3450 2082 ὲν
3482 2029 3588 2081 αὐ-

1998 2123 2077 2194 τῷ
2099 2123 2480 2194 δοξαζόμενον
2516 2123 2609 2175 καὶ
2647 2125 2680 2193 ἡ
2737 2121 2956 2184 κάθοδος
3007 2120 3192 2187 αὐτοῦ,
3224 2120 3378 2190 ἡμῶν
3429 2121 3590 2172 ἐστιν

1999 2215 2204 2279 ἄνοδος,
2239 2214 2378 2267 κατὰ.
2412 2213 2474 2266 τὸ
2505 2213 2891 2284 γεγραμμένον
2913 2229 2926 2240 ’
2967 2212 3075 2265 Καὶ
3119 2209 3435 2278 συνήγειρε
3464 2208 3588 2278 (55)

2001 2302 2100 2383 παὶ
2141 2301 2544 2356 συνεκάθισεν
2582 2303 2652 2355 ἐν
2679 2301 2803 2368 τοῖς
2841 2302 3218 2369 ἐπουρανίοις
3252 2300 3321 2352 ἐν
3345 2298 3591 2368 Χριστῷ

2014 2392 2215 2459 Ἰησοῦ
2238 2411 2256 2424 ι
2281 2395 2374 2446 καὶ
2393 2393 2470 2456 τὸ,
2505 2394 2628 2447 Ἵνα
2653 2392 2986 2458 ἐνδείξηται
3008 2393 3077 2445 ἐν
3101 2391 3226 2457 τοῖς
3252 2390 3425 2445 αίῶσι
3451 2389 3588 2453 τοῖς

2000 2486 2422 2556 ἐπερχομένοις
2445 2487 2551 2541 τὸν
2572 2485 3023 2554 ὑπερϐάλλοντα
3047 2485 3314 2538 πλοῦτον
3336 2482 3446 2550 τῆς
3468 2483 3586 2550 χά-

1991 2594 2161 2645 ριτος
2179 2577 2365 2631 αὑτοῦ
2389 2577 2458 2629 ἐν
2481 2577 2854 2646 χρηστότητι,
2893 2577 2963 2628 ἐν
2982 2573 3210 2643 Χριστῷ
3255 2573 3448 2639 Ἰησοῦ
3479 2573 3583 2642 ἐφ’

2001 2667 2174 2736 ἡμᾶς.
2217 2669 2326 2721 Kal.
2359 2667 2418 2720 τὸ
2450 2667 2628 2735 λέγειν
2666 2667 2825 2720 αὑτὸν
2857 2668 2915 2720 ὲν
2958 2666 3036 2737 τῷ
3080 2664 3326 2734 σταυρῷ·
3361 2663 3582 2732 Πάτερ,

2000 2759 2090 2824 είς
2124 2756 2326 2827 χεζοάς
2359 2775 2474 2812 σου
2521 2759 2875 2827 παρατίθημι
2904 2757 2970 2810 τὸ
3007 2756 3242 2824 πνεῦμά
3269 2774 3409 2824 μου,
3442 2755 3585 2808 πάν·

1999 2867 2102 2913 τας
2127 2850 2448 2921 ἀνθρώπους
2472 2849 2921 2922 παρατίθεταιτῷ
2939 2851 3053 2903 Πατ
3063 2850 3114 2922 pi.
3133 2849 3198 2902 δι’
3219 2848 3411 2902 ἑαυτοῦ
3441 2845 3582 2916 (56),

2000 2944 2128 3006 τοὺς
2159 2945 2217 2995 ὲν
2247 2942 2396 3013 αὐτῷ
2417 2941 2897 3012 ζωοποιουμένους.
2925 2942 3078 3012 Μέλη
3109 2941 3217 3013 γὰρ
3243 2939 3407 2994 αὑτοῦ
3446 2941 3584 3003 εἱσι,

2002 3033 2097 3087 καὶ
2125 3033 2192 3088 τὰ
2219 3033 2388 3086 πολλὰ
2415 3034 2549 3104 μέλη
2573 3033 2630 3086 ἒν
2657 3034 2772 3086 ἐστι
2809 3033 2987 3103 σῶμα,
3032 3034 3166 3104 ὅπερ
3195 3033 3340 3084 ἐστὶν
3375 3033 3408 3101 ἡ
3455 3032 3586 3084 Ἐκ-

323 3141 489 3179 unum
511 3125 636 3178 estis
658 3125 714 3179 in
735 3123 946 3179 Christo
970 3123 1099 3178 Jesu
1115 3125 1183 3178 “.
1216 3121 1419 3178 Omnes
1444 3123 1609 3194 igitur
1635 3123 1690 3176 in
1719 3122 1901 3192 seipse

2029 3123 2199 3194 ελησία
2222 3141 2235 3153 ο
2273 3123 2452 3188 καθὼς
2484 3123 2578 3176 καὶ
2599 3125 2627 3176 6
2654 3123 2918 3194 μακάριος
2948 3122 3158 3184 Παῦλος
3184 3121 3384 3193 γράφει
3409 3122 3447 3172 Γ
3451 3121 3589 3175 αλὰ-

324 3212 692 3268 commendat.

397 3393 452 3449 6.
486 3391 564 3449 lla
592 3409 812 3465 quoque
835 3409 959 3449 cum
992 3394 1069 3448 ait
1099 3413 1111 3448 :
1148 3391 1404 3446 Dominus
1445 3392 1642 3446 creavit
1681 3406 1760 3444 me
1793 3391 1897 3443 iui-

327 3489 459 3542 tium
499 3489 706 3541 viarum
743 3503 963 3540 suarum
991 3488 1072 3554 ⁸⁷,
1123 3487 1190 3541 de
1253 3485 1497 3539 Ecclesia
1550 3484 1678 3540 illud
1730 3483 1902 3545 dicit,

331 3594 454 3648 qua:
483 3577 538 3632 in
575 3578 693 3647 ipso
719 3578 940 3632 condita
969 3586 1074 3632 est.
1099 3573 1215 3630 Non
1247 3576 1392 3630 enim
1445 3574 1688 3630 omnium
1721 3572 1900 3642 opifex

327 3677 582 3724 creatura
611 3679 695 3724 est
721 3669 804 3724 vel
831 3669 1144 3738 opilicium;
1179 3669 1272 3723 sed
1313 3668 1589 3737 opilicium
1622 3667 1676 3720 in
1708 3665 1901 3734 epilice

331 3746 647 3824 renovatur,
691 3759 847 3828 juxta
885 3759 1016 3813 illud
1051 3755 1202 3812 Pauli
1247 3759 1450 3812 dictum
1487 3778 1500 3812 :
1544 3756 1726 3828 Ipsius
1763 3758 1904 3813 enim

331 3865 512 3903 sumus
552 3850 782 3918 factura,
823 3849 989 3904 creati
1027 3848 1082 3902 in
1112 3847 1320 3904 Christo
1343 3847 1472 3903 Jesu
1502 3849 1547 3880 ⁸⁸
1573 3867 1588 3916 ;
1636 3858 1691 3904 et
1717 3859 1777 3903 ut
1804 3849 1904 3903 ite-

331 3955 454 3994 rum
486 3940 596 3995 ait:
632 3938 699 3992 Ut
731 3941 1024 3994 innotescat
1067 3954 1204 3992 nunc
1229 3938 1610 4006 principatibus
1656 3947 1705 3993 et
1752 3947 1902 4007 pote.

331 4031 560 4086 statibus
612 4032 667 4085 in
721 4032 1016 4086 cmlestibus
1055 4046 1148 4100 per
1196 4030 1491 4088 Ecclesium
1557 4029 1903 4099 multiformis

332 4127 593 4195 sapientia
631 4125 748 4188 Dei,
789 4127 1076 4180 secundum
1117 4126 1526 4195 prwﬁnitionem
1565 4123 1905 4187 saeculorum,

331 4232 490 4284 quam
529 4216 654 4284 fecit
684 4217 740 4269 in
779 4215 990 4271 Christo
1023 4213 1154 4268 Jesu
1192 4213 1421 4268 Domino
1451 4224 1630 4268 nostro
1659 4228 1678 4266 :
1712 4212 1766 4266 in
1801 4228 1904 4282 quo

334 4305 580 4359 habemus
612 4307 864 4374 ﬁduciam
893 4347 909 4373 ,
949 4314 998 4359 et
1033 4322 1301 4360 accessum
1340 4307 1395 4358 in
1449 4304 1768 4373 conﬁdentia
1813 4319 1904 4373 per

429 4442 476 4473 ⁸⁹
502 4439 661 4495 Joan.
726 4457 860 4504 xvn,
895 4440 984 4495 19.
1089 4440 1134 4472 ⁸ο
1183 4439 1286 4495 Isa.
1334 4455 1453 4506 LIII,
1527 4441 1580 4495 5.
1699 4441 1741 4471 σι

335 4511 380 4544 ⁸⁸
411 4510 542 4566 Luc.
594 4527 751 4575 χχιιι,
799 4511 892 4566 46.
969 4510 1014 4542 ⁸⁸
1039 4509 1217 4566 Galat.
1250 4527 1334 4577 ιιι,
1369 4511 1460 4566 28.

1555 4442 1580 4490 ι.
1699 4441 1741 4471 ⁶¹
1799 4438 1934 4494 ibid.
2038 4441 2082 4473 "
2156 4441 2315 4497 Joan.
2363 4460 2498 4505 xvii,
2561 4444 2612 4497 5'.

1555 4511 1598 4542 "
1626 4509 1787 4565 Prov.
1824 4526 1943 4575 vm,
1997 4509 2088 4566 22.
2167 4515 2212 4546 ⁸⁸
2241 4514 2438 4584 Ephes.
2495 4531 2555 4579 ιι,
2613 4514 2696 4568 10.

2007 3235 2128 3280 ταις
2150 3235 2164 3248 °
2194 3216 2422 3282 Πάντες
2472 3218 2581 3286 γὰρ
2609 3214 2776 3284 ὑμεῖς
2806 3215 2876 3268 ἓν
2911 3215 3052 3267 ἐστε
3090 3215 3158 3268 ὲν
3202 3210 3433 3280 Χριστῷ
3476 3214 3589 3278 Ἰη-

2006 3306 2152 3361 σοῦ·
2183 3308 2308 3371 τοὺς
2328 3307 2533 3367 πάντας
2555 3302 2648 3358 οὖν
2671 3304 3025 3376 παρατίθεται
3054 3305 3110 3356 ὲν
3134 3301 3308 3371 ἐαυτῷ
3347 3300 3482 3371 (37).

2075 3399 2127 3454 6.
2161 3399 2350 3463 Οὕτως
2403 3395 2496 3452 οὖν
2540 3398 2635 3452 καὶ
2675 3399 2765 3452 ὅτε
2807 3397 2953 3465 λέγει
2975 3436 2990 3460 ,
3023 3396 3235 3462 Κύριος
3266 3392 3471 3447 ἐκτισέ
3502 3410 3586 3462 με

2001 3491 2201 3561 ἀρχὴν
2233 3491 2389 3546 ὁδῶν
2435 3491 2659 3554 αὑτοῦ,
2705 3490 2834 3561 περὶ
2877 3489 2976 3558 τῆς
3020 3485 3340 3556 Ἐκκλησίας
3394 3484 3580 3552 λέγει,

2005 3583 2106 3653 τῆς
2157 3585 2215 3636 ὲν
2265 3581 2416 3652 αὐτῷ
2447 3581 2795 3651 κτιζομένης.
2847 3581 2922 3634 Οὐ
2965 3577 3072 3649 γὰρ
3118 3579 3148 3630 6
3197 3576 3425 3647 ποιητὴς
3471 3576 3584 3628 τῶν

2009 3674 2263 3727 ἁπάντων
2300 3672 2507 3744 κτίσμα
2537 3673 2632 3727 καὶ
2664 3671 2873 3743 ποίημά
2904 3673 3073 3733 ἐστιν,
3115 3669 3252 3722 ἀλλὰ
3285 3669 3346 3720 τὸ
3372 3667 3587 3737 ποίημα

2011 3767 2069 3818 ὲν
2101 3763 2178 3834 τῷ
2205 3767 2401 3836 ποιητῇ
2431 3763 2768 3827 ἀνανεοῠται,
2794 3763 2936 3816 κατὰ
2964 3761 3026 3815 τὸ
3049 3759 3335 3830 λεγόμενον
3361 3759 3466 3812 ὑπὸ
3488 3758 3582 3810 τοῦ

2011 3856 2255 3910 Παύλου·
2310 3855 2508 3910 Αὐτοῦ
2557 3856 2746 3924 ἐσμεν
2797 3853 3022 3922 ποίημα
3053 3891 3069 3915 ,
3118 3851 3462 3915 κτισθέντες
3515 3849 3586 3901 ἐν

2009 3947 2239 4016 Χριστῷ
2283 3946 2497 4014 Ἰησοῦ.
2537 3947 2647 4000 Καὶ
2679 3945 2861 4009 καθὰ-ς
2889 3943 3050 3998 πάλιν
3084 3942 3252 4011 λέγει’
3273 3943 3398 3996 Ἵνα
3443 3958 3584 4010 γνω-

2003 4037 2189 4107 ρισθῇ
2214 4036 2331 4092 νῦν
2354 4038 2423 4091 ἐν
2450 4036 2580 4103 ταῖς
2610 4035 2823 4106 ἀρχαῖς
2855 4035 2966 4106 (58)
2989 4035 3088 4089 καὶ
3119 4033 3247 4099 ταῖς
3276 4032 3586 4097 ἐξουσίαις

2011 4128 2082 4180 ἐν
2113 4128 2239 4193 τοῖς
2261 4127 2641 4196 ἐπουρανίοις
2665 4125 2764 4178 διὰ
2786 4123 2896 4191 τῆς
2929 4124 3286 4190 Ἐκκλησίας
3322 4123 3359 4189 ἠ
3397 4125 3584 4176 πολυ-

2011 4219 2288 4284 ποίκιλος
2331 4219 2520 4286 σοφία
2572 4216 2678 4270 τοῦ
2716 4215 2864 4270 Θεοῦ
2887 4256 2906 4280 ,
2944 4214 3096 4268 κατὰ
3139 4216 3428 4282 πρόθεσιν
3467 4211 3585 4265 τῶν

2011 4305 2260 4370 αἰώνων,
2309 4305 2390 4374 ἢν
2433 4307 2723 4375 ἐποίησεν
2767 4307 2837 4361 ἐν
2872 4304 3100 4373 Χριστῷ
3126 4304 3333 4372 Ἰησοῦ
3356 4302 3436 4368 τῷ
3465 4305 3584 4356 Κυ-

2038 4441 2082 4514 ‘_'
2156 4441 2315 4497 Joan.
2363 4460 2498 4505 xvii,
2561 4444 2612 4497 5.
2718 4444 2762 4475 “
2796 4442 2996 4514 Eplies.
3032 4459 3094 4510 ιι,
3120 4442 3174 4496 6.
3285 4443 3330 4474 ⁸⁸
3364 4443 3493 4497 ibid.
3529 4445 3580 4496 7'.

409 4690 527 4763 (52)
554 4690 645 4746 Sic
703 4692 928 4763 Seguer.
960 4692 1183 4747 Gobler.
1232 4701 1310 4763 et,
1337 4691 1487 4746 F'elc.
1521 4692 1586 4763 1,
1611 4691 1901 4763 atqueita

2029 4692 2326 4763 κυνήγειρε.
2357 4761 2365 4763 _
2394 4689 2530 4763 Mox
2560 4689 2785 4763 Seguer.
2839 4688 3076 4763 ςδιιιιςίὶοη
3129 4688 3221 4741 καὶ
3266 4691 3346 4749 τό,
3374 4703 3500 4763 qua:
3532 4687 3587 4741 in

337 4759 464 4830 legit
488 4761 750 4816 Nannius.
776 4759 915 4816 Editi
959 4773 1014 4817 et
1050 4764 1165 4826 alii,
1196 4764 1224 4815 6
1257 4762 1524 4825 ἀθάνατος
1580 4761 1725 4824 Υἱός.
1785 4761 1901 4815 Mox

2029 4759 2147 4816 aliis
2165 4771 2220 4816 et
2241 4759 2401 4816 editis
2421 4761 2818 4814 desiderantur.
2837 4759 2954 4812 Mox
2974 4774 3164 4830 omnes
3192 4761 3588 4830 ιιιεεηεπερχο-

339 4833 560 4899 Seguer.
584 4832 851 4886 ἀπέθανεν
885 4849 981 4898 pro
1006 4833 1226 4886 ἔπαθεν·
1250 4830 1517 4896 Nannius,
1555 4848 1788 4884 mortuus
1809 4843 1907 4886 est.

339 4901 539 4956 Ibidem
575 4901 800 4972 Seguer.
864 4902 1083 4957 Gobler.
1123 4903 1269 4958 Felc.
1329 4903 1387 4966 2,
1416 4913 1470 4956 et
1507 4903 1561 4962 5,
1608 4901 1697 4972 διὰ
1729 4901 1904 4972 τοῦτο.

339 4972 483 5026 Editi
514 4981 567 5026 et
598 4971 713 5031 alii.
735 4972 823 5025 διὰ
837 4972 1061 5028 τούτων.
1102 4973 1223 5028 Mox
1245 4973 1326 5027 An
1370 4974 1480 5036 lic.,
1514 4971 1748 5036 ἐδέξατο.
1772 4971 1906 5024 Ibid.

343 5041 565 5096 Seauer.
603 5043 768 5096 Basil.
827 5043 1036 5096 Anulic.
1072 5057 1124 5096 et
1171 4989 1400 5096 1³61αὲ
1430 5043 1520 5096 τὸν
1563 5042 1791 5095 πλοῦτον
1817 5041 1906 5094 αὑ-

1385 5083 1400 5106 ,
1430 5043 1520 5096 τὸν
1563 5043 1791 5095 πλοῦτον
1817 5043 1913 5094 αὑ-

935 5114 1151 5170 annius.
1201 5112 1344 5169 Editi
1371 5123 1424 5168 et
1453 5114 1566 5180 alii,
1617 5113 1794 5166 πάντα
1824 5111 1901 5163 τοι

2029 5108 2198 5167 editis
2238 5113 2396 5166 habet
2425 5111 2491 5164 δι’
2518 5111 2706 5164 αὐτοῦ.
2751 5109 2873 5163 Mox
2913 5108 3160 5178 δείξασα,
3193 5108 3398 5180 ἐσμέν,Δ
3435 5119 3488 5161 et
3515 5111 3591 5160 ita

343 5041 565 5110 Seguer.
603 5043 768 5097 Basil.
827 5043 1036 5110 Anglic.
1072 5057 1124 5097 et
1171 5043 1315 5098 Felc.

338 5111 474 5185 τοῦ,
487 5122 542 5166 et
595 5113 669 5167 ita
726 5114 854 5185 legit

341 5182 587 5236 πλοῦτον.

2021 4831 2221 4910 μένοις,
2256 4841 2454 4910 praeter
2477 4830 2622 4910 Felc.
2649 4831 2704 4910 ὅ,
2744 4830 2835 4910 ιιιιί
2864 4845 2987 4910 cuni
3027 4828 3379 4910 editisjiabet
3417 4829 3586 4910 ὑπερ-

2053 4898 2284 4971 ομένοιξ.
2329 4900 2470 4955 Infra
2521 4902 2655 4965 haec,
2687 4901 2746 4954 ὲν
2777 4898 2997 4969 Χριστῷ
3041 4898 3237 4968 Ἰησοῦ,
3288 4898 3486 4952 desunt
3530 4898 3587 4952 in

2061 4972 2312 5113 ρίὲίῑῗίιο
2372 5055 2564 5113 omnes
2601 5047 2984 5113 mss._praetgr
3005 5037 3150 5091 Felc.
3196 5039 3257 5113 _'5.
3313 5037 3408 5113 qui
3459 5053 3586 5113 cum

2026 5181 2453 5253 legitNannius;
2483 5183 2574 5253 alii
2598 5198 2725 5236 vero
2747 5196 2870 5253 cum
2901 5173 3084 5253 editis,
3113 5179 3241 5253 εἰσί.
3262 5173 3437 5253 Paulo
3470 5187 3592 5244 post

412 5251 697 5325 (53)7H:ec,
727 5253 822 5306 καὶ
855 5255 900 5325 76
959 5253 1186 5317 θάνατος
1241 5252 1407 5307 αὑτοῦ
1459 5251 1615 5324 ἡμῶν
1648 5251 1901 5325 ᾀθανασία

2029 5247 2337 5325 ἱιΓδεειιεικ
2394 5251 2493 5325 καί
2526 5261 2648 5325 post
2668 5249 2863 5325 _Xde_(i)§
2899 5249 3071 5325 deest.
3115 5247 3254 5325 Ibid:
3286 5247 3503 5325 Gobler.
3538 5256 3592 5300 et

343 5315 478 5387 ἐστί,
505 5315 702 5394 desunt
761 5326 815 5378 in
852 5324 1053 5388 Basil.;
1089 5315 1361 5394 postrema
1398 5315 1512 5376 νο(
1548 5323 1662 5376 ἐστί
1703 5333 1901 5394 tantum

2029 5315 2276 5394 lj‘elc.vl,
2316 5323 2417 5394 καὶ
2473 5315 3311 5394 ο”⁹ᾼπόστολοςηγγράφητηίιιῌίιιι
3365 5315 3587 5385 Segner.

343 5396 492 5464 deest
522 5394 574 5447 in
609 5393 831 5464 Seguer.
883 5395 1025 5464 lul'ra
1053 5393 1292 5464 quidam,
1339 5395 1629 5456 ἀνάστασις
1663 5393 1754 5446 καὶ
1777 5393 1910 5444 ἀθα-

343 5462 784 5536 νασίᾳᾉὲστὶριαὶ
809 5464 869 5518 τὸ
908 5462 1207 5536 βάπτισμα.

419 5533 636 5604 (54)]ιιι
673 5535 892 5604 Seguer.
939 5532 1173 5604 Goblei'._
1189 5543 1242 5588 et
1270 5533 1414 5604 Felc.
1451 5535 1500 5585 1.
1532 5533 1668 5586 Editi
1709 5542 1762 5586 et
1795 5532 1906 5597 alii,

347 5600 690 5677 ﬁret_.hl’aulo
714 5600 846 5677 post
861 5605 1108 5677 Seguer.,
1127 5600 1287 5677 jnsp
1315 5601 1478 5674 εἶχον.

2019 5393 2176 5449 Gobl.
2208 5386 2434 5448 etFelc.
2468 5392 2520 5457 1,
2551 5386 2631 5455 εἷς
2653 5394 2795 5444 ἐστε·
2830 5386 2962 5443 editi
2985 5386 3044 5443 et
3070 5389 3184 5452 alii,
3215 5388 3273 5442 ἓν
3297 5391 3439 5440 ὲστε.

2091 5465 2202 5534 (57)
2220 5463 2314 5544 .lta
2345 5455 2573 5544 _Seguer.
2597 5461 2808 5532 Anglic.
2833 5459 3052 5515 Gobler.
3103 5469 3158 5513 et
3197 5457 3342 5512 Fele.
3381 5457 3431 5510 1.
3452 5455 3591 5510 Editi

2015 5550 2145 5591 vero
2164 5576 2177 5592 .
2216 5536 2274 5588 ὲν
2298 5535 2467 5602 αὐτῷ.

2090 5591 2203 5675 (58)
2232 5603 2307 5658 lta
2339 5591 2556 5672 plurimi
2583 5616 2732 5675 mss.
2757 5611 2827 5675 ct_
2855 5597 3152 5675 Scriptura:
3182 5606 3404 5675 _textus.
3449 5591 3590 5650 Editi

422 5672 532 5742 (ὃὸ)
564 5665 784 5745 δεςιιᾷτ.
810 5665 1024 5729 ϐοὶιΓει.
1051 5665 1104 5728 et
1124 5665 1269 5729 F'eltzz
1300 5677 1350 5736 1,
1367 5665 1509 5727 321:3:
1531 5675 1590 5728 τὸ
1623 5674 1901 5745 λεγόμενοι

2029 5665 2148 5735 vero
2175 5665 2226 5732 et
2256 5665 2369 5740 alii,
2405 5675 2493 5728 ἵνα
2525 5671 2738 5742 γνωσθῇ
2772 5671 2864 5724 νῦν
2890 5665 3010 5732 ταῖς
3035 5669 3250 5739 ἀρχαῖς.

355 5744 658 5810 συνήγειρε.
690 5744 831 5798 Editi
882 5760 1028 5808 vero,
1086 5745 1225 5798 κατὰ
1275 5746 1336 5798 τὸ
1387 5747 1784 5808 γεγραμμένον·
1821 5744 1914 5798 καὶ
