3810 6228
163 351 272 408 9‘17

1063 353 1151 407 DE
1190 353 1712 410 INCARNATIONE
1751 351 1839 405 ET
1878 349 2161 406 CONTRA
2201 347 2534 403 ABIANOS.

3318 343 3426 398 998

166 469 263 521 καὶ
305 469 367 519 ὲν
400 465 708 536 ὁμοιώματι
747 466 1038 538 ἀνθρώπου
1068 469 1328 537 γεγονὼς,
1381 470 1578 524 ἔδωκεν
1624 473 1807 541 ήμῖνλ

1884 467 2222 522 nilitudinem
2269 464 2514 520 hominis
2558 461 2756 524 factus,
2806 459 2954 514 dedit
2985 459 3141 513 nobis
3184 474 3251 512 ex
3304 459 3433 510 sub-

168 559 234 612 ἐκ
260 560 361 629 τῆς
388 557 580 620 οὐσίας
608 555 700 610 τοῦ
744 558 980 629 Πατρὸς,
1012 560 1267 631 ἀπαρχὴν
1313 562 1468 628 ἁγίου
1499 561 1756 632 Πνεῦμα-

167 665 288 713 τος·
326 650 419 702 ἵνα
437 647 723 719 γενώμεθα
743 650 794 703 οἱ
832 650 1029 714 πάντες
1055 653 1134 714 εἰς
1175 653 1321 715 υἱοὺς
1367 652 1500 705 Θεοῦ
1526 654 1660 722 (74),
1701 655 1758 705 ὲν

169 737 487 811 ὁμοιώματι
514 739 606 792 τοῦ
634 739 764 791 Υἱοῦ
801 739 900 793 τοῦ
933 740 1088 794 Θεοῦ.
1120 743 1292 808 Αὐτὸς
1319 742 1411 798 οὖν
1443 747 1471 797 ὀ
1508 743 1761 815 ἀληθινὸς

167 831 264 885 zeal.
291 833 461 900 φύσει
492 831 620 894 Υἱὸς
649 830 743 884 τοῦ
772 830 908 884 Θεοῦ
955 835 1082 897 τοὺς
1129 835 1336 899 πάντας
1379 837 1527 908 ἡμᾶς
1571 839 1758 908 φορεῖ,

168 922 258 976 ἴνα
280 923 332 974 oi
362 922 572 984 πάντες
598 922 690 974 τὸν
718 922 816 974 ἕνα
843 923 1167 994 φορέσωμεν
1197 923 1350 978 Θεόν.

241 1015 294 1069 9.
344 1014 571 1076 Ἀσεὸὲς
603 1007 697 1066 οὖν
729 1017 846 1067 ἐστι
884 1015 1102 1068 κτιστδν
1142 1016 1174 1087 ἢ
1215 1017 1435 1088 ποιητὸν
1481 1016 1661 1085 λέγειν
1703 1017 1764 1068 τὸ

167 1104 401 1177 Πνεῦμα
423 1106 520 1159 τοῦ
557 1105 692 1159 Θεοῦ
713 1123 726 1136 ·
763 1107 923 1160 ὁπότε
952 1111 1104 1162 πᾶσα
1131 1110 1322 1182 Γραφὴ
1349 1110 1560 1164 Παλαιὰ
1582 1128 1641 1162 τε
1669 1111 1763 1162 καὶ

167 1197 346 1268 Καινὴ
381 1197 520 1266 (75),
549 1197 686 1267 μετὰ
720 1199 934 1271 Πατρὸς
975 1201 1070 1253 καὶ
1112 1200 1243 1253 Υἱοῦ
1280 1202 1408 1254 αὐτὸ
1443 1202 1766 1274 συναριθμεί

107 1280 120 1320 Ῐ
170 1290 265 1343 καὶ
292 1289 516 1356 δοξάζει
538 1306 552 1320 °
587 1291 721 1343 διότι
755 1292 855 1362 τῆς
876 1292 1047 1363 αὐτῆς
1077 1293 1186 1362 (76)
1215 1294 1468 1365 θεότητός
1506 1297 1644 1358 ἐστι,
1672 1297 1764 1349 καὶ

169 1383 269 1452 τῆς
301 1383 482 1453 αὐτῆς
533 1382 815 1446 ἐξουσίας
847 1384 1028 1448 καθὼς
1059 1386 1221 1450 αὐτὸς
1266 1389 1294 1440 ὁ
1335 1389 1536 1458 Κύριος
1580 1387 1762 1456 λέγει·

181 1471 246 1524 Ὅ
268 1472 579 1525 πιστεύων
607 1474 696 1537 εὶς
720 1470 844 1540 ἐμὲ,
871 1476 1123 1542 ποταμοὶ
1162 1476 1229 1528 ἐκ
1258 1474 1366 1542 τῆς
1395 1477 1624 1542 κοιλίας
1658 1480 1766 1531 αὺ-

174 1563 278 1616 τοῦ
298 1563 647 1630 ῥεύσουσιν
670 1563 888 1629 ὕδατος
913 1562 1144 1630 ζῶντος.
1175 1565 1354 1620 Τοῦτο
1384 1566 1452 1618 δὲ
1480 1564 1608 1620 εἷπε
1633 1567 1767 1635 περὶ

173 1653 280 1708 τοῦ
299 1654 672 1721 Πνεύματος,
703 1649 774 1709 οὗ
805 1655 1063 1723 ἔμελλον
1085 1656 1415 1724 λαμϐάνειν
1446 1661 1500 1711 οἱ
1525 1661 1768 1712 πιστεύ-

175 1762 347 1810 οντες
378 1748 471 1811 εὶς
493 1746 680 1798 αὐτόν
710 1761 725 1776 ⁸
761 1745 834 1809 ὡς
864 1747 956 1799 καὶ
990 1749 1048 1799 ὲν
1071 1747 1150 1818 τῷ
1187 1750 1340 1820 Ἰωὴλ
1373 1751 1436 1802 ὲκ
1477 1750 1765 1822 προσώπου

1865 560 2062 614 stantia
2089 557 2268 612 Patris
2324 555 2593 625 primitias
2621 554 2860 623 Spiritus
2897 552 3068 607 sancti
3097 593 3112 618 ,
3149 562 3209 605 ut
3236 550 3438 606 emcia-

1864 667 1986 706 mur
2013 665 2203 704 omnes
2233 648 2327 703 Dei
2361 647 2479 714 ﬁlii,
2549 647 2602 700 in
2645 645 2999 700 similitudine
3047 643 3167 697 Filii
3221 642 3336 696 Dei.
3387 641 3438 697 Is

1863 745 2048 812 itaque
2097 757 2300 806 verus,
2343 748 2398 794 et
2457 747 2657 793 natura
2708 736 2880 790 Filius
2932 737 3047 798 Dei,
3091 750 3284 789 omnes
3335 747 3440 790 nos

1863 843 2056 905 gestat,
2084 840 2144 892 ut
2166 846 2354 886 omnes
2392 845 2563 884 unum
2592 827 2834 883 feramus
2865 826 3059 882 Deum.

1933 1015 1988 1070 9.
2033 1013 2261 1083 lmpium
2303 1009 2468 1080 igitur
2514 1016 2598 1064 est
2655 1014 2918 1068 creatum,
2962 1014 3057 1058 aut
3094 1003 3296 1058 factum
3347 1003 3435 1056 di-

1865 1122 1990 1162 cere
2041 1105 2305 1176 Spiritum
2340 1102 2463 1168 Dei,‘
2513 1099 2608 1154 ubi
2650 1099 2829 1154 omnis
2864 1097 3145 1167 Scriptura
3186 1095 3360 1150 Vetus.
3383 1105 3439 1149 et

1865 1198 2035 1263 Nova,
2063 1214 2186 1253 cum
2221 1195 2382 1250 Patre
2405 1203 2460 1249 et
2493 1192 2630 1247 Filio
2657 1192 2834 1262 ipsum
2874 1198 3197 1244 annumerat
3223 1199 3276 1243 et
3319 1189 3439 1257 διο-

1867 1292 2068 1354 riﬁcat,
2105 1290 2232 1360 quia
2257 1287 2504 1358 ejusdem
2532 1294 2616 1340 est
2658 1283 2896 1344 deitatis,
2926 1282 3280 1350 ejusdemque
3331 1295 3436 1349 po-

1869 1386 2050 1437 tentia:
2081 1398 2145 1436 ac
2167 1380 2523 1436 subSIantiaa:
2568 1387 2627 1431 ut
2665 1377 2780 1445 ipse
2817 1374 3082 1430 Dominus
3127 1373 3294 1427 dicit:
3335 1371 3442 1437 Qui

1868 1475 2034 1528 credit
2084 1475 2140 1526 in
2190 1488 2290 1534 me,
2340 1471 2566 1540 ﬂumina
2609 1467 2672 1521 de
2710 1481 2884 1522 ventre
2905 1466 3022 1534 ejus
3053 1465 3218 1532 ﬂuent
3292 1481 3442 1535 aqua:

1867 1583 2014 1622 vivae.
2071 1564 2187 1619 Hoc
2231 1573 2408 1617 autem
2443 1563 2582 1615 dixit
2636 1561 2791 1630 701
2834 1559 2896 1612 de
2924 1559 3130 1626 Spiritu
3162 1573 3313 1627 quem
3355 1572 3446 1609 ac-

1870 1658 2070 1728 cepturi
2107 1665 2257 1710 erant
2289 1655 2555 1708 credentes
2591 1654 2646 1705 in
2676 1667 2794 1704 eum
2827 1651 2874 1682 ⁷⁸
2902 1669 2914 1703 :
2946 1663 3004 1703 ut
3034 1659 3087 1703 et
3117 1649 3170 1702 in
3196 1647 3347 1703 Joele
3367 1664 3436 1701 ex

1871 1765 2105 1819 persona
2153 1747 2333 1801 Patris
2373 1747 2478 1800 ait:
2519 1742 2810 1813 Eﬁundam
2849 1742 2912 1794 de
2947 1740 3152 1809 Spiritu
3192 1756 3305 1792 meo
3351 1755 3445 1792 su-

175 1835 268 1888 τοῦ
288 1836 510 1906 Πατρὸς
535 1836 716 1904 λέγει·
764 1837 976 1906 Ἐκχεῶ
1000 1839 1118 1892 άπὸ
1148 1840 1254 1893 τοῦ
1281 1843 1626 1910 Πνεύματός
1645 1861 1764 1911 μου
1798 1855 1807 1908 ]

1884 1859 1957 1895 ter
1985 1857 2191 1895 onmem
2243 1855 2476 1903 carnem,
2519 1846 2567 1889 et
2606 1833 2987 1905 prophetabunt
3037 1833 3138 1900 ﬁlii
3177 1832 3360 1897 vestri,
3391 1838 3444 1883 et

175 1926 274 1980 ἐπὶ
302 1926 519 1981 πᾶσαν
562 1925 762 1995 σάρκα
782 1967 796 1990 ,
854 1928 951 1980 καὶ
1003 1932 1533 1997 προφητεύσουσιν
1566 1935 1619 1984 οὶ
1649 1933 1764 1986 υἱοὶ

178 2016 345 2086 ὑμῶν
391 2016 498 2070 καὶ
530 2019 590 2070 αὶ
623 2017 940 2087 θυγατέρες
967 2019 1151 2087 ὑμῶν.
1190 2023 1302 2074 Καὶ
1337 2022 1425 2075 διὰ
1466 2023 1623 2076 τοῦτο
1654 2024 1765 2095 (77)

179 2109 401 2179 ὲμφυσᾷ
435 2109 572 2161 αὐτὸ
598 2111 678 2173 εἰς
703 2109 764 2162 τὸ
791 2109 1080 2180 πρόσωπον
1107 2113 1213 2164 τῶν
1236 2115 1546 2168 ἀποστόλων
1571 2115 1764 2184 λέγων’

181 2201 404 2256 Λάϐετε
453 2201 703 2270 Πνεῦμα
753 2201 960 2272 ἅγιον·
1014 2205 1099 2256 ἵνα
1131 2205 1413 2275 μάθωμεν,
1448 2208 1529 2260 ὅτι
1583 2211 1646 2260 ἐκ
1673 2208 1766 2261 τοῦ

185 2291 556 2364 πληρώματος
580 2293 679 2363 τῆς
706 2293 957 2364 θεότητός
986 2299 1100 2348 ἐστι
1135 2297 1198 2349 τὸ
1235 2297 1511 2368 διδόμενον
1545 2300 1770 2370 Πνεῦμα

183 2386 294 2446 τοῖς
346 2384 640 2454 μαθηταῖς.
691 2384 786 2436 Ἐν
836 2384 1068 2453 Χριστῷ
1118 2385 1258 2456 γὰρ,
1287 2388 1439 2457 φησὶ,
1491 2391 1768 2457 κατοικεῖ,

185 2473 465 2528 τουτέστιν
499 2476 557 2527 ὲν
592 2477 658 2544 τῇ
699 2475 862 2544 σαρκὶ⁵
895 2476 1081 2541 αὐτοῦ,
1101 2477 1225 2529 πᾶν
1253 2477 1316 2530 τὸ
1346 2479 1636 2548 πλήρωμα
1666 2479 1772 2548 τῆς

187 2565 469 2635 θεότητος
499 2564 610 2637 (78)
637 2564 1013 2636 σωματικῶςο
1041 2567 1224 2632 καθὼς
1261 2570 1354 2622 καὶ
1401 2571 1428 2622 ὁ
1465 2571 1772 2642 Βαπτιστὴς

199 2657 455 2730 Ἰωάννης
485 2658 666 2727 λέγει’
707 2659 895 2728 Ἡμεῖς
923 2658 1144 2727 πάντες
1163 2663 1232 2716 ἐκ
1258 2662 1362 2715 τοῦ
1385 2663 1774 2732 πληρώματος

187 2750 374 2807 αὐτοῦ
417 2749 736 2820 ἐλάϐομεν.
782 2752 1089 2824 Σωματικῷ
1143 2755 1251 2826 γὰρ
1289 2756 1448 2819 εῖδει,
1500 2757 1775 2809 τουτέστιν

187 2841 265 2903 ὡς
291 2840 616 2913 περιστερὰ,
641 2840 797 2910 ὤφθη
828 2839 890 2892 τὸ
913 2841 1135 2913 Πνεῦμα
1160 2845 1220 2896 τὸ
1249 2845 1422 2912 ἅγιον,
1446 2846 1774 2899 καταϐαῖνον

193 2928 283 2981 καὶ
311 2930 474 3000 μένον
499 2930 583 2982 ἐπ’
611 2929 791 2983 αὐτόν.
837 2930 924 2983 Ἐν
959 2931 1090 3001 ἡμῖν
1134 2932 1231 3001 μὲν
1259 2933 1367 3004 γὰρ
1409 2934 1519 3004 (79)
1551 2935 1775 3004 ἀπαρχὴ

194 3021 285 3073 καὶ
310 3021 573 3095 ἀρραϐὼν
602 3022 854 3093 θεότητος
879 3026 1140 3087 κατοικεῖ,
1165 3025 1220 3078 ἐν
1251 3025 1470 3096 Χριστῴ
1492 3027 1549 3079 δὲ
1577 3029 1684 3080 πᾶν
1717 3026 1778 3078 τὸ

195 3111 466 3184 πλήρωμα
502 3111 600 3182 τῆς
647 3111 916 3182 θεότητος.
951 3113 1060 3164 Καὶ
1093 3113 1164 3183 μή
1194 3131 1278 3177 τις
1307 3114 1520 3187 νομίσῃ,
1558 3117 1638 3169 ὅτι
1701 3115 1774 3188 μὴ

197 3201 330 3272 ἔχων
349 3204 485 3258 αὐτὸ
507 3203 810 3274 ἐλάμϐανεν
829 3219 843 3235 ·
873 3205 1036 3268 αὐτὸς
1073 3204 1181 3274 γὰρ
1203 3206 1334 3258 αὐτὸ
1373 3185 1575 3260 ἄνωθεν
1603 3185 1774 3278 ἔπεμέ
1801 3185 1845 3242 rc

198 3313 314 3358 πεν,
348 3298 424 3360 ὼς
452 3296 622 3358 Θεός·
653 3297 747 3350 καὶ
774 3296 935 3359 αὐτὸς
959 3297 1090 3349 αὐτὸ
1133 3297 1284 3349 κάτω
1336 3297 1652 3367 ὑπεδέχετο,
1701 3298 1776 3361 ώς

195 3387 502 3458 ἄνθρωπος.
557 3387 648 3452 Ἐξ
679 3388 844 3441 αὐτοῦ
870 3383 964 3440 οὖν
1014 3390 1096 3451 είς
1135 3389 1297 3441 αὑτὸν
1325 3389 1538 3459 κατῄει,
1565 3391 1628 3442 ἐκ
1676 3389 1778 3459 τῆς

202 3475 445 3549 θεότητος
476 3477 642 3530 αὐτοῦ
684 3479 764 3541 είς
803 3477 900 3546 τὴν
928 3478 1322 3549 ἀνθρωπότητα
1368 3477 1555 3532 αὑτοῦ.
1592 3481 1700 3534 Καὶ
1748 3482 1778 3533 ὁ

203 3567 299 3637 μὲν
354 3570 583 3634 Ἡσαΐας
636 3571 701 3622 ὲκ
733 3566 1024 3641 προσώπου
1068 3568 1162 3622 τοῦ
1193 3569 1404 3641 Πατρὸς
1443 3571 1542 3642 βοᾷ
1565 3571 1770 3640 λέγων·

206 3659 363 3714 οὕτω
414 3661 582 3732 λέγει
635 3662 851 3728 Κύριος
891 3660 1001 3730 (80)
1037 3665 1068 3714 ὀ
1108 3663 1252 3727 Θεός
1283 3678 1418 3726 σου,
1456 3666 1488 3716 ό
1516 3663 1776 3730 ποιήσας

203 3763 276 3802 σε
300 3751 398 3804 καὶ
433 3750 680 3818 πλάσας
709 3768 782 3805 σε
805 3752 873 3804 ἐκ
900 3751 1131 3817 κοιλίας
1151 3768 1163 3781 ·
1196 3751 1293 3820 Μὴ
1321 3751 1540 3821 φοϐοῦ,
1570 3757 1604 3807 ὁ
1637 3754 1778 3820 παῖς

195 3856 315 3907 μου
358 3841 577 3908 Ἰακὼϐ,
642 3843 740 3896 καὶ
767 3846 800 3896 ό
825 3841 1210 3912 ἡγαπημένος
1254 3843 1492 3913 Ἰσραὴλ
1518 3887 1533 3912 ,
1575 3846 1648 3900 ὃν
1685 3847 1782 3912 ἐξ·

210 3930 530 4002 ελεξάμην·
551 3932 639 3986 ὅτι
649 3932 763 4002 ἐγὼ
776 3932 948 3985 δώσω
965 3932 1120 4001 ὕδωρ
1135 3932 1203 3985 ἐν
1218 3932 1378 4002 δίψει
1393 3935 1516 4002 τοῖς
1531 3953 1778 4004 πορευο-

194 4019 402 4088 μένοις
423 4024 497 4077 ἐν
525 4023 794 4092 ἀνύδρῳ·
831 4024 1099 4092 ἐπιθήσω
1129 4024 1194 4077 τὸ
1229 4025 1472 4095 Πνεῦμά
1505 4046 1626 4097 μου
1677 4029 1776 4082 ἐπὶ

208 4109 272 4162 τό
296 4110 534 4182 σπέρμα
557 4125 694 4176 σου,
728 4111 826 4166 καὶ
853 4111 960 4177 τὰς
989 4112 1268 4180 εὐλογίας
1292 4129 1412 4180 μου
1443 4113 1542 4166 ἐπὶ
1580 4114 1654 4168 τὰ
1682 4114 1777 4168 τέ-

211 4214 320 4254 κνα
343 4216 461 4257 σου
497 4203 629 4275 (8|).
665 4204 751 4256 ’Ev
767 4203 845 4276 τῷ
872 4203 1188 4275 Εὑαγγελίῳ
1213 4203 1271 4257 δὲ
1299 4203 1329 4256 ὁ
1359 4203 1486 4266 Υἱὸς
1509 4205 1778 4275 ἐπαγγέλ-

1871 1933 1997 2002 ﬁlia:
2049 1942 2234 1986 vestra:
2266 1931 2333 1983 "'.
2399 1928 2467 1982 Et
2516 1937 2801 1998 propterea
2846 1925 3139 1980 insutﬂavit
3179 1923 3354 1992 ipsum
3388 1922 3445 1976 in

1871 2025 2062 2080 faciem
2089 2023 2468 2094 apostolorum
2499 2022 2719 2075 dicens:
2750 2019 2983 2088 Accipite
3011 2015 3274 2082 Spiritum
3313 2030 3446 2067 san-

1871 2128 2013 2172 ctum
2046 2117 2126 2170 '°:
2163 2125 2222 2169 ut
2248 2116 2548 2176 discamus,
2582 2111 2842 2182 Spiritum
2883 2111 2978 2180 qui
3022 2109 3305 2177 discipulis
3344 2109 3444 2162 da-

1873 2217 1981 2271 tur,
2016 2223 2081 2261 ex
2110 2205 2447 2276 plenitudine
2495 2201 2716 2257 deitatis
2747 2216 2888 2256 esse.
2935 2198 3004 2252 In
3033 2197 3244 2252 Christo
3280 2197 3445 2256 enim,

1872 2301 2068 2369 inquit,
2114 2296 2399 2362 inhabitat,
2468 2297 2573 2350 hoc
2627 2302 2711 2348 est
2749 2293 2804 2346 in
2853 2306 3018 2346 carne
3054 2291 3172 2360 ejus
3206 2329 3222 2353 ,
3276 2289 3446 2342 omnis

1871 2391 2140 2459 plenitudo
2202 2387 2499 2441 divinitatis
2553 2385 2901 2454 corporaliter
2938 2383 3028 2447 ⁸¹;
3081 2391 3142 2435 ιιι
3187 2381 3315 2434 item
3373 2379 3450 2432 ait

1872 2481 2108 2537 Joannes
2141 2479 2380 2544 Baptista
2419 2497 2430 2532 :
2469 2477 2581 2530 Nos
2614 2491 2792 2530 omnes
2844 2475 2907 2527 de
2961 2472 3290 2543 plenitudine
3331 2470 3446 2540 ejus

1875 2573 2167 2640 accepimus
2202 2571 2269 2622 ⁸³.
2303 2567 2585 2637 Corporali
2611 2566 2754 2621 enim
2785 2564 2985 2634 specie,
3024 2565 3128 2617 hoc
3159 2571 3262 2624 est,
3287 2561 3449 2631 quasi

1875 2661 2153 2723 columba,
2185 2661 2338 2715 visus
2389 2668 2472 2714 est
2519 2657 2759 2728 Spiritus
2811 2667 3036 2711 sanctus
3079 2653 3448 2717 descendere,

1877 2764 1932 2808 et
1965 2767 2186 2806 manere
2208 2767 2372 2820 super
2404 2766 2550 2804 eum.
2586 2747 2642 2802 Ιιι
2675 2748 2830 2802 nobis
2867 2748 3065 2816 quippe
3108 2745 3362 2814 primitiae
3394 2753 3452 2799 et

1877 2843 2040 2897 arrha
2073 2842 2295 2897 deitatis
2327 2841 2653 2902 inhabitant,
2700 2840 2754 2891 in
2785 2837 3003 2892 Christo
3053 2846 3235 2891 autem
3271 2836 3454 2890 omnis

1879 2932 2158 3002 plenitudo
2186 2930 2507 2986 divinitatis.
2539 2927 2604 2983 Et
2635 2943 2702 2982 ne
2730 2927 2854 2997 quis
2891 2929 3115 2996 putarit,
3151 2943 3275 2981 eum
3321 2941 3448 2980 cum

1879 3029 2032 3097 prius
2054 3043 2161 3081 ιιοιι
2193 3027 2436 3091 haberet,
2473 3024 2650 3094 ipsum
2677 3024 2953 3092 accepisse
2981 3041 2993 3074 :
3028 3038 3150 3077 eum
3179 3024 3269 3077 ille
3289 3023 3452 3077 desu-

1881 3135 1977 3190 per
1999 3119 2266 3182 mittebat,
2301 3127 2488 3186 utpote
2537 3115 2700 3181 Deus,
2743 3124 2798 3170 et
2831 3116 2942 3184 ipse
2976 3115 3115 3169 infra
3152 3116 3302 3170 illum
3352 3130 3445 3170 ac—

1878 3211 2133 3280 cipiebat,
2168 3218 2226 3264 ut
2255 3210 2442 3264 homo.
2485 3207 2560 3261 Ex
2589 3209 2706 3277 ipso
2731 3207 2899 3277 igitur
2928 3209 2978 3261 in
3015 3213 3192 3276 ipsum
3219 3209 3447 3263 descen-

1880 3299 1980 3361 dit.
2023 3300 2281 3353 nimirum
2320 3314 2386 3353 ex
2416 3298 2697 3353 divinitate
2738 3298 2857 3366 ejus
2893 3299 2946 3350 in
2984 3299 3104 3366 ejus
3143 3298 3454 3352 humanita-

1883 3399 2008 3443 tem.
2062 3387 2128 3442 Et
2181 3389 2348 3443 Isaias
2406 3387 2623 3457 quidem
2656 3403 2722 3441 ex
2776 3401 3007 3456 persona
3049 3386 3226 3440 Patris
3253 3386 3459 3440 clamat

1881 3481 1968 3534 his
1995 3479 2220 3534 verbis:
2260 3476 2349 3532 Sic
2403 3479 2533 3530 dicit
2582 3477 2841 3530 Dominus
2883 3475 3022 3530 Deus
3065 3487 3207 3538 tuus,
3251 3475 3455 3545 faciens

1880 3581 1932 3627 et
1953 3573 2188 3642 formans
2218 3579 2265 3624 te
2293 3568 2358 3622 ab
2387 3579 2532 3622 utero
2560 3584 2578 3622 :
2611 3565 2740 3620 Noli
2772 3568 2972 3633 timere,
3008 3583 3136 3634 puer
3167 3567 3240 3618 mi
3262 3563 3454 3628 Iacob,

1887 3673 1937 3717 et
1965 3662 2154 3715 dilecte
2211 3659 2402 3725 Israel,
2441 3676 2594 3730 quem
2630 3659 2796 3729 elegi;
2830 3657 2967 3711 dabo
3000 3659 3139 3711 enim
3171 3673 3362 3728 aquam
3399 3659 3458 3711 in

1887 3753 1979 3805 siti
2033 3751 2145 3805 illis
2183 3751 2273 3822 qui
2325 3749 2600 3804 ambulant
2645 3750 2699 3802 in
2753 3750 3008 3819 inaquoso
3043 3762 3064 3801 :
3104 3758 3153 3802 et
3190 3749 3458 3818 imponam

1889 3842 2150 3911 Spiritum
2184 3857 2353 3896 meum
2385 3857 2540 3910 super
2592 3855 2765 3894 semen
2818 3849 2988 3906 tuum,
3035 3849 3086 3893 et
3139 3840 3458 3893 benedictio-

1889 3949 2007 3986 nem
2038 3949 2206 3987 meam
2240 3947 2394 4000 super
2425 3933 2617 3986 liberos
2646 3939 2762 3984 tuos
2801 3931 2869 3986 ⁸³.
2925 3931 2982 3985 1η
3037 3930 3328 4002 Erangelio
3360 3947 3460 3986 au-

1885 4033 1992 4078 tem
2018 4023 2190 4079 Filius
2221 4024 2505 4094 pollicetur
2538 4039 2600 4078 se
2633 4021 2890 4078 daturum
2935 4039 3133 4094 aquam
3170 4024 3239 4079 iis
3271 4025 3366 4093 qui
3401 4025 3459 4078 iu

1882 4117 1972 4172 siti
2025 4117 2338 4178 ambulant,
2391 4115 2519 4170 dum
2574 4114 2932 4170 Samaritana:
2987 4117 3063 4169 ita
3123 4117 3189 4170 de
3251 4114 3458 4183 Spiritu

1885 4217 2076 4262 sancto
2115 4207 2395 4277 loquitur:
2428 4204 2488 4261 Si
2535 4207 2696 4261 scires
2744 4205 2939 4260 donum
2976 4203 3094 4273 Dei,
3142 4215 3194 4260 et
3232 4207 3349 4276 quis
3377 4216 3460 4261 est

279 4407 325 4446 ⁷⁸
345 4406 504 4466 Joan.
541 4426 638 4478 vn,
667 4411 755 4478 '58,
792 4411 880 4465 59.
935 4413 979 4444 "
1004 4409 1141 4466 Joel.
1177 4427 1234 4479 ιι,
1263 4410 1353 4466 28.
1429 4410 1648 4467 "Joan.
1677 4414 1807 4481 ιω

1958 4415 2002 4448 ⁸¹
2025 4416 2235 4471 Coloss.
2257 4431 2316 4482 ιι,
2340 4415 2392 4468 9.
2469 4415 2515 4446 ⁸⁸
2542 4413 2698 4470 Joan.
2740 4428 2780 4479 ι,
2806 4413 2893 4467 16.
2968 4410 3456 4477 “lsa.xuv,2,3.

281 4541 389 4622 (74)
418 4547 497 4600 Ita
526 4545 773 4626 Seguer_.,
808 4565 967 4626 quem
994 4552 1302 4626 sequimur.
1318 4552 1462 4626 ΔΑΙᾹὶἰ,
1488 4547 1592 4626 Δείς
1625 4552 1776 4619 Υἱὸς,

1886 4572 2038 4626 guer.
2072 4557 2282 4626 Anglic.
2313 4553 2531 4626 Gobler.
2566 4563 2620 4626 et
2654 4554 2798 4608 Felc.
2834 4529 3312 4626 Lbﬁanttcrtjc.
3358 4551 3460 4626 alii

213 4611 390 4692 minus
419 4611 670 4692 t-ecte._ut
686 4611 925 4692 videtur.
947 4611 1112 4692 Infra,
1137 4631 1258 4690 post
1280 4611 1552 4692 ἀληθινός,
1573 4611 1624 4677 in
1647 4611 1780 4680 solis

212 4677 684 4763 §eguer._Gobler.
726 4699 780 4763 et
839 4689 984 4763 Felc.
1020 4677 1400 4763 _l,':habetur',
1451 4677 1551 4746 καί
1594 4677 1774 4763 (plicat;

213 4747 385 4830 Iuli-3,
409 4756 500 4830 τρν
522 4757 617 4810 ἕνα
643 4759 836 4830 legitur
865 4761 918 4813 in
952 4747 1088 4830 solo.
1107 4747 1424 4830 Segueriati.

285 4821 392 4960 ἒἸΒ)
426 4825 650 4907 Seguer.
677 4821 894 4884 Gobler.
921 4839 976 4884 et
1000 4829 1144 4883 Felc.
1179 4821 1232 4894 Ῑ,
1263 4831 1358 4884 καὶ
1393 4832 1528 4886 Νέα.

311 4891 394 4960 76)
417 4897 507 4950 Sic
535 4897 701 4952 Basil.
720 4901 930 4960 Anglic.
958 4909 1012 4953 et
1037 4899 1262 4960 Seguer.
1295 4900 1433 4954 Editi
1461 4913 1514 4956 et

311 4891 394 4972 7g)
417 4891 705 4972 Sic'Basil.
720 4901 935 4972 Anglic.
958 4909 1012 4953 et
1037 4891 1262 4972 Seguer.
1295 4900 1433 4972 Editi
1461 4913 1514 4956 et
1535 4902 1649 4965 alii,
1678 4902 1780 4972 τῆς

213 4959 394 5037 {abici}.
426 4965 548 5021 Mox
575 4968 730 5023 Gobl.
763 4959 835 5022 ef
849 4969 992 5024 Felc.
1054 4959 1139 5035 1,”
1161 4971 1406 5037 ἐξουσίας
1457 4973 1550 5026 καὶ
1569 4959 1776 5036 obolon}:

221 5026 465 5112 lti'ed’ttis
483 5047 537 5091 et
565 5040 686 5112 aliis
722 5040 876 5112 haec,
903 5026 1150 5104 ὲξουσίας
1177 5026 1288 5112 καί,
1318 5026 1532 5112 desunt.
1567 5026 1780 5108 lbid.,'b

219 5098 411 5182 litigio;
424 5107 586 5182 deest
612 5109 666 5163 in
699 5109 824 5182 seg.
848 5098 977 5165 Post
1013 5098 1145 5182 περὶ
1159 5111 1254 5164 τοῦ
1276 5098 1625 5182 Πνεύματος,
1658 5098 1782 5182 ιιιὶὶ-

217 5169 576 5252 datiLaddunt
588 5251 601 5252 ί
611 5169 881 5252 φησίῶϋὶ
898 5169 1183 5252 omittunt.

290 5240 562 5327 llaec,
584 5240 694 5304 Καὶ
707 5240 806 5327 δια
829 5251 1006 5315 τοῦτο,
1061 5262 1190 5317 etc.,
1224 5253 1492 5327 habentur
1525 5262 1672 5307 tomo
1695 5251 1782 5306 Vll

220 5305 590 5392 ponciliorum,
620 5337 672 5390 p.
703 5321 827 5385 916,
856 5305 1189 5390 vocaturque

224 5376 350 5462 ξυιιξ,
382 5376 671 5444 Οναιίαᾶε
709 5376 1041 5460 apparitione
1070 5376 1378 5459 D'ominilin
1398 5376 1598 5456 carne:
1649 5376 1778 5448 nam

300 5460 404 5534 ttpe
426 5466 650 5534 tantum,
660 5471 848 5534 exstat
877 5461 948 5534 ibi
981 5463 1151 5534 locus.
1179 5464 1378 5518 Ibidem
1406 5464 1656 5533 Seguer.,
1685 5465 1781 5534 ὲμ-

223 5523 600 5618 3:33am?“
632 5530 1070 5618 Rupta-111602.;
1124 5535 1220 5596 εἰς.
1279 5523 1534 5618 Anglic;
1560 5523 1780 5618 ὲμςρυσᾷ

225 5587 380 5678 ξῨῗδνῖ
410 5587 982 5678 ό-Κρριος-ἑίςίιηΐὲιι
1014 5587 1235 5674 δὲευθὶ.
1274 5587 1778 5674 δοιῖίείπληρώμαέ

223 5669 481 5744 τος-αυτοῦ
504 5669 602 5741 τῆς
625 5672 893 5744 θεότητος.

292 5729 395 5804 (⁷8)
423 5729 643 5810 Seguer.
676 5729 798 5814 pos't
827 5729 1078 5815 θεότητος
1111 5745 1272 5799 habet
1307 5743 1492 5796 αὐτοῦ.
1525 5741 1649 5800 M01
1683 5741 1781 5802 Se.-

1887 4621 1940 4681 ét
1962 4627 2114 4690 editi,
2140 4621 2532 4695 εὖαγγελιστής
2554 4641 2568 4655 ·
2593 4625 2651 4695 id
2686 4625 2933 4695 certeait
2962 4621 3196 4695 Joannes
3220 4621 3460 4695 B_ap_tista

1886 4697 2027 4765 apud
2055 4691 2319 4751 Joannem
2352 4691 2770 4765 Evatigelistam.
2820 4693 3199 4765 Moqueguer.
3238 4691 3458 4746 Gobler.

1885 4764 1940 4821 et
1969 4766 2112 4821 Felc.
2153 4767 2204 4829 1,
2235 4767 2334 4820 soli
2361 4765 2558 4818 habent
2583 4764 2783 4826 πάντες
2807 4773 2924 4831 post
2947 4764 3122 4832 ὑμεῖς.

1964 4837 2075 4907 (79)
2103 4837 2217 4909 Γάρ
2248 4835 2400 4909 deest
2431 4836 2484 4888 in
2515 4833 2659 4909 Fe'c.
2691 4833 2944 4909 _5._‘l_nl'ra
2981 4833 3254 4909 Segu‘et},
3297 4845 3458 4909 quem

1887 4901 2198 4990 sequimur-3'
2229 4905 2304 4976 μὴ
2336 4904 2476 4990 ἔχων
2509 4903 2672 4990 abs-6A
2691 4904 2829 4990 Elditi
2865 4903 3164 4990 melii-api;
3195 4901 3334 4990 ἔχων
3364 4901 3462 4954 αὐ-

1884 4971 1996 5039 τός.
2031 4975 2200 5030 Paulo
2230 4971 2354 5042 post
2369 4971 2603 5044 ‘chuer.
2633 4973 2863 5044 Gobler.
2887 4983 2942 5026 et
2963 4971 3103 5026 Felc.
3135 4973 3184 5044 1,
3213 4971 3462 5044 ἔπεμπεν

1889 5056 2054 5112 recte;
2073 5040 2403 5106 aliietediti,
2419 5040 2684 5114 ἔπεμψεν.
2707 5043 2829 5097 Mox
2847 5043 3072 5114 Seguer.
3092 5043 3264 5114 solus,
3287 5040 3459 5103 κάτω,

1889 5109 2051 5204 sm,
2084 5109 2759 5204 μειερ.ξςίιιι,ί.ωι.ξτξ,ιλ¹ίῐν
2813 5109 3078 5204 siti“??-
3118 5111 3298 5204 ιῖειειρ,
3337 5121 3462 5204 βρεε
3553 5152 3557 5156 ν

1890 5180 2114 5257 Seguer.
2147 5180 2386 5257 ϐοδίειξ
2410 5195 2463 5238 et
2513 5184 2652 5257 Felc.
2718 5184 2769 5250 1,
2828 5185 2908 5247 εἰς
2957 5181 3048 5234 τὸν
3102 5180 3298 5235 αὐτόν*
3351 5183 3462 5235 duo

1886 5254 2146 5327 postremi
2172 5255 2394 5327 ibidem,
2435 5254 2652 5323 κατείη.

1959 5329 2071 5399 (80)
2130 5326 2204 5381 Ita
2262 5325 2485 5399 Seguer.
2541 5321 2726 5399 solus:
2757 5321 2816 5376 In
2870 5322 2994 5378 aliis
3037 5321 3240 5399 detog
3289 5321 3462 5399 deest.

1886 5391 2362 5453 Infra'articulus'
2395 5399 2424 5449 ὁ
2461 5406 2585 5450 ante
2626 5396 2774 5456 παῖς,
2822 5403 2876 5448 et
2929 5401 3055 5446 ante
3106 5391 3464 5460 ἡγαπημένος

1887 5470 2040 5525 deest
2061 5471 2114 5523 in
2153 5466 2478 5538 quibusdam
2510 5481 2644 5538 mss.
2677 5464 2801 5518 Mox
2834 5462 3084 5538 Seguer.,
3108 5462 3168 5538 δν
3199 5461 3330 5538 ἐγώ.

1958 5539 2068 5610 (81)
2096 5530 2290 5610 Basil.,
2326 5539 2444 5610 sint
2482 5535 2549 5588 τὰ
2577 5535 2752 5610 τέκνα-
2775 5551 2890 5610 σου,
2914 5530 3015 5585 “κα“ι
3063 5530 3466 5610 τὰς-εὐλογίας

1930 5602 1991 5662 ου
2024 5602 2117 5662 ἐπὶ
2138 5611 2198 5662 τὸ
2232 5602 2454 5680 σπέρμα
2504 5623 2619 5660 σου.
2679 5605 2812 5660 Ibid.
2857 5604 3106 5673 Segnen,
3158 5603 3244 5655 Ἐν
3271 5602 3326 5654 δὲ
3351 5603 3465 5656 τοῖς

1885 5629 1991 5734 μου
2024 5629 2117 5662 επι
2138 5629 2198 5662 το
2232 5629 2254 5662 ο

1906 5680 2254 5750 Σὺαγγελίοις.
