3810 6228
441 292 570 351 t003

1001 291 1058 346 S.
1099 288 1472 345 ATHANASII
1509 287 1658 346 OPP.
1698 287 1878 344 PARS
1915 289 1954 343 ξ.
1997 317 2068 330 --
2105 280 2475 342 HISTORICA
2516 284 2604 341 ET
2644 286 3066 344 DOGMATICA.

3552 283 3693 337 1004

439 427 552 468 tura
576 424 674 467 sua
702 407 898 464 Filium
930 407 1044 472 Dei,
1071 408 1167 463 sed
1195 423 1391 479 corpus
1418 407 1538 462 Filii
1571 406 1685 462 Dei.
1714 407 1853 463 Cum
1887 408 1983 462 ita-

2092 405 2184 459 τοῦ
2209 405 2337 459 Υἱοῦ
2368 405 2554 460 αὐτοῦ.
2596 407 2706 460 Kal
2737 406 2798 459 οὐ
2830 407 3062 477 λέγομεν
3087 405 3149 458 τὸ
3196 402 3356 473 σῶμα
3384 398 3528 454 εἶναι
3558 402 3692 454 Υἱδν

437 518 537 574 que
562 516 762 571 corpus
791 499 1080 560 excitatur,
1111 497 1284 554 Filius
1314 497 1634 567 intelligitur
1675 497 1906 554 excitari
1929 513 1997 552 ex

436 593 683 649 mortuis.
711 592 944 660 Ideoque
977 589 1214 646 dicimus
1255 590 1409 646 illum
1444 591 1743 646 secundum
1775 605 1996 646 carnem

435 694 724 750 mortuum,
759 682 1054 752 sepultum,
1077 689 1133 736 et
1159 682 1453 738 excitatum
1481 681 1654 738 fuisse
1677 698 1704 738 a
1726 685 1992 740 mortuis:

433 775 726 830 secundum
760 772 1013 843 spiritum
1041 781 1223 828 autem
1267 773 1323 828 in
1377 774 1626 841 coelopet
1655 775 1710 828 in
1743 782 1910 841 terra,
1944 783 1999 828 et

431 863 629 933 ubique
658 871 787 917 tunc
819 861 1009 918 fuisse.
1038 860 1492 932 Quandoquidem
1514 864 1678 934 igitur
1703 879 1827 919 cum
1851 874 1998 920 esset

430 957 598 1022 dives,
627 953 786 1026 703
818 955 872 1010 id
907 963 1010 1019 est,
1040 952 1215 1020 Deus,
1259 952 1442 1010 factus
1483 941 1568 1010 est
1591 955 1770 1025 inops,
1801 956 1855 1010 id
1889 965 1995 1024 est,

429 1048 593 1101 homo
615 1085 630 1110 ,
658 1056 732 1111 et,
767 1053 992 1116 excepto
1011 1054 1256 1116 peccato,
1286 1045 1341 1100 in
1364 1045 1620 1101 omnibus
1682 1046 1880 1102 similis
1911 1046 1993 1102 fa-

428 1148 551 1195 ctus
582 1146 668 1194 est
689 1138 848 1194 nobis
873 1154 888 1190 :
926 1137 1130 1194 idcirco
1153 1146 1214 1192 ut
1237 1138 1400 1194 homo
1423 1138 1621 1208 accipit
1651 1139 1840 1206 vitam,
1871 1139 1998 1195 licet

427 1233 592 1286 vitam
624 1231 841 1296 habeat,
860 1230 1059 1301 quippe
1087 1230 1203 1301 ipse
1223 1239 1308 1285 est
1335 1230 1468 1297 vita,
1501 1231 1647 1284 illam
1672 1240 1850 1286 tamen
1870 1246 1996 1301 pro-

425 1333 544 1392 pter
565 1339 667 1378 nos
687 1323 881 1392 accipit
907 1341 920 1376 :
950 1337 1014 1377 ac
1037 1331 1224 1392 utp0te
1242 1323 1406 1376 homo
1429 1322 1749 1392 proﬁciebat
1778 1324 1994 1393 sapien-

426 1415 499 1469 tia
522 1424 578 1469 et
613 1423 788 1476 aetate.
810 1414 904 1484 qui
925 1420 1042 1468 erat
1068 1423 1266 1468 aeterna
1291 1413 1386 1468 Dei
1420 1415 1596 1469 virtus
1617 1421 1672 1469 et
1703 1413 1989 1484 sapientia.

428 1504 496 1560 Ut
523 1507 688 1561 homo
716 1506 877 1561 etiam
898 1505 1269 1560 sanctiﬁcatur
1292 1505 1385 1575 qui
1409 1518 1630 1564 sanctus
1673 1515 1777 1572 est,
1817 1514 1872 1560 et
1898 1505 1990 1574 qui

423 1599 855 1656 sanctiﬁcatione
891 1614 1002 1652 non
1033 1607 1154 1668 eget
1187 1617 1200 1652 :
1239 1614 1363 1653 nam
1395 1615 1491 1669 pro
1519 1599 1626 1665 eis,
1658 1598 1872 1668 inquit,
1899 1613 1991 1669 ego

423 1693 694 1760 sanctiﬁco
725 1692 1000 1758 meipsum,
1030 1699 1088 1744 ut
1111 1691 1217 1745 sint
1255 1699 1305 1745 et
1334 1691 1437 1759 ipsi
1467 1690 1788 1759 sanctiﬁcati
1814 1690 1868 1743 in
1896 1705 1984 1744 ve-

2099 497 2259 564 φύσει
2291 495 2404 565 ,τοῦ
2453 496 2611 562 Θεοῦ,
2644 496 2780 550 ἀλλὰ
2802 497 2862 550 τὸ
2894 498 3052 568 σῶμα
3078 494 3172 549 τοῦ
3225 493 3357 548 Υἱοῦ
3391 493 3489 546 τοῦ
3522 493 3688 548 Θεοῦ.

2099 587 2205 642 Τοῦ
2236 583 2329 642 οὖν
2356 587 2606 659 σώματος
2621 588 2988 659 ἐγειρομένου,
3013 590 3042 640 6
3066 587 3197 650 Υἱὸς
3213 589 3413 640 νοεῖται
3445 587 3691 655 ἐγηγερ-

2101 679 2258 750 μένος
2286 679 2362 750 (1)
2388 680 2453 732 ὲκ
2478 678 2708 750 νεκρῶν.
2733 677 2831 731 Διά
2853 677 3011 731 τοῦτο
3037 677 3180 730 κατὰ
3208 677 3387 748 σάρκα
3415 675 3683 745 λέγομεν,

2095 767 2291 822 ὃτι⁰καὶ
2313 767 2575 830 ἀπέθανε,
2604 767 2698 819 καὶ
2726 767 2921 836 ἐτάφη,
2958 765 3054 818 καὶ
3092 763 3303 835 ἠγέρθη
3333 765 3400 816 ὲκ
3425 763 3680 833 νεκρῶνο

2097 861 2238 916 κατὰ
2255 861 2313 914 δὲ
2336 860 2395 913 τὸ
2419 858 2643 929 πνεῦμα
2675 859 2769 912 καὶ
2793 860 2851 912 ὲν
2875 856 3089 929 οὐρανῷ
3123 856 3216 910 καὶ
3238 857 3330 909 ἐπὶ
3361 854 3466 925 γῆς
3488 850 3563 926 ἦν
3592 855 3685 908 καὶ

2096 949 2392 1023 πανταχοῦ.
2436 951 2590 1004 Ἐπεὶ
2618 946 2710 1004 οὖν
2735 949 2998 1022 πρότερον
3021 949 3277 1012 πλούσιος
3296 947 3393 1011 ὢν,
3426 946 3682 1000 τουτέστι

2095 1043 2228 1106 Θεός
2248 1059 2262 1073 ο
2299 1041 2523 1114 ὕστερον
2542 1041 2599 1094 δὲ
2631 1039 2845 1110 πτωχὸς
2873 1039 3064 1108 γέγονε
3085 1077 3100 1102 ,
3131 1037 3410 1090 τουτέστιν
3457 1035 3678 1105 ἄνθρω⁴

2095 1151 2216 1199 πος,
2242 1133 2336 1186 καὶ
2364 1132 2442 1204 (2)
2471 1129 2728 1202 ὡμοιώθη
2761 1130 2894 1199 ἡμῖν
2916 1126 3060 1182 κατὰ
3087 1126 3266 1180 πάντα
3286 1125 3458 1196 χωρὶς
3491 1125 3680 1194 ἁμαρ-

2091 1223 2245 1290 τίαζ·
2287 1225 2381 1278 καὶ
2411 1223 2502 1277 διὰ
2520 1221 2679 1276 τοῦτο
2699 1221 2776 1284 ὡς
2805 1219 3093 1292 ἄνθρωπος
3134 1217 3401 1288 λαμϐάνει
3443 1215 3624 1285 ζωὴν,
3654 1217 3680 1267 6

2092 1316 2230 1388 ἔχων
2255 1315 2419 1385 ζωὴν,
2449 1313 2610 1378 αὐτὸς
2648 1314 2757 1384 γάρ
2794 1313 2942 1365 ἐστιν
2967 1311 3001 1382 ἡ
3032 1309 3144 1380 ζ-ωή
3163 1327 3177 1340 ο
3207 1307 3480 1379 λαμϐάνει
3511 1308 3574 1360 δὲ
3612 1307 3677 1360 δι’

2091 1409 2258 1481 ἡμᾶς,
2279 1408 2373 1460 καὶ
2400 1406 2476 1469 ὼς
2495 1405 2778 1476 ἄνθρωπος
2810 1402 3121 1475 προέκοπτε
3165 1399 3327 1471 σοφίᾳ
3353 1398 3450 1453 καὶ
3483 1399 3680 1470 ἡλικίᾳ

2091 1501 2125 1570 ἡ
2165 1499 2333 1560 ἀΐδιος
2364 1495 2458 1550 τοῦ
2482 1496 2614 1550 Θεοῦ
2644 1496 2870 1566 δύναμις
2897 1495 2994 1548 καὶ
3031 1492 3215 1562 σοφία,
3245 1491 3343 1545 καὶ
3362 1491 3440 1554 ὼς
3454 1490 3682 1562 ἀνθρω-

2091 1609 2191 1656 πος
2221 1589 2505 1660 ἁγιάζεται
2524 1593 2553 1644 6
2583 1589 2757 1657 ἅγιος,
2783 1588 2878 1641 καὶ
2902 1585 2976 1658 μὴ
2995 1585 3182 1657 χρείαν
3202 1583 3342 1654 ἔχων
3365 1584 3444 1655 (5)
3513 1584 3681 1650 ἁγια-

2094 1682 2231 1755 σμοῦ
2256 1697 2270 1711 ο
2310 1681 2489 1749 ’Υπὲρ
2512 1680 2711 1735 αὐτῶν
2747 1680 2883 1752 γὰρ,
2928 1680 3112 1750 φησὶν,
3151 1676 3360 1748 ἁγιάζω
3379 1675 3677 1744 ἐμαυτὸν,

421 1784 580 1837 ritate
603 1784 642 1837 ί.
673 1781 745 1838 Ut
786 1783 950 1838 homo
987 1783 1116 1838 item
1157 1783 1432 1838 exaltatur
1455 1783 1751 1853 .accipiens
1790 1796 1983 1837 nomen

2092 1749 2192 1826 lira
2218 1766 2369 1825 ὦσιν
2391 1769 2560 1824 αὐτοὶ
2580 1749 2931 1839 ἡγιασμένοι
3040 1768 3310 1836 ἀληθείᾳ.
3343 1766 3454 1819 Kal
3479 1765 3564 1828 ὡς
3583 1767 3681 1820 ἀν-

420 1890 584 1944 super
610 1889 771 1930 onme
800 1889 1020 1941 nomen,
1050 1875 1196 1944 quod
1222 1881 1406 1930 tamen
1435 1889 1649 1944 semper
1670 1880 1866 1929 natura
1890 1888 1990 1929 sua

419 1966 602 2021 habet.
634 1964 770 2021 Nam
793 1965 956 2032 Deus,
990 1966 1187 2036 inquit,
1221 1976 1338 2021 erat
1379 1963 1601 2020 Verbum
1633 1965 1675 2020 ’.

492 2061 578 2116 12.
623 2059 975 2130 Quaecunque
1013 2059 1178 2129 igitur
1219 2057 1502 2128 Scriptura
1548 2059 1683 2115 dicit
1714 2057 1990 2129 accepisse

418 2153 637 2220 Filium,
662 2162 882 2224 propter
908 2167 1108 2223 corpus
1154 2155 1275 2222 ejus
1323 2153 1454 2208 illud
1483 2152 1616 2208 dicit
1645 2166 1992 2222 :corpusque

417 2247 548 2302 illud
574 2257 655 2302 est
685 2246 933 2316 primitiae
980 2245 1272 2301 Ecclesiae:
1311 2260 1437 2300 nam
1481 2245 1751 2314 primum,
1792 2245 1986 2314 inquit,

417 2338 661 2394 Christus
685 2338 726 2393 ³.
779 2336 916 2392 Cum
960 2351 1090 2406 ergo
1119 2336 1373 2405 primitiae
1417 2336 1755 2406 accepissent
1790 2351 1988 2390 nomen

415 2430 562 2500 quod
601 2438 684 2484 est
724 2444 888 2499 super
925 2443 1089 2484 omne
1116 2443 1338 2494 nomen,
1371 2436 1502 2482 tunc
1535 2428 1745 2498 reliqua
1777 2442 1980 2491 massa,

415 2537 510 2592 per
532 2522 676 2575 illam
705 2522 959 2575 virtutem
991 2519 1157 2575 simul
1181 2519 1413 2574 excitata
1441 2528 1496 2573 et
1521 2519 1819 2574 consedere
1844 2517 1987 2572 facta

417 2623 520 2679 est,
559 2614 714 2684 juxta
746 2612 879 2666 illud
912 2612 1118 2666 dictum
1145 2628 1159 2664 :
1187 2609 1628 2664 Conresuscitavit
1648 2617 1698 2663 et
1716 2608 1988 2662 consedere

418 2701 539 2768 fecit
565 2700 607 2754 ‘.
650 2698 992 2769 Quapropter
1032 2713 1152 2752 eam
1183 2697 1410 2766 gratiam
1441 2697 1690 2752 homines
1710 2712 1984 2766 accepere,

415 2802 477 2846 ut
500 2791 584 2845 dei
611 2800 666 2846 et
687 2791 782 2844 ﬁlii
805 2789 903 2843 Dei
934 2798 1282 2844 vocarentur.
1316 2787 1498 2843 Primo
1524 2789 1687 2860 igitur
1707 2790 1985 2859 proprium

415 2897 615 2952 corpus
648 2881 911 2936 Dominus
955 2881 1215 2935 excitavit
1251 2895 1316 2934 ex
1354 2881 1607 2946 mortuis,
1642 2890 1698 2934 et
1723 2881 1776 2934 in
1805 2881 1988 2952 seipso

413 2974 676 3029 exaltavit
699 2992 713 3028 :
740 2973 994 3042 deinceps
1027 2973 1270 3028 membra
1293 2971 1540 3043 corporis
1570 2972 1656 3027 sui
1700 2971 1982 3037 excitabit,

2091 1863 2305 1934 Θρωπος
2327 1861 2550 1932 ὑψοῦται
2573 1860 2750 1915 λαϐὼν
2767 1860 2936 1930 ὄνομα
2951 1861 3011 1914 τὸ
3025 1860 3164 1931 ὑπὲρ
3187 1862 3292 1912 πᾶν
3308 1857 3506 1928 ὄνομα,
3531 1859 3676 1930 ὅπερ

2091 1954 2178 2009 ἀεὶ
2196 1953 2338 2008 κατὰ
2367 1952 2525 2023 φύσιν
2555 1951 2686 2022 ἔχει.
2722 1951 2865 2018 Θεὸς
2891 1951 3000 2023 γὰρ
3028 1947 3126 2021 ἦν,
3161 1952 3346 2020 φησὶν,
3376 1951 3410 2003 ὀ
3449 1951 3674 2020 Λόγος.

2160 2064 2247 2118 12.
2288 2065 2428 2119 Ὅσα
2473 2059 2566 2117 οὖν
2595 2063 2743 2130 λέγει
2788 2065 2820 2133 ἡ
2868 2061 3058 2134 Γραφὴ
3112 2061 3194 2114 ὅτι
3227 2058 3419 2112 ἐλαϐεν
3449 2058 3478 2110 6
3512 2057 3672 2123 Υἱὸς.

2087 2154 2175 2209 διὰ
2216 2155 2275 2207 τὸ
2326 2153 2485 2224 σῶμα
2533 2151 2698 2206 αὑτοῦ
2735 2151 2810 2222 (4)
2859 2151 3026 2220 λέγει,
3060 2151 3198 2221 ὅπερ
3228 2149 3387 2220 σῶμα
3433 2148 3668 2219 ἀπαρχὴ

2088 2249 2203 2301 ἐστι
2244 2245 2342 2318 τῆς
2382 2245 2737 2318 Ἐκκλησίας·
2779 2242 3034 2314 Ἀπαρχὴ
3077 2242 3207 2312 γὰρ,
3236 2241 3419 2312 φησὶν,
3448 2243 3485 2295 ὁ
3529 2243 3670 2309 Χρι-

2089 2341 2252 2406 στός.
2271 2340 2382 2411 Τῆς
2402 2334 2492 2393 οὖν
2516 2339 2769 2410 άπαρχῆς
2800 2336 3068 2407 λαϐούσης
3094 2335 3263 2405 ὄνομα
3291 2333 3353 2388 τὸ
3384 2331 3531 2404 ὑπὲρ
3555 2336 3666 2387 πᾶν

2087 2430 2276 2501 ὄνομα,
2311 2429 2614 2501 συνηγέρθη
2643 2429 2870 2498 δυνάμει
2899 2427 3076 2480 καὶτὸ
3109 2424 3358 2497 φύραμα,
3401 2424 3496 2476 καὶ
3538 2439 3664 2476 συν-

2087 2520 2375 2590 εκαϐέσθη,
2410 2521 2548 2574 κατὰ
2594 2519 2654 2572 τὸ
2692 2519 3014 2589 λεγόμενονο
3052 2521 3160 2573 Καὶ
3197 2517 3520 2588 συνήγειρε
3562 2515 3663 2572 καὶ

2087 2611 2468 2668 συνεκάθισε.
2505 2611 2616 2666 Kal
2646 2611 2733 2665 διὰ
2755 2610 2913 2664 τοῦτο
2942 2612 3100 2683 χάριν
3132 2609 3322 2663 ἔλαϐον
3352 2610 3401 2662 ot
3447 2609 3665 2680 ἄνθρωο

2087 2723 2178 2759 ποι
2208 2705 2269 2758 τὸ
2311 2703 2590 2758 καλεῖσθαι
2619 2702 2730 2755 θεοὶ
2759 2703 2853 2756 καὶ
2894 2703 2999 2755 υἱοὶ
3034 2701 3191 2755 Θεοῦ.
3224 2697 3448 2772 Πρῶτον
3477 2696 3575 2754 οὖν
3602 2699 3667 2752 τὸ

2089 2797 2218 2852 ῐδιον
2250 2796 2410 2867 σῶμα
2437 2796 2653 2867 ἠγειρεν
2682 2797 2710 2848 6
2730 2795 2932 2866 Κύριος
2963 2797 3026 2848 ἐκ
3058 2794 3289 2865 νεκρῶν,
3318 2793 3415 2849 καὶ
3443 2791 3665 2862 ὕψωσεν

2088 2892 2144 2945 ὲν
2172 2889 2385 2960 ἐαυτῷ·
2424 2889 2560 2961 μετὰ
2598 2888 2674 2958 (5)
2717 2887 2890 2941 ταῦτα
2921 2889 3104 2956 ἐγερεῖ
3141 2886 3236 2939 καὶ
3279 2886 3348 2938 τὰ
3389 2885 3527 2956 μέλη
3567 2883 3663 2938 τοῦ

2089 2980 2336 3052 σώματος
2362 2979 2547 3043 αὑτοῦ,
2579 2980 2666 3032 ἵνα
2703 2977 2991 3049 χαρίσηται
3023 2978 3206 3040 αὐτοῖς
3249 2975 3319 3028 τὰ
3347 2975 3549 3039 πάντα,
3586 2975 3664 3039 ὡς

415 3075 477 3121 ιιι
517 3067 702 3122 omnia
745 3066 853 3121 illis
900 3065 1184 3136 largiatur,
1225 3073 1413 3135 utpote
1446 3064 1612 3130 Deus,
1641 3080 1983 3136 quaecunque

2087 3075 2234 3138 Θεὸς,
2267 3075 2370 3127 ὅσα
2390 3073 2549 3135 αὐτὸς
2573 3072 2648 3135 ὡς
2672 3071 2954 3142 ἄνθρωπος
2979 3069 3187 3122 ἔλαϐεν.
3219 3068 3388 3131 Αὐτὸς
3411 3063 3504 3122 οὖν
3529 3069 3662 3121 ἑαυ-

413 3159 531 3230 ipse
567 3165 628 3214 ut
678 3159 843 3214 homo
885 3159 1115 3228 accepit.
1168 3156 1290 3229 ipse
1342 3157 1508 3230 igitur
1542 3159 1645 3214 sibi
1686 3159 1788 3229 ipsi
1818 3160 1984 3215 vitam

412 3251 664 3322 largitur,
694 3251 810 3321 ipse
837 3250 1075 3320 seipsum
1103 3250 1428 3316 sanctiﬁcat,
1446 3249 1562 3321 ipse
1581 3249 1820 3320 seipsum
1839 3251 1988 3305 exal-

413 3351 511 3397 tat.
537 3343 675 3397 Cum
699 3342 776 3396 ait
798 3342 983 3412 igitur,
1011 3341 1155 3412 quod
1172 3340 1330 3396 Pater
1348 3341 1515 3396 illum
1545 3341 1981 3408 sanctiﬁeaverit,

413 3442 468 3483 et
495 3430 833 3494 excitaverit,
858 3439 913 3484 et
936 3429 1242 3485 dederitilli
1291 3444 1492 3486 nomen
1523 3431 1670 3501 quod
1693 3440 1778 3486 est
1823 3447 1987 3502 super

413 3537 576 3577 omne
602 3537 822 3586 nomen,
843 3522 1010 3577 vitam
1037 3537 1257 3594 quoque
1281 3523 1570 3589 tribuerit;
1597 3523 1876 3594 propalam
1900 3531 1985 3578 est

411 3609 628 3666 Patrem
655 3613 838 3666 omnia
884 3628 981 3682 per
1013 3614 1192 3682 ipsum
1233 3611 1433 3670 facere.
1477 3611 1580 3668 Per
1608 3614 1787 3683 ipsum
1820 3613 1984 3684 igitur

412 3705 586 3774 ipsum
635 3706 852 3770 excitat,
887 3721 983 3774 per
1034 3706 1213 3775 ipsum
1266 3707 1446 3775 ipsum
1494 3706 1828 3772 sanctiﬁcat,
1887 3720 1984 3775 per

413 3796 589 3864 ipsum
623 3797 799 3865 ipsum
847 3797 1070 3862 exaltat,
1099 3806 1156 3852 et
1189 3813 1285 3868 per
1326 3798 1504 3867 ipsum
1533 3797 1634 3868 ipsi
1676 3799 1842 3852 vitam
1875 3798 1982 3852 lar-

411 3889 574 3958 gitur.
600 3886 665 3940 Et
689 3901 812 3942 cum
839 3887 1089 3957 spiritum
1118 3902 1279 3943 suum
1312 3887 1368 3942 in
1399 3902 1596 3942 manus
1625 3886 1804 3943 Patris
1828 3903 1980 3943 com-

410 3979 664 4044 mendat,
701 3989 760 4032 ut
805 3978 971 4034 homo
1033 3979 1276 4048 seipsum
1318 3979 1664 4034 commendat
1713 3977 1862 4043 Deo,
1920 3987 1982 4034 ut

407 4085 599 4124 omnes
629 4070 877 4123 homines
907 4067 1018 4123 Deo
1047 4067 1410 4124 commendet.
1444 4069 1560 4138 Ipse
1579 4070 1724 4123 enim
1748 4077 1834 4124 est
1858 4083 1978 4123 ma-

408 4174 513 4215 nus
546 4161 683 4230 ipsa,
715 4171 769 4214 et
810 4175 1006 4216 manus
1036 4161 1168 4230 ipsa;
1210 4158 1409 4215 Patris.
1433 4158 1502 4213 Et
1539 4161 1632 4215 ubi
1683 4161 1762 4214 ait
1793 4179 1806 4214 :
1847 4162 1980 4214 Ante

394 4271 582 4310 omnes
613 4255 785 4310 .colles
837 4263 1050 4326 generat
1084 4271 1164 4310 me
1180 4256 1224 4323 ⁸,
1251 4256 1306 4311 id
1347 4271 1412 4311 ex
1461 4271 1693 4326 persona
1721 4255 1979 4312 Ecclesia“:

406 4347 668 4416 loquitur,
699 4362 820 4416 quae
870 4347 1024 4416 prius
1060 4346 1278 4401 condita
1303 4387 1318 4412 ,
1350 4347 1699 4417 postmodum
1750 4362 1816 4401 ex
1865 4345 1976 4402 Deo

407 4445 714 4508 generatur.
734 4435 1002 4504 Quocirca
1033 4434 1165 4490 illud
1199 4434 1254 4488 in
1293 4433 1592 4490 Proverbio
1620 4434 1856 4504 primum
1885 4435 1977 4487 ba-

478 4577 494 4607 '
532 4574 692 4631 doan.
728 4591 863 4639 xvu,
893 4577 984 4630 19.
1061 4577 1082 4607 ¹
1118 4575 1277 4630 Joan.
1313 4590 1352 4640 ι,
1377 4575 1429 4629 1.
1507 4573 1527 4604 ³
1565 4572 1740 4629 lCor.
1773 4574 1975 4643 “,25.

472 4715 550 4787 (1)
587 4715 809 4784 Seguer.
845 4714 1068 4787 Gobler.
1092 4723 1146 4769 et
1174 4713 1317 4770 Felc.
1362 4714 1414 4782 1,
1468 4714 1830 4787 ἐγειρόμενος.
1861 4715 1969 4770 Alii

401 4795 457 4841 θι
479 4786 630 4857 editi;
667 4786 1050 4857 érntepeéyos:

473 4855 550 4926 (2)
589 4853 804 4910 Gobler.
837 4853 888 4910 et
923 4853 1178 4926 FelekJ,
1203 4853 1394 4922 γέγονε
1423 4853 1500 4918 ὡς
1527 4853 1830 4926 ἄνθρωπος,
1851 4854 1964 4909 καί.

401 4924 592 4991 Basil.,
619 4926 811 4994 γέγονε
841 4925 953 4978 καί.
983 4924 1124 4994 Editi
1153 4932 1217 4994 et
1241 4926 1365 4988 alii,
1399 4934 1458 4978 ut
1486 4926 1540 4977 in
1584 4924 1732 4979 textu
1776 4941 1966 4994 supra.

402 4997 545 5050 lnlra
578 4993 723 5059 haec,
751 4998 780 5050 6
811 4995 947 5065 ἔχων
975 4993 1157 5065 ζωήν,
1192 4993 1477 5065 desuntin
1510 4995 1702 5058 editis,
1737 4993 1969 5065 sedha-

403 5068 602 5120 bentur
662 5065 717 5121 in
765 5064 1017 5121 omnibus
1068 5064 1493 5132 manuscriptis,
1537 5073 1734 5172 praeter
1784 5064 1963 5119 Felck.

403 5139 620 5172 Ion-lium
683 5137 1006 5172 Annlinannc
1033 5149 1157 5172 mnv
1216 5133 1476 5172 ληηιῖἇυεν
1514 5133 1552 5172 δ
1604 5135 1752 5172 ἥιρει-’ἕρ

403 5139 655 5206 tertium.
676 5137 1192 5206 Anglicanusgqu,
1216 5133 1481 5206 λαμϐάνὲ
1512 5133 1572 5206 δὲἷ
1604 5135 1772 5206 ἡμᾶς.

473 5207 551 5278 (5)
594 5201 983 5278 Ἔχωνίιιοοει,
1008 5204 1063 5257 in
1098 5201 1404 5278 Gobler.iet
1431 5201 1711 5259 Felekft.
1753 5201 1875 5258 Mox
1912 5205 1968 5257 in

403 5273 627 5346 Seguer.
664 5273 859 5346 legitur
887 5273 998 5344 ἐγώ
1021 5285 1145 5346 ante
1165 5273 1395 5346 ἁγιάζω.

473 5342 546 5417 (4)
589 5342 814 5415 Seguer.
852 5342 1315 5417 Auglic._Gobler_.
1349 5354 1408 5417 et
1450 5343 1629 5417 Felck.
1661 5344 1723 5417 1-,

402 5413 562 5487 σῶμα
595 5413 759 5470 αὑτοῦ
786 5456 802 5480 ,
839 5413 1012 5487 recte.
1055 5413 1220 5487 Basil.
1270 5413 1449 5469 Felck.
1495 5415 1531 5468 2
1567 5422 1622 5468 et
1662 5413 1717 5475 5,
1772 5413 1860 5466 διὰ.
1909 5413 1970 5465 τὸ

402 5483 777 5556 campestri,
807 5486 894 5539 διὰ
924 5484 1015 5539 τοῦ
1040 5483 1318 5556 σώματος.

471 5553 546 5626 (ἲς)
586 5555 660 5610 lta
692 5557 914 5627 Seguer.
952 5555 1168 5610 Gobler.
1203 5563 1257 5609 et
1298 5555 1478 5627 Felek.
1511 5555 1562 5607 1.
1601 5553 1738 5608 Editi
1766 5561 1821 5608 et
1853 5553 1969 5619 alii,

402 5622 604 5696 ὕψωσε,
639 5622 795 5696 μετάξ
831 5636 936 5681 etc.
1014 5693 1036 5696 Α
1083 5695 1129 5696 η
1355 5622 1424 5696 ii.

471 5699 549 5767 (6)
588 5693 679 5752 Sic
726 5696 950 5766 Seguer.
999 5693 1217 5750 Gobler.
1273 5706 1327 5752 et
1370 5695 1552 5750 Felt-k.
1607 5695 1654 5749 1.
1704 5694 1759 5748 In
1805 5693 1966 5748 editis

2088 3165 2166 3237 τῷ
2191 3165 2471 3236 χαρίζεται
2511 3164 2675 3233 ζωὴν,
2722 3163 2817 3216 καὶ
2860 3161 3021 3222 αὐτὸς
3073 3161 3262 3214 ἑαυτὸν
3306 3159 3521 3228 ἁγιάζει
3557 3159 3658 3230 (6),

2085 3257 2176 3311 καὶ
2225 3257 2386 3320 αὐτὸς
2439 3256 2628 3309 ἑαυτὸν
2656 3255 2932 3324 ὑψοῖ.⁶’οτε
2963 3249 3055 3306 οὖν
3093 3253 3261 3321 λέγει,
3295 3253 3376 3305 ὅτι
3403 3255 3432 3305 6
3467 3253 3662 3324 Πατὴρ

2083 3345 2310 3416 ἡγίασεν
2339 3344 2518 3410 αὐτὸν,
2549 3345 2643 3398 καὶ
2670 3345 2890 3415 ἤγειρεν
2915 3343 3095 3409 αὑτὸν,
3119 3344 3213 3395 καὶ
3243 3343 3534 3413 ἐχαρίσατο
3560 3343 3662 3395 αὺ-

2082 3437 2160 3508 τῷ
2215 3438 2385 3507 ὄνομα
2441 3438 2504 3490 τὸ
2553 3437 2691 3508 ὑπὲρ
2737 3436 2846 3488 πᾶν
2892 3429 3082 3506 ὄνομα,
3128 3435 3222 3488 καὶ
3260 3434 3460 3488 ἔδωκεν
3507 3433 3660 3506 αὐτῷ

2084 3529 2255 3600 ζωήν
2281 3529 2458 3599 δῆλον,
2487 3529 2568 3582 ὅτι
2604 3528 2671 3581 δι’
2701 3526 2868 3581 αὐτοῦ
2886 3527 2955 3580 τὰ
2995 3527 3188 3580 πάντα
3210 3529 3351 3580 ποιεῖ
3379 3527 3407 3578 6
3437 3526 3656 3597 Πατήρ.

2081 3619 2158 3673 Δι’
2176 3618 2336 3672 αὐτοῦ
2361 3616 2458 3672 οὖν
2485 3617 2651 3672 αὐτὴν
2679 3618 2900 3690 ἐγείρει,
2921 3617 3014 3672 καὶ
3043 3617 3108 3670 δι’
3132 3617 3295 3671 αὑτοῦ
3317 3617 3479 3670 αὑτὸν
3495 3617 3659 3684 ἁγιά-

2081 3711 2187 3776 ζει,
2220 3712 2316 3765 καὶ
2361 3711 2429 3763 δι’
2462 3710 2624 3763 αὐτοῦ
2672 3709 2834 3763 αὐτὸν
2886 3709 3032 3778 ὑψοῖ,
3065 3710 3159 3762 καὶ
3203 3708 3271 3762 δι’
3299 3707 3466 3762 αὐτοῦ
3504 3707 3660 3778 αὐτῷ

2081 3802 2224 3874 ζωὴν
2263 3803 2465 3857 δίδωσι.
2501 3803 2611 3856 Kal
2641 3803 2727 3855 ὅτε
2759 3801 3117 3872 παρατίθεται
3147 3800 3206 3854 τὸ
3237 3800 3459 3872 πνεῦμα
3487 3799 3654 3854 αὐτοῦ

2080 3893 2159 3954 είς
2191 3893 2374 3962 χεῖρας
2402 3889 2494 3943 τοῦ
2529 3889 2760 3961 Πατρὺς,
2791 3889 2868 3953 ὡς
2891 3889 3175 3961 ἄνθρωπος
3201 3889 3392 3943 ἑαυτὸν
3419 3890 3658 3960 παρατί-

2079 3981 2230 4034 θεται
2271 3980 2349 4052 (7)
2383 3981 2461 4051 τῷ
2487 3980 2626 4052 Θεῷ,
2664 3981 2748 4033 ἵνα
2796 3980 3006 4044 πάντας
3053 3980 3372 4052 ἀνθρώπους
3402 3981 3656 4051 παραθῆ-

2077 4074 2268 4144 ταιτῷ
2296 4071 2435 4144 Θεῷ.
2462 4073 2634 4136 Αὐτὸς
2677 4073 2785 4143 γάρ
2829 4073 2976 4125 ἐστιν
3003 4074 3036 4143 ἡ
3066 4072 3209 4143 χεὶρ,
3248 4071 3343 4124 καὶ
3385 4073 3438 4126 αἱ
3471 4075 3656 4143 χεῖρες

2075 4165 2170 4218 τοῦ
2203 4164 2432 4235 Πατρός.
2477 4165 2585 4217 Kal
2628 4165 2715 4217 ὅτε
2757 4162 2934 4231 λέγει·
2969 4162 3090 4230 Πρύ
3135 4162 3204 4215 δὲ
3250 4161 3492 4215 πάντων
3533 4163 3654 4215 τῶν

2072 4255 2319 4321 βουνῶν
2341 4253 2522 4326 γεννᾷ
2546 4271 2642 4324 με,
2673 4255 2736 4308 ἐκ
2763 4253 3056 4326 προσώπου
3083 4254 3182 4324 τῆς
3215 4253 3540 4323 Ἐκκλησίας
3566 4253 3652 4306 λέ-

2077 4363 2186 4415 γει,
2211 4346 2353 4416 ἥτις,
2391 4344 2652 4416 πρότερον
2691 4343 2990 4406 κτισθεῖσα,
3023 4327 3158 4413 μετὰ
3185 4341 3356 4395 ταῦτα
3394 4344 3648 4410 γεννᾶται

2007 4433 2050 4488 D
2080 4437 2145 4489 ὲκ
2186 4436 2321 4489 Θεοῦ
2357 4435 2454 4505 (8).
2490 4434 2589 4487 Διὰ
2627 4435 2786 4487 τοῦτο
2813 4434 3027 4504 πρῶτον
3055 4437 3232 4488 κεῖται
3259 4436 3318 4488 ἐν
3341 4437 3407 4506 τῇ
3441 4435 3649 4506 Παροι-

2055 4576 2077 4606 ⁸
2117 4573 2312 4643 Ephes.
2347 4591 2408 4638 ιι,
2437 4573 2488 4627 6.
2574 4575 2596 4605 ⁸
2639 4573 2797 4629 Prov.
2837 4587 2958 4639 vm,
2985 4572 3076 4628 25.

2074 4729 2223 4774 vero.
2257 4715 2372 4769 haec
2393 4754 2408 4778 ,
2457 4715 2550 4767 καὶ
2579 4711 2741 4776 αὐτὸς
2771 4712 2961 4766 ἑαυτὸν
2991 4711 3200 4780 ἁγιάζει
3224 4751 3238 4772 ,
3273 4712 3470 4768 desunt
3501 4685 3648 4768 z'sed

2073 4786 2209 4839 lecta
2257 4794 2387 4839 sunt
2412 4800 2441 4838 a
2474 4785 2639 4838 veteri
2677 4784 2988 4850 interprete.
3027 4782 3166 4836 lul‘ra
3201 4783 3327 4849 Seg.
3353 4791 3405 4837 et
3431 4783 3644 4851 Anglic.

2073 4855 2174 4908 soli
2201 4871 2340 4924 quos
2380 4851 3058 4924 sequimurltabentat’gté
3099 4863 3224 4924 ante
3261 4850 3650 4924 bvotta.Paulu

2112 4933 2193 4977 ost
2221 4920 2354 4994 'Seg.
2385 4920 2549 4994 Basil.
2575 4921 2732 4994 Gobl.
2755 4920 3070 4994 et_Felclgm.
3088 4923 3146 4994 1,
3171 4922 3206 4974 2
3229 4932 3282 4994 e_t
3307 4920 3645 4994 5,ίδηλονότι.

2073 4941 2193 5046 Eos!
2229 4941 2354 4994 θος.
2383 4941 2549 5004 tiasu.
2575 4941 2732 4977 uont.
2755 4941 2809 4975 et
2833 4941 3070 5002 retcxm.
3095 4941 3146 4986 1,
3172 4941 3206 4974 z
3229 4941 3282 4976 et
3307 4941 3360 4985 ο,
3381 4941 3645 4992 οηΑονοτι.

2120 4995 2302 5079 diti-et
2325 4995 2437 5074 alii,
2470 4993 2649 5078 δηλον,
2681 4993 2784 5046 ὅτι.
2813 4991 2944 5046 Ibid.
2966 4990 3125 5047 Gobl.
3153 5001 3207 5046 et
3236 4991 3474 5047 Felcktu.
3508 4993 3649 5060 1,δι’

2075 5081 2239 5118 αυτου
2271 5080 2444 5118 ταυτα
2471 5081 2553 5115 ποι
2563 5079 2630 5116 ει.

2147 5135 2224 5205 (7)
2265 5135 2340 5188 lta
2371 5149 2562 5205 omnes
2591 5132 2942 5205 manuscripti
2975 5141 3201 5205 egcepto
3225 5129 3463 5205 Felekm.
3490 5131 3526 5185 5
3553 5135 3647 5205 qui

2074 5199 2391 5258 cumeditis
2422 5203 2582 5272 habet
2612 5199 2964 5272 παρατίθησι.
3004 5199 3174 5272 Ppulo
3228 5214 3370 5270 post,
3401 5203 3548 5254 ἐστιν
3573 5203 3651 5256 le-

2075 5274 2317 5398 giturnin
2359 5272 2484 5343 Seg.
2514 5270 2724 5340 Anglic.
2757 5270 2916 5327 Gobl.
2946 5281 3000 5327 et
3025 5271 3266 5327 Felckm.
3305 5273 3356 5338 1,
3389 5272 3650 5343 deestque

2075 5359 2129 5397 tn
2161 5362 2190 5397 e
2233 5361 2247 5397 ι
2279 5361 2343 5398 IS.

2075 5353 2129 5397 in
2161 5353 2343 5398 editis.

2146 5414 2222 5479 (8)
2263 5413 2498 5468 Maxima
2536 5428 2664 5483 pars
2705 5411 3086 5480 manuscript.,
3117 5412 3180 5464 ἐκ
3228 5409 3408 5483 Θεοῦη
3439 5412 3649 5483 omisso

2075 5484 2327 5547 articulo,
2347 5485 2440 5552 qui
2466 5486 2517 5536 in
2538 5479 2754 5537 caeteris
2780 5491 2834 5537 et
2863 5484 2917 5536 in
2946 5479 3107 5536 editis
3140 5482 3356 5551 legitur.
3388 5479 3558 5552 intra,
3581 5499 3648 5552 με

2073 5563 2197 5620 post
2231 5551 2486 5622 ἐγέννησε
2521 5553 2717 5622 legitur
2750 5554 2804 5606 in
2840 5553 3019 5617 editis,
3063 5552 3156 5608 sed
3204 5553 3356 5607 deest
3385 5551 3440 5605 in
3470 5551 3651 5608 omni-

2073 5624 2176 5680 bus
2209 5639 2339 5680 mss.
2366 5636 2560 5694 praeter
2585 5623 2824 5678 Felckm.
2858 5623 2912 5677 5.
