3810 6228
121 300 258 359 1005

1020 293 1110 350 DE
1147 287 1666 353 INCARNATIONE
1706 293 1794 350 ET
1829 291 2114 349 CONTRA
2145 291 2471 350 ARIANOS.

3236 293 3262 346 1
3271 291 3375 346 006

124 419 219 490 μιᾳ
241 415 575 486 τδ,Ἔκτισέ
589 433 667 486 με
705 418 740 472 ό
763 415 1000 486 Κύριος,
1037 417 1132 470 καὶ
1163 415 1376 490 ὕστερα
1414 418 1497 483 τὸ,
1533 418 1701 489 ἐγέν-

1803 414 1964 470 betur
1992 433 2006 468 :
2031 414 2241 471 Creavit
2275 432 2355 470 me
2402 414 2735 480 Dominus‘,
2768 415 2962 471 ultimo
2991 425 3172 471 autem
3204 415 3372 469 illud:

121 526 287 578 νησε.

193 600 276 654 15.
317 597 432 651 Kal.
463 597 552 652 ὅτε
579 597 731 668 λέγει
777 599 811 670 ἡ
862 596 1051 670 Γραφὴ
1096 615 1228 671 περι
1273 588 1513 670 that»;-
1551 602 1698 668 Ουχι

125 690 261 758 Θεὸς
294 687 384 758 εἷς
423 689 668 745 ἔκτισεν
731 687 922 761 ήμᾶς;
949 691 1149 762 ὁμοίιος
1173 690 1417 762 καὶπερὶ
1451 686 1580 743 Υεοῢ
1608 690 1698 742 λέ-

123 798 222 850 γει,
251 782 332 834 ὅτι
363 782 436 836 δι’
467 781 634 836 αὑτοῦ
661 781 884 854 ἐκτίσθη
909 781 979 836 τὰ
1017 783 1194 836 πάντα
1213 798 1228 814 ’
1255 783 1324 836 τὰ
1357 782 1414 835 δὲ
1440 781 1581 835 αὐτὰ
1606 791 1701 835 και

125 874 243 943 περὶ
287 873 384 927 τοῦ
434 875 589 944 ἁγίου
641 869 959 948 Πνεύματος
1005 875 1254 945 λέγεται·
1311 875 1696 941 Ἁντανελεῖς,

125 966 268 1036 φησὶ,
303 965 370 1019 τὸ
399 966 641 1036 πνεῦμα
665 966 885 1032 αὐτῶν,
926 966 1026 1020 καὶ
1059 966 1438 1035 ἐπιλείψουσι,
1473 967 1574 1021 καὶ
1613 969 1700 1033 εὶς

126 1056 222 1109 τὸν
244 1057 397 1125 χοῦν
417 1057 622 1131 αὐτῶν⁵
642 1057 1132 1126 ἐπιστρέψωσιν.
1151 1056 1607 1124 Ἐεαποστελεῖς
1631 1058 1698 1112 τὸ

126 1147 357 1217 Πνεῦμα
389 1163 532 1212 σου,
570 1149 668 1203 καὶ
715 1149 1162 1217 κτισθήσονται,
1194 1149 1316 1204 καὶ⁹
1335 1149 1699 1216 ἀνακαινιεῖς

127 1238 184 1292 τὸ
219 1242 550 1307 πρόσωπον
584 1230 697 1309 τῆς
730 1237 860 1311 γῆς.
907 1240 1016 1295 Kal
1043 1241 1132 1295 ὅτε
1160 1237 1379 1310 λέγεινὸ
1413 1241 1539 1305 Υἱὸς
1571 1244 1698 1312 περὶ

130 1331 327 1404 Πατρὺς
359 1331 439 1403 τῷ
469 1332 693 1404 Πέτρῳο
736 1332 1038 1401 Μακάριος
1066 1329 1141 1400 εἴ,
1171 1333 1261 1388 ὅτι
1293 1334 1370 1405 (9)
1403 1333 1560 1402 σὰρξ
1599 1335 1700 1388 καὶ

126 1417 255 1491 αἷμα
273 1425 384 1477 οὐκ
413 1422 778 1494 ἀπεκάλυψέ
803 1441 923 1489 σοι,
954 1426 1092 1480 ἀλλ’
1125 1427 1159 1479 ὁ
1190 1423 1390 1492 Πατήρ
1422 1444 1542 1495 μου
1573 1429 1607 1479 ό
1630 1428 1700 1480 ἐν

128 1513 239 1580 τοῖς
283 1501 566 1583 οὐρανοῖς
589 1532 602 1546 °
635 1515 704 1569 τὰ
727 1515 866 1570 αὐτὰ
891 1516 1021 1588 περὶ
1049 1511 1244 1570 ἑαυτοῦ
1276 1515 1456 1586 λέγει’
1490 1515 1698 1583 Οὐδεὶς

127 1606 493 1675 ἐπιγινώσκει
523 1607 632 1661 τὸν
665 1607 898 1677 Πατέρα
920 1611 972 1662 εἰ
1003 1608 1090 1678 μὴ
1133 1611 1168 1663 ό
1201 1607 1352 1674 Υἱὸς,
1397 1607 1495 1663 καὶ
1542 1601 1590 1674 ᾧ
1623 1608 1700 1662 ἂν

1798 507 2083 578 generavit.

1871 595 1959 652 15.
1996 595 2062 650 Ει
2110 611 2233 652 cum
2282 595 2565 668 Scriptura
2602 597 2749 654 dicat
2778 597 2843 653 de
2872 595 3033 652 Patre
3069 616 3082 650 :
3117 595 3375 666 Nunquid

1798 697 1901 742 n‘on
1928 687 2068 742 Deus
2097 705 2234 742 unus
2263 692 2460 744 creavit
2489 707 2582 745 nos
2605 691 2666 744 "?
2688 690 2742 745 id
2770 690 2838 746 de
2869 691 3008 747 Filio
3037 707 3258 762 quoque
3293 691 3376 745 di-

1797 782 1873 835 cit
1901 797 1917 836 :
1949 796 2044 850 per
2069 781 2249 851 ipsum
2283 792 2470 837 creata
2521 791 2653 839 sunt
2697 783 2926 848 omnia;
2975 783 3092 838 haec
3141 783 3256 851 ipsa
3307 782 3376 836 de

1800 871 2000 944 Spiritu
2024 886 2212 930 sancto
2229 890 2446 945 quoque
2461 876 2717 930 dicuntur
2740 893 2754 930 :
2783 875 3236 945 Auferes,inquit.
3265 876 3375 942 spi-

1799 967 1964 1020 ritum
1995 983 2200 1032 eorum,
2234 976 2282 1021 et
2301 967 2566 1036 deﬁcient,
2589 977 2639 1022 et
2661 969 2716 1022 in
2744 967 3003 1037 pulverem
3025 984 3178 1021 suum
3202 983 3375 1021 rever-

1799 1067 1994 1112 tentur.
2022 1057 2246 1112 Emittes
2284 1058 2545 1129 Spiritum
2587 1069 2736 1114 tuum
2764 1069 2812 1114 et
2843 1062 3180 1122 creabantur,
3209 1069 3257 1114 et
3287 1076 3374 1113 re-

1800 1150 2013 1205 novabis
2045 1151 2234 1221 facient
2263 1161 2416 1207 terra:
2441 1153 2481 1204 ⁸.
2516 1150 2586 1206 Ει
2614 1168 2739 1208 cum
2771 1148 3033 1208 Filius'ad
3063 1142 3282 1207 Petrum
3307 1152 3375 1206 de

1799 1231 1959 1297 Patre
2001 1243 2199 1296 dixerit
2237 1258 2338 1298 suo
2367 1261 2380 1298 :
2416 1243 2612 1297 Beatus
2647 1245 2869 1314 es,quia
2903 1251 3118 1298 caro'et
3157 1243 3374 1313 sanguis

1800 1348 1903 1385 non
1934 1331 2177 1386 reuelauit
2205 1333 2322 1398 tibi,
2347 1334 2437 1387 sed
2468 1333 2633 1388 Pater
2668 1349 2814 1388 meus
2843 1333 2933 1403 qui
2966 1333 3021 1385 in
3051 1331 3195 1385 caelis
3225 1341 3302 1385 est
3326 1333 3372 1396 ’,

1802 1420 2034 1489 idipsum
2058 1421 2125 1475 de
2155 1436 2214 1476 se
2251 1421 2465 1477 locutus
2490 1431 2574 1476 est
2607 1439 2620 1474 :
2659 1419 2829 1475 Nemo
2857 1423 2998 1476 novit
3029 1421 3246 1474 Patrem
3270 1421 3375 1474 nisi

1801 1509 1851 1563 F
1853 1511 2000 1575 ilius,
2023 1520 2073 1564 et
2101 1513 2185 1564 cui
2223 1512 2445 1566 voluerit
2473 1512 2650 1567 Filius
2678 1513 2906 1568 reuelare
2933 1513 2999 1566 ³ο.
3037 1512 3300 1566 Similiter
3322 1521 3377 1566 et

1825 1601 1892 1655 de
1921 1600 2121 1670 Spiritu
2149 1613 2338 1658 sancto
2363 1603 2440 1656 ait
2456 1602 2658 1659 Paulus
2683 1623 2696 1658 :
2726 1604 2892 1658 Nobis
2930 1618 3104 1658 autem
3134 1603 3377 1658 reuelauit

128 1697 408 1766 βούληται
433 1703 468 1754 ὁ
507 1699 640 1766 Υἱὸς
667 1701 1078 1769 ἀποκαλύψαι.
1095 1700 1325 1772 Ὁμοίως
1352 1699 1410 1754 δὲ
1440 1702 1534 1754 καὶ
1570 1702 1697 1772 περὶ

1803 1689 1942 1746 Deus
1969 1709 2061 1760 per
2090 1691 2349 1760 Spiritum
2369 1711 2556 1760 suum;
2586 1683 2818 1763 Spiritus
2847 1696 2986 1749 enim
3011 1697 3188 1748 omnia
3225 1711 3376 1747 scru-

127 1789 210 1842 τοῦ
231 1789 524 1862 ἁγίου’(10)
558 1791 873 1862 Πνεύματος
896 1794 925 1846 ὁ
953 1765 1171 1856 Παῦλος
1207 1791 1385 1862 λέγει·
1433 1793 1594 1862 Ἡμῖν
1627 1765 1694 1845 δὲ

1803 1792 1964 1850 tatur,
1994 1785 2157 1838 etiam
2179 1787 2445 1855 profunda
2475 1787 2592 1843 Dei.
2619 1788 2928 1854 Quis'enim
2974 1786 3244 1839 hominum
3274 1787 3376 1838 scit

128 1878 516 1949 ἀπεκάλυψεν
549 1882 582 1934 ὁ
628 1881 772 1946 Θεὸς
799 1880 897 1936 διὰ
933 1882 1039 1936 τοῦ
1091 1884 1436 1952 Πνεύματος
1485 1883 1690 1937 αὐτοῦ.

133 1972 195 2024 Τὸ
214 1971 320 2040 γὰρ
340 1971 590 2042 Πνεῦμα
615 1972 812 2026 πάντα
832 1973 1047 2042 ἐρευνᾷ
1066 2015 1082 2039 ,
1115 1974 1214 2029 καὶ
1257 1976 1327 2030 τὰ
1369 1957 1531 2044 ,βᾶθη
1586 1977 1692 2029 τοῦ

130 2061 264 2115 Θεοῦ
288 2078 303 2091 ⁶
331 2063 425 2127 τίς
444 2065 558 2134 γὰρ
589 2059 753 2117 οἶδεν
774 2063 1100 2134 ἀνθρώπων
1119 2066 1190 2119 τὰ
1229 2067 1334 2120 τοῦ
1379 2067 1692 2136 ἀνθρώπου

128 2156 174 2206 εὶ
192 2153 274 2223 μὴ
311 2155 378 2208 τὸ
424 2155 664 2225 πνεῦμα
682 2155 789 2209 τοῦ
813 2156 1127 2224 ἀνθρώπου
1163 2157 1226 2210 τὸ
1264 2158 1334 2210 ἐν
1367 2157 1551 2223 αὐτῷ,
1583 2159 1693 2212 Οὕ-

129 2259 198 2296 τω
251 2244 346 2299 καὶ
373 2246 447 2301 τὰ
472 2245 584 2300 τοῦ
619 2245 766 2301 Θεοῦ
793 2246 992 2312 οὐδεὶς
1010 2248 1272 2317 ἔγνωκεν
1296 2247 1404 2318 (11)
1429 2250 1482 2302 εὶ
1512 2247 1597 2317 μὴ
1624 2249 1690 2302 τὸ

130 2333 354 2402 Πνεῦμα
391 2335 504 2389 τοῦ
535 2334 704 2390 Θεοῦ.
749 2335 959 2406 Ὥσπερ
991 2331 1084 2388 οὖν
1112 2335 1172 2389 τὸ
1209 2336 1425 2407 πνεῦμα
1459 2337 1554 2390 τοῦ
1599 2339 1692 2392 ἁν-

132 2422 333 2494 θρώπου
361 2427 460 2496 τῆς
489 2425 907 2498 ἀνθρωπότητος
956 2426 1118 2480 αὐτοῦ
1153 2428 1246 2480 καὶ
1271 2428 1370 2499 τῆς
1421 2428 1605 2492 οὐσίας
1631 2430 1692 2482 οὑ

133 2515 463 2587 κεχώρισται,
487 2516 632 2572 οὕτω
676 2519 856 2573 καὶτὸ
887 2517 1112 2590 Πνεῦμα
1136 2518 1248 2590 (12)
1286 2519 1380 2573 τοῦ
1422 2519 1556 2574 Θεοῦ
1594 2521 1696 2592 τῆς

135 2605 365 2678 θεότητος
391 2608 563 2664 αὐτοῦ
590 2611 684 2663 καὶ
714 2611 813 2682 τῆς
841 2611 1026 2674 οὐσίας
1053 2612 1152 2665 οὐκ
1197 2610 1344 2664 ἔστιν
1393 2611 1691 2682 ἀλλότριον.

137 2697 234 2752 Καὶ
259 2700 383 2754 ὅταν
412 2701 554 2776 λέγῃ
573 2701 602 2756 ὁ
622 2701 826 2774 Κύριος
849 2705 906 2757 ὲν
943 2704 1141 2774 Ἡσαΐᾳ
1163 2719 1177 2733 ο
1215 2702 1386 2766 Υἰοὺς
1399 2701 1696 2772 ἐγέννησα

136 2787 224 2840 καὶ
250 2789 501 2858 ὕψωσαο
534 2792 706 2848 αὐτοὶ
730 2789 798 2846 δέ
818 2810 896 2862 με
936 2783 1264 2862 ἠθέτησαν,
1311 2796 1369 2847 ὲν
1401 2793 1478 2864 τῷ
1520 2795 1696 2864 Εὐαγ-

138 2879 285 2950 γελίῳ
333 2882 481 2953 λέγει
505 2895 522 2912 ⁸
577 2883 651 2939 Τὸ
700 2883 1137 2955 γεγεννημένον
1183 2885 1252 2939 ἐκ
1311 2883 1422 2952 τῆς
1472 2885 1699 2956 σαρκὸς

139 2969 278 3039 σάρξ
298 2974 444 3043 ἐστι,
474 2974 578 3031 καὶ
601 2975 667 3030 τὸ
689 2974 1126 3047 γεγεννημένον
1140 2973 1209 3030 ἐκ
1235 2976 1340 3030 τοῦ
1354 2979 1698 3048 Πνεύματος

143 3063 355 3134 πνεῦμὰ
386 3067 543 3123 ἐστι.
580 3068 691 3122 Καὶ
715 3065 876 3122 πάλιν
895 3083 910 3099 ⁶
942 3067 1280 3139 ΤὸΠνεῦμα
1329 3069 1482 3126 ὅπου
1515 3072 1695 3139 θέλει,

143 3152 280 3220 πνεῖ,
301 3156 396 3209 καὶ
425 3157 548 3226 τὴν
587 3157 798 3227 φωνὴν
836 3157 1024 3213 αὐτοῦ
1068 3158 1341 3224 ἀκούεις’
1395 3161 1532 3216 ἀλλ’
1581 3165 1694 3216 οὐκ

144 3237 308 3312 οἶδας,
330 3250 514 3305 πόθεν
535 3250 790 3319 ἔρχεται,
825 3248 923 3304 καὶ
945 3248 1064 3306 ποῦ
1088 3249 1322 3322 ὑπάγει.
1347 3253 1544 3318 Οὕτως
1562 3251 1694 3308 ἐστὶ

145 3331 248 3401 πᾶς
272 3339 304 3390 δ
329 3342 762 3411 γεγεννημένος
783 3341 852 3395 ἐκ
883 3340 992 3396 τοῦ
1018 3343 1384 3412 Πνεύματος.
1423 3341 1510 3398 Ἐν
1541 3345 1596 3399 δὲ
1627 3349 1693 3418 τῇ

146 3422 267 3497 ἀρχῇ
288 3429 374 3482 τοῦ
393 3431 728 3501 Εὑαγγελίου
766 3430 1018 3504 Ἰωάννης
1054 3433 1165 3504 (15)
1200 3433 1375 3504 λέγει’
1423 3435 1596 3491 ’Ὅσοι
1627 3437 1695 3490 δὲ

145 3510 340 3572 ἔλαϐον
351 3523 560 3585 αὑτὸν,
578 3509 800 3577 ἔδωκεν
817 3523 1020 3590 αὐτοῖς
1039 3523 1330 3588 ἐξουσίαν
1343 3523 1524 3580 τέκνα
1547 3526 1695 3582 Θεοῦ

147 3606 415 3678 γενέσθαι,
437 3613 568 3678 τοῖς
596 3615 996 3669 πιστεύουσιν
1023 3617 1111 3681 εὶς
1147 3616 1214 3670 τὸ
1258 3617 1445 3687 ὄνομα
1473 3619 1657 3673 αὺτοῦ
1678 3637 1692 3649 ·

147 3694 196 3745 οἳ
224 3702 325 3754 οὐκ
344 3703 410 3769 ἐξ
459 3704 744 3775 αἱμάτων,
793 3705 937 3760 οὐδέ
964 3706 1033 3760 ἐκ
1082 3707 1414 3778 θελήματος
1457 3710 1692 3779 ἀνδρὸς,

149 3788 269 3842 οὐδὲ
301 3794 365 3848 ἐκ
390 3797 722 3868 θελήματος
749 3798 999 3868 σαρκὸς,
1022 3800 1161 3856 ἀλλ’
1181 3801 1250 3854 ἐκ
1283 3802 1430 3856 Θεοῦ
1453 3800 1696 3871 ἐγεννή-

150 3878 337 3966 θησαν.
375 3889 529 3945 Ὅσοι
557 3887 650 3944 οὖν
681 3893 747 3944 ὲκ
776 3891 1094 3962 Πνεύματος
1122 3892 1277 3962 ἁγίου
1307 3894 1694 3966 ἐγεννήθησαν,

149 3963 272 4027 οὗτοι
312 3980 373 4034 ὲκ
414 3982 552 4037 Θεοῦ
585 3981 973 4055 ἐγεννήθησαν.
1036 3985 1146 4038 Καὶ
1194 3986 1308 4038 ὅσοι
1346 3987 1425 4049 εἰς
1463 3963 1696 4058 Χριστὸν

149 4060 548 4142 ἐϐαπτίσθησαν,
578 4069 722 4128 οὗτοι
762 4075 843 4137 εἰς
876 4073 1096 4144 Πατέρα
1134 4074 1228 4128 καὶ
1270 4075 1424 4144 ἅγιον
1473 4076 1698 4146 Πνεῦμα

151 4148 547 4231 ἐϐαπτίσθησαν.
603 4162 715 4215 Καὶ
765 4163 957 4226 πάλιν,
992 4163 1078 4215 ὅτε
1124 4162 1270 4232 λέγει
1318 4166 1346 4217 ὁ
1389 4165 1594 4235 Πέτρος
1619 4165 1698 4236 τῷ

163 4240 384 4326 Ἀνανίᾳ·
419 4254 522 4308 Διὰ
557 4255 616 4308 τί
648 4253 760 4326 (14)
793 4253 1150 4323 ἐπλήρωσεν
1191 4258 1224 4309 ό
1272 4254 1545 4322 Σατανᾶς
1584 4255 1700 4324 τὴν

152 4324 373 4402 καρδίαν
399 4359 537 4413 σου,
570 4324 919 4415 ψεύσασθαί
947 4361 1022 4400 σε
1049 4349 1116 4401 τὸ
1152 4347 1396 4417 Πνεῦμα
1419 4348 1484 4402 τὸ
1506 4348 1694 4418 ἅγιον,

1795 1892 1914 1945 qute
1953 1885 2074 1930 sunt
2124 1879 2374 1944 hominis,
2419 1879 2523 1932 nisi
2566 1879 2786 1948 spiritus
2833 1879 3060 1932 hominis
3087 1877 3179 1946 qui
3215 1885 3290 1930 est
3318 1878 3374 1928 in

1795 1967 1951 2036 ipso?
1981 1967 2070 2022 Ita
2094 1979 2143 2022 et
2170 1986 2288 2040 qua:
2326 1970 2422 2023 Dei
2457 1980 2576 2023 sunt
2603 1986 2752 2023 nemo
2793 1970 3029 2040 cognovit
3053 1969 3158 2022 nisi
3196 1966 3372 2031 Spiri-

1798 2069 1880 2112 tus
1911 2059 2096 2115 Dei“.
2134 2060 2288 2116 Sicut
2321 2062 2486 2131 igitur
2519 2061 2746 2128 spiritus
2786 2059 3025 2114 hominis
3069 2059 3138 2112 ab
3178 2057 3372 2110 huma-

1797 2153 1967 2205 nitate
1992 2152 2112 2219 ejus
2143 2161 2196 2206 et
2237 2153 2543 2207 substantia
2572 2168 2680 2206 non
2711 2161 2795 2207 est
2819 2159 3172 2221 segregatus;
3211 2149 3292 2202 sic
3318 2155 3374 2201 et

1799 2236 2033 2309 Spiritus
2071 2239 2162 2295 Dei
2189 2239 2349 2312 ⁵1οᾷ
2373 2258 2404 2296 a
2431 2241 2714 2295 divinitate
2731 2241 2848 2310 ejus
2870 2250 2923 2296 et
2942 2240 3243 2295 substantia
3263 2253 3373 2292 non

1793 2339 1875 2384 εει
1904 2330 2134 2385 alienus.
2168 2319 2234 2385 Et
2262 2346 2386 2386 cum
2419 2330 2618 2385 dixerit
2639 2327 3124 2386 Dominusinlsaia
3151 2349 3164 2381 :
3193 2327 3368 2381 Filios

1795 2421 2022 2475 enutrivi
2041 2430 2090 2475 et
2143 2422 2511 2492 exaltavi,ipsi
2551 2431 2727 2476 autent
2770 2431 3068 2492 spreverunt
3112 2437 3190 2474 me
3236 2420 3369 2482 ¹¹-¹³,

1796 2512 1852 2566 in
1892 2511 2186 2583 Evangelio
2217 2514 2388 2569 dicit:
2423 2515 2578 2579 Quod
2613 2523 2796 2568 natum
2841 2524 2917 2568 est
2956 2529 3020 2567 ex
3063 2528 3218 2566 carne
3247 2528 3372 2566 caro

1795 2611 1912 2656 est:
1941 2611 1989 2656 et
2015 2606 2152 2672 quod
2192 2617 2376 2656 natum
2408 2613 2484 2657 est
2525 2619 2590 2656 ea:
2623 2602 2830 2673 Spiritu
2861 2604 3080 2672 spiritus
3103 2613 3180 2657 est
3207 2603 3270 2654 “.
3304 2600 3372 2654 Et

1796 2695 2026 2748 iterum:
2051 2689 2283 2765 Spiritus
2305 2691 2396 2748 ubi
2422 2695 2533 2749 vult
2560 2697 2750 2765 spirat,
2771 2706 2819 2750 et
2847 2713 3021 2752 uocem
3047 2697 3160 2764 ejus
3184 2695 3374 2759 audis;

1797 2788 1886 2841 sed
1917 2789 2087 2842 nescis
2118 2788 2254 2842 unde
2282 2789 2478 2854 veniat,
2503 2797 2596 2841 aut
2617 2804 2718 2856 quo
2753 2790 2933 2842 vadat.
2969 2787 3058 2843 Sic
3086 2796 3162 2841 est
3203 2787 3373 2841 omnis

1796 2881 1888 2949 qui
1918 2889 2074 2934 natus
2100 2889 2178 2934 est
2212 2895 2277 2934 ex
2319 2877 2526 2949 Spiritu
2553 2881 2617 2934 ’⁵.
2655 2877 2712 2933 In
2750 2879 3029 2950 Evangelii
3061 2888 3241 2933 autem
3271 2878 3377 2932 ini-

1801 2971 1876 3024 lio
1903 2971 1979 3026 ait
2001 2963 2242 3026 Joannes
2271 2989 2284 3025 :
2320 2971 2587 3042 Quotquot
2613 2981 2788 3026 autem
2818 2980 3117 3041 receperunt
3147 2987 3263 3025 eum
3285 2972 3377 3025 tle-

1801 3059 1878 3118 dit
1908 3064 1983 3118 eis
2028 3071 2337 3132 potestatem
2375 3061 2517 3131 ﬁlios
2557 3060 2656 3116 Dei
2690 3063 2828 3132 ﬁeri,
2853 3063 2919 3116 iis
2955 3063 3044 3133 qui
3076 3064 3292 3116 credunt
3318 3064 3376 3116 in

1796 3156 2003 3210 nomine
2026 3155 2176 3224 ejus:
2199 3157 2289 3225 qui
2315 3173 2416 3210 non
2435 3172 2500 3210 ea:
2523 3155 2886 3226 sanguinibus,
2911 3172 3070 3226 neque
3101 3171 3166 3209 ea:
3190 3163 3376 3209 uolun-

1797 3257 1902 3301 tate
1929 3247 2048 3314 uiri,
2076 3264 2236 3317 neque
2268 3264 2332 3301 ea:
2371 3248 2638 3302 uoluntate
2677 3248 2873 3315 carnis,
2898 3248 2988 3302 sed
3022 3264 3086 3300 ea:
3116 3246 3225 3301 Deo
3259 3247 3376 3300 nati

1795 3348 1917 3392 sunt
1937 3339 2001 3393 ¹⁶.
2033 3337 2310 3409 Quotquot
2333 3339 2494 3410 igitur
2523 3355 2590 3394 ex
2622 3339 2822 3409 Spiritu
2852 3348 3041 3394 sancto
3075 3339 3186 3392 nati
3221 3349 3370 3403 sunt,

1797 3429 1832 3484 ii
1873 3445 1938 3485 ex
1967 3428 2077 3484 Deo
2105 3431 2218 3484 nati
2250 3440 2398 3485 sunt.
2441 3429 2507 3484 Et
2546 3439 2815 3500 quotquot
2860 3430 2916 3483 in
2955 3429 3232 3484 Christum
3276 3431 3375 3485 ba-

1796 3521 1986 3590 ptizati
2016 3530 2163 3586 sunt,
2189 3519 2245 3574 hi
2277 3521 2332 3575 in
2367 3515 2585 3576 Patrem
2611 3531 2665 3576 et
2689 3521 2949 3591 Spiritum
2975 3531 3223 3577 sanctum
3244 3532 3374 3577 sunt

1796 3612 2069 3681 haptizati.
2102 3609 2167 3666 Et
2208 3627 2428 3666 rursum
2474 3627 2598 3667 cum
2628 3611 2821 3668 Petrus
2859 3615 2936 3667 ait
2978 3614 3236 3668 Ananiae:
3264 3614 3375 3668 Cur

1796 3704 2022 3773 implevit
2060 3699 2290 3759 Satanas
2325 3721 2417 3758 cor
2444 3713 2612 3770 tuum,
2651 3707 2861 3762 mentiri
2895 3714 2945 3760 te
2981 3705 3212 3776 Spiritui
3245 3723 3376 3760 san-

1797 3806 1901 3861 cto,
1923 3804 1972 3849 et
1997 3811 2241 3864 seponere
2282 3797 2346 3850 de
2391 3799 2558 3867 pretio
2596 3801 2750 3868 agri?
2775 3798 2899 3853 Non
2930 3817 2984 3854 es
3011 3802 3260 3854 mentitus
3285 3801 3374 3854 Ito-

1798 3888 2047 3955 minibus,
2075 3889 2165 3944 sed
2193 3889 2300 3944 Deo
2328 3890 2392 3946 ³⁷.
2425 3890 2610 3962 Itaque
2635 3892 2728 3962 qui
2756 3893 3016 3949 mentitus
3036 3904 3119 3948 est
3145 3893 3369 3964 Spiritui

1799 3989 2009 4046 sancto,
2041 3981 2298 4036 mentitus
2324 3992 2406 4036 est
2434 3983 2566 4048 Deo,
2600 3983 2867 4038 habitanti
2900 3984 2953 4038 in
2989 3985 3243 4040 omnibus
3272 3999 3373 4054 per

1802 4069 2061 4141 Spiritum
2091 4089 2274 4128 suum.
2305 4071 2406 4128 Ubi
2443 4076 2590 4129 enim
2637 4085 2719 4130 est
2759 4074 2995 4146 Spiritus
3032 4075 3146 4141 Dei,
3176 4075 3250 4130 ibi
3288 4086 3372 4132 est

1803 4161 1964 4218 Deus.
1993 4163 2130 4219 Nam
2183 4166 2238 4220 in
2275 4166 2392 4230 hoc,
2422 4166 2620 4236 inquit,
2651 4170 3006 4238 coqnoscimus
3049 4169 3188 4238 quod
3233 4167 3372 4222 Deus

1799 4257 1854 4310 in
1883 4257 2030 4311 nobis
2055 4268 2250 4324 manet,
2291 4261 2539 4329 quoniam
2583 4263 2648 4314 de
2695 4259 2898 4329 Spiritu
2946 4278 3041 4316 suo
3089 4262 3232 4315 dedit
3273 4276 3370 4316 n0-

1803 4350 1880 4404 bis
1907 4350 1972 4404 ¹⁸.

153 4426 234 4477 καὶ
257 4437 654 4504 νοσφίσασθαι
680 4439 800 4493 ἀπὸ
829 4437 936 4506 τῆς
962 4439 1136 4510 τιμῆς
1162 4440 1267 4494 τοῦ
1309 4443 1564 4510 χωρίου;
1609 4444 1731 4496 Οὐκ
1771 4443 2016 4512 ἐψεύσω
2062 4444 2412 4512 ἀνθρώποις,
2443 4447 2606 4502 ἀλλὰ
2638 4445 2716 4512 τῷ
2751 4445 2895 4511 Θεῷ.
2932 4447 3091 4499 Ὥστε
3118 4447 3146 4498 ὁ
3171 4446 3372 4515 ψευσά-

157 4529 294 4582 μενος
319 4527 392 4597 τῷ
441 4531 584 4602 ἁγίῳ
609 4530 912 4602 Πνεύματι,
948 4533 1027 4604 τῷ
1079 4533 1198 4604 Θεῷ
1231 4532 1518 4603 ἐψεύσατο,
1581 4535 1659 4607 τῷ
1695 4535 2036 4590 κατοικοῦντι
2103 4538 2161 4589 ἐν
2219 4538 2526 4610 ἀνθρώποις
2563 4538 2650 4591 διὰ
2696 4538 2790 4590 τοῦ
2833 4538 3147 4608 Πνεύματος
3182 4536 3368 4589 αὐτοῦ.

157 4697 190 4728 ιι
215 4630 242 4728 ⁸ι
264 4631 414 4728 Εἷον⁶
444 4659 570 4728 vult
599 4643 690 4728 21·

225 4701 386 4778 lgor.
415 4729 472 4776 ll,
505 4701 592 4778 10,
649 4715 736 4768 11.

155 4766 200 4820 4.
267 4775 306 4806 ³⁸
343 4777 360 4830 l
391 4766 559 4839 tota;
580 4766 768 4852 agis.

215 4861 282 4943 (9)
310 4868 660 4943 ᾼηειίοεηιιε,
694 4878 766 4940 εἰ,

159 4925 280 5020 [ῃξξέ
308 4925 1186 5020 sextantisrenisam}.
1215 4925 1682 5020 ariditate:

158 4994 279 5090 tum
303 5018 352 5061 et
375 4994 495 5090 tu;
508 4994 610 5090 Ξςξιῖ
625 4994 1282 5090 ι’τὶίέξὶὖξὸῧῖἳιὸίροὲὶ
1312 4994 1694 5090 ﬁcia-55212251

793 4645 813 4675 "
853 4644 1080 4701 Malach.
1113 4660 1175 4710 ιι.
1219 4646 1307 4702 10.

851 4715 966 4747 ¹²ο¹³
1005 4715 1108 4772 lsa.
1157 4733 1194 4782 ι,
1227 4718 1283 4771 2.

1409 4647 1432 4679 ⁸
1471 4645 1614 4716 Psal.
1649 4663 1764 4707 cm.
1800 4649 1891 4716 29,
1927 4650 2014 4704 50.

1390 4717 1434 4748 “
1470 4715 1627 4772 Joan.
1668 4734 1751 4785 ιιι,
1784 4718 1838 4774 6.

814 4878 945 4952 φησὶ
983 4879 1165 4952 Σίμων
1215 4877 1328 4952 Bap
1361 4877 1540 4952 Ἰωνᾶ,
1579 4879 1679 4952 ac},

1803 4880 1938 4952 ιέγῃ.
1969 4878 2112 4936 Infra
2157 4881 2290 4952 haec,
2324 4883 2475 4936 αὐτοὶ
2515 4882 2574 4936 δέ
2620 4897 2689 4952 με

2132 4652 2152 4682 ⁹
2192 4649 2382 4706 Matth.
2414 4665 2526 4713 xw,
2589 4651 2677 4704 17.

1950 4722 1993 4752 ⁸³
2032 4721 2166 4776 ibid.
2201 4721 2255 4775 8.

2791 4652 2834 4682 ¹⁰
2875 4650 3064 4706 Matth.
3135 4667 3212 4715 xu,
3273 4653 3362 4714 27.

2373 4723 2416 4754 ¹⁶
2455 4720 2612 4776 Joan.
2648 4735 2686 4789 ι,
2717 4721 2804 4787 12,
2845 4721 2930 4775 15.
3011 4723 3051 4752 ¹⁷
3080 4724 3202 4776 Act.
3229 4739 3281 4785 γ,
3312 4725 3368 4791 5,

2753 4880 3044 4952 ἠθέτησαν,
3088 4883 3283 4938 desunt
3312 4887 3366 4942 in

1791 4950 1974 5009 editis.
2008 4961 2063 5005 et
2089 4951 2356 5006 habentur
2379 4955 2434 5006 in
2474 4954 2606 5008 solis
2624 4950 2754 5019 ‘Seg.
2776 4950 2933 5005 Gobl'.
2962 4963 3014 5006 et
3045 4953 3281 5010 Felckm.
3310 4958 3362 5010 1.
3453 4994 3458 4998 -

1792 5019 1916 5074 Mox
1947 5019 2247 5093 Seg._solus
2271 5023 2357 5078 bis
2376 5023 2539 5078 habet
2563 5021 2984 5091 γεγεννημένον.
3017 5022 3083 5078 Ει
3115 5024 3366 5093 inferius,

160 5075 417 5162 ξῖξτιφησέν
443 5075 495 5162 ii!
510 5086 690 5162 θάίιίξν
718 5097 770 5162 ει
789 5087 842 5162 i9
861 5075 1190 5162 quihusdam
1224 5102 1382 5162 mss-2
1421 5075 1516 5162 δέει
1543 5075 1695 5162 de?“

1803 5075 2208 5162 γεγεννηῖιένρς·

159 5140 346 5256 EI
369 5140 539 5256 (ἔξειμι
548 5164 610 5256 ft
640 5140 787 5212 F'elc.
813 5140 1574 5239 1.1Ibid.‘iiiwiisdemieéitui:
1587 5140 1690 5213 'ai;

197 5209 350 5285 ιιῇὶἐι
377 5223 484 5285 alii,
515 5225 631 5279 ιάν.
818 5209 863 5212 ”’
889 5209 1024 5213 ““”“’
1143 5209 1335 5214 ““““

218 5277 315 5366 [10)
353 5288 422 5366 lla
454 5277 577 5366 Seg.
609 5277 765 5366 Gobl.
794 5305 848 5351 et
876 5295 1115 5352 Felckm.
1153 5299 1205 5352 1.
1242 5297 1297 5353 In
1324 5299 1484 5355 editis
1503 5307 1557 5354 et
1586 5314 1694 5353 ca:-

1865 5160 1978 5237 (15)
2010 5159 2237 5237 ’(ὲοὺιεζ.
2280 5171 2335 5237 et
2362 5161 2797 5237 ΕειςξιηιηῂἙν
2833 5159 2890 5210 δὲ
2929 5161 3008 5233 τῷ
3051 5163 3366 5237 Εὐαγγελίῳ

1805 5229 2077 5303 Ἰωᾲννης,
2111 5239 2168 5303 et
2197 5231 2279 5303 ita
2302 5231 2432 5303 legit
2463 5233 2726 5290 Nannius.

1867 5299 1980 5370 (14)
2015 5298 2404 5370 lnBasiliens.
2440 5305 2724 5370 Anglican.
2764 5315 2819 5361 et
2859 5303 3100 5360 Felckm.
3139 5303 3368 5365 2,Ἀνα-

459 5349 638 5444 teat;
663 5349 719 5419 1.;
729 5349 812 5420 si
832 5349 1488 5445 segem;s_etei;.;.‘.jj
1502 5349 1693 5445 ζῇς-ιι

1803 5349 1913 5440 υιᾴζ
1923 5349 2744 5445 ’Ᾰνᾶὶὶίσῐξὲιζξῑιὶἷὰεῐῐὲ’ἓέξῦἕῇ
2765 5349 3366 5441 ἷξοῖιῐὲἱιλὲιὲιὶτὲἶξῖ,

161 5410 353 5509 Ξτεθςιιὲ
375 5410 1693 5509 ξρτῖῥῐῇἓὲείἒὲῖυέῖῗάξὲοἶιιι]ιῖῗὲἑῶίῐξδιέἐαζὶ

163 5491 456 5578 ταλᾼξιξμθ.
492 5491 650 5571 ibid.,
679 5491 951 5578 διερευνᾷ.

223 5558 320 5627 (Η)
344 5558 442 5626 Ἐιο
468 5558 655 5632 omnes
685 5558 820 5644 pene
842 5558 1222 5648 manuscripti.
1252 5577 1413 5648 Editi,
1442 5578 1604 5633 οιοεν.

223 5621 321 5715 (1.2)
357 5637 432 5715 lla
458 5643 578 5715 Seg.
622 5645 781 5701 Gobl.
825 5655 879 5702 et
914 5646 1096 5704 Felck.
1128 5651 1179 5702 1.
1208 5647 1264 5702 In
1291 5651 1452 5704 editis
1481 5660 1535 5704 et
1567 5650 1604 5702 a‘

1795 5438 1928 5514 cum
1946 5438 2145 5514 GI‘EEQQ
2170 5439 2465 5510 Scriptura:
2490 5438 2657 5510 textu,
2676 5444 2762 5498 διὰ
2784 5447 2836 5498 τί
2863 5446 2997 5514 έπλή

1792 5511 1980 5585 τανᾶς.
2006 5509 2231 5585 Εᾶὶιὶλει
2255 5509 2371 5585 atii,
2414 5515 2465 5566 τί
2489 5515 2538 5585 (ὁ
2570 5509 2816 5578 Σατανᾶς
2837 5509 3180 5585 sumptum.
3220 5513 3364 5568 Infra

1797 5557 2715 5659 gs,1;.z'rs;.'.'p;.ﬁaggs:cingar
2728 5557 2813 5659 εῖν
2832 5557 3180 5659 ἐξιὶῖἐῖὲῖ
3197 5557 3370 5659 εῖέτξδ

622 5645 781 5720 βοω.
825 5646 1096 5720 ethFelck.
1128 5645 1264 5720 1.71n
1291 5645 1452 5720 editis
1481 5660 1535 5704 et
1567 5649 1691 5703 aliis

1803 5645 2022 5720 Πνεῦμα
2043 5651 2104 5702 τὸ
2135 5650 2310 5718 ἆγιον.
2343 5653 2399 5709 In
2425 5657 2604 5713 editis.
2633 5657 2711 5716 ei;
2743 5655 2919 5720 deest,
2951 5665 3011 5710 ut
3043 5663 3098 5710 et
3129 5645 3183 5710 in
3219 5645 3370 5708 Scri-

3006 5447 3235 5514 ρωσεψρ
3261 5445 3366 5496 Σα-

167 5688 358 5769 Πνεδμα
399 5688 562 5772 deest
599 5715 724 5772 Mox
756 5688 992 5788 Anglic:
1010 5688 1153 5774 νέταν
1187 5688 1355 5788 λέγεῖ
1562 5720 1692 5773 ὅταν

1803 5688 2166 5788 ριιιιεὲῖειιιιί
