3810 6228
428 329 563 386 1031

1003 327 1061 383 S.
1098 323 1469 381 ATHANASII
1512 323 1664 381 OPP.
1705 323 1884 380 PARS
1917 324 1957 380 I.
1998 355 2069 367 —
2105 322 2480 380 HISTORICA
2516 321 2605 376 ET
2640 318 3060 378 DOGMATICA.

3551 311 3709 367 1008

426 443 603 497 Ὅπου
635 442 744 513 γάρ
787 442 904 494 ἐστι
934 440 997 495 τὸ
1032 440 1257 512 Πνεῦμα
1310 440 1407 495 τοῦ
1456 439 1616 504 Θεοῦ,
1651 440 1768 494 ἐκεῖ
1813 440 1962 493 ἐστιν
2009 441 2038 493 6
2072 440 2243 505 Θεός·
2293 440 2389 494 Ἐν
2436 439 2625 505 τούτῳ
2677 437 2807 509 γὰρ,
2842 434 2999 506 φησὶ,
3053 430 3446 504 γινώσκομεν,
3506 427 3617 481 ὅτι
3676 431 3709 481 ό

428 536 572 603 Θεὸς
595 536 666 590 ἐν
686 535 832 605 ἡμῖν
851 534 1037 605 μένει,
1064 534 1153 588 ὅτι
1183 535 1253 589 ἐκ
1276 536 1382 590 τοῦ
1425 536 1768 604 Πνεύματος
1806 533 1991 591 αὐτοῦ
2028 532 2286 589 δέδωκεν
2313 531 2458 603 ἡμῖν
2484 531 2617 603 (15).

505 630 584 683 14.
626 628 693 682 Ει
737 643 862 684 cum
918 626 1197 697 Scriptura
1243 628 1462 698 quidem
1507 628 1672 690 dicat,
1730 626 1992 698 Spiritum

2164 628 2253 683 14.
2288 626 2400 681 Καὶ
2419 626 2508 679 ὅτε
2544 623 2643 695 μὲν
2679 621 2829 691 λέγει
2854 621 2889 692 ἡ
2913 615 3128 689 Γραφὴ,
3155 614 3239 669 ὅτι
3267 611 3507 684 Πνεῦμα
3532 611 3709 679 ἅγιον

427 730 673 776 sanctum
705 721 948 775 locutum
980 718 1222 775 fuisseiu
1254 719 1531 790 prophetis
1557 759 1573 785 ,
1603 720 1730 776 alibi
1762 720 1839 776 ait
1864 722 1993 777 bea-

425 822 512 867 tus
555 812 778 877 Paulus,
818 810 1036 866 Patrem
1086 812 1140 866 in
1177 810 1458 881 prophetis
1497 811 1737 867 locutum
1782 810 1991 867 fuisse:

424 916 550 954 nam
604 901 963 970 multifariam
1022 900 1306 970 multisque
1350 900 1685 976 modisolim
1725 901 1866 957 Deus
1915 901 1997 956 lo-

421 1008 585 1060 quens
620 992 859 1059 patribus
904 991 962 1045 in
1011 992 1298 1061 prophetis,
1339 993 1619 1047 novissime
1658 993 1840 1046 diebus
1878 993 1995 1046 istis

422 1081 629 1134 locutus
673 1091 748 1135 est
794 1083 943 1136 nobis
973 1083 1028 1136 in
1054 1080 1200 1137 Filio
1225 1083 1289 1137 ι’.
1319 1082 1388 1137 Ει
1425 1083 1554 1138 alibi
1600 1084 1751 1150 dicit,
1797 1081 1995 1139 Filium

423 1173 568 1240 loqui
600 1173 719 1226 :An
748 1173 1181 1240 experimentum,
1217 1173 1405 1242 inquit.
1439 1174 1679 1244 quieritis
1711 1174 1857 1245 ejus,
1905 1175 1995 1245 qui

423 1265 476 1318 in
508 1279 590 1317 me
617 1263 876 1333 loquitur,
910 1262 1110 1317 Christi
1131 1263 1197 1315 ὀ.
1223 1260 1420 1317 Filium
1462 1277 1593 1318 vero
1616 1262 1693 1316 ait
1734 1260 1995 1330 Spiritum

422 1370 542 1411 esse
573 1356 667 1426 qui
691 1354 934 1422 loquitur
958 1353 1013 1407 in
1045 1352 1305 1422 apostolis
1334 1371 1347 1407 :
1379 1350 1534 1417 Cum,
1559 1352 1754 1421 inquit,
1788 1353 1996 1406 tradent

422 1465 510 1501 vos
548 1448 603 1500 in
640 1444 889 1508 concilia,
933 1443 1093 1498 nolite
1135 1445 1369 1515 cogitare
1411 1444 1690 1513 quomodo,
1725 1453 1818 1497 aut
1867 1443 1995 1514 quid

425 1536 716 1606 loquamini
743 1550 761 1587 :
800 1534 1013 1587 dabitur
1047 1533 1186 1587 enim
1222 1535 1366 1588 vobis
1390 1534 1442 1586 in
1470 1532 1567 1586 illa
1597 1533 1729 1586 hora
1760 1533 1887 1604 quid
1915 1533 1998 1587 lo-

423 1627 682 1697 quamini.
712 1623 836 1678 Non
854 1624 992 1678 enim
1020 1639 1106 1678 vos
1134 1625 1258 1679 estis
1274 1624 1365 1694 qui
1391 1624 1685 1694 loquimini,
1706 1624 1796 1677 sed
1829 1622 1999 1694 Spiri-

425 1729 506 1772 tus
538 1718 717 1771 l’atris
742 1716 899 1771 vestri
927 1716 1016 1785 qui
1046 1716 1278 1786 loquitur
1298 1716 1355 1769 in
1379 1714 1521 1769 vobis
1542 1716 1608 1770 “.
1634 1715 1697 1768 Et
1726 1715 1997 1770 interdum

423 1809 641 1878 quidem
671 1808 747 1861 ait
766 1808 1078 1877 Apostolus,
1097 1821 1330 1877 corpora
1348 1805 1585 1861 ﬁdelium
1607 1821 1729 1861 esse
1754 1805 1996 1862 membra

426 1901 661 1972 Spiritus
688 1901 860 1957 sancti
885 1918 900 1967 ;
930 1900 1222 1971 aliquando
1267 1907 1451 1954 autem
1488 1900 1734 1955 membra
1776 1900 1994 1956 illorum

424 1995 667 2049 membra
687 1992 890 2049 Christi
913 2008 1068 2061 esse;
1087 1992 1381 2061 aliquando
1415 1991 1565 2060 ipsos
1591 2005 1713 2047 esse
1733 1992 1994 2062 templum
2025 1978 2068 2034 Β

423 2086 637 2141 Patris:
681 2083 778 2138 Vos
819 2084 978 2148 enim,
1027 2083 1221 2152 inquit,
1270 2082 1395 2136 estis
1439 2080 1689 2151 templum
1729 2081 1825 2137 Dei
1857 2084 2000 2139 vivi:

423 2178 581 2232 sicuti
608 2176 735 2230 dicit
760 2175 897 2230 Deus
922 2194 940 2231 :
967 2177 1217 2245 quoniam
1241 2174 1545 2229 inltabitabo
1584 2176 1634 2229 in
1668 2174 1804 2238 illis,
1836 2185 1887 2231 et
1914 2177 2000 2231 in-

424 2269 721 2335 ambulabo,
744 2278 792 2322 et
836 2284 923 2322 ero
967 2266 1183 2321 illorum
1211 2265 1372 2331 Deus,
1420 2275 1471 2320 et
1521 2267 1624 2336 ipsi
1667 2276 1822 2322 erunt
1870 2267 2000 2322 milii

423 2361 646 2431 populus
672 2362 738 2414 η.
773 2358 856 2423 Ει,
900 2358 960 2414 Si
998 2360 1113 2428 quis
1142 2359 1411 2413 violaverit
1438 2358 1689 2428 templum
1725 2357 1854 2426 Dei,
1888 2359 2002 2415 dis-

424 2452 604 2521 perdet
631 2450 786 2504 illum
808 2449 949 2503 Deus
981 2449 1047 2504 “.
1079 2447 1146 2503 Et
1177 2464 1415 2515 rursum,
1454 2447 1687 2502 Nescitis
1723 2450 1849 2520 quia
1870 2459 2001 2504 tent-

424 2542 570 2611 plum
602 2541 697 2595 Dei
736 2543 884 2605 estis,
927 2549 977 2594 et
1008 2537 1237 2608 Spiritus
1278 2539 1373 2617 Dei
1419 2539 1622 2593 habitat
1653 2540 1707 2593 in
1740 2539 1882 2594 vobis
1909 2540 2001 2595 “i

429 2633 485 2686 Si
515 2632 639 2701 quis
668 2631 813 2684 enim
849 2639 933 2684 est
969 2629 1227 2698 templum
1259 2627 1518 2697 Spiritus,
1550 2629 1596 2684 is
1621 2628 1878 2698 templum
1916 2636 2000 2684 est

429 2726 553 2781 Filii
578 2734 632 2780 et
670 2725 866 2779 Patris.
890 2722 994 2778 Ubi
1033 2726 1175 2778 enim
1206 2723 1446 2792 Spiritus
1488 2721 1581 2791 Dei
1615 2723 1845 2785 habitat,
1885 2720 1998 2779 illic

428 2815 572 2871 Deus
599 2816 823 2869 habitat.
856 2812 944 2874 Et,
970 2811 1118 2868 Sicut
1147 2812 1311 2865 Pater
1336 2814 1558 2864 suscitat
1583 2821 1816 2865 mortuos
1841 2821 1890 2864 et
1912 2811 1995 2864 vi-

428 2905 642 2974 viﬁcat;
676 2906 752 2957 sic
778 2910 829 2956 et
868 2901 1044 2955 Filius
1079 2918 1207 2971 quos
1235 2901 1343 2954 vult
1382 2901 1609 2970 viviﬁcat
1633 2901 1699 2955 ".
1735 2901 1998 2955 Similiter

426 2997 494 3052 do
519 2996 722 3067 Spiritu
743 3007 934 3051 sancto
961 2995 1123 3049 dicit:
1144 2992 1375 3063 Spiritus
1398 3003 1475 3048 est
1495 2995 1584 3063 qui
1608 2993 1855 3063 viviﬁcat,
1874 3010 1997 3049 caro

428 3105 530 3142 non
558 3086 768 3156 prodest
793 3086 1077 3156 quidquam
1098 3087 1167 3139 ³⁸.
1196 3084 1274 3139 Ad
1303 3083 1619 3140 Corinthios
1651 3093 1834 3160 autem
1861 3086 1999 3141 scri-

428 3182 509 3237 bit
540 3180 781 3235 Paulus:
815 3175 1046 3248 Spiritus
1072 3186 1248 3231 autent
1272 3176 1505 3246 viviﬁcat
1527 3177 1595 3231 ’⁷.
1632 3175 1799 3232 Vides
1834 3192 1998 3247 opera

429 3289 551 3345 quae
575 3271 754 3327 Patris
783 3279 931 3337 sunt,
963 3269 1081 3340 ipsa
1121 3267 1262 3334 Filii,
1291 3268 1479 3323 eadem
1506 3282 1726 3338 quoque
1761 3267 1997 3339 Spiritus

429 3364 604 3421 sancti
623 3378 764 3427 esse,
782 3371 841 3418 ut
863 3360 1033 3431 Scripl
1047 3375 1144 3415 ura
1161 3368 1409 3415 testatur.
1430 3357 1499 3414 Ut
1514 3368 1567 3413 et
1582 3358 1999 3429 ipseApostolus

427 3456 517 3510 his
544 3454 732 3510 docuit
759 3453 979 3509 verbis:
1008 3451 1304 3506 Divisiones
1343 3467 1463 3505 vero
1513 3452 1810 3521 gratiarum
1850 3460 1996 3516 sunt,

426 3548 568 3601 idem
590 3554 764 3600 autem
792 3544 1023 3616 Spiritus
1046 3560 1065 3606 ;
1089 3542 1249 3614 705
1272 3553 1321 3596 et
1343 3542 1623 3599 divisiones
1651 3544 2002 3599 ministratio-

431 3653 556 3692 num
582 3646 729 3703 sunt,
757 3637 897 3691 idem
938 3645 1113 3690 autem
1142 3634 1401 3689 Dominus
1426 3651 1445 3689 :
1472 3644 1523 3689 et
1556 3635 1839 3690 divisiones
1880 3650 2002 3704 ope-

430 3729 700 3783 rationum
728 3736 871 3794 sunt,
902 3726 1041 3781 idem
1066 3741 1184 3781 vero
1215 3724 1376 3791 Deus,
1407 3725 1497 3795 qui
1538 3734 1785 3795 operatur
1820 3726 2001 3779 omnia

429 3822 487 3899 in
511 3821 751 3874 omnibus
793 3820 859 3874 ³⁸.
894 3817 963 3874 Et
1015 3827 1301 3890 postquam
1340 3816 1479 3873 dixit
1522 3815 1739 3872 Patrem
1784 3818 1999 3887 operari

429 3913 691 3967 omniain
712 3910 989 3979 omnibus,
1015 3910 1205 3982 paucis
1245 3909 1565 3981 interjectis,
1611 3909 1690 3967 ait
1733 3908 1996 3982 Spiritum

505 4077 548 4109 ²⁹
586 4076 749 4133 Hebr.
778 4092 817 4137 i.
850 4076 904 4131 1.
1004 4076 1052 4109 ²⁰
1086 4072 1134 4129 II
1169 4074 1296 4131 Cor.
1323 4090 1445 4137 xm,
1467 4074 1523 4129 3.

2093 717 2269 772 ἐλάλει
2292 719 2349 770 ὲν
2378 718 2491 780 τοῖς
2525 713 2856 785 προφήταις,
2890 706 3124 779 ἀλλαχοῦ
3159 704 3309 773 λέγει
3339 705 3369 758 6
3407 703 3710 774 μακάριος

2092 808 2425 872 Παῦλος,ὂτι
2448 809 2477 860 6
2505 805 2695 877 Πατὴρ
2726 802 2905 857 ἐλάλει
2941 802 3000 854 ὲν
3030 801 3144 862 τοῖς
3184 796 3502 869 προφήταις
3522 811 3537 824 ·
3577 797 3708 849 Πο-

2092 899 2365 971 .ιυμερῶς
2400 899 2511 971 γὰρ
2542 897 2641 952 καὶ
2668 894 3062 965 πολυτρόπως
3090 888 3279 944 πάλαι
3314 891 3348 943 d
3395 886 3555 953 Θεὸς
3585 890 3708 940 λα-

2094 993 2295 1062 λήσας
2325 992 2445 1059 τοῖς
2465 988 2764 1059 πατράσιν
2783 988 2854 1041 ἐν
2868 985 2993 1052 τοῖς
3007 980 3359 1054 προφήταις,
3381 979 3476 1032 ἐπ’
3509 977 3707 1048 ὲσχάρ

2096 1103 2204 1141 του
2254 1084 2366 1156 (16)
2417 1082 2526 1138 τοῦ
2553 1078 2789 1151 ήμερῶν
2818 1078 3046 1133 τούτων
3084 1072 3396 1140 ἐλάλησεν
3430 1070 3594 1139 ἡμῖν
3630 1071 3707 1123 ἐν

2102 1176 2230 1244 Υἱῷ.
2262 1177 2374 1231 Καὶ
2412 1172 2645 1249 ἀλλαχοῦ
2677 1172 2849 1240 λέγει,
2880 1170 2965 1223 ὅτι
2995 1169 3024 1222 6
3053 1165 3181 1230 Υἱὸς
3209 1165 3361 1218 λαλεῖ
3379 1180 3393 1195 ⁸
3420 1163 3493 1216 Εἰ
3527 1162 3706 1216 δοκι-

2089 1268 2238 1339 μὴν,
2289 1266 2442 1338 φησὶ,
2471 1263 2690 1333 ζητεῖτε
2735 1262 2843 1317 τοῦ
2874 1262 2945 1316 ἐν
2993 1261 3124 1330 ἐμοὶ
3162 1257 3507 1321 λαλοῦντος
3551 1255 3705 1321 Χρι-

2094 1359 2267 1415 στοῦ.
2315 1360 2374 1412 '0
2394 1357 2449 1411 δὲ
2477 1355 2607 1419 Υἱὸς
2659 1354 2722 1408 τὸ
2745 1353 2973 1425 Πνεῦμα
2999 1344 3121 1406 εἷπε
3148 1351 3208 1405 τὸ
3253 1348 3447 1402 λαλοῦν
3479 1349 3548 1401 ὲν
3576 1354 3703 1413 τοῖς

2094 1447 2432 1510 ἀποστόλοις,
2470 1447 2656 1499 Ὅταν
2674 1444 2807 1515 (I7),
2841 1443 2997 1513 φησι,
3028 1440 3502 1510 παραδώσουσιν
3526 1439 3701 1510 ὑμᾶς

2093 1542 2181 1606 εἰς
2209 1537 2515 1607 συνέδρια,
2535 1536 2623 1607 μὴ
2642 1533 3071 1607 μεριμνήσητε,
3130 1530 3280 1599 πῶς,
3324 1531 3365 1600 ἢ
3401 1531 3459 1585 τί
3490 1531 3701 1602 λαλή-

2094 1645 2276 1701 σητεο
2310 1628 2631 1698 δοθήσεται
2655 1627 2770 1696 γὰρ
2799 1625 2942 1696 ὑμῖν
2988 1625 3060 1679 ἐν
3085 1624 3288 1692 ἐκείνῃ
3321 1620 3396 1691 τῇ
3431 1621 3561 1692 ὥρᾳ
3579 1662 3594 1688 ,
3636 1622 3700 1676 τί

2094 1720 2425 1789 λαλήσητε.
2463 1722 2545 1775 Οὐ
2568 1718 2679 1789 τὰρ
2698 1717 2866 1789 ὑμεῖς
2890 1717 3030 1772 ἐστε
3054 1718 3108 1770 ot
3128 1713 3486 1781 λαλοῦντες,
3522 1715 3700 1769 ἀλλὰ

2096 1813 2162 1868 τὸ
2187 1811 2429 1882 Πνεῦμα
2447 1811 2555 1867 τοῦ
2588 1809 2821 1878 Πατρός
2845 1805 3036 1879 ὑμῶν,
3066 1807 3133 1860 τὸ
3164 1804 3401 1861 λαλοῦν
3419 1806 3491 1860 ὲν
3515 1805 3697 1876 ὑμῖν.

2096 1900 2208 1953 Καὶ
2230 1900 2321 1953 ὁτὲ
2346 1897 2455 1970 (18)
2488 1898 2587 1971 μὲν
2615 1900 2645 1951 6
2683 1896 3003 1959 Ἀπόστολος
3025 1895 3203 1964 λέγει,
3231 1896 3313 1949 ὅτι
3349 1894 3422 1948 τά
3450 1893 3701 1966 σώματα

2097 1988 2207 2043 τῶν
2234 1990 2442 2043 πιστῶν
2472 1990 2598 2054 ναός
2632 1989 2749 2042 ἐστι
2785 1987 2881 2041 τοῦ
2912 1987 3066 2057 ἁγίου
3107 1984 3421 2057 Πνεύματος
3444 2026 3460 2052 ,
3492 1986 3593 2040 ὁτὲ
3634 1985 3697 2040 δὲ

2098 2082 2167 2136 τὰ
2214 2081 2350 2154 μέλη
2395 2079 2574 2135 αὐτῶν
2626 2078 2763 2153 μέλη
2796 2078 3055 2151 Χριστοῦ,
3107 2077 3195 2132 ὁτὲ
3226 2077 3283 2132 δὲ
3314 2062 3513 2141 αὐτὶὺς
3559 2076 3697 2131 ναὸν

2098 2170 2238 2229 εἶναι
2270 2174 2365 2228 τοῦ
2398 2173 2612 2245 Πατρός
2632 2192 2645 2205 ·
2691 2172 2880 2244 Ὑμεῖς
2929 2171 3063 2245 γὰρ,
3124 2170 3257 2242 φησὶ
3277 2211 3292 2236 ,
3336 2170 3486 2236 ναός
3542 2169 3696 2224 ἐστε

2101 2267 2250 2323 Θεοῦ
2278 2264 2510 2332 ζῶντος,
2552 2263 2749 2332 καθὼς
2775 2262 2947 2320 εἶπεν
2964 2268 2997 2319 ὁ
3017 2265 3162 2331 Θεός
3181 2281 3194 2294 ·
3231 2264 3560 2329 Ἐνοικήσω
3574 2264 3693 2335 (19)

2097 2358 2167 2412 ἑν
2202 2356 2425 2423 αὐτοῖς,
2458 2354 2558 2409 καί
2583 2354 3062 2426 ἐμπεριπατήσω,
3095 2355 3197 2409 καὶ
3225 2356 3440 2423 ἔσομαι
3475 2352 3697 2419 αὐτοῖς

2101 2447 2267 2515 Θεὸς,
2309 2447 2408 2503 καὶ
2449 2448 2619 2502 αὐτοὶ
2656 2448 2906 2504 ἔσονταί
2925 2465 3029 2518 μοι
3067 2449 3252 2516 λαός·
3310 2449 3406 2503 καὶ
3430 2488 3445 2513 ,
3490 2448 3569 2502 ΕΖ
3596 2466 3698 2516 τις

2098 2540 2311 2609 φθείρῃ
2338 2539 2442 2594 τὸν
2461 2539 2614 2593 ναὸν
2643 2539 2750 2594 τοῦ
2777 2539 2949 2603 Θεοῦ,
2978 2538 3185 2609 φθερεῖ
3211 2539 3427 2594 τοῦτον
3453 2542 3487 2594 d
3511 2542 3693 2607 Θεός.

2099 2633 2211 2687 Καὶ
2234 2632 2395 2687 πάλιν
2413 2646 2428 2662 ο
2468 2634 2590 2686 Οὐκ
2617 2631 2840 2697 οῑδατε,
2864 2631 2954 2687 ὅτι
2976 2633 3125 2698 ναὸς
3171 2632 3279 2687 τοῦ
3333 2631 3484 2686 Θεοῦ
3517 2632 3692 2697 ἐστε,

2097 2723 2285 2777 καὶτὸ
2316 2723 2429 2793 (20)
2456 2723 2700 2793 Πνεῦμα
2731 2725 2839 2779 τοῦ
2890 2724 3041 2780 Θεοῦ
3089 2723 3157 2778 τὸ
3199 2723 3372 2794 ἅγιον
3418 2724 3576 2778 οἰκεῖ
3619 2725 3695 2778 ἐν

2095 2815 2276 2885 ὑμῖν;
2331 2815 2401 2870 Εἴ
2458 2832 2544 2880 τις
2588 2816 2695 2888 γάρ
2718 2815 2992 2880 ὲστιηναδς
3013 2815 3107 2869 τοῦ
3134 2814 3473 2886 Πνεῦματος,
3525 2811 3693 2879 οὗτος

2096 2905 2224 2969 ναός
2265 2907 2380 2959 ἐστι
2409 2905 2503 2959 τοῦ
2534 2905 2664 2959 Υἱοῦ
2701 2905 2922 2960 καὶτοῦ
2979 2905 3222 2976 Πατρός
3277 2905 3412 2958 ὅπου
3461 2903 3577 2975 γάρ
3626 2904 3692 2958 τὸ

2096 2994 2323 3069 Πνεῦμα
2348 2995 2441 3050 τοῦ
2468 2996 2605 3051 Θεοῦ
2628 2999 2892 3062 κατοικεῖ,
2919 2998 3036 3051 ἐκεῖ
3058 2997 3171 3067 (21)
3195 3000 3223 3050 6
3251 2995 3385 3061 Θεὸς
3413 2998 3688 3052 κατοικεῖ.

2097 3091 2230 3155 Καὶ,
2251 3092 2482 3161 ’Ὠσπερ
2508 3095 2540 3147 d
2562 3091 2766 3160 Πατὴρ
2783 3091 2995 3162 ἐγείρει
3008 3090 3149 3157 τοὺς
3162 3089 3417 3159 νεκροὺς
3434 3090 3529 3143 καὶ
3549 3087 3692 3151 ζωο-

2097 3183 2275 3248 ποιεῖ,
2328 3182 2517 3250 οὕτως
2576 3183 2675 3237 καὶ
2727 3186 2762 3238 ό
2822 3182 2956 3250 Υἱὸς
3009 3182 3118 3249 οὓς
3175 3184 3337 3238 θέλει
3397 3180 3687 3243 ζωοποιεῖ.

2110 3274 2344 3345 Ὁμοίως
2368 3275 2425 3327 δὲ
2455 3275 2551 3328 καὶ
2591 3274 2722 3346 περὶ
2747 3273 2842 3327 τοῦ
2887 3273 3207 3345 Πνεῦματος
3241 3273 3427 3342 λέγει,
3460 3273 3545 3327 ὅτι
3569 3272 3687 3345 (22)

2108 3365 2179 3419 Τὸ
2205 3364 2447 3435 Πνεῦμά
2469 3365 2601 3419 ἐστι
2637 3365 2703 3419 τὸ
2727 3362 3071 3429 ζωοποιοῦν,
3100 3365 3140 3432 ἠ
3181 3364 3340 3433 σὰρξ
3375 3367 3488 3419 οὐκ
3531 3365 3687 3435 ὠφε-

2102 3453 2204 3510 λεῖ
2226 3453 2424 3509 οὐδέν.
2460 3454 2677 3526 Πρὸςδὲ
2707 3453 3027 3525 Κορινθίους
3061 3454 3264 3525 γράφει
3309 3453 3554 3517 Παῦλος·
3613 3453 3683 3507 Τὸ

2103 3546 2173 3601 δὲ
2198 3546 2443 3617 Πνεῦμα
2484 3545 2763 3608 ζωοποιεῖ.
2809 3548 2992 3619 Ὁρᾷς,
3042 3548 3127 3601 ὅτι
3156 3536 3300 3620 ἀπερ
3356 3546 3505 3599 ἐστὶν
3544 3546 3685 3616 ἔργα

2103 3635 2199 3691 τοῦ
2228 3638 2459 3710 Πατρὸς,
2495 3638 2668 3693 ταῦτα
2694 3637 2843 3708 λέγει
2895 3640 2931 3711 ἡ
2979 3639 3168 3711 Γραφὴ
3199 3637 3295 3692 τοῦ
3341 3636 3473 3690 Υἰοῦ
3520 3632 3680 3702 εἶναι,

2103 3727 2200 3781 καὶ
2218 3726 2314 3781 τοῦ
2345 3728 2500 3798 ἁγίου
2528 3728 2639 3802 (25)
2662 3729 2981 3800 Πνεύματος
2999 3745 3014 3760 ο
3049 3729 3126 3793 ὡς
3156 3730 3251 3783 καὶ
3281 3730 3312 3782 6
3361 3727 3682 3790 ’Δπόστολος

2103 3817 2219 3888 (24)
2273 3819 2481 3885 ἐδίδαξε
2530 3820 2703 3890 λέγων
2737 3838 2754 3854 ο
2806 3820 3131 3890 Διαιρέσεις
3178 3819 3249 3874 δὲ
3299 3818 3682 3889 χαρισμάτων

2098 3911 2243 3977 εἰσὶ,
2270 3911 2336 3966 τὸ
2366 3911 2435 3965 δὲ
2456 3912 2703 3983 Πνεῦμα
2722 3911 2788 3967 τὸ
2816 3913 2967 3968 αὑτό
2985 3928 2998 3943 '
3051 3911 3152 3967 καί
3195 3910 3515 3981 διαιρέσεις
3550 3907 3677 3963 δια-

1628 4075 1673 4107 “
1727 4073 1912 4131 Matth.
1942 4090 1997 4140 ιι,

2112 4075 2238 4137 -2ος
2271 4074 2404 4132 an.
2434 4093 2534 4143 xu,
2567 4077 2656 4137 11.
2686 4077 2774 4134 12.
2849 4080 2896 4111 ’⁸
2932 4074 2977 4131 Il
3007 4076 3135 4133 Cor.
3160 4092 3235 4138 vr,
3266 4075 3356 4132 I6.
3434 4073 3481 4106 ⁸⁸
3502 4073 3526 4128 I
3547 4073 3672 4129 Cor.

431 4160 515 4209 lii.
544 4148 633 4203 17.
706 4147 753 4181 ³⁸
789 4147 924 4203 ibid.
952 4145 1066 4218 _I6.
1140 4147 1187 4179 ³⁵
1223 4144 1383 4201 Joan.
1414 4161 1471 4214 ν,
1495 4145 1586 4201 21.
1662 4145 1709 4177 ³⁸
1742 4144 1899 4200 Joan.
1933 4159 1997 4214 vt,

2112 4184 2126 4200 .
2202 4148 2245 4180 ³⁷
2286 4145 2330 4200 ll
2358 4147 2485 4205 Cor.
2518 4162 2602 4216 ιιι,
2632 4147 2686 4203 6.
2761 4148 2808 4182 ³⁸
2844 4147 2867 4202 I
2894 4147 3022 4203 Cor.
3048 4163 3146 4214 xu,
3177 4148 3213 4202 4
3241 4144 3296 4200 6.

504 4301 617 4372 (15)
654 4297 939 4372 Βακκὸτι-
958 4299 1033 4372 ὲκ
1068 4295 1163 4351 τοῦ
1209 4296 1528 4372 Πνεῦματος
1570 4295 1736 4372 αὑτοῦ
1768 4296 1998 4355 δέδωκεν

431 4365 564 4446 ημῖν
587 4365 793 4426 desunt
811 4368 1205 4446 in__G_o_bler.het
1233 4365 1470 4446 Felckin.
1500 4369 1522 4420 1
1546 4383 1561 4432 ;
1585 4382 1686 4446 nec
1702 4368 1847 4446 _lecta
1872 4378 2000 4423 sunt

435 4435 506 4497 ab
535 4444 848 4510 interprete.
878 4437 1083 4492 Ibidem
1112 4435 1360 4506 Seguer.,
1389 4436 1609 4490 ἔδωκεν.
1641 4436 1773 4491 Ibid.
1809 4452 2001 4494 omnes

435 4516 548 4563 fere
580 4508 935 4563 mauuscrinti
964 4508 1166 4562 habent
1185 4506 1279 4560 καὶ
1300 4507 1391 4561 ὅτε
1424 4522 1523 4563 bro
1553 4505 1667 4560 ἀλλ’
1699 4507 1810 4563 ὅτε.
1843 4516 1904 4562 ιιι
1927 4508 2004 4563 le-

432 4516 548 4569 fere
580 4516 935 4578 mauuscripti
964 4516 1166 4562 habent
1185 4516 1279 4560 καὶ
1300 4516 1391 4561 ὅτε
1423 4522 1523 4577 pro
1553 4516 1667 4560 ἀλλ’
1699 4516 1810 4572 ὅτε,

436 4579 742 4653 gebaturiu
767 4579 948 4653 editis.
1068 4647 1082 4653 _
1137 4645 1152 4653 Α
1184 4646 1199 4653 Α
1296 4642 1309 4653 _
1492 4643 1544 4653 __
1663 4642 1696 4653 Α

504 4651 618 4723 (16)
655 4649 1014 4723 Anglicanus,
1065 4642 1445 4723 efﬁgrxdtsqw.
1492 4642 1801 4723 Ποθειιῇ
1832 4645 1999 4723 Basil.

431 4715 717 4791 Anglican.
741 4715 968 4791 _Gobler,
998 4725 1053 4773 et
1089 4715 1416 4791 F_elckin:_i_,
1467 4715 1577 4769 τῶν
1605 4715 2000 4791 ιἡμιεριῖῦντιού·-

431 4784 559 4845 τωεῖ.
594 4789 650 4843 In
688 4789 821 4844 edit.
874 4787 1080 4841 τούτων
1107 4788 1276 4842 deest.
1312 4784 1479 4840 Iidem
1519 4784 1671 4849 mox,
1700 4784 1810 4840 Καὶ
1838 4787 2003 4842 ἀλλα-

432 4863 528 4933 χοῦ
551 4859 724 4937 λέγει,
759 4874 851 4937 seu
888 4858 949 4937 in_
996 4858 1173 4937 tribus
1221 4856 1870 4937 postremisnxabdeest.
1904 4858 2002 4912 Λέ-

430 4927 518 5001 γει
552 4927 657 4984 non
691 4930 898 5001 legitur:
936 4929 994 5001 in
1035 4928 1296 5001 editis_e_t
1322 4927 1405 5001 _in
1445 4927 1998 5001 quibusdamumanu-

430 4995 671 5070 scriptis.
701 4995 826 5070 Mox
860 4997 1080 5054 Gobler.
1110 5007 1165 5053 et
1182 4995 1434 5070 ‘Eelcktn.
1466 4997 1518 5059 1,
1548 4997 1748 5070 statim,
1778 4998 2000 5070 ibidem.

430 5066 690 5157 quc—cum
723 5069 1077 5140 Segueriauo,
1099 5066 1283 5130 καθώς
1314 5081 1478 5137 φησιν
1501 5084 1516 5097 ·
1546 5068 1618 5121 Ἦ
1643 5067 1874 5140 δοκιμὴν
1907 5067 2000 5139 ζη-

429 5159 616 5283 τειῦεὴ
658 5208 909 5283 Sic_Seg.
934 5207 1094 5283 Goh_l.
1116 5215 1173 5263 et
1200 5205 1440 5283 Felckin.
1472 5206 1526 5271 1,
1557 5215 1724 5262 recte.
1778 5206 1999 5283 Edi_ti__et

429 5250 541 5347 alii,
569 5250 700 5362 δίεσιν
719 5276 831 5335 οὖν.
857 5250 988 5366 ἲίοκ
1039 5278 1164 5349 Seg.
1203 5250 1637 5352 παραδώσοῦσιν,
1663 5288 1827 5333 recte.
1856 5277 1995 5334 Editi

427 5363 481 5407 et
514 5360 715 5417 caeteri,
738 5360 1152 5417 παρασιῡσωσιν.

501 5421 610 5491 (I8)
653 5416 777 5490 seg.
810 5416 969 5475 Gobl.
1008 5429 1063 5473 et
1086 5417 1322 5491 Eelckm.
1350 5418 1404 5482 1,
1432 5418 1523 5471 ὅτε
1575 5416 1665 5472 hic
1692 5426 1778 5491 __et_
1809 5417 1894 5491 bis
1940 5417 1994 5491 in

431 5487 784 5559 sequentibus
831 5491 1035 5543 habent
1068 5488 1326 5560 (Gobler.
1351 5495 1535 5542 tamen
1584 5495 1638 5542 et
1689 5487 1928 5543 Felckm.
1962 5490 1988 5543 1

431 5562 632 5613 habent
661 5562 838 5613 primo
870 5567 1081 5613 tantum
1110 5559 1252 5613 loco.
1279 5557 1406 5613 ὅτι).
1434 5556 1578 5612 Editi
1615 5565 1719 5613 ter.
1751 5558 1903 5612 ποτέ.
1937 5557 1988 5612 In

431 5557 632 5615 habent
658 5562 838 5628 primo
870 5557 1087 5613 tantum
1110 5559 1252 5621 loco,
1279 5557 1406 5629 ὅτι).
1434 5557 1578 5612 Editi
1615 5565 1719 5623 ter,
1751 5558 1903 5612 ποτέ.
1937 5557 1991 5612 In

431 5629 644 5701 iisdem,
668 5631 760 5701 ῥτε
783 5628 891 5701 ’μὲν
921 5627 1086 5699 λέγει.
1124 5627 1264 5682 Editi
1296 5643 1421 5684 vero
1445 5636 1499 5684 et
1524 5628 1638 5692 alii,
1667 5629 1797 5682 ποτὲ
1829 5629 1928 5701 μὲν
1963 5629 1993 5681 6

443 5696 756 5761 Ἀπόστολος
783 5696 950 5765 λέγει.

2175 4300 2298 4375 (19)
2327 4300 2694 4375 Segnior-ianus
2727 4300 2925 4375 _hab_et_
2950 4302 2980 4356 ὃ
3017 4303 3464 4375 ξηιεὲνοικήᾳω.
3507 4305 3674 4363 Paulo

2027 4375 2075 4435 υ
2099 4370 2228 4448 post
2258 4370 2511 4448 ῐείνιικιέιιςι.⁸
2532 4371 2586 4435 5,
2614 4371 2793 4448 αὐτῶν
2827 4372 2979 4448 Θεός.
3024 4370 3549 4448 Statimque'ngsil.
3583 4395 3671 4448 μοι

2101 4432 2181 4527 είς
2213 4440 2359 4527 λαόν.
2380 4432 2551 4496 Paulo
2572 4432 2703 4511 ipost
2731 4432 3015 4513 Anglican.
3047 4451 3103 4498 et
3129 4432 3368 4499 Felekm.
3402 4446 3459 4513 5,
3488 4432 3675 4521 φθέρεῐ

2101 4512 2287 4651 “ab;
2327 4580 2574 4651 Quatuor
2623 4580 2981 4651 manuscript.
3035 4583 3133 4635 καὶ
3194 4582 3277 4637 ὅτι
3326 4583 3408 4637 τό.
3469 4581 3668 4641 Ibidem

2100 4648 2224 4720 poSt
2256 4648 2317 4704 τὸ
2346 4650 2572 4720 Πνεῦμα
2601 4648 2694 4704 τοῦ
2729 4649 2884 4715 Θεοῦ,
2904 4648 3113 4720 legitur
3139 4652 3200 4706 τὸ
3227 4656 3379 4722 ἆγιον
3411 4652 3465 4705 iu
3515 4658 3672 4711 eiiiis

2100 4731 2156 4801 et
2180 4723 2235 4775 in
2269 4722 2597 4791 quibusdam
2620 4721 3027 4792 manuscriptis,
3061 4722 3157 4779 sed
3194 4721 3349 4778 deest
3376 4724 3433 4777 in
3471 4724 3672 4798 Segne-

2099 4805 2284 4932 ῃθὸῗ)
2324 4858 2419 4932 Sic
2446 4858 2827 4932 seguer.Editi
2860 4860 2955 4915 καί
2987 4875 3088 4932 pro
3109 4863 3248 4917 ἐκεῖ.

2169 4929 2283 5003 (22)
2321 4929 2627 5003 Ὅτιάεεει
2660 4932 2713 4985 in
2739 4932 2900 5003 editis
2934 4929 3083 5003 etiin
3116 4932 3444 5003 quihusdam
3475 4949 3667 4991 manu-

2099 5001 2341 5069 scriptis,
2378 5002 2471 5055 sed
2502 5001 2731 5056 habetur
2773 5001 2826 5054 in
2865 5001 3308 5083 pluribus.lnira
3349 5003 3475 5069 Seu.
3537 5007 3669 5079 σὰρξ

2096 5071 2248 5125 οὐδὲν
2274 5069 2489 5141 ὠφελεῖ.
2516 5070 2641 5141 Mox
2676 5071 2994 5141 Seguerian.
3024 5070 3241 5127 GOMCI'.
3273 5083 3326 5127 et
3352 5073 3590 5129 Felckm.
3616 5078 3666 5141 1,

2095 5142 2157 5196 τὸ
2181 5141 2239 5194 δὲ
2270 5118 2516 5211 Πῦεῦμα.
2549 5139 2607 5196 1η
2636 5118 2799 5195 editis
2827 5156 2955 5197 vero
2980 5153 3030 5197 ei
3068 5143 3211 5207 aliis,
3237 5144 3300 5197 τό
3331 5118 3516 5199 deest..-
3619 5118 3666 5143 η

2171 5212 2284 5282 (2ῥ)
2325 5210 2807 5266 δίοὒοιιιειίοιιυε
2834 5223 2885 5266 et
2914 5211 3152 5267 Feb-km.
3189 5216 3238 5277 1,
3288 5222 3454 5282 atque
3490 5218 3559 5269 ita
3591 5217 3666 5269 lu-

2096 5279 2639 5353 git‘NanniustEditi
2662 5296 2727 5353 et
2759 5283 2871 5348 alii,
2914 5284 3008 5335 καὶ
3038 5283 3106 5335 τὰ
3138 5283 3280 5337 αὐτὰ
3304 5279 3398 5336 τοῦ
3431 5284 3611 5352 ἁγίου.

2168 5353 2281 5422 (24)
2321 5351 2421 5423 Sic
2453 5351 2817 5407 Goblerianus
2866 5363 2921 5407 et
2966 5353 3207 5408 Fclckm.
3246 5356 3299 5415 1,
3338 5364 3393 5407 et
3428 5351 3501 5423 ita
3544 5356 3666 5423 legit

2094 5420 2360 5495 ﬁannius.
2391 5421 2615 5495 Seguer.
2652 5436 2801 5495 vero,
2825 5423 2901 5486 ὡς
2934 5424 3037 5495 καὶ.
3073 5425 3101 5476 6
3135 5426 3400 5495 μακάριος
3434 5420 3658 5495 Παῦλος.

2094 5490 2235 5564 Editi
2256 5504 2318 5564 et
2351 5490 2571 5564 εΙὶἰξὼς
2596 5492 2872 5564 όᾲαύτὸςὸ
2910 5490 3247 5557 Ἀπὸστολος.
3278 5490 3400 5564 Slux
3439 5492 3656 5564 Seguer.

2092 5573 2146 5616 et
2178 5562 2415 5633 Eelcltm.
2445 5563 2500 5626 2,
2528 5564 2591 5616 τὸ
2623 5562 2681 5616 δὲ
2708 5562 2841 5616 αὐτὸ
2873 5564 3123 5633 Πνεῦμα.
3158 5563 3303 5619 Infra
3351 5562 3478 5630 Seg.
3509 5562 3655 5620 Gohl.

2092 5640 2149 5704 et
2178 5631 2416 5704 Felckm.
2455 5634 2611 5704 Lqut
2658 5634 2785 5704 legit
2826 5631 3114 5704 interpres,
3140 5634 3170 5686 6
3213 5634 3271 5687 δὲ
3315 5634 3481 5699 αὐτὸς
3510 5633 3652 5698 Θεός.

2094 5700 2259 5770 Editi,
2293 5705 2387 5757 καὶ
2419 5704 2449 5755 6
2476 5702 2637 5766 αὐτὸς
2665 5702 2797 5765 Θεός
