3810 6228
112 327 268 386 1009

1047 333 1136 388 DE
1177 333 1690 424 INCARNATIONE
1726 336 1815 392 ET
1856 335 2136 393 CONTRA
2173 338 2497 396 ARIANOS.

3245 339 3384 395 1010

112 446 350 502 κονιῶν
379 451 518 513 εισι,
546 448 653 532 ,καί
683 448 865 516 αὐτὸς
897 451 932 504 ό
963 450 1178 518 Κύριος
1197 468 1211 484 ο
1251 451 1352 506 καὶ
1386 451 1706 522 διαιρέσεις
1736 496 1744 518 γ

1827 464 2060 510 sanctum
2085 454 2298 532 operari
2325 453 2511 509 omnia
2546 452 2599 507 in
2623 452 2907 507 omnibus:
2936 451 3059 508 Haec
3080 460 3251 506 autem
3274 469 3387 506 om-

112 541 546 610 ἐνεργημὰτων
571 541 750 605 εἰσιν,
780 542 814 593 ό
835 539 904 592 δὲ
927 541 1110 607 αὐτὸς
1135 541 1278 608 Θεὸς
1306 545 1340 597 ὁ
1363 543 1619 613 ἐνεργῶν
1639 545 1712 600 τὰ

1827 546 1924 609 nia,
1960 543 2156 616 inquit’,
2184 555 2430 615 operatur
2462 560 2596 598 unus
2628 553 2781 613 atque
2809 544 2944 598 idem
2970 543 3221 614 Spiritus,
3249 545 3388 598 divi-

113 630 329 684 πάντα
351 631 422 684 ἐν
460 628 611 684 πᾶσι
630 629 768 701 (25).
797 629 1051 700 Είρηκὼς
1073 626 1188 698 οὖν,
1205 631 1286 684 ὅτι
1311 631 1339 683 6
1355 632 1547 704 Πατήρ
1565 635 1710 688 ἐστιν

1815 639 1942 694 dens
1964 641 2180 708 propria
2201 639 2422 709 singulis
2451 647 2604 706 prout
2635 637 2744 692 vult
2767 638 2832 692 ".

112 729 141 781 δ
207 726 455 796 ἐνεργῶν
484 725 554 778 τὰ
575 726 755 780 πάντα
797 727 855 779 ὲν
884 727 1039 790 πᾶσι,
1071 713 1178 779 καῖ
1217 727 1333 797 μετ’
1355 727 1532 797 ὀλίγον
1564 729 1712 798 λέγει
1749 731 1811 785 τὸ
1843 733 1996 802 ἅγιον
2030 734 2250 806 Πνεῦμα
2272 730 2408 786 εἷναι
2435 733 2498 788 τὸ
2523 731 2776 804 ἐνεργοῦν
2829 731 2899 785 τὰ
2947 732 3126 786 πάντα
3150 733 3206 784 ὲν
3229 733 3384 786 πᾶσι.

113 817 334 873 Πάντα
362 817 430 871 δὲ
464 817 669 881 ταῦτα,
699 817 881 890 φησὶν,
909 816 1142 886 ἐνεργεῖ
1159 818 1225 871 τὸ
1242 817 1311 871 ἓν
1339 817 1524 873 καὶτὸ
1551 821 1698 875 αὐτὸ
1737 823 1997 894 Πνεῦμα,
2033 825 2303 894 διαιροῦν
2331 824 2453 878 ἴδια
2482 822 2736 890 ἑκάστῳ,
2758 821 2950 888 καθὼς
2972 823 3279 887 βούλεται.

196 908 290 962 15.
325 908 432 960 Καὶ
459 908 548 960 ὅτε
580 907 678 978 μὲν
708 909 736 960 6
772 904 1041 978 μακάριος
1079 905 1291 972 Παῦλος
1323 907 1564 962 διδάσκει
1595 909 1707 979 (26)

113 1002 256 1072 περ).
295 999 392 1053 τοῦ
427 1000 580 1069 ἁγίου
614 998 948 1069 Πνεῦματος,
969 999 1050 1052 ὅτι-ι
1089 997 1346 1069 ἀρραϐὼν
1383 1000 1481 1070 τῆς
1513 1001 1714 1073 κληρο-

113 1093 324 1163 νομίας
352 1092 468 1144 ἐστὶ
503 1092 564 1144 τὸ
598 1091 820 1160 Πνεῦμα
857 1091 919 1144 τὸ
956 1091 1133 1158 ἆγιον,
1167 1091 1196 1142 6
1223 1090 1386 1144 Δαὸὶδ
1418 1092 1566 1160 λέγει
1621 1092 1713 1146 τὸν

114 1182 337 1254 Κύριον
384 1177 522 1234 εἷναι
568 1181 668 1250 τὴν
699 1180 1094 1250 κληρονομίαν·
1125 1180 1342 1246 Κύριος
1383 1179 1514 1252 γὰρ,
1558 1181 1712 1253 φησὶ,

114 1277 300 1346 μερὶς
329 1273 438 1343 τῆς
453 1272 853 1341 κληρονομίας
863 1288 982 1340 μου
997 1269 1098 1324 καὶ
1122 1270 1228 1325 τοῦ
1257 1271 1547 1340 ποτηρίου
1565 1289 1710 1342 μου.

116 1367 238 1420 Καὶ
263 1361 500 1433 ἀλλαχοῦ
552 1361 729 1430 λέγει·
779 1359 1099 1429 Ἐκέκραξα
1141 1359 1295 1430 πρὸς
1344 1359 1420 1413 σὲ
1447 1401 1464 1425 ,
1516 1362 1716 1431 Κύριε,

117 1453 291 1517 εἶπα,
322 1455 408 1518 oi),
433 1451 490 1508 εί
515 1456 553 1523 ἡ
577 1452 753 1518 ἐλπίς
777 1469 918 1521 μου,
940 1451 1112 1521 μερίς
1131 1469 1252 1521 μου
1283 1446 1340 1505 εἷ
1364 1452 1435 1506 ἐν
1461 1451 1540 1523 τῇ
1578 1451 1712 1513 ζών-

117 1567 267 1604 των.
299 1549 356 1602 '0
381 1547 437 1600 δὲ
464 1545 729 1617 Ἱερεμίας
752 1544 920 1614 λέγει,
943 1544 1026 1598 δτι
1054 1544 1118 1598 '0
1141 1543 1385 1610 πλάσας
1404 1546 1478 1598 τὰ
1493 1543 1730 1608 πάντα,

119 1642 318 1708 αὐτὸς
341 1639 708 1708 κληρονομία
736 1637 842 1692 τοῦ
880 1636 1079 1692 Ἰακὼϐ
1108 1636 1244 1709 (27),
1273 1638 1491 1706 Κύριος
1525 1637 1713 1706 ὄνομα

119 1727 316 1792 αὐτῷ.
349 1726 469 1779 Τῶν
493 1721 585 1780 οὖν
620 1724 912 1796 προφητῶν
947 1724 1039 1778 τὸν
1085 1725 1292 1796 Κύριον
1347 1726 1711 1798 κληρονομίαν

121 1817 404 1886 λεγόντων
423 1815 530 1869 τῶν
555 1816 747 1884 ἁγίων,
769 1819 798 1869 6
836 1816 1044 1882 Παῦλος
1064 1816 1125 1870 τδ
1151 1816 1307 1885 ἆγιον
1326 1817 1550 1888 Πνεῦμα
1580 1817 1712 1888 κλη-
1743 1810 1788 1868 Β

127 1910 395 1982 ρονομίαν
416 1905 552 1962 εἶναι
589 1905 742 1963 εἶπεν
760 1926 776 1940 °
813 1909 918 1964 Ἑν
942 1901 1010 1977 ᾧ,
1034 1910 1189 1979 φησὶ,
1213 1909 1313 1962 καὶ
1348 1909 1714 1963 πιστεύσαν-

122 2021 250 2069 τες,
285 2003 728 2072 ἐσφραγίσθητε
759 2001 871 2073 (28)
888 2001 969 2068 τῷ
999 2003 1299 2072 Πνεύματι
1331 2000 1440 2070 τῆς
1466 2003 1714 2073 ἐπαγγε-

123 2097 272 2161 λίας
299 2093 383 2161 τῷ
409 2095 572 2162 ἁγίῳ,
600 2094 634 2148 ὅ
663 2095 836 2148 ἐστιν
860 2093 1130 2163 ἀρραϐὼν
1162 2093 1272 2162 τῆς
1315 2095 1714 2163 κληρονομίας

127 2184 307 2254 ἡμῶν
325 2202 340 2217 ο
392 2184 468 2249 ὡς
502 2185 596 2238 καὶ
622 2183 823 2253 Μωσῆς
862 2183 926 2237 τὸ
954 2184 1246 2256 πρόσωπον
1275 2182 1612 2254 ὲσφραγίσθη
1636 2184 1713 2255 τῷ

129 2278 276 2348 ἁγίῳ
302 2275 600 2346 Πνεῦματι,
630 2276 719 2328 ὅτε
741 2274 899 2328 ἔλαϐε
929 2275 1091 2346 νόμον
1119 2273 1272 2345 παρὰ
1295 2272 1452 2338 Θεοῦ,
1491 2274 1584 2326 καὶ
1621 2275 1713 2327 οὐ-

126 2371 242 2432 δεὶς
289 2367 521 2437 ἠδύνατο
539 2365 686 2436 αὐτῷ
718 2366 961 2419 ἀτενίσαι
992 2365 1099 2419 τῶν
1133 2366 1262 2419 υἱῶν
1319 2365 1559 2438 Ἰσραήλ·
1585 2367 1714 2437 ἐση-

133 2459 348 2530 μειώθη
374 2458 483 2530 γὰρ
506 2460 591 2511 ἐπ’
621 2458 781 2511 αὑτὸν
804 2456 862 2510 τὸ
890 2457 1006 2526 φῶς
1029 2457 1124 2510 τοῦ
1166 2455 1456 2528 προσώπου
1483 2457 1708 2528 Κυρίοψ

128 2551 207 2614 ὡς
237 2551 334 2604 καὶ
374 2551 431 2602 ὲν
464 2548 542 2619 τῷ
565 2549 879 2619 Εὐαγγελίῳ
909 2549 1217 2620 γέγραπται
1270 2547 1378 2618 (29)
1400 2565 1413 2578 ·
1467 2547 1609 2602 Τότε
1660 2551 1714 2603 οἱ

130 2645 358 2698 δίκαιοι
393 2640 821 2711 ἐκλάμψουσιν
839 2642 920 2706 ὡς
949 2644 981 2694 ό
1004 2640 1178 2708 ἣλιος
1209 2641 1278 2694 ἐν
1307 2639 1384 2710 τῇ
1423 2641 1715 2708 ,βασιλείᾳ

131 2737 242 2791 τοῦ
267 2735 501 2804 Πατρός
525 2732 744 2788 αὐτῶν.
795 2734 852 2786 Ὁ
885 2731 1017 2797 Θεὸς
1040 2732 1148 2804 γὰρ
1173 2725 1287 2802 φῶς
1311 2735 1458 2786 ἐστιν
1477 2751 1490 2764 ο
1516 2733 1715 2802 ὁμοίως

132 2829 191 2883 δὲ
217 2828 315 2882 καὶ
335 2829 365 2880 6
397 2826 521 2889 Υἱὸς
548 2825 662 2895 φῶς
686 2826 800 2878 ἐστι
830 2824 960 2895 (50),
1007 2823 1140 2877 διότι
1184 2825 1283 2895 τῆς
1317 2822 1486 2894 αὐτῆς
1529 2823 1716 2886 οὐσίας

133 2924 256 2975 ἐστὶ
282 2919 378 2974 τοῦ
411 2918 665 2990 ἀληθινοῦ
689 2917 885 2988 φωτὸς,
913 2916 987 2981 ὡς
1007 2916 1100 2970 καὶ
1141 2917 1368 2979 Ἡσαΐας
1389 2916 1569 2983 λέγει·
1600 2914 1715 2968 Καὶ

134 3013 310 3068 ἔσται
339 3011 406 3066 τὸ
435 3009 560 3080 φῶς
603 3010 711 3064 τοῦ
769 3007 1004 3076 Ἰσραὴλ
1033 3008 1114 3073 ὡς
1143 3005 1284 3075 πῦρ,
1337 3007 1436 3060 καὶ
1484 3005 1716 3075 ἀγιάσει

134 3104 327 3159 αὐτὸν
349 3103 421 3156 ἐν
457 3101 637 3171 φλογὶ
672 3099 993 3168 καιομένη.
1053 3098 1141 3150 Ἐν
1183 3097 1240 3150 δὲ
1288 3095 1365 3167 τῷ
1393 3095 1710 3166 Εὑαγγελίῳ

149 3196 407 3266 Ἰωάννης
497 3164 965 3260 Βειιῖιτισετὴςᾶή)⁷
996 3187 1143 3256 λέγει
1169 3187 1296 3258 περὶ
1337 3164 1430 3241 ποῦ
1471 3164 1720 3257 Κυρίου·Δ
1745 3164 1788 3222 C

134 3287 326 3351 Αὐτὸς
346 3283 504 3354 ὑμᾶς
525 3283 810 3348 βαπτίσει
837 3281 907 3334 ἐν
931 3279 1227 3347 Πνεύματι
1245 3277 1392 3346 ἁγίῳ
1411 3275 1510 3330 καὶ
1549 3276 1713 3344 πυρί.

151 3374 412 3446 ’Δλλαχοῦ
439 3374 498 3426 δὲ
529 3372 678 3447 λέγει
700 3372 788 3425 τὸν
813 3369 1016 3442 Κύριον
1051 3369 1144 3422 τὸν
1202 3365 1528 3436 ἁγιάζον-τα*
1579 3364 1718 3436 Ἐγὼ

139 3470 357 3536 Κύριος
386 3469 418 3520 ό
446 3463 694 3536 ἁγιάζω·
720 3464 961 3528 αὐτούς.
987 3461 1099 3514 Καὶ
1135 3461 1223 3514 ὅτε
1252 3459 1343 3513 τὸν
1383 3458 1516 3512 Θεὸν
1563 3459 1718 3513 καλει

141 3560 254 3632 πῦρ
275 3563 310 3632 ἡ
325 3561 538 3632 Γραφή·
556 3560 616 3613 '0
631 3557 779 3628 Oedc
796 3553 964 3624 ἡμῶν
978 3554 1097 3623 πῦρ
1115 3552 1563 3607 καταναλίσκον
1583 3548 1715 3622 (32),

140 3651 344 3723 ὁμοίως
375 3648 616 3721 καὶπερὶ
635 3647 728 3701 τοῦ
759 3645 1076 3717 Πνεύματος
1101 3642 1196 3698 τοῦ
1227 3643 1386 3712 ἁγίου
1419 3642 1567 3711 λέγει
1586 3658 1599 3672 ·
1637 3641 1718 3694 ὅτι

146 3745 460 3812 Ὠερθησαν
480 3740 604 3806 τοῖς
631 3738 994 3802 ἀποστόλοις
1019 3732 1481 3804 διαμεριζόμεναι
1527 3729 1720 3801 γλῶσ-

143 3852 247 3890 σαι
275 3833 419 3887 ὠσεὶ
437 3831 646 3900 πυρὸς,
690 3828 938 3884 ἐκάθισέ
959 3843 1024 3882 τε
1043 3826 1135 3896 ἐφ’
1176 3825 1284 3879 ἕνα
1323 3823 1583 3880 ἕκαστον
1615 3824 1721 3876 αὐ-

143 3927 284 3991 τῶν,
309 3927 408 3981 καὶ
432 3924 833 3991 ἐπλήσθησαν
858 3920 1120 3986 ἅπαντες
1140 3917 1486 3986 Πνεύματος
1523 3915 1717 3985 ἁγίου,

143 4020 246 4074 καί
275 4017 538 4086 ἤρξαντο
587 4014 801 4074 ,λαλεῖν
851 4010 1080 4081 ἑτέρως
1128 4008 1437 4079 γλώσσαις
1459 4046 1475 4071 ,
1527 4005 1722 4072 καθὼς

142 4112 211 4165 τὸ
243 4110 489 4178 Πνεῦμα
527 4102 733 4161 ἐδίδου
777 4103 980 4169 αὐτοῖς
1033 4101 1534 4171 ἀποφθέγγεσθαι.
1563 4099 1721 4152 Ὅσοι

146 4203 258 4276 γὰρ
291 4202 403 4270 (53)
430 4199 655 4270 Πνεῦμα
686 4194 822 4251 Θεοῦ
868 4193 1113 4266 φοροῦσι,
1171 4193 1285 4260 φῶς
1335 4189 1559 4262 φοροῦσι
1582 4203 1597 4219 ⁹
1627 4191 1724 4244 καὶ

146 4299 195 4351 οἱ
223 4292 514 4366 φοροῦντες
557 4289 672 4360 φῶς
700 4287 934 4359 Χριστόν
969 4287 1104 4338 είσιν
1139 4283 1472 4354 ἐνδεδυμένοι
1491 4297 1506 4312 ’
1542 4281 1642 4335 καὶ
1669 4283 1718 4336 oi

147 4383 485 4455 ἐνδεδυμένοι
512 4379 744 4452 Χριστὸν
772 4377 992 4449 Πατέρα
1015 4375 1336 4429 ὲνδέδυνται.
1371 4373 1469 4428 Δεῖ
1500 4374 1611 4443 γὰρ
1649 4373 1717 4428 τὸ

1886 915 1974 972 15.
2005 915 2070 970 Et
2107 931 2230 971 cum
2261 915 2555 984 Apostolus
2593 915 2787 970 doceat
2827 911 3088 983 Spiritum
3133 921 3384 968 sanctum

1813 1021 1935 1064 esse
1962 1009 2160 1080 pignus
2187 1008 2554 1075 haereditatis;
2581 1007 2748 1062 David
2772 1006 2924 1073 dicit,
2948 1007 3238 1061 Dominum
3265 1022 3386 1061 esse

1812 1102 1965 1157 illam
1994 1102 2361 1158 hareditatem
2397 1120 2409 1156 :
2443 1117 2567 1157 nam
2604 1101 2878 1164 Dominus,
2901 1100 3097 1171 inquit,
3123 1117 3244 1169 pars
3273 1101 3384 1155 ha?-

1816 1190 2057 1249 reditatis
2092 1209 2220 1248 meae
2251 1202 2302 1248 et
2328 1193 2507 1247 colicis
2537 1193 2638 1247 mei
2662 1192 2730 1248 ³ο.
2756 1191 2821 1246 Et
2849 1190 2978 1247 alibi
3007 1191 3082 1246 ait
3107 1209 3120 1244 :
3148 1190 3386 1246 Clamari

1815 1283 1886 1337 ad
1920 1291 1990 1350 te,
2027 1283 2287 1350 Domine;
2310 1285 2424 1338 dixi
2447 1299 2466 1338 :
2497 1282 2575 1338 Tu
2599 1300 2650 1338 es
2673 1299 2786 1353 spes
2823 1298 2958 1344 mea,
2983 1283 3156 1350 portio
3181 1298 3298 1337 mea
3331 1284 3387 1335 in

1817 1385 1959 1429 terra
2007 1376 2287 1430 viventium
2321 1376 2388 1428 ³¹.
2424 1373 2689 1431 Jeremias
2733 1389 2864 1429 vero
2917 1373 3090 1429 dicit:
3122 1372 3225 1438 Qui
3273 1374 3387 1442 for-

1817 1468 1981 1521 mavit
2020 1468 2218 1534 omnia,
2246 1468 2354 1536 ipse
2405 1475 2483 1522 est
2536 1467 2817 1521 hwreditas
2865 1464 3070 1533 Iacob,
3131 1463 3387 1518 Dominus

1816 1571 2002 1609 nomen
2032 1555 2112 1609 illi
2148 1557 2214 1609 ³⁸.
2251 1554 2534 1626 Prophetis
2574 1571 2724 1626 ergo,
2759 1554 3048 1610 Dominum
3101 1568 3225 1610 esse
3265 1569 3391 1608 san-

1816 1653 2032 1703 ctorum
2088 1647 2492 1709 hereditatem,
2550 1645 2856 1702 dicentibus
2887 1686 2903 1712 ,
2952 1643 3154 1700 Paulus
3215 1643 3390 1716 Spiri-

1817 1747 1930 1794 tum
1975 1747 2223 1795 sanctum
2263 1739 2627 1794 haereditatem
2667 1753 2788 1794 esse
2824 1737 2997 1792 dixit:
3032 1735 3100 1790 In
3127 1753 3263 1807 quo,
3305 1737 3391 1792 in-

1818 1829 1957 1900 quit,
1987 1839 2040 1884 et
2077 1831 2340 1885 credentes
2371 1830 2567 1900 signati
2623 1830 2747 1883 estis
2780 1827 2986 1898 Spiritu
3025 1829 3388 1898 promissionis

1817 1929 2022 1988 sancto,
2056 1923 2146 1992 qui
2185 1930 2262 1976 est
2298 1923 2485 1992 pignus
2534 1921 2859 1975 ltwreditatis
2899 1919 3179 1975 nostra”.
3233 1917 3301 1973 Ut
3337 1929 3390 1974 et

1817 2013 2029 2085 Moyses
2049 2014 2103 2068 in
2135 2013 2273 2070 facie
2299 2014 2548 2085 signatus
2563 2021 2648 2068 est
2675 2011 2878 2081 Spiritu
2911 2021 3123 2076 sancto,
3153 2025 3278 2065 cum
3299 2025 3389 2064 ac-

1819 2107 1963 2176 cepit
1987 2106 2157 2174 legem
2187 2121 2218 2161 a
2244 2106 2374 2171 Deo,
2411 2113 2466 2159 et
2489 2103 2675 2160 nullus
2717 2103 2950 2158 ﬁliorum
2983 2102 3152 2158 Israel
3178 2110 3390 2172 poterat

1819 2215 1943 2256 eum
1969 2199 2170 2255 intueri
2187 2199 2232 2231 “
2253 2218 2266 2255 :
2289 2199 2563 2269 signatum
2586 2197 2731 2253 enim
2750 2205 2866 2252 erat
2881 2211 3046 2267 super
3061 2211 3186 2251 eum
3204 2197 3389 2250 lumen

1818 2291 2001 2347 vultus
2051 2291 2266 2346 Domini
2292 2309 2306 2345 :
2335 2299 2396 2344 ut
2450 2299 2510 2346 et.
2544 2289 2597 2343 in
2624 2288 2918 2358 Evangelio
2964 2287 3227 2357 scriptum
3259 2293 3342 2340 est
3372 2306 3383 2339 :

1823 2383 1967 2439 Tunc
2001 2384 2141 2454 justi
2189 2382 2460 2454 fulgebunt
2500 2382 2636 2435 sicut
2688 2379 2767 2433 sol
2805 2383 2861 2433 in
2899 2395 3055 2451 regno
3087 2378 3269 2432 Patris
3297 2392 3388 2430 eo-

1819 2493 1938 2530 rum
1965 2476 2032 2530 ²³.
2067 2477 2207 2530 Deus
2227 2463 2374 2530 enim
2414 2474 2505 2527 lux
2532 2480 2615 2526 est
2644 2486 2792 2536 vera,
2820 2470 3068 2525 similiter
3097 2468 3266 2524 Filius
3295 2470 3388 2523 lux

1819 2577 1926 2632 est,
1956 2567 2085 2639 quia
2110 2573 2196 2622 est
2217 2565 2462 2637 ejusdem
2490 2565 2808 2619 substantiae
2835 2571 3000 2632 atque
3027 2577 3154 2617 vera
3183 2563 3298 2626 lux,
3329 2570 3390 2616 ut

1820 2669 1873 2714 et
1901 2661 2068 2714 Isaias
2097 2658 2336 2738 loquitur
2367 2675 2380 2712 :
2405 2657 2475 2711 Et
2495 2658 2596 2711 erit
2619 2657 2713 2710 lux
2740 2655 2911 2710 Israel
2932 2664 2992 2708 ut
3018 2656 3229 2724 ignis,et
3261 2672 3388 2708 san-

1820 2751 2076 2821 ctiﬁcabit
2099 2751 2250 2804 illum
2272 2751 2325 2804 in
2351 2751 2567 2818 ﬂamma
2590 2749 2803 2802 ardente
2818 2748 2883 2801 ³⁸.
2901 2747 2958 2801 ln
2983 2739 3275 2815 Evangelio
3294 2761 3393 2799 au-

1821 2853 1928 2898 tem
1955 2841 2194 2898 Joannes
2235 2841 2476 2911 Baptista
2501 2841 2568 2896 de
2598 2840 2828 2894 Domino
2852 2839 2927 2892 ait
2952 2857 2965 2892 :
3021 2837 3136 2906 Ipse
3159 2855 3246 2891 vos
3295 2836 3388 2888 ba-

1820 2933 2045 3002 ptizabit
2071 2933 2127 2986 in
2155 2931 2358 3003 Spiritu
2380 2939 2562 2986 sancto
2587 2938 2638 2983 et
2675 2930 2794 2999 igne
2815 2929 2880 2982 ³⁷.
2913 2927 3052 2981 Alibi
3071 2940 3252 2981 autem
3281 2925 3388 2978 Do-

1820 3024 2032 3079 minum
2081 3023 2212 3078 dicit
2238 3021 2698 3079 sanctiﬁcantem:
2733 3018 2846 3089 Ego
2869 3016 3127 3072 Dominus
3151 3017 3240 3086 qui
3265 3031 3392 3069 san-

1823 3114 1996 3184 cti/ica
2024 3119 2110 3168 eos
2133 3113 2199 3166 ³⁸.
2232 3111 2300 3170 Et
2332 3127 2456 3167 cum
2491 3109 2773 3179 Scriptura
2806 3108 2972 3163 Deum
2999 3109 3174 3178 ignem
3200 3115 3390 3160 vocet:

1823 3203 1964 3260 Deus
1991 3215 2166 3258 noster
2192 3203 2331 3273 ignis
2370 3215 2676 3255 consumens
2693 3209 2770 3254 est
2791 3198 2868 3264 ⁸⁹;
2902 3199 3154 3252 similiter
3182 3198 3248 3250 de
3273 3195 3394 3265 Spi-

1808 3297 1932 3367 ‘ritu
1975 3309 2194 3364 quoque
2244 3301 2436 3348 sancto
2484 3291 2667 3346 dicit:
2717 3288 3084 3358 Apparuerunt
3139 3286 3391 3354 apostolis

1823 3384 2334 3455 dispertittelingute
2359 3391 2610 3450 tanquam
2640 3378 2798 3448 ignis,
2827 3377 3062 3446 seditque
3097 3391 3257 3443 supra
3277 3376 3391 3429 sin-

1824 3479 1972 3552 gulos
1994 3493 2194 3543 eorum,
2231 3485 2280 3530 et
2306 3474 2491 3543 repleti
2515 3482 2636 3527 sunt
2662 3487 2840 3525 omnes
2873 3468 3077 3539 Spiritu
3105 3477 3311 3532 sancto,
3342 3479 3391 3521 et

1823 3576 2084 3639 coeperunt
2109 3566 2253 3635 loqui
2287 3565 2446 3618 variis
2495 3563 2709 3632 linguis,
2731 3568 2886 3630 prout
2919 3557 3150 3627 Spiritus
3179 3567 3392 3609 sanctus

1823 3663 1984 3716 dabat
2024 3659 2195 3730 eloqui
2232 3657 2342 3711 illis
2376 3656 2441 3710 ⁸ο.
2472 3653 2793 3723 Quicunque
2824 3651 2967 3706 enim
3011 3648 3273 3718 Spiritum
3300 3647 3391 3701 Dei

1826 3771 2039 3836 gerunt,
2073 3762 2261 3814 lumen
2291 3765 2524 3828 gerunt;
2556 3764 2610 3810 et
2640 3751 3147 3825 quicunquelumen
3178 3758 3391 3820 gerunt.

1823 3863 2103 3920 Christum
2131 3861 2306 3916 induti
2334 3869 2480 3926 sunt,
2521 3868 2574 3914 et
2602 3859 2694 3928 qui
2728 3856 3008 3912 Christum
3040 3854 3216 3909 induti
3245 3862 3391 3914 sunt,

1823 3967 2038 4022 Patrem
2087 3979 2305 4035 quoque
2342 3961 2520 4017 induti
2561 3969 2707 4016 sunt.
2753 3957 2968 4028 Oportet
3000 3959 3159 4023 enim,
3197 3958 3392 4027 inquit,

1825 4068 2162 4140 corruptibile
2203 4068 2298 4121 hoc
2343 4067 2558 4122 induere
2595 4065 3058 4135 incorruptionem,
3088 4071 3137 4118 et
3175 4064 3395 4116 mortale

1825 4172 1920 4226 hoc
1969 4171 2186 4226 induere
2233 4168 2690 4223 immortalitatem
2714 4166 2778 4220 “.
2809 4165 2912 4232 Qui
2950 4164 3095 4220 enim
3131 4161 3392 4233 Spiritum

1823 4268 1920 4324 Dei
1951 4275 2183 4340 gestant,
2219 4265 2781 4338 incorruptibilitatem
2811 4271 3056 4336 gestant;
3086 4261 3230 4319 Deus
3249 4263 3392 4318 enim

1832 4372 2315 4442 incorruptibilitas
2343 4379 2446 4426 est.

216 4495 264 4527 ¹⁹
306 4492 474 4548 lCor.
505 4504 606 4554 xu,
639 4489 729 4542 Η.
803 4487 863 4520 ³⁰η
889 4483 1036 4542 Psal.
1070 4499 1163 4550 xv,
1203 4483 1256 4538 5.
1332 4483 1378 4516 ³³
1414 4481 1577 4554 Psal._
1593 4496 1738 4554 cant,

1900 4482 1944 4554 θ’
1987 4479 2188 4554 ῘΘΓΘῘΠ.
2217 4497 2272 4547 ι,
2290 4481 2392 4554 16.
2464 4480 2512 4554 ³Α³
2550 4479 2750 4550 Ephes.
2780 4495 2820 4554 ι,
2853 4478 3061 4554 15,_l{.
3136 4477 3181 4509 ³⁸
3223 4475 3388 4554 Εἰ(ξῷ

155 4578 343 4626 xxxw,
373 4563 465 4616 50.
545 4561 590 4592 ³⁸
627 4557 816 4626 Matth.
845 4573 964 4626 xiii,
995 4555 1085 4610 45.

151 4634 197 4665 ⁸⁸
234 4624 356 4688 Act.
395 4647 456 4696 ll,
481 4630 617 4696 5,4.
693 4629 738 4659 “
781 4625 958 4682 lCor.
989 4641 1080 4691 xv,
1117 4624 1207 4679 55.

223 4752 339 4821 (25)
382 4749 525 4821 Editi
566 4745 1027 4821 etquamplurimi
1070 4741 1449 4821 manuscripti,
1477 4741 1720 4821 évméiot,

153 4811 247 4880 καὶ
281 4811 397 4892 μετ’
427 4820 585 4892 δλίγα
618 4811 1062 4892 omissis'mediis
1086 4812 1590 4892 quzenleguplurjn
1607 4811 1721 4864 An-

151 4879 381 4964 alica'no.
426 4879 563 4964 llud.
607 4888 757 4952 eiliti,
799 4885 914 4964 μεςε’
948 4879 1119 4964 ὀλίγοι
1146 4879 1434 4964 πάλινξνότι
1474 4879 1536 4932 τὸ
1567 4881 1722 4961 ᾇγιον

151 4951 376 5030 Πνεῦμὰ
422 4961 538 5012 ἐστι
586 4951 1268 5030 gum'quiliusilantmss.
1299 4951 1410 5030 Eos
1440 4951 1724 5030 sequimur

153 5033 192 5088 S
212 5051 276 5101 ig.
301 5019 472 5085 'Gobl.
503 5039 559 5084 et
586 5019 826 5085 Felckm.
854 5025 905 5078 1.
937 5023 1060 5079 Mox
1092 5021 1214 5094 Seg.
1251 5022 1422 5089 solus,
1453 5019 1640 5074 Ταῦτα
1661 5019 1720 5072 δέ

152 5119 335 5240 φηεὲἔ)
377 5167 468 5243 Sic
499 5167 629 5243 δρα.
660 5173 718 5243 et
749 5165 833 5243 ita_
853 5160 1474 5243 legit_blannittg._§ohl.
1515 5172 1651 5243 uero
1669 5165 1724 5243 et

151 5228 390 5298 Felt-ktn.
436 5241 485 5302 ι,
505 5228 1198 5300 ὀ“⁴Απόστολοςνδιδάσκει.
1233 5232 1376 5285 Editi
1408 5240 1463 5285 et
1498 5229 1613 5302 alii,
1635 5228 1724 5302 is.

151 5332 236 5382 γει
266 5313 295 5364 6
329 5298 860 5382 panaptogﬂaﬁltog.
892 5298 1040 5382 lnl‘ra
1083 5306 1206 5374 Seg.
1257 5302 1404 5382 ἐστὶν
1443 5299 1600 5382 ήμῶν
1664 5298 1728 5350 τὸ·

153 5373 396 5450 Πνεῦμα.
429 5373 569 5432 Ιιιίἰο
603 5381 656 5432 in
683 5379 870 5450 eodem
903 5376 1011 5446 γάρ
1037 5373 1323 5450 anteis-qm.
1360 5373 1530 5450 deest.

225 5440 336 5518 (ει)
376 5449 453 5503 lta
499 5463 692 5503 omnes
737 5447 850 5518 fere
874 5440 1054 5518 _ms's.,
1076 5440 1212 5518 editi
1236 5440 1375 5518 vero
1397 5440 1476 5511 τῷ
1505 5441 1725 5518 Ἰακώϐ.

159 5511 278 5576 Mox
308 5511 434 5588 Seg.
469 5519 626 5572 Golil.
662 5524 714 5588 et
747 5515 995 5588 Felckmi
1016 5516 1068 5588 i,
1097 5514 1207 5588 τῶν
1233 5511 1431 5581 γοῦνῖ..
1457 5513 1728 5588 κληρονο-

157 5581 624 5661 μίανπὸιῖΚύριρν
648 5586 757 5642 τῶν
781 5586 952 5655 ἁγίων
991 5581 1132 5652 εἶναι
1151 5583 1432 5652 λεγόντων.
1455 5581 1725 5652 Μοχδρε.

156 5658 250 5732 ἐπὴν
283 5658 666 5732 κληρονομίαν.
788 5724 801 5732 Δ
841 5724 860 5732 _
1062 5722 1115 5732 __
1396 5722 1450 5732 η
1503 5725 1525 5732 _
1570 5721 1595 5732 _,
1665 5700 1678 5717 -

232 5730 344 5800 (28)
376 5721 538 5799 ’Βθε.,
568 5724 1031 5798 ὲσφραγίσθημεν.
1062 5722 1206 5780 Idem
1232 5736 1376 5789 mox,
1396 5721 1651 5791 Μωῦσῆς.

1196 4554 1240 4585 ³ο
1278 4555 1385 4610 lsa.
1422 4569 1478 4619 ι,
1513 4552 1601 4607 17.
1678 4552 1722 4584 ³⁷
1763 4551 1951 4608 Matth.
1983 4567 2066 4619 tu,
2096 4551 2184 4606 11.

2285 4552 2333 4584 ³⁸
2369 4549 2540 4606 Levit.
2566 4547 2705 4618 x'xn,
2742 4549 2828 4606 16.
2928 4549 2970 4581 ³⁸
3011 4547 3168 4603 Deut.
3196 4564 3268 4613 ιν,
3303 4549 3388 4602 24.

1899 4740 2013 4811 (29)
2051 4740 2408 4797 Goblerianus
2433 4750 2488 4795 et
2516 4735 2754 4794 Felckm.
2785 4737 2839 4804 1,
2881 4736 3196 4807 Εὑαγγελίῳ
3225 4739 3356 4808 φησί
3379 4758 3389 4768 ·

1828 4811 2014 4950 Τόῖἕὸ)
2052 4878 2264 4949 Anglic.
2310 4878 2433 4949 Seg.
2473 4878 2628 4950 Gobl.
2657 4875 3069 4950 et_F_elckm.__i,
3107 4831 3395 4950 φῶςέσ-ειν

1826 4945 2076 5022 ἀληθινὸν
2102 4945 2196 5022 καὶ
2224 4950 2284 5003 τὸ
2298 4945 2836 5022 Πνεῦμα-φῶςβόὶιί
2863 4956 2927 5022 et_
2949 4947 3069 5022 alii,
3086 4947 3205 5022 φῶς
3228 4949 3391 5001 ἐστιν.
3480 4965 3486 4973 ·

1839 5015 2068 5092 Ὁμοίως
2083 5021 2270 5092 δὲκαὶ
2302 5015 2592 5092 Υίὸςφῶς,
2611 5017 2776 5092 dubia
2807 5016 2986 5092 lectio.
3020 5015 3141 5092 Mox
3173 5015 3392 5092 Sugitur.

1827 5085 2044 5147 Go'bler.
2082 5090 2318 5150 Felckm.
2350 5093 2403 5155 1,
2446 5085 2546 5158 τῆς
2593 5088 2761 5158 αὐτῆς
2809 5086 3015 5150 οὐσίας.
3064 5085 3121 5140 ιιι
3161 5087 3321 5142 editis
3347 5097 3398 5140 et

1830 5161 1951 5217 aliis
1982 5162 2134 5232 deest
2167 5161 2354 5232 αὐτῆς.

1901 5232 2012 5302 (51)
2053 5230 2241 5302 Basil.,
2270 5224 2683 5302 ε’ὑαγγελιστής.
2723 5225 2847 5281 Mox
2875 5224 3031 5280 Gobl.
3059 5233 3114 5279 et
3142 5225 3320 5281 Felck.
3351 5228 3395 5291 l,

1831 5300 2090 5374 περὶλτοῦ
2112 5301 2367 5374 Χριστοῦ.

1928 5371 2016 5441 52)
2058 5365 2442 5441 Seguerianus,
2478 5365 2872 5441 καταναλίσκον
2901 5365 3068 5441 εστίν.

1897 5435 2009 5512 (55)
2048 5435 2162 5512 rei;
2191 5441 2344 5496 deest
2386 5442 2438 5492 in
2473 5435 3150 5512 Galileriano‘et_Felt-ktn.
3195 5435 3391 5512 prium.
3455 5486 3475 5508 ο

1823 5502 2026 5568 Ibidem
2077 5502 2464 5579 Séguerianus,
2504 5506 2734 5579 _IIveiip.a
2782 5505 2917 5579 Θεοῦ
2970 5502 3213 5579 φοροῦσι,
3267 5505 3397 5579 Θίίν

1826 5575 2226 5706 egeant-[xui
2268 5583 2318 5634 ot
2365 5575 2743 5652 φοροῦντεςτὸ
2772 5575 2906 5645 φῶς.
2939 5575 3081 5632 Infra
3113 5577 3277 5642 idem,
3310 5578 3398 5625 Δεῖ

1826 5671 1859 5706 γ
1904 5670 1953 5706 o.
1984 5667 2096 5706 φησ
2122 5692 2134 5705 .

1826 5667 2134 5723 γαρνφησμ
