3810 6228
437 343 569 400 {Oli

1027 345 1084 399 s.
1129 321 1497 398 ATHAN'Asn
1538 343 1687 398 opp.
1727 345 1906 400 PARS
1944 345 1983 401 ι.
2024 375 2091 386 -
2128 344 2486 401 HISTORICA
2529 345 2618 402 E'l‘
2653 343 3068 400 DOGMATICA.

3544 341 3702 395 1012

435 461 696 531 φθαρτὸν
722 459 894 514 τοῦτο
942 461 1311 516 ἐνδύσασθαι
1367 462 1727 530 ἀφθαρσίαν,
1789 463 1888 516 καὶ
1937 463 2004 516 τό
2043 463 2265 532 θνητὸν
2290 464 2467 519 τοῦτο
2522 463 2891 518 ἐνδύσασθαι
2922 460 3286 517 ἀθανασίαν.
3325 460 3388 513 Οἱ
3429 457 3544 529 γὰρ
3604 475 3691 527 φο

437 551 656 622 ροῦντες
685 540 754 602 τὺ’
775 551 998 621 Πνεῦμα
1034 550 1126 603 τοῦ
1173 549 1307 603 Θεοῦ
1357 551 1662 622 ἀφθαρσίαν
1709 553 1964 623 φοροῦσιν
1983 569 1997 584 °
2037 553 2313 626 ἀφθαρσία
2343 554 2399 607 δέ
2431 555 2576 606 ἐστιν
2597 555 2626 606 6
2654 553 2804 615 Θεός.

507 637 684 693 16.Ει
736 653 860 691 cum
915 641 1031 692 haec
1077 636 1244 691 David
1289 638 1569 707 loquitur:
1609 637 1766 692 Multi
1795 640 1998 703 dicunt,

2173 642 2258 696 16.
2292 643 2402 696 Καὶ
2433 643 2521 696 ὅτε
2552 641 2697 713 λέγει
2738 641 2934 693 Δαϐίδο
2982 639 3207 694 Πολλοὶ
3254 638 3504 708 λέγουσι
3526 680 3543 704 ,
3589 640 3705 705 Τις

435 730 569 794 Quis
597 730 821 781 ostendit
854 728 999 781 nobis
1035 728 1170 781 bona
1193 727 1274 780 “?
1306 729 1357 783 id
1380 729 1446 782 de
1487 727 1690 798 Spiritu
1711 739 1898 784 sancto
1927 729 2007 782 lo-

432 819 639 887 quitur,
666 817 902 887 alibique
942 818 1016 872 ait
1047 835 1062 871 :
1093 817 1354 873 Dominus
1399 835 1501 872 non
1552 820 1840 872 retardabit
1875 821 2008 874 bona

431 907 506 960 eis
525 907 613 976 qui
633 907 908 960 ambulant
930 908 982 959 in
1007 907 1304 960 innocentia
1317 907 1382 960 ".
1403 906 1702 976 Itidemque
1722 906 2008 963 Matthteus

430 999 499 1052 de
533 997 692 1052 Patre
719 1000 799 1052 sic
829 999 904 1052 ait
935 1018 947 1052 :
983 998 1043 1053 Si
1065 1000 1229 1068 igitur
1254 1015 1342 1052 vos
1369 1015 1487 1052 cum
1508 999 1625 1052 sitis
1661 999 1808 1064 mali,
1842 1000 2006 1054 nostis

431 1087 567 1142 bona
605 1088 735 1142 data
778 1089 906 1142 dare
946 1087 1075 1158 ﬁliis
1121 1091 1344 1153 vestris;
1373 1099 1569 1159 quanto
1620 1092 1792 1160 magis
1845 1091 2008 1144 Pater

430 1190 596 1232 vester
634 1180 725 1249 qui
772 1180 829 1232 in
869 1180 1012 1234 caelis
1059 1188 1158 1244 est,
1195 1179 1341 1233 dabit
1365 1179 1501 1232 bona
1533 1181 1824 1249 petentibus
1854 1198 1912 1235 se
1939 1181 2004 1238 “.

431 1267 608 1323 Lucas
646 1285 777 1323 vero
818 1270 1054 1339 idipsum
1091 1287 1390 1333 enarrans,
1427 1271 1512 1325 his
1541 1271 1720 1326 verbis
1750 1272 2005 1341 quidnam

430 1359 541 1413 sint
569 1359 661 1412 illa
686 1359 827 1413 bona
861 1359 1098 1429 explicat
1130 1377 1142 1412 :
1171 1358 1230 1414 Si
1253 1361 1413 1430 igitur
1435 1377 1521 1414 vos
1550 1377 1666 1413 cum
1709 1363 1825 1415 sitis
1855 1363 2005 1428 mali,

430 1450 596 1503 nostis
617 1449 749 1502 bona
769 1449 898 1503 data
920 1450 1047 1503 dare
1064 1450 1192 1519 ﬁliis
1211 1452 1414 1514 vestris,
1432 1461 1632 1520 quanto
1653 1454 1819 1522 magis
1844 1452 2008 1508 Pater

427 1549 593 1593 vester
617 1541 708 1610 qui
735 1542 792 1593 in
817 1540 959 1593 caelis
987 1551 1084 1605 est,
1115 1541 1263 1596 dabit
1291 1541 1552 1610 Spiritum
1577 1552 1816 1595 sanctum
1848 1543 2010 1614 706

427 1631 718 1699 petentibus
749 1648 803 1686 se
828 1631 893 1683 ⁸³.
928 1629 1043 1686 Nisi
1069 1632 1216 1686 enim
1241 1632 1478 1701 Spiritus
1507 1642 1728 1688 sanctus
1755 1634 2009 1690 substan-

428 1723 520 1777 tia:
568 1722 716 1778 illius
760 1733 906 1780 esset
948 1726 1044 1795 qui
1070 1725 1222 1780 solus
1253 1725 1432 1780 bonus
1463 1733 1567 1790 est,
1596 1740 1876 1795 nunquam
1909 1727 2007 1780 bo-

426 1828 533 1868 nus
573 1824 798 1870 vocatus
834 1815 1064 1884 fuisset,
1098 1832 1221 1871 cum
1257 1817 1372 1886 ipse
1413 1815 1680 1872 Dominus
1720 1817 2008 1886 prohibeat

425 1919 488 1959 se
515 1905 702 1958 vocari
739 1905 965 1974 bonum,
983 1916 1253 1976 quatenus
1277 1907 1440 1961 homo
1466 1916 1604 1974 erat,
1629 1907 1846 1962 dicens:
1866 1906 2008 1972 Quid

2107 732 2287 797 δείξει
2317 733 2429 802 (54)
2462 732 2607 801 ἡμῖν
2631 732 2704 785 τὰ
2730 729 2954 800 dmﬁd;
2980 727 3220 801 περὶτοῦ
3243 727 3399 798 ἁγίου
3423 728 3700 798 Πνεῦμα·

2103 840 2195 886 τος
2215 823 2394 892 λέγει·
2421 823 2517 874 καὶ
2561 820 2797 890 ἀλλαχοῦ
2828 819 3018 891 εἴρηκε
3044 837 3058 851 ο
3108 817 3316 889 Κύριος
3345 820 3460 888 οὐχ
3504 821 3706 872 ὑστε-

2097 912 2278 982 ρήσει
2331 914 2404 964 τὰ
2445 911 2636 980 ἀγαθὰ
2686 909 2811 976 τοῖς
2859 908 3287 978 πορευομένοις
3319 908 3390 961 ἐν
3435 909 3699 975 ἀκακὶᾳ.

2106 1007 2216 1059 Καὶ
2249 1005 2571 1067 ὁΜατθαϊος
2604 1001 2848 1074 περὶτοῦ
2873 1001 3086 1074 Πατρὸς
3144 999 3287 1054 οὕτω
3335 1001 3454 1071 (55)
3493 1000 3658 1068 λέγει
3681 1016 3699 1029 ·

2101 1099 2171 1152 Et
2202 1095 2314 1152 οὖν
2333 1095 2519 1166 ὑμεῖς,
2546 1095 2793 1163 πονηροὶ
2812 1093 3002 1159 ὄντες,
3027 1092 3226 1147 οἵδατε
3249 1092 3478 1161 δόματα
3492 1093 3705 1162 ἀγαθὰ

2104 1187 2333 1242 διδόναι
2359 1187 2483 1254 τοῖς
2511 1185 2745 1252 τέκνοις
2766 1184 2950 1254 ὑμῶν,
2991 1184 3161 1251 πόσῳ
3187 1181 3431 1252 μᾶλλον
3477 1186 3511 1236 ό
3563 1185 3702 1237 Πα-

2106 1279 2217 1347 τὴρ
2239 1278 2404 1348 ὑμῶν
2447 1281 2479 1332 ό
2515 1278 2586 1330 ἐν
2628 1275 2751 1340 τοῖς
2799 1274 3076 1344 οὐρανοῖς
3125 1272 3302 1328 δώσει
3330 1274 3524 1343 ἀγαθὰ
3563 1274 3704 1341 τοῖς

2105 1369 2381 1425 αἰτοῦσιν
2430 1370 2646 1431 αὺτόν;
2689 1368 2746 1420 '0
2795 1367 2853 1420 δέ
2887 1367 3103 1427 Λουκᾶς
3141 1365 3234 1418 τὸν
3280 1364 3442 1418 αὐτὸν
3480 1365 3703 1436 τρόπον

2109 1459 2334 1530 ἱστορῶν
2361 1457 2672 1530 ἐρμηνεῦει,
2698 1457 2752 1510 τί
2781 1460 2896 1510 ἐστι
2916 1454 2985 1508 τὰ
3014 1453 3217 1522 ἀγαθὰ,
3247 1453 3420 1522 λέγων
3441 1470 3457 1486 ⁶
3481 1457 3549 1510 El
3575 1451 3702 1508 οὖν

2107 1551 2294 1620 ὑμεῖς,
2331 1550 2579 1618 πονηροὶ
2606 1549 2796 1614 ὄντες,
2829 1547 3033 1601 οῑδατε
3053 1545 3283 1615 δόματα
3308 1547 3503 1616 ἀγαθὰ
3528 1546 3700 1600 διδό-

2106 1661 2205 1698 ναι
2249 1643 2374 1709 τοῒς
2410 1641 2644 1708 τέκνοις
2664 1639 2826 1710 ὑμῶν
2855 1681 2870 1704 ,
2913 1641 3084 1702 πόσῳ
3121 1636 3361 1708 μᾶλλον
3405 1641 3440 1692 ό
3480 1637 3699 1706 Πατὴρ

2106 1733 2272 1804 ὑμῶν
2298 1737 2331 1787 ό
2357 1734 2427 1786 ἐν
2473 1732 2597 1798 τοῖς
2651 1730 2929 1800 οὐρανοῖς
2985 1729 3164 1783 δώσει
3215 1728 3460 1798 Πνεῦμα
3515 1729 3702 1798 ἄτιον

2107 1823 2230 1890 τοῖς
2261 1823 2535 1877 αἰτοῦσιν
2564 1822 2749 1876 αὐτόν
2779 1818 2914 1891 (56).
2945 1819 3007 1872 Ei
3037 1819 3111 1890 μὴ
3145 1819 3256 1890 γὰρ
3275 1813 3346 1889 ἦν
3369 1818 3470 1889 τῆς
3497 1819 3701 1882 οὐσίας

2108 1913 2201 1968 τοῦ
2233 1915 2394 1984 μόνου
2425 1910 2630 1980 ἀγαθοῦ
2657 1911 2716 1964 τδ
2747 1909 2971 1981 Πνεῦμα
2997 1909 3058 1962 τὸ
3079 1909 3253 1978 ἅγιον,
3288 1909 3389 1962 οὐκ
3431 1907 3501 1962 ἃν
3542 1911 3698 1975 ἀγα-

425 2007 508 2046 me
533 1993 664 2046 dicis
692 1994 920 2049 bonum?
961 2011 1110 2053 nemo
1136 1995 1319 2063 bonus,
1342 1997 1442 2050 nisi
1476 2012 1610 2050 unus
1639 1998 1778 2052 Deus
1797 1995 2003 2052 “.San-

2147 2007 2206 2060 δν
2227 2005 2427 2076 ἐκλήθη
2459 2004 2590 2075 (37),
2628 2003 2787 2056 ὁπότε
2813 2003 2842 2055 6
2878 2001 3082 2072 Κύριος
3111 2005 3457 2071 παραιτεῖται
3500 2002 3565 2054 τὸ
3585 2019 3698 2054 κα·-

427 2093 575 2139 ctum
605 2095 786 2141 autem
833 2085 1094 2158 Spiritum
1143 2088 1347 2143 bonum
1392 2103 1590 2144 vocare
1633 2104 1742 2143 non
1792 2097 2012 2143 recusat

427 2176 730 2248 Scriptura,
755 2194 878 2234 cum
906 2177 1074 2233 David
1100 2178 1245 2234 dicat
1273 2197 1285 2232 :
1315 2177 1548 2246 Spiritus
1577 2187 1698 2232 tuus
1729 2177 1892 2231 bonus
1922 2178 2012 2232 de-

425 2272 576 2344 ducet
600 2286 682 2326 me
711 2271 767 2326 in
801 2280 998 2325 terram
1029 2281 1223 2325 rectam
1246 2271 1314 2326 ‘7.
1343 2269 1412 2326 Et
1434 2271 1792 2336 iterum,cum
1825 2269 2010 2325 Domi-

423 2378 528 2418 nus
551 2363 618 2417 de
645 2363 827 2432 seipso
853 2362 932 2416 ait
966 2380 980 2416 :
1019 2360 1127 2433 Ego
1164 2378 1281 2417 sum
1307 2362 1461 2432 panis
1495 2363 1639 2416 vivus
1670 2362 1760 2432 qui
1791 2361 1853 2416 de
1883 2361 2008 2418 caelo

422 2453 666 2507 descendi
685 2453 759 2507 “’z
779 2453 911 2508 alibi
937 2453 1202 2523 Spiritum
1221 2462 1473 2508 sanctum
1506 2468 1703 2522 panem
1733 2451 2006 2507 ctelestem

423 2545 676 2613 appellat,
703 2545 892 2601 dicens
919 2559 934 2597 :
959 2542 1163 2598 Panem
1184 2555 1426 2599 nostrum
1449 2543 2007 2613 supersubstantialem

422 2635 494 2688 da
540 2635 687 2690 nobis
735 2637 888 2691 hodie
912 2635 981 2690 ⁸³.
1021 2635 1214 2692 Docuit
1257 2636 1404 2691 enim
1445 2651 1548 2692 nos
1587 2645 1646 2692 ut
1679 2635 1887 2692 orando
1912 2651 2008 2707 pe-

422 2737 665 2784 teremus
685 2730 737 2782 in
754 2729 1008 2799 praesenti
1033 2729 1253 2794 saeculo,
1280 2743 1477 2800 panem
1509 2728 1805 2795 ἐπιούσιον,
1827 2729 1881 2784 id
1901 2736 2002 2794 est,

423 2817 699 2898 futurum:
734 2821 892 2890 cujus
917 2821 1188 2890 primitias
1215 2820 1270 2875 in
1296 2821 1554 2890 praesenti
1577 2820 1686 2874 vita
1717 2820 2002 2885 habemus,

323 2911 328 2914 '
423 2907 555 2962 dum
601 2909 785 2964 carnis
825 2908 1042 2965 Domini
1089 2911 1381 2981 participes
1422 2909 1689 2966 eliicimur
1727 2927 1741 2965 :
1779 2917 1841 2966 ut
1881 2910 2000 2980 ipse

422 3000 558 3055 dixit
581 3020 593 3056 :
619 3000 689 3054 Et
710 3003 863 3078 panis
886 3019 1036 3072 quem
1054 3019 1146 3073 ego
1171 3002 1306 3058 dabo
1329 3019 1454 3057 caro
1475 3019 1590 3057 mea
1605 3011 1682 3058 est
1698 3018 1792 3072 pro
1819 3002 2004 3056 mundi

423 3095 530 3147 vita
557 3095 624 3147 ³ο.
653 3093 791 3149 Nam
835 3109 966 3152 caro
993 3095 1224 3151 Domini
1271 3104 1356 3150 est
1405 3093 1644 3166 Spiritus
1697 3093 2000 3162 viviﬁcans,

421 3185 552 3254 quia
584 3200 650 3240 ex
680 3173 883 3258 Spiritu
920 3188 1230 3242 viviﬁcante
1261 3196 1526 3257 concepta
1553 3195 1657 3245 est.
1686 3185 1820 3242 Nam
1862 3187 2000 3258 quod

421 3288 605 3333 uatum
635 3290 712 3335 est
741 3297 805 3334 ex
827 3279 1033 3350 Spiritu
1064 3279 1299 3351 Spiritus
1325 3292 1401 3335 est
1425 3281 1494 3336 ⁸¹.

2112 2097 2318 2151 λεῖσθαι
2340 2096 2562 2165 ἀγαθὸς,
2588 2094 2723 2148 καθὸ
2743 2093 2838 2148 ἄνθ
2846 2111 3026 2165 ρωπος
3042 2092 3250 2162 γέγονε,
3268 2093 3440 2162 λέγων
3468 2109 3484 2124 ·
3520 2095 3584 2146 Τί
3616 2110 3697 2161 με

2110 2191 2305 2260 λέγεις
2333 2189 2598 2258 ἀγαθόν;
2630 2186 2830 2252 οὐδεὶς
2859 2185 3081 2256 ἀγαθὸς
3111 2188 3165 2239 ει
3199 2184 3286 2255 μὴ
3327 2179 3415 2250 εἷς
3448 2188 3484 2238 ό
3516 2186 3690 2250 Θεός.

2111 2283 2185 2336 Τδ
2213 2283 2268 2336 δὲ
2298 2282 2452 2350 ἆγιον
2480 2279 2706 2350 Πνεῦμα
2731 2281 2792 2332 οὐ
2818 2280 3166 2349 παραιτεῖται
3205 2279 3239 2348 ὴ
3279 2275 3471 2348 Γραφὴ
3501 2277 3696 2330 καλεῖν

2109 2367 2331 2437 ἀγαθὸν,
2380 2367 2520 2420 κατὰ
2550 2367 2641 2420 τὸν
2678 2365 2841 2419 Δαὸὶδ
2872 2366 2964 2420 τὸν
3000 2366 3259 2435 λέγονταο
3319 2365 3391 2420 Τὸ
3438 2365 3700 2436 Πνεῦμά

2108 2474 2225 2513 σου
2256 2458 2323 2513 τὸ
2358 2457 2584 2528 ἀγαθὸν
2607 2456 2892 2528 ὁδηγήσει
2911 2474 2990 2528 με
3017 2457 3088 2511 ὲν
3111 2456 3189 2527 γῇ
3211 2457 3429 2524 εὐθείᾳ.
3459 2457 3575 2511 Καὶ
3598 2458 3700 2510 ὅτε

2109 2550 2268 2605 πάλιν
2303 2549 2558 2620 ὁΚύριος
2588 2549 2733 2618 λέγει
2773 2549 2900 2619 περὶ
2949 2548 3141 2602 ἐαυτοῦ
3373 2547 3518 2617 Ἐγώ
3569 2550 3702 2616 ειμι

2107 2645 2141 2697 ό
2165 2641 2341 2710 ἄρτος
2360 2643 2392 2694 ό
2422 2639 2551 2705 ζῶν,
2577 2643 2609 2694 ό
2641 2640 2708 2693 ἐκ
2737 2639 2845 2694 τοῦ
2868 2639 3128 2707 οὐρανοῦ
3156 2637 3437 2705 καταϐάς.
3498 2638 3701 2692 ’Δλλα-

2105 2733 2203 2804 χοῦ
2229 2733 2291 2786 τὸ
2349 2731 2505 2800 ἅγιον
2531 2730 2754 2802 Πνεῦμα
2800 2731 2956 2784 καλεί
2979 2731 3142 2802 ἄρτον
3176 2731 3429 2802 οὐράνιον
3469 2729 3656 2798 λέγων
3678 2747 3694 2764 ·

2110 2821 2220 2876 Τὸν
2246 2820 2428 2890 ἄρτον
2450 2819 2618 2890 ἡμῶν
2637 2820 2744 2874 τὸν
2769 2821 3082 2875 ἐπιούσιον
3106 2821 3211 2888 δὸς
3231 2821 3374 2891 ἡμῖν
3392 2821 3694 2892 σήμερον.

2118 2910 2349 2976 Ἐδίδαξε
2374 2909 2483 2980 γὰρ
2514 2910 2665 2980 ἡμᾶς
2692 2910 2750 2963 ἐν
2775 2912 2838 2980 τῇ
2880 2911 3009 2980 εὐχῇ
3041 2914 3098 2964 ἐν
3118 2911 3195 2981 τῷ
3217 2910 3311 2964 νῦν
3332 2911 3492 2964 αίῶνι
3514 2914 3698 2966 αἰτεῖν

2102 3003 2194 3056 τὸν
2219 3001 2490 3054 ἐπιούσιον
2521 3003 2704 3072 ἄρτον,
2721 3002 2968 3055 τουτέστι
2986 3001 3079 3054 τὸν
3111 3001 3396 3072 μέλλοντα,
3419 2995 3480 3056 οὗ
3503 3005 3699 3074 ἀπαρ-

2103 3094 2202 3166 χὴν
2236 3092 2430 3164 ἔχομεν
2466 3094 2523 3144 ἐν
2546 3094 2612 3163 τῇ
2647 3090 2741 3145 νῦν
2768 3090 2903 3163 ζωῇ,
2941 3093 3046 3162 τῆς.
3067 3094 3269 3166 σαρκὸς
3309 3093 3422 3165 (39)
3445 3093 3542 3148 τοῦ
3573 3097 3698 3149 Κυτ

2105 3185 2218 3256 ρίου
2245 3182 2768 3255 μεταλαμϐάνοντες,
2793 3183 2972 3248 καθὼς
2995 3185 3156 3248 αὐτὸς
3184 3179 3338 3239 εἶπεν
3357 3202 3372 3217 ο
3409 3187 3474 3239 '0
3503 3185 3697 3254 ἄρτος

2104 3277 2193 3342 δὲ,
2223 3276 2296 3330 ὃν
2324 3273 2439 3346 ἐγὼ
2456 3273 2648 3338 δώσω,
2678 3276 2716 3343 ἠ
2737 3273 2894 3342 σάρξ
2916 3277 3230 3345 μουὲστὶν
3255 3277 3410 3345 ὑπὲρ
3440 3277 3554 3346 τῆς
3575 3279 3694 3333 τσῦ

420 3371 652 3440 κόσμου
678 3371 846 3442 ζωῆς.
881 3373 1106 3444 Πνεῦμα
1133 3373 1244 3444 γὰρ
1278 3373 1575 3436 ζωοποιοῦν
1605 3374 1652 3444 ζὴ
1694 3371 1830 3442 σάρξ
1879 3373 1994 3423 ἐστι
2057 3369 2150 3422 τοῦ
2201 3368 2432 3440 Κυρίου,
2489 3367 2626 3420 διότι
2653 3369 2716 3420 ἐκ
2755 3367 3069 3440 Πνεῦματος
3097 3368 3190 3423 τοῦ
3247 3367 3515 3434 ξωοποιοῦ
3556 3387 3693 3424 συν-

420 3457 649 3538 ελήφθη.
683 3467 752 3521 Τὸ
787 3467 896 3539 γὰρ
923 3465 1359 3538 γεγεννημένον
1391 3467 1502 3539 (40)
1531 3469 1600 3521 ἐκ
1624 3467 1728 3522 τοῦ
1759 3466 2104 3535 Πνεύματος
2134 3461 2379 3532 Πνεῦμα
2402 3463 2554 3518 ἐστι.

492 3555 576 3611 17.
607 3557 673 3611 Ει
699 3573 826 3637 cum
845 3556 1110 3614 Jeremias
1129 3558 1197 3614 de
1220 3557 1330 3613 Deo
1357 3559 1523 3624 dicat,
1565 3559 1709 3629 quod
1743 3559 1860 3629 ipse
1886 3557 1998 3612 dux
2027 3588 2070 3646 α

2177 3555 2263 3609 17.
2291 3556 2401 3608 Καὶ
2432 3556 2524 3608 ὅτε
2551 3553 2698 3625 λέγει
2724 3558 2752 3610 6
2795 3554 3063 3626 Ἱερεμίας
3097 3557 3227 3625 περὶ
3247 3556 3342 3610 τοῦ
3373 3557 3513 3612 Θεοῦ
3536 3599 3552 3622 ,
3601 3561 3691 3615 ὅτι

325 5463 332 5468 .
413 5412 743 5481 quibusdam
779 5427 912 5468 mss.

419 3649 584 3704 fuerit
610 3649 775 3704 Israel
793 3635 855 3703 in
888 3649 1104 3706 deserto
1133 3648 1238 3703 :Et
1254 3665 1357 3703 non
1381 3650 1651 3717 dixeritis,
1671 3648 1766 3715 ait,
1803 3647 1905 3702 Ubi
1923 3658 2001 3702 est

2146 3647 2268 3710 ὺτὺς
2290 3646 2538 3717 ὡδήγησε
2569 3647 2660 3700 τὸν
2710 3646 2928 3718 Ἰσραὴλ
2961 3648 3020 3700 ἐν
3045 3649 3110 3718 τῇ
3157 3649 3381 3720 ἐρήμῳ·
3425 3651 3539 3704 Καὶ
3572 3654 3692 3707 οὐκ

418 3740 696 3806 Dominus,
718 3742 809 3811 qui
837 3743 1115 3795 ascendere
1133 3757 1228 3795 nos
1250 3740 1373 3810 fecit
1401 3741 1466 3795 de
1489 3749 1631 3796 terra
1647 3739 1890 3810 Aigypti,
1907 3739 1999 3808 qui

2146 3739 2327 3802 ἵστατε,
2364 3737 2518 3806 φησὶ,
2557 3737 2682 3790 Ποῦ
2713 3737 2893 3790 ἐστιν
2924 3740 2956 3791 ό
2981 3739 3232 3805 Κύριος,
3276 3742 3309 3794 ό
3359 3740 3690 3810 ἀναγαγὼν

383 3832 526 3890 dux
572 3832 718 3886 nobis
768 3833 871 3902 fuit
913 3833 969 3886 in
1015 3833 1219 3887 deserto
1238 3831 1550 3902 "Hlsaias
1575 3831 1708 3886 dicit
1734 3829 1996 3900 Spiritum

2146 3828 2255 3899 μᾶς
2271 3829 2338 3883 ἐκ
2354 3827 2464 3898 γῆς
2479 3828 2873 3897 Αιγύπτουςμι
2885 3829 2924 3896 ),
2939 3828 3416 3899 δικαθοδητήσας
3435 3832 3599 3901 ἡμᾶς
3618 3835 3692 3887 ἐν

415 3937 663 3982 sanctum
686 3925 882 3980 ducem
917 3925 1090 3982 fuisse
1128 3925 1296 3981 Israel
1340 3925 1394 3979 in
1421 3925 1671 3980 deserto:
1700 3938 1862 3993 quem
1893 3937 1995 3982 au-

2146 3917 2420 3989 ιῑέρήμφς
2435 3920 2493 3972 ’0
2509 3919 2736 3982 Ἡσαΐας
2765 3919 2825 3971 τὸ
2850 3918 3074 3989 Πνεῦμα
3100 3920 3162 3972 τὸ
3177 3919 3330 3989 ἅγιον
3356 3916 3515 3975 εἶπεν
3540 3923 3690 3995 ὡδη-

414 4022 529 4076 tlire
569 4022 696 4077 licet
742 4023 816 4076 ita
842 4021 1153 4090 loquentem
1187 4039 1199 4074 :
1242 4020 1476 4074 Deduxit
1506 4036 1590 4074 eos
1617 4036 1708 4088 per
1747 4018 1993 4091 abyssum

2146 4011 2325 4081 πικέναι
2352 4009 2444 4062 τὸν
2462 4011 2678 4081 Ἰσραὴλ
2707 4011 2764 4062 ἐν
2790 4011 2857 4080 τῇ
2888 4010 3081 4081 ἐρήμῳ
3101 4027 3114 4039 ·
3134 4009 3248 4063 ἔστι
3271 4009 3402 4078 γοῦν
3434 4013 3679 4067 ἀκοῦσαι

414 4114 572 4182 φιαδὶ¹
591 4129 774 4182 equum
803 4114 854 4166 in
887 4112 1089 4171 deserto
1113 4127 1130 4166 :
1153 4121 1203 4165 et
1235 4111 1450 4182 fatigati
1479 4127 1581 4182 non
1602 4119 1744 4176 sunt,
1771 4118 1821 4160 et
1843 4109 1994 4179 quasi

2146 4103 2266 4155 ὒτοῦ
2319 4102 2605 4170 λέγοντοςο
2669 4106 2918 4174 Ἠγατεν
2981 4102 3204 4170 αὐτοὺς
3261 4100 3374 4173 (ιε)
3417 4102 3520 4156 διὰ
3572 4103 3684 4173 τῆς

1672 4250 1719 4279 ⁸⁸
1758 4246 1950 4302 Matth.
1976 4263 2003 4299 v

2146 4243 2190 4296 I.
2267 4241 2312 4272 “
2355 4240 2483 4312 lsuc.
2517 4245 2699 4307 ιιι,15.
2776 4244 3000 4298 “Marc.
3032 4260 3085 4307 ιι,
3118 4241 3202 4296 18.
3283 4240 3684 4312 "Psal.cu.n,

485 4251 529 4281 "
568 4250 714 4306 PSal.
754 4267 828 4319 tv,
856 4252 909 4306 6.
985 4252 1039 4290 ⁸³»
1070 4251 1215 4306 Psal.
1252 4265 1481 4314 Lxxmt,
1509 4249 1597 4304 13.
1672 4250 1719 4279 ⁸⁸
1758 4249 1950 4302 Matth.
1976 4263 2003 4299 v

489 4359 502 4375 .
578 4322 621 4353 ⁸⁸
659 4320 814 4377 Joan.
848 4339 922 4380 vn.
951 4322 1038 4377 51.
1112 4323 1158 4354 η
1196 4320 1386 4376 Matth.
1423 4337 1493 4380 v1,
1527 4319 1613 4373 11.
1719 4319 1765 4350 ⁸ο
1803 4316 2003 4372 Joann

2146 4249 2190 4296 I.
2267 4249 2312 4272 "
2356 4249 2483 4295 Luc.
2517 4249 2699 4307 ιιι,15.
2776 4249 3000 4298 “Marc.
3032 4260 3085 4307 ιι,
3118 4249 3202 4296 18.

2146 4312 2186 4364 2.
2264 4312 2305 4342 ⁵¹
2347 4309 2503 4366 Joan.
2538 4327 2616 4380 ιιι,
2648 4312 2701 4372 6..
2777 4315 2823 4346 δ’
2866 4313 3063 4368 Jerem.
3095 4328 3158 4379 ιι,
3184 4313 3245 4371 6.

414 4320 502 4376 10.
578 4322 621 4353 ⁸⁸
659 4320 814 4377 Joan.
848 4339 922 4389 vn,
951 4322 1038 4377 51.
1112 4323 1158 4354 ιν
1196 4320 1386 4376 Matth.
1423 4337 1493 4386 vn,
1527 4319 1613 4373 11.

484 4433 762 4504 (56)7Seg.
786 4432 944 4504 Gobl.
967 4441 1020 4488 et
1048 4433 1287 4489 Felckm.
1315 4435 1544 4504 1,ῘὈταν
1568 4433 1718 4503 λέγει
1739 4437 1768 4488 6
1796 4433 1978 4487 Δαϐίδο

2146 4430 2267 4486 ιῦτο.
2303 4428 2700 4504 Illon_Seguer.
2741 4428 2960 4504 Gobler.
2991 4437 3044 4482 et
3078 4427 3325 4504 _Felclm}.
3366 4427 3420 4504 ,
3469 4446 3685 4504 παραι-

484 4447 598 4503 (οι)
637 4447 762 4504 δοε.
786 4447 944 4488 UODI.
967 4447 1020 4488 et
1048 4447 1287 4489 retekm.
1315 4447 1544 4501 1,”υταν
1571 4447 1718 4503 λεγει
1739 4447 1768 4488 ο
1796 4447 1978 4487 Aucto-

412 4504 511 4578 τίς
541 4503 704 4569 δείξει
726 4503 946 4578 omissis
979 4503 1762 4578 quibusdant._lnira__$eguer.
1796 4504 1988 4578 ét‘Lxx

2146 4448 2267 4486 ιυτο.
2303 4447 2428 4484 mox
2475 4447 2700 4498 aeguer.
2741 4447 2960 4483 uomer.
2991 4447 3044 4482 el
3093 4447 3325 4483 retcxm.
3366 4447 3420 4491 1,
3469 4447 3550 4481 πα
3635 4449 3684 4483 ι-

2146 4505 2285 4556 ιῖται.
2317 4499 2696 4578 Editiyerdet
2724 4500 3180 4578 alii,_n_apnseiro.
3216 4447 3684 4578 lnirajnﬁoﬁle-

412 4577 720 4646 lnterpret.,
749 4574 845 4646 οὐχ
873 4569 1182 4646 ὑστέρῄσει.
1215 4572 1358 4628 Editi
1393 4583 1448 4630 et
1475 4575 1588 4641 alii,
1614 4569 1676 4626 es
1715 4575 1988 4646 σπρήσει.

2146 4579 2325 4646 ano‘et
2347 4569 2587 4624 Felckm.
2608 4569 2635 4622 1
2663 4569 2814 4624 deest
2836 4572 2869 4640 ὴ
2891 4569 3104 4646 Γραφή,
3133 4578 3188 4624 et
3211 4583 3338 4624 mox
3367 4569 3423 4621 in
3454 4569 3682 4635 iisdem,

413 4641 1386 4718 IllosSeguerianuset‘Anglicanus,
1415 4646 1543 4718 τοὺς
1570 4641 1987 4718 πορευομένους.

2146 4641 2477 4718 aliter“;
2653 4707 2665 4718 .
2918 4707 2954 4718 ..
2987 4643 3016 4718 .’
3238 4717 3243 4718 ,
3308 4706 3342 4718 ..

413 4715 582 4785 ΕιιὶιὶΔ
603 4706 734 4785 vero
779 4721 852 4785 et
875 4713 988 4778 alii,
1008 4706 1149 4785 grai?
1169 4706 1575 4785 πορευομένοιξ.
1603 4706 1802 4770 Ibidem
1840 4715 1988 4785 Seg.,

2161 4706 2296 4785 (δεῖ
2313 4710 2397 4785 Ita
2439 4707 2834 4785 _S_eguerianus_.
2871 4707 3011 4785 editi
3035 4724 3167 4770 vero
3196 4717 3250 4763 et
3254 4706 3392 4785 _alii._
3419 4708 3552 4785 napi
3582 4709 3683 4785 αὐτ

425 4781 658 4848 Ὁμοίως
690 4783 746 4834 δὲ
777 4784 872 4835 καὶ
907 4785 936 4836 ὁ
968 4777 1270 4848 Ματθαίοξ.
1374 4777 1388 4785 ’
1536 4777 1547 4779 ἡ
1914 4777 1941 4785 ⁷
1976 4777 1983 4780 ⁷

2146 4777 2210 4834 μῦ.
2246 4779 2386 4834 Infra
2438 4777 2580 4832 idem
2633 4794 2756 4834 cum
2793 4778 3124 4832 Gobleriano
3170 4788 3224 4832 et
3254 4777 3580 4848 Felckai,
3619 4779 3683 4834 τὸ

505 4854 598 4922 55)
639 4851 730 4906 Sic
779 4852 905 4922 Seg.
955 4851 1112 4922 Gobl.
1145 4862 1199 4908 et
1227 4847 1482 4908 ’Felckm.
1516 4856 1568 4908 1.
1599 4853 1739 4909 Editi
1770 4871 1902 4910 vero
1937 4863 1992 4909 et

2146 4851 2325 4922 νεῦμα
2343 4849 2423 4912 {es
2445 4849 2633 4922 iit-rtem
2661 4847 2856 4922 ‘Paultr
2884 4858 3021 4922 post_
3050 4849 3356 4922 Basiliens.
3380 4847 3676 4922 Anglican.

413 4917 526 4996 alii,
554 4917 701 4996 περὶΔ
731 4917 899 4996 apros
942 4921 1106 4996 οὕτω.
1160 4923 1311 4996 Infra
1329 4923 1553 4996 Gobler.
1577 4934 1633 4980 et
1663 4925 1904 4996 Felcktn.
1935 4926 1988 4992 1,

2146 4917 2271 4996 elck.
2301 4921 2338 4974 2
2363 4926 2417 4972 et
2441 4917 2496 4996 β,
2532 4918 2623 4996 τον
2656 4917 2977 4989 ἐπουράνιον
3001 4919 3111 4988 δός.
3142 4917 3285 4992 Infra
3323 4917 3491 4975 iidem
3511 4921 3680 4972 ἐπου-

413 4995 441 5045 ὑ
451 4993 567 5062 μῶν
595 4987 922 5064 ὀζοῦρκάνιος.
950 4992 1265 5064 Ibidemque
1295 4993 1469 5064 δώσειν,
1485 4995 1648 5049 iidem
1697 5011 1820 5049 cum
1864 4987 1987 5064 Seg.

2146 4993 2276 5064 ἱινιον
2312 5003 2410 5064 pro
2427 4987 2734 5064 ἐπιούσιον.

413 5055 578 5141 recte.
620 5055 1546 5141 Ed_i'ti.vero_et-alii,'6{6wot..biox
1587 5064 1899 5141 gohlerian.
1937 5055 1992 5119 Et

2146 5061 2290 5141 (ὄρ),
2314 5055 2798 5141 Basil..anglican.
2831 5056 3196 5141 Felcknget
3225 5055 3389 5141 5,‘6t.a
3403 5060 3516 5141 fil;
3550 5075 3682 5141 σαρ-

411 5131 653 5203 Felckm.
684 5132 737 5198 1,
765 5131 979 5203 ᾼουκᾶς
1009 5127 1330 5203 ἑρμηνεύων
1362 5133 1415 5185 τί
1447 5133 1810 5197 ἐστι.111)ἰάοιιι
1841 5134 1988 5203 Seg.,

2146 5127 2206 5203 ις.
2240 5130 2364 5203 Mox
2387 5127 2633 5203 _quidani
2663 5143 2798 5184 mss.
2834 5143 2959 5184 cum
3011 5128 3191 5194 editis,
3219 5127 3312 5182 καὶ
3339 5128 3368 5193 ὁ
3396 5127 3585 5202 ἄρτος,
3622 5127 3677 5184 ἱιι

409 5203 503 5256 τὸν
537 5201 701 5274 αὑτὸν
730 5201 916 5274 τόπον.
953 5198 1289 5272 Ραῐιῐσροει
1308 5202 1540 5274 γὸεςιιοτ.
1572 5204 1738 5274 Basil.
1770 5198 1987 5259 Goblér.

2151 5202 2214 5274 iis
2238 5200 2345 5274 uel
2370 5198 2540 5274 deest.

411 5273 653 5344 lt‘elckm.
686 5273 711 5324 1
760 5282 836 5344 et
862 5273 918 5336 5,
949 5274 1178 5344 πονηροὶ
1212 5273 1575 5344 ὑπᾴρχὸντες.)
1600 5273 1741 5344 Editi
1776 5289 1910 5344 vero
1935 5281 1991 5329 et

412 5343 527 5407 alii,
556 5341 784 5412 πονηροὶ
813 5341 987 5406 ὄντες.
1013 5341 1138 5397 Mox
1172 5341 1538 5410 ἀγαθάῖίθθει
1566 5343 1622 5398 in
1655 5343 1817 5404 editis
1845 5353 1902 5399 et
1933 5345 1988 5398 in

2163 5271 2272 5372 (4P)
2313 5270 2630 5338 Seguerian.
2660 5267 2972 5324 Goblerian.
3007 5267 3246 5323 Felckm.
3286 5265 3313 5320 1
3339 5274 3394 5322 et
3431 5265 3487 5334 2,
3522 5283 3678 5336 γεγε-

2091 5359 2154 5394 ντκ
2166 5357 2346 5394 μενον.

2146 5359 2491 5480 1ifitslvfnl‘zelclt..
2517 5410 2630 5480 Siet
2658 5409 2712 5476 5,
2744 5411 2808 5466 ἐκ
2836 5411 2934 5479 τῆς
2958 5405 3258 5480 ᾼίγύπτου.
3288 5402 3490 5480 Ibidem
3540 5403 3670 5480 Se_g.

2091 5475 2406 5536 Goblérian.
2441 5490 2494 5536 et
2526 5479 2766 5536 Felckm.
2793 5481 2844 5545 1,
2883 5475 3265 5548 ἆιαθοδηγήσας
3291 5476 3440 5546 ἡμᾶς
3473 5475 3540 5528 ἐκ
3567 5476 3674 5544 γῆς

2091 5551 2386 5619 Αἰγύπτου.
2424 5552 2649 5621 Seguer.
2675 5566 2824 5621 vero,
2850 5550 2890 5621 ἢ
2925 5551 3020 5621 καὶ
3047 5545 3363 5621 ὁϐιαθρᾷηῂ

2164 5615 2276 5690 (42)
2315 5615 2625 5676 ϐοιιὶοῆοιι.
2652 5629 2705 5675 et
2726 5615 2962 5674 Felcktn.
2992 5620 3046 5690 2,
3075 5621 3132 5675 ἐν
3162 5619 3228 5686 τῇ
3250 5615 3461 5688 ἐρήμῳο
3487 5615 3668 5687 Ἤγας

2091 5708 2188 5762 γεν
2223 5691 2438 5769 αὐτούς,
2469 5691 2689 5749 omissis
2717 5690 2930 5748 mediis.
3173 5694 3187 5706 ·

487 5481 613 5552 (56),
640 5481 739 5552 δίο
759 5481 983 5552 Seguer.
1016 5482 1235 5538 Gobler.
1263 5493 1317 5538 et
1343 5482 1582 5538 Felckm.
1616 5484 1667 5546 1,
1715 5491 1881 5551 atque
1913 5481 1988 5537 ita

415 5553 553 5621 legit
571 5550 1007 5606 NanniusIEditi
1043 5567 1171 5616 vero
1197 5562 1255 5606 et
1271 5553 1384 5617 alii,
1411 5556 1440 5606 6
1463 5553 1523 5617 ἐξ
1543 5553 1773 5621 οὐρανοῦ
1797 5550 1983 5606 δίδωσι

415 5620 649 5695 Πνεῦμα
675 5622 828 5695 ἅγιον
858 5625 968 5684 τοῖς
996 5621 1337 5677 πιστεύουσιν
1359 5623 1526 5695 αὐτῷ.
1556 5620 1678 5681 Μοχ
1717 5623 1900 5687 iidem,
1931 5622 1990 5674 τὸ

418 5692 570 5757 ἅγιον
605 5691 848 5761 Πνεῦμα.

493 5761 606 5836 (57)
650 5759 873 5833 Seguer.
911 5761 1121 5831 Anglic.
1154 5761 1307 5818 Gobl.
1347 5773 1399 5820 et
1427 5761 1663 5822 Fclcktn.
1700 5762 1743 5830 l,
1784 5762 1987 5834 ἐκλήθη
