3810 6228
136 319 304 375 1015

1085 318 1174 374 DE
1212 316 1724 376 INCARNATIONE
1761 317 1851 375 ET
1889 316 2171 375 CONTRA
2207 273 2530 373 animos.

3289 316 3428 371 1014

133 433 445 489 ἀϐύσσου
470 432 553 499 ὡς
584 433 775 488 ἵππον
804 432 902 490 διὰ
923 433 1034 504 τῆς
1057 434 1310 506 ἑρήμου’
1346 437 1444 491 καὶ
1474 438 1585 492 οὐκ
1619 438 1752 491 έκο-
1778 442 1818 500 Α

1883 446 2087 493 amenta
2101 453 2192 507 per
2208 453 2470 507 campum.
2493 434 2562 489 Et
2584 434 2849 488 descendit
2872 433 3104 505 Spiritus
3127 452 3159 489 a
3176 435 3424 501 Domino,

137 526 419 590 πίασαν,
467 526 566 580 καὶ
594 527 675 594 ὡς
711 526 903 595 κτήνη
930 525 1026 581 διὰ
1056 528 1165 583 τοῦ
1193 528 1426 583 πεδίου.
1476 527 1587 584 Καὶ
1636 528 1750 600 (45)

136 614 384 684 κατέϐη
418 617 664 686 Πνεῦμα
699 617 860 686 παρὰ
891 619 1135 688 Κυρίου,
1177 619 1276 674 καὶ
1295 620 1614 690 ὡδήγησεν
1640 621 1750 675 αὐ-

139 708 326 774 τούς.
351 709 499 780 Πρὸς
528 709 586 762 δὲ
620 710 942 781 Κορινθίους
969 713 1170 786 γράφει
1211 714 1240 766 6
1282 712 1601 777 Ἀπόστολος
1621 755 1636 778 ,
1669 713 1752 766 ὅτι

140 798 403 872 Χριστὸς
424 795 492 871 ἦν
521 803 550 854 6
572 801 780 874 ὁδηγῶν
800 819 815 833 ·
851 804 1099 857 Ἔπινον
1122 804 1230 874 γὰρ
1247 803 1318 858 ἐκ
1343 804 1754 875 πνευματικῆς

141 891 626 961 ἀκολουθούσης
663 893 912 962 πέτρας·
942 895 980 963 ἡ
1008 895 1076 948 δὲ
1099 895 1285 964 πέτρα
1307 891 1388 967 ἦν
1415 899 1449 952 ὀ
1476 896 1750 964 Χριστός.

141 981 270 1034 Καὶ
299 983 392 1035 ὅτε
420 982 566 1051 λέγει
599 986 627 1038 ὁ
665 984 878 1049 Παῦλος
910 985 1014 1039 ὑπὸ
1045 985 1138 1039 τοῦ
1170 986 1306 1041 Θεοῦ
1327 986 1622 1058 κεκλῆσθαι
1652 987 1753 1041 αὐ-

142 1073 282 1127 τόν·
331 1075 397 1128 '0
454 1075 618 1142 Θεὸς,
649 1077 813 1148 φησὶν
835 1118 848 1140 ,
900 1081 932 1130 ό
964 1078 1262 1146 ἀφορίσας
1313 1095 1389 1147 με
1421 1079 1490 1132 ἐκ
1522 1078 1757 1143 κοιλίας

138 1165 389 1233 μητρός
410 1183 548 1235 μου,
574 1167 671 1220 καὶ
707 1168 977 1234 καλέσας
1002 1169 1102 1223 διὰ
1132 1169 1243 1238 τῆς
1275 1169 1518 1240 χάριτος
1540 1171 1752 1235 αὐτοῦ,

145 1258 562 1327 ἀποκαλύψαι
611 1259 720 1313 τὸν
766 1261 902 1315 Υἱὸν
953 1259 1137 1324 αὐτοῦ
1177 1262 1247 1315 ἐν
1292 1261 1425 1331 ἐμοὶ
1482 1261 1616 1334 (44),
1657 1263 1756 1315 ἳνα

145 1347 626 1419 εὐαγγελίζωμαι
650 1350 838 1404 αὐτὸν
859 1351 929 1404 ἐν
952 1349 1080 1416 τοῖς
1105 1351 1331 1407 ἔθνεσι.
1375 1352 1678 1424 Ῥωμαίους
1698 1353 1756 1406 δὲ

150 1440 272 1492 ὑπὸ
301 1439 398 1492 τοῦ
439 1441 677 1512 Χριστοῦ
705 1441 1004 1513 κεκλῆσθαι
1039 1442 1188 1512 λέγει
1233 1444 1461 1516 γράφων
1490 1443 1627 1516 πρὸς
1659 1445 1758 1498 αὑ-

150 1531 292 1596 τούς
312 1551 326 1562 ·
375 1533 478 1586 Ἔν
505 1529 598 1600 οἷς
629 1535 770 1588 ἐστε
818 1535 919 1588 καὶ
945 1534 1119 1604 ὑμεῖς,
1140 1536 1350 1604 κλητοὶ
1403 1536 1599 1606 Ἰησοῦ
1625 1539 1757 1604 Χρι-

150 1626 342 1679 στοῦ.
372 1626 445 1678 Τὸ
485 1626 543 1679 δὲ
589 1628 816 1698 Πνεῦμα
866 1626 928 1680 τὸ
959 1628 1114 1697 ἅγιον
1153 1629 1244 1683 τὸν
1279 1627 1489 1684 Παῦλον
1522 1629 1618 1682 καὶ
1662 1628 1754 1681 τὸν

154 1717 460 1786 Βαρνάϐαν
494 1719 821 1790 κεκληκέναι
845 1719 956 1791 (45)
983 1718 1206 1792 εἴρηκεν
1240 1721 1318 1784 εἰς
1351 1720 1413 1774 τὸ
1452 1722 1564 1784 τοῖς
1608 1718 1755 1773 ἔθνε-

1852 537 1904 582 et
1930 527 2118 582 ductor
2143 543 2324 581 eorum
2351 527 2454 598 fuit
2478 525 2547 580 ⁸³.
2582 525 2662 579 Ad
2697 523 3014 580 Corinthios
3034 541 3163 582 vero
3197 527 3426 596 Aposto-

1851 619 1938 674 lus
1971 619 2180 682 scribit,
2197 619 2390 673 ducem
2408 616 2576 672 fuisse
2591 607 2912 672 Christum:
2933 616 3187 671 Bibebant
3203 619 3345 670 enim
3366 619 3430 672 de

1849 711 2082 782 spiritali
2095 719 2437 781 consequente
2450 725 2536 763 eos
2551 718 2699 778 petra
2724 723 2742 762 :
2767 718 2917 778 petra
2933 716 3112 762 autem
3136 718 3254 762 erat
3275 707 3434 764 Chri-

1851 812 1966 858 stus
1992 802 2058 857 “.
2080 801 2147 856 Et
2173 817 2298 857 cum
2331 800 2477 856 dicat
2496 799 2699 854 Paulus
2724 814 2782 854 se
2806 814 2837 853 a
2859 798 2970 853 Deo
2991 807 3239 854 vocatum
3278 815 3430 855 esse:

1853 894 2018 960 Deus,
2051 893 2249 963 inquit,
2285 894 2376 963 qui
2397 908 2476 947 me
2509 891 2799 962 segregavit
2820 906 2885 945 ea:
2911 901 3062 945 utero
3089 892 3279 945 matris
3305 907 3433 945 mea:

1851 995 1902 1040 et
1927 986 2126 1042 vocavit
2147 1001 2238 1055 per
2258 985 2488 1056 gratiam
2514 999 2686 1050 suam,
2702 995 2758 1038 ut
2779 982 3025 1038 reuelaret
3053 981 3102 1036 F
3105 983 3255 1037 ilium
3275 1000 3432 1038 suum

1852 1079 1909 1132 in
1935 1095 2033 1143 me,
2061 1087 2118 1131 u—t
2148 1077 2560 1148 evangeliaarem
2587 1076 2739 1130 illum
2770 1078 2824 1130 in
2859 1076 3095 1146 gentibus
3117 1076 3183 1132 ".
3228 1074 3433 1131 Roma-

1853 1171 1940 1226 nis
1982 1170 2228 1225 scribens
2250 1211 2266 1236 ,
2292 1169 2416 1224 illos
2446 1184 2476 1222 a
2507 1168 2729 1222 Christo
2763 1176 2988 1223 vocatos
3018 1183 3140 1223 esse
3165 1168 3333 1224 dicit:
3364 1166 3434 1222 In

1853 1261 2041 1333 quibus
2071 1262 2198 1316 estis
2223 1268 2272 1315 et
2301 1276 2390 1314 vos
2413 1260 2582 1314 vocati
2600 1258 2730 1314 Jesu
2759 1258 2957 1314 Christi
2979 1259 3046 1312 ⁸⁸.
3080 1257 3313 1329 Spiritus
3335 1274 3436 1314 au-

1855 1363 1962 1410 tem
1999 1363 2223 1408 sanctus
2253 1351 2485 1407 Paulum
2513 1359 2567 1406 et
2595 1351 2902 1406 Barnabam
2930 1365 2990 1406 se
3015 1365 3245 1406 vocasse
3274 1351 3433 1418 dixit,

1855 1454 1912 1499 ut
1950 1442 2230 1498 Christum
2278 1443 2332 1498 in
2381 1442 2635 1512 gentibus
2681 1441 3138 1511 evangelizarent.
3188 1441 3254 1495 Et
3290 1442 3437 1512 quod

1854 1534 2105 1590 mirabile
2149 1542 2255 1600 est,
2301 1548 2426 1588 cum
2483 1531 2654 1587 Paulo
2687 1531 2846 1588 Jcsus
2882 1532 2937 1586 in
2979 1532 3178 1602 templo
3205 1532 3434 1602 juboat:

1864 1627 2027 1695 Vade,
2080 1628 2330 1698 quoniam
2373 1643 2465 1696 ego
2497 1626 2554 1678 in
2577 1626 2816 1679 nationes
2853 1625 3005 1695 longe
3036 1626 3247 1678 mittam
3279 1635 3326 1679 te
3348 1625 3395 1658 ⁵⁷
3423 1645 3436 1679 :

1853 1725 1908 1772 et
1929 1715 2132 1772 Paulus
2164 1715 2231 1770 ad
2259 1715 2478 1771 Galatas
2513 1715 2718 1770 scribat
2745 1733 2758 1767 :
2800 1712 3006 1767 Paulus
3035 1711 3304 1778 apostolus
3337 1729 3442 1767 non

157 1826 250 1862 σιν
282 1810 738 1879 εὐαγγελίσασθαι
769 1812 860 1867 τὸν
893 1813 1154 1885 Χριστόν.
1188 1814 1298 1867 Καὶ
1327 1814 1390 1868 τό
1428 1831 1494 1883 γε
1540 1812 1756 1884 θαυμα-
1789 1809 1818 1864 Ε

1883 1808 1924 1862 zb
1976 1809 2297 1872 hominibus,
2336 1824 2499 1877 neque
2537 1823 2629 1876 per
2658 1807 2943 1869 hominem,
2997 1805 3087 1859 sed
3131 1821 3223 1874 per
3255 1803 3442 1859 Jesum

154 1901 316 1966 στὸν,
341 1901 435 1955 τοῦ
475 1903 650 1974 Ἰησοῦ
681 1904 926 1968 εἰπόντος
964 1904 1164 1976 Παύλῳ
1196 1905 1255 1958 ὲν
1297 1904 1376 1976 τῷ
1423 1904 1588 1977 ἱερῷ·
1633 1908 1751 1959 Πο-

147 1995 368 2063 ρεύου,
397 1993 488 2048 ὅτι
517 1998 603 2062 εὶς
626 1997 774 2066 ἔθνη
793 1997 1036 2067 μακρὰν
1059 1997 1489 2062 ἐξαποστέλλω
1525 2013 1599 2053 σε
1619 2016 1632 2029 ·
1661 1999 1755 2052 καὶ

156 2085 264 2140 τοῦ
321 2085 536 2138 Παύλου
569 2086 842 2151 Γαλάταις
871 2088 1196 2160 γράφοντος,
1226 2089 1469 2156 Παῦλος
1493 2089 1756 2145 ἀπόστο-

159 2181 279 2243 λος
303 2179 416 2232 οὐκ
449 2177 548 2230 ἀπ’
570 2177 1093 2246 ἀνθρώπων,ὀύδὲ
1128 2181 1201 2234 δι’
1224 2179 1559 2249 ἀνθρώπου,
1588 2179 1750 2235 ἀλλὰ

161 2268 269 2322 διὰ
328 2269 521 2338 Ἰησοῦ
555 2271 814 2339 Χριστοῦ
839 2312 853 2336 ,
888 2273 987 2327 καὶ
1024 2273 1171 2328 Θεοῦ
1194 2272 1426 2342 Πατρός
1463 2272 1571 2328 τοῦ
1602 2272 1752 2343 ἐγεί-

152 2378 388 2429 ραντος
430 2362 618 2417 αὑτὸν
657 2364 726 2418 ἐκ
786 2365 1049 2434 νεκρῶνο
1091 2366 1188 2421 καὶ
1215 2368 1332 2437 μετ’
1363 2365 1542 2435 ὀλίγον
1600 2363 1711 2437 (46)
1733 2383 1746 2396 '

165 2451 444 2521 Γνωρίζω
467 2451 536 2506 δὲ
565 2453 728 2524 ὑμῖν,
756 2454 1033 2526 ἀδελφοὶ,
1059 2457 1126 2511 τὸ
1149 2455 1523 2527 Εὐαγγέλιον
1548 2454 1747 2522 τοῦτο,

1858 1901 2129 1957 Christum
2154 1911 2203 1956 et
2241 1901 2405 1955 Deum
2427 1900 2663 1964 Patrem,
2689 1901 2778 1970 qui
2799 1899 3071 1953 suscitavit
3097 1914 3214 1951 eum
3241 1914 3274 1949 a
3300 1913 3444 1950 mor-

1863 1995 1966 2047 tuis
1983 1994 2070 2056 ,‘8:
2109 2008 2174 2048 ac
2201 1994 2364 2063 paulo
2396 2002 2519 2063 post
2559 1993 2675 2063 ipse
2703 2011 2716 2047 :
2762 1989 2964 2045 Notum
2985 1998 3161 2043 autem
3182 1989 3324 2043 vobis
3356 1988 3442 2057 fa-

1862 2089 1965 2151 cio,
2002 2088 2218 2158 fratres,
2244 2085 2587 2163 Evangelium
2612 2085 2730 2151 hoc,
2758 2086 2882 2155 quia
2917 2099 3020 2137 non
3047 2091 3126 2136 est
3155 2083 3443 2136 secundum

1855 2177 2156 2231 hominem:
2193 2192 2353 2246 neque
2394 2176 2536 2235 enim
2576 2189 2670 2245 ego
2713 2173 2776 2226 ab
2815 2173 3026 2226 homine
3053 2171 3229 2241 accepi
3280 2169 3441 2232 illud,

1856 2286 2018 2340 neque
2051 2270 2252 2334 didici;
2287 2269 2378 2324 sed
2407 2285 2500 2339 per
2539 2267 2908 2322 revelationem
2960 2266 3088 2321 .Iesu
3128 2263 3328 2320 Christi
3353 2264 3397 2294 ⁵³
3425 2281 3439 2329 ;

1861 2361 2098 2432 Spiritus
2121 2372 2298 2420 tamen
2323 2369 2546 2416 sanctus
2565 2359 2796 2415 Paulum
2823 2367 2877 2414 et
2898 2357 3203 2412 Barnabam
3229 2356 3444 2410 mittere

1859 2455 2144 2512 exhibetur
2171 2455 2330 2521 ‘°,_ut
2362 2454 2643 2510 Christum
2675 2453 2928 2524 gentibus
2957 2449 3337 2521 praedicarent.

158 2543 256 2599 ὅτι
281 2548 394 2600 οὐκ
427 2545 560 2600 ἐστι
593 2547 745 2602 κατὰ
764 2547 1284 2616 ἄνθρωπονο,οὺδὲ
1310 2549 1422 2618 γὰρ
1443 2549 1559 2620 ἐγὼ
1593 2549 1752 2620 παρὰ
1789 2549 2102 2619 ἀνθρώπου
2151 2550 2493 2618 παρέλαϐον
2542 2546 2653 2619 (47)
2709 2545 2881 2609 αὐτὸ,
2917 2544 3060 2599 οὐδὲ
3095 2541 3439 2612 ἐδιδάχθην»

160 2640 329 2698 ἀλλὰ
351 2641 424 2695 δι’
439 2642 877 2712 ἀποκαλύψεως
913 2642 1104 2712 Ἰησοῦ
1126 2644 1384 2711 Χριστοῦ
1405 2659 1418 2672 ·
1443 2644 1505 2698 τὸ
1527 2643 1753 2715 Πνεῦμα
1791 2643 1851 2704 τὸ
1878 2643 2388 2714 ἂγιον,ἀποστεῖλαν
2414 2642 2505 2696 τόν
2544 2659 2606 2696 τε
2655 2638 2868 2694 Παῦλον
2889 2639 2985 2694 καὶ
3029 2638 3120 2692 τὸν
3159 2636 3443 2708 Βαρνάϐαν

163 2738 438 2808 φαίνεται,
479 2739 711 2810 κηρῦξαι
733 2743 846 2804 τοῖς
871 2739 1046 2794 ἔθνεσι
1074 2739 1165 2793 τὸν
1186 2740 1442 2813 Χριστόν.

236 2831 324 2884 18.
358 2831 471 2884 Καὶ
504 2832 593 2885 ὁτὲ
633 2833 729 2904 μὲν
759 2833 824 2886 ὲκ
849 2831 1142 2904 προσώπου
1158 2832 1254 2885 τοῦ
1276 2832 1494 2904 Πατρδς
1526 2833 1640 2906 (48)
1660 2834 1756 2888 λα-

1939 2829 2198 2892 18.,1ιοηι
2237 2826 2532 2898 aliquando
2565 2840 2631 2880 ex
2680 2837 2915 2895 persona
2947 2821 3123 2878 Patris
3145 2823 3446 2892 loquuntur

164 2923 354 2978 λοῦσιν
375 2925 424 2978 οἱ
450 2925 743 2997 προφῆται,
774 2926 849 2990 ὡς
865 2926 992 2978 ὅταν
1015 2927 1072 2981 ἐν
1098 2925 1348 2997 Ψαλμοῖς
1373 2925 1508 3000 λέγῃ
1536 2929 1563 2980 6
1584 2927 1716 2991 Θεός
1739 2944 1752 2958 ·
1784 2930 1818 2986 C

1883 2925 2138 2993 implicatae
2163 2941 2178 2990 ;
2203 2930 2263 2976 ut
2296 2921 2349 2974 in
2381 2918 2616 2974 Psalmis
2661 2917 2736 2972 ait
2779 2915 2954 2971 Deus:
2984 2914 3157 2970 Semel
3179 2914 3362 2985 juravi
3392 2915 3448 2968 in

168 3016 364 3081 Ἀπαξ
390 3015 597 3087 ὤμοσα
627 3018 696 3072 ἐν
727 3017 807 3084 τῷ
840 3018 986 3088 ἁγίῳ
1003 3036 1147 3087 μου,
1170 3021 1240 3072 El
1276 3016 1357 3084 τῷ
1393 3019 1573 3073 Δαϐὶδ
1610 3019 1757 3088 ureti:-

167 3121 375 3178 σομαι,
409 3109 474 3162 τὸ
497 3108 736 3180 σπέρμα
753 3111 940 3165 αὐτοῦ
964 3113 1050 3177 εὶς
1081 3111 1190 3165 τὸν
1213 3110 1400 3166 αίῶνα
1429 3099 1620 3182 μενεῖ,
1659 3110 1759 3166 καὶ

171 3203 208 3254 ό
236 3203 451 3268 θρόνος
477 3203 664 3258 αὐτοῦ
685 3204 766 3269 ὡς
789 3207 822 3257 ό
841 3202 1018 3272 ἣλιος
1045 3204 1326 3258 ἐναντίον
1340 3222 1460 3275 μου
1493 3203 1602 3274 (49)
1628 3221 1640 3234 '
1665 3203 1770 3258 καὶ

173 3292 338 3345 πάλιν
364 3310 377 3322 ·
431 3295 526 3347 Ἐκ
549 3295 784 3364 καρποῦ
806 3294 920 3364 τῆς
948 3296 1183 3365 ὀσφύος
1212 3309 1330 3350 σου
1359 3295 1617 3367 θήσομαι
1659 3294 1760 3356 ἐπὶ

169 3385 283 3439 τοῦ
299 3387 516 3455 θρόνου
530 3403 648 3442 σου
663 3404 676 3418 ⁸
697 3387 791 3443 καὶ
811 3387 996 3452 καθὼς
1011 3390 1039 3441 6
1053 3388 1262 3460 Πέτρος
1277 3386 1470 3460 εἴρηκε
1489 3403 1502 3418 ’
1527 3384 1762 3456 Προφή-

171 3494 288 3548 της
318 3475 434 3535 οὖν
459 3479 748 3551 ὑπάρχων
769 3485 803 3536 ὁ
825 3480 1022 3546 Δαδὶὸ,
1085 3479 1187 3535 καὶ
1237 3480 1432 3548 εἰδὼς,
1473 3480 1564 3534 ὅτι
1606 3478 1763 3546 ὅρκῳ

175 3571 414 3641 ὤμοσεν
446 3572 608 3638 αὐτῷ
665 3577 699 3627 ὁ
755 3573 919 3640 Θεὸς,
967 3576 1037 3629 ἑκ
1085 3574 1317 3647 καρποῦ
1375 3572 1487 3643 τῆς
1533 3573 1763 3641 ὀσφύος

177 3664 367 3721 αὑτοῦ
399 3667 644 3722 καθίσαι
676 3667 785 3721 τὸν
802 3667 1071 3736 Χριστὸν.
1121 3667 1272 3729 κατὰ
1304 3666 1502 3736 σάρκα
1527 3663 1637 3736 (50)
1664 3663 1764 3718 ἐπὶ

178 3757 284 3812 τοῦ
307 3758 526 3826 θρόνου
580 3759 788 3814 αὐτοῦ·
819 3758 910 3813 ὁτὲ
943 3760 1001 3813 δὲ
1061 3762 1126 3813 ὲκ
1165 3756 1460 3831 προσώπου
1484 3755 1578 3810 τοῦ
1608 3752 1763 3821 Υἱοῦ,

179 3847 256 3912 ὡς
288 3849 417 3902 ὅταν
467 3847 603 3919 λέγῃ
653 3849 682 3902 6
717 3847 970 3920 Ἡσαΐᾳ.ςῄ
1011 3847 1155 3910 Τάδε
1197 3847 1359 3918 λέγει
1411 3847 1646 3914 Κύριος·
1683 3845 1764 3898 Δι’

181 3939 336 4009 ὑμᾶς
357 3941 688 4007 διαπαντὸς
714 3940 828 4014 (51)
855 3940 922 3994 τὸ
950 3939 1140 4012 ὄνομά
1162 3958 1282 4010 μου
1310 3936 1767 4008 ,ϐλασφημεῖται

181 4030 252 4085 ἐν
280 4030 405 4098 τοῖς
454 4032 682 4088 ἔθνεσι.
714 4034 818 4087 Διὰ
867 4031 1047 4087 τοῦτο
1079 4030 1372 4101 γνώσεται
1421 4032 1453 4084 ὁ
1481 4029 1630 4095 λαός
1648 4045 1766 4097 μου

171 4123 252 4177 cr
291 4121 368 4193 τῇ
394 4122 587 4194 ἡμέρᾳ
616 4125 820 4194 ἐκείνῃ
851 4125 916 4179 τὸ
965 4113 1153 4193 ὄνομά
1175 4140 1316 4192 μουο
1358 4123 1449 4176 ὅτι
1481 4120 1596 4190 ἐγώ
1629 4123 1765 4189 ειμι,

182 4213 366 4280 αὐτὸς
408 4217 443 4269 ό
468 4213 678 4270 λαλῶν
733 4213 992 4283 πάρειμιο
1024 4197 1119 4266 ὁτὲ
1137 4211 1193 4265 δὲ
1241 4214 1304 4265 έκ
1346 4209 1640 4282 προσώπου
1672 4208 1767 4262 τοῦ

1860 3023 2043 3069 sancto
2069 3029 2203 3074 meo,
2238 3009 2298 3066 Si
2324 3009 2498 3063 David
2541 3007 2788 3071 mentiar,
2821 3023 2997 3061 semen
3029 3006 3143 3076 ejus
3184 3006 3241 3059 in
3288 3014 3448 3059 a'ter-

1861 3121 1985 3158 num
2019 3101 2284 3166 manebit;
2319 3111 2369 3156 et
2412 3100 2630 3153 thronus
2657 3099 2771 3168 ejus
2801 3099 2941 3152 sicut
2967 3099 3048 3151 sol
3082 3099 3137 3152 in
3166 3107 3448 3167 conspectu

1861 3213 1973 3251 meo
2003 3197 2046 3226 ⁸³
2069 3213 2084 3250 :
2115 3206 2167 3249 et
2193 3207 2414 3248 rursum
2441 3210 2453 3245 :
2477 3191 2550 3245 De
2574 3190 2750 3260 fructu
2770 3190 2963 3244 ventris
2988 3190 3065 3242 tui
3082 3205 3274 3259 ponam
3292 3204 3449 3258 super

1861 3288 2035 3343 sedem
2067 3296 2214 3341 tuam
2229 3284 2302 3352 ⁶²;
2329 3293 2383 3338 et
2405 3284 2566 3359 sicuti
2590 3281 2785 3337 Petrus
2804 3282 2941 3336 dixit
2963 3299 2976 3335 :
3001 3279 3270 3349 Propheta
3284 3280 3447 3349 707

1861 3382 2025 3452 igitur
2055 3395 2173 3434 cum
2199 3386 2330 3432 esset
2365 3376 2553 3442 David,
2577 3384 2626 3431 et
2648 3375 2806 3430 sciret
2831 3377 2955 3445 quia
2972 3373 3325 3443 jurejurando
3347 3373 3447 3442 ju-

1864 3481 2030 3527 rasset
2056 3471 2139 3524 illi
2159 3469 2320 3535 Deus,
2337 3468 2401 3522 de
2422 3468 2600 3538 {ructu
2626 3465 2791 3521 lumbi
2822 3467 2958 3533 eius,
2983 3465 3160 3519 sedere
3178 3462 3449 3519 Christum

1862 3563 2150 3620 secundum
2179 3576 2390 3614 carnem
2437 3557 2869 3628 superjthronum
2899 3557 3012 3624 eius
3036 3558 3080 3589 “
3105 3577 3118 3613 :
3153 3557 3449 3628 aliquando

1864 3671 1930 3712 ex
1979 3669 2212 3726 persona
2257 3651 2422 3718 Filii;
2461 3659 2518 3704 ut
2552 3664 2676 3704 cum
2710 3649 2844 3704 dicit
2893 3649 3065 3705 Isaias
3099 3669 3110 3704 :
3145 3649 3278 3704 ιιωο
3318 3651 3452 3704 dicit

1865 3748 2126 3803 Dominus
2153 3763 2170 3799 :
2190 3743 2420 3814 Propter
2446 3759 2534 3798 vos
2554 3743 2757 3813 jugiter
2787 3757 2973 3796 nomen
3004 3759 3176 3796 meum
3210 3742 3452 3812 blasphe-

1867 3849 2048 3895 matur
2083 3840 2138 3892 in
2179 3837 2436 3908 gentibus.
2472 3834 2699 3905 Propter
2733 3835 2829 3888 hoc
2875 3835 3001 3888 sciet
3050 3834 3273 3904 populus
3305 3849 3449 3887 meus

1867 3944 2054 3983 nomen
2092 3943 2263 3980 meum
2296 3927 2353 3979 in
2391 3924 2476 3979 die
2502 3924 2602 3979 illa
2624 3942 2643 3979 .'
2676 3927 2805 3995 quia
2831 3941 2923 3995 ego
2946 3941 3086 3989 sum,
3114 3925 3225 3994 ipse
3251 3924 3341 3994 qui
3371 3923 3452 3977 lo-

1869 4039 2001 4093 quor
2029 4021 2216 4075 adsum
2236 4023 2316 4086 ⁶³;
2346 4019 2674 4088 quandoque
2702 4027 2885 4072 autem
2913 4032 2980 4072 ex
3014 4033 3249 4088 persona
3279 4015 3452 4086 Spiri-

1878 4127 1967 4172 tus
1991 4114 2163 4169 sancti
2188 4113 2322 4185 (52),
2351 4122 2412 4167 ut
2438 4128 2560 4168 cum
2581 4112 2842 4182 propheta
2863 4110 3080 4180 quidem
3100 4109 3315 4179 Agabus
3343 4109 3448 4163 ait:

1873 4206 2003 4262 Haec
2045 4206 2177 4260 dicit
2225 4203 2459 4277 Spiritus
2501 4212 2712 4257 sanctus
2744 4217 2762 4256 :
2801 4201 2987 4255 Virum
3012 4201 3162 4271 cujus
3201 4210 3278 4255 est
3317 4216 3453 4254 zona

255 4351 303 4383 ⁸³
341 4349 446 4408 Isa.
480 4353 638 4416 uni,
669 4352 758 4418 15,
796 4352 879 4406 14.
959 4352 1005 4383 ’δ
1047 4348 1222 4403 lCor.
1249 4366 1304 4411 x,
1338 4349 1372 4403 4
1468 4346 1523 4418 δῖ
1555 4345 1734 4418 Galat.
1775 4363 1814 4409 ι,

1883 4347 2085 4418 5,16,
2118 4347 2177 4418 Α⁵⁶
2216 4344 2438 4418 Βοιηέι,
2466 4343 2522 4418 β.
2598 4345 2644 4377 ⁸⁷
2682 4341 3110 4418 Act._;txu,__2l.
3185 4343 3232 4375 ⁸⁸
3272 4342 3447 4418 ϐψς.-

186 4438 226 4485 1,
265 4421 318 4476 1.
413 4423 461 4455 δ’
499 4422 756 4485 ibidtu.

187 4493 235 4526 “
271 4489 374 4548 lsa.
407 4506 508 4558 LII,
539 4490 714 4559 5,,6.“

260 4607 372 4686 (43)
410 4611 710 4686 Kaigdeesj
743 4608 1132 4686 Seg._Gobl.
1166 4617 1221 4668 at
1248 4607 1490 4686 F_el_cktn.
1522 4605 1765 4686 l._Paulo

187 4678 309 4756 post
334 4682 553 4756 Gobler.
580 4693 639 4756 et_
668 4678 922 4756 Felckmf
940 4681 992 4748 1,
1029 4679 1230 4751 γράφει
1271 4683 1298 4734 ὁ
1327 4679 1540 4744 Παῦλος
1567 4678 1774 4747 λέγων..

191 4753 317 4818 Seg.
342 4756 370 4807 6
397 4753 608 4818 Παῦλος
628 4753 798 4818 λέγει.

302 4795 317 4810 .
342 4773 370 4807 ο
398 4773 608 4818 uanae;
630 4773 689 4806 Αε
730 4773 798 4806 ει.

263 4773 372 4891 (ΞΗ)
413 4824 490 4878 lta
521 4823 646 4894 Seg.
683 4773 841 4878 (gobl.
871 4832 924 4878 et
941 4820 1191 4894 ,Felckm.
1212 4821 1276 4894 1.
1309 4820 1462 4894 ΕρἱΣ
1482 4830 1535 4878 et
1549 4821 1676 4894 _alii,
1707 4821 1767 4884 ἐν

189 4891 652 4964 ὲμοί.⁹Ρωμαίους
681 4893 808 4960 ὑπό,
843 4892 1061 4964 omissis
1102 4892 1317 4964 mediis.
1355 4892 1488 4964 |_bid.
1545 4891 1772 4964 Seguee

189 4913 331 5022 ἔμοι.
364 4913 652 4964 τωμαιους
681 4913 808 4960 υπο,
843 4913 1061 4948 OIIHSSIS
1102 4913 1317 4948 means.
1355 4913 1488 4976 IDIU'.
1545 4913 1666 4964 veg.
1696 4913 1766 4973 'Cl

235 4965 813 5034 ειςΚιη.,1,ῗΡωμαίοις
843 4964 901 5017 δὲ
939 4963 1167 5034 γράφων
1198 4962 1322 5017 ὑπό.
1357 4961 1518 5018 Baetl.
1554 4961 1766 5033 Anglic.

187 5045 244 5094 et
280 5034 518 5091 Felckm.
547 5035 678 5102 2,ut
702 5037 758 5089 in
784 5044 954 5090 textu.

262 5105 370 5176 (45)
409 5103 772 5176 nglerianus
801 5114 856 5160 et
884 5104 1122 5162 Felckm.
1149 5104 1201 5167 1,
1230 5103 1589 5176 κεκλημένον.
1612 5101 1770 5176 Infra

192 5174 413 5246 Seguer.
433 5174 670 5239 Cobler.
701 5176 939 5230 Felckm.
968 5180 994 5232 1
1021 5187 1075 5232 et
1097 5177 1154 5241 2,
1172 5175 1273 5246 τοῦ
1297 5174 1475 5246 Ἰησοῦ
1498 5175 1766 5237 εἰπόντος.

192 5244 296 5304 Alii
325 5258 376 5304 et
407 5246 559 5316 editi,
585 5246 838 5315 τοῦΥἱοῦ
858 5248 1134 5316 εἰπόντος.
1166 5244 1371 5316 Ibidem
1403 5244 1772 5316 Seguerianus

195 5315 467 5401 εοιμεν.τιῑ›
487 5314 689 5401 liciis)
721 5315 881 5401 εξετδ
905 5318 1078 5401 ἱερόν
1111 5314 1380 5401 Herem
1397 5314 1771 5401 ξιςζξθγηημεξι·

192 5383 475 5460 κρὰν.έγῲ
506 5383 904 5460 ἐξαποστέλλω.
955 5383 1102 5460 infra
1136 5383 1300 5449 idem,
1328 5385 1448 5439 οὐδὲ
1471 5384 1536 5438 δι’
1543 5383 1773 5460 ἀνθρώ-

196 5454 320 5522 που,
347 5454 504 5524 ἀλλά,
534 5467 588 5512 et
619 5459 699 5513 sic
735 5457 958 5514 Graecus
1000 5458 1285 5526 scriptura:
1318 5465 1515 5511 textus.
1543 5454 1686 5510 Editi
1719 5463 1772 5509 et

195 5529 307 5592 alii,
345 5527 415 5592 δι’
445 5527 772 5592 ἀνθρώπων.

267 5597 377 5666 (46)
417 5596 510 5654 Sic
537 5594 898 5655 G'oblerianus
918 5605 972 5652 et
991 5595 1231 5666 Felckm.
1257 5595 1312 5650 2.
1349 5594 1474 5665 Seg.
1507 5610 1658 5660 vero,
1679 5594 1772 5647 καὶ

200 5665 315 5741 μετ’
345 5667 525 5738 ὀλίγον
547 5668 605 5722 δέ
634 5685 798 5741 φησιν
845 5668 874 5719 6
915 5667 1097 5741 αὐτὸς.
1131 5665 1273 5741 Editi
1302 5676 1355 5741 et
1381 5667 1494 5732 alii,
1518 5667 1621 5741 Δκαὶ
1657 5665 1771 5736 μετ’

199 5735 351 5811 ὀλίγα
374 5735 671 5812 φήσαντος.
699 5735 832 5796 Mox
861 5738 1018 5794 τοῦτο
1043 5739 1195 5797 deest
1224 5737 1279 5793 in
1306 5735 1664 5809 Segueriano.

869 4421 914 4452 ⁸⁸
952 4421 1074 4478 Act.
1105 4435 1226 4486 xut,
1255 4419 1311 4474 2.

1412 4419 1455 4450 ⁶¹
1494 4415 1643 4471 Psal.
1676 4433 1944 4482 Lxxxvut,
1969 4415 2174 4476 56-58..

2273 4415 2739 4481 5"7Psal.,cx311,
2795 4414 2884 4468 11.
2985 4413 3031 4445 ⁸³
3069 4412 3193 4468 Act.
3237 4429 3301 4480 ιι,
3358 4414 3446 4468 50.

1943 4608 2055 4678 (47)
2096 4607 2313 4662 Gobler.
2341 4617 2396 4664 et
2424 4606 2665 4664 Felckm.
2694 4605 2748 4673 1,
2797 4603 3005 4658 ἔλαϐον.
3036 4601 3180 4660 Editi
3225 4618 3354 4658 vero
3394 4612 3450 4660 et

1874 4680 1986 4742 alii,
2016 4678 2346 4749 παρέλαβον.

1947 4749 2059 4818 (48)
2103 4742 2196 4803 Sic
2223 4747 2545 4819 Seguerian.
2576 4744 2888 4819 Goblerian.
2917 4742 3155 4819 Felckm_.
3180 4743 3232 4811 1,
3254 4743 3290 4797 2
3307 4744 3448 4819 et},

1874 4828 1930 4876 et
1956 4813 2103 4899 rel-te
2140 4813 2382 4899 quidem,
2409 4829 2470 4873 ut
2492 4826 2734 4899 patetnex
2762 4813 3253 4899 subsequentibus.
3282 4813 3446 4899 “Edlli

1873 4900 1928 4945 et
1959 4884 2182 4960 alii,:o§
2212 4884 2552 4960 Πνεύματος.
2581 4885 2730 4960 infra
2761 4884 3150 4960 Seguerianus,
3179 4884 3255 4960 ώς
3279 4885 3366 4960 ῆτε
3393 4886 3451 4960 έν

1873 4953 2124 5031 Ψαλμοῖς
2155 4959 2338 5031 λέγει.
2359 4953 2738 5031 :Coblerianus
2769 4964 2823 5031 et
2842 4953 3168 5031 ’lj‘elclsman.
3199 4956 3255 5031 1,
3284 4955 3360 5031 ᾡς
3393 4956 3451 5031 ἒν

1873 5024 2124 5103 Ψαλμοῖς
2153 5024 2308 5103 λέγῃ.
2357 5029 2499 5084 Editi
2533 5038 2588 5084 et
2615 5027 2815 5092 caeteri,
2851 5025 2927 5086 ὡς
2961 5025 3089 5079 ὅταν
3113 5027 3172 5078 ὲν
3199 5024 3454 5096 Ψαλμοῖς

1874 5102 2058 5241 Mals)
2099 5166 2801 5241 Anglicanus'prosequitur
2824 5179 3042 5241 versum
3062 5165 3278 5241 psalmi,
3299 5167 3453 5241 έναν-

1871 5235 1986 5294 τίον
2013 5235 2137 5311 μου,
2163 5235 2258 5293 καὶ
2278 5239 2355 5302 ὡς
2383 5235 2580 5308 σελήνη
2603 5235 3010 5306 κατηρτισμένη
3041 5238 3122 5300 εἰς
3141 5235 3234 5288 τὸν
3258 5235 3450 5316 αἰώνα.

1876 5311 2001 5366 Mox
2029 5310 2186 5366 Gobl.
2216 5319 2271 5364 et
2304 5307 2544 5363 Felckm.
2580 5309 2633 5366 5.
2666 5307 2759 5359 ἐπὶ
2787 5306 2879 5358 τὸν
2911 5305 3098 5366 θρόνον
3127 5323 3240 5359 σου.
3271 5305 3373 5358 ΑΙιι
3403 5318 3456 5356 et

1878 5323 2001 5367 Mox
2029 5323 2186 5366 UODI.
2216 5323 2271 5364 et
2304 5323 2544 5363 remum.
2580 5323 2633 5372 ἱ),
2666 5323 2759 5359 επι
2787 5323 2879 5358 τον
2911 5323 3098 5378 υρονον
3127 5323 3240 5367 σου.
3271 5323 3373 5358 Alli
3403 5323 3456 5356 et

1877 5383 2031 5447 editi,
2062 5381 2164 5451 snt
2192 5380 2288 5433 τοῦ
2327 5379 2519 5451 θρόνου
2557 5395 2670 5451 σου.
2711 5376 2844 5430 Ibid.
2877 5374 3023 5446 $63.,
3064 5393 3178 5428 σου.
3205 5375 3402 5436 Καθὼς
3427 5376 3456 5427 ὁ

1878 5446 2085 5516 Πέτρος
2115 5446 2520 5516 εἷπεν,οἰιιὶδδο
2549 5447 2661 5500 καί.
3009 5514 3016 5516 _
3113 5514 3143 5516 __
3250 5512 3270 5516 _
3345 5463 3356 5468 '

1951 5512 2078 5594 (30)
2105 5521 2183 5594 Ita
2227 5512 2349 5594 Seg.
2392 5519 2547 5594 Cobl.
2585 5517 2823 5572 Felckm.
2855 5516 2882 5570 1
2911 5524 2965 5570 et
2991 5514 3203 5585 Anglic.
3250 5512 3309 5568 In
3340 5515 3457 5570 edi-

1883 5591 1973 5657 tis,
2004 5591 2146 5664 κατὰ
2181 5591 2552 5664 capuadeest.

1953 5652 2070 5731 (51).
2105 5652 2409 5724 Διαπόιντός
2438 5661 2588 5731 deest
2623 5674 2674 5711 tn
2712 5657 2869 5731 Gobl.
2901 5665 2956 5713 et
2982 5655 3220 5712 Felckm.
3251 5656 3302 5712 1.
3343 5652 3456 5709 An-

1880 5729 2077 5805 glican.
2104 5746 2232 5790 vero
2263 5731 2444 5802 habet,
2473 5730 2559 5785 διὰ
2592 5729 2808 5791 παντός.
