3810 6228
219 290 394 344 ιοιτ
1185 283 1275 338 DE
1313 279 1822 337 INCARNATIONE
1853 279 1943 334 ET
1980 277 2263 335 CONTRA
2295 259 2615 332 Animos;
3382 271 3518 328 iois

220 404 309 457 τὰ
340 403 536 457 πάντα
585 398 849 472 ’τιτληροῖὑν⁹
912 397 1021 451 Kal
1058 396 1178 452 ἀπὸ
1220 397 1327 450 τοῦ
1360 393 1681 464 προσώπου
1725 407 1802 447 σο

1944 392 2051 446 nisi
2097 391 2270 447 Filius
2315 389 2410 460 qui
2442 404 2508 444 ex
2562 387 2795 445 mortuis
2835 387 3168 444 resurrexit?
3205 385 3274 443 Et
3303 403 3428 444 cum
3462 393 3518 443 in

225 496 370 550 ποῦ
413 497 620 565 satira);
660 493 794 547 Ἐὰν
817 491 1016 547 ἀναδῶ
1048 493 1133 557 εὶς
1161 490 1271 545 τὸν
1297 489 1576 558 οἰιρανὸν,
1610 488 1690 542 σὺ
1719 487 1803 542 ex:

1942 483 2166 538 Actibus
2197 481 2506 552 Stephanus
2527 481 2704 536 dicat:
2733 479 2871 534 Deus
2894 479 3080 550 gloria:
3109 480 3251 533 visus
3272 487 3350 534 est
3375 481 3516 548 patri

224 583 315 640 εἷο
349 586 472 639 ἐὰν
503 581 738 638 καταϐῶ
761 585 848 648 εις
873 581 981 635 τὸν
1007 581 1182 648 ᾅδην,
1205 581 1396 649 πάρει.
1446 579 1540 642 Τίς
1583 578 1640 632 δὲ
1663 595 1841 648 παρα⁹

226 678 485 745 γέγονεν
510 679 590 740 εἰς
615 675 706 729 τὸν
727 674 863 747 ᾅδην
894 673 943 726 εἰ
980 672 1055 744 μὴ
1089 673 1118 724 6
1147 671 1275 734 Υἱὸς
1307 673 1336 723 6
1383 672 1448 723 ὲκ
1479 668 1688 740 νεκρῶν
1722 667 1836 740 (62)

228 767 527 833 ἀναστάςς
577 767 672 820 καὶ
716 766 806 819 ὅτε
852 764 950 836 μὲν
1006 762 1154 831 λέγει
1213 763 1242 814 6
1295 760 1567 830 Στέφανος
1616 761 1674 812 ὲν
1716 761 1840 822 ταῖς

228 859 548 931 Πράξεσιψ
588 857 644 908 Ὁ
712 855 858 921 Θεὸς
921 853 1035 922 τῆς
1093 851 1278 919 δόξης
1321 851 1489 920 ὤφθη
1535 849 1616 916 τῷ
1657 851 1835 918 πατρὶ

230 948 426 1018 ἡμῶν
460 946 821 1016 Ἀϐραάμοτὰ
853 944 994 1000 αὐτὰ
1052 945 1148 998 κα)⁵
1189 944 1318 1014 περὶ
1369 941 1501 996 Υἱοῦ
1549 944 1578 996 6
1626 942 1838 1006 Παῦλος

229 1040 422 1110 λέγει·
449 1041 518 1092 El
541 1038 652 1108 γὰρ
695 1036 990 1106 ἔγνωσαν,
1045 1037 1159 1088 οὐκ
1204 1032 1281 1087 ἂν
1315 1032 1423 1087 τόν
1467 1035 1686 1100 Κύριον
1723 1033 1835 1102 τῆς

231 1131 440 1198 δόξης
463 1129 874 1197 ἐσταύρωσαν·
906 1125 1104 1197 ὁμοίως
1135 1124 1193 1178 δὲ
1247 1123 1342 1177 καὶ
1383 1125 1412 1176 6
1448 1123 1611 1176 Aa6‘t6
1640 1123 1788 1190 λέγει
1817 1141 1832 1157 ·

230 1224 466 1291 Κύριος
495 1220 614 1274 τῶν
668 1217 979 1290 δυνάμεων
1026 1217 1209 1282 αὐτός
1234 1216 1406 1270 ἐστιν
1452 1218 1486 1268 ὁ
1533 1215 1834 1281 βασιλεὺς

231 1315 359 1382 τῆς
421 1313 627 1380 δόξης.
683 1311 798 1366 Μία
849 1310 962 1382 γὰρ
1006 1307 1133 1374 δόξα
1182 1307 1398 1379 Πατρδς
1447 1308 1543 1360 καὶ
1582 1304 1714 1360 Υἱοῦ
1738 1308 1832 1360 καὶ

232 1406 406 1474 ἁγίου
436 1404 771 1475 Πνεῦματοςο
793 1401 914 1470 Τὴν
933 1401 1122 1466 δόξαν
1151 1417 1291 1469 μου,
1351 1399 1516 1468 φησὶν
1547 1399 1580 1469 ὴ
1614 1397 1828 1469 Γραφὴ,

231 1495 430 1564 ἑτέρῳ
454 1497 526 1550 οὐ
554 1494 744 1548 δώσω·
781 1493 843 1546 οὐ
874 1491 984 1563 γάρ
1014 1493 1131 1544 ἐστι
1173 1489 1423 1561 δεύτερος
1465 1489 1596 1551 Θεὸς
1623 1492 1652 1542 6
1679 1489 1826 1553 Υἱὸς,

233 1586 382 1640 ἀλλὰ
412 1586 584 1655 Λόγος
612 1584 707 1638 τοῦ
741 1585 858 1648 ἐνὸς
895 1585 990 1637 καὶ
1017 1583 1178 1654 μόνου
1205 1581 1370 1646 Θεοῦ,
1413 1581 1827 1654 θεολογούμενος

234 1681 299 1732 ὲν
321 1679 524 1749 Πατρὶ,
554 1679 630 1742 ὡς
655 1679 748 1730 καὶ
769 1679 797 1731 6
825 1675 1011 1748 Πατὴρ
1036 1677 1093 1728 ἐν
1140 1673 1254 1744 Υἰῷ
1305 1673 1651 1744 Θεολογεῖται·
1689 1675 1823 1738 καθ-

1941 587 2120 629 nostro
2142 576 2411 630 Abraham
2434 574 2513 629 διε
2543 573 2661 628 haec
2679 571 2794 642 ipsa
2818 571 2887 626 de
2911 571 3050 625 Filio
3072 585 3291 640 quoque
3314 569 3516 625 Paulus

1939 669 2016 722 ait
2039 682 2054 721 :
2088 669 2150 722 Si
2168 668 2305 722 enim
2331 666 2707 738 cognovissent,
2740 680 3005 734 nunquam
3022 663 3305 717 Dominum
3332 662 3517 733 gloria

1938 760 2323 829 cruciﬁxissent
2345 759 2411 814 ⁸³.
2440 758 2704 813 Similiter
2720 755 2889 812 David
2923 773 2937 810 :
2965 755 3222 810 Dominus
3257 755 3515 809 virtutum

1935 852 2045 919 ipse
2075 862 2152 916 est
2182 866 2276 904 rea:
2297 849 2539 921 gloriae”
2581 867 2595 905 :
2625 865 2731 904 una
2757 849 2902 904 enim
2929 848 3098 918 gloria
3116 847 3292 901 Patris
3312 857 3367 901 et
3387 845 3513 900 Filii

1934 951 1990 997 et
2020 942 2258 1013 Spirilus
2281 944 2476 998 sancti.
2509 941 2748 996 Gloriam
2775 956 2968 1004 meam,
3000 940 3078 994 ait
3109 939 3410 1008 Scriptura,
3433 938 3513 990 al-

1937 1035 2038 1088 teri
2073 1051 2176 1087 non
2223 1013 2359 1087 dabo
2375 1035 2455 1088 8“z
2490 1049 2664 1103 neque
2691 1032 2834 1086 enim
2863 1030 3037 1086 Filius
3064 1039 3146 1086 cst
3173 1032 3308 1085 alter
3338 1029 3506 1095 Deus,

1933 1127 2029 1180 Sed
2055 1123 2292 1180 Verbum
2324 1123 2488 1178 unius
2515 1132 2570 1177 et
2603 1123 2776 1176 solius
2798 1120 2914 1186 Dei,
2939 1119 3084 1190 quod
3111 1119 3253 1176 Deus
3276 1119 3328 1172 in
3349 1118 3509 1176 Patre

1931 1217 2150 1281 dicitur,
2185 1225 2246 1271 ut
2276 1223 2331 1270 et
2360 1214 2522 1269 Pater
2547 1214 2692 1268 Deus
2720 1213 2773 1267 in
2800 1211 2938 1266 Filio
2957 1219 3216 1278 vocatur;
3241 1210 3319 1264 uti
3337 1209 3509 1265 Isaias

1930 1306 2130 1361 Filium
2163 1321 2270 1361 una
2297 1320 2421 1360 cum
2461 1304 2619 1358 Patre
2664 1301 2834 1357 Deum
2871 1300 3080 1367 dicens,
3106 1301 3216 1355 ait:
3246 1301 3411 1370 708
3436 1297 3508 1354 Te

1931 1399 2253 1463 adorabunt,
2287 1412 2335 1453 et
2367 1399 2424 1451 in
2460 1407 2506 1451 te
2543 1396 2938 1466 precabantur:
2969 1395 3217 1465 quoniam
3255 1394 3308 1447 in
3346 1403 3392 1447 te
3426 1401 3506 1447 est

1927 1489 2096 1552 Deus,
2144 1498 2194 1542 et
2242 1495 2436 1558 praeter
2467 1496 2517 1542 te
2546 1503 2647 1540 non
2680 1495 2759 1540 est
2792 1485 2956 1540 Deus.
2983 1483 3060 1538 Tu
3093 1485 3233 1537 enim
3259 1499 3313 1537 es
3340 1483 3502 1545 Deus,

1925 1591 1973 1634 et
2003 1580 2336 1642 nescivimus,
2361 1580 2500 1632 Deus
2527 1575 2699 1630 Israel
2726 1575 2993 1630 Salvator.
3024 1571 3434 1642 Confundentur
3452 1579 3505 1626 et

1927 1670 2228 1729 erubescent
2250 1685 2430 1722 ontnes
2452 1669 2540 1738 qui
2568 1667 2918 1721 adversantur
2943 1665 3105 1719 illi".
3129 1665 3502 1719 Adversantur

236 1767 320 1832 ὼς
355 1739 460 1821 καὶ.
508 1739 622 1838 (65)
669 1767 893 1830 Ἡσαΐας
930 1739 1076 1834 λέγει
1112 1739 1378 1834 θεολογῶν
1432 1739 1560 1820 Ῠίδν
1591 1767 1687 1820 σὺν
1715 1767 1803 1819 Πα¹

1926 1771 2105 1818 autem
2132 1763 2205 1817 illi
2231 1762 2325 1833 qui
2352 1776 2461 1816 non
2485 1762 2812 1816 conlitentur
2837 1773 2962 1812 eum
2992 1766 3046 1811 et
3069 1755 3334 1826 Spiritum
3382 1757 3501 1827 ejus

237 1857 356 1929 τρί·
377 1857 491 1910 Kal
529 1856 1034 1926 προσκυνήσουσί
1059 1870 1160 1910 σοι
1191 1857 1286 1909 καὶ
1329 1856 1399 1909 ἐν
1433 1856 1531 1910 σοὶ
1563 1858 1823 1925 προσεύ-

236 1953 472 2013 (imae,
499 1949 586 2002 ὅτι
622 1950 690 2002 ἐν
722 1948 822 2003 σοι
868 1951 902 2002 ό
952 1949 1096 2014 Θεός
1138 1948 1292 2011 ἐστι,
1347 1948 1448 2001 καὶ
1493 1947 1660 2017 πλὴν
1705 1949 1822 2004 σοῦ

239 2041 392 2107 Θεὸς
408 2044 519 2096 οὐκ
550 2041 704 2094 ἐστι.
727 2041 812 2094 Σὺ
839 2041 948 2109 γὰρ
963 2036 1023 2094 εἷ
1039 2043 1072 2095 ό
1097 2041 1262 2107 Θεὸς,
1281 2042 1378 2096 και
1411 2043 1522 2096 οὐκ
1555 2041 1818 2111 ᾔδειμεν,

239 2134 390 2200 Θεὸς
427 2133 532 2188 τοῦ
575 2133 813 2202 Ἰσραὴλ
869 2131 1092 2201 Σωτήρ.
1145 2133 1670 2204 Αὶσχυνθήσονται
1721 2134 1819 2187 καὶ
1869 2191 1876 2196 α

235 2225 717 2296 ἐντραπήσονται
779 2227 1003 2295 πάντες
1062 2231 1118 2283 ol
1189 2229 1585 2300 ἀντικείμενοι
1633 2229 1812 2295 αὐτῷ.

249 2315 603 2367 Ἀντίκεινται
632 2313 688 2367 δὲ
715 2314 863 2386 αὐτῷ
887 2315 997 2385 (64)
1044 2317 1092 2369 οἱ
1127 2317 1200 2389 μὴ
1234 2318 1618 2389 ὁμολογοῦντες
1655 2320 1816 2373 αὑτὸν

234 2405 334 2459 καὶ
362 2406 424 2458 τὸ
446 2405 667 2476 Πνεῦμα
686 2405 851 2461 αὑτοῦ
896 2408 997 2478 τῆς
1041 2409 1208 2480 αὐτῆς
1255 2409 1334 2481 τῷ
1382 2411 1557 2481 Πατρὶ
1605 2411 1812 2474 οὐσίας,

236 2497 333 2550 καὶ
366 2497 503 2568 πλὴν
528 2497 692 2552 αὐτοῦ
722 2499 797 2572 μὴ
823 2495 960 2554 εἶναι
997 2499 1150 2564 Θεὸν,
1191 2500 1285 2554 καὶ
1339 2503 1387 2554 οἱ
1417 2502 1480 2555 τὸ
1511 2501 1682 2566 πάθος
1719 2504 1815 2556 αὐ-

233 2587 331 2641 τοῦ
385 2589 480 2642 καὶ
528 2589 626 2661 τὴν
651 2591 922 2661 πτωχείαν
957 2593 1421 2663 ὲπαισχυνόμενοι.
1468 2594 1654 2657 Οὐδεὶς
1703 2594 1812 2666 γὰρ

233 2680 455 2734 δύναται
501 2681 702 2750 γνῶναι
762 2677 916 2747 Θεὸν,
940 2681 1036 2737 ἐὰν
1071 2682 1146 2754 μὴ
1182 2683 1274 2737 τὸν
1305 2684 1683 2756 σταυρωθέντα
1718 2686 1811 2740 καὶ

236 2777 303 2827 ἐκ
329 2771 539 2844 νεκρῶν
563 2772 871 2826 ἀναστάντα
923 2773 1229 2846 ὁμολογήσῃ
1271 2775 1368 2829 σὺν
1405 2774 1486 2846 τῷ
1529 2777 1811 2848 ἀποστόλῳ

234 2865 405 2936 Θωμᾷ
437 2863 546 2935 (65)
575 2863 780 2936 Κύριον
810 2865 904 2918 καὶ
949 2865 1081 2919 Θεὸν
1126 2865 1218 2920 τὸν
1269 2865 1494 2935 λέγοντα
1533 2870 1649 2932 τοῖς
1674 2869 1810 2922 ἀπο-

237 2957 442 3020 στόλοις
475 2956 660 3010 αὐτοῦ·
689 2958 758 3010 El
789 2957 899 3026 γὰρ
929 2956 1239 3026 ἐγνώκειτέ
1275 2975 1372 3027 με,
1408 2959 1509 3013 καὶ
1556 2959 1664 3014 τὸν
1684 2963 1806 3014 Πα-

1924 1873 2045 1912 esse
2074 1858 2316 1927 ejusdem
2341 1855 2665 1912 substantiae
2697 1854 2856 1923 cujus
2881 1860 2966 1908 est
2990 1850 3170 1916 Pater,
3212 1860 3267 1906 et
3300 1862 3496 1922 praeter

1924 1948 2074 2002 illum
2115 1963 2222 2002 non
2259 1961 2382 2001 esse
2419 1944 2614 2007 Deum,
2662 1957 2873 1998 necnon
2913 1941 2973 2008 ii,
3004 1956 3144 2010 quos
3174 1941 3338 2012 pudet
3376 1957 3500 2010 pas-

1921 2039 2096 2094 sionis
2125 2047 2180 2093 et
2214 2037 2414 2108 inopiae
2441 2037 2581 2108 ejus.
2622 2035 2794 2091 Nemo
2831 2037 2978 2090 enim
3011 2035 3178 2090 Deum
3211 2049 3372 2090 nosse
3402 2051 3497 2104 po-

1919 2141 2044 2196 test,
2085 2131 2193 2188 nisi
2235 2147 2361 2187 eum
2391 2132 2486 2202 qui
2516 2129 2812 2187 cruciﬁxus
2849 2138 2953 2195 est,
2987 2137 3041 2183 et
3060 2143 3128 2182 ex
3155 2127 3384 2182 mortuis
3413 2143 3497 2181 re-

1917 2227 2174 2290 surrexit,
2199 2241 2324 2280 cum
2353 2231 2544 2280 sancto
2582 2221 2793 2277 Thoma
2838 2220 3130 2276 Dominum
3165 2219 3333 2274 Deum
3359 2235 3488 2274 con-

1917 2320 2133 2374 ﬁteatur
2153 2321 2220 2383 ⁸⁸,
2251 2317 2346 2386 qui
2375 2317 2508 2371 dicit
2547 2315 2834 2383 discipulis
2863 2313 2982 2368 suis
3008 2330 3022 2367 :
3048 2310 3110 2367 Si
3141 2313 3278 2366 enim
3302 2326 3494 2380 cogno-

1915 2411 2117 2464 vissetis
2150 2425 2250 2475 me,
2276 2419 2326 2464 rt
2365 2408 2586 2463 Patrem
2616 2423 2788 2462 meum
2825 2406 3005 2475 utique
3033 2403 3418 2474 cognovissetis,
3443 2411 3493 2456 et

1913 2503 2103 2558 antado
2135 2503 2447 2573 cognoscitis
2468 2517 2608 2563 eum,
2640 2509 2690 2554 et
2721 2499 2930 2553 vidistis
2959 2511 3100 2551 eum.
3125 2495 3268 2549 Dicit
3293 2496 3341 2548 ei
3363 2494 3492 2547 Plii-

1911 2597 2082 2666 lippus
2105 2611 2125 2650 :
2144 2594 2386 2659 Domine,
2413 2593 2629 2648 ostende
2653 2590 2800 2646 nobis
2831 2589 3069 2653 Patrem,
3095 2597 3145 2643 et
3173 2589 3359 2657 suﬁicit
3391 2604 3490 2640 no-

1911 2689 2011 2742 bis.
2045 2688 2186 2742 Dicit
2213 2688 2260 2742 ei
2279 2686 2434 2742 Iesus
2463 2701 2481 2739 :
2516 2685 2689 2742 Tanto
2723 2692 2949 2752 tempore
2979 2681 3246 2736 vobiscum
3267 2697 3406 2744 sum,
3439 2691 3488 2733 ct

1910 2797 2014 2833 non
2061 2780 2349 2850 cognovisti
2385 2780 2513 2834 me?
2553 2777 2818 2846 Philippe,
2853 2775 2944 2846 qui
2963 2774 3096 2828 vidit
3140 2790 3242 2836 me,
3275 2773 3404 2826 vidit
3440 2783 3489 2824 et

1910 2869 2125 2925 Patrem
2149 2886 2342 2925 meum.
2379 2868 2448 2922 Et
2480 2868 2742 2940 quomodo
2778 2879 2836 2922 tu
2872 2867 3006 2920 dicis
3031 2883 3050 2922 :
3088 2864 3314 2921 Ostende
3341 2862 3488 2917 nobis

1910 2945 2166 3017 Patrem?
2199 2961 2326 3016 Non
2364 2961 2535 3015 credis
2571 2961 2698 3031 quia
2722 2976 2815 3031 ego
2844 2961 2907 3014 .in
2946 2958 3128 3021 Patre,
3152 2966 3202 3012 et
3231 2956 3397 3010 Pater
3431 2957 3488 3008 in

234 3048 374 3118 τέρα
397 3065 516 3118 μου
570 3045 878 3118 ἐγνώκειτε
929 3045 1026 3112 ἂν,
1077 3047 1176 3102 καὶ
1234 3046 1450 3117 ἀπάρτι
1492 3049 1803 3118 γινώσκετε

1921 3069 1991 3107 me
2013 3055 2132 3108 est?
2163 3053 2330 3108 Verba
2361 3067 2480 3122 qua:
2507 3069 2600 3122 ego
2641 3052 2848 3122 loquor,
2874 3068 2907 3104 a
2938 3052 3135 3119 meipso
3156 3065 3258 3103 non
3278 3048 3481 3119 loquor.

233 3139 438 3204 αὐτὸν,
469 3139 570 3194 καὶ
592 3139 886 3208 ἑωράκατε
926 3140 1132 3194 αὐτόν.
1165 3139 1336 3209 Λέγει
1388 3138 1548 3206 αὐτῷ
1597 3141 1805 3194 Φίλιπ-

234 3247 364 3298 πος·
407 3233 603 3300 Κύριε,
637 3231 838 3297 δεῖξον
867 3230 1013 3301 ἡμῖν
1063 3230 1174 3286 τὸν
1218 3231 1473 3300 Πατέρα,
1506 3232 1609 3288 καὶ
1636 3233 1810 3302 ἀρκεῖ

234 3325 392 3394 ἡμῖν.
434 3325 603 3403 Λέγει
645 3323 807 3392 αὐτῷ
855 3329 888 3380 ό
932 3324 1182 3393 Ἰησοῦς*
1247 3324 1544 3379 Τοσοῦτον
1583 3325 1803 3393 χρόνον

230 3419 354 3486 μεθ’
384 3417 550 3488 ὑμῶν
569 3419 705 3488 ειμι,
736 3417 836 3471 καὶ
877 3417 989 3470 οὐκ
1051 3413 1316 3486 ἔγνωκάς
1361 3431 1476 3485 με;
1521 3415 1800 3477 Φίλιππε,

238 3514 272 3564 ὁ
337 3508 609 3578 ἑωρακὼς
649 3507 755 3578 ἐμὲ
803 3506 1025 3577 ἑώρακε
1074 3507 1184 3561 τὸν
1236 3506 1469 3575 Πατέρα
1510 3525 1650 3577 μου.
1692 3509 1802 3563 Kal

235 3599 357 3665 πῶς
386 3601 467 3655 σὺ
524 3599 742 3670 λέγεις’
806 3599 1014 3665 Δεῖξον
1060 3599 1206 3668 ἡμῖν
1255 3599 1364 3653 τὸν
1411 3598 1680 3667 Πατέρα;
1719 3601 1802 3653 Οὐ

234 3692 552 3757 πιστεύεις,
591 3691 682 3745 ὅτι
704 3691 819 3761 ἐγὼ
843 3691 912 3745 ἐν
951 3687 1032 3756 τῷ
1080 3690 1286 3758 Πατρὶ,
1317 3690 1418 3744 καὶ
1441 3693 1474 3745 ό
1501 3691 1706 3767 Πατὴρ
1733 3693 1803 3745 ἐν

232 3785 360 3854 ἐμοί
392 3785 527 3840 ἐστι
573 3783 717 3855 (66);
782 3785 859 3838 Τὰ
896 3782 1136 3853 ῥήματα
1182 3782 1222 3838 d
1272 3783 1389 3853 ἐγὼ
1438 3783 1627 3848 λαλῶ,
1688 3786 1800 3839 οὐκ

233 3877 331 3932 ἀπ’
371 3877 626 3946 ἐμαυτοῦ
672 3874 860 3930 λαλῶ.
914 3875 976 3928 '0
1017 3875 1086 3929 δέ
1132 3874 1335 3943 Πατήρ
1368 3891 1489 3944 μου
1549 3875 1619 3929 ἐν
1669 3875 1799 3944 ἐμοὶ

226 3967 439 4038 μένων,
470 3968 654 4033 αὐτὸς
687 3967 859 4022 ποιεῖ.
873 3966 947 4021 τὰ
992 3965 1156 4036 ἔργα.
1195 3966 1516 4020 Πιστεύετε
1539 3983 1663 4036 μρι,
1707 3967 1797 4020 ὅτι

1909 3143 2074 3199 Pater
2107 3155 2284 3199 autem
2310 3146 2365 3198 in
2392 3161 2474 3199 me
2503 3161 2720 3199 manens
2762 3145 2872 3212 ipse
2899 3144 3030 3213 facit
3060 3158 3238 3211 opera.
3275 3141 3491 3197 Credite

1912 3235 2058 3301 mihi,
2087 3235 2214 3304 quia
2235 3250 2328 3304 ego
2355 3235 2411 3287 in
2432 3231 2620 3297 Patre,
2647 3242 2696 3287 et
2717 3231 2881 3286 Pater
2909 3233 2964 3285 in
2994 3248 3074 3285 me
3100 3241 3200 3285 est.
3237 3231 3484 3300 Alioquin

1907 3336 2120 3396 propter
2166 3343 2322 3395 opera
2365 3327 2481 3396 ipsa
2515 3325 2710 3380 credite
2752 3325 2880 3379 mihi
2896 3325 2962 3376 ⁸⁷.
2989 3322 3138 3394 Opus
3158 3332 3338 3378 autem
3368 3333 3486 3378 erat

1909 3415 2004 3470 Dei
2029 3415 2208 3472 Patris
2223 3417 2417 3487 ejicere
2441 3417 2709 3471 daemonia
2739 3433 2753 3471 :
2784 3415 2837 3468 in
2853 3413 3056 3485 Spiritu
3094 3421 3276 3468 tamen
3294 3423 3487 3469 sancto

1909 3510 2124 3565 dicebat
2145 3525 2204 3564 se
2235 3511 2434 3580 ejicere
2463 3508 2740 3564 daemones
2767 3526 2780 3562 :
2814 3505 2874 3561 Si
2906 3507 2960 3560 in
2993 3506 3202 3576 Spiritu
3228 3504 3349 3570 Dei,
3383 3506 3479 3568 ait,

1906 3615 1998 3670 ego
2017 3599 2170 3669 ejicio
2203 3600 2469 3654 damonia
2486 3599 2554 3653 ⁸⁸.
2586 3597 2663 3654 De
2692 3614 2801 3668 quo
2834 3597 3012 3656 Lucas
3035 3598 3210 3653 dixit:
3243 3596 3410 3650 Porro
3436 3598 3484 3650 si

1905 3693 1962 3746 in
1981 3691 2148 3763 digito
2171 3692 2270 3748 Dei.
2295 3692 2449 3762 ejicio
2472 3692 2734 3747 daemonia
2755 3691 2824 3748 ".
2845 3691 3155 3762 Aliquando
3171 3690 3314 3746 enim
3333 3689 3484 3744 Scri-

1905 3792 2064 3852 ptura
2093 3783 2372 3838 Christum
2395 3783 2680 3838 brachium
2709 3781 2888 3840 Patris
2909 3783 3192 3848 nominat;
3228 3790 3480 3838 sanctum

1904 3890 2034 3930 vero
2077 3874 2361 3946 Spiritum,
2405 3876 2635 3946 digitum
2682 3875 2797 3931 Dei.
2841 3874 3242 3946 Nonnunquam
3281 3873 3484 3932 Filium

1902 3965 2021 4032 Dei,
2051 3967 2287 4022 Verbum
2321 3968 2557 4038 appellat
2588 3986 2602 3998 ·
2637 3966 2910 4022 Spiritum
2942 3983 3072 4023 vero
3113 3975 3362 4023 sanctum
3391 3966 3478 4020 in-

227 4061 344 4132 ἐτὼ
363 4061 431 4116 ἐν
471 4060 552 4127 τῷ
581 4060 766 4130 Πατρι
803 4076 921 4130 μου
949 4057 1084 4130 (67),
1116 4057 1218 4112 καὶ
1247 4061 1281 4112 ό
1329 4057 1532 4126 Πατὴρ
1561 4059 1632 4112 ἐν
1662 4059 1797 4127 ἐμοι

1921 4060 2256 4116 ιιιίῙιειίοιιοιιι
2277 4059 2390 4116 Dei.

223 4158 410 4210 ἐστιν.
443 4155 511 4208 El
531 4152 600 4207 δὲ
618 4151 728 4222 μὴ,
765 4150 863 4206 διὰ
892 4150 967 4204 τὰ
986 4149 1131 4220 ἔργα
1177 4150 1331 4205 αὐτὰ
1383 4151 1696 4205 πιστεύετέ
1717 4167 1839 4220 μοι.

1884 4152 2084 4224 Ἔργον
2136 4155 2195 4208 δὲ
2245 4150 2315 4226 ἦν
2365 4153 2468 4208 τοῦ
2511 4155 2647 4210 Θεοῦ
2709 4154 2924 4228 Πατρδς
2972 4155 3032 4208 τὸ
3065 4153 3176 4224 (68)
3197 4152 3484 4208 ὲκόἀλλειν

224 4249 296 4303 τὰ
350 4246 616 4317 δαιμόνιω
646 4247 706 4298 ἐν
745 4241 1023 4314 Πνεύματι
1067 4242 1127 4296 δὲ
1175 4242 1317 4314 ἁγίῳ
1365 4237 1520 4297 εἶπεν
1557 4241 1842 4300 ἐκϐάλλειν
1893 4243 1963 4298 τὰ
1998 4245 2250 4316 δαιμόνια
2283 4263 2297 4278 ·
2343 4249 2415 4301 El
2470 4246 2540 4302 δὲ
2596 4247 2733 4318 ἐγὼ,
2791 4249 2977 4318 φησὶν,
3049 4247 3121 4300 ἐν
3182 4246 3481 4316 Πνεύματι

227 4337 373 4397 Θεοῦ
422 4334 695 4391 ἐκϐάλλω
739 4333 811 4388 τὰ
845 4332 1140 4402 δαιμόνια·
1193 4334 1331 4405 Περὶ
1381 4325 1443 4388 οὗ
1499 4338 1530 4390 6
1583 4336 1795 4401 Λουκᾶς
1833 4354 1997 4410 φησιν
2045 4337 2194 4409 (69)·
2221 4339 2292 4391 El
2313 4337 2382 4392 δὲ
2413 4339 2528 4410 ἐγὼ
2577 4339 2648 4393 ἐν
2691 4338 2964 4407 δακτύλῳ
2994 4338 3140 4393 Θεοῦ
3191 4337 3462 4392 ἐκϐάλλω

298 4506 338 4538 ⁸⁸
377 4504 494 4560 Act.
524 4519 622 4565 vn,
655 4503 710 4558 2.
785 4503 830 4535 ⁸³
869 4501 1126 4568 ICor.u,
1154 4501 1210 4558 8.
1287 4503 1332 4536 ⁸³
1369 4502 1515 4561 Psal.
1553 4522 1712 4572 χχιιι,
1744 4507 1835 4562 10.

1931 4508 1978 4540 ⁸⁵
2017 4507 2120 4564 Isa.
2159 4523 2351 4576 xum,
2383 4508 2472 4563 ‘II.
2576 4508 2622 4540 ⁸⁸
2660 4506 2766 4564 Isa.
2796 4523 2921 4573 ην,
2947 4488 3111 4561 14-16
3236 4505 3281 4536 ⁸⁸
3318 4505 3474 4562 Joan.

224 4594 318 4640 xx,
356 4576 444 4630 28.
520 4575 564 4606 ⁸⁷
603 4573 761 4628 Joan.
791 4589 904 4637 xxv,
939 4573 1087 4626 7-12.
1165 4572 1212 4606 ⁸⁸
1249 4572 1440 4630 Matth.
1472 4591 1572 4640 xu,
1602 4577 1692 4634 ‘28.
1767 4579 1803 4610 ⁸¹

1921 4594 1984 4632 Ic.
2016 4595 2094 4646 XI,
2122 4577 2209 4632 20.

297 4734 400 4804 (62)
440 4733 758 4802 Seguerian.
792 4731 1104 4788 Goblerian.
1140 4745 1194 4788 et
1217 4733 1455 4790 Felckm.
1494 4737 1545 4798 1,
1577 4737 1658 4799 εἰς
1703 4736 1796 4791 τὸν

297 4823 354 4861 ην
396 4809 444 4858 ει
488 4803 563 4861 μὴ
593 4805 622 4856 ὁ
657 4803 783 4861 Υἱὸς
826 4805 854 4856 6
898 4805 961 4856 ἐκ
998 4804 1229 4861 νεκρῶν.
1283 4805 1424 4858 Editi
1457 4813 1512 4859 ct
1542 4807 1658 4861 alii.
1690 4807 1796 4861 ἓως

1921 4755 2018 4791 κον
2047 4737 2138 4792 τὸν
2158 4739 2290 4793 Θεὸν
2304 4739 2530 4807 λέγοντα
2544 4741 2656 4802 τοῖς
2673 4737 2866 4792 ἑαυτοῦ
2928 4735 3154 4806 αθηταῖς
3171 4752 3184 4766 ·
3211 4736 3273 4790 El
3296 4735 3471 4806 γάρ...

1921 4808 2123 4861 Ιατέοα
2149 4827 2248 4861 μου
2273 4810 2340 4861 ἂν
2387 4809 2587 4861 ἤδειτε.
2625 4810 2857 4861 Ἀπάοτι
2886 4755 2942 4861 gi:
2973 4806 3288 4861 γινώσκετε.
3310 4806 3471 4861 Αὑτῶ

224 4807 354 4878 ᾃᾷην
384 4803 444 4878 ει
488 4803 783 4878 pharii);
826 4805 854 4856 6
898 4805 961 4856 ἐκ
995 4804 1229 4878 νεκρῷν.
1271 4805 1512 4878 _Edi_ti_ct
1542 4807 1658 4870 alii,
1690 4807 1796 4878 ἓως

227 4873 348 4998 alios
363 4874 528 4998 5:61;?)
549 4873 579 4928 6
608 4874 734 4937 Υἱὸς
762 4875 826 4927 ὲκ
851 4873 1082 4946 νεκρῶν.
1102 4873 1233 4930 Mox
1268 4876 1324 4930 in
1362 4874 1712 4931 Felckmauni
1739 4877 1805 4948 2,

231 4966 272 4998 υ.
303 4965 328 4997 ν
459 4961 486 4998 s
513 4983 528 4997 .

303 4965 328 4997 ν
363 4957 528 4999 deest.

230 4966 551 5085 μεῖδὲῗθιῖξὶι
579 5015 732 5085 deest
782 5013 835 5067 in
891 5013 1220 5082 quibusdam
1257 5015 1670 5085 manuscriptis,
1699 5016 1794 5072 sed

227 5084 417 5154 legitur
445 5084 837 5156 in'aliis._ltem
870 5085 974 5156 itali
997 5085 1242 5156 proxime
1273 5102 1506 5156 sequens
1539 5084 1693 5141 deest
1737 5088 1794 5142 in

228 5153 576 5225 scguenano.
609 5153 899 5225 lnirapost
923 5153 1062 5225 πλὴν
1085 5155 1202 5221 σοῦ,
1233 5153 1365 5220 Θεόέ
1389 5156 1543 5212 deest
1571 5157 1626 5211 in
1653 5158 1796 5210 mul-

227 5223 729 5349 Eis'manuscriptis.
762 5223 966 5280 Ibidem
993 5223 1214 5280 Gobler.
1247 5235 1302 5283 et
1339 5225 1578 5282 Felckm.
1615 5230 1664 5293 l,
1694 5229 1795 5280 οὐκ

261 5312 391 5348 σται.

261 5312 391 5348 σται.

302 5365 405 5434 (6i)
445 5363 536 5435 Sic
561 5380 752 5420 omnes
775 5365 946 5421 ferme
968 5366 1352 5435 manuscripti.
1404 5365 1462 5420 In
1489 5367 1672 5434 editis,
1697 5369 1794 5421 αὑ-

231 5434 307 5504 τῷ
329 5436 493 5490 deest.
512 5434 656 5489 Infra
677 5448 814 5504 post,
831 5435 894 5488 τὸ
910 5434 1082 5500 πάθος
1099 5434 1285 5502 αὐτοῦ,
1303 5452 1494 5492 omnes
1520 5437 1632 5491 fere
1656 5453 1788 5492 mss.

233 5507 440 5576 habent,
467 5505 563 5557 καὶ
593 5505 691 5576 τὴν
719 5505 1014 5576 πτωχείαν,
1043 5521 1164 5574 quae
1185 5508 1383 5562 desunt
1407 5507 1460 5560 in
1493 5509 1674 5566 editis.
1698 5507 1789 5562 In-

234 5575 311 5630 fra
335 5589 424 5648 pro
455 5575 784 5648 ᾁναστάντα,
815 5575 1039 5648 Segner.
1069 5577 1231 5648 liabet
1263 5576 1578 5648 ἐγερθέντα.

306 5644 410 5717 (65)
449 5645 836 5717 Segucrianus,
866 5644 942 5717 τῷ
996 5644 1372 5717 speremus;
1413 5646 1615 5702 Ibidem
1667 5645 1788 5717 Seg.

240 5713 386 5774 Gobl.
430 5727 480 5770 et
515 5715 658 5773 Felc.
705 5719 742 5771 ι.
786 5713 1115 5772 υῑίιιιοιῐυζ
1139 5713 1280 5772 Editi
1302 5713 1428 5773 κίοιο
1449 5726 1501 5774 et
1534 5718 1645 5783 alii,
1676 5715 1788 5770 Κύ-

1902 4806 2123 4879 Πατέρα
2147 4827 2248 4880 μου
2273 4810 2340 4864 ἂν
2369 4806 2587 4887 (ᾔδειτε.
2625 4810 2857 4887 ’ᾼτεᾴρτι
2886 4806 2942 4887 δε
2973 4806 3288 4887 γινώσκετε.
3310 4806 3472 4887 Αὐτῷ

1903 4894 2032 4932 mox
2058 4877 2306 4947 ‘seQuens
2351 4877 2506 4935 deest
2538 4881 2594 4934 in
2623 4877 2806 4945 editis,
2838 4880 2932 4935 sed
2978 4877 3176 4948 legitur
3204 4877 3260 4931 in
3294 4879 3474 4931 omni-

1902 4949 2006 5003 bus
2041 4948 2211 5004 ferme
2237 4965 2369 5005 mss.

1973 5018 2088 5086 (66)
2131 5018 2207 5073 Ita
2229 5035 2419 5074 omnes
2434 5018 2602 5074 ferme
2619 5033 2754 5073 mss.
2768 5017 2825 5072 ln
2839 5017 2997 5072 editis
3014 5032 3159 5080 vero,
3180 5015 3314 5076 hzec.
3331 5017 3470 5082 sort;

1900 5089 2254 5229 ἔὲορήματα,
2287 5091 2504 5146 desunt.
2534 5089 2921 5159 Infrapluriini
2950 5087 3188 5152 codices,
3213 5086 3389 5156 μένων
3413 5091 3478 5142 ἐν.

1972 5231 2084 5298 (67)
2121 5231 2240 5284 Μου
2272 5231 2424 5286 deest
2468 5229 2522 5284 in
2572 5229 2696 5298 Seg.
2728 5237 2783 5283 et
2815 5227 2958 5282 Felc.
2994 5227 3030 5280 2
3059 5225 3219 5298 solis.
3267 5224 3472 5282 Ibidem

1904 5298 2162 5372 Intactum).
2199 5304 2228 5354 6
2257 5301 2446 5372 Πατὴρ
2475 5301 2532 5354 ἐν
2554 5297 2674 5371 ἐμοί
2719 5301 2893 5372 ἐστιν,
2917 5299 3182 5372 habentur
3209 5297 3267 5352 in
3293 5298 3488 5352 omni.

1904 5318 2037 5366 HERC,
2067 5318 2162 5353 και
2199 5318 2228 5354 Ο
2257 5318 2408 5372 υατη
2475 5318 2532 5354 εν
2554 5318 2674 5371 εμοι
2719 5318 2886 5360 εστιν,
2917 5318 3182 5353 naueutur
3209 5318 3267 5352 Ill
3293 5318 3326 5351 υ

1901 5367 2203 5448 ιιυεηςετιῃε
2231 5387 2364 5448 mss.
2385 5318 2786 5448 tresuntquejn
2811 5369 2990 5448 editis.
3158 5446 3164 5448 _

1974 5440 2088 5509 (68)
2131 5440 2223 5496 Sic
2268 5441 2491 5510 quidam
2535 5436 2670 5496 mss.
2703 5438 2761 5494 In
2792 5439 2914 5494 aliis
2939 5453 3070 5510 vero
3117 5446 3173 5510 et
3197 5436 3382 5510 editis,
3411 5437 3473 5510 τό

1899 5507 2075 5564 deest.
2105 5507 2306 5566 Ibidem
2330 5526 2520 5567 omnes
2550 5525 2688 5581 pene
2719 5525 2876 5574 mss.,
2895 5511 3020 5572 τοὺς
3047 5508 3326 5579 δαίμονας.
3345 5507 3473 5562 Edi-

1903 5579 1964 5634 ti.
1989 5578 2058 5633 τὰ
2081 5579 2351 5634 δαιμόνια.

1903 5587 1964 5641 ti,
1989 5587 2058 5633 τὰ
2081 5587 2351 5641 δαιμόνια.

1989 5599 2058 5633 τα
2081 5599 2351 5651 οαιμονια.

1973 5648 2085 5716 (69)
2127 5649 2446 5719 Segucrian.
2487 5650 2799 5704 Gobterian.
2847 5657 2900 5702 et
2931 5647 3170 5702 Fclckm.
3201 5648 3254 5710 2,
3291 5641 3474 5719 sinam

1902 5717 2101 5775 Ibidem
2132 5717 2482 5791 Anglicanus,
2514 5721 2575 5775 Ei
2606 5719 2660 5773 δὲ
2690 5721 2799 5789 ἐγὼ
2829 5720 2885 5773 ὲν
2911 5719 3186 5790 Ilva-Opem
3217 5717 3356 5787 ἁγίῳ
3384 5719 3472 5776 Ett-
