3810 6228
295 308 433 364 1019

885 301 944 356 8.
987 297 1358 356 ATHANASII
1395 298 1548 355 OPP.
1588 297 1772 354 PARS
1810 298 1853 354 Ι.
1887 331 1956 344 -—
1995 296 2370 354 HISTORICA

1450 298 1548 354 PP.
1588 297 1772 354 PARS
1810 298 1853 354 Ι.
1887 331 1956 344 ~—
1995 296 2370 354 HISTORICA
2407 295 2496 352 ET
2537 297 2954 356 DOGMATICA.

3423 301 3590 354 i020

295 421 371 475 τὰ
394 420 686 490 δαιμόνια.
721 417 848 471 Ὅτε
889 415 998 488 γὰρ
1033 417 1065 485 ἡ
1114 415 1302 486 Γραφὴ
1345 415 1439 468 τὸν
1466 414 1702 486 Χριστὸν
1739 414 2000 486 βραχίονα
2047 414 2303 486 ὀνομάζει
2332 414 2428 468 τοῦ
2456 416 2692 488 Πατρὺς,
2739 415 2802 468 τὸ
2863 415 3020 485 ἅγιον
3076 415 3306 486 Πνεῦμα
3359 415 3591 470 δάκτυ-

295 512 386 565 λον
401 509 536 563 Θεοῦ
565 509 752 562 καλεῖ·
779 509 872 561 καὶ
903 507 991 559 ὅτε
1017 506 1073 558 δὲ
1108 506 1200 558 τὸν
1229 505 1357 557 Υίὸν
1385 505 1520 558 Θεοῦ
1550 505 1722 574 Λόγον
1750 505 2028 576 ὀνομάζει,
2061 507 2121 558 τδ
2176 507 2330 574 ἅγιον
2353 507 2576 576 Πνεῦμα
2601 506 2906 578 ἐμφύσημα
2935 505 3029 561 τοῦ
3054 506 3190 561 Θεοῦ
3223 507 3397 576 λέγει.

368 602 461 656 20.
488 601 566 655 Ac
589 613 807 654 rursum
835 596 1128 666 Apostolus
1151 595 1228 648 ait
1255 593 1420 650 :Cum
1447 595 1728 650 tradiderit
1757 612 1872 665 reg-

2080 598 2133 652 0.
2171 598 2281 650 Καὶ
2311 598 2472 651 πάλιν
2504 597 2650 666 λέγει
2673 600 2702 652 6
2749 598 3104 662 Ἀπόστολοςο
3155 599 3343 653 Ὅταν
3369 615 3584 667 παρα-

301 707 428 744 num
485 689 594 742 Deo
632 697 681 742 et
718 686 895 752 Patri,
923 701 1044 738 cum
1070 685 1402 738 evacuaverit
1442 700 1649 738 omnem
1686 684 1884 753 princi-

301 793 485 853 patum
531 792 579 835 et
618 788 928 850 potestatem
963 790 1014 833 et
1043 779 1312 832 virtutem.
1335 776 1554 846 Oportet
1571 777 1882 832 enimillum

304 891 541 944 regnare,
595 874 756 925 donec
808 879 970 940 ponat
1006 887 1183 924 omnes
1233 870 1477 924 inimicos
1518 871 1613 923 sub
1661 869 1881 939 pedibus

303 968 436 1036 ejus.
477 965 778 1018 Novissima
803 975 981 1016 autem
1010 963 1225 1016 inimica
1247 962 1550 1016 destruetur
1573 978 1713 1016 mors
1731 978 1749 1016 :
1769 977 1884 1016 om-

305 1060 394 1112 nia
422 1057 561 1110 enim
585 1055 806 1124 subjecit
828 1059 922 1108 sub
949 1053 1167 1123 pedibus
1192 1053 1327 1122 ejus.
1352 1045 1492 1108 Cum
1510 1062 1688 1106 autem
1716 1053 1882 1118 dicat,

308 1150 502 1206 Omnia
531 1149 765 1217 subjecta
814 1155 935 1201 sunt
973 1148 1041 1210 ei,
1070 1147 1183 1200 sine
1219 1146 1379 1199 dubio
1416 1155 1608 1216 preter
1643 1161 1761 1199 eum
1793 1147 1885 1214 qui

304 1240 528 1308 subjecit
569 1240 618 1292 ei
661 1237 858 1290 omnia.
893 1235 1027 1291 Cum
1073 1246 1247 1290 autem
1277 1235 1515 1304 subjecta
1561 1236 1760 1302 fuerint
1799 1235 1888 1289 illi

306 1331 509 1394 omnia,
548 1339 672 1382 tunc
700 1339 746 1382 et
773 1331 883 1398 ipse
912 1326 1091 1380 Filius
1115 1326 1380 1395 subjectus
1415 1328 1516 1379 erit
1539 1327 1608 1388 ei,
1633 1326 1723 1394 qui
1759 1325 1888 1378 sub-

301 1423 432 1492 jecit
473 1421 576 1475 sibi
615 1422 815 1487 omnia,
843 1430 901 1473 ut
941 1423 1010 1472 sit
1065 1417 1206 1472 Deus
1236 1417 1414 1471 omnia
1456 1419 1509 1470 in
1555 1417 1795 1470 omnibus
1817 1416 1886 1470 °°.

299 1513 424 1589 μου
474 1513 540 1566 de
580 1512 920 1581 subjectione
961 1509 1151 1564 mundi
1187 1509 1284 1576 ait,
1321 1523 1442 1578 qua:
1489 1508 1544 1562 in
1579 1521 1744 1562 carne
1769 1508 1890 1578 ejus

267 1596 272 1600 ’
311 1603 620 1674 subjicitur.
664 1601 800 1656 Nam
850 1602 916 1656 de
957 1616 1124 1670 regno
1169 1600 1288 1669 ejus
1339 1600 1527 1656 divino
1574 1599 1764 1658 Daniel
1801 1603 1890 1656 his

311 1697 496 1751 verbis
540 1695 754 1749 locutus
778 1701 902 1748 est:
941 1691 1011 1746 Et
1052 1693 1197 1762 regni
1227 1692 1340 1760 ejus
1385 1709 1490 1746 non
1525 1694 1625 1748 erit
1669 1694 1794 1764 ﬁnis
1819 1695 1886 1746 “.

314 1787 782 1855 Quemadmodum
814 1785 990 1841 Lucas
1011 1785 1108 1850 ait,
1138 1786 1390 1854 angelum
1422 1785 1641 1841 Gabriel
1667 1787 1735 1842 ad
1763 1785 1889 1842 Vir-

314 1881 496 1951 ginem
530 1880 596 1934 de
626 1878 859 1934 Domino
887 1879 1129 1932 locutum
1160 1875 1332 1933 fuisse
1362 1896 1375 1931 :
1411 1877 1483 1931 Et
1509 1878 1770 1950 regnabit,
1802 1880 1890 1934 in-

314 1972 454 2042 quit,
481 1972 536 2024 in
569 1980 845 2035 retentum,
869 1978 918 2024 et
945 1971 1090 2040 regni
1121 1970 1236 2038 ejus
1268 1986 1368 2023 non
1390 1971 1491 2023 erit
1513 1971 1637 2040 ﬁnis
1661 1971 1728 2026 ⁹².
1748 1970 1894 2041 Apo-
1924 1955 1966 2009 Β

316 2065 492 2119 stolus
520 2077 649 2118 vero
671 2063 766 2126 ait,
791 2077 1019 2132 regnum
1044 2062 1164 2131 ejus
1183 2064 1344 2116 linem
1363 2062 1696 2139 habiturum.
1723 2061 1894 2131 Opor-

319 2166 389 2210 tet
415 2157 556 2210 enim
581 2155 736 2208 illum
767 2170 1004 2224 regnare,
1038 2154 1233 2224 inquit,
1261 2156 1424 2208 donec
1460 2164 1620 2224 ponat
1653 2156 1894 2209 inimicos

319 2247 413 2300 sub
447 2246 663 2314 pedibus
683 2245 819 2314 ejus.
849 2245 1113 2299 Similiter
1137 2255 1192 2298 et
1219 2243 1386 2299 David
1415 2243 1602 2299 :Dixit
1637 2244 1895 2298 Dominus

321 2342 548 2396 Domino
575 2357 689 2396 meo
714 2357 732 2396 :
758 2339 890 2396 Sede
924 2357 958 2394 a
986 2339 1187 2394 dextris
1216 2340 1364 2405 meis,
1391 2340 1556 2394 donec
1575 2356 1768 2410 ponam
1794 2339 1898 2393 ini-

323 2437 485 2490 micos
520 2446 638 2490 tuos
660 2435 946 2489 scabellum
973 2433 1164 2501 pedum
1205 2441 1416 2486 tuorum
1433 2433 1499 2485 ”.
1537 2431 1696 2498 Quod
1733 2431 1899 2502 igitur

321 2528 474 2594 dicit,
521 2527 662 2591 sede,
708 2526 924 2582 initium
980 2525 1250 2596 signiﬁcat
1278 2542 1292 2578 :
1323 2535 1376 2580 et
1413 2525 1558 2594 quod
1595 2526 1691 2586 ait.
1737 2525 1898 2577 donec

319 2627 589 2689 ponantur
615 2615 816 2671 inimici
851 2615 951 2681 tui,
969 2615 1130 2670 ﬁnem
1165 2613 1391 2670 indicat.
1416 2613 1549 2669 Cum
1575 2622 1751 2667 autem
1775 2613 1902 2667 sub-

313 2711 462 2780 ῥυσια
484 2710 682 2780 fuerint
716 2709 799 2763 illi
825 2710 1026 2770 omnia,
1054 2717 1176 2761 tunc
1207 2716 1257 2761 et
1284 2709 1390 2776 ipse
1432 2705 1610 2761 Filius
1635 2705 1899 2776 subjectus

319 2802 421 2854 erit
451 2800 499 2854 ci
521 2802 611 2870 qui
640 2799 864 2868 subjecit
889 2798 992 2852 sibi
1017 2798 1195 2851 omnia
1218 2813 1237 2852 .'
1261 2807 1317 2850 ut
1338 2799 1409 2852 sit
1433 2797 1576 2853 Deus
1599 2797 1762 2868 709
1789 2814 1903 2851 om-

322 2894 417 2946 nia
455 2895 512 2946 in
555 2893 798 2945 omnibus
822 2891 910 2945 :id
946 2900 1050 2956 est,
1084 2905 1210 2945 cum
1243 2904 1434 2946 omnes
1479 2889 1620 2944 Filio
1649 2889 1900 2958 subjecti,

322 2987 553 3054 ejusque
595 2983 840 3038 membra
885 2981 1107 3051 reperti,
1131 2996 1196 3037 ac
1230 2981 1285 3036 in
1326 2981 1420 3036 illo
1455 2981 1552 3035 lilii
1593 2979 1690 3036 Dei
1725 2980 1902 3036 effecti

323 3076 614 3140 fuerimus,
639 3091 726 3130 vos
773 3075 934 3138 enim,
975 3074 1172 3144 inquit,
1212 3090 1376 3128 unum
1421 3075 1547 3128 estis
1586 3074 1642 3126 in
1690 3072 1904 3128 Christo

326 3167 458 3223 Jesu
489 3167 575 3231 ",°
594 3178 725 3222 tunc
746 3167 859 3236 ipse
878 3181 978 3236 pro
1008 3165 1167 3221 nobis
1186 3163 1334 3219 Patri
1365 3165 1702 3234 subjicietur,
1729 3173 1788 3218 ut
1809 3179 1904 3220 ca-

330 3271 429 3332 put
465 3275 562 3330 pro
593 3259 709 3316 suis
744 3258 1024 3313 membris.
1068 3255 1316 3322 Quaudiu
1353 3256 1500 3310 enim
1545 3257 1727 3310 omnia
1785 3255 1904 3324 ejus

331 3353 579 3408 membra
598 3351 844 3420 subjecta
869 3365 977 3405 non
998 3349 1170 3416 fuere,
1185 3347 1370 3403 tandiu
1386 3346 1500 3416 ipse
1515 3347 1608 3416 qui
1637 3355 1721 3401 est
1745 3355 1908 3415 caput

333 3460 546 3511 eorum,
564 3443 712 3498 Patri
744 3442 1023 3512 subjectus
1054 3455 1162 3496 non
1189 3447 1328 3504 erat,
1347 3437 1474 3493 dum
1499 3437 1716 3508 propria
1743 3451 1908 3508 mem-

329 3539 430 3593 bra
462 3545 815 3606 exspectaret.
864 3533 922 3589 Si
962 3547 1094 3588 vero
1125 3548 1270 3588 unus
1299 3531 1490 3588 luisset
1520 3546 1585 3586 ex
1625 3529 1906 3600 subjectis,

331 3629 402 3683 ab
433 3627 589 3682 initio
603 3625 750 3681 Patri
781 3624 1065 3695 subjectus
1093 3623 1312 3688 fuisset,
1339 3631 1393 3678 et
1425 3637 1535 3676 non
1562 3621 1615 3676 in
1642 3621 1768 3676 ﬁne.
1797 3618 1909 3676 Nos

331 3719 480 3776 enim
507 3733 700 3775 sumus
725 3718 819 3788 qui
845 3719 900 3772 in
924 3733 990 3774 eo
1022 3715 1170 3772 Patri
1197 3715 1524 3786 subjicimur
1551 3732 1566 3769 :
1601 3724 1656 3770 et
1677 3729 1782 3770 nos
1815 3729 1912 3770 su-

331 3829 460 3870 mus
499 3814 594 3884 qui
621 3816 676 3868 in
720 3828 786 3868 eo
824 3824 1139 3883 regnamus,
1164 3809 1341 3864 donec
1386 3817 1661 3878 ponantur
1703 3805 1910 3862 inimici

334 3906 511 3962 nostri
558 3906 663 3962 sub
709 3904 937 3975 pedibus
976 3900 1200 3956 nostris.
1238 3897 1377 3954 Nam
1416 3906 1634 3969 propter
1660 3899 1912 3953 inimicos

1982 688 2124 755 διδῷ
2153 691 2269 758 τὴν
2281 690 2609 754 βασιλείαν
2643 688 2725 755 τῷ
2750 689 2873 756 Θεῷ
2903 689 3004 745 καὶ
3027 691 3235 758 Πατρὶ,
3255 690 3405 744 ὅταν
3428 709 3588 744 κατ-

1983 780 2222 850 αργήσῃ
2273 779 2480 836 πᾶσαν
2524 781 2722 850 ἀρχὴν
2749 783 2848 836 καὶ
2878 780 3087 838 πᾶσαν
3119 782 3230 853 (70)
3268 782 3586 847 ἐξουσίαν

1981 871 2083 925 καὶ
2104 870 2382 941 δύναμιν.
2417 872 2518 926 Δεῖ
2533 873 2644 942 γὰρ
2669 873 2856 926 αὑτὸν
2869 873 3228 937 βασιλεύειν
3265 872 3448 942 ἄχρις
3493 872 3585 926 ἂν

1983 965 2060 1033 θῇ
2085 965 2316 1032 πάντας
2343 966 2487 1032 τοὺς
2516 965 2770 1035 ἐχθροὺς
2799 967 2919 1020 ὑπὸ
2950 965 3094 1032 τοὺς
3120 965 3312 1032 πόδας
3350 965 3580 1019 αὑτοῦ.

1989 1059 2284 1126 Ἔσχατος
2305 1057 2519 1126 ἐχθρὸς
2545 1056 2917 1128 καταργεῖται
2956 1061 2990 1112 ό
3036 1056 3292 1122 θάνατος
3310 1073 3327 1088 ο
3364 1059 3591 1111 πάντα

1983 1148 2097 1217 γὰρ
2126 1147 2427 1212 ὑπέταξεν
2456 1147 2574 1203 ὑπὸ
2602 1147 2745 1213 τοὺς
2769 1149 2960 1215 πόδας
2995 1148 3205 1203 αὑτοῦ.
3255 1149 3448 1202 Ὅταν
3500 1147 3580 1201 δὲ

1985 1239 2150 1308 εἴπῃ,
2183 1238 2275 1292 ὅτι
2305 1238 2513 1292 Πάντα
2533 1238 2954 1305 ὑποτέτακται,
2994 1237 3220 1308 δῆλον,
3255 1238 3345 1293 ὅτι
3389 1238 3576 1304 ἐκτὸς

1984 1331 2094 1385 τοῦ
2125 1331 2541 1397 ὑποτάξαντος·
2572 1330 2734 1397 αὐτῷ
2762 1332 2834 1385 τὰ
2861 1329 3083 1385 πάντα.
3111 1332 3290 1384 Ὅταν
3309 1329 3380 1384 δὲ
3413 1333 3574 1385 ὑπο-

1988 1421 2140 1491 ταγῇ
2167 1421 2328 1487 αὑτῷ
2346 1422 2421 1477 τὰ
2443 1422 2659 1488 πάντα,
2691 1425 2826 1478 τότε
2849 1425 2957 1477 καὶ·
2976 1423 3161 1491 αὐτὸς
3185 1427 3219 1478 ὁ
3253 1423 3386 1489 Υἱὸς
3417 1425 3576 1476 ὑπο-

1986 1514 2306 1586 ταγήσεται
2326 1514 2407 1580 τῷ
2436 1515 2803 1580 ὑποτάξαντι
2848 1515 3010 1580 αὐτῷ
3033 1516 3106 1570 τὰ
3149 1515 3366 1581 πάντα,
3399 1516 3506 1568 ἵνα
3531 1514 3594 1581 ᾖ·

1987 1613 2021 1664 ὁ
2055 1609 2198 1675 Θεὸς
2229 1609 2301 1663 τὰ
2325 1607 2523 1662 πάντα
2551 1609 2622 1662 ἐν
2645 1606 2813 1662 πᾶσι.
2854 1608 2991 1679 Περὶ
3021 1609 3123 1680 τῆς
3160 1607 3443 1676 ὑποταγῆς
3476 1607 3594 1660 τοῦ.

1989 1703 2194 1772 κόσμου
2217 1699 2364 1768 λέγει
2392 1699 2491 1770 τῆς
2514 1701 2570 1751 ὲν
2594 1699 2758 1770 σαρκὶ
2780 1698 2943 1751 αὑτοῦ
2967 1697 3415 1767 ὑποτεταγμένης
3431 1697 3586 1767 (71).

1989 1792 2126 1864 Περὶ
2167 1791 2276 1861 γὰρ
2322 1791 2422 1861 τῆς
2470 1789 2748 1860 βασιλείας
2775 1788 2939 1842 αὑτοῦ
2989 1791 3088 1860 τῆς
3150 1788 3338 1858 θεῖκῆς
3370 1787 3578 1857 Δανιὴλ

1993 1885 2260 1956 ὲξέφρασε
2313 1883 2515 1951 λέγων’
2559 1881 2672 1936 Καὶ
2721 1881 2831 1950 τῆς
2871 1881 3197 1947 βασιλείας
3225 1879 3413 1935 αὑτοῦ
3458 1881 3588 1932 οῠκι

1994 1974 2167 2028 ἔσται
2197 1972 2390 2040 τέλος.
2422 1971 2621 2035 Καθὼς
2645 1972 2738 2025 καὶ
2757 1975 2786 2026 6
2813 1973 3026 2036 Λουκᾶς
3045 1971 3192 2041 λέγει
3220 1973 3311 2026 τὸν
3339 1972 3594 2040 ἄγγελον.

1995 2065 2236 2138 Γαϐριὴλ
2265 2064 2546 2136 εἰρηκέναι
2573 2063 2709 2134 πρὸς
2733 2063 2831 2135 τὴν
2852 2064 3124 2136 Παρθένον
3150 2063 3262 2135 (72)
3302 2065 3432 2134 περὶ
3476 2062 3577 2115 τοῦ

1959 2213 1970 2224 ,
1997 2159 2203 2230 Κυρίου
2227 2174 2240 2186 ·
2271 2158 2379 2212 Καὶ
2396 2157 2780 2222 βασιλεύσει,
2809 2155 2992 2226 φησὶν,
3017 2157 3106 2222 εὶς
3125 2155 3232 2209 τὸν
3244 2154 3429 2209 αιῶνα
3472 2155 3592 2206 καί-

1998 2249 2108 2318 τῆς
2130 2249 2455 2315 βασιλείας
2469 2248 2655 2302 αὑτοῦ
2675 2250 2787 2302 οὐκ
2815 2249 2989 2303 ἔσται
3015 2248 3211 2314 τέλος.
3244 2249 3304 2302 '0
3324 2249 3382 2302 δὲ
3420 2251 3583 2304 Ἀπόο

2001 2343 2185 2406 στολος
2210 2341 2357 2411 λέγει
2378 2341 2531 2404 τέλος
2547 2340 2689 2411 ἔχειν
2706 2341 2807 2413 τὴν
2835 2341 3112 2412 βασιλείαν
3129 2341 3316 2396 αὑτοῦ.
3345 2341 3448 2395 Δεῖ
3464 2343 3582 2412 γὰρ

1998 2434 2186 2489 αὑτὸν
2228 2433 2626 2500 βασιλεύειν,
2675 2433 2863 2502 φησὶν,
2921 2432 3096 2502 άχρις
3143 2432 3220 2487 ἂν
3245 2432 3322 2502 θῇ
3346 2433 3585 2499 πάντας

1999 2526 2140 2592 τοὺς
2175 2525 2284 2595 (75)
2312 2523 2563 2594 ἐχθροὺς
2583 2521 2703 2579 ὑπὸ
2727 2522 2866 2589 τοὺς
2884 2523 3076 2591 πόδας
3097 2523 3302 2578 αὑτοῦ.
3346 2525 3586 2596 Ὁμοίως

1999 2619 2056 2672 δὲ
2077 2619 2170 2672 καὶ
2189 2620 2218 2672 6
2256 2617 2419 2671 Δαϐίδ
2444 2635 2457 2648 ·
2483 2615 2658 2682 Eine,
2711 2618 2896 2688 φησὶν,
2922 2618 2954 2670 ὀ
2986 2618 3204 2686 Κύριος
3251 2616 3333 2683 τῷ
3381 2617 3590 2685 Κυρίῳ

1995 2725 2150 2780 μουο
2201 2709 2398 2764 Κάθου
2453 2709 2522 2764 ἐκ
2577 2708 2793 2774 δεξιῶν
2830 2726 2950 2778 μου
2981 2748 2997 2773 ,
3030 2709 3141 2775 ἕως
3193 2708 3271 2763 ἂν
3303 2708 3386 2764 θῶ
3435 2709 3589 2774 τοὺς

2001 2802 2252 2872 ἐχθρούς
2269 2815 2386 2856 σου
2433 2799 2767 2857 ὑποπόδιον
2785 2798 2905 2853 τῶν
2919 2798 3121 2854 ποδῶν
3139 2814 3276 2854 σου.
3300 2799 3375 2853 Τὸ
3397 2799 3527 2868 λέγε
3535 2816 3590 2854 ιν

2001 2892 2096 2949 οὖν
2119 2893 2304 2957 αὑτὸν,
2331 2893 2518 2949 κάθου
2543 2931 2559 2959 ,
2591 2893 2767 2966 ἀρχὴν
2817 2892 3072 2964 σημαίνει
3090 2908 3106 2923 ·
3150 2891 3244 2945 καὶ
3274 2892 3334 2945 τὸ
3375 2891 3587 2960 λέγειν,

2001 2986 2114 3052 ἕως
2139 2985 2394 3041 τεθῶσιν
2415 2984 2528 3056 (74)
2565 2988 2622 3039 οἱ
2648 2985 2852 3054 ἐχθροί
2893 2999 3035 3050 σου,
3089 2982 3240 3047 τέλος
3286 2982 3588 3039 δείκνυσιν.

2008 3076 2184 3128 Ὅταν
2209 3074 2279 3128 δὲ
2308 3073 2583 3145 ὑποταγῇ
2599 3071 2760 3139 αὐτῷ
2781 3073 2855 3129 τὰ
2884 3073 3100 3138 πάντα,
3122 3074 3257 3127 τότε
3272 3073 3372 3127 καὶ
3401 3073 3595 3138 αὐτὸς

2005 3169 2038 3221 ὀ
2069 3165 2202 3233 Υἱὸς
2239 3164 2685 3236 ὑποταγήσεται
2734 3163 2816 3231 τῷ
2861 3163 3233 3228 ὑποτάξαντι
3294 3161 3456 3227 αὐτῷ
3511 3163 3596 3216 τὰ

1932 3293 1975 3352 C
2008 3258 2205 3312 πάντα
2228 3258 2341 3330 (75)
2357 3273 2372 3289 ο
2398 3260 2498 3312 ἵνα
2515 3254 2555 3330 ᾖ
2583 3260 2617 3312 ὁ
2640 3259 2783 3324 Θεὸς
2808 3256 2889 3352 τά
2907 3255 3107 3311 πάντα
3131 3256 3203 3309 ἐν
3220 3253 3404 3352 πᾶσιἒ
3414 3255 3597 3308 Τοῦτο

2010 3349 2067 3402 δέ
2093 3353 2261 3414 ἐστιν,
2293 3349 2421 3404 ὅταν
2441 3349 2608 3421 φησιν
2642 3347 3006 3418 ὑποταγῶμεν
3030 3349 3082 3402 οἱ
3113 3347 3314 3410 πάντες
3337 3346 3414 3418 τῷ
3448 3347 3592 3418 mp,

2012 3441 2324 3514 εὐρεθῶμεν
2351 3441 2516 3495 αὐτοῦ
2541 3441 2698 3513 μέλη,
2726 3442 2820 3495 καὶ
2847 3429 3134 3512 γενώμεθα
3164 3440 3311 3512 αὐτῷ
3329 3442 3412 3504 είς
3439 3440 3615 3503 υἱοὺς-

2011 3533 2168 3588 Θεοῦ.
2209 3532 2396 3603 Ὑμεῖς
2427 3534 2559 3604 γὰρ,
2591 3534 2776 3603 φησὶν,
2795 3528 2884 3599 εἷς
2907 3533 3050 3586 ἐστε
3087 3534 3157 3586 ὲν
3201 3530 3434 3601 Χριστῷ
3481 3532 3596 3598 Ἰη-

2013 3622 2131 3677 σοῦ
2151 3639 2164 3652 ·
2193 3623 2314 3676 τότε
2333 3623 2391 3677 δὲ
2421 3623 2582 3686 αὐτὸς
2617 3623 3022 3693 ὑποταγήσεται
3046 3621 3162 3676 ἀνθ’
3188 3623 3345 3694 ἡμῶν
3375 3621 3489 3692 (76)
3513 3623 3599 3692 τῷ

2015 3715 2213 3787 Πατρὶ,
2245 3715 2322 3779 ὡς
2350 3714 2559 3785 κεφαλὴ
2591 3714 2735 3786 ὑπὲρ
2770 3714 2880 3767 τῶν
2913 3713 3058 3768 ἰδίων
3094 3713 3294 3785 μελῶν.
3326 3713 3448 3766 Τῶν
3480 3712 3598 3784 γὰρ
3697 3727 3700 3729 ‘

2019 3806 2196 3876 μελῶν
2227 3805 2392 3859 αὑτοῦ
2425 3805 2667 3876 ’μηδέπω
2702 3805 3082 3875 ὑποταγέντων
3115 3807 3354 3868 πάντων,
3405 3807 3612 3874 αὑτὸς,-

2014 3900 2049 3970 ὴ
2075 3897 2284 3967 κεφαλὴ
2313 3897 2512 3962 αὐτῶν,
2542 3896 2696 3952 οὔπω
2720 3897 3080 3952 ὑποτέτακται
3115 3898 3195 3969 τῷ
3225 3898 3420 3969 Πατρὶ,
3461 3899 3604 3951 ἀνα-.

334 4007 557 4056 nostros
574 3997 838 4053 Dominus
867 3994 1132 4050 caelorum
1149 3992 1204 4046 in
1229 3991 1642 4046 similitudinem
1660 3998 1838 4045 nostri

2093 4007 2196 4043 νων
2223 3991 2293 4044 τὰ
2338 3990 2445 4044 ῐδια
2491 3990 2648 4061 μέλη.
2701 3991 2767 4044 Ei
2803 3989 2861 4044 δὲ
2885 3985 2954 4061 ἦν
2981 3984 3064 4054 εἷς
3084 3989 3191 4043 τῶν
3215 3989 3597 4060 ὑποτεταγμέ-

336 4092 516 4147 factus
537 4098 660 4144 est:
690 4087 1006 4157 accepitque
1031 4084 1335 4139 humanum
1364 4082 1496 4136 illud
1517 4081 1716 4136 solium
1739 4081 1840 4136 Dav

2093 4100 2124 4135 ην
2160 4081 2293 4154 (77),
2321 4080 2380 4146 ἐξ
2408 4082 2581 4153 ἀρχῆς
2603 4081 2669 4135 ἂν
2690 4081 3022 4136 ὑπετάσσετο
3052 4081 3131 4152 τῷ
3152 4083 3347 4154 Πατρὶ,
3372 4083 3468 4137 καὶ
3491 4083 3597 4139 οὐκ

334 4181 510 4253 patris
535 4180 643 4247 sui,
667 4177 965 4234 secundum
991 4189 1211 4232 carnem
1235 4211 1252 4240 ,
1283 4181 1343 4227 ut
1370 4172 1722 4228 reaedilicaret
1755 4181 1838 4227 et:

2091 4177 2116 4228 ἢ,
2139 4174 2232 4229 τοῦ
2260 4175 2447 4240 τέλους
2469 4174 2628 4228 τοῦτο
2653 4175 2846 4229 ἐποίει.
2890 4175 3080 4247 Ἡμεῖς
3105 4177 3215 4248 γάρ
3255 4177 3423 4248 ἐσμεν
3444 4179 3494 4230 ei
3535 4179 3595 4229 ὲν

409 4335 456 4370 ὀ
495 4333 675 4392 lCor.
702 4351 794 4402 xv,
825 4333 1009 4390 24-28.
1083 4335 1128 4368 ’ί
1167 4333 1304 4388 Dan.
1335 4349 1420 4398 ιιι,
1457 4333 1580 4392 1οΟ.
1654 4333 1702 4366 ⁸³
1742 4331 1913 4390 Luc.i

1654 4333 1702 4366 “
1742 4331 1875 4390 Luc.
1903 4349 1942 4401 ι,
1975 4333 2064 4390 55.
2139 4333 2184 4368 ’³
2223 4332 2366 4389 Psal.
2393 4349 2504 4399 cu,
2531 4333 2581 4389 i.
2658 4333 2897 4390 "Galat.
2933 4349 3016 4399 ιιι,
3045 4333 3132 4388 28.

341 4492 542 4578 Ξάλλω.
575 4491 700 4578 Mox
720 4491 1063 4578 έπεμψε,
1094 4491 1194 4574 56v
1225 4493 1372 4578 ζὶρν.
1405 4490 1607 4578 l‘bidetm
1640 4491 1794 4578 editi,
1820 4511 1845 4545 τ

2093 4491 2628 4578 (τόχὸρειιει-ἱιιιιιιε,
2658 4493 2843 4578 φηᾳν,
2877 4485 3136 4578 ἄχειςωοῦ
3187 4491 3254 4576 ay
3286 4491 3352 4564 Θῇ
3385 4490 3597 4556 πάντας

341 4563 577 4634 Πατρὸς,
621 4563 681 4634 τὸ
715 4565 772 4617 δὲ
803 4564 956 4632 ἅγιον
981 4562 1206 4634 Πνεῦμα
1242 4562 1500 4634 δάκτυλον
1543 4561 1833 4634 Θεοῦίίυτε
1861 4563 1920 4617 δὲ
2018 4558 2163 4625 τούς.
2185 4558 2532 4634 Anglicanus
2570 4558 2731 4625 vero,
2751 4558 2999 4634 ἄχριςοῦ
3032 4563 3098 4634 θῇ
3130 4562 3276 4634 τούς.

341 4633 434 4705 τὸν
459 4631 585 4689 Υίὺν
611 4633 747 4705 Θεοῦ
777 4635 969 4702 Λόγον,
989 4632 1059 4705 τὸ
1087 4631 1143 4686 δέ
1170 4633 1392 4705 Πνεῦμα
1417 4633 1570 4705 ἅγιον
1590 4631 1845 4705 ἐμφύσημ

2095 4633 2207 4704 (74)
2236 4631 2324 4705 _l_ta
2355 4632 2747 4704 Seguerianus.
2789 4631 2940 4688 'Editi
2975 4631 3258 4705 vero,_xal_
3279 4631 3384 4694 ἕως
3413 4631 3599 4705 dvas-

345 4703 490 4774 ljaec,
516 4704 837 4768 ἀσυστάτως
860 4701 1082 4774 (posita,
1117 4717 1185 4774 es
1237 4701 1462 4772 Segucr.
1503 4701 1833 4774 Goblerian.'

2091 4701 2206 4757 my.
2235 4703 2360 4758 Mox
2405 4701 2562 4757 multi
2610 4705 3088 4774 manuscr.,761:av.
3120 4703 3448 4774 Editivero,
3483 4703 3595 4758 ὅτε.

345 4773 586 4844 Felckm.
619 4776 640 4828 i
673 4772 1102 4844 emendavimus.
1133 4772 1258 4826 Mox
1288 4775 1439 4835 editi,
1471 4773 1581 4844 Καὶ
1607 4772 1768 4844 πάλιν
1792 4775 1849 4844 ὅτ

2103 4775 2194 4827 ulo
2225 4783 2367 4844 post,
2399 4774 2559 4838 αὐτός
2592 4775 2745 4830 deest
2769 4774 2824 4828 in
2853 4773 3033 4837 editis,
3067 4774 3161 4829 sed
3183 4772 3378 4844 legitur
3397 4772 3454 4826 in
3480 4788 3602 4828 om-

344 4843 478 4913 λέγῃ
499 4861 512 4875 ο
540 4843 629 4898 Ὀ.
665 4845 769 4900 Sed
802 4845 1003 4898 rectius
1029 4843 1371 4911 Seguerian.,
1402 4843 1514 4913 Καὶ
1553 4842 1714 4896 πάλιν
1751 4843 1847 4911 λέγ

1029 4843 1371 4911 Seguerian.,
1402 4843 1514 4913 Καὶ
1553 4842 1714 4896 πάλιν
1751 4843 1920 4911 λέγει.
2027 4845 2189 4900 nibus
2223 4842 2358 4913 pene
2386 4860 2521 4899 mss.

349 4911 552 4969 Ibidem
586 4929 778 4970 omnes
807 4913 1187 4984 manuscripti,
1215 4912 1511 4984 παραδιδῷ,
1539 4921 1734 4980 praeter
1773 4913 1853 4969 Fe.‘

2096 4914 2208 4984 (75)
2228 4911 2475 4984 ‘Seguer.
2506 4914 2723 4984 Gobler.
2757 4922 2813 4968 et
2839 4911 3078 4984 Feickm.
3106 4914 3158 4978 Ι,
3182 4911 3340 4984 αὐτῷ
3361 4912 3431 4964 τὰ
3465 4913 3574 4966 πάν

349 4986 864 5064 ιετριιιηλιιιιζουηι
897 4985 1058 5064 editis
1087 4983 1248 5064 habet
1279 4981 1524 5064 παραδεῖξ.
1570 5051 1582 5064 .
1632 5060 1641 5064 Δ

2123 4981 2366 5064 ὲνξπᾷςῐ,
2399 4983 2826 5064 τοῦτοροῦλεται
2851 4993 2875 5064 γ(
2897 4981 3144 5064 ξεδιιεικ,
3173 4981 3318 5064 θέλει
3343 4984 3361 5050 )
3382 4986 3600 5064 τίπεῖν,

420 5055 533 5122 (70)
577 5051 668 5110 Sic
703 5054 1070 5124 Seguerianus
1110 5061 1165 5107 et
1192 5051 1414 5124 Gnaeus
1467 5051 1765 5124 scriptura:
1809 5061 1926 5124 tcx-
2025 5057 2174 5108 ὅταν.
2200 5053 2402 5124 ibidem
2453 5057 2507 5108 in
2560 5051 2778 5124 Gobler.
2811 5051 2875 5124 et
2905 5051 3144 5108 Felckm.
3178 5054 3230 5115 l,
3262 5053 3395 5124 φησί
3423 5055 3600 5124 deest.

349 5135 459 5179 tus.
514 5128 572 5179 In
619 5122 796 5180 ειιίιὶε
813 5139 965 5188 vero,
994 5125 1177 5196 πᾶσαν
1205 5123 1376 5196 deest,
1397 5131 1452 5196 et
1475 5123 1734 5196 similiter
1755 5122 1853 5196 ἱιιῖι

2111 5143 2163 5196 ιιι,
2187 5123 2313 5196 Seg.
2353 5123 2572 5180 Gobler.
2597 5133 2671 5193 jet
2721 5122 2960 5179 Felckm.
2998 5124 3052 5184 1,
3086 5125 3181 5176 καὶ
3225 5122 3512 5194 γενώμεθα
3546 5125 3615 5183 ἐν,

348 5197 590 5320 πᾰιὶςιιιῖςίς
611 5211 733 5318 qua;
774 5209 880 5250 vox
904 5195 1100 5266 legitur
1125 5193 1182 5247 in
1218 5190 1567 5264 Segueriano,
1602 5191 1851 5248 Gobleria

347 5276 399 5320 ct
475 5284 502 5320 e
527 5283 554 5321 c
599 5283 672 5322 ιιι.
745 5303 761 5318 .

2077 5215 2218 5336 ἐξὲξ)
2270 5264 2409 5318 ’ΔνΘ’
2437 5263 2598 5336 ἡμῶν
2627 5263 2780 5318 deest
2821 5265 2878 5336 in
2916 5263 3156 5318 Felckm.
3183 5263 3241 5336 2ἐ
3275 5260 3421 5336 Infra
3467 5263 3581 5318 haec

420 5306 966 5406 (‘7‘l')WS:éue'rianus,
1005 5333 1470 5406 abnuendo-opime.
1496 5330 1650 5406 Infra
1691 5331 1924 5406 maxima

2103 5306 3168 5406 ἑᾷἵεεἱίἱέλᾰέξᾘὲεῖιῖιΐῖη’ἓεξιῖἓτῖέἑιῖ
3189 5306 3607 5390 ἶὲόιὶιὲἆεὶἱῗὲὶ

350 5401 476 5472 pars
507 5401 1031 5473 manuscriptorum,
1057 5401 1342 5474 ἐξέφραάε.
1362 5401 1506 5457 Editi
1530 5418 1679 5467 vero,
1699 5402 1854 5474 ἔφρας

853 5420 1031 5466 orum,
1057 5401 1342 5474 ἐξέφραάε.
1362 5401 1506 5457 Editi
1530 5418 1679 5467 vero,
1699 5402 1926 5474 ἔφρασε.
2030 5401 2274 5462 Ιθειιιιιιιιξ
2306 5401 2357 5460 ἱ.

422 5476 534 5547 (72)
574 5471 936 5547 ῧοωθνίδηυδ
979 5471 1703 5547 (ξι-νεὶέξίιηεηῑῐιὲιτίηξυε.
1751 5471 1931 5547 καθὼς
2102 5478 2216 5547 (77)
2257 5475 2567 5547 Seguerian.
2599 5473 2908 5530 Goblerian.
2936 5481 2988 5527 et
3025 5471 3430 5547 Felckman._1,
3472 5475 3608 5547 ὑπο»

355 5545 448 5618 καὶἶ
471 5547 498 5597 6
518 5541 753 5618 αγγελός
786 5562 921 5618 φηςι
943 5546 1011 5618 τῇ
1039 5542 1325 5618 Παρθένῳ.
1353 5541 1859 5618 lbidémSeguerial

2105 5541 2397 5618 ὰσομένιιῖν.
2443 5546 2591 5618 Ιιιΐιε
2643 5547 2752 5600 duo
2799 5545 3084 5618 postremi,
3120 5543 3428 5618 govemiu.
3480 5543 3607 5618 Mil!

358 5613 493 5698 -ιιρρς
516 5611 619 5686 τῆν’
635 5611 894 5668 Θεοτόὸιον
923 5611 1015 5668 καὶ
1037 5611 1331 5684 Παρθένον.
1358 5611 1500 5670 Infra
1529 5611 1689 5680 idem,
1709 5615 1862 5696 signa

2103 5611 2346 5675 lem'cum
2373 5617 2731 5688 chueriano,
2760 5611 2817 5669 οἵ
2838 5617 2894 5670 ὲν
2923 5613 3088 5685 αὐτῷ.
3119 5613 3282 5680 Editi,
3307 5615 3404 5668 σὺν
3433 5613 3607 5683 αὐτῷ.

359 5700 580 5748 αιωνας.
1747 5731 1752 5734 .
