3810 6228
157 283 319 339 1οΞ9

1226 285 1568 348 EPISTOLA
1605 293 1698 349 AD
1733 293 1964 353 AFROS
2003 295 2402 356 EPISCOPOS.

3362 316 3501 375 1030

885 501 1113 593 ΤΩΝ
1167 500 1431 593 ΚΑΤ’
1533 502 2112 600 ΑΙΓΥΠΤΟΝ
2181 517 2376 601 ΚΑΙ
2425 514 2843 607 ΛΙΒΥΗΝ

1371 712 1805 771 ΕΠΙΣΚΟΠΩΝ
1848 717 2343 772 ΕΝΕΝΗΚΟΝΤΑ

154 886 294 942 ΚΑΙ
355 885 511 942 T01
593 889 959 945 MnKAPIOY
989 892 1384 948 ΔΘΑΝΑΣΙΟΥ
1441 893 1745 1019 ΚΑὲιέι

2211 901 2391 955 ΤΟΥΣ
2433 899 2527 956 ΕΝ
2581 904 2676 975 Τῌ
2725 902 2989 980 ΑΦΡΙΚῌ
3023 905 3494 966 ΤΙΜῘΩΤΑΤΟΥῈ

588 1331 1006 1394 EPISTULA
1060 1329 1681 1395 EPISCOPORUM
1717 1331 2068 1396 EGYPTI
2114 1335 2234 1397 ET
2283 1333 2570 1398 LIBY/E
2621 1338 3110 1405 NONAGINTA

1434 1547 1688 1592 NECNON

1741 1549 1804 1592 B.
1851 1547 2196 1593 ΔΤΠΑΝΔΒΠ

699 1715 984 1773 CONTRA
1020 1714 1330 1774 ARIANOS
1355 1757 1371 1784 ,
1414 1715 1508 1770 AD
1548 1675 2170 1772 HONORATISSIMOS
2208 1712 2278 1770 ΙΝ
2318 1713 2407 1768 AF
2413 1715 2578 1772 RICA
2613 1714 3015 1773 EPISCOPOS.

232 2051 290 2106 1.
339 2048 556 2104 Ἱκανὰ
588 2049 686 2121 μὲν
712 2049 780 2105 τὰ
809 2050 1090 2123 γραφέντα
1119 2053 1274 2125 παρά
1292 2069 1353 2107 τε
1372 2052 1468 2107 τοῦ
1496 2052 1745 2125 ἀγαπητο

1957 2049 2119 2121 712
2149 2049 2202 2104 1.
2228 2047 2376 2104 Satis
2398 2048 2618 2119 quidem
2661 2055 2792 2105 sunt
2812 2063 2936 2119 quae
2959 2062 2991 2104 a
3019 2047 3220 2104 dilecto
3245 2056 3300 2105 ct
3323 2063 3476 2106 com-

154 2142 254 2194 καὶ
279 2139 728 2212 συλλειτουργοῦ
749 2141 907 2213 ἡμῶν
927 2143 1205 2214 Δαμάσου,
1245 2141 1339 2196 τοῦ
1364 2142 1666 2197 ἐπισκόπου
1684 2142 1745 2214 τῆ

1883 2142 2140 2198 ministro
2161 2149 2351 2197 nostro
2379 2140 2618 2197 Damaso
2654 2156 2868 2212 magna;
2899 2139 3086 2197 Romae
3112 2142 3390 2214 episcopo,
3416 2152 3470 2199 et

161 2232 425 2304 μεγάλης
469 2232 732 2304 Ῥώμης,
781 2233 876 2287 καὶ
927 2234 1036 2288 τῶν
1089 2236 1184 2288 σὺν
1225 2233 1374 2306 αύτῷ
1403 2233 1673 2289 τοσούτων
1700 2234 1780 2306 (7)

159 2324 559 2379 συνελθόντων
587 2326 932 2380 ἐπισκόπων·
969 2326 1123 2380 οὐδὲν
1147 2325 1205 2379 δὲ
1228 2320 1392 2398 ἦττον
1429 2327 1526 2379 κα)⁹
1562 2326 1632 2380 τὰ
1668 2325 1780 2380 τῶν

160 2415 344 2470 ἄλλων
374 2416 708 2488 γενομένων
735 2417 965 2472 συνόδων
1003 2417 1061 2471 έν
1105 2435 1165 2471 τε
1215 2421 1281 2489 τῇ
1332 2417 1534 2489 Γαλλίᾳ
1581 2417 1678 2472 καὶ
1709 2419 1776 2488 τῇ

171 2507 384 2581 Ἰταλίᾳ
431 2508 580 2581 περ)⁵
649 2509 754 2580 τῆς
804 2509 1154 2582 ὑγιαινούσης
1205 2509 1280 2581 (8)
1336 2510 1594 2576 πίστεως,
1650 2511 1717 2582 ἢν
1750 2512 1779 2564 ὁ

169 2601 266 2670 μὲν
297 2601 563 2674 Χριστὸς
589 2602 904 2674 ἐχαρίσατο,
951 2603 999 2656 οί
1039 2601 1097 2655 δὲ
1142 2602 1428 2656 ἀπόστολοι
1478 2602 1774 2674 ἐκήρυξαν,

162 2695 258 2747 καὶ
287 2696 340 2748 οἱ
373 2695 638 2766 Πατέρες
668 2693 1112 2767 παραδεδώκασιν
1133 2697 1183 2749 οί
1219 2695 1277 2750 ἐν
1313 2698 1380 2767 τῇ
1415 2696 1618 2766 Νικαίᾳ
1652 2713 1776 2748 συν-

162 2782 419 2849 ελθόντες
439 2785 562 2840 ἀπὸ
580 2785 760 2856 πάσης
775 2785 874 2857 τῆς
889 2784 1011 2838 καθ’
1029 2787 1176 2856 ἡμᾶς
1187 2785 1533 2858 οίκουμένης.
1565 2785 1775 2840 Τοσαύ-

162 2891 230 2944 τη
267 2876 345 2946 (9)
391 2876 513 2949 γὰρ
550 2876 743 2946 γέγονε
797 2877 920 2929 τότε
977 2875 1182 2948 σπουδὴ
1219 2877 1307 2930 διὰ
1351 2877 1452 2948 τὴν
1487 2877 1772 2949 Ἀρειανὴν

165 2967 404 3038 αἵρεσιν,
442 2971 543 3024 ἵνα
563 2969 612 3022 οί
633 2969 732 3041 μὲν
757 2968 1111 3033 πεπτωκότες
1133 2971 1213 3032 είς
1231 2969 1401 3041 αὐτὴν
1418 2969 1774 3024 ἀνασπασθῶ-

169 3074 272 3124 σιν,
305 3063 356 3114 οἱ
382 3062 444 3116 δὲ
482 3061 814 3131 ἐφευρόντες
835 3060 1050 3132 ἔκδηλοι
1093 3061 1361 3130 γένωνται
1416 3060 1552 3132 (10).
1585 3061 1770 3135 Ταύτῃ

164 3152 297 3219 γοῦν
330 3156 429 3209 καὶ
450 3154 629 3209 πάλαι
653 3156 802 3208 πᾶσα
830 3156 864 3225 ἡ
885 3152 1180 3226 οἰκουμένη
1200 3151 1607 3225 συμπεφώνηκε
1633 3151 1766 3224 (11),

169 3243 261 3296 καὶ
288 3244 386 3299 νῦν
420 3246 482 3300 δὲ
508 3244 723 3298 πολλῶν
752 3243 986 3297 συνόδων
1012 3244 1349 3314 γενομένων,
1391 3241 1769 3313 ὑπομνησθέν-

166 3348 255 3397 τες
282 3336 494 3401 πάντες
527 3337 583 3390 οἴ
602 3353 662 3389 τε
681 3334 825 3389 κατὰ
843 3334 941 3406 τὴν
968 3334 1280 3405 Δαλματίαν
1298 3334 1434 3405 (12),
1454 3336 1547 3388 καὶ⁴
1569 3335 1769 3406 Δαρδα-

1880 2249 1911 2290 a
1935 2242 2015 2289 tot
2043 2233 2318 2305 episcOpis
2344 2249 2452 2288 una
2492 2249 2618 2290 cum
2665 2234 2758 2288 illo
2792 2234 3020 2299 coactis,
3053 2249 3154 2289 nec
3191 2235 3374 2293 minus
3403 2251 3470 2291 ea

1878 2337 2002 2393 quae
2028 2323 2097 2377 ab
2122 2322 2245 2378 aliis
2283 2309 2508 2394 synodis
2534 2322 2589 2376 in
2608 2321 2782 2378 Gallia
2808 2333 2863 2379 et
2889 2323 2946 2379 in
2970 2323 3126 2380 Italia
3156 2325 3466 2392 celebratis,

1878 2415 2084 2486 scripta
2118 2423 2248 2471 sunt
2271 2415 2339 2470 de
2367 2430 2502 2472 sana
2533 2423 2590 2471 et
2619 2416 2922 2473 orthodoxa
2948 2417 3055 2474 ﬁde
3081 2437 3094 2472 :
3125 2433 3292 2489 quam
3316 2419 3473 2475 Chri-

1877 2517 1996 2564 stus
2017 2508 2249 2578 largitus
2270 2517 2375 2575 est,
2413 2508 2648 2578 apostoli
2672 2509 3062 2579 praedicarunt,
3085 2520 3320 2582 etquam
3344 2521 3462 2568 tra-

1875 2599 2060 2654 didere
2080 2597 2290 2666 Patres,
2322 2599 2417 2669 qui
2448 2614 2518 2654 ex
2551 2600 2812 2656 universo
2841 2599 2976 2655 orbe
3003 2613 3195 2657 nostro
3223 2601 3462 2658 Nicaeam

1874 2700 2270 2746 convenerunt.
2293 2689 2421 2746 Ideo
2440 2690 2587 2746 enim
2619 2699 2769 2747 tanta
2787 2693 3159 2750 sollicitudine
3177 2694 3244 2750 de
3259 2695 3465 2749 Ariana

1875 2783 2065 2839 haeresi
2103 2792 2285 2838 actum
2320 2782 2445 2848 fuit,
2487 2795 2549 2838 ut
2575 2785 2669 2854 qui
2708 2785 2766 2838 in
2808 2799 2932 2840 eam
2982 2785 3122 2856 lapsi
3157 2794 3368 2848 essent,
3393 2788 3465 2840 ab

1871 2891 1936 2929 ea
1961 2875 2393 2942 retraherentur,
2429 2885 2486 2930 et
2535 2885 2596 2931 ut
2647 2868 2766 2931 noti
2793 2875 2976 2932 forent
3024 2885 3280 2934 auctores
3319 2877 3460 2948 ejus.

1873 2965 2014 3023 Huic
2038 2966 2204 3038 igitur
2225 2975 2372 3022 totus
2397 2967 2527 3022 olim
2552 2968 2793 3024 assensit
2813 2969 2988 3035 orbis,
3013 2977 3062 3024 el
3093 2971 3197 3025 hoc
3221 2979 3464 3041 tempore

1871 3061 2250 3132 compluribus
2279 3061 2568 3116 celebratis
2600 3061 2862 3132 synodis,
2909 3062 3104 3117 moniti
3131 3077 3325 3119 omnes
3363 3079 3464 3134 per

1871 3151 2218 3218 Dalmatiam,
2245 3153 2599 3220 Dardaniam,
2629 3151 3030 3222 Macedoniam,
3063 3153 3282 3224 Epiros,
3310 3153 3462 3210 Grae-

1868 3242 2032 3309 ciam,
2065 3243 2303 3312 Cretam,
2327 3256 2379 3298 et
2409 3244 2545 3300 alias
2582 3245 2814 3310 insulas,
2846 3243 3110 3311 Siciliam,
3134 3244 3374 3316 Cyprum
3405 3256 3461 3301 et

1868 3333 2281 3407 Pamphyliam,
2313 3335 2557 3407 Lyciam,
2596 3334 2861 3390 Isauriam
2882 3374 2898 3400 ,
2938 3335 3252 3392 universam
3287 3335 3459 3408 Egy—

170 3426 307 3491 νίαν,
326 3430 424 3482 καὶ
464 3428 834 3492 Μακεδονίαν,
875 3428 1170 3500 Ἠπείρους
1197 3445 1257 3480 τε
1282 3429 1378 3480 καὶ⁴
1404 3426 1503 3498 τὴν
1519 3427 1739 3481 Ἐλλάδα

1878 3438 2042 3499 ptum,
2073 3426 2296 3500 Libyas,
2318 3435 2372 3482 et
2391 3427 2638 3498 plerique
2670 3427 2983 3495 exArabia,
3021 3427 3163 3483 hanc
3204 3442 3458 3498 compro-

171 3520 263 3572 καὶ
309 3523 572 3594 Κρήτην,
603 3521 698 3576 καὶ
729 3519 828 3584 τὰς
853 3521 1020 3585 ἄλλας
1044 3522 1261 3590 νήσους,
1287 3519 1538 3575 Σικελίαν
1577 3537 1636 3574 τε
1675 3521 1768 3574 καὶ

173 3607 416 3682 Κύπρον,
451 3613 554 3667 καὶ
579 3611 908 3683 Παμφυλίαν
943 3611 1078 3683 (15),
1105 3611 1314 3666 Λυκίαν
1344 3628 1406 3666 τε
1437 3613 1532 3666 καὶ
1589 3613 1767 3667 Ἰσαυ-

176 3699 309 3766 ρίαν,
344 3703 443 3758 καὶ
471 3703 658 3757 πᾶσάν
682 3719 742 3756 τε
766 3703 865 3774 τὴν
885 3703 1162 3772 Αἴγυπτον
1185 3703 1280 3756 καὶ
1299 3702 1399 3766 τὰς
1425 3702 1652 3769 Λιόύας,
1669 3703 1764 3758 καὶ

176 3789 410 3847 πλεῖστοι
436 3794 552 3849 τῶν
582 3797 641 3849 ἐν
664 3799 732 3868 τῇ
771 3794 1002 3867 Ἀραϐίᾳ
1026 3795 1232 3868 ταύτην
1266 3796 1378 3868 (14)
1418 3795 1760 3866 ἐπέγνωσαν·

174 3883 264 3935 καὶ
291 3884 621 3958 ἐθαύμασάν
641 3905 701 3940 τε
725 3887 852 3950 τοὺς
877 3887 1322 3959 ὑπογράψαντας,
1346 3889 1426 3941 ὅτι
1446 3929 1461 3954 ,
1488 3891 1536 3942 εί
1568 3890 1664 3943 καί
1708 3907 1762 3944 τι

177 3976 585 4045 περιελέλειπτο
606 3981 738 4050 παρ’
764 3979 946 4042 αὐτοῖς
968 3980 1033 4031 ἐκ
1043 3978 1142 4050 τῆς
1160 3978 1317 4052 ῥίζης
1332 3980 1444 4034 τῶν
1461 3981 1758 4052 Ἀρειανῶν

176 4064 281 4118 ἄνω
311 4069 530 4136 φύουσα
547 4071 766 4143 πικρία,
791 4070 1081 4135 Αὐξέντιόν
1098 4089 1279 4143 φαμεν
1301 4073 1396 4128 καὶ
1425 4075 1758 4146 Οὐρσὰκιον,

178 4159 266 4210 καὶ
283 4162 561 4219 Οὐάλεντα
585 4166 817 4229 καὶτοὺς
833 4165 904 4220 τὰ
916 4165 1057 4220 αὐτὰ
1073 4166 1405 4238 φρονοῦντας
1419 4167 1604 4231 αὐτοῖς
1623 4167 1757 4238 (15),

176 4246 259 4303 διὰ
283 4255 388 4309 τῶν
422 4259 770 4331 γραμμάτων
791 4261 993 4314 τούτων
1023 4259 1362 4332 ἐξεκόπησαν
1406 4259 1501 4313 καὶ
1548 4258 1764 4312 ἀπελείο

179 4340 404 4422 φθησαν.
422 4351 607 4405 Ἱκανὰ
628 4351 728 4422 μὲν
749 4346 842 4405 οὖν
859 4351 928 4404 τὰ
940 4353 998 4406 ἐν
1021 4353 1086 4423 τῇ
1111 4350 1319 4422 Νικαίᾳ
1334 4347 1754 4421 ὁμολογηθέντα,

176 4435 263 4487 καὶ
287 4441 560 4514 αὐτάρκη,
595 4439 739 4497 καθὰ
765 4443 1099 4516 προείπομεν
1122 4482 1138 4508 ,
1181 4443 1320 4515 πρός
1348 4459 1408 4495 τε
1434 4441 1754 4514 ἀνατροπὴν

179 4527 349 4601 ’πάσης
399 4536 633 4600 ἀσεϐοῦς
671 4537 962 4606 αἱρέσεως,
1013 4541 1105 4590 καὶ
1147 4535 1284 4606 πρὸς
1331 4535 1634 4604 ἀσφάλειαν
1661 4535 1758 4588 καὶ

179 4621 435 4688 ὠφέλειαν
463 4627 568 4698 τῆς
606 4627 1070 4698 ἐκκλησιαπικῆς
1109 4627 1486 4693 διδασκαλίας.
1530 4625 1753 4697 Ἐπειδὴ

179 4707 232 4760 δὲ
263 4714 576 4792 ἠκούσαμεν
597 4763 612 4787 ,
651 4721 732 4773 ὅτι
753 4721 918 4785 τινὲς,
951 4717 1267 4790 βουλόμενοι
1312 4718 1426 4792 (16)
1479 4715 1754 4790 μάχεσθαι

1873 3520 2073 3575 barunt
2106 3538 2121 3575 :
2163 3520 2528 3591 admiratique
2564 3531 2695 3576 sunt
2730 3537 2826 3578 eos
2855 3523 2946 3593 qui
2986 3523 3452 3593 su‘bscripserant,

1869 3609 1998 3679 quia
2027 3609 2236 3666 scilicet
2264 3612 2309 3667 si
2341 3626 2450 3680 qua
2477 3612 2621 3682 apud
2657 3613 2781 3668 illos
2813 3629 2882 3669 ex
2907 3613 3250 3672 Arianorum.
3274 3617 3456 3676 radice

1868 3700 2089 3756 residua
2111 3708 2229 3756 erat
2255 3716 2474 3756 sursum
2499 3702 2774 3772 pullulans
2796 3705 3128 3770 amaritudo,
3147 3706 3454 3764 Auxentiu;

1869 3809 2085 3863 nempe,
2106 3791 2390 3861 Ursacius,
2419 3792 2640 3862 Valens,
2661 3803 2714 3850 et
2752 3796 2848 3866 qui
2886 3797 3137 3852 eamdem
3168 3816 3332 3870 quam
3362 3803 3451 3860 isti

1867 3896 2090 3942 tuentur
2121 3886 2482 3954 sententiam;
2508 3889 2608 3954 illi,
2633 3888 2884 3960 inquam,
2908 3890 3012 3960 ipsi
3038 3907 3135 3960 per
3158 3908 3221 3947 ea
3249 3894 3450 3966 scripta

1867 3979 2103 4035 abscissi
2163 3979 2463 4050 reiectique
2513 3979 2750 4036 fuerant.
2799 3981 3089 4038 Suﬂiciunt
3135 3984 3320 4056 itaque
3361 4001 3452 4042 sa-

1866 4073 2047 4143 tisque
2075 4083 2227 4142 sunt,
2247 4073 2324 4128 uti
2349 4090 2516 4146 supra
2539 4075 2801 4141 diximus,
2824 4076 3042 4134 Nicaena
3065 4079 3304 4142 decreta,
3320 4095 3445 4136 cum

1864 4165 1931 4218 ad
1961 4165 2375 4221 subversionem
2396 4166 2577 4221 omnis
2600 4165 2782 4236 impiae
2806 4166 3098 4231 haereseos,
3120 4176 3232 4221 tum
3264 4167 3330 4223 ad
3359 4176 3449 4224 ιι)-

1865 4255 2028 4310 telam
2087 4257 2492 4327 utilitatemque
2539 4255 2928 4312 ecclesiasticaa
2973 4256 3258 4312 doctrinae.
3305 4256 3444 4324 Quia

1861 4358 2044 4402 tamen
2072 4349 2384 4405 audivimus
2412 4349 2705 4405 nonnullos
2739 4348 2904 4418 hujus
2935 4351 3316 4420 oppugnandae
3343 4366 3441 4405 cn—

1859 4441 2037 4512 pidos,
2058 4442 2354 4512 quamdam
2376 4441 2643 4514 synodum
2671 4441 2831 4512 quasi
2852 4441 3085 4496 Arimini
3111 4442 3440 4498 celebratam

1859 4535 1914 4588 in
1939 4534 2175 4588 medium
2203 4534 2413 4600 aﬂ'erre,
2433 4545 2597 4606 atque
2617 4551 2834 4590 omnem
2857 4549 3075 4590 movere
3097 4533 3354 4604 lapidem,
3383 4547 3445 4590 ut

1858 4639 1944 4685 ea,
1967 4623 2148 4692 potius
2164 4640 2327 4694 quam
2357 4623 2599 4690 Nicaana,
2616 4626 2896 4688 obtineat;
2932 4639 3157 4679 necesse
3182 4625 3441 4679 duximus

1857 4730 1956 4770 vos
1978 4715 2176 4770 litteris
2199 4730 2421 4771 monere
2437 4718 2661 4782 nostris,
2691 4728 2834 4773 utne
2849 4715 3162 4788 huiusmodi
3189 4717 3440 4772 homines

240 4924 318 5002 (ὃ)
340 4926 576 5002 Scripta,
601 4943 747 5002 anno
773 4928 990 5002 circiter
1019 4925 1392 5002 369.7ATitulus
1419 4923 1472 5002 i_n
1506 4923 1744 5002 Anglic.,

1878 4997 1881 5002 _
1922 4922 2034 5002 (12)
2073 4922 2426 5002 Anglicanus,
2450 4926 2497 5002 οί
2529 4923 2798 5002 κατὰ-τὴν
2827 4921 3150 5002 Δελματίαν,
3181 4921 3276 5002 καὶ
3294 4923 3436 4993 Δαρ-

182 4994 266 5045 τοῦ
296 4999 454 5053 αὐτοῦ
490 5001 626 5072 πρὸς
650 5000 776 5062 τοὺς
825 5001 884 5052 ἐν
939 4999 1038 5068 ’Λφ
1083 5000 1172 5069 ικῇ
1213 4994 1577 5066 τιμιωτάτους
1621 4996 1744 5046 ἐπι-

187 5063 425 5122 σκόπους.
458 5071 830 5122 The0.l0retus
861 5083 1012 5122 vero.
1047 5016 1195 5122 fibd.
1227 5083 1346 5122 can.
1385 5066 1436 5122 8.
1469 5075 1522 5118 et
1551 5065 1645 5119 lib.
1681 5077 1744 5122 ιι.

187 5063 425 5134 σκόπους.
458 5063 830 5125 ΤΗεαΙοιρωε
861 5063 1025 5135 vero,
1047 5063 1195 5129 libi,
1227 5063 1346 5134 cap.
1385 5066 1436 5123 8.
1469 5075 1522 5118 et
1551 5065 1645 5119 lib.
1681 5077 1744 5128 tl,

187 5143 296 5218 953p.
334 5138 418 5202 ‘23,
456 5141 664 5218 Histor;
701 5134 1019 5218 ecclesia“;
1055 5147 1214 5193 vocat
1272 5134 1559 5218 ἐπιστολὴν
1609 5136 1746 5218 προς

213 5204 434 5274 Αφρους.
511 5211 566 5267 In
629 5211 800 5282 Regio
849 5212 1051 5276 deest,
1106 5208 1468 5280 τιμιωτάτους
1516 5204 1749 5260 ’ἐπισκό-

167 5278 179 5292 ⁴
192 5285 330 5336 πους.

357 5349 708 5424 Anglicanus,
739 5351 836 5424 καὶ
857 5351 968 5405 τῶν
995 5352 1052 5404 ἐν
1075 5351 1212 5424 αὐτῇ
1237 5346 1528 5403 τοσούτων.

362 5413 709 5494 ᾼηᾷιὶςωιιιε,
738 5422 839 5492 τῆς
865 5413 1219 5494 συνενούσηςξ

255 5486 340 5622 )9)’
362 5486 713 5564 Anglicanus,
744 5486 992 5564 τοιαύτη.

285 5557 359 5622 10)
394 5562 743 5622 Anglicanus.
773 5565 854 5622 είς
883 5564 992 5616 αύτι

285 5557 359 5626 10)
394 5557 743 5634 Anglicanus,
773 5565 854 5626 είς
883 5557 1056 5634 αὐτὴν
1089 5560 1478 5616 ἀναστῶσινοοὶ
1501 5558 1558 5612 δὲ
1580 5561 1737 5628 ἐφευ-

257 5582 359 5626 tW)
394 5582 470 5616 nu
511 5582 743 5630 ucanns,
773 5582 854 5626 εις
883 5582 1056 5634 αυτην
1089 5582 1414 5616 αναστωσιν·
1431 5582 1478 5612 οι
1501 5582 1558 5612 οε
1580 5582 1697 5628 εφει

197 5619 362 5714 Ράγξξς
384 5582 564 5714 αδηξοι
590 5635 711 5703 (sic)
742 5634 1029 5714 γένωνται.
1113 5705 1125 5714 _
1215 5705 1226 5714 _
1388 5701 1402 5714 ι
1685 5697 1697 5714 ι

257 5697 922 5776 (Ηλᾼιιξιίοιιιιιιὲζπᾶσα
955 5705 1054 5774 μὲν
1102 5705 1135 5775 ἡ
1179 5701 1475 5772 οἰκουμένη
1499 5697 1740 5769 συνεφιῖμ

204 5773 329 5820 «nos.
361 5770 664 5837 Mox'idetn,
695 5770 994 5841 γινομένων

1852 4991 2059 5057 δανίαν,
2090 4993 2184 5046 καὶ
2211 4991 2375 5057 ἄλλας
2405 4996 2624 5061 νήσους.
2663 4995 2729 5047 Et
2754 4991 2832 5048 ita
2866 4991 2993 5058 leqit
3023 4994 3288 5046 Nannius.

1927 5064 2038 5133 (15)
2079 5062 2151 5116 Ita
2185 5066 2402 5136 Regius.
2437 5065 2600 5133 Editi,
2644 5063 2982 5136 Παμφιλίαν.
3016 5063 3096 5118 ιιιι
3123 5065 3333 5127 eodem,
3373 5079 3434 5116 τε

1853 5143 1978 5203 post
2012 5136 2211 5195 πᾶσαν,
2241 5135 2502 5188 deletum.

1928 5205 2041 5273 (14)
2081 5206 2160 5257 Ita
2194 5203 2414 5274 Regius.
2465 5205 2606 5259 Editi
2647 5219 2778 5274 vero
2807 5212 2862 5258 et
2886 5203 2998 5269 alii,
3023 5204 3214 5274 ταυτα,
3249 5202 3434 5274 minus

1852 5272 2029 5330 recte.
2068 5272 2626 5344 lbitlem'Anglicano,
2658 5273 2977 5344 ἐθαύμασάν
3004 5290 3090 5342 γε.
3126 5272 3245 5326 Mox
3268 5273 3432 5344 _editi

1850 5357 1977 5400 ante
2001 5346 2104 5408 ὅτι,
2131 5345 2334 5415 habent
2360 5341 2473 5407 καί,
2505 5341 2628 5415 quae
2659 5341 2920 5414 particula
2950 5341 3100 5415 deest
3133 5344 3204 5415 in
3261 5341 3430 5415 Regio

1845 5429 1900 5470 ct
1924 5415 2243 5487 Anglicano.
2278 5413 2448 5487 Paulo
2471 5411 2594 5485 post
2617 5411 2974 5487 Anglicanus,
2993 5413 3102 5467 τῶν
3130 5411 3428 5484 Ἀρειανῶν

1843 5486 2160 5554 ἁναφύουσα
2186 5485 2431 5556 πικρίαν.

1912 5547 2025 5626 (f5)
2065 5547 2420 5626 Anglicanus,
2455 5557 2657 5619 αὐτοῖς.
2693 5547 2852 5608 Οὗτοι
2889 5554 2978 5610 διὰ
3018 5553 3127 5608 τῶν
3161 5549 3429 5626 γραμμά-

1841 5643 1968 5680 των.

1918 5696 2029 5767 (16)
2071 5697 2420 5768 Anglicanus,
2452 5695 2851 5767 βουλευόμενοι.
