3810 6228
381 281 512 336 1051

973 275 1030 330 S.
1071 272 1445 328 ATHANASI!
1482 271 1636 331 OPP.
1678 269 1861 325 PARS
1901 270 1941 324 1.
1983 299 2052 309 ——
2091 266 2469 324 HISTORICA
2512 267 2598 321 ET
2643 266 3068 324 DOGMATICA.

3520 270 3684 324 1031'

377 399 660 456 toleretis:
694 397 832 454 nihil
880 396 1081 467 quippe
1127 393 1277 449 aliud
1319 393 1450 448 illud
1499 406 1616 456 est,
1647 390 1758 446 nisi
1816 405 1958 444 nova

2131 388 2201 451 ab;
2237 389 2429 458 αὐτὴν,
2452 386 2746 456 ὀνομάζειν
2779 383 3119 456 ἐπιχειροῦσι
3161 385 3376 441 σύνοδόν
3421 404 3552 440 τινα
3592 386 3683 446 ὡς.

378 492 595 546 Ariona:
645 489 870 545 haeresis
921 487 1225 542 fruticatio.
1268 483 1404 540 Nam
1431 484 1528 554 qui
1561 482 1833 555 synodum
1866 481 1964 534 ad-

379 601 572 642 versus
599 585 739 638 hanc
769 580 1001 636 bzeresin
1036 579 1391 641 celebratam,
1423 575 1701 630 Nicaeuam
1727 572 1963 636 scilicet,

380 672 842 747 repudiant,.quid
867 678 1059 741 optant
1080 669 1250 733 aliud,
1275 682 1442 738 quam
1475 675 1534 722 ut
1553 666 1672 720 Arii
1696 664 1968 721 sententia

379 768 491 821 vim
517 763 793 819 obtineat?
823 760 968 828 Quid
993 773 1126 829 ergo
1154 757 1380 828 dignum
1412 756 1544 821 illis,
1563 754 1672 810 nisi
1699 762 1758 808 ut
1778 751 1967 806 Ariani

380 867 436 914 et
463 857 567 926 ipsi
598 865 1007 924 nuncupentur,
1043 859 1102 907 et
1141 850 1332 906 eadem
1361 863 1468 918 qua
1521 845 1603 902 illi
1661 846 1969 916 plectantur

383 945 584 1019 pinna?
612 948 863 1001 homines
887 944 982 1014 qui
1015 958 1114 998 nec
1133 941 1305 996 Deum
1330 940 1638 994 timuerunt
1664 939 1968 992 dicentem:

386 1039 467 1094 Ne
494 1039 787 1108 transferas
810 1037 1063 1090 terminos
1081 1045 1322 1098 aeternos,
1341 1047 1470 1102 quos
1496 1039 1780 1099 posuerunt
1796 1033 1991 1098 patres‘

385 1135 463 1186 tui
483 1134 527 1165 ⁸⁸
551 1151 566 1199 ;
595 1140 670 1196 et,
701 1129 806 1196 Qui
838 1128 1174 1183 maledixerit
1205 1125 1348 1194 patri
1375 1139 1471 1177 suo
1493 1121 1570 1176 vel
1599 1121 1784 1188 matri,
1808 1130 1974 1173 morte

384 1225 648 1278 moriatur
670 1221 712 1253 ¹⁹
735 1237 748 1252 ·
778 1235 880 1276 nec
911 1219 1104 1272 Patres
1129 1217 1427 1287 quidquam
1455 1212 1675 1268 reveriti
1709 1220 1858 1274 sunt,
1881 1210 1975 1280 qui

385 1317 736 1369 anathemate
765 1318 1158 1382 percusserunt
1207 1321 1404 1362 omnes
1453 1304 1550 1374 qui
1592 1319 1707 1360 sua:
1757 1301 1974 1358 confes—

385 1405 529 1459 sioni
562 1404 792 1458 adversa
823 1401 1113 1456 sentirent.

2070 481 2128 531 ἐν
2170 478 2446 549 Ἀριμήνῳ
2463 476 2576 548 (17)
2588 475 2910 547 γενομένην,
2940 477 3037 529 κα).
3067 475 3429 545 φιλονεικοῦσι
3455 474 3677 548 ταύτην

2075 569 2276 641 μᾶλλον
2322 570 2356 641 ἦ
2408 569 2626 640 ἐκείνην
2658 571 2917 640 κρατεῖν·
2980 570 3281 638 ἀναγκαῖον
3334 570 3678 641 ἡγησάμεθα

2073 661 2282 733 γράψαι
2317 663 2412 716 καὶ
2437 661 2752 732 ὑπομνῆσαι
2787 659 2956 730 ὑμᾶς,
2996 660 3084 713 ἵνα
3127 660 3203 730 μὴ
3245 659 3518 730 ἀνέχησθε
3559 660 3680 714 τῶν

2070 753 2328 808 τοιούτων
2349 772 2363 784 ·
2393 753 2553 808 τοῦτο
2587 754 2694 824 γὰρ
2717 753 2870 806 οὐδὲν
2909 752 3094 823 ἕτερόν
3121 755 3272 805 ἐστιν
3313 752 3347 823 ἦ
3383 753 3549 807 πάλιν
3572 755 3682 823 τῆς

2087 847 2370 918 Ἀρειανῆς
2393 845 2660 918 αἱρέσεως
2695 845 3013 917 παραφυάς.
3043 841 3110 898 Οἱ
3149 843 3258 916 γὰρ
3284 844 3384 916 τὴν
3416 846 3540 898 κατ’
3573 847 3682 898 αὐ-

2073 937 2172 1008 τῆς
2199 936 2416 990 σύνοδον
2447 935 2752 1005 γενομένην
2782 935 3211 1005 παραιτούμενοι
3248 934 3404 1002 (ἐστι
3433 935 3494 986 δὲ
3534 937 3572 1005 ἡ
3617 937 3681 986 ἐν

2075 1029 2281 1100 Νικαία
2325 1030 2652 1099 γενομένη),
2681 1027 2733 1080 τί
2764 1028 2952 1100 ἕτερον
3008 1028 3120 1098 (18)
3151 1027 3432 1098 βούλονται
3459 1066 3475 1088 ,
3535 1027 3572 1098 ἧ
3606 1028 3683 1079 τὰ

2089 1119 2300 1191 Ἀρείου
2327 1121 2586 1190 κρατεῖν;
2612 1118 2770 1182 Τίνος
2797 1115 2890 1172 οὖν
2907 1117 3046 1183 ἄξιοι
3062 1121 3110 1171 οἱ
3145 1118 3426 1188 τοιοῦτοιῆ
3460 1120 3671 1190 Ἀρεια-

2078 1212 2158 1266 νο).
2183 1212 2282 1281 μὲν
2313 1211 2632 1275 καλεῖσθαι,
2667 1212 2768 1281 τῆς
2801 1210 2974 1280 αὐτῆς
3014 1211 3072 1263 δὲ
3118 1211 3403 1282 ἐπιτιμίας
3441 1211 3683 1273 ἐκείνοις

2082 1306 2410 1374 μετασχεῖν;
2455 1303 2505 1355 οἳ
2543 1305 2681 1373 μήτε
2715 1303 2806 1358 τὸν
2843 1303 2974 1356 Θεὸν
3021 1302 3367 1374 ἐφοϐήθησαν
3407 1303 3679 1371 λέγοντα’

2079 1395 2176 1464 Μὴ
2204 1395 2446 1464 μέταιρε
2471 1396 2582 1465 (19)
2612 1395 2744 1464 ὅρια
2765 1396 2990 1459 αἰώνια,
3035 1394 3073 1448 ἃ
3095 1396 3301 1449 ἔθεντο
3321 1399 3376 1449 οἱ
3419 1395 3683 1462 πατέρες

385 1510 504 1550 σου
533 1494 678 1564 (19)·
726 1493 842 1557 καὶ,
906 1492 968 1544 Ὀ
1017 1488 1371 1558 κακολογῶν
1401 1486 1691 1556 πατέραῆ
1740 1485 1969 1555 μητέρα
2006 1487 2242 1550 θανάτῳ
2275 1486 2636 1542 τελωΐὰτω·
2681 1489 2729 1540 οἳ
2769 1489 2908 1559 μήτε
2973 1489 3100 1550 τούς
3159 1488 3410 1559 Πατέρας
3445 1487 3683 1559 ᾐδέσθη·-

389 1607 510 1653 σαν,
537 1586 1013 1657 παραγγείλαντας
1041 1582 1287 1652 ἀνάθεμα
1310 1576 1450 1634 εἶναι
1478 1583 1605 1643 τοὺς
1649 1578 1720 1632 τὰ
1755 1579 1972 1656 ἐναντία
2012 1580 2344 1650 φρονοῦντας
2372 1579 2472 1648 τῆς
2496 1579 2790 1650 ὁμολογίας
2821 1579 3000 1632 αὐτῶν
3025 1579 3159 1648 (20).

457 1683 512 1736 2.
551 1681 842 1734 Enimvero
881 1677 1006 1730 ideo
1037 1674 1379 1730 tecumenica
1423 1672 1530 1727 fuit
1561 1671 1781 1727 Nica‘ena
1811 1687 1975 1743 syno-

2149 1673 2204 1727 2.
2239 1673 2339 1727 Διὰ
2362 1671 2520 1726 τοῦτο
2540 1673 2649 1744 γὰρ
2675 1673 2770 1725 κα).
2801 1669 3154 1742 οίκουμενικὴ
3187 1670 3416 1739 γέγονεν
3435 1672 3470 1742 ἡ
3499 1671 3559 1723 ἐν
3583 1671 3683 1724 ht-

389 1773 518 1835 dus,
553 1769 811 1825 trecentis
853 1767 1042 1822 decem
1090 1776 1144 1820 et
1188 1774 1314 1820 octo
1355 1765 1562 1820 coactis
1599 1764 1896 1834 episc0pis,
1923 1771 1982 1816 ut

389 1867 457 1920 de
493 1864 598 1917 lide
639 1869 893 1930 ageretur
922 1859 1143 1913 Arianae
1183 1858 1481 1928 impietatis
1514 1873 1714 1924 causa;
1743 1872 1810 1912 ne
1830 1858 1982 1912 dein-

391 1973 523 2025 ceps
545 1971 639 2025 per
672 1964 855 2024 partes
884 1967 982 2007 seu
1015 1951 1363 2022 provincias,
1396 1951 1519 2004 tidei
1546 1949 1772 2004 obtentu
1813 1951 1982 2005 variae

389 2047 802 2102 celebrarentur
833 2043 1058 2112 synodi;
1088 2041 1200 2096 imo
1227 2043 1276 2097 si
1303 2041 1567 2096 celebrari
1618 2041 1978 2112 contingeret,

391 2153 460 2192 ne
474 2134 848 2206 pragvalerent.
865 2133 1007 2200 Quid
1026 2134 1171 2187 enim
1193 2134 1344 2188 deest
1365 2132 1488 2202 ipsi,
1508 2139 1567 2186 ut
1585 2146 1725 2186 nova
1741 2132 1865 2202 quis
1892 2147 1982 2186 re-

391 2227 614 2298 quirat?
645 2225 812 2281 Plena
836 2226 1026 2296 utique
1050 2225 1267 2294 pietatis
1289 2233 1372 2280 est
1402 2224 1544 2294 ipsa,
1563 2224 1782 2280 dilecti:
1808 2235 1980 2280 totum

393 2320 486 2374 illa
510 2320 738 2389 replevit
773 2319 983 2373 orbem.
1019 2316 1171 2372 Hanc
1206 2316 1345 2384 Indi,
1373 2317 1518 2371 hanc
1542 2325 1812 2388 quotquot
1839 2317 1983 2386 apud

397 2414 666 2469 barbaros
719 2414 857 2467 alios
883 2410 1183 2466 Christiani
1222 2420 1371 2477 sunt,
1407 2420 1764 2482 agnoverunt.
1797 2409 1984 2465 Vanus

393 2514 544 2560 certe
573 2516 807 2559 conatus
832 2518 1025 2558 eorum
1055 2504 1150 2572 qui
1175 2502 1321 2556 illam
1355 2503 1680 2574 plerumque
1703 2517 1984 2574 oppugna-

395 2611 544 2651 vere.
583 2595 743 2649 Tales
769 2595 917 2649 enim
944 2594 1067 2657 viri,
1096 2594 1208 2664 jam
1237 2593 1447 2658 decem,
1477 2594 1589 2648 imo
1617 2593 1778 2664 713
1801 2593 1984 2662 plures

400 2687 644 2757 synodos
678 2685 1048 2750 celebrarunt,
1079 2694 1400 2755 mutataque
1427 2687 1482 2739 in
1511 2686 1742 2756 singulis
1769 2694 1983 2740 senten-

397 2782 493 2844 tia,
525 2779 775 2849 quaedatn
807 2794 838 2832 a
870 2777 1144 2847 prioribus
1171 2777 1458 2831 detraxere
1486 2795 1500 2831 :
1533 2777 1588 2831 in
1629 2778 1986 2846 sequentibus

397 2873 645 2940 quaedam
669 2871 1046 2935 immutarunt,
1065 2869 1172 2922 alia
1190 2868 1539 2924 addiderunt.
1567 2867 1825 2946 Nihilque
1857 2871 1986 2924 hac-

399 2972 559 3016 tenus
597 2959 805 3030 profuit
857 2960 994 3029 ipsis
1027 2959 1173 3029 quod
1229 2958 1492 3022 scribant,
1516 2959 1719 3028 scripta
1745 2959 1982 3021 deleant,

399 3058 508 3110 vim
528 3053 763 3109 inferant
790 3051 1138 3123 :ignorantes
1157 3052 1310 3116 illud,
1339 3050 1526 3106 Omnis
1548 3053 1811 3120 plantatio
1825 3069 1982 3122 quam
2012 3031 2052 3085 (ἶ

403 3164 506 3202 non
545 3147 810 3217 plantavit
859 3144 1026 3200 Pater
1087 3145 1314 3199 caelestis
1370 3145 1819 3199 eradicubitur".
1874 3144 1983 3198 Do-

400 3238 533 3292 mini
593 3245 778 3291 autem
834 3236 1061 3290 verbum
1121 3250 1218 3304 per
1259 3235 1654 3290 mcumenicam
1709 3231 1984 3288 Nicmnam

401 3330 670 3402 synodum
695 3327 964 3398 prolatum
998 3327 1053 3380 in
1086 3335 1354 3382 aeternum
1385 3333 1590 3380 manet.
1623 3323 1680 3378 Si
1703 3324 1850 3379 enim
1883 3339 1986 3377 nu-

405 3441 619 3480 merum
655 3439 885 3478 numero
911 3424 1038 3491 quis
1076 3425 1430 3493 compararit,
1467 3432 1620 3478 tanto
1644 3424 1826 3493 plures
1859 3430 1988 3478 sunt

406 3517 611 3572 Nicaeui
662 3517 772 3571 illis
814 3516 1223 3586 peculiaribus,
1277 3524 1484 3586 quanto
1529 3526 1704 3571 totum
1757 3525 1842 3570 est
1887 3531 1988 3571 sua

403 3621 556 3679 parte
601 3609 800 3678 majus.
829 3607 986 3674 Quod
1033 3609 1079 3663 si
1119 3610 1245 3679 quis
1284 3610 1658 3664 internoscere
1702 3609 1831 3664 velit
1858 3610 1988 3679 quid

405 3717 586 3756 causa:
607 3701 677 3755 sit
699 3702 842 3770 quod
865 3699 1082 3755 Nicaena
1123 3701 1386 3771 synodus,
1423 3701 1557 3771 quid
1589 3700 1737 3770 quod
1771 3708 1852 3754 tot
1870 3701 1992 3755 alia:

407 3793 518 3848 sint
551 3793 861 3857 celebratae,
894 3793 941 3845 is
975 3793 1276 3861 comperiet
1301 3791 1576 3847 Nicaeuam
1611 3793 1831 3860 quidem
1857 3794 1990 3864 legi-

407 3885 596 3937 timam
637 3883 837 3937 habere
877 3898 1102 3936 causam
1133 3901 1147 3937 :
1177 3883 1312 3937 alias
1353 3891 1534 3937 autem
1581 3882 1729 3947 odio,
1769 3892 1994 3936 conten-

409 3975 573 4037 tione,
600 3975 648 4028 vi
665 3984 881 4030 coactas
911 3989 1050 4029 esse.
1076 3973 1168 4027 llla
1195 3978 1340 4028 enim
1362 3974 1703 4028 obAriauam
1736 3974 1992 4039 haeresin,

408 4076 464 4121 et
496 4069 567 4121 ob
599 4067 886 4122 Paschatis
921 4068 1322 4122 solemnitatem
1362 4076 1658 4122 convocata
1698 4067 1800 4122 fuit
1823 4085 1838 4135 ;
1865 4071 1994 4138 quia

413 4159 554 4231 Syri,
586 4159 783 4215 Cilices
805 4169 858 4214 et
883 4160 977 4229 qui
1005 4161 1058 4213 in
1090 4159 1486 4229 Mesopotamia
1513 4161 1738 4230 degunt,
1769 4175 1798 4213 a
1836 4161 1994 4214 nobis

409 4251 824 4314 dissentiebant,
855 4259 908 4304 et
942 4251 1133 4304 eodem
1167 4266 1275 4318 quo
1309 4249 1482 4305 Judaei
1515 4260 1758 4320 tempore
1783 4249 1992 4306 Pascha

2083 1767 2215 1838 καίᾳ
2238 1766 2476 1830 σύνοδος,
2507 1764 2837 1836 τριακοσίων
2865 1763 2994 1816 δέκα
3020 1763 3114 1816 καὶ
3142 1761 3288 1815 ὀκτὼ
3311 1761 3685 1815 συνελθόντων

2081 1859 2400 1912 ἐπισκόπων
2427 1858 2673 1929 περὶτῆς
2705 1857 2942 1918 πίστεως
2961 1855 3049 1908 διὰ
3075 1854 3174 1926 τὴν
3215 1853 3502 1926 Ἀρειανὴν
3550 1855 3666 1907 ἀσέ-

2083 1952 2233 2005 ϐειαν
2252 1969 2266 1980 ·
2297 1953 2384 2003 ἱνα
2413 1949 2611 2021 μηκέτι
2637 1948 2781 2002 κατὰ
2806 1949 2972 2021 μέρος
3000 1946 3270 2018 προφάσει
3295 1946 3408 2016 (21)
3438 1946 3684 2009 πίστεως

2083 2042 2368 2112 γίνωνται·
2393 2041 2551 2106 ἀλλὰ,
2588 2039 2688 2094 κᾶν
2709 2041 2998 2109 γένωνται,
3035 2039 3110 2110 μὴ
3144 2037 3414 2109 κρατῶσι.
3447 2039 3520 2091 Τί
3573 2039 3684 2111 γὰρ

2084 2136 2269 2208 ἐκείνῃ
2323 2135 2534 2198 λείπει,
2575 2135 2664 2188 ἵνα
2715 2134 3005 2204 καινότερα
3043 2133 3255 2204 ζητήσῃ
3283 2149 3405 2197 τις;
3450 2134 3682 2205 Πλήρης

2084 2232 2232 2283 ἐστὶν
2265 2229 2569 2293 εὐσεϐείας,
2600 2227 2908 2298 ἀγαπητοί·
2950 2227 3091 2297 αὐτη
3126 2227 3308 2280 πᾶσαν
3343 2226 3445 2295 τὴν
3497 2229 3681 2280 οἰκου-

2090 2323 2260 2392 μένην
2291 2322 2644 2393 πεπλήρωκε.
2678 2319 2896 2390 Ταύτην
2921 2318 3169 2387 ἔγνωσαν
3208 2320 3305 2372 κα).
3355 2319 3537 2384 Ἰνδοὶ,
3589 2321 3684 2372 καὶ

2084 2415 2198 2468 ὅσοι
2255 2414 2405 2485 παρὰ
2433 2415 2546 2477 τοῖς
2599 2412 2780 2476 ἄλλοις
2833 2411 3130 2483 βαρϐάροις
3181 2411 3290 2465 εἰσὶ
3333 2412 3679 2483 Χριστιανοί.

2087 2506 2295 2561 Οὐκοῦν
2337 2507 2565 2578 μάταιος
2598 2507 2627 2558 ό
2681 2504 2928 2574 κάματος
2957 2507 3068 2566 τοῖς
3100 2503 3220 2557 κατ’
3265 2503 3439 2572 αὐτῆς
3481 2503 3690 2556 πολλά-

2087 2619 2172 2665 κις
2201 2602 2636 2672 ἐπιχειρήσασιν.
2673 2599 2812 2670 Ἤδη
2861 2598 2971 2669 γὰρ
3017 2598 3068 2649 οἱ
3109 2595 3339 2650 τοιοῦτοι
3396 2596 3535 2648 δέκα
3590 2598 3689 2649 καὶ

2087 2693 2247 2745 πλέον
2281 2693 2393 2762 (22)
2435 2709 2537 2744 που
2574 2690 2828 2752 συνόδους
2869 2690 3201 2760 πεποιήκαςέ
3226 2730 3240 2754 ,
3282 2686 3405 2740 καθ’
3441 2689 3688 2758 ἑκάστην

2090 2784 2570 2856 μεταϐαλλόμενοι,
2597 2782 2789 2835 καὶτὰ
2823 2781 2922 2852 μὲν
2961 2781 3070 2834 ἀπὸ
3096 2779 3206 2833 τῶν
3240 2779 3477 2850 πρώτων
3520 2782 3691 2848 ἀφαι-

2089 2875 2328 2948 ροῦντες,
2359 2875 2426 2928 τὰ
2459 2875 2518 2928 δὲ
2556 2877 2680 2938 ταῖς
2708 2874 2846 2944 μετὰ
2893 2871 3066 2926 ταῦτα
3119 2871 3547 2936 ἐναλλάσσοντες
3591 2874 3689 2926 καὶ

2088 2966 2487 3036 προστιθέντες.
2509 2965 2620 3016 Καὶ
2635 2963 2851 3034 ὤνησαν
2876 2963 3030 3032 οὐδὲν
3055 2962 3218 3033 μέχρι
3239 2962 3332 3016 νῦν
3349 2963 3686 3033 γράφοντες,

2087 3054 2460 3124 ἐξαλείφοντες
2490 3054 2626 3123 (25),
2655 3053 2984 3124 βιαζόμενοι,
3013 3054 3112 3106 οὐκ
3139 3053 3360 3118 εἰδότες,
3392 3055 3477 3106 ὅτι
3508 3052 3686 3108 Πᾶσα

2087 3149 2199 3219 μὲν
2219 3150 2452 3218 φυτεία,
2485 3146 2567 3214 ἣν
2596 3149 2710 3201 οὐκ
2735 3147 3074 3216 ἐφύτευσεν
3119 3149 3152 3200 ό
3184 3146 3388 3213 Πατὴρ
3431 3151 3465 3200 ό
3508 3147 3682 3215 οὐρά-

2086 3258 2238 3306 νιος,
2255 3239 2713 3308 ὲκριζωθήσεται
2734 3255 2750 3271 ⁶
2785 3239 2846 3292 τὸ
2873 3239 2930 3292 δὲ
2963 3239 3117 3309 ῥῆμα
3135 3237 3231 3292 τοῦ
3260 3239 3472 3310 Κυρίου
3507 3240 3572 3293 τὸ
3600 3241 3683 3293 διὸ

2087 3334 2188 3402 τῆς
2214 3333 2594 3402 οίκουμενικῆς
2621 3331 2839 3385 συνόδου
2861 3333 2918 3385 ἐν
2941 3335 3009 3403 τῇ
3036 3332 3242 3402 Νικαίᾳ
3268 3332 3566 3402 γενόμενον
3595 3338 3665 3403 με

2090 3443 2170 3478 νει
2218 3429 2298 3488 εἰς
2343 3423 2436 3478 τὸν
2469 3423 2662 3478 αἰῶνα.
2701 3425 2802 3479 Ἀν
2826 3441 2886 3477 τε
2916 3423 3027 3495 γὰρ
3070 3423 3304 3494 ἀριθμὸν
3350 3423 3579 3495 ἀριθμῷ
3604 3441 3684 3488 τις

2092 3517 2379 3590 συμϐάλῃ,
2429 3516 2651 3580 πλείους
2708 3517 2759 3570 οἱ
2807 3519 2870 3570 ἐν
2928 3517 3137 3588 Νικαίᾳ
3182 3516 3290 3569 τῶν
3319 3517 3466 3570 κατὰ
3521 3519 3684 3590 μέρος

2090 3612 2228 3665 εἰσὶν
2249 3611 2382 3680 (24),
2411 3610 2536 3664 ὅσον
2569 3609 2753 3663 καὶτὸ
2777 3609 2897 3663 ὅλον
2933 3610 3118 3663 πλεῖόν
3150 3613 3268 3664 ἐστι
3303 3608 3399 3663 τοῦ
3439 3611 3650 3682 μέρους

2093 3704 2159 3758 ἄν
2180 3720 2240 3756 τε
2273 3703 2333 3756 τὸ
2371 3702 2544 3756 αἴτιον
2574 3703 2674 3773 τῆς
2722 3704 2780 3756 ἐν
2811 3703 3018 3774 Νικαία
3053 3705 3145 3757 κα).
3190 3702 3300 3756 τῶν
3348 3704 3469 3774 μετ’
3515 3705 3685 3772 αὐτὴν.

2093 3794 2362 3849 τοσούτων
2391 3795 2698 3866 γενομένων
2735 3795 2968 3850 συνόδων
2991 3795 3142 3865 παρὰ
3158 3795 3366 3848 τούτων
3387 3795 3687 3863 διαγνῶναο

2091 3903 2179 3950 τις
2215 3887 2410 3950 ἐθέλοι,
2465 3886 2615 3959 εὖροι
2643 3887 2710 3942 ἂν
2764 3887 2864 3957 τὴν
2909 3889 3011 3958 μὲν
3039 3890 3097 3940 ἐν
3139 3887 3344 3958 Νικαία
3372 3887 3608 3957 ἔχουσαν
3632 3892 3685 3940 τί

2094 3977 2266 4030 αἴτιον
2295 3977 2536 4046 εὔλογον,
2571 3978 2670 4041 τὰς
2701 3977 2757 4031 δέ
2785 3979 2950 4042 ἄλλας
2977 3978 3065 4031 διὰ
3114 3980 3272 4046 μῖσος
3308 3979 3402 4030 κα).
3449 3978 3685 4047 φιλονει-

2097 4069 2360 4135 κίαν(ί25)
2405 4071 2470 4123 ἐκ
2498 4069 2620 4139 βίας
2675 4069 3161 4142 συγκροτηθείσας.
3205 4071 3267 4122 Ἦ
3307 4069 3404 4140 μὲν
3447 4069 3561 4143 γὰρ
3603 4070 3686 4124 διὸ

2095 4159 2193 4230 τὴν
2243 4160 2526 4231 Ἀρειανὴν
2555 4159 2770 4231 αἵρεσιν
2801 4160 2895 4213 καὶ
2926 4160 3015 4212 διὰ
3071 4159 3132 4211 τὸ
3161 4160 3355 4229 Πάσχα
3401 4160 3685 4230 συνήχθη·

2097 4251 2286 4321 ἐπειδὴ
2313 4251 2363 4303 οἱ
2395 4250 2538 4304 κατὰ
2567 4251 2788 4323 Συρίαν,
2820 4251 2914 4304 καὶ
2941 4250 3218 4314 Κιλικίαν,
3238 4252 3330 4304 καὶ
3360 4252 3680 4305 Μεσοποτα-

410 4340 778 4394 celebrabant.
818 4339 921 4395 Sed
961 4341 1134 4410 gratia
1160 4339 1410 4407 Domino,
1442 4341 1589 4408 quod
1609 4355 1732 4394 cum
1765 4341 1832 4394 de
1861 4341 1985 4404 lidc,

2131 4344 2230 4395 ιίαν
2259 4341 2552 4410 διεφώνουν
2585 4344 2722 4415 πρὸς
2749 4345 2919 4413 ἡμᾶς,
2952 4344 3045 4397 καὶ
3071 4344 3149 4414 τῷ
3183 4343 3380 4415 καιρῷ,
3422 4347 3480 4396 ὲν
3564 4362 3680 4398 7:0:-

412 4437 526 4484 tum
563 4433 629 4486 de
665 4443 851 4486 sancta
892 4433 983 4487 illa
1037 4433 1384 4487 solemnitate
1420 4432 1666 4486 omnium
1703 4448 1809 4485 una
1839 4448 1985 4487 mens

2131 4435 2246 4488 ὖσιν
2277 4438 2325 4488 οἱ
2369 4435 2632 4499 Ἰουδαῖοι,
2661 4437 2878 4490 ἐποίουν
2902 4437 2996 4490 καὶ
3018 4437 3193 4490 αὐτοί.
3239 4437 3397 4492 Ἀλλὰ
3426 4438 3591 4509 χάρις
3613 4438 3686 4508 τᾷ

413 4526 595 4582 fuerit.
640 4527 706 4581 Et
746 4531 858 4583 haec
886 4528 1106 4598 quidem
1147 4525 1380 4583 Nicaente
1414 4527 1606 4598 synodi
1635 4542 1840 4591 causa;
1873 4527 1994 4580 alia:

411 4636 541 4674 vero
563 4631 683 4690 post
703 4622 848 4675 illam
880 4622 1178 4676 innumerae
1202 4636 1333 4675 sane
1355 4628 1506 4683 sunt,
1527 4619 1620 4675 sed
1642 4629 1832 4674 contra
1845 4634 1995 4674 tecu-

415 4711 680 4764 menicam
708 4711 972 4781 synodum
1000 4711 1284 4764 institutae.

2096 4527 2324 4597 Κυρίῳ,
2353 4524 2544 4597 ῶσπερ
2582 4526 2712 4598 περὶ
2748 4527 2849 4597 τῆς
2888 4528 3161 4592 πίστεως,
3211 4528 3354 4582 οὕτω
3418 4530 3516 4581 καὶ
3558 4533 3685 4600 περ’

2094 4622 2195 4688 τῆς
2224 4619 2385 4688 ἁγίας
2416 4620 2612 4691 ἐορτῆς
2635 4620 2830 4688 γέγονε
2859 4622 3169 4692 συμφωνία.
3207 4623 3318 4676 Καὶ
3347 4621 3506 4675 τοῦτο
3524 4618 3598 4694 ἦν
3632 4625 3686 4676 τὶ

2099 4711 2271 4765 αἴτιον
2316 4711 2415 4780 τῆς
2456 4712 2514 4763 ἐν
2548 4711 2756 4784 Νικαίᾳ
2797 4714 3051 4768 συνόδου·
3087 4716 3145 4768 αἱ
3173 4714 3231 4768 δὲ
3287 4714 3426 4784 μετὰ
3478 4716 3684 4786 ταύτηι

415 4802 555 4871 ὑπὲρ
591 4802 822 4874 ἀριθμὸν
853 4805 950 4872 μέν
1000 4803 1110 4875 (26)
1131 4845 1146 4868 ,
1183 4803 1325 4857 κατὰ
1367 4803 1425 4856 δὲ
1456 4802 1555 4874 τῆς
1595 4803 1981 4874 οίκουμενικῆς
2014 4805 2234 4857 συνόδου
2262 4805 2657 4878 ἐπενοήθησαν.

489 4941 531 4971 ⁸⁸
573 4938 735 4992 Prov.
768 4955 908 5004 xxii,
940 4939 1032 4993 28.
1111 4939 1154 4970 "
1197 4937 1369 4996 Exod.
1402 4956 1518 5004 XXI.
1550 4939 1638 4994 Πο
1715 4941 1760 4971 ¹⁰
1800 4938 1985 4994 Mam“

2148 4939 2235 4995 18.

490 5075 602 5148 (17)
644 5075 1168 5148 Regius,’Aptptth.
1199 5076 1302 5130 Alii
1327 5091 1451 5148 cum
1487 5075 1990 5148 θᾶίιίε,’ᾼριμήνῳ.

416 5147 539 5200 Mox
573 5146 926 5220 Anglicanus,
954 5146 1031 5210 ὡς
1063 5147 1166 5200 ὐπὸ
1198 5147 1487 5217 Ἀρειανῶν
1525 5146 1824 5219 γενομένην
1850 5146 1990 5220 κρα-

417 5221 526 5272 τείν
547 5234 561 5247 σ
593 5217 910 5285 ἀναγκαῖον.

488 5287 598 5360 (18)
638 5289 989 5360 Anglicanus,
1013 5288 1460 5360 παραιτούμενοι,
1494 5285 1546 5339 τί
1580 5285 1788 5359 ἕτερον,
1823 5289 1991 5343 omis-

417 5372 496 5412 SIS
533 5357 889 5425 ititerposilis.

489 5429 599 5496 (l9)
640 5427 1332 5502 Anglicanus,ueipqxém'
1393 5430 1483 5502 Μὴ
1547 5431 1794 5502 μέταιρε.
1849 5427 1993 5482 Infra

418 5497 584 5559 idem,
609 5496 934 5562 τελευτάτω.
966 5496 1108 5552 om:
1139 5496 1266 5563 τοὺς
1296 5496 1565 5572 Πατέραςξ
1714 5496 1724 5501 ⁷

492 5566 603 5624 ('20)
643 5568 994 5624 Anglicanus.
1031 5570 1220 5623 Αὐτῶν
1262 5572 1357 5623 καὶ
1389 5573 1498 5624 γὰο
1547 5572 1641 5624 κα).
1669 5573 1700 5624 ἠ
1739 5571 1962 5624 οἰκουμε

492 5566 603 5635 (ἓο)
643 5568 994 5633 Anglicanus,
1031 5570 1220 5623 Αὐτῶν
1262 5572 1357 5623 καὶ
1389 5566 1522 5642 γάρ⁸
1547 5572 1702 5642 καὶὴ
1739 5571 1992 5641 οἰκουμε-

422 5637 668 5717 νικῄεὶιῐε
701 5635 890 5717 Regio,
923 5639 1152 5707 ﬁdeest,
1192 5652 1342 5717 recte
1375 5651 1433 5696 ut
1460 5643 1695 5696 videtur.

495 5706 601 5777 (21)
641 5706 992 5775 Aligicantls,
1028 5711 1348 5779 προφάσεις.

2172 5080 2287 5151 (‘22)
2330 5079 2689 5149 Anglicanus,
2723 5079 2926 5135 πλεῖον.

2195 5154 2286 5222 25)
2323 5152 2677 5220 Anglicanus,
2707 5153 2800 5204 καὶ
2827 5150 3224 5220 ἐξαλείφοντες.

2195 5157 2286 5222 25)
2323 5157 2677 5220 Anglicanus,
2707 5157 2800 5204 καὶ
2827 5157 3224 5220 ἐξαλείφοντες.

2169 5157 2284 5292 (24)
2325 5222 2678 5298 Anglicanus,
2709 5238 2792 5298 τις
2823 5223 3088 5298 συμϐάλοι
3121 5221 3319 5298 πλείων
3345 5225 3373 5278 ό
3402 5225 3461 5276 ἐν
3487 5226 3691 5298 Νικαίᾳ

2097 5290 2204 5346 τῶν
2237 5293 2380 5345 κατὰ
2425 5292 2589 5362 μέρος
2623 5290 2790 5345 ἐστίν.
2829 5290 2975 5346 lul’ra
3013 5294 3175 5359 idem,
3212 5295 3322 5348 τῶν
3374 5297 3517 5366 μετὰ
3565 5290 3688 5350 ταύὶ

2097 5381 2196 5433 την

2171 5434 2284 5555 (Ξῆ)
2328 5432 2565 5502 Regius,
2604 5431 2953 5504 φιλονεικίας.
2997 5432 3122 5489 Mox
3158 5435 3211 5488 in
3244 5436 3460 5500 eodem,
3482 5438 3696 5509 Ἀρεια-

2180 5522 2206 5554 ν
2237 5514 2410 5555 (eest.

2108 5514 2206 5558 νὴν
2237 5514 2410 5558 deest.

2142 5504 2681 5651 ἶξῖῖειῖοειηυς,
2733 5575 2890 5651 αί-δὲ
2945 5577 3058 5651 μετ’
3082 5576 3252 5645 αὐτὴν
3301 5578 3442 5648 ὑπὲρ
3481 5580 3693 5651 Ἀρείου

2108 5644 2226 5714 μέν,
2254 5661 2413 5714 quem
2452 5657 2673 5701 secutus
2704 5657 2780 5700 est
2814 5645 3079 5702 Nannius.
