3810 6228
154 281 184 333 1
197 279 325 336 053

1213 280 1551 340 EPiSTOLA
1587 283 1678 338 AD
1718 283 1964 342 AFROS.
1987 285 2382 347 EPISCOPOS.

3301 301 3441 355 ωδι

244 399 305 450 5.
347 395 568 449 Τούτων
593 396 650 450 δὲ
695 397 838 452 οὕτω
881 398 1268 469 δεικνυμένων,
1323 401 1406 466 τίς
1453 403 1750 471 ἀποδέξετα

1948 410 2002 464 5.
2044 409 2138 464 His
2178 413 2252 465 ita
2295 411 2683 481 comprobatis,
2715 414 2840 483 quis
2888 430 2984 472 eos
3022 413 3295 484 admittat,
3344 422 3442 491 qui

156 490 306 552 τοὺς
331 491 435 559 τὴν
480 489 771 562 Ἀρίμηνον
814 491 927 562 (27)
955 492 987 562 ἢ
1014 492 1181 562 ἄλλην
1227 493 1442 547 σύνοδον
1485 496 1634 568 παρὰ
1672 498 1770 568 τὴν

161 580 231 631 ὲν
262 579 479 651 Νικαίᾳ
508 580 902 650 ὀνομάζοντας
937 582 968 652 ἦ
996 582 1080 646 τίς
1118 584 1217 636 οὐκ
1248 583 1313 637 ἂν
1347 587 1597 655 μισήσειε
1641 589 1770 652 τοὺς

163 671 512 735 ἀθετοῦντας
539 673 636 743 μὲν
654 673 722 727 τὰ
745 674 853 726 τῶν
877 674 1157 743 Πατέρων,
1187 676 1256 730 τὰ
1279 676 1337 729 δὲ
1364 677 1602 750 νεώτερα
1623 681 1680 733 ἑν
1703 685 1768 753 τῇ

177 760 478 832 Ἀριμήνῳ
508 763 651 815 κατὰ
699 762 1034 831 φιλονεικίαν
1051 765 1146 817 καὶ
1174 764 1296 835 βίαν
1327 767 1640 822 συντιθέντα
1657 770 1770 841 (‘28)

167 855 611 926 προκρίνοντας;
645 855 740 918 Τίς
770 855 827 908 δὲ
850 855 1060 920 τούτοις
1088 857 1364 913 συνελθεῖν
1389 859 1634 930 ἑθελήσοι
1659 865 1771 926 τοῖς

166 945 512 1018 ἀνθρώποις,
541 948 678 1019 μηδὲ
695 947 762 1001 τὰ
783 949 992 1002 ἑαυτῶν
1019 949 1470 1020 ἀποδεχομένοις;
1498 955 1560 1005 Οἱ
1582 953 1690 1025 γὰρ
1711 957 1768 1008 ὲν

166 1041 300 1101 ταῖς
331 1037 542 1090 ἑαυτῶν
567 1038 698 1092 δέκα
725 1055 826 1093 που
859 1039 952 1092 καὶ
979 1039 1140 1093 πλέον
1168 1041 1302 1108 ('29),
1331 1042 1476 1096 καθὰ
1508 1045 1772 1116 προείπα-

173 1147 303 1201 μεν,
351 1132 610 1195 συνόδοις,
668 1131 858 1185 ἄλλοτε
889 1131 1026 1186 ἄλλα
1057 1135 1383 1202 γράφοντες,
1430 1136 1578 1206 δῆλοί
1629 1139 1767 1190 εἰσιν

168 1223 424 1295 ἑκάστης
451 1225 605 1277 αὐτοὶ
637 1225 932 1296 κατήγοροι
967 1227 1261 1296 γινόμενοι.
1305 1227 1582 1299 Πάσχουσι
1627 1230 1684 1282 δέ
1715 1249 1766 1284 τι

167 1317 442 1383 τοιοῦτον,
474 1311 583 1369 οἷον
609 1317 702 1370 καὶ
727 1321 775 1370 οἱ
796 1318 918 1371 τότε
943 1318 1053 1372 τῶν
1089 1320 1358 1373 Ἰουδαίων
1391 1322 1647 1393 προδόται
1673 1342 1768 1378 πε-

171 1407 444 1462 πόνθασιν
464 1426 477 1438 ·
502 1409 578 1471 ὼς
602 1409 710 1481 γὰρ
745 1411 964 1477 ἐκεῖνοι,
1008 1410 1435 1482 καταλείψαντες
1466 1414 1564 1485 τὴν
1600 1417 1764 1487 μόνην

171 1499 366 1570 πηγὴν
393 1498 485 1552 τοῦ
521 1499 721 1565 ζῶντος
747 1500 941 1565 ὓδατος
964 1544 978 1567 ,
1022 1500 1240 1574 ὤρυξαν
1287 1505 1499 1568 ἑαυτοῖς
1531 1504 1766 1571 λάκκους

173 1591 675 1662 συντετριμμένους
690 1591 820 1662 (50),
843 1593 893 1645 οἳ
918 1593 978 1645 οὐ
1000 1593 1319 1665 δυνήσονται
1335 1595 1478 1667 ὕδωρ
1496 1599 1759 1669 συνέχειν,

172 1683 490 1754 γέγραπται
512 1683 568 1736 δὲ
593 1683 750 1736 τοῦτο
784 1683 936 1756 παρὰ
961 1684 1040 1755 τῷ
1071 1688 1325 1758 προφήτῃ
1373 1688 1611 1761 Ἱερεμίᾳ
1635 1707 1648 1720 ·
1671 1689 1763 1742 οὕ-

1873 503 2271 558 Ariminensem
2310 513 2403 558 aut
2431 504 2593 558 aliam
2633 507 2900 576 synodum
2947 517 3142 577 prater
3164 508 3448 566 Nicanam

1874 592 1929 648 in
1961 608 2057 649 ore
2096 595 2340 650 habent?
2370 606 2464 650 aut
2494 597 2617 667 quis
2661 613 2757 654 eos
2787 614 2896 652 non
2927 600 3123 664 oderit,
3162 601 3254 670 qui
3289 603 3444 672 abie-

1872 684 1976 739 ctis
2005 683 2228 739 Patrum
2277 686 2527 753 decretis,
2581 690 2880 745 recentiora
2933 692 3167 748 Arimini
3201 710 3298 764 per
3331 696 3444 750 vim

1871 784 1926 830 et
1956 777 2356 832 contentionem
2384 780 2701 847 constituta,
2735 782 2841 837 illis
2887 787 3268 854 anteponunt?
3307 786 3445 853 Quis

1871 877 2051 924 autem
2082 885 2206 925 cum
2247 871 2312 926 iis
2344 875 2642 929 convenire
2688 877 2816 931 velit
2861 877 3199 944 hominibus,
3244 881 3339 951 qui
3374 895 3446 938 ne

1871 976 1971 1016 sua
2033 964 2254 1032 quidem
2314 965 2417 1034 ipsi
2483 968 2832 1036 approbant?
2874 966 3010 1025 Nam
3069 973 3164 1042 qui
3203 972 3258 1026 in
3316 973 3437 1030 suis

1870 1054 2056 1110 decem
2085 1065 2182 1110 aut
2216 1057 2466 1126 pluribus
2515 1059 2679 1114 etiam
2714 1060 2959 1131 synodis,
3008 1062 3088 1118 uti
3137 1073 3263 1118 ante
3295 1065 3443 1120 dixi-

1869 1160 2015 1208 mus.
2051 1147 2212 1201 modo
2242 1148 2354 1212 illa,
2390 1149 2554 1204 modo
2581 1151 2687 1204 alia
2717 1152 3072 1220 scripserunt,
3104 1154 3280 1222 palam
3307 1170 3442 1210 sane

1868 1237 2046 1292 fecere
2077 1253 2136 1293 se
2173 1239 2416 1310 singulas
2452 1255 2644 1295 earum
2681 1242 2954 1297 incusare.
2985 1242 3130 1298 Idem
3170 1259 3334 1314 porro
3372 1245 3444 1301 iis

1867 1325 2108 1387 accidit,
2155 1327 2302 1396 quod
2338 1327 2464 1380 olim
2512 1328 2887 1396 proditoribus
2938 1329 3045 1385 illis
3097 1329 3342 1388 Judasis:
3383 1341 3445 1388 ut

1866 1416 2009 1469 enim
2046 1416 2145 1480 illi,
2179 1417 2436 1472 derelicto
2468 1418 2634 1472 unico
2667 1435 2823 1489 aquae
2858 1420 3088 1475 viventis
3134 1420 3304 1489 fonte,
3354 1422 3437 1478 fo-

1865 1507 2065 1562 derunt
2093 1508 2194 1562 sibi
2223 1509 2490 1564 cisternas
2519 1509 2832 1580 dissipatas,
2863 1528 2985 1583 quae
3022 1529 3223 1585 aquam
3259 1518 3436 1571 conti-

1865 1615 1994 1653 nere
2025 1614 2134 1652 non
2168 1600 2443 1666 valebunt,
2502 1608 2564 1657 ut
2604 1605 2747 1672 apud
2785 1603 3074 1661 Jeremiam
3110 1608 3434 1677 prophetam

1865 1692 2127 1760 scriptum
2159 1701 2241 1747 est
2261 1694 2305 1724 ²¹
2336 1711 2351 1759 ;
2383 1695 2462 1749 sic
2499 1703 2554 1749 et
2593 1695 2682 1752 isti
2716 1698 2980 1755 adversus
3011 1716 3175 1755 unam
3200 1711 3255 1756 et
3285 1717 3435 1758 tecu-

172 1793 286 1840 τως
319 1769 496 1839 οὗτοι,
529 1777 826 1848 μαχόμενοι
860 1778 996 1852 πρὸς
1037 1777 1134 1849 τὴν
1163 1779 1290 1848 μίαν
1329 1781 1421 1834 καὶ
1457 1782 1755 1852 οίκουμενι-

1870 1782 2132 1838 menicam
2168 1785 2434 1856 synodum
2485 1787 2842 1865 decertantes,
2887 1792 3086 1848 multas
3131 1793 3236 1849 sibi
3268 1810 3440 1865 syno-

174 1870 282 1940 κήν
308 1869 418 1939 (51)
444 1868 660 1922 σύνοδον
678 1911 692 1934 ,
733 1869 947 1941 ὤρυξαν
973 1871 1187 1934 ἑαυτοῖς
1227 1872 1478 1936 συνόδους
1529 1874 1727 1938 πολλάς
1746 1894 1758 1905 ο

173 1961 273 2014 καὶ
296 1963 469 2014 πᾶσαι
487 1962 662 2026 κεναὶ,
691 1963 747 2015 αἳ
763 1965 910 2033 ,παρ’
943 1963 1126 2026 αὐτοῖς
1145 1963 1221 2027 ὡς
1246 1963 1477 2044 δράγμα
1500 1966 1586 2034 μὴ
1609 1967 1765 2035 ἔχων

177 2052 365 2121 ἰσχὺν
389 2052 683 2122 ἐφάνησαν.
705 2051 795 2123 Μὴ
813 2052 990 2105 τοίνυν
1022 2051 1346 2123 ἁνεχώμεθα
1365 2055 1473 2107 τῶν
1501 2055 1601 2125 τὴν
1629 2055 1767 2126 Ἀρί-

181 2161 353 2215 μηνον
377 2145 411 2217 ἢ
438 2145 604 2215 ἄλλην
630 2145 1004 2215 ὀνομαζόντων
1032 2144 1249 2198 σύνοδον
1276 2147 1423 2218 παρὰ
1454 2147 1552 2218 τὴν
1585 2149 1642 2200 ὲν
1666 2147 1763 2200 Νι-

176 2235 312 2306 καίᾳ
333 2235 652 2306 γενομένην.
679 2235 796 2287 Καὶ’
815 2233 923 2304 γὰρ
954 2234 1048 2286 κα)⁹
1074 2235 1228 2287 αὐτοὶ
1250 2237 1298 2288 οἱ
1331 2237 1430 2305 τὴν
1472 2237 1764 2308 Ἀρίμηνον

175 2327 534 2398 ὀνομάζοντες
551 2328 762 2381 ἐοίκασι
789 2326 862 2398 μὴ
878 2326 1075 2379 εἰδέναι
1091 2326 1161 2380 τὰ
1185 2329 1246 2381 ὲν
1267 2328 1408 2398 αὐτῇ
1430 2329 1762 2400 πραχθέντα·

175 2426 210 2498 ἢ
237 2425 344 2494 γὰρ
365 2424 431 2479 ἂν
469 2423 807 2496 ἐσιώπησαν.
841 2424 1032 2478 Οἴδατε
1056 2421 1189 2495 γὰρ,
1227 2423 1526 2492 ἀγαπητοὶ,
1561 2421 1763 2492 μαθόν-

176 2534 265 2580 τες
309 2518 404 2570 καὶ
460 2518 620 2588 ὑμεῖς
645 2516 797 2589 παρὰ
839 2515 948 2570 τῶν
979 2515 1243 2569 ἐλθόντων
1277 2515 1335 2581 ἑξ
1362 2513 1516 2585 ὑμῶν
1558 2516 1636 2578 είς
1665 2513 1763 2586 τὴν

191 2609 498 2679 Ἀρίμηνον,
527 2609 603 2673 ὡς
623 2609 925 2681 Οὑρσάκιος
956 2608 1050 2661 καὶ
1087 2606 1333 2677 Οὐάλης,
1379 2605 1628 2672 Εὑδόξιος
1661 2605 1757 2658 καὶ

178 2700 484 2768 Αὺξέντιος,
516 2703 632 2754 ἐκεῖ
654 2701 712 2753 δὲ
732 2697 800 2772 ἦν
829 2702 924 2754 σὺν
946 2702 1130 2764 αὐτοῖς
1163 2699 1256 2752 καὶ
1277 2697 1586 2768 Δημόφιλος
1625 2696 1760 2768 (52),

179 2792 586 2866 καθῃρέθησαν,
623 2791 952 2862 θελήσαντες
985 2791 1148 2862 ἕτερα
1168 2788 1323 2860 παρὰ
1362 2787 1430 2840 τὰ
1468 2791 1525 2842 ὲν
1555 2788 1765 2858 Νικαία

177 2879 436 2949 γράφειν’
483 2881 571 2932 ὅτε
615 2881 710 2932 καὶ
764 2879 1164 2950 ἀπαιτηθέντες
1213 2877 1611 2948 ἀναθεματίσαι
1663 2878 1763 2946 τὴν

193 2970 472 3041 Ἀρειανὴν
500 2969 732 3040 αἵρεσιν,
761 2971 1182 3044 παρῃτήσαντο,
1217 2969 1311 3022 καὶ
1355 2969 1553 3039 μᾶλλον
1591 2969 1763 3039 αὐτῆς

178 3062 366 3132 ἤθελον
394 3057 531 3116 εἶναι
550 3062 871 3133 προστάται.
901 3063 963 3114 Οί
988 3062 1045 3114 δέ
1069 3079 1132 3130 γε
1150 3060 1454 3125 ἐπίσκοποι,
1471 3061 1520 3112 οί
1544 3058 1763 3130 ἀληθῶς

178 3126 388 3224 γνήσιοι
411 3126 703 3206 δοῦλοιτοῢ
724 3152 932 3225 Κυρίου
951 3154 1044 3206 καὶ
1067 3126 1179 3224 (55)
1201 3151 1374 3224 ὀρθῶς
1396 3126 1762 3218 πιστεύοντες,
1793 3126 1836 3184 C

175 3245 317 3318 ἦσαν
355 3247 412 3300 δὲ
439 3248 606 3315 ἐγγὺς
631 3246 932 3310 διακόσιοι,
978 3244 1226 3315 ἔγραψαν
1276 3243 1564 3316 ἀρκεῖσθαι
1600 3244 1667 3313 τῇ
1703 3243 1762 3294 ὲν

179 3339 383 3411 Nimia.
413 3339 571 3410 μόνῃ,
600 3339 694 3393 καὶ
725 3338 888 3409 μηδὲν
911 3337 1073 3391 πλέον
1104 3337 1136 3407 ἢ
1172 3335 1392 3389 ἔλαττον
1445 3335 1577 3406 παρ’
1614 3335 1759 3388 ὲκεί-

175 3451 276 3504 νην
305 3434 484 3504 ζητεῖν
508 3431 542 3503 ἢ
598 3434 833 3502 φρονεῖν.
863 3430 1048 3484 Ταῦτα
1073 3431 1168 3484 καὶ
1216 3428 1578 3500 κωνσταντίῳ
1610 3429 1755 3500 δεδη-

175 3522 495 3594 λώκασι,τῷ
515 3524 607 3577 καὶ
640 3522 738 3594 τὴν
771 3521 1118 3592 σύνοδον’(54)
1140 3519 1457 3574 κελεύσαντι
1483 3519 1757 3589 γενέσθαι.

189 3613 328 3667 Ἀλλ’
358 3617 406 3668 οἱ
456 3616 513 3668 ὲν
537 3617 604 3684 τῇ
642 3614 921 3684 Ἀριμήνῳ
943 3611 1389 3683 καθαιρεθέντες,
1430 3610 1756 3673 ἀπελθόντες

177 3705 312 3775 πρὸς
334 3705 731 3768 Κωνστάντιον,
750 3704 1115 3774 πεποιήκασιν
1137 3701 1463 3772 ὑϐρισθῆναι
1503 3701 1600 3772 μὲν
1619 3701 1755 3772 (55),

176 3793 402 3856 ἀπειλὰς
441 3793 499 3846 δὲ
555 3793 828 3859 γενέσθαι,
883 3792 958 3862 μὴ
995 3790 1339 3860 ὰνακάμψειν
1367 3792 1447 3854 εἰς
1488 3788 1589 3851 τὰς
1621 3790 1755 3854 ἰδίας

179 3886 466 3958 παροικίας
495 3887 620 3950 τοὺς
645 3887 763 3938 κατ’
789 3883 969 3938 αὐτῶν
1003 3882 1462 3954 ἀποφηναμένους
1486 3922 1503 3945 ,
1543 3882 1664 3953 βίαν
1695 3900 1756 3936 τε

177 3977 366 4034 παθεῖν
391 3979 449 4031 ἐν
473 3980 539 4050 τῇ
569 3977 761 4049 Θρᾴκῃ
801 3977 858 4028 ὲν
892 3974 1040 4045 αὐτῷ
1073 3974 1150 4044 τῷ
1174 3973 1434 4045 χειμῶνι·
1473 3973 1615 4028 ὥστε
1648 3974 1757 4028 τῶν

175 4070 306 4139 παρ’
337 4068 515 4123 αὐτῶν
543 4067 1048 4138 καινοτομουμένων
1080 4064 1399 4135 ἀνέχεσθαι.

241 4247 298 4302 4.
333 4247 502 4318 Εἴπερ
531 4241 624 4299 οὖν
648 4263 790 4310 τινες
820 4246 918 4318 τὴν
959 4245 1252 4318 Ἀρίμηνον
1273 4244 1623 4317 ὀνομάζουσι,
1647 4245 1755 4299 δει-

176 4337 454 4393 κνύτωσαν
478 4338 690 4411 πρῶτον
719 4339 816 4408 τὴν
839 4337 1156 4410 καθαίρεσιν
1179 4338 1286 4392 τῶν
1316 4338 1754 4411 προειρημένων,

1867 1876 1966 1930 dos
1991 1875 2296 1932 effoderunt
2321 1896 2334 1932 :
2364 1893 2657 1949 vacuaeque
2694 1863 2884 1937 omnes
2927 1883 3033 1938 illae
3063 1882 3238 1951 fuere,
3281 1863 3441 1955 quasi

1866 1969 2168 2038 manipulus
2202 1970 2564 2039 infructuosus
2590 1975 2657 2026 ³³.
2693 1972 2770 2029 Ne
2800 1974 3043 2031 feramus
3074 1977 3240 2048 igitur
3292 1979 3440 2034 viros

1865 2061 1960 2127 qui
1987 2059 2388 2118 Ariminensem
2438 2064 2730 2135 synodum,
2780 2075 2876 2120 aut
2921 2068 3086 2122 aliam
3135 2081 3443 2126 memorant

1865 2160 2060 2221 praeter
2103 2151 2400 2209 Nicaenam.
2442 2155 2579 2210 Nam
2622 2158 2697 2211 illi
2739 2157 2863 2227 ipsi,
2897 2159 2990 2229 qui
3033 2160 3440 2218 Ariminensem

1865 2243 1920 2297 in
1947 2259 2043 2299 ore
2079 2245 2302 2312 habent,
2337 2248 2590 2319 ignorare
2623 2249 2877 2305 videntur
2904 2267 2970 2306 ea
3003 2267 3126 2322 quae
3153 2253 3265 2309 illic
3287 2252 3440 2324 gbsta

1866 2345 2033 2391 sunt:
2074 2337 2281 2406 alioqui
2315 2339 2382 2394 de
2414 2340 2506 2394 illa
2543 2342 2784 2397 silerent.
2828 2343 2990 2398 Scitis
3030 2345 3198 2413 enim,
3232 2346 3438 2410 dilecti,

1865 2421 2242 2492 didicistisque
2269 2423 2342 2478 ab
2375 2424 2442 2480 iis
2481 2426 2574 2494 qui
2622 2441 2652 2480 e
2686 2436 2864 2482 vestra
2910 2429 3194 2498 provincia
3237 2431 3442 2485 Arimi-

1865 2529 1995 2567 num
2022 2530 2080 2568 se
2105 2516 2406 2580 contulere,
2439 2519 2713 2587 quomodo
2754 2517 3036 2588 Ursacius,
3064 2521 3288 2587 Valens,
3329 2523 3444 2578 Eu-

1865 2604 2060 2659 doxius
2085 2614 2140 2659 et
2167 2604 2492 2673 Auxentius,
2520 2609 2848 2678 quibuscum
2878 2611 2989 2666 illic
3015 2621 3132 2667 erat
3153 2621 3209 2668 et
3238 2613 3439 2670 Demo-

1866 2693 2071 2763 philus,
2105 2710 2228 2749 cum
2256 2703 2452 2765 praeter
2499 2697 2591 2752 illa
2623 2713 2746 2768 quae
2775 2697 2970 2755 Nicaea:
2995 2702 3292 2757 constituta
3323 2703 3441 2760 Γυθ-

1865 2793 2008 2851 rant,
2023 2786 2126 2840 alia
2144 2787 2392 2855 quaedam
2412 2788 2653 2844 scribere
2669 2790 2887 2857 vellent,
2901 2791 3132 2862 depositi
3148 2794 3440 2868 sunt(55‘).

1866 2878 2094 2942 Quando
2140 2877 2336 2949 regati,
2389 2886 2449 2932 ut
2502 2879 2761 2935 Arianam
2815 2881 3047 2939 liazresin
3098 2885 3446 2943 anathemate
3558 2888 3563 2904 τ

1865 2973 2208 3033 damnarent,
2249 2986 2310 3026 re
2358 2971 2437 3024 illi
2486 2980 2702 3042 negata,
2748 2974 3062 3030 maluerunt
3118 2976 3268 3034 illius
3321 2994 3445 3036 esse

1866 3061 2121 3141 patroni.
2155 3061 2410 3133 Episcopi
2459 3073 2652 3119 contra
2700 3066 2796 3135 qui
2845 3067 3044 3122 sinceri
3095 3078 3253 3124 erant
3299 3072 3442 3127 servi

1869 3152 2109 3216 Domini,
2145 3163 2199 3208 et
2222 3170 2354 3209 sana
2376 3154 2482 3210 fide
2505 3157 2736 3225 prasditi,
2755 3173 2983 3214 numero
3010 3159 3182 3216 ferme
3203 3163 3442 3230 ducenti,

1869 3246 2042 3299 solam
2068 3244 2342 3301 Nicaenam
2367 3250 2635 3319 synodum
2656 3249 2790 3305 satis
2815 3252 2920 3307 sibi
2941 3267 3062 3309 esse
3084 3255 3444 3325 scripserunt,

1865 3345 1920 3390 et
1957 3345 2152 3406 praeter
2196 3338 2346 3392 illam
2384 3353 2486 3393 nec
2539 3339 2662 3410 plus
2713 3355 2814 3395 nec
2860 3343 3041 3398 minus
3086 3347 3443 3415 quarendum

1868 3435 1962 3480 aut
1989 3427 2330 3482 sentiendum
2369 3442 2512 3483 esse.
2559 3426 2686 3482 Haec
2711 3428 2840 3483 item
2887 3430 3206 3488 Constantio
3233 3433 3444 3505 signiﬁ-

1867 3526 2082 3580 carunt,
2115 3516 2208 3586 qui
2236 3517 2500 3588 synodum
2529 3517 2795 3572 celebrari
2821 3518 3080 3588 iusserat.
3111 3519 3312 3576 Verum
3346 3524 3440 3594 qui

1867 3609 2098 3662 Arimini
2143 3609 2372 3677 depositi
2429 3608 2667 3676 fuerant,
2709 3607 3090 3666 Constantium
3141 3615 3443 3679 adeuntes,

1867 3701 2030 3773 714
2058 3701 2354 3756 effecerunt
2393 3710 2451 3755 ut
2489 3701 2866 3774 indignissime
2915 3705 3292 3775 acciperentur
3343 3695 3445 3775 illi,

1866 3795 2031 3849 minis
2077 3809 2301 3864 quoque.
2328 3793 2560 3860 additis,
2613 3811 2724 3850 non
2769 3797 2980 3852 licitum
3030 3796 3148 3853 fore
3191 3799 3298 3855 illis
3351 3803 3447 3870 qui

1866 3892 2053 3940 contra
2080 3899 2140 3940 se
2179 3885 2502 3939 sententiam
2545 3885 2834 3951 tulissent,
2867 3888 2936 3941 ad
2975 3888 3223 3957 preprias
3270 3894 3446 3944 eccle-

1863 3975 1978 4033 sias
2004 3977 2323 4047 remigrare,
2351 3977 2572 4047 vimque
2602 3977 2753 4047 ipsos
2793 3978 2850 4032 in
2883 3977 3136 4044 Thracia,
3187 3980 3279 4035 illa
3327 3981 3445 4050 ipsa

1865 4063 2064 4127 hieme,
2094 4076 2451 4132 perpessuros
2480 4081 2494 4130 ;
2534 4071 2593 4117 ut
2618 4078 2685 4118 eo
2711 4075 2870 4133 pacto
2897 4079 2985 4120 res
3008 4080 3037 4119 a
3071 4080 3129 4120 se
3158 4065 3448 4120 innovatas

1865 4153 1943 4208 illi
1964 4155 2275 4210 tolerarent.

1934 4248 1990 4303 4.
2020 4245 2078 4302 Si
2104 4247 2198 4318 qui
2232 4263 2360 4318 ergo
2385 4246 2784 4303 Ariminensem
2811 4247 3078 4318 synodum
3110 4257 3446 4317 proponunt,

1864 4337 2146 4408 proferant
2182 4339 2422 4408 primum
2473 4336 2687 4400 eorum,
2731 4353 2874 4408 quos
2925 4339 3247 4404 memoravi,
3279 4343 3448 4409 depo-

175 4433 274 4486 καὶ
306 4432 445 4503 άπερ
466 4409 708 4502 ἔγραψαν
732 4434 781 4484 oi
807 4409 1121 4495 ἐπίσκοποι,
1141 4409 1391 4499 λέγοντες
1418 4431 1582 4502 μηδὲν
1603 4430 1755 4484 πλέον

1870 4432 2144 4497 sitionem,
2180 4440 2344 4501 atque
2391 4431 2770 4510 episcoporum
2817 4430 3078 4500 rescripta
3125 4431 3446 4498 dicentium,

177 4524 357 4595 ζητεῖν
383 4521 490 4576 τῶν
542 4525 599 4576 ἑν
643 4522 849 4593 Νικαίᾳ
884 4521 1036 4592 παρὰ
1077 4521 1185 4574 τῶν
1213 4522 1472 4592 Πατέρων
1500 4521 1765 4591 ὁμολογη-

251 4638 294 4668 ²¹
329 4635 534 4691 Jerem.
563 4652 626 4702 ιι,
663 4636 750 4690 15.
827 4637 873 4666 ’³
914 4632 1044 4692 Ose.
1078 4651 1197 4700 vm,
1227 4635 1282 4688 7.

250 4775 361 4840 (Ἦ)
399 4772 527 4827 Ητερ
561 4773 831 4827 habentur
866 4772 1007 4842 apud
1037 4772 1363 4842 Theodoret.
1401 4771 1548 4826 Hist.
1592 4771 1749 4842 recc!”

175 4847 276 4902 lib.
306 4860 364 4906 ll,
404 4859 524 4912 cap.
551 4843 641 4909 25,
667 4845 762 4912 qui
811 4841 940 4898 mox
974 4841 1473 4912 habet,’Apip.tvov,
1505 4850 1558 4895 et
1588 4841 1753 4904 infra,

189 4914 472 4984 ’Aptpivgi.

247 4932 602 5057 gg‘lgegius
645 4991 701 5037 et
732 4979 1564 5057 _'I_‘heodp_r_e_tns,_cuvceeéwa.
1612 4978 1754 5057 Εόίιί

175 5049 310 5109 νει-ο
341 5049 392 5106 et
426 5049 538 5113 alii,
572 5049 1757 5123 συντιθέντα.ᾼ11)ἰ(1θιη,Βᾳεὶιιῇπροκρίναψ

176 5142 296 5188 τας.
326 5123 466 5177 lnl'ra
495 5125 851 5194 Anglicanus,
880 5121 1128 5193 ἐθελήσει
1150 5119 1332 5194 ἀνθρ.,
1354 5119 1755 5186 Tlieodot'etus,

178 5142 296 5188 τας.
330 5140 466 5177 Intra
495 5140 576 5176 an
621 5140 674 5177 ιι(

178 5196 486 5264 ἐθελήσειεν
518 5140 674 5264 ἁνξρ.

251 5261 360 5334 (29)
400 5261 799 5334 Theodoretus,
828 5261 1017 5334 πλείω.

250 5329 360 5403 (51))
399 5333 913 5404 Συντετριμμένους
933 5333 1085 5386 deest
1111 5331 1165 5384 in
1192 5329 1564 5404 Theodoreto.

252 5400 364 5486 (51)
404 5400 740 5486 Anglicanus
769 5411 822 5486 et
855 5401 1258 5486 Theodo'retus,
1293 5403 1430 5486 πρδς
1457 5401 1557 5472 τὴν
1583 5400 1761 5486 οἰκου-

226 5475 428 5544 ενικήν.
466 5472 688 5540 Regius.
720 5473 858 5543 πρὸς
884 5473 982 5543 τὴν
1026 5472 1192 5543 μόνην
1231 5472 1756 5540 καὶίοίκουμενικήν.

181 5491 318 5613 Ε.Ιὶιὶ
345 5559 470 5613 vero
493 5554 547 5597 et
573 5543 686 5601 alii.
726 5544 863 5613 πρὸς
907 5543 1028 5613 τὴν
1056 5541 1192 5613 μίαν
1221 5544 1316 5595 καὶ
1349 5540 1756 5613 οἰκουμενικήν.

180 5611 321 5666 Intra
351 5613 404 5666 in
436 5611 602 5681 Regio
633 5615 690 5665 αἱ
713 5610 882 5668 deest.
916 5610 1123 5666 Ibidem
1161 5610 1364 5682 Regius
1387 5611 1562 5682 prima
1590 5625 1755 5682 manu

168 5684 343 5737 {habet
374 5679 616 5753 δραχμα,
653 5683 914 5747 secunda,
948 5682 1192 5753 δράγμα.
1246 5679 1485 5753 Anglic"
1517 5679 1756 5750 δοᾶγμα.

449 5775 721 5834 Ριιτιιυι..
765 5775 884 5838 Gtt.
931 5775 1170 5839 XXVI.

1872 4531 2064 4591 praeter
2097 4536 2181 4588 ea,
2204 4536 2327 4590 quae
2350 4535 2380 4575 a
2404 4519 2660 4576 Patribus
2689 4518 2880 4576 Nicaea:
2907 4520 3178 4576 declarata
3205 4520 3444 4586 fuerant,

1862 4770 2254 4834 Theodoretus,
2285 4769 2360 4831 ὡς
2411 4769 2700 4841 δράγματα
2753 4767 2826 4841 μὴ
2880 4768 3072 4841 ἔχοντα
3132 4767 3305 4836 ἰσχύν.
3345 4765 3443 4821 Hie

1865 4841 2020 4894 locus
2053 4843 2201 4894 viros
2239 4841 2394 4893 torsit
2427 4840 2692 4903 eruditos,
2723 4840 2816 4908 qui
2851 4855 2956 4891 non
2987 4840 3338 4892 adverterunt
3365 4841 3442 4890 lo-

1862 4926 1987 4963 cum
2019 4911 2072 4964 in
2107 4909 2245 4964 Osea
2283 4910 2544 4979 propheta
2578 4910 2658 4962 sic
2694 4911 2796 4978 legi
2827 4909 3004 4979 capite
3023 4924 3140 4979 vin,
3182 4908 3441 4979 versu_7:

1860 4981 2080 5051 δράγμα
2124 4981 2224 5034 οὐκ
2269 4977 2401 5051 ἔχον
2447 4981 2600 5051 ίσχὺν
2633 4979 2726 5051 τοῦ
2754 4977 2995 5051 ποιῆσαι
3023 4977 3272 5051 ἄλευρον.
3323 4977 3444 5051 Mox

1864 5049 2261 5115 Theodoretus,
2303 5049 2662 5118 ἐξεφάνησαν.
2695 5049 3030 5118 Anglicanus
3069 5049 3447 5118 insequenti-

1866 5124 1968 5176 hus
2018 5137 2178 5189 saepe.
2198 5117 2566 5192 Ἀριαμήνων.
2619 5117 3017 5183 Theodoretus,
3037 5117 3311 5190 Ἀρίμινον
3335 5158 3350 5183 ,
3390 5127 3446 5172 «ι

1881 5192 2142 5262 Ἀριμίνῳ
2168 5193 2350 5246 habet.

1941 5256 2052 5334 (52)
2095 5256 2228 5334 Vide
2246 5275 2379 5334 qua:
2417 5260 2483 5313 de
2513 5260 2600 5313 his
2636 5259 2879 5313 diximus
2910 5259 2962 5312 in
3007 5256 3131 5311 Vita
3161 5257 3449 5311 Athanasii

1868 5333 1933 5387 ad
1967 5331 2171 5386 annum
2206 5331 2329 5385 559.

1942 5404 2052 5472 (55)
2094 5403 2172 5457 Ita
2208 5403 2426 5472 ltegius.
2466 5399 2523 5455 ln
2555 5399 2715 5472 editis
2741 5413 2872 5452 vero
2901 5399 2993 5452 καί
3024 5399 3196 5472 deest.

1943 5467 2055 5544 (54)
2097 5467 2494 5544 Τὴοοκίῖιιθιυε,
2524 5467 2840 5544 κελεύσαντι
2879 5468 3231 5538 γεγενῆσθαι.

1943 5538 2058 5611 (55)
2100 5543 2499 5611 Theodoretus,
2532 5542 2631 5611 μὲν
2659 5538 2874 5601 αὐτούς.

1941 5605 2078 5684 (55⁵)
2113 5612 2185 5667 De
2217 5613 2301 5668 his
2327 5613 2378 5666 in
2428 5605 2545 5665 Vini
2581 5611 2861 5664 Athanasii
2891 5609 2954 5662 ad
2986 5624 3188 5661 annum
3220 5605 3343 5664 359.

3092 5767 3170 5825 33
