3810 6228
386 280 524 337 MSS

949 279 1008 337 S.
1049 278 1418 336 ATIIANASII
1456 277 1608 336 OPP.
1651 276 1830 333 PARS
1869 277 1909 334 Ι.

2093 276 2426 343 IISTORICA
2468 275 2555 331 ΕΤ
2598 275 3023 335 DOGMATICA.

3513 285 3541 340 1
3551 284 3658 340 035

382 399 518 456 ibil
541 401 894 472 quaerendum
919 414 1044 455 esse
1075 419 1088 454 :
1127 415 1229 455 nec
1254 400 1417 454 aliam
1441 397 1732 470 synodum,
1760 405 1943 468 praeter

2094 397 2282 464 ἑντων,
2316 397 2451 468 μηδὲ
2470 393 2757 466 ὀνομάζειν
2782 396 2948 468 ἄλλην
2977 397 3192 452 σύνοδον
3236 401 3368 472 παρ’
3408 401 3653 472 εκείνην.

382 495 551 562 illam,
585 493 1017 550 memoraudam.
1045 492 1153 549 Sed
1181 494 1298 549 haec
1329 494 1548 565 quidem
1573 492 1958 548 dissimulant:

380 603 443 643 ea
470 603 624 652 vero,
653 601 776 658 qua:
800 587 853 640 in
880 585 1114 640 Thracia
1141 601 1240 656 per
1259 586 1368 640 vim
1401 594 1553 656 gesta
1585 597 1734 651 sunt,
1770 586 1962 639 obten-

379 677 552 733 dunt:
584 693 650 732 ex
681 677 882 748 quibus
912 676 1270 748 conspicuum
1308 687 1411 744 est,
1453 691 1550 731 eos
1590 677 1806 731 Arianae
1836 677 1962 746 qui-

378 771 498 825 dem
538 771 812 825 haereseos
840 769 1158 833 histriones,
1188 784 1217 823 a
1244 785 1378 824 sana
1406 779 1587 824 autem
1619 770 1723 824 tide
1749 770 1960 825 alienos

377 878 516 920 esse.
558 864 715 930 Quod
751 863 796 918 si
831 863 958 933 quis
1007 879 1259 934 magnam
1300 863 1448 918 illam
1493 864 1786 933 synodum,
1831 877 1957 918 cum

377 969 604 1016 istorum
652 957 876 1030 synodis
923 967 1117 1012 mutuo
1145 955 1398 1012 conferre
1432 957 1688 1019 voluerit,
1738 955 1955 1010 illorum

376 1053 665 1123 pietatem,
715 1031 964 1108 'istorum
1023 1050 1351 1105 dementiam
1405 1049 1790 1121 deprehendet.
1853 1047 1958 1114 Qui

375 1146 609 1202 Nicaeam
663 1154 1036 1201 convenerunt
1094 1159 1440 1214 nequaquam
1507 1153 1665 1198 antea
1725 1143 1958 1212 depositi

375 1239 608 1304 fuerant,
645 1239 739 1294 sed
768 1254 832 1292 ex
873 1236 1054 1292 Patris
1092 1237 1398 1292 substantia
1439 1237 1635 1292 Filium
1669 1253 1790 1293 esse
1823 1253 1958 1292 con-

374 1329 503 1384 fessi
543 1338 690 1385 sunt.
717 1327 810 1383 Isti
839 1339 1018 1383 autem
1059 1329 1223 1384 semel
1252 1339 1416 1399 atque
1455 1329 1674 1396 iterum,
1718 1331 1827 1383 imo
1849 1337 1960 1383 ter-

373 1420 449 1474 tio
493 1418 729 1473 Arimini
762 1418 1020 1488 depositi,
1073 1419 1312 1473 scribere
1361 1420 1479 1474 ausi
1525 1429 1673 1485 sunt,
1724 1435 1831 1474 non
1869 1419 1955 1474 di-

372 1511 606 1566 reudum
637 1525 779 1576 esse,
820 1510 989 1566 Deum
1024 1512 1225 1568 habere
1264 1513 1627 1568 substantiam
1658 1522 1754 1567 aut
1788 1514 1957 1584 hypo-

371 1603 568 1659 stasin.
602 1601 682 1658 Ex
711 1603 912 1674 quibus
951 1603 1388 1660 animadvertere
1431 1605 1577 1670 licet,
1611 1603 1828 1670 fratres,
1863 1604 1956 1660 Ni-

369 1711 550 1750 canos
600 1694 794 1752 Patres
845 1693 1158 1766 Scripturas
1207 1696 1440 1768 spirare,
1484 1713 1609 1752 cum
1653 1698 1803 1752 dicat
1841 1698 1956 1768 ipse

367 1787 513 1844 Deus
541 1788 594 1844 in
627 1789 816 1846 Exodo
861 1791 1124 1861 quidem:
1172 1789 1284 1864 Ego
1321 1809 1436 1848 sum
1469 1793 1560 1863 qui
1600 1794 1814 1862 sum";
1858 1810 1956 1864 per

366 1876 661 1936 Jeremiam
689 1896 820 1937 vero
846 1900 860 1936 :
894 1883 1028 1948 Quis
1061 1884 1211 1937 estin
1242 1882 1545 1938 substantia
1576 1883 1715 1952 ejus,
1745 1894 1796 1939 et
1821 1886 1951 1941 vidit

365 1973 579 2028 verbum
612 1974 770 2039 eius?
795 1984 850 2030 et
880 1977 1042 2046 paulo
1068 1985 1192 2047 post
1220 1995 1234 2030 :
1260 1985 1310 2031 et
1339 1978 1387 2032 si
1413 1979 1678 2032 stetissent
1707 1979 1761 2031 in
1791 1979 1956 2049 hypo-

365 2063 501 2116 stasi
526 2078 664 2127 mea,
691 2075 742 2119 et
779 2064 1050 2121 audissent
1079 2069 1236 2122 verba
1270 2083 1386 2121 mea
1408 2069 1474 2121 ⁸⁸.
1505 2066 1826 2139 Hypostasis
1855 2084 1957 2122 au-

365 2161 477 2207 tem
505 2153 812 2210 substantia
847 2167 950 2223 est,
988 2173 1165 2228 neque
1195 2159 1358 2213 aliam
1395 2158 1559 2214 habet
1598 2159 1955 2231 significatio-

367 2257 515 2308 nem,
541 2259 731 2316 quam,
781 2247 886 2303 hoc
933 2247 1110 2318 ipsum
1144 2252 1289 2320 quod
1335 2261 1463 2305 est:
1503 2251 1649 2320 quod
1689 2248 1954 2308 Jeremias

363 2344 525 2390 vocat
563 2336 833 2412 ὕπαρξιν,
883 2355 976 2395 seu
1025 2341 1402 2396 exsistentiam
1447 2341 1677 2396 dicens:
1728 2341 1798 2395 Et
1850 2358 1953 2396 non

363 2425 651 2481 audierunt
679 2444 853 2482 vocem
883 2429 1206 2485 exsistentice
1229 2446 1356 2485 mea:
1372 2431 1438 2483 ”.
1469 2429 1605 2484 Nam
1643 2431 1954 2502 bypostasis

363 2527 418 2576 et
447 2519 779 2586 substantia,
818 2519 1060 2591 idipsum
1101 2532 1185 2576 est
1211 2523 1357 2593 quod
1397 2522 1631 2593 ὖπαρξις
1681 2539 1776 2578 seu
1808 2525 1954 2579 exsi-

363 2609 586 2664 stentia.
628 2607 726 2664 Est
747 2612 894 2664 enim
928 2621 984 2666 et
1027 2612 1265 2667 exsistit.
1309 2611 1422 2668 lloc
1450 2629 1576 2669 cum
1615 2614 1818 2670 Paulus
1868 2615 1954 2668 in-

362 2699 648 2771 telligeret,
689 2699 935 2758 Hebraeis
967 2704 1232 2774 scripsit:
1272 2704 1378 2771 Qui
1421 2721 1542 2758 cum
1590 2707 1658 2760 sit
1703 2707 1953 2776 splendor

363 2793 548 2862 gloria:
566 2801 617 2848 et
648 2794 823 2864 ﬁgura
847 2794 1187 2866 hypostaseos
1207 2797 1322 2867 ejus
1341 2799 1406 2852 ".
1444 2797 1509 2853 Hi
1536 2813 1665 2854 vero
1697 2800 1792 2871 qui
1830 2816 1952 2857 sese

361 2893 417 2938 et
441 2883 850 2955 Scripturarum
875 2888 1031 2957 periti
1063 2897 1259 2958 putant
1278 2899 1332 2944 ct
1357 2890 1632 2959 sapientes
1657 2892 1948 2962 appellant,

291 3009 295 3014 -
362 2991 488 3030 cum
547 2977 722 3032 nolint
762 2980 1084 3051 bypostasiu
1131 2981 1189 3034 in
1228 2979 1339 3036 Deo
1375 2982 1557 3037 dicere
1617 2981 1758 3055 (hoc
1801 2985 1948 3039 cnim

360 3067 620 3160 Arimini,
659 3077 715 3123 et
763 3069 820 3124 in
864 3070 989 3126 aliis
1033 3071 1150 3127 suis
1191 3072 1417 3144 synodis
1458 3074 1947 3147 conscripserunt)
1975 3101 2017 3160 ο

360 3159 453 3228 qui
483 3174 591 3214 non
617 3161 751 3230 jure
787 3162 1020 3232 depositi
1055 3171 1206 3230 sunt,
1236 3180 1361 3220 cum
1411 3175 1466 3220 et
1507 3166 1609 3235 ipsi
1638 3166 1843 3231 dicant,
1889 3177 1949 3222 ut

360 3253 627 3323 insipiens
657 3255 712 3308 in
760 3255 928 3310 corde
961 3271 1086 3318 suo,
1135 3273 1241 3310 non
1286 3266 1363 3310 est
1411 3256 1553 3312 Deus
1579 3257 1668 3310 '7?
1708 3257 1946 3315 Rursum

361 3343 552 3400 Patres
590 3342 796 3401 Nicani
832 3344 1163 3414 docuerunt,
1203 3345 1402 3402 Filium
1452 3356 1508 3404 et
1537 3347 1775 3404 Verbum
1836 3367 1946 3407 non

358 3451 482 3491 esse
514 3446 824 3492 creaturam
867 3448 962 3493 aut
1012 3455 1128 3493 rem
1176 3439 1403 3508 factam,
1449 3442 1594 3512 quod
1643 3442 1944 3513 legissent:

363 3525 560 3581 Ouinia
585 3543 678 3597 per
726 3529 902 3598 ipsum
933 3528 1083 3598 facta
1123 3541 1245 3585 sunt
1269 3530 1348 3598 ¹⁸;
1403 3540 1490 3586 et:
1528 3530 1594 3586 In
1627 3533 1721 3588 illo
1768 3535 1946 3589 omnia

360 3628 540 3672 creata
566 3629 690 3674 sunt
714 3630 766 3675 et
812 3624 1108 3676 consistunt
1130 3625 1198 3676 ”.
1232 3623 1326 3678 Isti
1356 3639 1488 3680 vero
1526 3627 1710 3696 potius
1757 3627 1945 3683 Ariani

359 3724 525 3778 quam
555 3708 878 3775 Christiani.
911 3712 966 3766 in
995 3713 1122 3769 aliis
1147 3714 1264 3769 suis
1295 3716 1542 3786 synodis,
1574 3717 1750 3787 ipsum
1791 3736 1946 3775 crea-

362 3810 542 3854 turam
580 3800 766 3858 dicere
811 3804 930 3859 ausi
969 3817 1097 3860 sunt
1141 3816 1195 3862 et
1229 3823 1394 3862 unam
1434 3823 1502 3862 ex
1549 3812 1714 3865 rebus
1762 3811 1942 3877 factis,

359 3906 594 3962 quarum
629 3893 810 3963 ipsum
856 3894 1095 3952 Verbum
1139 3897 1321 3966 opifex
1352 3909 1435 3956 est
1481 3909 1536 3955 et
1579 3902 1850 3958 conditor.
1885 3903 1941 3959 Si

356 3985 504 4038 enim
537 4000 634 4055 per
661 3985 840 4056 ipsum
867 3990 1052 4042 omnia
1091 3985 1236 4044 facta
1264 3999 1415 4056 sunt,
1441 4001 1495 4045 et
1525 3991 1701 4060 ipsum
1726 4010 1944 4064 quoque

358 4083 612 4130 creatura
664 4075 850 4144 fuerit,
896 4093 1028 4149 ergo
1076 4081 1316 4150 seipsum
1358 4084 1644 4137 creaverit.
1692 4083 1759 4139 Et
1804 4103 1942 4157 quo-

358 4164 523 4218 modo
560 4173 741 4234 potest
778 4166 926 4236 quod
975 4178 1193 4224 creatur
1226 4172 1462 4227 creare?
1501 4183 1597 4228 aut
1645 4175 1740 4245 qui
1791 4189 1941 4233 creat

355 4271 464 4326 qua
495 4256 706 4312 ratione
735 4259 997 4314 creaturi

425 4351 478 4404 5.
518 4347 722 4406 Verum
762 4368 832 4408 ne
855 4352 937 4408 sic
961 4353 1186 4424 quidem
1213 4357 1569 4425 erubescunt,
1604 4375 1669 4416 ea
1699 4361 1825 4418 licet
1853 4364 1940 4420 di-

2079 488 2236 543 Ἀλλά
2256 488 2428 542 ταῦτα
2455 488 2553 560 μὲν
2576 489 2900 561 κρύπτουσι,
2932 490 2998 544 τά
3024 491 3079 544 δὲ
3107 494 3166 546 ὲν
3187 495 3251 564 τῇ
3282 493 3477 566 Θρᾴκῃ
3507 495 3658 548 κατὰ

2065 581 2187 654 βίαν
2220 581 2533 653 πραχθέντα
2557 581 2952 651 προϐάλλονται
2973 601 2986 614 ο
3021 584 3082 649 ἐξ
3105 578 3180 639 ὧν
3203 586 3535 646 δείκνυνται.
3558 589 3658 658 τῆς

2067 675 2164 746 μὲν
2181 675 2236 727 Ἀ
2244 675 2462 746 ρειανῆς
2474 675 2738 746 αἱρέσεως
2753 676 2905 740 ὄντες
2919 675 3032 748 (56)
3047 678 3361 750 ὑποκριταὶ,
3381 680 3656 752 ἀλλότριοι

2061 768 2118 822 δὲ
2155 769 2253 838 τῆς
2285 768 2638 839 ὑγιαινούσης
2675 769 2932 833 πίστεως.
2963 771 3075 823 Καὶ
3115 771 3284 842 αὑτὴν
3326 772 3384 825 δὲ
3421 773 3525 844 τὴν
3561 791 3657 844 με-

2062 859 2234 930 γάλην
2263 859 2501 923 σύνοδον,
2518 859 2731 924 καὶτὰς
2759 862 2890 928 παρ’
2917 860 3143 914 ἐκείνων
3168 862 3232 916 ἄν
3260 880 3344 926 τις
3373 863 3652 929 ἐξετάζειν

2063 953 2174 1023 (37)
2201 953 2265 1006 ὲκ
2291 952 2635 1026 παραλλήλου
2664 953 2829 1019 Θέλοι,
2863 953 3013 1026 εὖροι
3044 955 3110 1009 ἂν
3143 955 3248 1008 τῶν
3273 956 3373 1026 μὲν
3405 957 3509 1027 τὴν
3535 957 3652 1009 θεο-

2063 1046 2297 1111 σέϐειαν,
2325 1047 2432 1100 τῶν
2455 1047 2511 1100 δὲ
2535 1047 2637 1118 τὴν
2669 1046 2913 1116 ἀλογίαν.
2941 1049 3005 1102 Οἱ
3030 1049 3088 1101 ὲν
3122 1048 3329 1119 Nimia
3370 1048 3655 1102 συνελθόν·

2059 1157 2150 1204 τες
2185 1140 2247 1194 ού
2279 1140 2695 1214 καθαιρεθέντες
2741 1141 3023 1214 συνῆλθον,
3055 1140 3194 1194 ἀλλὰ
3223 1143 3316 1193 καὶ
3365 1141 3654 1212 ὡμολόγη-

2063 1250 2163 1287 σαν
2196 1233 2292 1304 τῆς
2319 1233 2507 1297 οὐσίας
2537 1233 2632 1287 τοῦ
2665 1235 2876 1310 Πατρός
2909 1230 3049 1288 εἶναι
3082 1235 3176 1288 τὸν
3217 1234 3346 1286 Υἱόν
3367 1249 3381 1264 ο
3417 1229 3572 1288 οὗτοι
3599 1235 3654 1288 δὲ

2060 1325 2155 1379 καὶ
2181 1326 2330 1391 ἅπαξ
2368 1327 2463 1380 καὶ
2491 1326 2742 1399 δεύτερον
2776 1328 3218 1400 καθαιρεθέντες,
3255 1329 3350 1382 καὶ
3379 1330 3575 1401 τρίτον
3598 1331 3655 1382 ὲν

2060 1419 2196 1490 αὐτῇ
2229 1422 2295 1490 τῇ
2325 1421 2624 1491 Ἀριμήνῳ,
2673 1420 2906 1493 γράφειν
2955 1422 3262 1492 ἐτόλμησαν
3288 1464 3301 1484 ,
3343 1421 3422 1493 μὴ
3451 1423 3653 1492 χρῆναι

2059 1509 2238 1579 λέγειν
2281 1511 2469 1565 οὐσίαν
2516 1511 2549 1581 ἢ
2601 1511 2900 1565 ὑπόστασιν
2934 1512 3079 1584 ἔχειν
3117 1512 3210 1566 τὸν
3241 1511 3395 1565 Θεόν.
3460 1514 3563 1566 Ἐκ
3590 1512 3652 1582 δὴ

2058 1602 2262 1656 τούτων
2284 1605 2508 1656 σκοπεῖν
2535 1602 2762 1668 ἔξεστιν,
2796 1603 3034 1672 ἀδελφοὶ,
3057 1603 3133 1667 ὡς
3165 1604 3214 1656 οἱ
3246 1605 3344 1676 μὲν
3369 1603 3655 1674 ὲνΝικαία

2059 1693 2167 1747 τῶν
2194 1694 2426 1766 Γραφῶν
2461 1695 2570 1766 (58)
2602 1695 2845 1759 πνέουσι,
2879 1695 3132 1764 λέγοντος
3161 1695 3326 1750 αὑτοῦ
3369 1694 3469 1749 τοῦ
3517 1695 3652 1749 Θεοῦ

1987 1752 2028 1807 Β
2057 1788 2116 1838 ὲν
2152 1752 2250 1856 μὲν
2389 1752 2615 1858 Ἐὲόδῶο
2648 1787 2789 1856 Ἐγώ
2815 1752 2982 1856 εἱμιό
3007 1752 3128 1840 ὢνζ
3158 1787 3248 1841 διὰ
3276 1787 3332 1840 δὲ
3348 1787 3446 1840 τοῦ
3482 1788 3653 1858 Ἰερε-

2060 1877 2181 1948 μίου
2198 1894 2212 1908 ο
2241 1879 2334 1944 Τίς
2355 1878 2735 1948 ἐστιν(59)ἐν
2752 1879 3133 1950 ὑποστήματι
3161 1878 3356 1934 αὐτοῦ
3373 1920 3387 1944 ,
3413 1879 3518 1933 καὶ
3533 1877 3658 1934 εἶδε

2053 1971 2162 2024 τὸν
2178 1974 2365 2040 λόγον
2390 1972 2580 2026 αὐτοῦ
2601 1989 2620 2037 ;
2644 1975 2738 2026 καὶ
2769 1975 2886 2043 μετ’
2917 1973 3095 2042 ὀλίγον
3115 1987 3131 2003 ·
3152 1972 3265 2026 Kal
3289 1975 3341 2026 sl
3362 1973 3654 2042 ἔστησαν

2053 2063 2124 2116 ἐν
2147 2062 2220 2133 τῇ
2263 2063 2601 2118 ὑποστάσει
2635 2083 2792 2135 μου,
2834 2065 2933 2118 καὶ
2960 2064 3239 2134 ἤκουσαν
3277 2063 3398 2117 τῶν
3447 2068 3655 2134 λόγων

2049 2175 2187 2226 μου.
2241 2157 2307 2211 Ἦ
2331 2157 2386 2211 δὲ
2413 2157 2705 2222 ὑπόστασις
2730 2159 2886 2212 οὐσία
2915 2159 3052 2222 ἐστὶ,
3089 2158 3186 2211 καὶ
3211 2157 3368 2210 οὐδὲν
3392 2157 3532 2212 ἄλλο
3567 2175 3652 2228 cn;-

2059 2249 2382 2321 μαινόμενον
2408 2250 2574 2321 ἔχειῆ
2607 2251 2738 2305 αὐτὸ
2762 2251 2823 2303 τὸ
2844 2251 2903 2304 όν
2923 2268 2937 2282 ⁸
2972 2251 3111 2322 ὅπερ
3161 2249 3437 2320 Ἱερεμίας
3477 2250 3651 2321 ὓπαρ-

2055 2342 2136 2409 ξιν
2165 2343 2418 2414 ὀνομάζει
2439 2344 2612 2413 λέγων
2639 2361 2650 2374 ο
2685 2345 2794 2397 Καὶ
2824 2343 2935 2413 (40)
2969 2346 3081 2398 οὐκ
3119 2343 3401 2411 ἥκουσαν
3434 2343 3653 2412 φωνὴν

2053 2435 2384 2505 ὑπάρξεως.
2424 2437 2488 2490 Ἦ
2523 2438 2632 2508 γὰρ
2671 2437 2969 2501 ὑπόστασις
3005 2439 3100 2492 καὶ
3141 2439 3175 2506 ἡ
3219 2436 3376 2490 οὐσία
3411 2436 3652 2508 ὖπαρξίς

2054 2529 2220 2582 ἐστιν.
2254 2529 2408 2580 Ἐστι
2441 2527 2552 2598 γάρ
2577 2529 2671 2581 καὶ
2694 2529 2954 2599 ὑπάρχει.
2979 2528 3150 2582 Τοῦτο
3166 2527 3304 2581 νοῶν
3330 2529 3429 2581 καὶ
3451 2529 3480 2580 ὁ
3501 2527 3650 2580 Παῦ-

2053 2613 2163 2680 λος,
2213 2613 2452 2686 ἔγραψεν
2488 2615 2762 2687 Ἐὕραίοις
2783 2633 2795 2646 ·
2831 2619 2935 2682 Ὃς
2957 2615 3044 2669 ὢν
3097 2617 3473 2686 ἀπαύγασμα
3534 2616 3650 2684 τῆς

2051 2704 2260 2773 δόξης,
2286 2707 2382 2760 καὶ
2407 2707 2714 2776 χαρακτὴρ
2741 2707 2854 2774 τῆς
2878 2707 3277 2774 ὑποστάσεως
3308 2707 3524 2762 αὐτοῦ.
3543 2702 3649 2763 Οὖ-

2050 2817 2132 2854 τοι
2170 2801 2224 2854 δὲ
2245 2802 2295 2854 οἱ
2333 2799 2616 2865 δοκοῦντες
2647 2799 2846 2854 είδέναι
2890 2800 2989 2862 τὰς
3015 2799 3261 2869 Γραφὰς,
3303 2800 3399 2852 καὶ
3443 2801 3647 2871 ὀνομά-

2052 2895 2236 2958 ζοντες
2264 2892 2490 2955 ἑαυτοὺς
2519 2889 2656 2945 εἶναι
2689 2892 2909 2961 σοφοὺς,
2937 2890 3011 2962 μὴ
3045 2890 3293 2954 Θέλοντες
3340 2891 3650 2945 ὑπόστασιν

2050 2984 2230 3053 λέγειν
2250 2985 2342 3040 ἐπὶ
2383 2983 2519 3037 Θεοῦ
2565 2986 2581 3050 (
2599 2983 2757 3036 τοῦτο
2789 2983 2898 3054 γὰρ
2928 2983 3174 3052 ἔγραψαν
3205 2983 3263 3036 ὲν
3297 2985 3364 3054 τῇ
3409 2984 3648 3054 Ἀριμή-

2052 3095 2128 3149 νῳ
2155 3078 2266 3148 (41)
2305 3077 2399 3131 καὶ
2432 3078 2490 3129 ὲν
2516 3075 2705 3138 ἄλλαις
2735 3074 2944 3128 ἑαυτῶν
2977 3075 3220 3138 συνόδοις
3251 3076 3294 3142 ),
3329 3074 3450 3138 πῶς
3481 3077 3545 3129 οὑ
3571 3076 3649 3128 δι-

2052 3170 2222 3232 καίως
2250 3167 2654 3241 καθῃρέθησαν,
2676 3165 2925 3234 λέγοντες
2952 3167 3046 3220 καὶ
3065 3166 3240 3228 αὑτοὶ,
3270 3166 3346 3230 ὡς
3365 3165 3563 3238 ἄφρων
3588 3170 3645 3217 ἐν

2050 3261 2267 3332 καρδίᾳ,
2305 3262 2427 3313 Οὐκ
2449 3258 2582 3314 ἐστι
2612 3259 2756 3322 Θεός
2780 3274 2798 3322 ;
2829 3258 2998 3311 Πάλιν
3022 3275 3082 3310 τε
3115 3260 3164 3311 oi
3195 3259 3443 3330 Πατὲρες
3466 3258 3646 3312 ἐδίδα-

2052 3350 2146 3416 ξαν
2176 3353 2234 3404 ἐν
2259 3353 2325 3420 τῇ
2363 3349 2567 3420 Νικαίᾳ
2599 3349 2672 3421 μὴ
2694 3344 2832 3402 εἶναι
2862 3349 3068 3420 κτίσμα
3093 3349 3126 3420 ἢ
3152 3350 3363 3420 ποίημα
3388 3350 3484 3403 τὸν
3513 3349 3646 3403 Υίδν

2048 3445 2218 3513 Λόγον
2259 3443 2391 3512 (42),
2427 3443 2748 3511 ἀναγνόντες
2769 3459 2783 3473 ·
2811 3441 3018 3496 Πάντα
3045 3441 3118 3494 δι’
3151 3440 3339 3496 αὐτοῦ
3364 3441 3605 3511 ἐγένετο
3623 3459 3642 3473 ο

2049 3537 2161 3600 καὶ,
2199 3536 2302 3588 Ἐν
2325 3533 2486 3599 αὐτῷ
2513 3533 2585 3586 τὰ
2607 3533 2805 3587 πάντα
2825 3534 3073 3601 ἐκτίσθη
3098 3533 3197 3586 καί
3232 3533 3643 3601 συνέστηκεν.

2049 3614 2206 3674 Οὗτοι
2231 3621 2287 3674 δὲ
2311 3621 2360 3673 oi
2396 3619 2596 3690 μᾶλλον
2624 3618 2895 3691 Ἀρειανοὶ
2924 3619 2957 3690 ἦ
2993 3620 3309 3690 Χριστιανοὶ
3327 3619 3440 3688 (15)
3466 3619 3646 3682 ὄντες,

2047 3715 2107 3767 ὲν
2136 3717 2255 3778 ταῖς
2279 3714 2464 3778 ἄλλαις
2485 3713 2694 3767 ἑαυτῶν
2727 3713 2967 3776 συνόδοις
3002 3712 3209 3782 κτίσμα
3235 3712 3646 3784 τετολμήκασιν

2047 3809 2220 3860 εἰπεῖν
2243 3807 2426 3870 αὑτὸν,
2452 3808 2546 3860 καὶ
2566 3807 2664 3860 ἕνα
2687 3806 2796 3859 τῶν
2822 3822 2950 3877 ποιη
2961 3806 3167 3877 μάτων.
3195 3799 3269 3859 ὧν
3294 3806 3457 3868 αὑτός
3488 3808 3648 3859 ἐστιν

2045 3900 2074 3952 ό
2095 3900 2265 3968 Λόγος
2289 3898 2618 3970 δημιουργὸς
2646 3899 2739 3952 καὶ
2765 3899 3018 3970 ποιητής.
3042 3899 3105 3952 Ei
3137 3899 3248 3970 γὰρ
3273 3897 3340 3952 δι’
3370 3898 3540 3952 αὑτοῦ
3569 3900 3644 3952 τὰ

2047 3993 2223 4047 πάντα
2250 3992 2462 4061 γέγονε,
2498 3992 2706 4061 κτίσμα
2731 3991 2788 4043 δέ
2828 3993 2944 4044 ὲστι
2973 3992 3067 4046 καὶ
3090 3991 3285 4054 αὐτός’
3320 3991 3406 4062 είη
3445 3993 3511 4045 ἂν
3541 3993 3642 4046 καὶ

2045 4083 2240 4136 ἑαυτὸν
2255 4083 2476 4147 κτίζων.
2509 4084 2620 4136 Καὶ
2651 4082 2766 4147 πῶς
2795 4083 3016 4136 δύναται
3043 4083 3105 4135 τὸ
3135 4082 3485 4152 κτιζόμενον,
3518 4083 3643 4136 κτί-

2045 4176 2158 4241 ζειν
2181 4193 2199 4244 ;
2223 4177 2257 4247 ἢ
2297 4175 2415 4240 πῶς
2435 4178 2464 4229 ό
2486 4175 2685 4240 κτίζων
2719 4175 2989 4240 κτίζεταις

2116 4376 2169 4428 5.
2217 4375 2356 4429 Ἀλλ’
2377 4375 2497 4429 οὑδὲ
2525 4375 2699 4441 οὑτως
2720 4377 3091 4448 αἰσχύνονται,
3108 4379 3335 4433 τοιαῦτα
3357 4379 3642 4449 λέγοντες,

351 4452 500 4508 eaut,
531 4458 654 4512 quae
686 4443 791 4498 sibi
839 4444 1026 4500 odium
1075 4449 1218 4517 apud
1255 4465 1448 4508 omnes
1485 4454 1822 4511 concilient:
1860 4467 1939 4513 te-

2093 4470 2132 4537 ρ’
2164 4466 2244 4532 οἷς
2289 4471 2508 4540 μισητά
2542 4470 2634 4523 καὶ
2678 4443 2849 4542 παρά-
2877 4472 3042 4526 πᾶσίν
3071 4443 3230 4535 εἰσιν,
3271 4443 3640 4543 ὀνομάζοντεέ

352 4533 611 4607 ιῖιεωιιιιε
657 4537 1060 4595 Ariminensem
1111 4543 1382 4612 synodum
1432 4560 1756 4616 memorent,
1809 4567 1935 4606 cum

352 4627 531 4696 palam
559 4629 630 4683 sit
652 4643 748 4684 eos
776 4629 886 4685 illic
917 4631 1208 4688 damnatos
1232 4633 1420 4692 fuisse.
1449 4637 1606 4704 Quod
1637 4656 1766 4697 vero
1789 4642 1936 4699 illam

357 4730 567 4790 spectat
625 4721 819 4777 Nicaea:
870 4725 1242 4795 conscriptam
1309 4732 1674 4798 sententiam,
1732 4736 1938 4792 scilicet

351 4816 551 4871 Filium
581 4831 706 4872 esse
751 4818 896 4874 Patri
936 4822 1465 4880 consubstantialem
1493 4869 1509 4894 ,
1556 4829 1716 4900 cujus
1763 4832 1937 4902 gratia

2047 4558 2146 4628 μὲν
2196 4557 2383 4621 ἁπλῶς
2442 4559 2753 4630 Ἀρίμηνον,
2792 4560 3132 4633 δεικνύμενοι
3193 4563 3250 4616 δὲ
3305 4562 3400 4616 καὶ
3428 4563 3544 4634 (44)
3577 4568 3642 4617 ὲν

2044 4649 2181 4719 αὑτῇ
2217 4643 2660 4720 καθαιρεθέντες.
2697 4653 2809 4706 Καὶ
2830 4653 2961 4706 αὑτὸ
2989 4654 3048 4708 δὲ
3080 4655 3143 4707 τὸ
3188 4656 3246 4708 ὲν
3293 4654 3498 4726 Νικαία
3534 4673 3639 4725 γε-

2043 4741 2396 4813 γραμμένον,
2439 4743 2726 4813 όμοούσιον
2755 4739 2896 4798 εἶναι
2917 4746 3009 4799 τὸν
3043 4746 3172 4799 Υἱδν
3223 4746 3302 4817 τῷ
3330 4747 3528 4818 Πατρὶ,
3572 4741 3636 4799 οὗ

2045 4833 2205 4904 χάριν
2233 4834 2655 4903 προσποιοῦνται
2686 4835 2954 4906 μάχεσθαι
2978 4837 3116 4908 πρὸς
3140 4837 3242 4909 τὴν
3264 4837 3502 4905 σύνοδον,
3536 4840 3639 4892 καὶ

421 4951 466 5035 1³
507 4949 678 5035 Exuit.
706 4967 794 5035 ιιι,
830 4953 918 5035 id.
964 4955 1040 5035 ’ξ’
1061 4952 1264 5012 Jerem.
1296 4974 1456 5024 xxui,
1490 4960 1575 5020 18,
1605 4961 1695 5016 22.
1766 4967 1811 4996 "
1834 4963 1943 5020 λοι-ι

2100 4967 2269 5032 x,lO.
2346 4968 2394 5000 “
2433 4965 2596 5024 Hebr.
2631 4985 2670 5035 ι,
2703 4969 2758 5023 5.
2835 4971 2881 5002 ¹¹
2920 4969 3067 5027 Psal.
3105 4986 3230 5035 xm,
3272 4971 3324 5027 1.
3402 4971 3447 5003 ³⁸
3467 4970 3633 5030 Joan.

350 5037 388 5086 ι,
419 5023 474 5076 5.
551 5023 596 5053 ³³
625 5023 836 5078 Co'oss.
874 5027 925 5089 1,
958 5024 1046 5081 16.

347 5161 536 5289 ωὲὶϐ)
588 5163 911 5233 Ὑποκριται
943 5166 1098 5224 deest
1128 5169 1183 5224 in
1214 5167 1561 5227 Theodoreto
1587 5182 1640 5228 et
1673 5175 1727 5228 in
1753 5175 1937 5248 Angli-

422 5325 534 5404 (δῖ)
573 5325 926 5404 Anglicanus.
965 5330 1358 5404 ἀντεξετάζειν.
1405 5332 1530 5387 Mox
1560 5331 1786 5404 Regius,
1816 5335 1940 5388 eos-

348 5395 454 5452 λοι.
488 5395 612 5452 Mox
638 5395 990 5470 Anglicanus,
1016 5405 1064 5454 oi
1097 5395 1208 5474 γάρ
1238 5395 1302 5456 ἒν
1333 5404 1566 5475 Νικαίᾳ.

420 5487 535 5561 (38)
572 5491 926 5563 Anglicanus,
952 5493 1024 5548 τὰ
1054 5495 1164 5549 τῶν
1196 5495 1454 5567 Γραφῶν.
1494 5498 1554 5551 In
1598 5495 1723 5554 aliis
1747 5500 1816 5553 τά
1851 5499 1940 5554 de-

349 5570 454 5614 est.

423 5653 538 5732 559)
574 5657 1020 5732 Anglicanus,_év
1063 5661 1409 5732 ὑποστήματι
1443 5628 1638 5715 αὑτοῦ-
1686 5664 1780 5716 καὶ
1815 5664 1933 5732 μετ’

352 5723 532 5795 ὀλίγα,
565 5735 620 5783 ιι
645 5723 717 5783 ita
751 5729 881 5799 legit
903 5727 1176 5787 Nannius.
1212 5723 1359 5789 Infra
1390 5735 1438 5785 si
1468 5734 1620 5790 deest
1655 5733 1709 5788 in
1738 5723 1928 5803 Hegio.

2112 5173 2224 5248 (id)
2262 5174 2549 5248 Kaideest
2573 5175 2637 5248 in,
2657 5176 2960 5246 Anglicauo
2991 5187 3047 5232 et
3074 5181 3216 5248 apud
3243 5178 3449 5236 Jerem.

2263 5243 2597 5320 Anglicanus
2627 5247 2716 5320 hic
2746 5243 2800 5302 et
2833 5243 3384 5320 iiifra.“Apiauqv£bv.

2138 5313 2224 5388 ig)
2266 5313 2620 5388 Qiiglicanus,
2649 5319 2738 5370 τὸν
2771 5317 2865 5370 τοῦ
2893 5317 3028 5372 Θεοῦ
3059 5313 3249 5388 Ᾱόγονξ

2114 5385 2227 5460 (λιῷ
2270 5385 2506 5460 Regius.
2526 5388 2841 5458 Χριστιανοὶ
2866 5391 2958 5442 καὶ
2984 5393 3042 5443 ὲν
3071 5385 3206 5456 ταῖς.
3240 5393 3297 5444 In
3328 5392 3632 5460 Anglic-ano

2041 5455 2134 5532 καί
2169 5455 2688 5532 defsuﬁditijcro
2725 5461 2825 5532 sic,
2865 5461 3184 5532 Χριστιανοὶ
3215 5463 3368 5524 ὅντες
3394 5455 3451 5516 ἐν
3482 5469 3625 5528 ταῖς.

2044 5524 2450 5600 Infranegius,
2478 5528 2587 5600 τῶν
2619 5524 2962 5600 ποιημάτων.
2997 5531 3162 5593 Editi,
3188 5533 3298 5584 τῶν
3327 5536 3570 5589 πάντων.

2115 5595 2228 5667 (44)
2264 5598 2357 5669 Sic
2387 5598 2520 5667 ltr-g.
2551 5595 3034 5669 BasilﬂAnglican.
3082 5603 3139 5656 In
3178 5603 3343 5659 editis
3375 5621 3505 5659 vero
3529 5607 3628 5660 καί

2041 5666 2213 5723 deest.
2260 5667 2382 5723 Mox
2434 5666 2636 5741 ltcgius
2662 5682 2717 5728 et
2751 5666 3110 5742 Anglicanus,
3139 5674 3197 5728 δὲ
3226 5674 3306 5730 τό.
3359 5675 3527 5742 Editi,
3567 5676 3630 5734 δέ

2039 5752 2120 5792 τε.
