3810 6228
143 321 281 377 1037

1184 314 1520 371 EPISTOLA
1554 312 1646 367 AD
1686 310 1918 368 AFROS
1957 310 2361 367 EPISCOPOS.

3285 307 3424 364 4038

142 427 604 504 περιϐομϐοῦσιν,
634 429 709 494 ὼς
731 428 1012 494 κώνωπες,
1043 426 1316 498 πανταχοῦ
1351 427 1480 498 περ),
1512 426 1610 496 τῆς
1647 424 1738 477 λέ-

1860 423 2102 476 timulant
2127 437 2186 478 se
2215 437 2340 476 cum
2369 419 2588 478 Nicaeus
2625 420 2838 493 synodo
2872 435 3117 493 pugnare
3141 461 3158 488 ,
3208 421 3276 478 de
3318 439 3424 492 qua

143 526 296 593 ξεως,
323 523 358 595 ἢ
386 523 468 586 ὡς
489 522 815 593 ἀγνοοῦντες
834 522 1272 594 προσκόπτουσιν
1305 523 1385 584 εἰς
1402 519 1554 582 αὐτὸ,
1590 519 1666 582 ὡς
1689 519 1740 570 οἱ

144 615 595 691 προσκόπτοντες
644 613 754 684 (45)
789 615 870 676 είς
913 612 1006 665 τὸν
1039 612 1263 666 τεθέντα
1311 609 1458 662 λίθον
1501 611 1558 662 ὲν
1603 606 1743 661 Σιὼν

143 705 672 777 προσκόμματοςοῆ
709 703 1036 773 γινώσκουσι
1067 705 1196 774 μὲν,
1231 702 1318 756 διὰ
1353 700 1512 754 τοῦτο
1540 701 1596 754 δὲ
1640 701 1743 770 μά-

143 816 324 870 χονται
356 798 458 850 κα).
491 798 736 868 συνεχῶς
767 796 1150 866 γογγύζουσιν,
1181 796 1262 848 ὅτι
1293 793 1436 848 κατὰ
1463 794 1560 864 τῆς
1594 793 1744 864 αἱρέ-

145 887 280 951 σεώς
308 891 467 942 ἐστιν
488 887 674 941 αὐτῶν
708 887 926 958 ἀληθῶς
944 887 1084 959 αὓτη
1113 889 1211 941 καὶ
1252 885 1488 958 ἀκριϐὴς
1528 885 1744 952 ἀπόφα-

146 998 244 1044 σις.
305 981 384 1034 Οὐ
422 980 543 1052 γάρ
592 981 649 1034 αἱ
677 980 851 1046 λέξεις
897 980 1096 1042 αὐτοὺς
1135 978 1434 1042 λυποῦσιν,
1465 975 1578 1028 ἀλλ’
1616 977 1649 1045 ἡ
1686 978 1743 1028 ὲν

143 1074 279 1144 αὐτῇ
311 1073 598 1144 γενομένη
636 1071 965 1141 κατάκρισις
1012 1070 1213 1125 αὐτῶν.
1272 1068 1383 1123 Καὶ
1437 1067 1643 1121 τούτων
1684 1066 1742 1118 δὲ

144 1165 302 1218 πάλιν
332 1166 508 1220 αἴτιοι
539 1167 831 1236 γεγόνασιν
856 1165 1032 1229 αὐτοὶ,
1074 1163 1169 1217 καὶ
1210 1163 1259 1215 εἰ
1289 1162 1446 1215 τοῦτο
1479 1160 1743 1231 κρύπτειν

141 1255 293 1309 αὐτοὶ
324 1255 574 1320 θέλουσι,
610 1258 786 1310 καίτοι
817 1254 1214 1325 γινώσκοντες,
1270 1252 1384 1306 ἀλλ’
1430 1254 1575 1324 ἡμᾶς
1618 1250 1745 1304 ἀκόα

142 1346 330 1400 λουθον
366 1351 554 1400 είπεῖν
576 1366 589 1378 ·
642 1349 729 1402 ἵνα
759 1349 854 1402 καὶ
893 1349 957 1401 ὲκ
987 1347 1192 1400 τούτων
1242 1349 1275 1416 ἡ
1316 1344 1454 1416 μετά
1489 1343 1745 1415 ἀληθείας

145 1439 403 1510 ἀκρίϐεια
432 1441 540 1511 τῆς
577 1440 820 1512 μεγάλης
849 1439 1068 1493 συνόδου
1099 1437 1306 1508 δειχθῇ.
1334 1437 1454 1490 Τῶν
1477 1437 1585 1506 γὰρ
1618 1453 1743 1488 συν-

145 1530 409 1585 ελθόντων
459 1533 783 1586 ἐπισκόπων
832 1530 1172 1602 βουλομένων
1205 1530 1304 1593 τὰς
1330 1529 1428 1600 μὲν
1459 1528 1610 1600 παρά
1637 1527 1745 1581 τῶν

158 1623 458 1691 Ἀρειανῶν
483 1623 600 1695 (46)
620 1624 1004 1696 ὲφευρεθείσας
1031 1623 1130 1693 τῆς
1157 1622 1412 1684 ἀσεϐείας
1449 1620 1622 1685 λέξεις
1659 1621 1747 1674 ἀν-

145 1711 311 1764 ελεῖν·
347 1713 410 1766 τὸ
445 1714 542 1778 Ἐξ
586 1715 686 1767 οὐκ
709 1714 878 1766 ὄντων
899 1729 912 1742 ⁸
947 1713 1043 1766 καὶ
1093 1713 1155 1766 τὸ
1200 1713 1379 1780 λέγειν
1416 1713 1620 1782 κτίσμα
1651 1711 1744 1764 καὶ

1845 515 1992 569 velut
2036 515 2240 570 culices
2287 513 2720 584 circumquaque
2773 524 3112 580 susurrant;
3158 514 3219 568 in
3277 515 3425 568 illam

1845 615 1990 661 certe
2017 608 2099 660 vcl
2134 608 2449 676 ignorantes
2480 606 2811 676 impingunt,
2849 605 3314 676 quemadmodum
3352 606 3428 661 illi

1845 696 1934 749 alii
1968 697 2064 766 qui
2093 697 2404 766 impingunt
2429 697 2484 750 iu
2533 695 2767 765 lapidem
2811 697 3055 752 scaudali
3086 697 3325 766 positum
3370 697 3426 752 in

1845 786 1976 842 Sion
2004 789 2091 854 '°;
2137 801 2254 856 aut,
2290 789 2417 843 licet
2466 788 2614 843 illam
2671 790 2842 858 probe
2888 790 3094 854 norint,
3140 801 3428 860 propterea

1844 882 2128 936 decertant
2176 897 2278 938 nec
2316 889 2538 938 cessant
2587 883 3031 947 obmurmurare,
3076 883 3222 953 quod
3253 899 3315 938 ea
3357 884 3431 938 sit

1843 989 1970 1028 vera
2021 984 2072 1028 et
2111 984 2368 1029 accurata
2408 983 2601 1030 contra
2655 990 2813 1029 suam
2866 975 3098 1030 haeresin
3135 977 3427 1031 sententia.

1844 1063 1960 1121 Non
1986 1067 2132 1120 enim
2166 1067 2241 1121 illi
2270 1068 2434 1121 verba
2469 1069 2697 1122 moleste
2727 1067 2931 1134 ferunt,
2968 1073 3060 1124 sed
3111 1085 3267 1126 suam
3318 1072 3430 1126 illic

1845 1160 2114 1228 prolatam
2145 1160 2577 1214 damnationem.
2609 1159 2923 1230 ﬂorumque
2957 1176 3148 1215 rursus
3175 1171 3428 1218 auctores

1847 1251 1924 1304 illi
1967 1261 2116 1312 sunt,
2154 1253 2374 1306 tametsi
2408 1267 2524 1306 rem
2559 1251 2665 1306 sibi
2719 1253 2900 1321 probe.
2934 1261 3120 1308 notam
3169 1255 3430 1310 dissimu-

1846 1344 1982 1408 lant,
2013 1343 2175 1414 715
2207 1359 2378 1413 quare
2409 1360 2508 1414 par
2540 1343 2707 1398 fuerit
2736 1353 2798 1398 ut
2823 1345 2927 1414 ipsi
2957 1360 3246 1400 narremus
3272 1365 3287 1413 ;
3318 1361 3430 1418 quo

1847 1436 1973 1491 hinc
1997 1447 2252 1492 accurata
2291 1452 2503 1507 magna:
2544 1438 2741 1507 synodi
2773 1438 3052 1508 diligentia
3086 1439 3425 1494 ostendatur.

1847 1527 1982 1582 Cum
2027 1527 2228 1582 vellent
2277 1528 2423 1582 enim
2473 1527 2715 1596 episcopi
2761 1528 3076 1598 congregati
3120 1527 3314 1597 impias
3360 1529 3430 1582 ab

1845 1618 2064 1672 Arianis
2097 1619 2421 1672 adinventas
2467 1633 2633 1673 voces
2665 1633 2696 1673 e
2731 1619 2910 1672 medio
2960 1619 3185 1683 tollere,
3232 1634 3429 1688 nempe

1848 1707 2001 1772 illud,
2029 1724 2095 1761 ex
2124 1724 2229 1761 non
2257 1706 2604 1762 exstantibus
2631 1724 2644 1759 :
2678 1705 2813 1759 illud
2844 1720 3064 1775 quoque
3081 1706 3230 1776 quod
3252 1705 3427 1768 aiunt.

146 1802 358 1873 ποίημα
387 1803 486 1857 τὸν
516 1803 678 1858 Υίόν’
705 1804 824 1868 καὶ,
847 1799 956 1857 Ἦν
987 1820 1139 1866 ποτε,
1175 1803 1264 1856 ὅτε
1292 1802 1392 1856 οὐκ
1419 1797 1517 1873 ἦν·
1546 1801 1640 1854 καὶ
1658 1801 1741 1853 ὃτι

1860 1808 2151 1854 :reaturam
2179 1809 2233 1854 et
2267 1813 2380 1853 rem
2409 1797 2610 1853 factam
2651 1797 2848 1854 Filium
2864 1813 3019 1854 esse:
3058 1807 3114 1853 et
3143 1798 3296 1866 illud,
3333 1798 3430 1853 ali.

146 1895 385 1964 τρεπτῆς
430 1896 553 1948 ὲστι
592 1895 806 1964 φύσεως
823 1912 838 1927 ο
865 1894 964 1958 τὰς
986 1895 1043 1948 δὲ
1071 1897 1178 1950 τῶν
1198 1896 1432 1968 Γραφῶν
1453 1895 1744 1966 ὁμολογου-

151 1982 314 2052 μένας
337 1984 558 2056 γράψαι
579 1999 593 2013 ⁸
620 1985 701 2038 ὅτι
733 2001 792 2037 τε
821 1986 886 2038 ὲκ
907 1983 1000 2038 τοῦ
1035 1983 1170 2038 Θεοῦ
1209 1989 1275 2057 τῇ
1317 1985 1476 2055 φύσει
1507 1985 1617 2054 (47)
1649 2001 1744 2055 μο-

151 2076 369 2148 νογενής
401 2079 556 2128 ὲστιν
595 2077 624 2129 ό
648 2076 840 2145 Λόγος,
865 2077 1115 2148 δύναμις,
1149 2078 1314 2147 σοφία
1341 2077 1475 2149 μόνη
1501 2076 1595 2130 τοῦ
1625 2078 1740 2131 Πα-

150 2167 292 2237 τρὸς,
345 2168 484 2232 Θεὸς
516 2170 790 2239 ἀληθινὸς,
841 2171 918 2235 ὡς
946 2167 1100 2224 εἶπεν
1129 2173 1158 2224 ὁ
1195 2171 1476 2242 Ἰωάννηςο
1529 2171 1622 2224 κα).
1665 2171 1744 2234 ὡς

151 2254 383 2328 ἐγραψεν
412 2260 441 2312 ὁ
471 2257 709 2323 Παῦλος,
749 2260 1089 2331 ἀπαύγασμα
1120 2261 1221 2332 τῆς
1239 2260 1418 2331 δόξης,
1453 2261 1548 2314 καὶ
1568 2277 1742 2331 χαρα-

152 2347 286 2419 κτὴρ
317 2351 420 2420 τῆς
447 2348 545 2402 τοῦ
580 2350 794 2421 Πατρὸς
809 2351 1163 2416 ὑποστάσεως
1188 2367 1203 2383 ⁸
1231 2353 1280 2405 οἱ
1306 2352 1435 2423 περ).
1460 2351 1740 2416 Εὐσέϐιον,

155 2438 252 2492 ὑπὸ
271 2439 372 2510 τῆς
405 2441 548 2506 ίδίας
581 2441 898 2512 κακοδοξίας
926 2443 1229 2514 ἑλκόμενοι,
1259 2443 1535 2499 διελάλουν
1581 2444 1746 2515 ἀλλή-

155 2530 289 2596 λοις⁹
331 2535 700 2607 Συνθὼμεθαο
747 2536 978 2608 καὶγὰρ
1013 2537 1105 2589 κα).
1146 2538 1307 2607 ἡμεῖς
1351 2538 1418 2590 ὲκ
1469 2536 1563 2590 τοῦ
1607 2535 1742 2590 Θεοῦ

156 2625 341 2694 ὲσμενυ
371 2623 457 2692 εἷς
481 2628 596 2700 γὰρ
623 2628 756 2691 Θεὸς
776 2670 790 2692 ,
815 2627 886 2693 ἐξ
916 2625 987 2684 οὗ
1014 2628 1087 2683 τὰ
1109 2628 1308 2682 πάντα
1327 2646 1340 2659 ⁸
1373 2629 1488 2693 καὶ,
1528 2630 1606 2684 Τὰ
1641 2630 1744 2698 ἀρ-

159 2715 290 2783 χαῖα
314 2717 654 2788 παρῆλθεν,
688 2717 817 2772 ἰδοὺ
847 2719 1058 2788 γέγονε
1077 2718 1150 2773 τὰ
1171 2718 1371 2774 πάντα
1403 2719 1513 2791 (48)
1544 2718 1741 2774 καινά.

165 2811 233 2864 Τὰ
251 2811 317 2865 δὲ
345 2813 550 2868 πάντα
577 2813 645 2868 ἐκ
676 2813 780 2868 τοῦ
806 2813 974 2867 Θεοῦ.
1027 2812 1365 2882 Ἐλογίςοντο
1387 2813 1445 2868 δὲ
1475 2813 1570 2867 καὶ
1592 2813 1654 2866 τὸ
1685 2814 1746 2866 ἐν

160 2904 231 2974 τῷ
256 2907 500 2978 Ποιμένι
525 2907 638 2979 (49)
669 2905 879 2978 γραφέν
897 2923 910 2935 ·
938 2904 1181 2973 Πρῶτον
1225 2904 1467 2960 πάντων
1495 2907 1745 2960 πίστευ-

159 3011 286 3058 σον,
308 2999 396 3052 ὅτι
427 2995 520 3067 εἷς
553 2999 724 3053 ἐστιν
753 2999 786 3052 ό
810 2996 976 3062 Θεὸς,
1013 3000 1046 3051 ό
1074 2997 1145 3050 τὰ
1166 2995 1364 3051 πάντα
1395 2996 1611 3062 κτίσας
1645 2995 1744 3050 καὶ

164 3092 540 3158 καταρτίσας,
571 3090 671 3144 καὶ
691 3088 954 3157 ποιήσας
974 3090 1045 3143 ἐκ
1078 3088 1184 3144 τοῦ
1206 3087 1292 3159 μὴ
1335 3088 1510 3155 ὄντος
1551 3091 1638 3155 εὶς
1676 3088 1743 3142 τὸ

160 3155 320 3235 εἶναι..
365 3155 512 3238 Ἀλλζ
541 3185 589 3236 oi
613 3155 1330 3253 ἐπίσκοποι,θεωρήσαντες
1374 3181 1473 3253 τὴν
1509 3199 1748 3252 πανουρ-
1771 3155 1815 3216 C

165 3270 279 3337 γίαν
305 3274 415 3345 (50)
444 3257 698 3340 ἐκείνων,
726 3277 823 3329 καὶ
849 3273 947 3343 τὴν
963 3274 1060 3344 τῆς
1086 3274 1342 3337 ἀσεϐείας
1371 3274 1744 3345 κακοτεχνίαν,

165 3359 470 3437 λευκότερον
518 3367 770 3438 εἰρήκασι
791 3364 855 3418 τὸ
889 3364 954 3418 ὲκ
982 3363 1077 3417 τοῦ
1123 3363 1292 3429 Θεοῦ,
1337 3366 1433 3418 καὶ
1475 3365 1744 3436 ἔγραψαν,

163 3451 223 3504 ὲκ
245 3455 339 3526 τῆς
362 3458 556 3520 οὐσίας
592 3456 684 3510 τοῦ
719 3455 852 3510 Θεοῦ
876 3451 1017 3509 εῖναι
1066 3456 1158 3509 τὸν
1190 3456 1317 3510 Υίόν
1343 3471 1359 3486 ·
1414 3455 1502 3509 ἵνα
1543 3455 1611 3510 τά
1647 3457 1748 3527 μὲν

165 3545 444 3617 κτίσματα,
465 3549 563 3604 διὰ
588 3550 649 3603 τὸ
677 3549 752 3622 μὴ
789 3551 880 3618 ἀφ’
905 3535 1120 3604 ἑαυτῶν
1152 3549 1322 3620 χωρὶς
1369 3547 1545 3602 αἰτίου
1581 3544 1742 3612 εἶναι,

169 3636 292 3694 ἀλλὰ
318 3642 497 3715 ἀρχὴν
532 3642 678 3714 ἔχειν
702 3642 799 3697 τοῦ
829 3642 1106 3712 γενέσθαι,
1155 3642 1381 3714 λέγηται
1415 3643 1480 3695 ὲκ
1507 3641 1600 3696 τοῦ
1632 3641 1744 3714 (51)

169 3727 291 3784 Θεοῦ
312 3751 327 3766 ο
363 3736 393 3788 ό
423 3737 483 3790 δὲ
518 3736 646 3799 Υἱὸς
676 3735 834 3806 μόνος
863 3735 994 3798 ἴδιος
1023 3738 1121 3805 τῆς
1153 3734 1248 3788 τοῦ
1275 3733 1490 3806 Πατρὸς
1516 3734 1706 3798 οὐσίας
1729 3749 1744 3766 ⁶

169 3819 313 3877 τοῦτο
345 3827 454 3900 γάρ
481 3828 615 3881 ῐδιον
646 3827 967 3898 μονογενοῦς
1002 3829 1094 3881 καὶ
1123 3825 1378 3898 ἀληθινοῦ
1403 3828 1577 3896 Λόγου
1612 3826 1748 3899 πρὸς

170 3909 372 3988 Πατέρα
426 3921 567 3993 (52).
612 3920 722 3973 Kal.
752 3920 885 3992 περ).
935 3921 1036 3990 μὲν
1067 3919 1162 3974 τοῦ
1205 3920 1516 3991 γεγράφθαι
1551 3922 1616 3976 ὲκ
1649 3919 1746 3992 τῆς

168 4002 340 4072 οὐσίας
371 4012 704 4086 ήπρόφασις
736 4013 898 4084 αὕτη.
953 4011 1125 4066 Πάλιν
1173 4012 1230 4066 δὲ
1276 4011 1387 4065 τῶν
1431 4011 1747 4066 ἐπισκόπων

169 4095 483 4165 ἐρωτώντων
503 4107 627 4169 τοὺς
641 4104 932 4168 δοκοῦντας
948 4103 1181 4172 ὀλίγους,
1197 4103 1318 4158 είπε
1325 4121 1357 4175 ρ
1383 4103 1590 4173 λέγοιεν
1609 4102 1746 4174 (55),

171 4184 254 4239 τὸν
280 4190 402 4248 Υίὸν
422 4197 486 4250 οὐ
519 4197 749 4269 κτίσμα,
781 4196 919 4252 ἀλλά
941 4198 1194 4268 δύναμιν,
1229 4197 1422 4266 σοφίαν
1454 4196 1624 4268 μόνην
1652 4196 1746 4250 τοῦ

173 4275 388 4353 Πατρὸς,
416 4289 712 4345 καὶείκόνα
741 4292 931 4355 ἀΐδιον,
955 4290 1374 4362 ἀπαράλλακτον
1401 4289 1544 4344 κατά
1568 4290 1749 4344 πάντα

1844 1890 2068 1960 quando
2107 1903 2217 1944 uou
2244 1898 2365 1946 erat
2392 1908 2406 1945 :
2437 1901 2513 1958 et,
2545 1899 2630 1947 est
2657 1899 2866 1946 natura:
2911 1891 3234 1957 mutabilis;
3266 1900 3429 1961 atque

1845 1984 2251 2054 Seripturarum
2274 1999 2439 2040 voces
2462 1984 2712 2040 omnium
2731 1999 3008 2042 consensu
3032 1995 3278 2056 receptas
3301 2001 3431 2041 cou-

1843 2077 2124 2143 scribere;
2169 2091 2385 2146 nempe,
2436 2092 2502 2131 ex
2533 2076 2644 2132 Deo
2688 2086 2886 2132 natura
2934 2078 3276 2149 unigenitum
3304 2091 3429 2132 esse

1845 2166 2102 2234 Verbum,
2129 2168 2385 2223 virtutem
2412 2177 2467 2223 et
2488 2169 2814 2238 sapientiam
2839 2169 3010 2225 solam
3029 2168 3229 2232 Patris,
3254 2168 3425 2223 Deum

1842 2275 2056 2325 verum,
2081 2269 2138 2314 ut
2157 2261 2235 2316 ait
2252 2258 2490 2316 Joannes
2515 2279 2529 2314 :
2559 2269 2634 2327 et,
2664 2269 2725 2316 ut
2746 2262 2970 2332 scripsit
2993 2261 3219 2326 Paulus,
3253 2261 3433 2332 splen-

1842 2354 2029 2408 dorem
2059 2353 2265 2422 gloriaa,
2298 2361 2352 2407 et
2381 2353 2612 2423 figuram
2640 2353 2964 2408 substantiae
2994 2351 3176 2410 Patris
3209 2372 3222 2408 :
3259 2353 3428 2410 Euse-

1843 2445 1988 2500 biani
2018 2445 2256 2514 propriis
2291 2446 2574 2500 erroribus
2605 2446 2883 2516 pertracti,
2916 2455 3109 2502 mutuo
3149 2447 3429 2518 colloque-

1845 2538 2080 2592 bantur:
2119 2535 2187 2592 lis
2211 2536 2599 2605 assentiamus,
2642 2537 2882 2603 aiebant,
2916 2554 3041 2594 nam
3067 2554 3171 2595 nos
3207 2555 3429 2611 quoque

1843 2643 1912 2681 ex
1946 2625 2057 2681 Deo
2083 2642 2311 2683 sumus:
2347 2643 2490 2682 unus
2527 2628 2673 2682 enim
2705 2628 2849 2683 Deus
2869 2645 2939 2682 ea:
2986 2645 3090 2700 quo
3133 2632 3313 2685 omnia
3337 2631 3381 2664 ³⁸
3409 2649 3426 2686 :

1844 2728 1919 2786 et,
1947 2729 2121 2774 vetera
2159 2719 2508 2784 transierunt,
2535 2737 2652 2774 ecce
2673 2721 2819 2790 facta
2867 2732 2990 2775 sunt
3034 2723 3216 2776 omnia
3269 2740 3424 2778 nova.

1848 2811 2043 2868 Omnia
2069 2813 2244 2866 autem
2266 2827 2332 2866 ea:
2366 2810 2475 2866 Deo
2493 2812 2559 2865 δ’.
2593 2813 2920 2882 Cogitabam
2947 2828 3168 2885 quoque
3197 2813 3332 2868 illud
3373 2817 3429 2867 in

1846 2903 2071 2959 Pastore
2116 2905 2422 2974 scriptum:
2464 2903 2600 2958 Ante
2633 2904 2815 2959 omnia
2861 2905 3053 2972 crede,
3097 2921 3260 2960 unum
3320 2921 3430 2959 esse

1847 2995 2013 3050 Deum
2037 2998 2129 3068 qui
2149 2998 2350 3052 creavit
2384 3005 2433 3050 et
2464 2997 2744 3051 adornavit
2774 2999 2978 3062 omnia,
3017 3005 3068 3054 et
3105 2998 3226 3067 fecit
3265 3015 3328 3054 ea
3365 3013 3432 3054 ea:

1848 3105 1953 3143 non
1991 3091 2368 3144 exsistentibus
2418 3091 2689 3144 exsistere.
2727 3088 2832 3144 Sed
2884 3089 3162 3161 Episcopi,
3212 3092 3430 3146 illorum

1847 3179 2143 3248 vafritiem,
2191 3190 2247 3236 et
2280 3196 2507 3252 pravum
2541 3182 2836 3252 impietatis
2883 3185 3173 3239 artiﬁcium
3205 3186 3430 3255 conspi-

1845 3274 1977 3337 cati,
2017 3273 2172 3337 illud,
2203 3289 2270 3329 ex
2303 3271 2436 3339 Deo,
2478 3273 2742 3342 liquidius
2780 3274 3163 3343 explicarunt:
3195 3271 3430 3330 Filium-

1847 3383 1956 3438 que
2003 3381 2070 3420 ex
2120 3365 2425 3421 substantia
2484 3364 2581 3421 Dei
2633 3381 2758 3422 esse
2809 3366 3193 3435 scripserunt;
3237 3367 3311 3422 ita
3371 3375 3432 3424 ut

1849 3467 2117 3512 creatura:
2150 3457 2370 3527 quidem
2406 3471 2474 3511 eo
2498 3457 2812 3512 dicerentur
2855 3473 2924 3512 ex
2957 3457 3064 3514 Deo
3099 3473 3243 3524 esse,
3283 3461 3428 3530 quod

1847 3565 1958 3603 non
1983 3564 2014 3603 a
2040 3548 2234 3618 seipsis
2260 3547 2472 3618 absque
2501 3563 2668 3604 causa
2691 3549 3056 3614 exstitissent,
3087 3550 3182 3605 sed
3213 3550 3427 3606 initium

1847 3641 2146 3696 exsistendi
2188 3641 2558 3707 habuissent;
2607 3640 2648 3694 F
2653 3641 2781 3695 ilius
2808 3655 2939 3697 vero
2987 3642 3139 3698 solus
3175 3643 3432 3713 proprius

1848 3734 2172 3789 substantia!
2213 3733 2396 3789 Patris
2437 3733 2771 3789 haberetur:
2808 3734 2958 3804 quod
3008 3735 3292 3806 proprium
3346 3751 3430 3793 est

1848 3827 2129 3898 anigenito
2180 3842 2246 3882 ac
2299 3840 2431 3880 vero
2491 3824 2671 3880 Verbo
2719 3826 2862 3896 apud
2905 3825 3146 3885 Patrem.
3188 3827 3255 3885 Et
3316 3830 3430 3888 haec

1847 3921 2067 3990 quidem
2089 3934 2258 3975 causa
2291 3917 2394 3974 fuit
2418 3933 2520 3974 cur
2540 3918 2696 3983 illud,
2722 3935 2786 3973 ex
2811 3919 3140 3988 substantia,
3164 3922 3430 3992 scriptum

1847 4013 1940 4066 sit.
1967 4009 2208 4066 Rursum
2255 4009 2529 4080 episcopis
2550 4025 2757 4080 paucos
2781 4010 2916 4068 istos
2943 4012 3428 4084 interrogantibus,

1844 4118 1918 4157 an
1949 4102 2196 4158 dicerent
2228 4101 2448 4166 Filium,
2475 4116 2586 4156 non
2626 4111 2957 4168 creaturam,
3007 4103 3103 4159 sed
3152 4104 3430 4172 virtutem,

1847 4189 2170 4264 sapientiam
2219 4195 2391 4250 solam
2421 4193 2624 4262 Patris,
2681 4205 2940 4250 aeternam
2994 4196 3285 4267 imaginem
3335 4215 3432 4270 per

1847 4287 2031 4341 omnia
2064 4285 2215 4341 Patri
2245 4286 2504 4352 similem,
2533 4296 2588 4342 et
2628 4285 2799 4342 Deum
2841 4302 3070 4355 verum;
3104 4288 3431 4358 deprehensi

171 4369 255 4422 τοῦ
286 4375 517 4448 Πατρὸς,
553 4383 648 4435 καὶ
673 4383 808 4436 Θεὸν
834 4383 1085 4454 ἀληθινὸν
1106 4421 1122 4445 ,
1172 4380 1598 4452 κατελήφθησαν
1627 4380 1741 4452 (54)

1860 4387 1980 4434 sunt
2025 4376 2319 4433 Eusebiani
2369 4379 2472 4434 sibi
2520 4379 2752 4432 invicem
2805 4393 3090 4444 annuere,
3126 4379 3276 4450 quod
3316 4381 3433 4436 haec

172 4460 359 4554 ταί-περὶ
382 4469 644 4525 Εὑσέϐιον
669 4472 1002 4536 διανεύοντες
1033 4471 1306 4543 ἀλλήλοις,
1329 4473 1412 4526 ὅτι
1447 4473 1540 4526 κα).
1572 4471 1741 4525 ταῦτα

1860 4471 2014 4526 etiam
2050 4471 2104 4524 in
2137 4486 2238 4526 nos
2277 4471 2528 4526 homines
2581 4471 2877 4528 caderent:
2919 4472 3121 4527 etenim
3150 4488 3254 4528 nos
3301 4473 3430 4544 ipsi,

175 4547 349 4612 φθάνει
379 4563 474 4616 καὶ
503 4563 585 4626 είς
609 4565 754 4634 ἡμᾶς
775 4581 790 4596 ο
829 4565 924 4618 καὶ
953 4563 1063 4636 γάρ
1100 4563 1196 4619 καὶ
1230 4567 1391 4635 ἡμεῖς
1443 4563 1538 4618 καὶ
1575 4562 1741 4616 εἰκὼν

1860 4563 2031 4631 imago
2053 4570 2106 4614 et
2138 4563 2308 4631 gloria
2345 4563 2441 4619 Dei
2470 4578 2754 4629 vocamur,
2794 4565 2970 4632 deque
3017 4563 3179 4618 nobis
3223 4562 3430 4617 dictum

173 4641 258 4694 καὶ
284 4646 403 4716 δόξα
449 4654 588 4709 Θεοῦ
623 4655 913 4728 λεγόμεθα,
968 4657 1062 4711 καὶ
1111 4657 1240 4728 περὶ
1285 4655 1441 4728 ἡμῶν
1484 4657 1699 4728 εἴρηται
1722 4673 1736 4688 ·

1860 4663 1931 4708 est
1959 4671 1972 4706 :
2009 4651 2224 4721 Semper
2247 4658 2385 4709 enim
2421 4671 2516 4710 nos
2541 4656 2634 4725 qui
2666 4655 2886 4710 vivimus
2907 4655 2972 4710 ⁸³.
3012 4653 3258 4710 Virtutes
3288 4669 3430 4724 quo-

240 4865 282 4898 '°
321 4871 476 4934 Rom.
511 4895 586 4942 Ix,
615 4880 705 4935 55.
787 4879 828 4911 ³¹
869 4879 889 4932 l
923 4879 1048 4935 Cor.
1082 4896 1198 4947 vm,
1232 4880 1283 4933 6.
1362 4881 1404 4911 ³¹
1447 4878 1491 4934 ΙΙ
1530 4878 1659 4933 Cor.
1695 4895 1741 4944 ν,

1860 4924 1862 4936 ,
1907 4879 1989 4932 l8.
2069 4879 2112 4910 ³³
2150 4878 2295 4934 Psal.
2332 4895 2488 4945 cxm,
2523 4879 2608 4934 i8.

179 5116 606 5245 uggtilvﬂegius,
637 5142 1092 5199 προσκοπτοντες.
1143 5123 1286 5179 Editi
1321 5138 1469 5187 vero,
1501 5124 1738 5196 προσκότο

213 5235 472 5338 ,(Ῑέίγὲὶο
517 5267 647 5338 Reg.
677 5266 888 5338 anglic.
923 5266 1360 5338 etr'l‘heodoret”
1387 5263 1537 5338 apud
1559 5280 1736 5338 quem

183 5320 260 5409 ne
286 5320 694 5394 είπριςιάτισλςῑεε.
735 5320 898 5409 smn,
930 5320 1039 5409 est;
1069 5320 1168 5408 μέν
1204 5320 1359 5409 παρέ
1376 5320 1495 5409 τῶν,
1527 5320 1742 5409 wee-

181 5401 294 5514 :gw.
319 5409 499 5464 multis
530 5409 772 5464 omissis.
810 5407 956 5462 Infra
975 5401 1378 5474 Theodoretus,
1413 5406 1510 5461 καὶ
1536 5401 1734 5470 τὸ’,Ἦν

245 5483 318 5518 τε.

374 5547 710 5618 Anglicanus
751 5557 807 5602 et
837 5547 1236 5609 Theodoretus,
1259 5545 1354 5601 τοῦ
1385 5546 1521 5600 Θεοῦ
1548 5547 1578 5597 ὁ
1596 5546 1731 5618 Υἱὸς

182 5613 345 5720 x938}.
373 5613 490 5672 Mei
519 5621 571 5673 in
600 5619 640 5672 Τ
649 5621 942 5674 heodoreto
971 5621 1000 5672 ὁ
1023 5628 1152 5673 ante
1183 5620 1355 5686 Λόγος
1383 5619 1553 5672 deest.
1589 5617 1722 5670 ibid.

227 5680 418 5720 ΠΩΙιοοη
479 5688 780 5720 ἸῚυυιΑη-ηι
839 5698 887 5720 οι
923 5689 1036 5720 ΩΛιν
1081 5692 1317 5720 ann-Inﬁt:
1353 5704 1515 5720 ινιηη..
1568 5687 1722 5720 .mqu

1913 5129 2024 5194 (48)
2065 5127 2146 5181 Τὰ
2180 5128 2376 5181 πάντα.
2397 5124 2807 5189 οπι.ῐὶεςοΜοκ
2840 5133 2892 5183 in
2923 5129 3114 5186 eodem
3157 5129 3215 5184 δέ
3251 5130 3341 5186 der
3355 5140 3424 5186 st.

1916 5199 2027 5267 (49)
2068 5198 2187 5267 Lib.
2221 5215 2281 5260 ιι,
2315 5198 2567 5253 Mandat.
2601 5200 2654 5253 1.

1915 5260 2029 5337 (50)
2071 5260 2370 5337 Theodon,
2396 5269 2498 5339 τὴν
2527 5269 2892 5339 κακουργίαν.

1908 5340 2023 5407 (51)
2063 5339 2168 5394 Τοῦ
2199 5341 2351 5394 deest
2384 5340 2436 5392 in
2474 5340 2798 5408 Anglicano.

1909 5409 2024 5483 (52)
2065 5409 2361 5483 Theodon,
2391 5409 2566 5483 Λόγου
2595 5410 2688 5464 τοῦ
2718 5411 2934 5483 Πατρός

1909 5480 2022 5548 (55)
2060 5481 2370 5548 Anglican.,
2399 5483 2448 5534 εἰ
2478 5480 2706 5548 λέγοιεν.

1910 5551 2022 5621 (5i)
2064 5549 2286 5621 Regius,
2316 5551 2772 5620 κατελείφθησαν.
2808 5554 2928 5609 Mox
2963 5554 3343 5611 Tlieodoretus
3367 5568 3425 5612 et

310 5628 345 5698 ξι.
373 5620 571 5698 Mox_i_n
600 5620 640 5672 Τ
649 5621 958 5698 ζιοοιιοικειο⁸
971 5621 1000 5672 ὁ
1023 5628 1152 5673 ante
1183 5620 1355 5698 Λόγος
1383 5620 1553 5672 deest.
1589 5620 1722 5698 Ibid.

1860 5620 2038 5698 legitis
2090 5620 2345 5698 seeunda‘
2378 5639 2595 5698 _t_nanu,_
2620 5623 2892 5698 ἀλλήλοις.
2924 5625 3066 5680 E:liti
3117 5637 3171 5680 et
3220 5625 3424 5698 Regius

224 5680 448 5762 ﬂgljcan.
479 5688 806 5762 Theodoret.
838 5698 892 5762 et
922 5689 1054 5758 Reg.
1081 5680 1540 5762 secundajmauu,
1567 5687 1728 5758 σοφία

1860 5680 2012 5762 triuia
2042 5706 2230 5754 manu,
2264 5691 2541 5762 ἀλλήλους.
2563 5680 2931 5756 Ἰιι(ι·;ι,ἐίκῖὒν
2954 5697 3106 5752 deest
3135 5700 3188 5753 iu
3213 5680 3376 5755 editis
3405 5680 3419 5750 ξ

189 5750 272 5804 μὲν
297 5750 344 5821 ἡ.
379 5755 512 5814 Ediu
541 5770 594 5816 et
625 5760 756 5832 Reg.
790 5761 965 5833 prima
997 5750 1364 5830 asumma
1395 5757 1550 5830 μόνη.
1623 5750 1653 5834 _'
1835 5750 1930 5817 Sed
1967 5761 2161 5832 legitur
2195 5750 2251 5819 in
2285 5750 2543 5822 omnibus
2573 5779 2705 5822 mss.
2733 5750 2792 5822 ὀι
2816 5769 2871 5824 in
2901 5750 3171 5825 Theudor.
