3810 6228
376 311 513 364 1659

973 307 1029 361 S.
1056 305 1426 360 ATHANASII
1465 303 1612 360 OPP.
1648 303 1826 358 PARS
1863 303 1902 358 Ι.
1944 333 2013 345 --
2053 303 2423 363 HISTORICA
2462 307 2549 362 ET
2587 307 3016 364 DOGMATICA.

3499 313 3667 366 10ὶο

375 445 480 498 que
515 433 696 481 multa:
751 434 913 479 sunt:
953 422 1016 475 Et
1056 441 1264 494 egressa
1301 435 1377 478 est
1424 426 1593 479 omnis
1627 425 1792 478 virtus
1833 423 1942 476 Do-

2104 426 2162 479 εἰ
2191 427 2298 494 γὰρ
2325 427 2496 496 ἡμεῖς
2519 431 2573 481 οἱ
2601 427 2831 494 ζῶντες.
2868 430 2978 482 Καὶ
2999 428 3256 499 δυνάμεις
3284 430 3481 482 πολλαί
3508 434 3663 483 εἰσι·

376 524 506 575 mini
540 520 603 573 de
633 530 771 572 terra
789 515 1028 586 Egypti.
1051 515 1227 571 Eruca
1255 531 1384 570 vero
1419 525 1472 571 et
1497 516 1710 571 locusta
1746 515 1943 570 dicun—

377 627 466 668 tur
497 614 723 668 virtutes
753 624 960 679 magna:
984 608 1049 664 ³⁸.
1087 608 1172 675 Et,
1202 608 1460 662 Dominus
1488 610 1743 662 virtutum
1768 607 1946 662 nobis-

373 723 493 761 cum
525 713 792 775 susceptor
824 711 1000 756 noster
1038 701 1177 756 Deus
1200 700 1367 755 Iacob
1391 702 1458 756 ³⁸.
1491 701 1606 756 lmo
1631 715 1763 755 vero
1802 700 1946 772 quod

374 802 484 857 Deo
519 799 691 855 simus
717 797 921 868 proprii
957 797 1289 866 accepimus,
1322 795 1462 850 haud
1496 795 1598 849 levi
1640 795 1822 860 modo,
1855 794 1947 849 sed

371 894 498 964 quia
533 892 728 946 fratres
753 904 854 945 nos
886 889 1118 944 vocavit.
1153 887 1308 955 Quod
1338 887 1382 942 si
1410 887 1606 941 Filium
1655 887 1819 941 etiam
1851 901 1948 940 vc-

372 1001 495 1039 rum
527 984 697 1038 Deum
725 989 944 1045 vocant,
986 994 1164 1049 neque
1189 979 1319 1032 illud
1347 994 1488 1048 aegre
1518 977 1744 1033 ferimus
1771 995 1784 1032 :
1822 991 1947 1032 cum

371 1072 513 1128 enim
552 1069 728 1124 factus
759 1067 944 1135 fuerit,
976 1082 1138 1121 verus
1168 1067 1405 1121 exsistit.

438 1242 494 1297 6.
532 1241 656 1297 Haec
685 1251 944 1311 corrupta
976 1255 1128 1296 mens
1176 1240 1504 1295 Arianorum
1559 1240 1683 1296 fuit.
1741 1240 1946 1296 Verum

368 1335 632 1405 episcopi,
675 1343 788 1388 tum
834 1349 1050 1404 quoque
1098 1333 1370 1388 intellecta
1396 1348 1586 1388 eorum
1621 1333 1833 1400 fraude,
1879 1351 1944 1390 ex

371 1427 671 1496 Scripturis
709 1427 808 1480 has
841 1427 1107 1496 collegere
1150 1440 1345 1491 voces,
1395 1427 1764 1495 splendorem,
1819 1426 1950 1481 fon-

368 1530 500 1581 tem,
526 1517 748 1572 ﬂuvium
773 1526 827 1573 et
855 1518 1082 1583 ﬁguram
1119 1517 1438 1572 substantia:
1469 1536 1481 1570 :
1519 1519 1651 1573 illud
1692 1519 1843 1584 item,
1879 1519 1947 1573 In

371 1612 568 1664 lumine
593 1619 682 1664 tuo
702 1610 989 1664 videbimus
1015 1609 1192 1662 lumen
1209 1609 1286 1662 ³⁶ε
1315 1618 1368 1663 et
1391 1609 1544 1674 illud,
1565 1609 1677 1680 Ego
1702 1620 1751 1664 et
1783 1610 1948 1666 Pater

367 1717 532 1755 unum
579 1700 847 1754 sumus”.
905 1698 1132 1752 Demum
1177 1697 1413 1754 lucidius
1471 1707 1525 1754 et
1563 1701 1947 1770 compendiose

368 1794 725 1863 scripserunt,
772 1791 1295 1847 consubstantialem
1346 1806 1468 1846 esse
1509 1789 1656 1845 Patri
1703 1791 1940 1847 Filium:
1976 1783 2020 1842 B

367 1901 494 1940 nam
538 1900 705 1954 supra
749 1884 892 1939 dicta
941 1883 1124 1938 omnia
1154 1886 1295 1940 hanc
1343 1885 1547 1938 habent
1595 1884 1949 1953 significatio-

367 1991 514 2030 nem.
585 1974 759 2029 Porro
828 1975 974 2044 quod
1031 1974 1284 2028 eﬁ'utiunt
1349 1975 1449 2040 illi,
1513 1990 1608 2030 eas
1656 1991 1819 2031 voces
1889 1977 1944 2030 in

369 2066 648 2135 Scriptura
679 2080 786 2120 non
817 2080 956 2128 esse,
977 2081 1176 2120 vanum
1205 2066 1273 2120 ab
1293 2066 1424 2136 ipsis
1445 2075 1944 2123 commonstratur:

365 2171 491 2210 cum
514 2171 579 2209 ex
602 2170 712 2209 non
735 2155 952 2224 scriptis
975 2154 1305 2224 impietatem
1332 2155 1612 2226 proferant
1636 2175 1648 2210 :
1674 2173 1945 2227 nusquam

364 2248 512 2303 enim
546 2249 662 2304 haec
711 2249 913 2317 scripta
967 2256 1130 2302 sunt:
1175 2263 1243 2303 ex
1286 2263 1395 2302 non
1437 2249 1846 2315 exsistentibus,
1893 2257 1948 2303 et

366 2341 541 2396 illud:
589 2341 886 2411 aliquando
933 2357 1041 2394 non
1082 2349 1239 2395 erat:
1281 2356 1402 2396 sese
1448 2350 1630 2396 tamen
1656 2379 1670 2403 ,
1725 2356 1793 2395 ex
1835 2356 1944 2393 non

364 2433 585 2503 scriptis
615 2433 743 2488 licet
782 2433 871 2502 pie
898 2432 1222 2501 excogitatis
1257 2432 1457 2497 verbis,
1491 2431 1782 2486 damnatos
1808 2446 1946 2500 que-

363 2535 582 2582 runtur.
617 2524 722 2580 Sed
749 2524 851 2592 illi,
880 2532 1065 2595 utpote
1089 2539 1158 2578 ex
1183 2523 1530 2594 sterquilinio
1568 2524 1696 2586 orti,
1730 2537 1856 2577 vere
1879 2523 1946 2577 de

365 2629 511 2675 terra
538 2621 879 2690 loquuntur;
927 2619 1165 2689 episcopi
1209 2635 1337 2673 vero
1387 2633 1736 2689 nequaquam
1785 2633 1946 2675 voces

365 2713 490 2767 illas
515 2713 917 2783 excogitarunt,
949 2712 1043 2766 sed
1071 2710 1296 2766 Patrum
1327 2711 1646 2766 testimonio
1672 2709 1819 2778 freti,
1865 2712 1942 2766 ita

364 2804 725 2872 scripserunt.
777 2801 1059 2871 Siquidem
1101 2801 1268 2871 prisci
1316 2801 1560 2871 episcopi
1612 2809 1740 2855 ante
1771 2815 1944 2854 annos

363 2910 534 2966 prope
556 2906 775 2949 centum
794 2895 1171 2965 triginta,cum
1195 2909 1404 2964 magnae
1419 2893 1583 2964 716
1600 2892 1786 2948 Romae
1809 2893 1941 2961 (55),

364 2998 482 3043 tum
508 2987 673 3042 etiam
712 2996 912 3042 nostra;
940 2987 1112 3050 urbis,
1147 2986 1368 3056 scriptis
1412 2988 1529 3041 suis
1563 3001 1659 3041 eos
1687 2987 1943 3056 culpave-

363 3087 495 3132 runt
519 3081 613 3149 qui
643 3078 839 3132 Filium
873 3094 987 3132 rem
1034 3075 1234 3132 factam
1280 3084 1335 3131 et
1370 3073 1518 3130 Patri
1548 3091 1657 3131 non
1705 3075 1946 3130 consub-

365 3169 674 3226 stantialem
706 3171 967 3225 dicerent.
1007 3169 1178 3239 Cujus
1225 3169 1304 3222 rei
1359 3184 1468 3222 non
1511 3169 1738 3238 ignarus
1769 3167 1942 3222 Euse-
1971 3155 2017 3216 C

363 3267 509 3330 hius,
533 3265 794 3319 Caesareae
816 3263 943 3318 olim
965 3263 1275 3332 episcopus,
1295 3263 1388 3332 qui
1416 3278 1538 3317 cum
1565 3263 1714 3331 prius
1731 3262 1945 3316 Arianae

362 3356 559 3414 haeresi
611 3354 1026 3424 sufl'ragaretur,
1058 3362 1250 3424 postea
1277 3351 1510 3408 Nicena:
1554 3351 1763 3424 synodo
1815 3353 1944 3408 sub-

361 3450 620 3521 scripsit;
653 3449 707 3503 in
737 3449 932 3503 litteris
961 3449 1030 3503 ad
1083 3462 1215 3502 suos
1258 3445 1446 3502 missis
1493 3447 1609 3501 haac
1656 3444 1945 3499 afﬁrmavit

365 3543 522 3616 (56):
563 3563 582 3598 ι
637 3541 716 3597 Ex
767 3541 1006 3613 antiquis
1053 3541 1320 3612 quosdam
1366 3540 1612 3594 eruditos
1658 3539 1944 3607 clarosque

361 3638 687 3708 episcopos,
736 3644 901 3706 atque
967 3634 1298 3704 scriptores,
1343 3633 1550 3688 scimus
1609 3633 1756 3687 circa
1822 3632 1945 3684 Pa—

363 3731 465 3786 tris
501 3739 554 3785 et
592 3727 710 3783 Filii
762 3728 1124 3794 divinitatem,
1183 3723 1667 3781 consubstantialis
1723 3723 1943 3778 nomine

363 3839 510 3880 υεοε.
553 3842 571 3876 ι

435 3923 486 3976 7.
518 3919 661 3987 Quid
712 3918 878 3986 igitur
900 3916 1080 3972 adhuc
1109 3914 1514 3969 Ariminensem
1535 3920 1860 3976 memorant,
1885 3911 1941 3964 in

359 4029 470 4085 qua
487 4011 724 4082 depositi
739 4009 903 4064 sunt?
919 4007 1058 4074 Quid
1078 4005 1352 4062 Nicaenam
1377 4005 1646 4078 synodum
1663 4015 1941 4072 recusant,

359 4106 448 4161 cui
482 4104 646 4160 etiam
695 4101 888 4156 Patres
935 4101 1020 4155 sui
1077 4100 1541 4168 subscripserunt,
1597 4106 1651 4152 et
1702 4096 1941 4153 confessi

359 4202 510 4262 sunt,
540 4210 608 4250 ex
638 4192 968 4256 subStantia,
999 4199 1054 4246 et
1085 4189 1610 4246 consubstantialem
1642 4205 1763 4244 esse
1785 4189 1938 4244 Patri

358 4286 604 4342 Filium?
636 4287 766 4358 quid
809 4285 1289 4341 circumcursant?
1336 4299 1448 4337 non
1500 4283 1645 4338 enim
1677 4299 1801 4338 cum
1849 4281 1942 4337 Ni-

358 4381 524 4436 czenis
549 4388 758 4434 tantum
785 4379 1076 4448 episcopis,
1113 4377 1209 4431 sed
1239 4385 1294 4431 et
1318 4392 1442 4431 cum
1479 4378 1602 4432 aliis
1639 4377 1783 4432 inter
1808 4391 1940 4434 suos

357 4473 681 4529 clarissimis
717 4482 772 4527 et
803 4488 928 4527 cum
959 4471 1197 4541 propriis
1225 4471 1447 4525 tandem
1468 4471 1751 4526 dimicant.
1788 4469 1937 4542 Quo-

301 4563 304 4566 ’
358 4571 614 4619 rumnam
658 4564 822 4634 igitur
867 4565 1110 4620 haeredes
1152 4574 1206 4618 et
1238 4579 1588 4619 successores
1643 4565 1814 4618 sunt?
1847 4565 1942 4634 qui

358 4667 592 4729 possunt
625 4673 720 4714 eos
759 4673 955 4714 vocare
1003 4656 1213 4723 Patres,
1246 4671 1484 4727 quorum
1536 4654 1940 4711 confessionem

2050 515 2160 568 Καὶ
2186 515 2404 584 ἐξῆλθε
2428 519 2546 586 μὲν
2577 518 2688 589 (57)
2723 518 2892 573 πᾶσα
2925 522 2964 587 ἡ
3011 519 3263 589 δύναμις
3299 523 3531 588 Κυρίου
3579 524 3664 576 ἐκ

2049 607 2161 677 γῆς
2186 611 2507 680 Αἰγύπτου.
2548 609 2609 663 'H
2641 611 2697 662 δέ
2719 612 2912 682 κάμπη
2939 613 3032 666 καὶ
3063 614 3095 683 ὴ
3122 613 3284 684 ἁκρὶς
3311 614 3538 682 λέγεται
3565 616 3666 667 δύο

2049 717 2209 770 ναμις
2260 701 2491 772 μεγάλη,
2550 703 2680 768 Καὶ,
2740 703 2954 768 Κύριος
2989 702 3110 756 τῶν
3163 703 3482 773 δυνάμεων
3512 706 3663 774 μεθ’

2049 792 2237 861 ἡμῶν,
2273 793 2649 863 ἀντιλήπτωρ
2697 793 2866 862 ἡμῶν
2918 797 2951 847 ὀ
2985 795 3128 861 Θεὸς
3187 797 3404 850 Ἰακώϐ.
3477 798 3663 852 Ἀλλά

2049 885 2159 956 γὰρ
2192 884 2252 938 τὸ
2287 886 2398 956 (58)
2437 887 2600 950 ἰδίους
2633 891 2780 960 ἡμᾶς
2798 885 2936 942 εἶναι
2968 889 3062 942 τοῦ
3095 889 3232 942 Θεοῦ
3274 891 3501 959 ἔχομεν,
3543 892 3661 962 οὐχ

2051 974 2254 1039 ἁπλῶς,
2278 977 2391 1029 ἀλλ’
2419 977 2500 1029 ὃτι
2525 979 2619 1030 καὶ
2657 978 2917 1048 ἀδελφοὺς
2966 980 3113 1049 ἡμᾶς
3148 978 3429 1033 ἐκάλεσεν.
3485 979 3553 1030 Εἰ
3593 977 3660 1030 δὲ

2049 1067 2141 1119 καὶ
2159 1066 2291 1120 Θεὸν
2317 1068 2570 1138 ἀληθινὸν
2593 1068 2810 1137 λέγουσι
2840 1071 2928 1124 τὸν
2963 1070 3109 1137 Υἱὸν,
3153 1070 3214 1123 οὑ
3259 1070 3424 1123 λυπεῖ
3449 1072 3614 1141 ἡμᾶς
3636 1087 3654 1098 ⁸

2049 1160 2338 1230 γενόμενος
2358 1161 2488 1232 γὰρ,
2516 1161 2767 1232 ἀληθινός
2789 1163 2954 1214 ἐστιν.

2121 1255 2174 1309 6.
2205 1253 2354 1326 Αὕτη
2414 1255 2523 1308 τῶν
2581 1257 2870 1324 Ἀρειανῶν
2918 1258 2950 1326 ἡ
3009 1254 3327 1326 ἐφθαρμένη
3399 1255 3654 1310 διάνοια.

2061 1346 2220 1400 Ἀλλὰ
2252 1348 2343 1399 καὶ
2373 1346 2482 1417 (59)
2525 1349 2758 1400 ἐνταῦθα
2798 1350 2846 1401 οξ
2887 1348 3206 1415 ἐπίσκοποι,
3251 1348 3656 1418 θεωρήσαντες

2048 1439 2271 1493 ἐκείνων
2323 1439 2383 1492 τὸ
2445 1440 2640 1505 δόλιον,
2679 1442 2984 1510 συνήγαγον
3016 1442 3078 1492 ἐκ
3130 1440 3239 1492 τῶν
3290 1441 3535 1512 Γραφῶν
3581 1442 3655 1493 τὸ

2048 1532 2409 1603 ἀπαύγασμα,
2437 1534 2538 1604 τήν
2567 1550 2626 1585 τε
2662 1533 2843 1603 πηγὴν
2870 1533 2964 1585 καὶ
2996 1533 3086 1585 τὸν
3118 1532 3380 1602 ποταμὸν,
3410 1533 3511 1586 καὶ
3549 1532 3652 1584 τὸν

2049 1625 2370 1696 χαρακτῆρα
2406 1624 2541 1696 πρὸς
2567 1625 2665 1696 τὴν
2687 1625 3007 1688 ὑπόστασιν,
3039 1627 3131 1678 καὶ
3152 1626 3233 1689 τὸ,
3259 1627 3354 1678 Ἐν
3377 1625 3463 1689 τῷ
3489 1629 3654 1694 φωτί

2049 1733 2164 1771 σου
2192 1719 2462 1786 ὀψόμεθα
2503 1717 2612 1788 (60)
2642 1717 2786 1785 φῶς·
2825 1719 2918 1770 καὶ
2933 1719 2992 1770 τὸ
3017 1756 3031 1780 ,
3077 1718 3219 1787 Ἐγὼ
3240 1718 3338 1770 καὶ
3367 1721 3403 1771 ὀ
3432 1718 3654 1786 Πατὴρ

2047 1810 2116 1863 ἓν
2134 1811 2341 1879 ἐσμεν.
2360 1811 2470 1864 Καὶ
2497 1811 2814 1881 λευκότερον
2845 1811 3030 1865 λοιπὸν
3054 1812 3144 1863 καὶ
3166 1812 3448 1880 συντόμως
3469 1811 3651 1882 ἐγρα-

2048 1899 2156 1969 ψαν
2192 1899 2477 1970 ὁμοούσιον
2531 1899 2606 1969 τῷ
2643 1899 2817 1972 Πατρὶ
2867 1900 2958 1952 τὸν
3027 1899 3186 1952 Υἰόν·
3244 1898 3312 1950 τὰ
3361 1897 3472 1969 γὰρ
3500 1916 3649 1969 προ-

2048 1993 2314 2065 ειρημένα
2362 1992 2537 2046 πάντα
2589 1993 2789 2063 ταύτην
2819 1993 2930 2063 ἕχει
2984 1991 3081 2063 τὴν
3117 1991 3411 2062 σημασίαν.
3459 1992 3578 2043 Καὶ
3616 1992 3654 2044 ὁ

2048 2085 2362 2155 γογγυσμὸς
2388 2085 2585 2149 αὸτῶν,
2618 2086 2700 2137 ὅτι
2734 2084 2971 2156 ἄγραφοί
3005 2085 3144 2137 εἰσιν
3174 2085 3228 2135 αἱ
3259 2082 3454 2147 λέξεις,
3475 2084 3647 2150 ἐλέγ-

2049 2195 2201 2248 χεται
2233 2177 2361 2248 παρ’
2388 2177 2564 2229 αὐτῶν
2600 2177 2846 2247 μάταιος,
2885 2176 2943 2243 ἐξ
2977 2177 3242 2247 ἀγράφων
3287 2174 3399 2244 (61)
3434 2174 3652 2244 ἀσεϐή-

2050 2289 2241 2335 σαντες
2261 2289 2272 2301 ·
2311 2272 2533 2341 ἄγραφα
2564 2270 2725 2334 δὲτὸ,
2769 2270 2860 2334 Ἐξ
2886 2272 2988 2322 οὐκ
3033 2269 3222 2332 ὄντων,
3266 2268 3359 2320 καὶ
3397 2266 3495 2330 τὸ,
3525 2262 3649 2318 τΗν

2049 2380 2198 2423 ποτε,
2233 2363 2320 2414 ὅτε
2369 2363 2468 2414 οὐκ
2501 2358 2568 2433 ἧν
2591 2382 2602 2392 -
2631 2361 2946 2425 αἰτιῶνται,
2986 2362 3066 2413 ὅτι
3094 2361 3151 2426 ἐξ
3202 2359 3464 2430 ἀγράφων
3513 2361 3648 2428 μετ’

2045 2454 2328 2518 εὐσεϐείας
2347 2454 2652 2523 νοουμένων
2673 2452 2871 2518 λέξεων
2889 2451 3316 2523 κατεκρίθησαν.
3337 2451 3498 2502 Αὐτοὶ
3532 2449 3650 2519 μὲν

2047 2547 2124 2609 ὡς
2151 2548 2215 2598 ἐκ
2242 2546 2474 2617 κοπρίας
2507 2545 2677 2608 ὄντες,
2712 2545 2980 2614 ἐλάλησαν
3011 2542 3225 2612 ἀληθῶς
3257 2542 3364 2594 ἀπὸ
3403 2539 3509 2607 γῆς
3533 2556 3550 2568 ⁵
3592 2541 3650 2592 οξ

2047 2639 2102 2692 δέ
2136 2639 2443 2699 ἐπίσκοποι,
2474 2638 2570 2708 οὐχ
2601 2639 2809 2699 ἑαυτοῖς
2838 2635 2949 2706 (6'2)
2995 2636 3245 2706 εὑρόντες
3295 2633 3393 2695 τὰς
3431 2630 3651 2694 λέξεις,

2047 2729 2160 2783 ἀλλ’
2189 2732 2252 2782 ἐκ
2278 2729 2533 2799 Πατέρων
2561 2729 2774 2799 ἔχοντες
2798 2729 2895 2798 τὴν
2921 2726 3246 2798 μαρτυρίαν,
3269 2724 3438 2786 οὕτως
3466 2722 3655 2792 ἔγρα-

2047 2824 2174 2894 ψαν.
2239 2824 2558 2876 Ἐπίσκοποι
2586 2823 2694 2892 γὰρ
2721 2824 2939 2893 ἀρχαῖοι
2989 2820 3094 2890 πρὸ
3146 2819 3280 2871 ἐτῶν
3329 2816 3492 2886 ἐγγύς
3529 2834 3654 2869 που

2047 2916 2239 2970 ἑκατὸν
2269 2917 2560 2988 τριάκοντα
2594 2916 2694 2984 τῆς
2727 2914 2968 2985 μεγάλης
3009 2910 3228 2982 Ῥώμης
3243 2911 3336 2963 καὶ
3366 2909 3463 2978 τῆς
3486 2909 3654 2980 ἠμε-

2046 3009 2210 3080 τὲρας
2249 3009 2456 3072 πόλεως
2485 3008 2788 3078 γράφοντες
2809 3007 3102 3076 ᾐτιάσαντο
3125 3003 3236 3074 (65)
3269 3003 3392 3064 τοὺς
3417 2999 3655 3071 ποίημα

2048 3101 2305 3169 λέγοντας
2332 3100 2423 3153 τὸν
2452 3099 2580 3153 Υἰὸν
2614 3099 2708 3150 καὶ
2736 3097 2810 3168 μὴ
2837 3096 3120 3166 δμοούσιον
3155 3093 3233 3164 τῷ
3275 3091 3445 3162 Πατρί
3468 3109 3480 3120 ·
3537 3093 3655 3144 καὶ

2049 3193 2206 3245 τοῦτο
2227 3191 2520 3260 ἐγίνωσκεν
2547 3188 2806 3250 Εὐσέϐιος
2829 3187 2857 3238 ὁ
2889 3187 3182 3256 γενόμενος
3209 3185 3499 3243 ἐπίσκοπος
3535 3181 3656 3252 τῆς

2051 3283 2408 3352 Καισαρείας,
2443 3281 2708 3352 πρότερον
2756 3279 2852 3350 μὲν
2890 3277 3203 3348 συντρέχων
3249 3277 3313 3344 τῇ
3377 3274 3651 3344 Ἀρειανῇ

2049 3374 2280 3446 αἱρέσει,
2315 3373 2541 3445 ὕστερον
2563 3373 2619 3425 δὲ
2655 3353 2980 3440 ὗπογράψας
3011 3369 3067 3419 ἐν
3094 3368 3228 3437 αὐτῇ
3254 3368 3317 3437 τῇ
3353 3367 3406 3417 ἐν
3423 3364 3654 3434 Νικαίᾳ.

2052 3467 2272 3538 συνόδῳ,
2303 3465 2508 3538 ἔγραψε
2532 3469 2644 3528 τοῖς
2675 3464 2826 3524 ἰδίοις
2857 3458 3334 3529 διαϐεϐαιούμενος
3354 3495 3368 3518 ,
3399 3456 3480 3507 ὅτι
3537 3456 3652 3508 καὶ

2048 3559 2156 3614 τῶν
2180 3559 2421 3612 παλαιῶν
2459 3574 2610 3620 τινας
2633 3555 2847 3624 λογίους
2871 3553 2965 3607 καὶ
3001 3553 3280 3620 ἐπιφανεῖς
3301 3547 3648 3611 ἐπισκόπους

2049 3651 2144 3704 καὶ
2176 3649 2549 3720 συγγραφέας,
2590 3648 2834 3717 ἔγνωμεν
2868 3645 2960 3697 ἐπὶ
2992 3643 3090 3714 τῆς
3130 3641 3222 3695 τοῦ
3272 3639 3382 3710 (64)
3416 3639 3650 3709 [ἰατρὸς

2048 3745 2143 3799 καὶ
2181 3742 2315 3796 Υἰοῦ
2370 3743 2621 3814 θεότητος
2658 3739 2736 3812 τῷ
2779 3739 2874 3793 τοῦ
2916 3737 3201 3809 δμοουσίου
3253 3735 3650 3807 χρησαμένους

2048 3835 2292 3905 ὀνόματι.

2121 3925 2173 3978 7.
2211 3925 2276 3978 Τί
2301 3918 2392 3977 οὖν
2420 3923 2498 3975 ἐτι
2528 3922 2628 3993 τὴν
2669 3918 2961 3990 Ἀρίμηνον
2995 3911 3106 3987 (65)
3141 3915 3493 3985 ὀνομάζουσιν
3517 3950 3532 3974 ,
3582 3914 3648 3966 ἐν

2047 4010 2083 4091 ᾖ
2113 4014 2523 4088 καθῃρέθησαν;
2559 4012 2624 4065 Τί
2650 4009 3038 4083 παραιτοῦνται
3074 4007 3173 4078 τὴν
3204 4009 3261 4059 ἐν
3283 4006 3487 4076 Νικαίᾳ
3510 4003 3646 4057 σύν-

2047 4108 2184 4171 οδον,
2229 4109 2286 4160 ἐν
2408 4106 2502 4159 καὶ
2541 4107 2589 4157 οἱ
2627 4104 2869 4175 Πατέρες
2917 4101 3098 4156 αὐτῶν
3151 4097 3470 4171 ὑπέγραψαν
3495 4137 3509 4160 ,
3536 4097 3647 4149 καὶ

2047 4198 2408 4270 ὡμολόγησαν
2442 4199 2506 4249 ἐκ
2529 4197 2626 4266 τῆς
2658 4193 2847 4256 οὐσίας
2892 4194 2986 4246 καὶ
3037 4189 3322 4261 ὁμοούσιον
3369 4183 3510 4240 εἶναι
3541 4187 3647 4240 τὸν

2049 4291 2178 4345 Υἱὸν
2205 4290 2283 4360 τῷ
2317 4289 2491 4362 Πατρί
2517 4306 2531 4351 ;
2555 4287 2608 4340 τί
2649 4286 3100 4359 περιτρέχουσιν;
3135 4285 3194 4336 οὺ
3228 4282 3336 4353 γὰρ
3366 4281 3505 4351 πρὸς
3537 4280 3644 4350 μό-

2047 4401 2170 4447 νους
2202 4383 2328 4445 τοὺς
2368 4383 2424 4434 ἐν
2458 4380 2668 4451 Νικαίᾳ
2714 4379 3048 4440 ἐπισκόπους
3093 4375 3209 4447 (66)
3257 4371 3640 4436 συνελθόντας,

2049 4473 2185 4529 ἀλλὰ
2209 4473 2320 4545 γὰρ
2342 4471 2589 4542 καὶπρὸς
2609 4472 2734 4532 τοὺς
2758 4468 2966 4522 ἑαυτῶν
2988 4466 3253 4538 μεγάλους
3278 4462 3639 4524 ἐπισκόπους,

2052 4566 2147 4620 καὶ
2180 4565 2315 4636 πρὸς
2344 4563 2470 4625 τοὺς
2499 4561 2662 4624 ἰδίους
2687 4560 2871 4614 λοιπὸν
2901 4559 3179 4628 μάχονται.
3206 4555 3380 4607 Τίνων
3411 4548 3503 4605 οὖν
3529 4552 3640 4603 εἰσι

2052 4655 2376 4726 κληρονόμοι
2403 4654 2496 4707 καὶ
2531 4653 2764 4722 διάδοχοι
2792 4669 2806 4717 ;
2848 4651 2966 4713 πῶς
3008 4648 3263 4702 δύνανται
3305 4645 3488 4714 λέγειν
3522 4643 3636 4695 Πα-

428 4829 478 4863 ⁸⁶
511 4825 630 4883 Joel
659 4841 721 4890 ιι,
751 4823 846 4878 25.
921 4824 965 4855 ³⁵
1003 4822 1148 4878 Psal.
1188 4838 1308 4883 κων,
1337 4821 1392 4874 8.
1471 4821 1515 4851 “
1555 4821 1698 4875 Psal.
1738 4839 1902 4889 xxxv,
1939 4849 1943 4858 ·

2104 4827 2144 4858 ³⁷
2186 4824 2346 4878 Joan.
2374 4838 2429 4886 ι,
2453 4820 2542 4875 30.

431 4987 543 5070 (55)
583 4985 723 5070 9n!!-
766 4977 1937 5070 Pl°'!¥s'!9$._i“1'!‘_::3"2‘1361P9_““_“‘E?:

359 5049 476 5114 tum
525 5049 729 5116 inierit,
766 5049 928 5108 haud'
964 5052 1134 5106 multo
1170 5052 1355 5120 plures
1407 5049 1512 5102 100
1569 5051 1729 5106 annis
1783 5057 1942 5105 erant

359 5144 486 5186 eum
534 5129 651 5182 haec
696 5124 1029 5179 Athanasius
1071 5123 1356 5183 scriberet,
1384 5120 1601 5190 aﬂdatis
1647 5122 1939 5190 utriusque

361 5199 603 5270 Dionysii
647 5191 1046 5270 litteris_.__l‘lam
1095 5193 1162 5247 de
1209 5189 1485 5260 Dionysiis
1538 5191 1626 5246 hic
1673 5189 1934 5261 loquitur.

359 5271 398 5322 ν
411 5265 519 5325 ide'
533 5282 698 5336 supra
731 5281 786 5336 p.
821 5265 981 5336 605.3

431 5340 544 5413 (56)
582 5330 710 5413 Haec
733 5330 960 5413 Eusebii
991 5332 1154 5413 verba
1185 5333 1307 5413 vide
1334 5347 1587 5413 s_ti_pra.p.
1625 5330 1746 5413 189:

424 5401 545 5492 (‘52)
581 5409 700 5490 μέν
744 5408 898 5462 deest
940 5407 996 5460 in
1047 5403 1318 5466 Theodor.
1355 5401 1482 5457 Mox
1508 5403 1683 5473 idem,
1711 5401 1942 5473 δύναμις

356 5480 451 5536 τοῦ
475 5480 630 5534 Θεοῦ.

432 5552 547 5622 (58)
585 5549 939 5620 Anglicanus,
956 5545 1117 5599 Ἀλλὰ
1131 5544 1240 5616 γὰρ
1262 5543 1356 5599 καὶ
1373 5543 1450 5597 τό.
1467 5541 1763 5606 Thcodor.,
1782 5543 1944 5598 Ἀλλὰ

360 5622 561 5761 “(5.3).
583 5691 640 5761 [ιι
680 5689 890 5759 Anglic.
919 5687 1012 5741 καί
1041 5687 1213 5742 deest.

453 5697 544 5761 59)
583 5697 640 5743 In
680 5697 890 5759 Anglic.
919 5697 1012 5741 και
1041 5697 1213 5742 deest.

429 5697 545 5834 (60)
587 5759 679 5816 Sic
718 5775 864 5830 .pcne
912 5773 1105 5814 omnes
1156 5755 1535 5827 manuscripti.
1587 5753 1728 5811 Editi
1786 5770 1938 5825 vero,

2043 4978 2462 5053 mpurfaulo
2510 4973 2916 5053 post3_.‘\_nglic._,
2973 4968 3160 5053 λοιπὸν
3207 4963 3633 5053 agile-{pugnam

2119 5000 2142 5034 ο
2189 4999 2262 5033 αι.
2291 4999 2462 5033 rauro
2511 4999 2916 5048 ρυδιλιέπιδιιυη
2975 4999 3159 5023 Λυι-διυν
3207 4999 3320 5019 ιιι-’.ιι
3366 4999 3633 5046 ςιμζιγυιν.

2119 4999 2622 5121 (ἓίιτιιοοιίοιηθιη
2671 5045 2730 5110 ἐξ
2775 5043 3042 5114 ἀγράφων
3079 5038 3208 5109 γάρ.
3267 5037 3413 5090 lnlra
3469 5038 3634 5098 idem,

2045 5120 2178 5176 διότι
2211 5120 2271 5183 ἐξ
2297 5120 2580 5190 ἀγράφων.

2118 5176 2495 5262 (62)'Re'g'ius,
2525 5184 2768 5262 fatisci};
2815 5182 2977 5262 male.
3015 5177 3172 5262 .lnEra
3215 5176 3635 5262 _Theodpretus,

2059 5247 2502 5328 Ἐπίσκοποῖγὰρ
2523 5252 2662 5328 ἦσαν
2677 5247 2900 5326 ’ἀρχαῖοι
2923 5247 3268 5305 male.Paulo
3323 5257 3446 5316 post
3470 5247 3633 5309 idem,

2044 5334 2144 5384 τῆς
2165 5350 2225 5384 τε
2260 5329 2523 5384 μεγάλης.

2079 5351 2144 5402 ης
2165 5350 2225 5384 τε
2259 5345 2523 5401 μεγαΑης.
3232 5389 3242 5399 ι

2118 5403 2229 5474 (65)
2271 5401 2663 5474 Theodoretus,
2695 5394 2744 5448 οἳ
2793 5391 3105 5464 ᾐτιάσαντο,
3137 5401 3342 5442 omisso
3388 5385 3633 5457 γράφονο

2045 5463 2157 5537 τες,
2199 5463 2257 5525 ut
2289 5463 2342 5524 ρί
2376 5469 2663 5538 Anglican.
2803 5463 2809 5464 ⁷
2872 5535 2884 5538 _
2939 5532 2949 5538 ,
3020 5532 3047 5538 _
3174 5527 3198 5537 -

2118 5532 2231 5612 (64)
2275 5532 2576 5599 Theudor”
2611 5537 2844 5612 eiipopsv
2869 5532 2962 5612 ἐπὶ
3111 5532 3225 5612 τοῦ.
3264 5597 3274 5608 .
3326 5595 3361 5612 ρ,
3410 5595 3422 5606 .

2117 5595 2231 5681 (63)
2273 5595 2985 5681 Anglicanus,‘Aptatu-qvfby
3029 5595 3116 5654 liic
3163 5609 3229 5678 et.
3263 5595 3519 5663 inferius,
3571 5597 3634 5649 de

2048 5669 2226 5739 more:
2255 5669 2399 5736 Infra
2429 5680 2650 5748 Regius,
2678 5669 2734 5752 ἐν
2998 5687 3155 5752 πρες,
3188 5669 3283 5721 sic.

2123 5752 2233 5825 (6B)
2287 5743 2650 5813 Ἐπισκόπους
2677 5743 2826 5806 deest
2854 5746 2907 5799 iii
2935 5743 3256 5812 Anglicano.
