  <div class='ocr_page' id='page_1' title='image "/cluster/home/n/w/nwhite01/storage/ocr_20150623/26/nnc1.0046978577/536.png"; bbox 0 0 3810 6228; ppageno 0'>
   <div class='ocr_carea' id='block_1_1' title="bbox 147 277 274 332">
    <p class='ocr_par' dir='ltr' id='par_1_1' title="bbox 147 277 274 332">
     <span class='ocr_line' id='line_1_1' title="bbox 147 277 274 332; baseline 0.024 -3"><span class='ocrx_word' id='word_1_1' title='bbox 147 277 274 332; x_wconf 71' lang='grc' dir='ltr'>ιοιι</span> 
     </span>
    </p>
   </div>
   <div class='ocr_carea' id='block_1_2' title="bbox 1187 284 2350 348">
    <p class='ocr_par' dir='ltr' id='par_1_2' title="bbox 1187 284 2350 348">
     <span class='ocr_line' id='line_1_2' title="bbox 1187 284 2350 348; baseline 0.01 -11"><span class='ocrx_word' id='word_1_2' title='bbox 1187 284 1520 342; x_wconf 65' lang='grc' dir='ltr'><strong>ΕΡΙΞΤΟΕᾹ</strong></span> <span class='ocrx_word' id='word_1_3' title='bbox 1553 288 1644 342; x_wconf 83' lang='lat' dir='ltr'><strong>AD</strong></span> <span class='ocrx_word' id='word_1_4' title='bbox 1684 287 1913 344; x_wconf 78' lang='lat' dir='ltr'><strong>AFROS</strong></span> <span class='ocrx_word' id='word_1_5' title='bbox 1953 290 2350 348; x_wconf 78' lang='lat' dir='ltr'><strong>EPISCOPOS.</strong></span> 
     </span>
    </p>
   </div>
   <div class='ocr_carea' id='block_1_3' title="bbox 3277 299 3418 360">
    <p class='ocr_par' dir='ltr' id='par_1_3' title="bbox 3277 299 3418 360">
     <span class='ocr_line' id='line_1_3' title="bbox 3277 299 3418 360; baseline -0.021 -2"><span class='ocrx_word' id='word_1_6' title='bbox 3277 299 3418 360; x_wconf 56' lang='lat'><strong>{0‘2</strong></span> 
     </span>
    </p>
   </div>
   <div class='ocr_carea' id='block_1_4' title="bbox 151 389 1759 488">
    <p class='ocr_par' dir='ltr' id='par_1_4' title="bbox 151 389 1736 478">
     <span class='ocr_line' id='line_1_4' title="bbox 151 389 1736 478; baseline 0.011 -31"><span class='ocrx_word' id='word_1_7' title='bbox 151 396 308 468; x_wconf 75' lang='grc' dir='ltr'>ιέρας</span> <span class='ocrx_word' id='word_1_8' title='bbox 339 393 594 460; x_wconf 78' lang='grc' dir='ltr'>τούτους,</span> <span class='ocrx_word' id='word_1_9' title='bbox 650 389 725 451; x_wconf 78' lang='grc' dir='ltr'><strong>ων</strong></span> <span class='ocrx_word' id='word_1_10' title='bbox 752 398 852 451; x_wconf 82' lang='grc' dir='ltr'><strong>οὐκ</strong></span> <span class='ocrx_word' id='word_1_11' title='bbox 901 400 1255 472; x_wconf 78' lang='grc' dir='ltr'><strong>ἀποδέχονται</strong></span> <span class='ocrx_word' id='word_1_12' title='bbox 1311 405 1410 477; x_wconf 79' lang='grc' dir='ltr'>τὴν</span> <span class='ocrx_word' id='word_1_13' title='bbox 1447 409 1736 478; x_wconf 78' lang='grc' dir='ltr'><strong>ὁμολογίαν</strong></span> 
     </span>
    </p>
   </div>
   <div class='ocr_carea' id='block_1_5' title="bbox 1859 389 3417 488">
    <p class='ocr_par' dir='ltr' id='par_1_5' title="bbox 1859 413 3417 488">
     <span class='ocr_line' id='line_1_5' title="bbox 1859 413 3417 488; baseline 0.008 -23"><span class='ocrx_word' id='word_1_14' title='bbox 1859 419 1985 466; x_wconf 76' lang='grc' dir='ltr'>ἐοιε</span> <span class='ocrx_word' id='word_1_15' title='bbox 2032 421 2087 467; x_wconf 90' lang='lat' dir='ltr'><strong>et</strong></span> <span class='ocrx_word' id='word_1_16' title='bbox 2121 413 2419 482; x_wconf 89' lang='lat' dir='ltr'><strong>apostolice</strong></span> <span class='ocrx_word' id='word_1_17' title='bbox 2473 415 2730 484; x_wconf 78' lang='lat' dir='ltr'><strong>scriptam</strong></span> <span class='ocrx_word' id='word_1_18' title='bbox 2765 429 2874 470; x_wconf 88' lang='lat' dir='ltr'><strong>non</strong></span> <span class='ocrx_word' id='word_1_19' title='bbox 2917 417 3228 488; x_wconf 86' lang='lat' dir='ltr'><strong>recipiunt?</strong></span> <span class='ocrx_word' id='word_1_20' title='bbox 3260 420 3417 487; x_wconf 81' lang='lat' dir='ltr'><strong>Quod</strong></span> 
     </span>
    </p>
   </div>
   <div class='ocr_carea' id='block_1_6' title="bbox 147 487 1740 566">
    <p class='ocr_par' dir='ltr' id='par_1_6' title="bbox 147 487 1740 566">
     <span class='ocr_line' id='line_1_6' title="bbox 147 487 1740 566; baseline 0.009 -27"><span class='ocrx_word' id='word_1_21' title='bbox 147 488 238 559; x_wconf 76' lang='grc' dir='ltr'><strong>τὴν</strong></span> <span class='ocrx_word' id='word_1_22' title='bbox 265 487 456 552; x_wconf 85' lang='grc' dir='ltr'>καλῶς</span> <span class='ocrx_word' id='word_1_23' title='bbox 515 491 610 543; x_wconf 81' lang='grc' dir='ltr'><strong>καὶ</strong></span> <span class='ocrx_word' id='word_1_24' title='bbox 665 492 1039 557; x_wconf 80' lang='grc' dir='ltr'>ἀποστολικῶς</span> <span class='ocrx_word' id='word_1_25' title='bbox 1093 499 1427 566; x_wconf 75' lang='grc' dir='ltr'>γραφεῖσανς</span> <span class='ocrx_word' id='word_1_26' title='bbox 1482 501 1654 563; x_wconf 77' lang='grc' dir='ltr'>Ἐπεὶ,</span> <span class='ocrx_word' id='word_1_27' title='bbox 1691 504 1740 554; x_wconf 87' lang='grc' dir='ltr'><strong>εί</strong></span> 
     </span>
    </p>
   </div>
   <div class='ocr_carea' id='block_1_7' title="bbox 148 577 1740 660">
    <p class='ocr_par' dir='ltr' id='par_1_7' title="bbox 148 577 1740 660">
     <span class='ocr_line' id='line_1_7' title="bbox 148 577 1740 660; baseline 0.009 -31"><span class='ocrx_word' id='word_1_28' title='bbox 148 577 462 648; x_wconf 57' lang='grc' dir='ltr'>νομίζουσιν</span> <span class='ocrx_word' id='word_1_29' title='bbox 497 580 800 649; x_wconf 80' lang='grc' dir='ltr'><strong>ἀντιλέγειν</strong></span> <span class='ocrx_word' id='word_1_30' title='bbox 834 582 1116 645; x_wconf 79' lang='grc' dir='ltr'>δύνασθαι,</span> <span class='ocrx_word' id='word_1_31' title='bbox 1167 587 1500 654; x_wconf 85' lang='grc' dir='ltr'>είπάτωσαν,</span> <span class='ocrx_word' id='word_1_32' title='bbox 1540 590 1740 660; x_wconf 85' lang='grc' dir='ltr'>μᾶλλον</span> 
     </span>
    </p>
   </div>
   <div class='ocr_carea' id='block_1_8' title="bbox 147 671 1742 751">
    <p class='ocr_par' dir='ltr' id='par_1_8' title="bbox 147 671 1742 751">
     <span class='ocr_line' id='line_1_8' title="bbox 147 671 1742 751; baseline 0.008 -29"><span class='ocrx_word' id='word_1_33' title='bbox 147 671 194 722; x_wconf 68' lang='grc' dir='ltr'><strong>δὲ</strong></span> <span class='ocrx_word' id='word_1_34' title='bbox 228 673 735 742; x_wconf 82' lang='grc' dir='ltr'>ἀποκρινάσθωσαν</span> <span class='ocrx_word' id='word_1_35' title='bbox 756 715 772 740; x_wconf 85' lang='grc'><strong>,</strong></span> <span class='ocrx_word' id='word_1_36' title='bbox 807 675 895 729; x_wconf 87' lang='grc' dir='ltr'><strong>ἵνα</strong></span> <span class='ocrx_word' id='word_1_37' title='bbox 927 677 1022 730; x_wconf 73' lang='grc' dir='ltr'><strong>καὶ</strong></span> <span class='ocrx_word' id='word_1_38' title='bbox 1069 679 1283 742; x_wconf 80' lang='grc' dir='ltr'><strong>ἑαυτοῖς</strong></span> <span class='ocrx_word' id='word_1_39' title='bbox 1321 679 1742 751; x_wconf 82' lang='grc' dir='ltr'>περιπίπτοντες</span> 
     </span>
    </p>
   </div>
   <div class='ocr_carea' id='block_1_9' title="bbox 148 759 1742 842">
    <p class='ocr_par' dir='ltr' id='par_1_9' title="bbox 148 759 1742 842">
     <span class='ocr_line' id='line_1_9' title="bbox 148 759 1742 842; baseline 0.009 -31"><span class='ocrx_word' id='word_1_40' title='bbox 148 759 506 831; x_wconf 61' lang='grc' dir='ltr'>ἐλεγχθῶσιν,</span> <span class='ocrx_word' id='word_1_41' title='bbox 547 765 594 816; x_wconf 87' lang='grc' dir='ltr'><strong>εί</strong></span> <span class='ocrx_word' id='word_1_42' title='bbox 639 764 955 819; x_wconf 85' lang='grc' dir='ltr'>πιστεύουσι</span> <span class='ocrx_word' id='word_1_43' title='bbox 1005 767 1216 835; x_wconf 85' lang='grc' dir='ltr'>λέγοντι</span> <span class='ocrx_word' id='word_1_44' title='bbox 1273 768 1350 840; x_wconf 80' lang='grc' dir='ltr'><strong>τῷ</strong></span> <span class='ocrx_word' id='word_1_45' title='bbox 1378 769 1531 841; x_wconf 79' lang='grc' dir='ltr'><strong>Υἱῷ⁹</strong></span> <span class='ocrx_word' id='word_1_46' title='bbox 1600 772 1742 842; x_wconf 78' lang='grc' dir='ltr'>Ἐγὼ</span> 
     </span>
    </p>
   </div>
   <div class='ocr_carea' id='block_1_10' title="bbox 147 849 1741 931">
    <p class='ocr_par' dir='ltr' id='par_1_10' title="bbox 147 849 1741 931">
     <span class='ocr_line' id='line_1_10' title="bbox 147 849 1741 931; baseline 0.008 -28"><span class='ocrx_word' id='word_1_47' title='bbox 147 849 238 903; x_wconf 77' lang='grc' dir='ltr'><strong>καὶ</strong></span> <span class='ocrx_word' id='word_1_48' title='bbox 268 855 301 904; x_wconf 86' lang='grc' dir='ltr'><strong>ό</strong></span> <span class='ocrx_word' id='word_1_49' title='bbox 325 852 545 921; x_wconf 78' lang='grc' dir='ltr'>Πατὴρ</span> <span class='ocrx_word' id='word_1_50' title='bbox 567 853 635 908; x_wconf 81' lang='grc' dir='ltr'>ἓν</span> <span class='ocrx_word' id='word_1_51' title='bbox 662 855 868 924; x_wconf 83' lang='grc' dir='ltr'>ἐσμεν·</span> <span class='ocrx_word' id='word_1_52' title='bbox 889 858 1004 923; x_wconf 72' lang='grc' dir='ltr'>καὶ,</span> <span class='ocrx_word' id='word_1_53' title='bbox 1021 859 1074 911; x_wconf 90' lang='lat'><strong>&#39;0</strong></span> <span class='ocrx_word' id='word_1_54' title='bbox 1091 860 1361 928; x_wconf 81' lang='grc' dir='ltr'>ἑωρακὼς</span> <span class='ocrx_word' id='word_1_55' title='bbox 1387 862 1493 931; x_wconf 82' lang='grc' dir='ltr'><strong>ἐμὲ</strong></span> <span class='ocrx_word' id='word_1_56' title='bbox 1522 863 1741 931; x_wconf 81' lang='grc' dir='ltr'>ἑώρακε</span> 
     </span>
    </p>
   </div>
   <div class='ocr_carea' id='block_1_11' title="bbox 147 940 1740 1028">
    <p class='ocr_par' dir='ltr' id='par_1_11' title="bbox 147 940 1740 1028">
     <span class='ocr_line' id='line_1_11' title="bbox 147 940 1740 1028; baseline 0.008 -34"><span class='ocrx_word' id='word_1_57' title='bbox 147 940 247 994; x_wconf 82' lang='grc' dir='ltr'>τὸν</span> <span class='ocrx_word' id='word_1_58' title='bbox 275 943 558 1012; x_wconf 77' lang='lat' dir='ltr'><strong>Hatépa;</strong></span> <span class='ocrx_word' id='word_1_59' title='bbox 590 946 721 1012; x_wconf 75' lang='grc' dir='ltr'>Ναὶ,</span> <span class='ocrx_word' id='word_1_60' title='bbox 767 947 973 1003; x_wconf 79' lang='grc' dir='ltr'>εἴποιεν</span> <span class='ocrx_word' id='word_1_61' title='bbox 1021 951 1108 1015; x_wconf 83' lang='grc' dir='ltr'><strong>ἂν,</strong></span> <span class='ocrx_word' id='word_1_62' title='bbox 1165 953 1352 1024; x_wconf 79' lang='grc' dir='ltr'>ἐπειδὴ</span> <span class='ocrx_word' id='word_1_63' title='bbox 1409 955 1740 1028; x_wconf 85' lang='grc' dir='ltr'>γέγραπται,</span> 
     </span>
    </p>
   </div>
   <div class='ocr_carea' id='block_1_12' title="bbox 147 1031 1745 1108">
    <p class='ocr_par' dir='ltr' id='par_1_12' title="bbox 147 1031 1745 1108">
     <span class='ocr_line' id='line_1_12' title="bbox 147 1031 1745 1108; baseline 0.011 -26"><span class='ocrx_word' id='word_1_64' title='bbox 147 1031 507 1103; x_wconf 74' lang='grc' dir='ltr'>πιστεύομεν.</span> <span class='ocrx_word' id='word_1_65' title='bbox 552 1035 713 1089; x_wconf 82' lang='grc' dir='ltr'>Ἀλλὰ</span> <span class='ocrx_word' id='word_1_66' title='bbox 750 1040 846 1092; x_wconf 76' lang='grc' dir='ltr'><strong>καὶ</strong></span> <span class='ocrx_word' id='word_1_67' title='bbox 878 1038 1002 1103; x_wconf 84' lang='grc' dir='ltr'><strong>Πῶς</strong></span> <span class='ocrx_word' id='word_1_68' title='bbox 1034 1041 1092 1094; x_wconf 77' lang='grc' dir='ltr'>ἓν</span> <span class='ocrx_word' id='word_1_69' title='bbox 1133 1044 1258 1108; x_wconf 79' lang='grc' dir='ltr'>εἰσι,</span> <span class='ocrx_word' id='word_1_70' title='bbox 1305 1045 1400 1097; x_wconf 73' lang='grc' dir='ltr'><strong>καὶ</strong></span> <span class='ocrx_word' id='word_1_71' title='bbox 1434 1045 1550 1106; x_wconf 85' lang='grc' dir='ltr'><strong>πῶς</strong></span> <span class='ocrx_word' id='word_1_72' title='bbox 1581 1046 1610 1097; x_wconf 89' lang='lat'><strong>6</strong></span> <span class='ocrx_word' id='word_1_73' title='bbox 1645 1047 1745 1098; x_wconf 80' lang='grc' dir='ltr'><strong>ἐω-</strong></span> 
     </span>
    </p>
   </div>
   <div class='ocr_carea' id='block_1_13' title="bbox 148 1121 1744 1207">
    <p class='ocr_par' dir='ltr' id='par_1_13' title="bbox 148 1121 1744 1207">
     <span class='ocr_line' id='line_1_13' title="bbox 148 1121 1744 1207; baseline 0.01 -33"><span class='ocrx_word' id='word_1_74' title='bbox 148 1121 326 1192; x_wconf 85' lang='grc' dir='ltr'>ρακὼς</span> <span class='ocrx_word' id='word_1_75' title='bbox 352 1124 450 1177; x_wconf 83' lang='grc' dir='ltr'><strong>τὸν</strong></span> <span class='ocrx_word' id='word_1_76' title='bbox 487 1125 618 1179; x_wconf 89' lang='grc' dir='ltr'>Υἰὸν</span> <span class='ocrx_word' id='word_1_77' title='bbox 646 1126 859 1199; x_wconf 79' lang='grc' dir='ltr'>ἑώρακε</span> <span class='ocrx_word' id='word_1_78' title='bbox 910 1131 1004 1184; x_wconf 66' lang='grc' dir='ltr'><strong>κα)⁸</strong></span> <span class='ocrx_word' id='word_1_79' title='bbox 1061 1133 1174 1204; x_wconf 85' lang='grc'>(67)</span> <span class='ocrx_word' id='word_1_80' title='bbox 1204 1135 1294 1187; x_wconf 79' lang='grc' dir='ltr'><strong>τὸν</strong></span> <span class='ocrx_word' id='word_1_81' title='bbox 1333 1136 1588 1207; x_wconf 82' lang='grc' dir='ltr'><strong>Πατέρα,</strong></span> <span class='ocrx_word' id='word_1_82' title='bbox 1647 1137 1744 1190; x_wconf 80' lang='grc' dir='ltr'>ἐὰν</span> 
     </span>
    </p>
   </div>
   <div class='ocr_carea' id='block_1_14' title="bbox 147 1213 1745 1298">
    <p class='ocr_par' dir='ltr' id='par_1_14' title="bbox 147 1213 1745 1298">
     <span class='ocr_line' id='line_1_14' title="bbox 147 1213 1745 1298; baseline 0.013 -35"><span class='ocrx_word' id='word_1_83' title='bbox 147 1213 504 1286; x_wconf 80' lang='grc' dir='ltr'>ὲρωτηθῶσιν</span> <span class='ocrx_word' id='word_1_84' title='bbox 528 1220 723 1284; x_wconf 71' lang='grc' dir='ltr'>εἰπεῖν,</span> <span class='ocrx_word' id='word_1_85' title='bbox 752 1222 968 1286; x_wconf 89' lang='grc' dir='ltr'>πάντως</span> <span class='ocrx_word' id='word_1_86' title='bbox 1004 1241 1108 1276; x_wconf 89' lang='grc' dir='ltr'><strong>που</strong></span> <span class='ocrx_word' id='word_1_87' title='bbox 1153 1226 1425 1296; x_wconf 81' lang='grc' dir='ltr'>φήσουσι,</span> <span class='ocrx_word' id='word_1_88' title='bbox 1457 1229 1536 1281; x_wconf 84' lang='grc' dir='ltr'><strong>Δι’</strong></span> <span class='ocrx_word' id='word_1_89' title='bbox 1563 1229 1745 1298; x_wconf 85' lang='grc' dir='ltr'>ὁμοιό-</span> 
     </span>
    </p>
   </div>
   <div class='ocr_carea' id='block_1_15' title="bbox 150 1306 1746 1390">
    <p class='ocr_par' dir='ltr' id='par_1_15' title="bbox 150 1306 1746 1390">
     <span class='ocr_line' id='line_1_15' title="bbox 150 1306 1746 1390; baseline 0.011 -35"><span class='ocrx_word' id='word_1_90' title='bbox 150 1321 304 1374; x_wconf 80' lang='grc' dir='ltr'>τητα·</span> <span class='ocrx_word' id='word_1_91' title='bbox 342 1307 392 1358; x_wconf 86' lang='grc' dir='ltr'><strong>εί</strong></span> <span class='ocrx_word' id='word_1_92' title='bbox 425 1306 508 1379; x_wconf 82' lang='grc' dir='ltr'>μὴ</span> <span class='ocrx_word' id='word_1_93' title='bbox 541 1308 722 1363; x_wconf 84' lang='grc' dir='ltr'>τέλεον</span> <span class='ocrx_word' id='word_1_94' title='bbox 747 1313 1181 1383; x_wconf 85' lang='grc' dir='ltr'>συμπεπτώκασι</span> <span class='ocrx_word' id='word_1_95' title='bbox 1227 1319 1340 1380; x_wconf 90' lang='grc' dir='ltr'>τοῖς</span> <span class='ocrx_word' id='word_1_96' title='bbox 1377 1317 1584 1388; x_wconf 81' lang='grc' dir='ltr'>ἀδελφὰ</span> <span class='ocrx_word' id='word_1_97' title='bbox 1614 1337 1746 1390; x_wconf 80' lang='grc' dir='ltr'>φρο-</span> 
     </span>
    </p>
   </div>
   <div class='ocr_carea' id='block_1_16' title="bbox 150 1393 1745 1477">
    <p class='ocr_par' dir='ltr' id='par_1_16' title="bbox 150 1393 1745 1477">
     <span class='ocr_line' id='line_1_16' title="bbox 150 1393 1745 1477; baseline 0.011 -31"><span class='ocrx_word' id='word_1_98' title='bbox 150 1393 323 1448; x_wconf 76' lang='grc' dir='ltr'>νοῦσιν</span> <span class='ocrx_word' id='word_1_99' title='bbox 348 1398 565 1463; x_wconf 84' lang='grc' dir='ltr'>αὐτοῖς,</span> <span class='ocrx_word' id='word_1_100' title='bbox 597 1401 692 1454; x_wconf 75' lang='grc' dir='ltr'><strong>καὶ</strong></span> <span class='ocrx_word' id='word_1_101' title='bbox 740 1401 1054 1473; x_wconf 81' lang='grc' dir='ltr'>λεγομένοις</span> <span class='ocrx_word' id='word_1_102' title='bbox 1089 1405 1408 1477; x_wconf 82' lang='grc' dir='ltr'>Ἀνομοίοις.</span> <span class='ocrx_word' id='word_1_103' title='bbox 1469 1408 1608 1462; x_wconf 83' lang='grc' dir='ltr'>Ἀλλ’</span> <span class='ocrx_word' id='word_1_104' title='bbox 1650 1409 1745 1463; x_wconf 79' lang='grc' dir='ltr'>ἐὰν</span> 
     </span>
    </p>
   </div>
   <div class='ocr_carea' id='block_1_17' title="bbox 153 1486 1745 1573">
    <p class='ocr_par' dir='ltr' id='par_1_17' title="bbox 153 1486 1745 1573">
     <span class='ocr_line' id='line_1_17' title="bbox 153 1486 1745 1573; baseline 0.012 -35"><span class='ocrx_word' id='word_1_105' title='bbox 153 1486 306 1540; x_wconf 86' lang='grc' dir='ltr'>πάλιν</span> <span class='ocrx_word' id='word_1_106' title='bbox 339 1490 688 1560; x_wconf 73' lang='grc' dir='ltr'>ἑρωτηθῶσι,</span> <span class='ocrx_word' id='word_1_107' title='bbox 725 1493 850 1558; x_wconf 82' lang='grc' dir='ltr'>Πῶς</span> <span class='ocrx_word' id='word_1_108' title='bbox 876 1496 1092 1566; x_wconf 84' lang='grc' dir='ltr'>ὃμοιος;</span> <span class='ocrx_word' id='word_1_109' title='bbox 1117 1497 1617 1572; x_wconf 76' lang='grc' dir='ltr'>ἀποθρασυνόμενοι</span> <span class='ocrx_word' id='word_1_110' title='bbox 1639 1504 1745 1573; x_wconf 80' lang='grc' dir='ltr'><strong>φή-</strong></span> 
     </span>
    </p>
   </div>
   <div class='ocr_carea' id='block_1_18' title="bbox 150 1576 1745 1663">
    <p class='ocr_par' dir='ltr' id='par_1_18' title="bbox 150 1576 1745 1663">
     <span class='ocr_line' id='line_1_18' title="bbox 150 1576 1745 1663; baseline 0.012 -33"><span class='ocrx_word' id='word_1_111' title='bbox 150 1595 328 1632; x_wconf 89' lang='grc' dir='ltr'>σουσιν</span> <span class='ocrx_word' id='word_1_112' title='bbox 350 1596 364 1609; x_wconf 71' lang='grc'><strong>⁸</strong></span> <span class='ocrx_word' id='word_1_113' title='bbox 417 1583 620 1656; x_wconf 84' lang='grc' dir='ltr'>Ἀρετῇ</span> <span class='ocrx_word' id='word_1_114' title='bbox 651 1585 832 1658; x_wconf 79' lang='grc' dir='ltr'>τελείᾳ</span> <span class='ocrx_word' id='word_1_115' title='bbox 865 1588 960 1641; x_wconf 78' lang='grc' dir='ltr'><strong>καὶ</strong></span> <span class='ocrx_word' id='word_1_116' title='bbox 991 1591 1280 1663; x_wconf 83' lang='grc' dir='ltr'>συμφωνίᾳ</span> <span class='ocrx_word' id='word_1_117' title='bbox 1303 1591 1365 1645; x_wconf 81' lang='grc' dir='ltr'><strong>τὸ</strong></span> <span class='ocrx_word' id='word_1_118' title='bbox 1410 1593 1542 1647; x_wconf 79' lang='grc' dir='ltr'>αὐτὸ</span> <span class='ocrx_word' id='word_1_119' title='bbox 1571 1576 1745 1649; x_wconf 80' lang='grc' dir='ltr'>θέλειν</span> 
     </span>
    </p>
   </div>
   <div class='ocr_carea' id='block_1_19' title="bbox 154 1669 1740 1757">
    <p class='ocr_par' dir='ltr' id='par_1_19' title="bbox 154 1669 1740 1757">
     <span class='ocr_line' id='line_1_19' title="bbox 154 1669 1740 1757; baseline 0.013 -36"><span class='ocrx_word' id='word_1_120' title='bbox 154 1669 220 1740; x_wconf 74' lang='grc' dir='ltr'>τῷ</span> <span class='ocrx_word' id='word_1_121' title='bbox 247 1672 429 1743; x_wconf 77' lang='grc' dir='ltr'>Πατρὶ</span> <span class='ocrx_word' id='word_1_122' title='bbox 456 1712 473 1738; x_wconf 88' lang='grc'><strong>,</strong></span> <span class='ocrx_word' id='word_1_123' title='bbox 520 1676 618 1729; x_wconf 79' lang='grc' dir='ltr'>καὶ</span> <span class='ocrx_word' id='word_1_124' title='bbox 669 1677 744 1747; x_wconf 84' lang='grc' dir='ltr'>μὴ</span> <span class='ocrx_word' id='word_1_125' title='bbox 806 1678 979 1733; x_wconf 84' lang='grc' dir='ltr'>θέλειν</span> <span class='ocrx_word' id='word_1_126' title='bbox 1013 1681 1150 1754; x_wconf 84' lang='grc' dir='ltr'>ὅπερ</span> <span class='ocrx_word' id='word_1_127' title='bbox 1200 1685 1229 1736; x_wconf 90' lang='grc' dir='ltr'><strong>ὀ</strong></span> <span class='ocrx_word' id='word_1_128' title='bbox 1261 1684 1450 1757; x_wconf 86' lang='grc' dir='ltr'>Πατὴρ</span> <span class='ocrx_word' id='word_1_129' title='bbox 1482 1686 1543 1739; x_wconf 84' lang='grc' dir='ltr'>οὐ</span> <span class='ocrx_word' id='word_1_130' title='bbox 1576 1686 1740 1741; x_wconf 90' lang='grc' dir='ltr'>θέλει.</span> 
     </span>
    </p>
   </div>
   <div class='ocr_carea' id='block_1_20' title="bbox 160 1761 1030 1844">
    <p class='ocr_par' dir='ltr' id='par_1_20' title="bbox 160 1761 1030 1844">
     <span class='ocr_line' id='line_1_20' title="bbox 160 1761 1030 1844; baseline 0.011 -29"><span class='ocrx_word' id='word_1_131' title='bbox 160 1761 315 1816; x_wconf 80' lang='grc' dir='ltr'>Ἀλλὰ</span> <span class='ocrx_word' id='word_1_132' title='bbox 351 1764 704 1834; x_wconf 80' lang='grc' dir='ltr'>μαθέτωσαν,</span> <span class='ocrx_word' id='word_1_133' title='bbox 735 1771 818 1824; x_wconf 85' lang='grc' dir='ltr'>ὅτι</span> <span class='ocrx_word' id='word_1_134' title='bbox 848 1770 907 1836; x_wconf 78' lang='grc' dir='ltr'>ἐξ</span> <span class='ocrx_word' id='word_1_135' title='bbox 931 1773 1030 1844; x_wconf 85' lang='grc' dir='ltr'>ἀρε</span> 
     </span>
    </p>
   </div>
   <div class='ocr_carea' id='block_1_21' title="bbox 151 1852 1742 1942">
    <p class='ocr_par' dir='ltr' id='par_1_21' title="bbox 151 1852 1742 1942">
     <span class='ocr_line' id='line_1_21' title="bbox 151 1852 1742 1942; baseline 0.013 -38"><span class='ocrx_word' id='word_1_136' title='bbox 151 1852 374 1923; x_wconf 71' lang='grc' dir='ltr'>οὐμενος</span> <span class='ocrx_word' id='word_1_137' title='bbox 405 1856 488 1927; x_wconf 86' lang='grc' dir='ltr'>τῷ</span> <span class='ocrx_word' id='word_1_138' title='bbox 517 1857 657 1928; x_wconf 77' lang='grc' dir='ltr'>Θεῷ,</span> <span class='ocrx_word' id='word_1_139' title='bbox 689 1857 804 1928; x_wconf 82' lang='grc' dir='ltr'>ἔχει</span> <span class='ocrx_word' id='word_1_140' title='bbox 837 1861 937 1932; x_wconf 84' lang='grc' dir='ltr'><strong>μὲν</strong></span> <span class='ocrx_word' id='word_1_141' title='bbox 959 1865 1163 1918; x_wconf 77' lang='grc' dir='ltr'>καὶτοῦ</span> <span class='ocrx_word' id='word_1_142' title='bbox 1185 1867 1485 1938; x_wconf 87' lang='grc' dir='ltr'>τρέπεσθαι</span> <span class='ocrx_word' id='word_1_143' title='bbox 1515 1869 1626 1942; x_wconf 87' lang='grc'>(68)</span> <span class='ocrx_word' id='word_1_144' title='bbox 1645 1871 1742 1942; x_wconf 83' lang='grc' dir='ltr'>τὴν</span> 
     </span>
    </p>
   </div>
   <div class='ocr_carea' id='block_1_22' title="bbox 154 1947 1746 2035">
    <p class='ocr_par' dir='ltr' id='par_1_22' title="bbox 154 1947 1746 2035">
     <span class='ocr_line' id='line_1_22' title="bbox 154 1947 1746 2035; baseline 0.014 -39"><span class='ocrx_word' id='word_1_145' title='bbox 154 1947 506 2035; x_wconf 80' lang='grc' dir='ltr'>προαίρεσιν·</span> <span class='ocrx_word' id='word_1_146' title='bbox 533 1950 636 2002; x_wconf 85' lang='grc' dir='ltr'><strong>οὐκ</strong></span> <span class='ocrx_word' id='word_1_147' title='bbox 675 1951 790 2005; x_wconf 78' lang='grc' dir='ltr'>ἔστι</span> <span class='ocrx_word' id='word_1_148' title='bbox 816 1953 873 2006; x_wconf 82' lang='grc' dir='ltr'><strong>δὲ</strong></span> <span class='ocrx_word' id='word_1_149' title='bbox 901 1953 1074 2019; x_wconf 80' lang='grc' dir='ltr'>οὕτως</span> <span class='ocrx_word' id='word_1_150' title='bbox 1101 1959 1130 2010; x_wconf 92' lang='lat'><strong>6</strong></span> <span class='ocrx_word' id='word_1_151' title='bbox 1167 1958 1341 2028; x_wconf 87' lang='grc' dir='ltr'><strong>Λόγος</strong></span> <span class='ocrx_word' id='word_1_152' title='bbox 1364 2003 1379 2027; x_wconf 90' lang='grc'><strong>,</strong></span> <span class='ocrx_word' id='word_1_153' title='bbox 1421 1963 1490 2020; x_wconf 81' lang='grc' dir='ltr'>εἰ,</span> <span class='ocrx_word' id='word_1_154' title='bbox 1530 1963 1604 2034; x_wconf 85' lang='grc' dir='ltr'>μὴ</span> <span class='ocrx_word' id='word_1_155' title='bbox 1637 1963 1746 2035; x_wconf 83' lang='grc' dir='ltr'>ἄρα</span> 
     </span>
    </p>
   </div>
   <div class='ocr_carea' id='block_1_23' title="bbox 152 2034 1743 2124">
    <p class='ocr_par' dir='ltr' id='par_1_23' title="bbox 152 2034 1743 2124">
     <span class='ocr_line' id='line_1_23' title="bbox 152 2034 1743 2124; baseline 0.015 -37"><span class='ocrx_word' id='word_1_156' title='bbox 152 2034 214 2089; x_wconf 59' lang='lat' dir='ltr'><strong>lit</strong></span> <span class='ocrx_word' id='word_1_157' title='bbox 247 2039 450 2110; x_wconf 88' lang='grc' dir='ltr'>μέρους</span> <span class='ocrx_word' id='word_1_158' title='bbox 473 2043 572 2096; x_wconf 77' lang='grc' dir='ltr'><strong>καὶ</strong></span> <span class='ocrx_word' id='word_1_159' title='bbox 595 2042 718 2095; x_wconf 88' lang='grc' dir='ltr'>καθ’</span> <span class='ocrx_word' id='word_1_160' title='bbox 745 2046 892 2115; x_wconf 77' lang='grc' dir='ltr'>ἡμᾶς</span> <span class='ocrx_word' id='word_1_161' title='bbox 919 2047 1124 2118; x_wconf 81' lang='grc' dir='ltr'>ὅμοιος,</span> <span class='ocrx_word' id='word_1_162' title='bbox 1153 2051 1234 2104; x_wconf 83' lang='grc' dir='ltr'><strong>ὅτι</strong></span> <span class='ocrx_word' id='word_1_163' title='bbox 1271 2053 1347 2124; x_wconf 83' lang='grc' dir='ltr'>μὴ</span> <span class='ocrx_word' id='word_1_164' title='bbox 1379 2055 1474 2107; x_wconf 72' lang='grc' dir='ltr'>καὶ</span> <span class='ocrx_word' id='word_1_165' title='bbox 1497 2057 1616 2108; x_wconf 86' lang='grc' dir='ltr'>κατ’</span> <span class='ocrx_word' id='word_1_166' title='bbox 1650 2034 1743 2110; x_wconf 75' lang='grc' dir='ltr'><strong>οὖ-</strong></span> 
     </span>
    </p>
   </div>
   <div class='ocr_carea' id='block_1_24' title="bbox 159 2129 1746 2220">
    <p class='ocr_par' dir='ltr' id='par_1_24' title="bbox 159 2129 1746 2220">
     <span class='ocr_line' id='line_1_24' title="bbox 159 2129 1746 2220; baseline 0.015 -40"><span class='ocrx_word' id='word_1_167' title='bbox 159 2129 274 2183; x_wconf 86' lang='grc' dir='ltr'>σίαν</span> <span class='ocrx_word' id='word_1_168' title='bbox 306 2131 498 2201; x_wconf 85' lang='grc' dir='ltr'>ὅμοιός</span> <span class='ocrx_word' id='word_1_169' title='bbox 533 2135 672 2188; x_wconf 80' lang='grc' dir='ltr'>ἐστι.</span> <span class='ocrx_word' id='word_1_170' title='bbox 705 2135 889 2190; x_wconf 77' lang='grc' dir='ltr'>Ταῦτα</span> <span class='ocrx_word' id='word_1_171' title='bbox 922 2138 978 2192; x_wconf 82' lang='grc' dir='ltr'><strong>δὲ</strong></span> <span class='ocrx_word' id='word_1_172' title='bbox 1003 2140 1111 2194; x_wconf 75' lang='grc' dir='ltr'>ἴδια</span> <span class='ocrx_word' id='word_1_173' title='bbox 1157 2143 1314 2214; x_wconf 85' lang='grc' dir='ltr'>ἡμῶν</span> <span class='ocrx_word' id='word_1_174' title='bbox 1347 2145 1455 2199; x_wconf 84' lang='grc' dir='ltr'><strong>τῶν</strong></span> <span class='ocrx_word' id='word_1_175' title='bbox 1501 2149 1746 2220; x_wconf 86' lang='grc' dir='ltr'>γενητῶν</span> 
     </span>
    </p>
   </div>
   <div class='ocr_carea' id='block_1_25' title="bbox 157 2219 1743 2310">
    <p class='ocr_par' dir='ltr' id='par_1_25' title="bbox 157 2219 1743 2310">
     <span class='ocr_line' id='line_1_25' title="bbox 157 2219 1743 2310; baseline 0.015 -39"><span class='ocrx_word' id='word_1_176' title='bbox 157 2219 248 2272; x_wconf 72' lang='grc' dir='ltr'><strong>καὶ</strong></span> <span class='ocrx_word' id='word_1_177' title='bbox 271 2223 502 2294; x_wconf 84' lang='grc' dir='ltr'>κτιστὴν</span> <span class='ocrx_word' id='word_1_178' title='bbox 525 2225 759 2295; x_wconf 79' lang='grc' dir='ltr'>ἐχόντων</span> <span class='ocrx_word' id='word_1_179' title='bbox 798 2229 899 2300; x_wconf 82' lang='grc' dir='ltr'>τὴν</span> <span class='ocrx_word' id='word_1_180' title='bbox 933 2229 1114 2299; x_wconf 80' lang='grc' dir='ltr'>φύσιν.</span> <span class='ocrx_word' id='word_1_181' title='bbox 1143 2234 1255 2287; x_wconf 74' lang='grc' dir='ltr'>Καὶ</span> <span class='ocrx_word' id='word_1_182' title='bbox 1290 2236 1398 2308; x_wconf 79' lang='grc' dir='ltr'><strong>γὰρ</strong></span> <span class='ocrx_word' id='word_1_183' title='bbox 1441 2240 1536 2292; x_wconf 76' lang='grc' dir='ltr'><strong>καὶ</strong></span> <span class='ocrx_word' id='word_1_184' title='bbox 1562 2219 1743 2310; x_wconf 80' lang='grc' dir='ltr'>ἡμεῖς,</span> 
     </span>
    </p>
   </div>
   <div class='ocr_carea' id='block_1_26' title="bbox 160 2312 1749 2401">
    <p class='ocr_par' dir='ltr' id='par_1_26' title="bbox 160 2312 1749 2401">
     <span class='ocr_line' id='line_1_26' title="bbox 160 2312 1749 2401; baseline 0.015 -38"><span class='ocrx_word' id='word_1_185' title='bbox 160 2312 328 2367; x_wconf 86' lang='grc' dir='ltr'>καίτοι</span> <span class='ocrx_word' id='word_1_186' title='bbox 354 2315 431 2388; x_wconf 81' lang='grc' dir='ltr'><strong>μὴ</strong></span> <span class='ocrx_word' id='word_1_187' title='bbox 462 2315 754 2388; x_wconf 86' lang='grc' dir='ltr'>δυνάμενοι</span> <span class='ocrx_word' id='word_1_188' title='bbox 775 2320 950 2390; x_wconf 84' lang='grc' dir='ltr'>ὅμοιοι</span> <span class='ocrx_word' id='word_1_189' title='bbox 969 2324 1090 2376; x_wconf 88' lang='grc' dir='ltr'>κατ’</span> <span class='ocrx_word' id='word_1_190' title='bbox 1111 2325 1301 2380; x_wconf 75' lang='grc' dir='ltr'>οὐσίαν</span> <span class='ocrx_word' id='word_1_191' title='bbox 1323 2328 1415 2382; x_wconf 77' lang='grc' dir='ltr'>τοῦ</span> <span class='ocrx_word' id='word_1_192' title='bbox 1442 2329 1578 2384; x_wconf 82' lang='grc' dir='ltr'>Θεοῦ</span> <span class='ocrx_word' id='word_1_193' title='bbox 1597 2334 1749 2401; x_wconf 90' lang='grc' dir='ltr'>γενέ-</span> 
     </span>
    </p>
   </div>
   <div class='ocr_carea' id='block_1_27' title="bbox 162 2399 1746 2488">
    <p class='ocr_par' dir='ltr' id='par_1_27' title="bbox 162 2399 1746 2488">
     <span class='ocr_line' id='line_1_27' title="bbox 162 2399 1746 2488; baseline 0.013 -36"><span class='ocrx_word' id='word_1_194' title='bbox 162 2399 298 2465; x_wconf 84' lang='grc' dir='ltr'>σθαι,</span> <span class='ocrx_word' id='word_1_195' title='bbox 329 2403 506 2474; x_wconf 84' lang='grc' dir='ltr'>ὅμως,</span> <span class='ocrx_word' id='word_1_196' title='bbox 536 2405 597 2472; x_wconf 79' lang='grc' dir='ltr'><strong>ἐξ</strong></span> <span class='ocrx_word' id='word_1_197' title='bbox 636 2407 838 2478; x_wconf 86' lang='grc' dir='ltr'>ἀρετῆς</span> <span class='ocrx_word' id='word_1_198' title='bbox 866 2408 1258 2482; x_wconf 81' lang='grc' dir='ltr'>βελτιούμενοι,</span> <span class='ocrx_word' id='word_1_199' title='bbox 1301 2399 1618 2488; x_wconf 79' lang='grc' dir='ltr'>μιμούμεθα</span> <span class='ocrx_word' id='word_1_200' title='bbox 1656 2419 1746 2472; x_wconf 85' lang='grc' dir='ltr'><strong>τὸν</strong></span> 
     </span>
    </p>
   </div>
   <div class='ocr_carea' id='block_1_28' title="bbox 161 2489 1750 2577">
    <p class='ocr_par' dir='ltr' id='par_1_28' title="bbox 161 2489 1750 2577">
     <span class='ocr_line' id='line_1_28' title="bbox 161 2489 1750 2577; baseline 0.013 -36"><span class='ocrx_word' id='word_1_201' title='bbox 161 2489 285 2544; x_wconf 79' lang='grc' dir='ltr'>Θεὸν</span> <span class='ocrx_word' id='word_1_202' title='bbox 309 2491 446 2564; x_wconf 85' lang='grc'>(69),</span> <span class='ocrx_word' id='word_1_203' title='bbox 475 2498 850 2567; x_wconf 85' lang='grc' dir='ltr'>χαρισαμένου</span> <span class='ocrx_word' id='word_1_204' title='bbox 876 2500 968 2552; x_wconf 86' lang='grc' dir='ltr'><strong>καὶ</strong></span> <span class='ocrx_word' id='word_1_205' title='bbox 993 2499 1150 2555; x_wconf 82' lang='grc' dir='ltr'>τοῦτο</span> <span class='ocrx_word' id='word_1_206' title='bbox 1172 2502 1266 2556; x_wconf 81' lang='grc' dir='ltr'>τοῦ</span> <span class='ocrx_word' id='word_1_207' title='bbox 1293 2505 1520 2577; x_wconf 78' lang='grc' dir='ltr'>Κυρίου,</span> <span class='ocrx_word' id='word_1_208' title='bbox 1546 2507 1640 2561; x_wconf 75' lang='grc' dir='ltr'>καὶ</span> <span class='ocrx_word' id='word_1_209' title='bbox 1662 2508 1750 2562; x_wconf 86' lang='grc' dir='ltr'>λέ-</span> 
     </span>
    </p>
   </div>
   <div class='ocr_carea' id='block_1_29' title="bbox 164 2588 1749 2668">
    <p class='ocr_par' dir='ltr' id='par_1_29' title="bbox 164 2588 1749 2668">
     <span class='ocr_line' id='line_1_29' title="bbox 164 2588 1749 2668; baseline 0.012 -33"><span class='ocrx_word' id='word_1_210' title='bbox 164 2598 379 2650; x_wconf 84' lang='grc' dir='ltr'>γοντος·</span> <span class='ocrx_word' id='word_1_211' title='bbox 433 2588 701 2643; x_wconf 75' lang='grc' dir='ltr'>Γίνεσθε</span> <span class='ocrx_word' id='word_1_212' title='bbox 729 2592 1122 2665; x_wconf 71' lang='grc' dir='ltr'>οἰκτίρμονες,</span> <span class='ocrx_word' id='word_1_213' title='bbox 1146 2595 1228 2661; x_wconf 88' lang='grc' dir='ltr'>ὡς</span> <span class='ocrx_word' id='word_1_214' title='bbox 1265 2598 1298 2650; x_wconf 83' lang='grc' dir='ltr'><em>ὁ</em></span> <span class='ocrx_word' id='word_1_215' title='bbox 1335 2597 1540 2666; x_wconf 81' lang='grc' dir='ltr'>Πατὴρ</span> <span class='ocrx_word' id='word_1_216' title='bbox 1581 2598 1749 2668; x_wconf 82' lang='grc' dir='ltr'>ὑμῶν</span> 
     </span>
    </p>
   </div>
   <div class='ocr_carea' id='block_1_30' title="bbox 165 2674 1751 2760">
    <p class='ocr_par' dir='ltr' id='par_1_30' title="bbox 165 2674 1751 2760">
     <span class='ocr_line' id='line_1_30' title="bbox 165 2674 1751 2760; baseline 0.012 -34"><span class='ocrx_word' id='word_1_217' title='bbox 165 2674 473 2746; x_wconf 70' lang='grc' dir='ltr'>οἰκτίρμων</span> <span class='ocrx_word' id='word_1_218' title='bbox 487 2681 647 2735; x_wconf 83' lang='grc' dir='ltr'>ἐστί.</span> <span class='ocrx_word' id='word_1_219' title='bbox 671 2681 926 2737; x_wconf 78' lang='grc' dir='ltr'>Γίνεσθε</span> <span class='ocrx_word' id='word_1_220' title='bbox 947 2683 1269 2753; x_wconf 82' lang='grc' dir='ltr'>τέλειοι,ὠς</span> <span class='ocrx_word' id='word_1_221' title='bbox 1290 2691 1323 2741; x_wconf 85' lang='grc' dir='ltr'><em>ὁ</em></span> <span class='ocrx_word' id='word_1_222' title='bbox 1353 2688 1556 2758; x_wconf 75' lang='grc' dir='ltr'>Πατὴρ</span> <span class='ocrx_word' id='word_1_223' title='bbox 1583 2689 1751 2760; x_wconf 84' lang='grc' dir='ltr'>ὑμῶν</span> 
     </span>
    </p>
   </div>
   <div class='ocr_carea' id='block_1_31' title="bbox 166 2769 1751 2853">
    <p class='ocr_par' dir='ltr' id='par_1_31' title="bbox 166 2769 1751 2853">
     <span class='ocr_line' id='line_1_31' title="bbox 166 2769 1751 2853; baseline 0.011 -34"><span class='ocrx_word' id='word_1_224' title='bbox 166 2769 198 2819; x_wconf 84' lang='grc' dir='ltr'><em>ὁ</em></span> <span class='ocrx_word' id='word_1_225' title='bbox 220 2769 501 2840; x_wconf 83' lang='grc' dir='ltr'>οὐράνιος</span> <span class='ocrx_word' id='word_1_226' title='bbox 540 2774 770 2840; x_wconf 81' lang='grc' dir='ltr'>τέλειός</span> <span class='ocrx_word' id='word_1_227' title='bbox 799 2775 951 2829; x_wconf 86' lang='grc' dir='ltr'>ἐστι.</span> <span class='ocrx_word' id='word_1_228' title='bbox 977 2778 1198 2848; x_wconf 83' lang='grc' dir='ltr'>Τρεπτὰ</span> <span class='ocrx_word' id='word_1_229' title='bbox 1220 2780 1277 2833; x_wconf 89' lang='grc' dir='ltr'><strong>δὲ</strong></span> <span class='ocrx_word' id='word_1_230' title='bbox 1302 2780 1371 2834; x_wconf 82' lang='grc' dir='ltr'>τὰ</span> <span class='ocrx_word' id='word_1_231' title='bbox 1392 2781 1616 2853; x_wconf 83' lang='grc' dir='ltr'>γενητὰ,</span> <span class='ocrx_word' id='word_1_232' title='bbox 1650 2783 1751 2836; x_wconf 87' lang='grc' dir='ltr'><strong>οὐκ</strong></span> 
     </span>
    </p>
   </div>
   <div class='ocr_carea' id='block_1_32' title="bbox 170 2859 1751 2941">
    <p class='ocr_par' dir='ltr' id='par_1_32' title="bbox 170 2859 1751 2941">
     <span class='ocr_line' id='line_1_32' title="bbox 170 2859 1751 2941; baseline 0.009 -29"><span class='ocrx_word' id='word_1_233' title='bbox 170 2859 229 2912; x_wconf 80' lang='grc' dir='ltr'>ἄν</span> <span class='ocrx_word' id='word_1_234' title='bbox 260 2878 340 2927; x_wconf 91' lang='grc' dir='ltr'><strong>τις</strong></span> <span class='ocrx_word' id='word_1_235' title='bbox 360 2865 686 2936; x_wconf 85' lang='grc' dir='ltr'>ἀρνήσαιτο,</span> <span class='ocrx_word' id='word_1_236' title='bbox 720 2866 969 2935; x_wconf 83' lang='grc' dir='ltr'>ἀγγέλων</span> <span class='ocrx_word' id='word_1_237' title='bbox 997 2868 1096 2939; x_wconf 80' lang='grc' dir='ltr'><strong>μὲν</strong></span> <span class='ocrx_word' id='word_1_238' title='bbox 1123 2870 1484 2941; x_wconf 79' lang='grc' dir='ltr'>παραϐάντων</span> <span class='ocrx_word' id='word_1_239' title='bbox 1504 2912 1518 2937; x_wconf 93' lang='grc'><strong>,</strong></span> <span class='ocrx_word' id='word_1_240' title='bbox 1553 2873 1647 2926; x_wconf 80' lang='grc' dir='ltr'>τοῦ</span> <span class='ocrx_word' id='word_1_241' title='bbox 1694 2873 1751 2926; x_wconf 85' lang='grc' dir='ltr'>δὲ</span> 
     </span>
    </p>
   </div>
   <div class='ocr_carea' id='block_1_33' title="bbox 180 2949 1751 3035">
    <p class='ocr_par' dir='ltr' id='par_1_33' title="bbox 180 2949 1751 3035">
     <span class='ocr_line' id='line_1_33' title="bbox 180 2949 1751 3035; baseline 0.007 -30"><span class='ocrx_word' id='word_1_242' title='bbox 180 2949 341 3024; x_wconf 78' lang='grc' dir='ltr'><strong>Ἀδὰμ</strong></span> <span class='ocrx_word' id='word_1_243' title='bbox 361 2957 840 3028; x_wconf 84' lang='grc' dir='ltr'>παρακούσαντος,</span> <span class='ocrx_word' id='word_1_244' title='bbox 873 2960 966 3013; x_wconf 83' lang='grc' dir='ltr'><strong>καὶ</strong></span> <span class='ocrx_word' id='word_1_245' title='bbox 997 2961 1212 3015; x_wconf 81' lang='grc' dir='ltr'>πάντων</span> <span class='ocrx_word' id='word_1_246' title='bbox 1232 2962 1501 3034; x_wconf 88' lang='grc' dir='ltr'>δεομένων</span> <span class='ocrx_word' id='word_1_247' title='bbox 1527 2965 1625 3035; x_wconf 82' lang='grc' dir='ltr'>τῆς</span> <span class='ocrx_word' id='word_1_248' title='bbox 1656 2962 1751 3017; x_wconf 76' lang='grc' dir='ltr'>τοῦ</span> 
     </span>
    </p>
   </div>
   <div class='ocr_carea' id='block_1_34' title="bbox 170 3043 1752 3125">
    <p class='ocr_par' dir='ltr' id='par_1_34' title="bbox 170 3043 1752 3125">
     <span class='ocr_line' id='line_1_34' title="bbox 170 3043 1752 3125; baseline 0.009 -30"><span class='ocrx_word' id='word_1_249' title='bbox 170 3043 331 3114; x_wconf 77' lang='grc' dir='ltr'>Λόγου</span> <span class='ocrx_word' id='word_1_250' title='bbox 370 3050 621 3121; x_wconf 83' lang='grc' dir='ltr'>χάριτος.</span> <span class='ocrx_word' id='word_1_251' title='bbox 658 3051 902 3122; x_wconf 85' lang='grc' dir='ltr'>Τρεπτὸν</span> <span class='ocrx_word' id='word_1_252' title='bbox 931 3052 988 3105; x_wconf 86' lang='grc' dir='ltr'><strong>δὲ</strong></span> <span class='ocrx_word' id='word_1_253' title='bbox 1020 3053 1292 3125; x_wconf 85' lang='grc' dir='ltr'>άτρέπτου</span> <span class='ocrx_word' id='word_1_254' title='bbox 1320 3055 1469 3119; x_wconf 80' lang='grc' dir='ltr'>ὄντος</span> <span class='ocrx_word' id='word_1_255' title='bbox 1496 3055 1589 3108; x_wconf 79' lang='grc' dir='ltr'>τοῦ</span> <span class='ocrx_word' id='word_1_256' title='bbox 1619 3055 1752 3109; x_wconf 78' lang='grc' dir='ltr'>Θεοῦ</span> 
     </span>
    </p>
   </div>
   <div class='ocr_carea' id='block_1_35' title="bbox 169 3137 1752 3217">
    <p class='ocr_par' dir='ltr' id='par_1_35' title="bbox 169 3137 1752 3217">
     <span class='ocr_line' id='line_1_35' title="bbox 169 3137 1752 3217; baseline 0.008 -28"><span class='ocrx_word' id='word_1_257' title='bbox 169 3137 262 3190; x_wconf 82' lang='grc' dir='ltr'><strong>οὐκ</strong></span> <span class='ocrx_word' id='word_1_258' title='bbox 285 3138 348 3193; x_wconf 88' lang='grc' dir='ltr'><strong>ἂν</strong></span> <span class='ocrx_word' id='word_1_259' title='bbox 381 3143 465 3215; x_wconf 84' lang='grc' dir='ltr'>εἴη</span> <span class='ocrx_word' id='word_1_260' title='bbox 503 3143 722 3214; x_wconf 82' lang='grc' dir='ltr'>ὅμοιον·</span> <span class='ocrx_word' id='word_1_261' title='bbox 759 3144 948 3217; x_wconf 85' lang='grc' dir='ltr'>ὥσπερ</span> <span class='ocrx_word' id='word_1_262' title='bbox 984 3145 1105 3199; x_wconf 76' lang='grc' dir='ltr'>οὐδὲ</span> <span class='ocrx_word' id='word_1_263' title='bbox 1142 3147 1204 3199; x_wconf 85' lang='grc' dir='ltr'><strong>τὸ</strong></span> <span class='ocrx_word' id='word_1_264' title='bbox 1244 3146 1459 3201; x_wconf 80' lang='grc' dir='ltr'>κτισθὲν</span> <span class='ocrx_word' id='word_1_265' title='bbox 1496 3147 1589 3201; x_wconf 78' lang='grc' dir='ltr'>τοῦ</span> <span class='ocrx_word' id='word_1_266' title='bbox 1633 3149 1752 3201; x_wconf 81' lang='grc' dir='ltr'>κτι-</span> 
     </span>
    </p>
   </div>
   <div class='ocr_carea' id='block_1_36' title="bbox 175 3235 1756 3309">
    <p class='ocr_par' dir='ltr' id='par_1_36' title="bbox 175 3235 1756 3309">
     <span class='ocr_line' id='line_1_36' title="bbox 175 3235 1756 3309; baseline 0.009 -29"><span class='ocrx_word' id='word_1_267' title='bbox 175 3245 372 3296; x_wconf 78' lang='grc' dir='ltr'>σαντος.</span> <span class='ocrx_word' id='word_1_268' title='bbox 395 3235 506 3288; x_wconf 82' lang='grc' dir='ltr'>Διὰ</span> <span class='ocrx_word' id='word_1_269' title='bbox 524 3236 682 3288; x_wconf 79' lang='grc' dir='ltr'>τοῦτο</span> <span class='ocrx_word' id='word_1_270' title='bbox 707 3237 835 3308; x_wconf 74' lang='grc' dir='ltr'>περὶ</span> <span class='ocrx_word' id='word_1_271' title='bbox 862 3238 960 3308; x_wconf 87' lang='grc' dir='ltr'><strong>μὲν</strong></span> <span class='ocrx_word' id='word_1_272' title='bbox 985 3240 1017 3309; x_wconf 80' lang='grc' dir='ltr'>ἡ</span> <span class='ocrx_word' id='word_1_273' title='bbox 1027 3237 1142 3308; x_wconf 84' lang='grc' dir='ltr'><strong>μῶν</strong></span> <span class='ocrx_word' id='word_1_274' title='bbox 1173 3238 1391 3292; x_wconf 83' lang='grc' dir='ltr'>σκοπῶν</span> <span class='ocrx_word' id='word_1_275' title='bbox 1419 3243 1446 3294; x_wconf 97' lang='lat'><strong>6</strong></span> <span class='ocrx_word' id='word_1_276' title='bbox 1473 3240 1626 3309; x_wconf 78' lang='grc' dir='ltr'>ἅγιος</span> <span class='ocrx_word' id='word_1_277' title='bbox 1648 3241 1756 3295; x_wconf 76' lang='grc' dir='ltr'>ἕλε-</span> 
     </span>
    </p>
   </div>
   <div class='ocr_carea' id='block_1_37' title="bbox 171 3324 1755 3401">
    <p class='ocr_par' dir='ltr' id='par_1_37' title="bbox 171 3324 1755 3401">
     <span class='ocr_line' id='line_1_37' title="bbox 171 3324 1755 3401; baseline 0.009 -28"><span class='ocrx_word' id='word_1_278' title='bbox 171 3337 288 3387; x_wconf 87' lang='grc' dir='ltr'>γεν·</span> <span class='ocrx_word' id='word_1_279' title='bbox 349 3324 412 3379; x_wconf 79' lang='grc' dir='ltr'><em>Ὀ</em></span> <span class='ocrx_word' id='word_1_280' title='bbox 449 3327 627 3396; x_wconf 85' lang='grc' dir='ltr'>Θεὸς,</span> <span class='ocrx_word' id='word_1_281' title='bbox 655 3329 746 3394; x_wconf 83' lang='grc' dir='ltr'><strong>τίς</strong></span> <span class='ocrx_word' id='word_1_282' title='bbox 801 3329 1231 3399; x_wconf 76' lang='grc' dir='ltr'>ὁμοιωθήσεται</span> <span class='ocrx_word' id='word_1_283' title='bbox 1278 3345 1410 3396; x_wconf 83' lang='grc' dir='ltr'>σοι;</span> <span class='ocrx_word' id='word_1_284' title='bbox 1464 3333 1626 3396; x_wconf 73' lang='grc' dir='ltr'>καὶ,,</span> <span class='ocrx_word' id='word_1_285' title='bbox 1660 3335 1755 3401; x_wconf 83' lang='grc' dir='ltr'>Τίς</span> 
     </span>
    </p>
   </div>
   <div class='ocr_carea' id='block_1_38' title="bbox 174 3412 1755 3493">
    <p class='ocr_par' dir='ltr' id='par_1_38' title="bbox 174 3412 1755 3493">
     <span class='ocr_line' id='line_1_38' title="bbox 174 3412 1755 3493; baseline 0.007 -24"><span class='ocrx_word' id='word_1_286' title='bbox 174 3412 363 3485; x_wconf 82' lang='grc' dir='ltr'>ὅμοιός</span> <span class='ocrx_word' id='word_1_287' title='bbox 389 3435 498 3475; x_wconf 86' lang='grc' dir='ltr'>σοι</span> <span class='ocrx_word' id='word_1_288' title='bbox 528 3421 598 3475; x_wconf 81' lang='grc' dir='ltr'>ἐν</span> <span class='ocrx_word' id='word_1_289' title='bbox 624 3421 801 3488; x_wconf 83' lang='grc' dir='ltr'>θεοῖς,</span> <span class='ocrx_word' id='word_1_290' title='bbox 825 3425 1001 3490; x_wconf 81' lang='grc' dir='ltr'>Κύριε</span> <span class='ocrx_word' id='word_1_291' title='bbox 1027 3439 1046 3487; x_wconf 91' lang='grc'><strong><em>;</em></strong></span> <span class='ocrx_word' id='word_1_292' title='bbox 1082 3423 1239 3488; x_wconf 81' lang='grc' dir='ltr'>θεοὺς</span> <span class='ocrx_word' id='word_1_293' title='bbox 1265 3424 1461 3493; x_wconf 87' lang='grc' dir='ltr'>λέγων,</span> <span class='ocrx_word' id='word_1_294' title='bbox 1485 3426 1608 3489; x_wconf 80' lang='grc' dir='ltr'>τοὺς</span> <span class='ocrx_word' id='word_1_295' title='bbox 1639 3444 1755 3479; x_wconf 87' lang='grc' dir='ltr'>κτι-</span> 
     </span>
    </p>
   </div>
   <div class='ocr_carea' id='block_1_39' title="bbox 176 3505 1754 3586">
    <p class='ocr_par' dir='ltr' id='par_1_39' title="bbox 176 3505 1754 3586">
     <span class='ocr_line' id='line_1_39' title="bbox 176 3505 1754 3586; baseline 0.008 -28"><span class='ocrx_word' id='word_1_296' title='bbox 176 3505 389 3576; x_wconf 81' lang='grc' dir='ltr'>σθέντας</span> <span class='ocrx_word' id='word_1_297' title='bbox 420 3513 548 3585; x_wconf 80' lang='grc' dir='ltr'>μὲν,</span> <span class='ocrx_word' id='word_1_298' title='bbox 586 3513 842 3585; x_wconf 82' lang='grc' dir='ltr'>μετόχους</span> <span class='ocrx_word' id='word_1_299' title='bbox 869 3515 926 3568; x_wconf 80' lang='grc' dir='ltr'>δὲ</span> <span class='ocrx_word' id='word_1_300' title='bbox 951 3515 1277 3585; x_wconf 86' lang='grc' dir='ltr'>γενομένους</span> <span class='ocrx_word' id='word_1_301' title='bbox 1320 3517 1412 3570; x_wconf 80' lang='grc' dir='ltr'>τοῦ</span> <span class='ocrx_word' id='word_1_302' title='bbox 1443 3518 1640 3586; x_wconf 82' lang='grc' dir='ltr'>Λόγου,</span> <span class='ocrx_word' id='word_1_303' title='bbox 1680 3519 1754 3584; x_wconf 87' lang='grc' dir='ltr'>ὡς</span> 
     </span>
    </p>
   </div>
   <div class='ocr_carea' id='block_1_40' title="bbox 176 3600 1755 3679">
    <p class='ocr_par' dir='ltr' id='par_1_40' title="bbox 176 3600 1755 3679">
     <span class='ocr_line' id='line_1_40' title="bbox 176 3600 1755 3679; baseline 0.01 -29"><span class='ocrx_word' id='word_1_304' title='bbox 176 3600 327 3667; x_wconf 76' lang='grc' dir='ltr'>αὐτὸς</span> <span class='ocrx_word' id='word_1_305' title='bbox 364 3603 554 3661; x_wconf 72' lang='grc' dir='ltr'>εἶπεν·</span> <span class='ocrx_word' id='word_1_306' title='bbox 591 3605 660 3660; x_wconf 77' lang='lat' dir='ltr'><strong>Et</strong></span> <span class='ocrx_word' id='word_1_307' title='bbox 686 3607 960 3674; x_wconf 80' lang='grc' dir='ltr'>ἐκείνους</span> <span class='ocrx_word' id='word_1_308' title='bbox 1004 3609 1177 3674; x_wconf 85' lang='grc' dir='ltr'>θεοὺς</span> <span class='ocrx_word' id='word_1_309' title='bbox 1205 3611 1354 3676; x_wconf 80' lang='grc' dir='ltr'>εἷπε,</span> <span class='ocrx_word' id='word_1_310' title='bbox 1387 3610 1536 3679; x_wconf 72' lang='grc' dir='ltr'>πρὸς</span> <span class='ocrx_word' id='word_1_311' title='bbox 1583 3611 1692 3678; x_wconf 83' lang='grc' dir='ltr'>οὓς</span> <span class='ocrx_word' id='word_1_312' title='bbox 1723 3615 1755 3666; x_wconf 86' lang='grc' dir='ltr'><em>ὀ</em></span> 
     </span>
    </p>
   </div>
   <div class='ocr_carea' id='block_1_41' title="bbox 178 3693 1755 3772">
    <p class='ocr_par' dir='ltr' id='par_1_41' title="bbox 178 3693 1755 3772">
     <span class='ocr_line' id='line_1_41' title="bbox 178 3693 1755 3772; baseline 0.01 -28"><span class='ocrx_word' id='word_1_313' title='bbox 178 3693 354 3764; x_wconf 77' lang='grc' dir='ltr'>Λόγος</span> <span class='ocrx_word' id='word_1_314' title='bbox 380 3699 498 3754; x_wconf 83' lang='grc' dir='ltr'>τοῦ</span> <span class='ocrx_word' id='word_1_315' title='bbox 526 3700 674 3753; x_wconf 85' lang='grc' dir='ltr'>Θεοῦ</span> <span class='ocrx_word' id='word_1_316' title='bbox 702 3699 960 3769; x_wconf 79' lang='grc' dir='ltr'>ἐγένετο.</span> <span class='ocrx_word' id='word_1_317' title='bbox 991 3702 1071 3756; x_wconf 85' lang='grc' dir='ltr'><strong>Τὰ</strong></span> <span class='ocrx_word' id='word_1_318' title='bbox 1111 3702 1168 3756; x_wconf 86' lang='grc' dir='ltr'><strong>δὲ</strong></span> <span class='ocrx_word' id='word_1_319' title='bbox 1209 3704 1506 3772; x_wconf 86' lang='grc' dir='ltr'>μετέχοντα</span> <span class='ocrx_word' id='word_1_320' title='bbox 1551 3705 1651 3758; x_wconf 81' lang='grc' dir='ltr'><strong>οὐκ</strong></span> <span class='ocrx_word' id='word_1_321' title='bbox 1689 3705 1755 3760; x_wconf 88' lang='grc' dir='ltr'><strong>ἂν</strong></span> 
     </span>
    </p>
   </div>
   <div class='ocr_carea' id='block_1_42' title="bbox 181 3781 1756 3869">
    <p class='ocr_par' dir='ltr' id='par_1_42' title="bbox 181 3781 1756 3869">
     <span class='ocr_line' id='line_1_42' title="bbox 181 3781 1756 3869; baseline 0.008 -32"><span class='ocrx_word' id='word_1_322' title='bbox 181 3785 258 3856; x_wconf 81' lang='grc' dir='ltr'>εἴη</span> <span class='ocrx_word' id='word_1_323' title='bbox 281 3789 347 3842; x_wconf 80' lang='grc' dir='ltr'><strong>τὰ</strong></span> <span class='ocrx_word' id='word_1_324' title='bbox 384 3791 502 3863; x_wconf 80' lang='lat'><strong>(70)</strong></span> <span class='ocrx_word' id='word_1_325' title='bbox 528 3791 668 3846; x_wconf 80' lang='grc' dir='ltr'>αὐτὰ</span> <span class='ocrx_word' id='word_1_326' title='bbox 699 3793 822 3847; x_wconf 84' lang='grc' dir='ltr'>οὐδὲ</span> <span class='ocrx_word' id='word_1_327' title='bbox 847 3795 1008 3865; x_wconf 85' lang='grc' dir='ltr'>ὅμοια</span> <span class='ocrx_word' id='word_1_328' title='bbox 1049 3795 1140 3848; x_wconf 74' lang='grc' dir='ltr'><strong>τοῦ</strong></span> <span class='ocrx_word' id='word_1_329' title='bbox 1169 3781 1573 3867; x_wconf 79' lang='grc' dir='ltr'>μετεχομένου.</span> <span class='ocrx_word' id='word_1_330' title='bbox 1618 3797 1756 3869; x_wconf 74' lang='grc' dir='ltr'>Περὶ</span> 
     </span>
    </p>
   </div>
   <div class='ocr_carea' id='block_1_43' title="bbox 183 3881 1756 3959">
    <p class='ocr_par' dir='ltr' id='par_1_43' title="bbox 183 3881 1756 3959">
     <span class='ocr_line' id='line_1_43' title="bbox 183 3881 1756 3959; baseline 0.01 -30"><span class='ocrx_word' id='word_1_331' title='bbox 183 3881 362 3934; x_wconf 71' lang='grc' dir='ltr'>ἑαυτοῦ</span> <span class='ocrx_word' id='word_1_332' title='bbox 395 3884 531 3954; x_wconf 82' lang='grc' dir='ltr'>γοῦν</span> <span class='ocrx_word' id='word_1_333' title='bbox 563 3886 768 3954; x_wconf 77' lang='grc' dir='ltr'>ἔλεγεν·</span> <span class='ocrx_word' id='word_1_334' title='bbox 801 3887 948 3957; x_wconf 79' lang='grc' dir='ltr'><strong>Ἐγὼ</strong></span> <span class='ocrx_word' id='word_1_335' title='bbox 967 3886 1114 3941; x_wconf 82' lang='grc' dir='ltr'>καὶὸ</span> <span class='ocrx_word' id='word_1_336' title='bbox 1131 3887 1332 3956; x_wconf 82' lang='grc' dir='ltr'>Πατὴρ</span> <span class='ocrx_word' id='word_1_337' title='bbox 1355 3887 1424 3942; x_wconf 79' lang='grc' dir='ltr'>ἓν</span> <span class='ocrx_word' id='word_1_338' title='bbox 1450 3889 1658 3959; x_wconf 77' lang='grc' dir='ltr'>ἐσμεν,</span> <span class='ocrx_word' id='word_1_339' title='bbox 1680 3890 1756 3954; x_wconf 85' lang='grc' dir='ltr'>ὡς</span> 
     </span>
    </p>
   </div>
   <div class='ocr_carea' id='block_1_44' title="bbox 184 3972 1756 4052">
    <p class='ocr_par' dir='ltr' id='par_1_44' title="bbox 184 3972 1756 4052">
     <span class='ocr_line' id='line_1_44' title="bbox 184 3972 1756 4052; baseline 0.006 -28"><span class='ocrx_word' id='word_1_340' title='bbox 184 3972 280 4025; x_wconf 83' lang='grc' dir='ltr'><strong>τῶν</strong></span> <span class='ocrx_word' id='word_1_341' title='bbox 300 3978 544 4048; x_wconf 77' lang='grc' dir='ltr'>γενητῶν</span> <span class='ocrx_word' id='word_1_342' title='bbox 572 3979 648 4050; x_wconf 80' lang='grc' dir='ltr'>μὴ</span> <span class='ocrx_word' id='word_1_343' title='bbox 677 3979 846 4032; x_wconf 84' lang='grc' dir='ltr'>ὄντων</span> <span class='ocrx_word' id='word_1_344' title='bbox 869 3979 1058 4042; x_wconf 72' lang='grc' dir='ltr'>οὕτως.</span> <span class='ocrx_word' id='word_1_345' title='bbox 1095 3980 1246 4034; x_wconf 77' lang='grc' dir='ltr'>Ἐπεὶ</span> <span class='ocrx_word' id='word_1_346' title='bbox 1268 3981 1756 4052; x_wconf 84' lang='grc' dir='ltr'>ἀποκρινάσθωσαν</span> 
     </span>
    </p>
   </div>
   <div class='ocr_carea' id='block_1_45' title="bbox 182 4063 1757 4144">
    <p class='ocr_par' dir='ltr' id='par_1_45' title="bbox 182 4063 1757 4144">
     <span class='ocr_line' id='line_1_45' title="bbox 182 4063 1757 4144; baseline 0.006 -27"><span class='ocrx_word' id='word_1_347' title='bbox 182 4063 230 4114; x_wconf 74' lang='grc' dir='ltr'><strong>οἱ</strong></span> <span class='ocrx_word' id='word_1_348' title='bbox 256 4065 348 4138; x_wconf 85' lang='grc' dir='ltr'>τὴν</span> <span class='ocrx_word' id='word_1_349' title='bbox 387 4070 682 4143; x_wconf 84' lang='grc' dir='ltr'>Ἀρίμηνον</span> <span class='ocrx_word' id='word_1_350' title='bbox 710 4072 1106 4142; x_wconf 83' lang='grc' dir='ltr'>προτείνοντες,</span> <span class='ocrx_word' id='word_1_351' title='bbox 1143 4075 1192 4126; x_wconf 86' lang='grc' dir='ltr'>εἰ</span> <span class='ocrx_word' id='word_1_352' title='bbox 1225 4073 1418 4144; x_wconf 83' lang='grc' dir='ltr'>κτιστὴ</span> <span class='ocrx_word' id='word_1_353' title='bbox 1450 4073 1562 4144; x_wconf 87' lang='grc'><strong>(71)</strong></span> <span class='ocrx_word' id='word_1_354' title='bbox 1599 4071 1757 4126; x_wconf 83' lang='grc' dir='ltr'>οὐσία</span> 
     </span>
    </p>
   </div>
   <div class='ocr_carea' id='block_1_46' title="bbox 185 4152 1754 4231">
    <p class='ocr_par' dir='ltr' id='par_1_46' title="bbox 185 4152 1754 4231">
     <span class='ocr_line' id='line_1_46' title="bbox 185 4152 1754 4231; baseline 0.009 -27"><span class='ocrx_word' id='word_1_355' title='bbox 185 4152 391 4214; x_wconf 83' lang='grc' dir='ltr'>δύναται</span> <span class='ocrx_word' id='word_1_356' title='bbox 425 4166 632 4218; x_wconf 73' lang='grc' dir='ltr'>εἰπεῖν·</span> <span class='ocrx_word' id='word_1_357' title='bbox 682 4166 741 4218; x_wconf 85' lang='grc' dir='ltr'><strong>Ἃ</strong></span> <span class='ocrx_word' id='word_1_358' title='bbox 768 4163 982 4228; x_wconf 70' lang='grc' dir='ltr'>,βλέπω</span> <span class='ocrx_word' id='word_1_359' title='bbox 1018 4164 1126 4218; x_wconf 85' lang='grc' dir='ltr'>τὸν</span> <span class='ocrx_word' id='word_1_360' title='bbox 1161 4162 1393 4231; x_wconf 81' lang='grc' dir='ltr'>Πατέρα</span> <span class='ocrx_word' id='word_1_361' title='bbox 1445 4163 1754 4229; x_wconf 84' lang='grc' dir='ltr'>ποιοῦντα,</span> 
     </span>
    </p>
   </div>
   <div class='ocr_carea' id='block_1_47' title="bbox 185 4248 1754 4328">
    <p class='ocr_par' dir='ltr' id='par_1_47' title="bbox 185 4248 1754 4328">
     <span class='ocr_line' id='line_1_47' title="bbox 185 4248 1754 4328; baseline 0.006 -28"><span class='ocrx_word' id='word_1_362' title='bbox 185 4248 359 4306; x_wconf 80' lang='grc' dir='ltr'>ταῦτα</span> <span class='ocrx_word' id='word_1_363' title='bbox 385 4256 550 4326; x_wconf 76' lang='grc' dir='ltr'>κὰγ-ὼ</span> <span class='ocrx_word' id='word_1_364' title='bbox 577 4254 744 4310; x_wconf 83' lang='grc' dir='ltr'>ποιῶ.</span> <span class='ocrx_word' id='word_1_365' title='bbox 789 4256 1095 4326; x_wconf 80' lang='grc' dir='ltr'>Ποιούμενα</span> <span class='ocrx_word' id='word_1_366' title='bbox 1123 4256 1231 4327; x_wconf 85' lang='grc' dir='ltr'><strong>γάρ</strong></span> <span class='ocrx_word' id='word_1_367' title='bbox 1278 4257 1392 4308; x_wconf 79' lang='grc' dir='ltr'>ἐστι</span> <span class='ocrx_word' id='word_1_368' title='bbox 1429 4255 1500 4308; x_wconf 85' lang='grc' dir='ltr'>τὰ</span> <span class='ocrx_word' id='word_1_369' title='bbox 1532 4255 1754 4328; x_wconf 86' lang='grc' dir='ltr'>γενητὰ,</span> 
     </span>
    </p>
   </div>
   <div class='ocr_carea' id='block_1_48' title="bbox 189 4341 1758 4420">
    <p class='ocr_par' dir='ltr' id='par_1_48' title="bbox 189 4341 1758 4420">
     <span class='ocr_line' id='line_1_48' title="bbox 189 4341 1758 4420; baseline 0.004 -25"><span class='ocrx_word' id='word_1_370' title='bbox 189 4341 274 4393; x_wconf 77' lang='grc' dir='ltr'>καὶ</span> <span class='ocrx_word' id='word_1_371' title='bbox 296 4346 354 4398; x_wconf 78' lang='grc' dir='ltr'>οὐ</span> <span class='ocrx_word' id='word_1_372' title='bbox 385 4347 643 4403; x_wconf 78' lang='grc' dir='ltr'>ποιοῦντα</span> <span class='ocrx_word' id='word_1_373' title='bbox 664 4367 677 4380; x_wconf 71' lang='grc' dir='ltr'><strong>ο</strong></span> <span class='ocrx_word' id='word_1_374' title='bbox 706 4350 754 4402; x_wconf 70' lang='grc' dir='ltr'>εἰ</span> <span class='ocrx_word' id='word_1_375' title='bbox 785 4349 895 4420; x_wconf 68' lang='grc'>(7⁸2)</span> <span class='ocrx_word' id='word_1_376' title='bbox 927 4349 983 4401; x_wconf 84' lang='grc' dir='ltr'>δὲ</span> <span class='ocrx_word' id='word_1_377' title='bbox 1035 4351 1108 4420; x_wconf 86' lang='grc' dir='ltr'>μή</span> <span class='ocrx_word' id='word_1_378' title='bbox 1143 4366 1228 4418; x_wconf 90' lang='grc' dir='ltr'><strong>γε,</strong></span> <span class='ocrx_word' id='word_1_379' title='bbox 1261 4351 1355 4402; x_wconf 76' lang='grc' dir='ltr'>καὶ</span> <span class='ocrx_word' id='word_1_380' title='bbox 1406 4348 1576 4402; x_wconf 77' lang='grc' dir='ltr'>ἑαυτὰ</span> <span class='ocrx_word' id='word_1_381' title='bbox 1609 4349 1758 4402; x_wconf 81' lang='grc' dir='ltr'>ἐποί-</span> 
     </span>
    </p>
   </div>
   <div class='ocr_carea' id='block_1_49' title="bbox 1843 502 3419 577">
    <p class='ocr_par' dir='ltr' id='par_1_49' title="bbox 1843 502 3419 577">
     <span class='ocr_line' id='line_1_49' title="bbox 1843 502 3419 577; baseline 0.006 -20"><span class='ocrx_word' id='word_1_382' title='bbox 1843 502 1886 557; x_wconf 89' lang='lat' dir='ltr'><strong>si</strong></span> <span class='ocrx_word' id='word_1_383' title='bbox 1926 517 2049 558; x_wconf 88' lang='lat' dir='ltr'><strong>sese</strong></span> <span class='ocrx_word' id='word_1_384' title='bbox 2096 519 2403 575; x_wconf 79' lang='lat' dir='ltr'><strong>repugnare</strong></span> <span class='ocrx_word' id='word_1_385' title='bbox 2448 520 2610 575; x_wconf 87' lang='lat' dir='ltr'><strong>posse</strong></span> <span class='ocrx_word' id='word_1_386' title='bbox 2660 506 3016 575; x_wconf 77' lang='lat' dir='ltr'><strong>arbitrantur,</strong></span> <span class='ocrx_word' id='word_1_387' title='bbox 3066 509 3273 577; x_wconf 87' lang='lat' dir='ltr'><strong>dicant,</strong></span> <span class='ocrx_word' id='word_1_388' title='bbox 3323 522 3419 566; x_wconf 89' lang='lat' dir='ltr'><strong>aut</strong></span> 
     </span>
    </p>
   </div>
   <div class='ocr_carea' id='block_1_50' title="bbox 1841 595 3418 669">
    <p class='ocr_par' dir='ltr' id='par_1_50' title="bbox 1841 595 3418 669">
     <span class='ocr_line' id='line_1_50' title="bbox 1841 595 3418 669; baseline 0.004 -22"><span class='ocrx_word' id='word_1_389' title='bbox 1841 595 2028 664; x_wconf 88' lang='lat' dir='ltr'><strong>potius</strong></span> <span class='ocrx_word' id='word_1_390' title='bbox 2065 597 2453 666; x_wconf 84' lang='lat' dir='ltr'><strong>respondeant,</strong></span> <span class='ocrx_word' id='word_1_391' title='bbox 2491 606 2550 652; x_wconf 93' lang='lat' dir='ltr'><strong>ut</strong></span> <span class='ocrx_word' id='word_1_392' title='bbox 2583 597 2637 651; x_wconf 90' lang='lat' dir='ltr'><strong>in</strong></span> <span class='ocrx_word' id='word_1_393' title='bbox 2681 613 2803 654; x_wconf 88' lang='lat' dir='ltr'><strong>sese</strong></span> <span class='ocrx_word' id='word_1_394' title='bbox 2849 598 3212 669; x_wconf 77' lang='lat' dir='ltr'><strong>impingentes</strong></span> <span class='ocrx_word' id='word_1_395' title='bbox 3256 617 3418 657; x_wconf 86' lang='lat' dir='ltr'><strong>coar-</strong></span> 
     </span>
    </p>
   </div>
   <div class='ocr_carea' id='block_1_51' title="bbox 1843 689 3420 765">
    <p class='ocr_par' dir='ltr' id='par_1_51' title="bbox 1843 689 3420 765">
     <span class='ocr_line' id='line_1_51' title="bbox 1843 689 3420 765; baseline 0.005 -24"><span class='ocrx_word' id='word_1_396' title='bbox 1843 697 2078 759; x_wconf 83' lang='lat' dir='ltr'><strong>guantur</strong></span> <span class='ocrx_word' id='word_1_397' title='bbox 2107 705 2122 754; x_wconf 91' lang='lat'><strong>;</strong></span> <span class='ocrx_word' id='word_1_398' title='bbox 2149 705 2279 743; x_wconf 86' lang='lat' dir='ltr'><strong>num</strong></span> <span class='ocrx_word' id='word_1_399' title='bbox 2312 689 2539 744; x_wconf 85' lang='lat' dir='ltr'><strong>credant</strong></span> <span class='ocrx_word' id='word_1_400' title='bbox 2569 689 2707 746; x_wconf 85' lang='lat' dir='ltr'><strong>Filio</strong></span> <span class='ocrx_word' id='word_1_401' title='bbox 2757 691 2957 746; x_wconf 87' lang='lat' dir='ltr'><strong>dicenti</strong></span> <span class='ocrx_word' id='word_1_402' title='bbox 2984 710 2998 746; x_wconf 91' lang='lat'><strong>:</strong></span> <span class='ocrx_word' id='word_1_403' title='bbox 3029 691 3142 765; x_wconf 89' lang='lat' dir='ltr'><strong>Ego</strong></span> <span class='ocrx_word' id='word_1_404' title='bbox 3179 703 3228 749; x_wconf 88' lang='lat' dir='ltr'><strong>et</strong></span> <span class='ocrx_word' id='word_1_405' title='bbox 3255 692 3420 749; x_wconf 85' lang='lat' dir='ltr'><strong>Pater</strong></span> 
     </span>
    </p>
   </div>
   <div class='ocr_carea' id='block_1_52' title="bbox 1841 781 3424 852">
    <p class='ocr_par' dir='ltr' id='par_1_52' title="bbox 1841 781 3424 852">
     <span class='ocr_line' id='line_1_52' title="bbox 1841 781 3424 852; baseline 0.006 -21"><span class='ocrx_word' id='word_1_406' title='bbox 1841 795 2004 832; x_wconf 87' lang='lat' dir='ltr'><strong>unum</strong></span> <span class='ocrx_word' id='word_1_407' title='bbox 2020 795 2237 844; x_wconf 84' lang='lat' dir='ltr'><strong>sumus;</strong></span> <span class='ocrx_word' id='word_1_408' title='bbox 2260 789 2346 835; x_wconf 90' lang='lat' dir='ltr'><strong>et:</strong></span> <span class='ocrx_word' id='word_1_409' title='bbox 2370 781 2462 850; x_wconf 86' lang='lat' dir='ltr'><strong>qui</strong></span> <span class='ocrx_word' id='word_1_410' title='bbox 2485 781 2730 848; x_wconf 85' lang='lat' dir='ltr'><strong>viditme,</strong></span> <span class='ocrx_word' id='word_1_411' title='bbox 2748 782 2877 836; x_wconf 85' lang='lat' dir='ltr'><strong>vidit</strong></span> <span class='ocrx_word' id='word_1_412' title='bbox 2901 793 2950 837; x_wconf 89' lang='lat' dir='ltr'><strong>et</strong></span> <span class='ocrx_word' id='word_1_413' title='bbox 2965 783 3182 838; x_wconf 81' lang='lat' dir='ltr'><strong>Patrem</strong></span> <span class='ocrx_word' id='word_1_414' title='bbox 3196 786 3260 839; x_wconf 84' lang='grc'><strong>³⁸.</strong></span> <span class='ocrx_word' id='word_1_415' title='bbox 3280 785 3424 852; x_wconf 74' lang='lat' dir='ltr'><strong>lmo,</strong></span> 
     </span>
    </p>
   </div>
   <div class='ocr_carea' id='block_1_53' title="bbox 1842 871 3422 949">
    <p class='ocr_par' dir='ltr' id='par_1_53' title="bbox 1842 871 3422 949">
     <span class='ocr_line' id='line_1_53' title="bbox 1842 871 3422 949; baseline 0.006 -24"><span class='ocrx_word' id='word_1_416' title='bbox 1842 871 2045 938; x_wconf 81' lang='lat' dir='ltr'><strong>dicent,</strong></span> <span class='ocrx_word' id='word_1_417' title='bbox 2078 873 2183 927; x_wconf 92' lang='lat' dir='ltr'><strong>hoc</strong></span> <span class='ocrx_word' id='word_1_418' title='bbox 2207 873 2336 942; x_wconf 88' lang='lat' dir='ltr'><strong>quia</strong></span> <span class='ocrx_word' id='word_1_419' title='bbox 2367 874 2632 944; x_wconf 90' lang='lat' dir='ltr'><strong>scriptum</strong></span> <span class='ocrx_word' id='word_1_420' title='bbox 2662 884 2768 942; x_wconf 88' lang='lat' dir='ltr'><strong>est,</strong></span> <span class='ocrx_word' id='word_1_421' title='bbox 2799 877 3096 933; x_wconf 88' lang='lat' dir='ltr'><strong>credimus.</strong></span> <span class='ocrx_word' id='word_1_422' title='bbox 3146 877 3251 934; x_wconf 88' lang='lat' dir='ltr'><strong>Sed</strong></span> <span class='ocrx_word' id='word_1_423' title='bbox 3280 895 3422 949; x_wconf 91' lang='lat' dir='ltr'><strong>quo-</strong></span> 
     </span>
    </p>
   </div>
   <div class='ocr_carea' id='block_1_54' title="bbox 1843 964 3420 1040">
    <p class='ocr_par' dir='ltr' id='par_1_54' title="bbox 1843 964 3420 1040">
     <span class='ocr_line' id='line_1_54' title="bbox 1843 964 3420 1040; baseline 0.005 -22"><span class='ocrx_word' id='word_1_424' title='bbox 1843 964 2135 1018; x_wconf 91' lang='lat' dir='ltr'><strong>modonam</strong></span> <span class='ocrx_word' id='word_1_425' title='bbox 2167 981 2335 1020; x_wconf 90' lang='lat' dir='ltr'><strong>unum</strong></span> <span class='ocrx_word' id='word_1_426' title='bbox 2362 978 2512 1028; x_wconf 90' lang='lat' dir='ltr'><strong>sunt,</strong></span> <span class='ocrx_word' id='word_1_427' title='bbox 2538 976 2592 1021; x_wconf 92' lang='lat' dir='ltr'><strong>et</strong></span> <span class='ocrx_word' id='word_1_428' title='bbox 2613 969 2912 1037; x_wconf 88' lang='lat' dir='ltr'><strong>quomodo,</strong></span> <span class='ocrx_word' id='word_1_429' title='bbox 2939 970 3033 1040; x_wconf 89' lang='lat' dir='ltr'><strong>qui</strong></span> <span class='ocrx_word' id='word_1_430' title='bbox 3059 969 3196 1026; x_wconf 86' lang='lat' dir='ltr'><strong>vidit</strong></span> <span class='ocrx_word' id='word_1_431' title='bbox 3222 969 3420 1026; x_wconf 85' lang='lat' dir='ltr'><strong>Filium</strong></span> 
     </span>
    </p>
   </div>
   <div class='ocr_carea' id='block_1_55' title="bbox 1841 1055 3422 1130">
    <p class='ocr_par' dir='ltr' id='par_1_55' title="bbox 1841 1055 3422 1130">
     <span class='ocr_line' id='line_1_55' title="bbox 1841 1055 3422 1130; baseline 0.005 -21"><span class='ocrx_word' id='word_1_432' title='bbox 1841 1055 1979 1110; x_wconf 89' lang='lat' dir='ltr'><strong>vidit</strong></span> <span class='ocrx_word' id='word_1_433' title='bbox 2009 1065 2064 1110; x_wconf 90' lang='lat' dir='ltr'><strong>et</strong></span> <span class='ocrx_word' id='word_1_434' title='bbox 2101 1055 2316 1110; x_wconf 84' lang='lat' dir='ltr'><strong>Patrem</strong></span> <span class='ocrx_word' id='word_1_435' title='bbox 2342 1074 2357 1123; x_wconf 93' lang='lat'><strong>;</strong></span> <span class='ocrx_word' id='word_1_436' title='bbox 2387 1057 2433 1111; x_wconf 91' lang='lat' dir='ltr'><strong>si</strong></span> <span class='ocrx_word' id='word_1_437' title='bbox 2459 1057 2539 1112; x_wconf 92' lang='lat' dir='ltr'><strong>sic</strong></span> <span class='ocrx_word' id='word_1_438' title='bbox 2560 1058 2983 1129; x_wconf 83' lang='lat' dir='ltr'><strong>interrogentur,</strong></span> <span class='ocrx_word' id='word_1_439' title='bbox 3015 1061 3422 1130; x_wconf 89' lang='lat' dir='ltr'><strong>respondebunt</strong></span> 
     </span>
    </p>
   </div>
   <div class='ocr_carea' id='block_1_56' title="bbox 1845 1146 3578 1224">
    <p class='ocr_par' dir='ltr' id='par_1_56' title="bbox 1845 1146 3578 1224">
     <span class='ocr_line' id='line_1_56' title="bbox 1845 1146 3578 1224; baseline 0.005 -22"><span class='ocrx_word' id='word_1_440' title='bbox 1845 1163 1996 1212; x_wconf 89' lang='lat' dir='ltr'><strong>sane,</strong></span> <span class='ocrx_word' id='word_1_441' title='bbox 2027 1146 2108 1201; x_wconf 88' lang='lat' dir='ltr'><strong>Ob</strong></span> <span class='ocrx_word' id='word_1_442' title='bbox 2143 1148 2555 1204; x_wconf 88' lang='lat' dir='ltr'><strong>similitudinem</strong></span> <span class='ocrx_word' id='word_1_443' title='bbox 2585 1168 2598 1204; x_wconf 88' lang='lat'><strong>:</strong></span> <span class='ocrx_word' id='word_1_444' title='bbox 2633 1151 2740 1206; x_wconf 91' lang='lat' dir='ltr'><strong>nisi</strong></span> <span class='ocrx_word' id='word_1_445' title='bbox 2789 1168 2913 1207; x_wconf 88' lang='lat' dir='ltr'><strong>cum</strong></span> <span class='ocrx_word' id='word_1_446' title='bbox 2963 1152 3032 1208; x_wconf 90' lang='lat' dir='ltr'><strong>iis</strong></span> <span class='ocrx_word' id='word_1_447' title='bbox 3058 1154 3282 1224; x_wconf 85' lang='lat' dir='ltr'><strong>collapsi</strong></span> <span class='ocrx_word' id='word_1_448' title='bbox 3313 1155 3578 1224; x_wconf 33' lang='lat' dir='ltr'><strong>sint,</strong></span> 
     </span>
    </p>
   </div>
   <div class='ocr_carea' id='block_1_57' title="bbox 1844 1236 3590 1322">
    <p class='ocr_par' dir='ltr' id='par_1_57' title="bbox 1844 1236 3590 1322">
     <span class='ocr_line' id='line_1_57' title="bbox 1844 1236 3590 1322; baseline 0.003 -32"><span class='ocrx_word' id='word_1_449' title='bbox 1844 1238 1939 1307; x_wconf 87' lang='lat' dir='ltr'><strong>qui</strong></span> <span class='ocrx_word' id='word_1_450' title='bbox 1970 1236 2184 1291; x_wconf 80' lang='lat' dir='ltr'><strong>allinem</strong></span> <span class='ocrx_word' id='word_1_451' title='bbox 2243 1254 2358 1293; x_wconf 69' lang='lat' dir='ltr'><strong>sua:</strong></span> <span class='ocrx_word' id='word_1_452' title='bbox 2409 1241 2737 1295; x_wconf 51' lang='lat' dir='ltr'><strong>sententiam</strong></span> <span class='ocrx_word' id='word_1_453' title='bbox 2775 1250 3017 1308; x_wconf 89' lang='lat' dir='ltr'><strong>tuentur,</strong></span> <span class='ocrx_word' id='word_1_454' title='bbox 3056 1253 3111 1298; x_wconf 90' lang='lat' dir='ltr'><strong>et</strong></span> <span class='ocrx_word' id='word_1_455' title='bbox 3158 1236 3590 1322; x_wconf 62' lang='lat' dir='ltr'><strong>vocantuth</strong></span> 
     </span>
    </p>
   </div>
   <div class='ocr_carea' id='block_1_58' title="bbox 3158 1263 3588 1308">
    <p class='ocr_par' dir='ltr' id='par_1_58' title="bbox 3158 1263 3588 1308">
     <span class='ocr_line' id='line_1_58' title="bbox 3158 1263 3588 1308; baseline 0.005 -9"><span class='ocrx_word' id='word_1_456' title='bbox 3158 1263 3588 1308; x_wconf 48' lang='lat' dir='ltr'><strong>vocantur”</strong></span> 
     </span>
    </p>
   </div>
   <div class='ocr_carea' id='block_1_59' title="bbox 1843 1329 3425 1404">
    <p class='ocr_par' dir='ltr' id='par_1_59' title="bbox 1843 1329 3425 1404">
     <span class='ocr_line' id='line_1_59' title="bbox 1843 1329 3425 1404; baseline 0.006 -22"><span class='ocrx_word' id='word_1_457' title='bbox 1843 1329 2114 1386; x_wconf 76' lang='lat' dir='ltr'><strong>Anomtei.</strong></span> <span class='ocrx_word' id='word_1_458' title='bbox 2150 1329 2256 1386; x_wconf 90' lang='lat' dir='ltr'><strong>Sed</strong></span> <span class='ocrx_word' id='word_1_459' title='bbox 2291 1332 2337 1386; x_wconf 87' lang='lat' dir='ltr'><strong>si</strong></span> <span class='ocrx_word' id='word_1_460' title='bbox 2377 1348 2597 1388; x_wconf 87' lang='lat' dir='ltr'><strong>rursum</strong></span> <span class='ocrx_word' id='word_1_461' title='bbox 2628 1333 2926 1398; x_wconf 89' lang='lat' dir='ltr'><strong>sciscitere,</strong></span> <span class='ocrx_word' id='word_1_462' title='bbox 2958 1349 3066 1404; x_wconf 87' lang='lat' dir='ltr'><strong>qua</strong></span> <span class='ocrx_word' id='word_1_463' title='bbox 3096 1336 3305 1403; x_wconf 77' lang='lat' dir='ltr'><strong>ratione</strong></span> <span class='ocrx_word' id='word_1_464' title='bbox 3347 1335 3425 1392; x_wconf 81' lang='lat' dir='ltr'><strong>si-</strong></span> 
     </span>
    </p>
   </div>
   <div class='ocr_carea' id='block_1_60' title="bbox 1845 1421 3448 1497">
    <p class='ocr_par' dir='ltr' id='par_1_60' title="bbox 1845 1421 3448 1497">
     <span class='ocr_line' id='line_1_60' title="bbox 1845 1421 3448 1497; baseline 0.006 -23"><span class='ocrx_word' id='word_1_465' title='bbox 1845 1421 2038 1476; x_wconf 83' lang='lat' dir='ltr'><strong>milis?</strong></span> <span class='ocrx_word' id='word_1_466' title='bbox 2072 1423 2335 1480; x_wconf 89' lang='lat' dir='ltr'><strong>audacius</strong></span> <span class='ocrx_word' id='word_1_467' title='bbox 2371 1424 2592 1480; x_wconf 87' lang='lat' dir='ltr'><strong>dicent:</strong></span> <span class='ocrx_word' id='word_1_468' title='bbox 2644 1423 2858 1480; x_wconf 82' lang='lat' dir='ltr'><strong>Virtute</strong></span> <span class='ocrx_word' id='word_1_469' title='bbox 2906 1426 3144 1497; x_wconf 82' lang='lat' dir='ltr'><strong>perfecta</strong></span> <span class='ocrx_word' id='word_1_470' title='bbox 3193 1435 3247 1482; x_wconf 87' lang='lat' dir='ltr'><strong>et</strong></span> <span class='ocrx_word' id='word_1_471' title='bbox 3293 1443 3448 1484; x_wconf 83' lang='lat' dir='ltr'><strong>con--</strong></span> 
     </span>
    </p>
   </div>
   <div class='ocr_carea' id='block_1_61' title="bbox 1845 1515 3448 1590">
    <p class='ocr_par' dir='ltr' id='par_1_61' title="bbox 1845 1515 3448 1590">
     <span class='ocr_line' id='line_1_61' title="bbox 1845 1515 3448 1590; baseline 0.005 -22"><span class='ocrx_word' id='word_1_472' title='bbox 1845 1529 2033 1583; x_wconf 89' lang='lat' dir='ltr'><strong>sensu,</strong></span> <span class='ocrx_word' id='word_1_473' title='bbox 2057 1515 2205 1585; x_wconf 91' lang='lat' dir='ltr'><strong>quod</strong></span> <span class='ocrx_word' id='word_1_474' title='bbox 2228 1516 2464 1586; x_wconf 87' lang='lat' dir='ltr'><strong>idipsum</strong></span> <span class='ocrx_word' id='word_1_475' title='bbox 2492 1517 2623 1573; x_wconf 84' lang='lat' dir='ltr'><strong>velit</strong></span> <span class='ocrx_word' id='word_1_476' title='bbox 2647 1520 2793 1588; x_wconf 88' lang='lat' dir='ltr'><strong>quod</strong></span> <span class='ocrx_word' id='word_1_477' title='bbox 2821 1518 3008 1584; x_wconf 90' lang='lat' dir='ltr'><strong>Pater,</strong></span> <span class='ocrx_word' id='word_1_478' title='bbox 3035 1528 3089 1574; x_wconf 90' lang='lat' dir='ltr'><strong>et</strong></span> <span class='ocrx_word' id='word_1_479' title='bbox 3113 1520 3258 1590; x_wconf 93' lang='lat' dir='ltr'><strong>quod</strong></span> <span class='ocrx_word' id='word_1_480' title='bbox 3286 1519 3448 1576; x_wconf 53' lang='lat' dir='ltr'><strong>nihil!</strong></span> 
     </span>
    </p>
   </div>
   <div class='ocr_carea' id='block_1_62' title="bbox 1844 1604 3429 1681">
    <p class='ocr_par' dir='ltr' id='par_1_62' title="bbox 1844 1604 3429 1681">
     <span class='ocr_line' id='line_1_62' title="bbox 1844 1604 3429 1681; baseline 0.006 -24"><span class='ocrx_word' id='word_1_481' title='bbox 1844 1604 1994 1669; x_wconf 85' lang='lat' dir='ltr'><strong>velit,</strong></span> <span class='ocrx_word' id='word_1_482' title='bbox 2029 1605 2135 1661; x_wconf 90' lang='lat' dir='ltr'><strong>nisi</strong></span> <span class='ocrx_word' id='word_1_483' title='bbox 2170 1608 2314 1676; x_wconf 92' lang='lat' dir='ltr'><strong>quod</strong></span> <span class='ocrx_word' id='word_1_484' title='bbox 2347 1606 2528 1664; x_wconf 89' lang='lat' dir='ltr'><strong>Pater.</strong></span> <span class='ocrx_word' id='word_1_485' title='bbox 2562 1606 2670 1664; x_wconf 88' lang='lat' dir='ltr'><strong>Sed</strong></span> <span class='ocrx_word' id='word_1_486' title='bbox 2700 1609 2912 1664; x_wconf 89' lang='lat' dir='ltr'><strong>discant</strong></span> <span class='ocrx_word' id='word_1_487' title='bbox 2938 1625 3063 1666; x_wconf 91' lang='lat' dir='ltr'><strong>eum</strong></span> <span class='ocrx_word' id='word_1_488' title='bbox 3095 1612 3187 1681; x_wconf 93' lang='lat' dir='ltr'><strong>qui</strong></span> <span class='ocrx_word' id='word_1_489' title='bbox 3218 1625 3288 1667; x_wconf 81' lang='lat' dir='ltr'><strong>ex</strong></span> <span class='ocrx_word' id='word_1_490' title='bbox 3314 1611 3429 1666; x_wconf 85' lang='lat' dir='ltr'><strong>vir-</strong></span> 
     </span>
    </p>
   </div>
   <div class='ocr_carea' id='block_1_63' title="bbox 1847 1699 3427 1768">
    <p class='ocr_par' dir='ltr' id='par_1_63' title="bbox 1847 1699 3427 1768">
     <span class='ocr_line' id='line_1_63' title="bbox 1847 1699 3427 1768; baseline 0.004 -16"><span class='ocrx_word' id='word_1_491' title='bbox 1847 1706 1962 1752; x_wconf 89' lang='lat' dir='ltr'><strong>tute</strong></span> <span class='ocrx_word' id='word_1_492' title='bbox 1993 1706 2046 1753; x_wconf 88' lang='lat' dir='ltr'><strong>et</strong></span> <span class='ocrx_word' id='word_1_493' title='bbox 2070 1699 2359 1766; x_wconf 87' lang='lat' dir='ltr'><strong>voluntate</strong></span> <span class='ocrx_word' id='word_1_494' title='bbox 2402 1699 2516 1756; x_wconf 90' lang='lat' dir='ltr'><strong>Deo</strong></span> <span class='ocrx_word' id='word_1_495' title='bbox 2553 1701 2749 1758; x_wconf 89' lang='lat' dir='ltr'><strong>similis</strong></span> <span class='ocrx_word' id='word_1_496' title='bbox 2793 1703 2886 1768; x_wconf 90' lang='lat' dir='ltr'><strong>sit,</strong></span> <span class='ocrx_word' id='word_1_497' title='bbox 2925 1703 3173 1758; x_wconf 87' lang='lat' dir='ltr'><strong>mutandi</strong></span> <span class='ocrx_word' id='word_1_498' title='bbox 3220 1705 3307 1760; x_wconf 90' lang='lat' dir='ltr'><strong>sui</strong></span> <span class='ocrx_word' id='word_1_499' title='bbox 3336 1720 3427 1759; x_wconf 88' lang='lat' dir='ltr'><strong>ar-</strong></span> 
     </span>
    </p>
   </div>
   <div class='ocr_carea' id='block_1_64' title="bbox 1032 1773 1759 1866">
    <p class='ocr_par' dir='ltr' id='par_1_64' title="bbox 1032 1773 1744 1850">
     <span class='ocr_line' id='line_1_64' title="bbox 1032 1773 1744 1850; baseline 0.01 -24"><span class='ocrx_word' id='word_1_500' title='bbox 1032 1773 1133 1844; x_wconf 79' lang='grc' dir='ltr'>τῆς</span> <span class='ocrx_word' id='word_1_501' title='bbox 1161 1775 1362 1829; x_wconf 74' lang='grc' dir='ltr'>καὶτοῦ</span> <span class='ocrx_word' id='word_1_502' title='bbox 1392 1776 1565 1831; x_wconf 86' lang='grc' dir='ltr'>θέλειν</span> <span class='ocrx_word' id='word_1_503' title='bbox 1593 1779 1744 1850; x_wconf 88' lang='grc' dir='ltr'>ὁμοι-</span> 
     </span>
    </p>
   </div>
   <div class='ocr_carea' id='block_1_65' title="bbox 1859 1773 3422 1866">
    <p class='ocr_par' dir='ltr' id='par_1_65' title="bbox 1859 1790 3422 1866">
     <span class='ocr_line' id='line_1_65' title="bbox 1859 1790 3422 1866; baseline 0.006 -23"><span class='ocrx_word' id='word_1_504' title='bbox 1859 1790 2066 1844; x_wconf 69' lang='lat' dir='ltr'><strong>aitrium</strong></span> <span class='ocrx_word' id='word_1_505' title='bbox 2098 1790 2300 1846; x_wconf 89' lang='lat' dir='ltr'><strong>habere</strong></span> <span class='ocrx_word' id='word_1_506' title='bbox 2326 1809 2340 1846; x_wconf 93' lang='lat'><strong>:</strong></span> <span class='ocrx_word' id='word_1_507' title='bbox 2370 1793 2520 1862; x_wconf 86' lang='lat' dir='ltr'><strong>atqui</strong></span> <span class='ocrx_word' id='word_1_508' title='bbox 2543 1792 2783 1850; x_wconf 79' lang='lat' dir='ltr'><strong>Verbum</strong></span> <span class='ocrx_word' id='word_1_509' title='bbox 2813 1810 3160 1866; x_wconf 86' lang='lat' dir='ltr'><strong>nequaquam</strong></span> <span class='ocrx_word' id='word_1_510' title='bbox 3189 1804 3274 1852; x_wconf 90' lang='lat' dir='ltr'><strong>est</strong></span> <span class='ocrx_word' id='word_1_511' title='bbox 3293 1798 3422 1863; x_wconf 85' lang='lat' dir='ltr'><strong>tale,</strong></span> 
     </span>
    </p>
   </div>
   <div class='ocr_carea' id='block_1_66' title="bbox 1847 1882 3423 1955">
    <p class='ocr_par' dir='ltr' id='par_1_66' title="bbox 1847 1882 3423 1955">
     <span class='ocr_line' id='line_1_66' title="bbox 1847 1882 3423 1955; baseline 0.005 -19"><span class='ocrx_word' id='word_1_512' title='bbox 1847 1882 1952 1938; x_wconf 89' lang='lat' dir='ltr'><strong>nisi</strong></span> <span class='ocrx_word' id='word_1_513' title='bbox 1987 1883 2127 1939; x_wconf 80' lang='lat' dir='ltr'><strong>forte</strong></span> <span class='ocrx_word' id='word_1_514' title='bbox 2149 1899 2215 1939; x_wconf 83' lang='lat' dir='ltr'><strong>ex</strong></span> <span class='ocrx_word' id='word_1_515' title='bbox 2249 1886 2431 1955; x_wconf 91' lang='lat' dir='ltr'><strong>aliqua</strong></span> <span class='ocrx_word' id='word_1_516' title='bbox 2478 1896 2636 1955; x_wconf 91' lang='lat' dir='ltr'><strong>parte</strong></span> <span class='ocrx_word' id='word_1_517' title='bbox 2670 1896 2724 1942; x_wconf 91' lang='lat' dir='ltr'><strong>et</strong></span> <span class='ocrx_word' id='word_1_518' title='bbox 2775 1896 2968 1943; x_wconf 91' lang='lat' dir='ltr'><strong>nostro</strong></span> <span class='ocrx_word' id='word_1_519' title='bbox 2999 1903 3169 1953; x_wconf 88' lang='lat' dir='ltr'><strong>more,</strong></span> <span class='ocrx_word' id='word_1_520' title='bbox 3219 1887 3423 1944; x_wconf 87' lang='lat' dir='ltr'><strong>nedum</strong></span> 
     </span>
    </p>
   </div>
   <div class='ocr_carea' id='block_1_67' title="bbox 1847 1975 3432 2050">
    <p class='ocr_par' dir='ltr' id='par_1_67' title="bbox 1847 1975 3432 2050">
     <span class='ocr_line' id='line_1_67' title="bbox 1847 1975 3432 2050; baseline 0.007 -24"><span class='ocrx_word' id='word_1_521' title='bbox 1847 1975 2148 2028; x_wconf 88' lang='lat' dir='ltr'><strong>secundum</strong></span> <span class='ocrx_word' id='word_1_522' title='bbox 2174 1975 2534 2031; x_wconf 87' lang='lat' dir='ltr'><strong>substantiam</strong></span> <span class='ocrx_word' id='word_1_523' title='bbox 2555 1978 2734 2033; x_wconf 81' lang='lat' dir='ltr'><strong>simile</strong></span> <span class='ocrx_word' id='word_1_524' title='bbox 2755 1979 2846 2034; x_wconf 92' lang='lat' dir='ltr'><strong>sit.</strong></span> <span class='ocrx_word' id='word_1_525' title='bbox 2879 1979 2939 2033; x_wconf 90' lang='lat' dir='ltr'><strong>ld</strong></span> <span class='ocrx_word' id='word_1_526' title='bbox 2967 1981 3115 2034; x_wconf 89' lang='lat' dir='ltr'><strong>enim</strong></span> <span class='ocrx_word' id='word_1_527' title='bbox 3139 1981 3432 2050; x_wconf 86' lang='lat' dir='ltr'><strong>proprium</strong></span> 
     </span>
    </p>
   </div>
   <div class='ocr_carea' id='block_1_68' title="bbox 1847 2066 3432 2142">
    <p class='ocr_par' dir='ltr' id='par_1_68' title="bbox 1847 2066 3432 2142">
     <span class='ocr_line' id='line_1_68' title="bbox 1847 2066 3432 2142; baseline 0.006 -22"><span class='ocrx_word' id='word_1_528' title='bbox 1847 2067 2010 2122; x_wconf 88' lang='lat' dir='ltr'><strong>nobis</strong></span> <span class='ocrx_word' id='word_1_529' title='bbox 2046 2077 2131 2122; x_wconf 89' lang='lat' dir='ltr'><strong>est</strong></span> <span class='ocrx_word' id='word_1_530' title='bbox 2162 2068 2258 2137; x_wconf 91' lang='lat' dir='ltr'><strong>qui</strong></span> <span class='ocrx_word' id='word_1_531' title='bbox 2290 2066 2440 2132; x_wconf 81' lang='lat' dir='ltr'><strong>facti,</strong></span> <span class='ocrx_word' id='word_1_532' title='bbox 2469 2079 2522 2124; x_wconf 90' lang='lat' dir='ltr'><strong>et</strong></span> <span class='ocrx_word' id='word_1_533' title='bbox 2546 2079 2742 2124; x_wconf 90' lang='lat' dir='ltr'><strong>natura</strong></span> <span class='ocrx_word' id='word_1_534' title='bbox 2764 2080 2948 2126; x_wconf 85' lang='lat' dir='ltr'><strong>creata</strong></span> <span class='ocrx_word' id='word_1_535' title='bbox 2970 2073 3183 2142; x_wconf 84' lang='lat' dir='ltr'><strong>praediti</strong></span> <span class='ocrx_word' id='word_1_536' title='bbox 3212 2088 3432 2130; x_wconf 75' lang='lat' dir='ltr'><strong>sumus.</strong></span> 
     </span>
    </p>
   </div>
   <div class='ocr_carea' id='block_1_69' title="bbox 1849 2159 3429 2226">
    <p class='ocr_par' dir='ltr' id='par_1_69' title="bbox 1849 2159 3429 2226">
     <span class='ocr_line' id='line_1_69' title="bbox 1849 2159 3429 2226; baseline 0.004 -12"><span class='ocrx_word' id='word_1_537' title='bbox 1849 2159 2060 2214; x_wconf 86' lang='lat' dir='ltr'><strong>Etenim</strong></span> <span class='ocrx_word' id='word_1_538' title='bbox 2093 2174 2217 2226; x_wconf 87' lang='lat' dir='ltr'><strong>nos,</strong></span> <span class='ocrx_word' id='word_1_539' title='bbox 2249 2159 2377 2215; x_wconf 90' lang='lat' dir='ltr'><strong>licet</strong></span> <span class='ocrx_word' id='word_1_540' title='bbox 2404 2161 2706 2216; x_wconf 89' lang='lat' dir='ltr'><strong>secundum</strong></span> <span class='ocrx_word' id='word_1_541' title='bbox 2737 2162 3100 2218; x_wconf 87' lang='lat' dir='ltr'><strong>substantiam</strong></span> <span class='ocrx_word' id='word_1_542' title='bbox 3130 2162 3242 2219; x_wconf 92' lang='lat' dir='ltr'><strong>Deo</strong></span> <span class='ocrx_word' id='word_1_543' title='bbox 3271 2165 3429 2220; x_wconf 84' lang='lat' dir='ltr'><strong>simi-</strong></span> 
     </span>
    </p>
   </div>
   <div class='ocr_carea' id='block_1_70' title="bbox 1848 2250 3427 2326">
    <p class='ocr_par' dir='ltr' id='par_1_70' title="bbox 1848 2250 3427 2326">
     <span class='ocr_line' id='line_1_70' title="bbox 1848 2250 3427 2326; baseline 0.007 -22"><span class='ocrx_word' id='word_1_544' title='bbox 1848 2250 1928 2305; x_wconf 92' lang='lat' dir='ltr'><strong>les</strong></span> <span class='ocrx_word' id='word_1_545' title='bbox 1956 2265 2078 2306; x_wconf 85' lang='lat' dir='ltr'><strong>esse</strong></span> <span class='ocrx_word' id='word_1_546' title='bbox 2106 2266 2466 2320; x_wconf 78' lang='lat' dir='ltr'><strong>nequeamus,</strong></span> <span class='ocrx_word' id='word_1_547' title='bbox 2499 2260 2680 2308; x_wconf 88' lang='lat' dir='ltr'><strong>tamen</strong></span> <span class='ocrx_word' id='word_1_548' title='bbox 2716 2254 2771 2308; x_wconf 91' lang='lat' dir='ltr'><strong>in</strong></span> <span class='ocrx_word' id='word_1_549' title='bbox 2806 2254 3008 2310; x_wconf 89' lang='lat' dir='ltr'><strong>virtute</strong></span> <span class='ocrx_word' id='word_1_550' title='bbox 3058 2255 3427 2326; x_wconf 75' lang='lat' dir='ltr'><strong>proﬁcientes,</strong></span> 
     </span>
    </p>
   </div>
   <div class='ocr_carea' id='block_1_71' title="bbox 1849 2341 3428 2420">
    <p class='ocr_par' dir='ltr' id='par_1_71' title="bbox 1849 2341 3428 2420">
     <span class='ocr_line' id='line_1_71' title="bbox 1849 2341 3428 2420; baseline 0.005 -24"><span class='ocrx_word' id='word_1_551' title='bbox 1849 2341 2021 2398; x_wconf 88' lang='lat' dir='ltr'><strong>Deum</strong></span> <span class='ocrx_word' id='word_1_552' title='bbox 2076 2343 2380 2411; x_wconf 89' lang='lat' dir='ltr'><strong>imitamur,</strong></span> <span class='ocrx_word' id='word_1_553' title='bbox 2437 2345 2542 2400; x_wconf 91' lang='lat' dir='ltr'><strong>hoc</strong></span> <span class='ocrx_word' id='word_1_554' title='bbox 2585 2346 2826 2402; x_wconf 88' lang='lat' dir='ltr'><strong>donante</strong></span> <span class='ocrx_word' id='word_1_555' title='bbox 2877 2347 3132 2416; x_wconf 89' lang='lat' dir='ltr'><strong>Domino,</strong></span> <span class='ocrx_word' id='word_1_556' title='bbox 3165 2350 3260 2420; x_wconf 89' lang='lat' dir='ltr'><strong>qui</strong></span> <span class='ocrx_word' id='word_1_557' title='bbox 3312 2351 3428 2405; x_wconf 90' lang='lat' dir='ltr'><strong>ait:</strong></span> 
     </span>
    </p>
   </div>
   <div class='ocr_carea' id='block_1_72' title="bbox 1851 2432 3430 2502">
    <p class='ocr_par' dir='ltr' id='par_1_72' title="bbox 1851 2432 3430 2502">
     <span class='ocr_line' id='line_1_72' title="bbox 1851 2432 3430 2502; baseline 0.006 -16"><span class='ocrx_word' id='word_1_558' title='bbox 1851 2432 2038 2487; x_wconf 86' lang='lat' dir='ltr'><strong>Estote</strong></span> <span class='ocrx_word' id='word_1_559' title='bbox 2082 2435 2470 2502; x_wconf 82' lang='lat' dir='ltr'><strong>misericordes,</strong></span> <span class='ocrx_word' id='word_1_560' title='bbox 2519 2437 2657 2491; x_wconf 84' lang='lat' dir='ltr'><strong>sicut</strong></span> <span class='ocrx_word' id='word_1_561' title='bbox 2703 2437 2869 2494; x_wconf 87' lang='lat' dir='ltr'><strong>Pater</strong></span> <span class='ocrx_word' id='word_1_562' title='bbox 2920 2449 3087 2495; x_wconf 81' lang='lat' dir='ltr'><strong>vester</strong></span> <span class='ocrx_word' id='word_1_563' title='bbox 3128 2441 3430 2496; x_wconf 79' lang='lat' dir='ltr'><strong>misericors</strong></span> 
     </span>
    </p>
   </div>
   <div class='ocr_carea' id='block_1_73' title="bbox 1849 2522 3433 2601">
    <p class='ocr_par' dir='ltr' id='par_1_73' title="bbox 1849 2522 3433 2601">
     <span class='ocr_line' id='line_1_73' title="bbox 1849 2522 3433 2601; baseline 0.006 -23"><span class='ocrx_word' id='word_1_564' title='bbox 1849 2532 1925 2578; x_wconf 87' lang='lat' dir='ltr'><strong>est</strong></span> <span class='ocrx_word' id='word_1_565' title='bbox 1946 2522 2014 2575; x_wconf 83' lang='grc'><strong>³⁹.</strong></span> <span class='ocrx_word' id='word_1_566' title='bbox 2037 2523 2484 2597; x_wconf 65' lang='grc' dir='ltr'>ΕειοιερενῙαϋ,</span> <span class='ocrx_word' id='word_1_567' title='bbox 2508 2529 2642 2583; x_wconf 82' lang='lat' dir='ltr'><strong>sicut</strong></span> <span class='ocrx_word' id='word_1_568' title='bbox 2683 2529 2844 2585; x_wconf 85' lang='lat' dir='ltr'><strong>Pater</strong></span> <span class='ocrx_word' id='word_1_569' title='bbox 2865 2541 3028 2586; x_wconf 79' lang='lat' dir='ltr'><strong>vester</strong></span> <span class='ocrx_word' id='word_1_570' title='bbox 3053 2531 3274 2587; x_wconf 69' lang='lat' dir='ltr'><strong>calestis</strong></span> <span class='ocrx_word' id='word_1_571' title='bbox 3310 2549 3433 2601; x_wconf 81' lang='lat' dir='ltr'><strong>per-</strong></span> 
     </span>
    </p>
   </div>
   <div class='ocr_carea' id='block_1_74' title="bbox 1852 2614 3432 2690">
    <p class='ocr_par' dir='ltr' id='par_1_74' title="bbox 1852 2614 3432 2690">
     <span class='ocr_line' id='line_1_74' title="bbox 1852 2614 3432 2690; baseline 0.009 -23"><span class='ocrx_word' id='word_1_572' title='bbox 1852 2614 2014 2684; x_wconf 76' lang='lat' dir='ltr'><strong>lectus</strong></span> <span class='ocrx_word' id='word_1_573' title='bbox 2036 2615 2203 2670; x_wconf 64' lang='lat' dir='ltr'><strong>est“:</strong></span> <span class='ocrx_word' id='word_1_574' title='bbox 2245 2615 2473 2687; x_wconf 85' lang='lat' dir='ltr'><strong>Opiﬁcia</strong></span> <span class='ocrx_word' id='word_1_575' title='bbox 2506 2631 2686 2675; x_wconf 88' lang='lat' dir='ltr'><strong>autem</strong></span> <span class='ocrx_word' id='word_1_576' title='bbox 2741 2623 3024 2677; x_wconf 89' lang='lat' dir='ltr'><strong>mutabilia</strong></span> <span class='ocrx_word' id='word_1_577' title='bbox 3075 2638 3217 2690; x_wconf 91' lang='lat' dir='ltr'><strong>esse,</strong></span> <span class='ocrx_word' id='word_1_578' title='bbox 3269 2640 3432 2682; x_wconf 89' lang='lat' dir='ltr'><strong>nemo</strong></span> 
     </span>
    </p>
   </div>
   <div class='ocr_carea' id='block_1_75' title="bbox 1850 2708 3432 2782">
    <p class='ocr_par' dir='ltr' id='par_1_75' title="bbox 1850 2708 3432 2782">
     <span class='ocr_line' id='line_1_75' title="bbox 1850 2708 3432 2782; baseline 0.006 -20"><span class='ocrx_word' id='word_1_579' title='bbox 1850 2708 2123 2778; x_wconf 53' lang='lat' dir='ltr'><strong>negarit;</strong></span> <span class='ocrx_word' id='word_1_580' title='bbox 2149 2723 2275 2763; x_wconf 91' lang='lat' dir='ltr'><strong>cum</strong></span> <span class='ocrx_word' id='word_1_581' title='bbox 2308 2719 2364 2764; x_wconf 89' lang='lat' dir='ltr'><strong>et</strong></span> <span class='ocrx_word' id='word_1_582' title='bbox 2413 2711 2589 2782; x_wconf 84' lang='lat' dir='ltr'><strong>angeli</strong></span> <span class='ocrx_word' id='word_1_583' title='bbox 2622 2714 2960 2782; x_wconf 81' lang='lat' dir='ltr'><strong>praevaricati</strong></span> <span class='ocrx_word' id='word_1_584' title='bbox 2994 2715 3124 2778; x_wconf 88' lang='lat' dir='ltr'><strong>sint,</strong></span> <span class='ocrx_word' id='word_1_585' title='bbox 3164 2725 3219 2770; x_wconf 91' lang='lat' dir='ltr'><strong>et</strong></span> <span class='ocrx_word' id='word_1_586' title='bbox 3257 2716 3432 2772; x_wconf 87' lang='lat' dir='ltr'><strong>Adam</strong></span> 
     </span>
    </p>
   </div>
   <div class='ocr_carea' id='block_1_76' title="bbox 1852 2800 3436 2876">
    <p class='ocr_par' dir='ltr' id='par_1_76' title="bbox 1852 2800 3436 2876">
     <span class='ocr_line' id='line_1_76' title="bbox 1852 2800 3436 2876; baseline 0.006 -22"><span class='ocrx_word' id='word_1_587' title='bbox 1852 2814 1963 2854; x_wconf 89' lang='lat' dir='ltr'><strong>non</strong></span> <span class='ocrx_word' id='word_1_588' title='bbox 1988 2800 2277 2866; x_wconf 87' lang='lat' dir='ltr'><strong>obedierit,</strong></span> <span class='ocrx_word' id='word_1_589' title='bbox 2313 2811 2368 2856; x_wconf 86' lang='lat' dir='ltr'><strong>et</strong></span> <span class='ocrx_word' id='word_1_590' title='bbox 2400 2816 2588 2858; x_wconf 89' lang='lat' dir='ltr'><strong>omnes</strong></span> <span class='ocrx_word' id='word_1_591' title='bbox 2617 2814 2814 2874; x_wconf 80' lang='lat' dir='ltr'><strong>egeant</strong></span> <span class='ocrx_word' id='word_1_592' title='bbox 2838 2807 3014 2876; x_wconf 80' lang='lat' dir='ltr'><strong>gratia</strong></span> <span class='ocrx_word' id='word_1_593' title='bbox 3045 2805 3230 2863; x_wconf 78' lang='lat' dir='ltr'><strong>Verbi.</strong></span> <span class='ocrx_word' id='word_1_594' title='bbox 3263 2807 3436 2864; x_wconf 86' lang='lat' dir='ltr'><strong>Muta-</strong></span> 
     </span>
    </p>
   </div>
   <div class='ocr_carea' id='block_1_77' title="bbox 1853 2890 3432 2970">
    <p class='ocr_par' dir='ltr' id='par_1_77' title="bbox 1853 2890 3432 2970">
     <span class='ocr_line' id='line_1_77' title="bbox 1853 2890 3432 2970; baseline 0.006 -25"><span class='ocrx_word' id='word_1_595' title='bbox 1853 2890 1963 2946; x_wconf 90' lang='lat' dir='ltr'><strong>bile</strong></span> <span class='ocrx_word' id='word_1_596' title='bbox 1998 2899 2182 2946; x_wconf 89' lang='lat' dir='ltr'><strong>autem</strong></span> <span class='ocrx_word' id='word_1_597' title='bbox 2229 2893 2562 2948; x_wconf 88' lang='lat' dir='ltr'><strong>immutabili</strong></span> <span class='ocrx_word' id='word_1_598' title='bbox 2605 2894 2716 2951; x_wconf 87' lang='lat' dir='ltr'><strong>Deo</strong></span> <span class='ocrx_word' id='word_1_599' title='bbox 2767 2896 2945 2952; x_wconf 89' lang='lat' dir='ltr'><strong>simile</strong></span> <span class='ocrx_word' id='word_1_600' title='bbox 2993 2912 3116 2953; x_wconf 89' lang='lat' dir='ltr'><strong>esse</strong></span> <span class='ocrx_word' id='word_1_601' title='bbox 3149 2915 3432 2970; x_wconf 91' lang='lat' dir='ltr'><strong>nunquam</strong></span> 
     </span>
    </p>
   </div>
   <div class='ocr_carea' id='block_1_78' title="bbox 1854 2985 3434 3062">
    <p class='ocr_par' dir='ltr' id='par_1_78' title="bbox 1854 2985 3434 3062">
     <span class='ocr_line' id='line_1_78' title="bbox 1854 2985 3434 3062; baseline 0.008 -26"><span class='ocrx_word' id='word_1_602' title='bbox 1854 2985 2092 3052; x_wconf 86' lang='lat' dir='ltr'><strong>poterit:</strong></span> <span class='ocrx_word' id='word_1_603' title='bbox 2127 2996 2313 3041; x_wconf 87' lang='lat' dir='ltr'><strong>utnec</strong></span> <span class='ocrx_word' id='word_1_604' title='bbox 2347 2996 2588 3042; x_wconf 89' lang='lat' dir='ltr'><strong>creatum</strong></span> <span class='ocrx_word' id='word_1_605' title='bbox 2616 2991 2846 3045; x_wconf 89' lang='lat' dir='ltr'><strong>creanti.</strong></span> <span class='ocrx_word' id='word_1_606' title='bbox 2879 2990 3220 3062; x_wconf 84' lang='lat' dir='ltr'><strong>Quapropter</strong></span> <span class='ocrx_word' id='word_1_607' title='bbox 3246 2993 3299 3047; x_wconf 92' lang='lat' dir='ltr'><strong>in</strong></span> <span class='ocrx_word' id='word_1_608' title='bbox 3331 3009 3434 3048; x_wconf 87' lang='lat' dir='ltr'><strong>nos</strong></span> 
     </span>
    </p>
   </div>
   <div class='ocr_carea' id='block_1_79' title="bbox 1858 3061 3438 3152">
    <p class='ocr_par' dir='ltr' id='par_1_79' title="bbox 1858 3061 3438 3152">
     <span class='ocr_line' id='line_1_79' title="bbox 1858 3061 3438 3152; baseline 0.007 -27"><span class='ocrx_word' id='word_1_609' title='bbox 1858 3061 2158 3142; x_wconf 87' lang='lat' dir='ltr'><strong>respiciens</strong></span> <span class='ocrx_word' id='word_1_610' title='bbox 2203 3085 2427 3133; x_wconf 88' lang='lat' dir='ltr'><strong>sanctus</strong></span> <span class='ocrx_word' id='word_1_611' title='bbox 2467 3078 2558 3132; x_wconf 86' lang='lat' dir='ltr'><strong>ille</strong></span> <span class='ocrx_word' id='word_1_612' title='bbox 2601 3071 2857 3135; x_wconf 88' lang='lat' dir='ltr'><strong>dicebat:</strong></span> <span class='ocrx_word' id='word_1_613' title='bbox 2912 3061 3214 3152; x_wconf 71' lang='lat' dir='ltr'><strong>Deus,quis</strong></span> <span class='ocrx_word' id='word_1_614' title='bbox 3245 3082 3438 3136; x_wconf 84' lang='lat' dir='ltr'><strong>similis</strong></span> 
     </span>
    </p>
   </div>
   <div class='ocr_carea' id='block_1_80' title="bbox 1855 3166 3458 3238">
    <p class='ocr_par' dir='ltr' id='par_1_80' title="bbox 1855 3166 3458 3238">
     <span class='ocr_line' id='line_1_80' title="bbox 1855 3166 3458 3238; baseline 0.006 -20"><span class='ocrx_word' id='word_1_615' title='bbox 1855 3167 1954 3218; x_wconf 91' lang='lat' dir='ltr'><strong>erit</strong></span> <span class='ocrx_word' id='word_1_616' title='bbox 1983 3166 2136 3220; x_wconf 73' lang='lat' dir='ltr'><strong>tibi“</strong></span> <span class='ocrx_word' id='word_1_617' title='bbox 2160 3167 2184 3220; x_wconf 90' lang='lat'><strong>?</strong></span> <span class='ocrx_word' id='word_1_618' title='bbox 2216 3177 2270 3222; x_wconf 95' lang='lat' dir='ltr'><strong>et</strong></span> <span class='ocrx_word' id='word_1_619' title='bbox 2295 3187 2310 3222; x_wconf 93' lang='lat'><strong>:</strong></span> <span class='ocrx_word' id='word_1_620' title='bbox 2337 3168 2470 3234; x_wconf 86' lang='lat' dir='ltr'><strong>Quis</strong></span> <span class='ocrx_word' id='word_1_621' title='bbox 2496 3169 2687 3224; x_wconf 80' lang='lat' dir='ltr'><strong>similis</strong></span> <span class='ocrx_word' id='word_1_622' title='bbox 2725 3171 2819 3224; x_wconf 84' lang='lat' dir='ltr'><strong>tibi</strong></span> <span class='ocrx_word' id='word_1_623' title='bbox 2851 3172 2906 3225; x_wconf 89' lang='lat' dir='ltr'><strong>in</strong></span> <span class='ocrx_word' id='word_1_624' title='bbox 2949 3173 3074 3238; x_wconf 85' lang='lat' dir='ltr'><strong>diis,</strong></span> <span class='ocrx_word' id='word_1_625' title='bbox 3104 3172 3327 3227; x_wconf 86' lang='lat' dir='ltr'><strong>Domine</strong></span> <span class='ocrx_word' id='word_1_626' title='bbox 3349 3173 3391 3204; x_wconf 64' lang='grc' dir='ltr'>δ’</span> <span class='ocrx_word' id='word_1_627' title='bbox 3415 3175 3458 3228; x_wconf 74' lang='grc' dir='ltr'>τ,</span> 
     </span>
    </p>
   </div>
   <div class='ocr_carea' id='block_1_81' title="bbox 1856 3257 3442 3334">
    <p class='ocr_par' dir='ltr' id='par_1_81' title="bbox 1856 3257 3442 3334">
     <span class='ocr_line' id='line_1_81' title="bbox 1856 3257 3442 3334; baseline 0.005 -22"><span class='ocrx_word' id='word_1_628' title='bbox 1856 3257 1988 3313; x_wconf 84' lang='lat' dir='ltr'><strong>deos</strong></span> <span class='ocrx_word' id='word_1_629' title='bbox 2028 3259 2218 3321; x_wconf 86' lang='lat' dir='ltr'><strong>dicens</strong></span> <span class='ocrx_word' id='word_1_630' title='bbox 2251 3261 2372 3316; x_wconf 86' lang='lat' dir='ltr'><strong>illos</strong></span> <span class='ocrx_word' id='word_1_631' title='bbox 2415 3261 2510 3332; x_wconf 91' lang='lat' dir='ltr'><strong>qui</strong></span> <span class='ocrx_word' id='word_1_632' title='bbox 2536 3261 2705 3317; x_wconf 88' lang='lat' dir='ltr'><strong>creati</strong></span> <span class='ocrx_word' id='word_1_633' title='bbox 2739 3263 2982 3333; x_wconf 91' lang='lat' dir='ltr'><strong>quidem,</strong></span> <span class='ocrx_word' id='word_1_634' title='bbox 3017 3264 3110 3319; x_wconf 90' lang='lat' dir='ltr'><strong>sed</strong></span> <span class='ocrx_word' id='word_1_635' title='bbox 3138 3265 3442 3334; x_wconf 83' lang='lat' dir='ltr'><strong>participes</strong></span> 
     </span>
    </p>
   </div>
   <div class='ocr_carea' id='block_1_82' title="bbox 1858 3348 3437 3426">
    <p class='ocr_par' dir='ltr' id='par_1_82' title="bbox 1858 3348 3437 3426">
     <span class='ocr_line' id='line_1_82' title="bbox 1858 3348 3437 3426; baseline 0.005 -22"><span class='ocrx_word' id='word_1_636' title='bbox 1858 3348 2019 3405; x_wconf 81' lang='lat' dir='ltr'><strong>Verbi</strong></span> <span class='ocrx_word' id='word_1_637' title='bbox 2051 3361 2198 3418; x_wconf 90' lang='lat' dir='ltr'><strong>sunt,</strong></span> <span class='ocrx_word' id='word_1_638' title='bbox 2234 3356 2698 3423; x_wconf 88' lang='lat' dir='ltr'><strong>quemadmodum</strong></span> <span class='ocrx_word' id='word_1_639' title='bbox 2733 3357 2848 3426; x_wconf 90' lang='lat' dir='ltr'><strong>ipse</strong></span> <span class='ocrx_word' id='word_1_640' title='bbox 2875 3357 2988 3411; x_wconf 90' lang='lat' dir='ltr'><strong>ait:</strong></span> <span class='ocrx_word' id='word_1_641' title='bbox 3026 3356 3087 3412; x_wconf 90' lang='lat' dir='ltr'><strong>Si</strong></span> <span class='ocrx_word' id='word_1_642' title='bbox 3125 3359 3246 3412; x_wconf 84' lang='lat' dir='ltr'><strong>illos</strong></span> <span class='ocrx_word' id='word_1_643' title='bbox 3294 3359 3437 3412; x_wconf 67' lang='lat' dir='ltr'><strong>dixit</strong></span> 
     </span>
    </p>
   </div>
   <div class='ocr_carea' id='block_1_83' title="bbox 1856 3443 3433 3516">
    <p class='ocr_par' dir='ltr' id='par_1_83' title="bbox 1856 3443 3433 3516">
     <span class='ocr_line' id='line_1_83' title="bbox 1856 3443 3433 3516; baseline 0.004 -21"><span class='ocrx_word' id='word_1_644' title='bbox 1856 3443 2001 3507; x_wconf 84' lang='lat' dir='ltr'><strong>deos,</strong></span> <span class='ocrx_word' id='word_1_645' title='bbox 2027 3443 2096 3496; x_wconf 86' lang='lat' dir='ltr'><strong>ad</strong></span> <span class='ocrx_word' id='word_1_646' title='bbox 2123 3461 2251 3514; x_wconf 81' lang='lat' dir='ltr'><strong>quos</strong></span> <span class='ocrx_word' id='word_1_647' title='bbox 2289 3444 2512 3500; x_wconf 82' lang='lat' dir='ltr'><strong>Verbum</strong></span> <span class='ocrx_word' id='word_1_648' title='bbox 2551 3446 2652 3501; x_wconf 88' lang='lat' dir='ltr'><strong>Dei</strong></span> <span class='ocrx_word' id='word_1_649' title='bbox 2684 3447 2885 3516; x_wconf 77' lang='lat' dir='ltr'><strong>factum</strong></span> <span class='ocrx_word' id='word_1_650' title='bbox 2913 3456 2990 3502; x_wconf 87' lang='lat' dir='ltr'><strong>est</strong></span> <span class='ocrx_word' id='word_1_651' title='bbox 3015 3448 3080 3504; x_wconf 69' lang='grc'><strong>⁸³.</strong></span> <span class='ocrx_word' id='word_1_652' title='bbox 3114 3447 3220 3503; x_wconf 79' lang='lat' dir='ltr'><strong>Res</strong></span> <span class='ocrx_word' id='word_1_653' title='bbox 3251 3457 3433 3502; x_wconf 86' lang='lat' dir='ltr'><strong>autem</strong></span> 
     </span>
    </p>
   </div>
   <div class='ocr_carea' id='block_1_84' title="bbox 1857 3533 3437 3606">
    <p class='ocr_par' dir='ltr' id='par_1_84' title="bbox 1857 3533 3437 3606">
     <span class='ocr_line' id='line_1_84' title="bbox 1857 3533 3437 3606; baseline 0.004 -20"><span class='ocrx_word' id='word_1_654' title='bbox 1857 3547 1979 3602; x_wconf 77' lang='lat' dir='ltr'><strong>qum</strong></span> <span class='ocrx_word' id='word_1_655' title='bbox 2002 3533 2234 3604; x_wconf 86' lang='lat' dir='ltr'><strong>alicujus</strong></span> <span class='ocrx_word' id='word_1_656' title='bbox 2266 3535 2560 3606; x_wconf 89' lang='lat' dir='ltr'><strong>participes</strong></span> <span class='ocrx_word' id='word_1_657' title='bbox 2591 3545 2740 3603; x_wconf 90' lang='lat' dir='ltr'><strong>sunt,</strong></span> <span class='ocrx_word' id='word_1_658' title='bbox 2790 3553 3073 3606; x_wconf 89' lang='lat' dir='ltr'><strong>nunquam</strong></span> <span class='ocrx_word' id='word_1_659' title='bbox 3112 3539 3311 3593; x_wconf 77' lang='lat' dir='ltr'><strong>eaedem</strong></span> <span class='ocrx_word' id='word_1_660' title='bbox 3342 3548 3437 3593; x_wconf 88' lang='lat' dir='ltr'><strong>aut</strong></span> 
     </span>
    </p>
   </div>
   <div class='ocr_carea' id='block_1_85' title="bbox 1859 3625 3436 3701">
    <p class='ocr_par' dir='ltr' id='par_1_85' title="bbox 1859 3625 3436 3701">
     <span class='ocr_line' id='line_1_85' title="bbox 1859 3625 3436 3701; baseline 0.003 -19"><span class='ocrx_word' id='word_1_661' title='bbox 1859 3625 2068 3682; x_wconf 86' lang='lat' dir='ltr'><strong>similes</strong></span> <span class='ocrx_word' id='word_1_662' title='bbox 2097 3626 2147 3681; x_wconf 88' lang='lat' dir='ltr'><strong>ei</strong></span> <span class='ocrx_word' id='word_1_663' title='bbox 2194 3625 2400 3691; x_wconf 83' lang='lat' dir='ltr'><strong>fuerint</strong></span> <span class='ocrx_word' id='word_1_664' title='bbox 2427 3629 2585 3698; x_wconf 87' lang='lat' dir='ltr'><strong>cujus</strong></span> <span class='ocrx_word' id='word_1_665' title='bbox 2631 3641 2759 3684; x_wconf 85' lang='lat' dir='ltr'><strong>sunt</strong></span> <span class='ocrx_word' id='word_1_666' title='bbox 2791 3631 3104 3701; x_wconf 88' lang='lat' dir='ltr'><strong>participes.</strong></span> <span class='ocrx_word' id='word_1_667' title='bbox 3146 3630 3222 3685; x_wconf 88' lang='lat' dir='ltr'><strong>De</strong></span> <span class='ocrx_word' id='word_1_668' title='bbox 3253 3631 3436 3701; x_wconf 89' lang='lat' dir='ltr'><strong>seipso</strong></span> 
     </span>
    </p>
   </div>
   <div class='ocr_carea' id='block_1_86' title="bbox 1857 3714 3438 3789">
    <p class='ocr_par' dir='ltr' id='par_1_86' title="bbox 1857 3714 3438 3789">
     <span class='ocr_line' id='line_1_86' title="bbox 1857 3714 3438 3789; baseline 0.001 -19"><span class='ocrx_word' id='word_1_669' title='bbox 1857 3717 2023 3787; x_wconf 82' lang='lat' dir='ltr'><strong>igitur</strong></span> <span class='ocrx_word' id='word_1_670' title='bbox 2053 3715 2223 3770; x_wconf 82' lang='lat' dir='ltr'><strong>dixit:</strong></span> <span class='ocrx_word' id='word_1_671' title='bbox 2265 3714 2378 3786; x_wconf 87' lang='lat' dir='ltr'><strong>Ego</strong></span> <span class='ocrx_word' id='word_1_672' title='bbox 2410 3726 2459 3771; x_wconf 87' lang='lat' dir='ltr'><strong>et</strong></span> <span class='ocrx_word' id='word_1_673' title='bbox 2488 3717 2654 3770; x_wconf 84' lang='lat' dir='ltr'><strong>Pater</strong></span> <span class='ocrx_word' id='word_1_674' title='bbox 2678 3734 2840 3771; x_wconf 87' lang='lat' dir='ltr'><strong>unum</strong></span> <span class='ocrx_word' id='word_1_675' title='bbox 2880 3735 3085 3784; x_wconf 87' lang='lat' dir='ltr'><strong>sumus,</strong></span> <span class='ocrx_word' id='word_1_676' title='bbox 3111 3719 3257 3789; x_wconf 88' lang='lat' dir='ltr'><strong>quod</strong></span> <span class='ocrx_word' id='word_1_677' title='bbox 3289 3718 3438 3772; x_wconf 89' lang='lat' dir='ltr'><strong>scili-</strong></span> 
     </span>
    </p>
   </div>
   <div class='ocr_carea' id='block_1_87' title="bbox 1857 3809 3438 3879">
    <p class='ocr_par' dir='ltr' id='par_1_87' title="bbox 1857 3809 3438 3879">
     <span class='ocr_line' id='line_1_87' title="bbox 1857 3809 3438 3879; baseline 0 -15"><span class='ocrx_word' id='word_1_678' title='bbox 1857 3819 1942 3864; x_wconf 90' lang='lat' dir='ltr'><strong>cet</strong></span> <span class='ocrx_word' id='word_1_679' title='bbox 1986 3825 2074 3864; x_wconf 90' lang='lat' dir='ltr'><strong>res</strong></span> <span class='ocrx_word' id='word_1_680' title='bbox 2126 3809 2282 3864; x_wconf 82' lang='lat' dir='ltr'><strong>factae</strong></span> <span class='ocrx_word' id='word_1_681' title='bbox 2333 3825 2613 3879; x_wconf 90' lang='lat' dir='ltr'><strong>nunquam</strong></span> <span class='ocrx_word' id='word_1_682' title='bbox 2666 3809 2984 3877; x_wconf 72' lang='lat' dir='ltr'><strong>huiusmodi</strong></span> <span class='ocrx_word' id='word_1_683' title='bbox 3034 3811 3163 3866; x_wconf 88' lang='lat' dir='ltr'><strong>sint.</strong></span> <span class='ocrx_word' id='word_1_684' title='bbox 3218 3809 3438 3879; x_wconf 88' lang='lat' dir='ltr'><strong>Alioqui</strong></span> 
     </span>
    </p>
   </div>
   <div class='ocr_carea' id='block_1_88' title="bbox 1857 3902 3435 3974">
    <p class='ocr_par' dir='ltr' id='par_1_88' title="bbox 1857 3902 3435 3974">
     <span class='ocr_line' id='line_1_88' title="bbox 1857 3902 3435 3974; baseline -0.001 -17"><span class='ocrx_word' id='word_1_685' title='bbox 1857 3903 2222 3973; x_wconf 86' lang='lat' dir='ltr'><strong>respondeant</strong></span> <span class='ocrx_word' id='word_1_686' title='bbox 2252 3904 2347 3974; x_wconf 91' lang='lat' dir='ltr'><strong>qui</strong></span> <span class='ocrx_word' id='word_1_687' title='bbox 2374 3903 2777 3958; x_wconf 86' lang='lat' dir='ltr'><strong>Ariminensem</strong></span> <span class='ocrx_word' id='word_1_688' title='bbox 2806 3904 3109 3959; x_wconf 89' lang='lat' dir='ltr'><strong>obtendunt</strong></span> <span class='ocrx_word' id='word_1_689' title='bbox 3141 3902 3435 3974; x_wconf 88' lang='lat' dir='ltr'><strong>synodum,</strong></span> 
     </span>
    </p>
   </div>
   <div class='ocr_carea' id='block_1_89' title="bbox 1858 3995 3442 4067">
    <p class='ocr_par' dir='ltr' id='par_1_89' title="bbox 1858 3995 3442 4067">
     <span class='ocr_line' id='line_1_89' title="bbox 1858 3995 3442 4067; baseline -0.001 -17"><span class='ocrx_word' id='word_1_690' title='bbox 1858 4011 1926 4050; x_wconf 89' lang='lat' dir='ltr'><strong>an</strong></span> <span class='ocrx_word' id='word_1_691' title='bbox 1958 4008 2136 4052; x_wconf 89' lang='lat' dir='ltr'><strong>creata</strong></span> <span class='ocrx_word' id='word_1_692' title='bbox 2165 3997 2476 4052; x_wconf 88' lang='lat' dir='ltr'><strong>substantia</strong></span> <span class='ocrx_word' id='word_1_693' title='bbox 2505 3997 2690 4053; x_wconf 91' lang='lat' dir='ltr'><strong>dicere</strong></span> <span class='ocrx_word' id='word_1_694' title='bbox 2721 3997 2898 4067; x_wconf 90' lang='lat' dir='ltr'><strong>possit</strong></span> <span class='ocrx_word' id='word_1_695' title='bbox 2925 4015 2938 4052; x_wconf 91' lang='lat'><strong>:</strong></span> <span class='ocrx_word' id='word_1_696' title='bbox 2976 3997 3108 4062; x_wconf 80' lang='lat' dir='ltr'><strong>Qua:</strong></span> <span class='ocrx_word' id='word_1_697' title='bbox 3133 3996 3281 4050; x_wconf 83' lang='lat' dir='ltr'><strong>video</strong></span> <span class='ocrx_word' id='word_1_698' title='bbox 3329 3995 3442 4048; x_wconf 82' lang='lat' dir='ltr'><strong>Pa-</strong></span> 
     </span>
    </p>
   </div>
   <div class='ocr_carea' id='block_1_90' title="bbox 1859 4081 3442 4153">
    <p class='ocr_par' dir='ltr' id='par_1_90' title="bbox 1859 4081 3442 4153">
     <span class='ocr_line' id='line_1_90' title="bbox 1859 4081 3442 4153; baseline -0.001 -18"><span class='ocrx_word' id='word_1_699' title='bbox 1859 4091 1991 4136; x_wconf 88' lang='lat' dir='ltr'><strong>trem</strong></span> <span class='ocrx_word' id='word_1_700' title='bbox 2021 4083 2323 4153; x_wconf 77' lang='lat' dir='ltr'><strong>facientem,</strong></span> <span class='ocrx_word' id='word_1_701' title='bbox 2347 4083 2458 4137; x_wconf 79' lang='lat' dir='ltr'><strong>Iucc</strong></span> <span class='ocrx_word' id='word_1_702' title='bbox 2485 4093 2533 4137; x_wconf 86' lang='lat' dir='ltr'><strong>et</strong></span> <span class='ocrx_word' id='word_1_703' title='bbox 2554 4099 2646 4153; x_wconf 89' lang='lat' dir='ltr'><strong>ego</strong></span> <span class='ocrx_word' id='word_1_704' title='bbox 2674 4083 2894 4152; x_wconf 75' lang='lat' dir='ltr'><strong>facio“.</strong></span> <span class='ocrx_word' id='word_1_705' title='bbox 2914 4081 3051 4137; x_wconf 89' lang='lat' dir='ltr'><strong>Nam</strong></span> <span class='ocrx_word' id='word_1_706' title='bbox 3075 4082 3290 4151; x_wconf 81' lang='lat' dir='ltr'><strong>opilicia</strong></span> <span class='ocrx_word' id='word_1_707' title='bbox 3312 4095 3442 4135; x_wconf 84' lang='lat' dir='ltr'><strong>con-</strong></span> 
     </span>
    </p>
   </div>
   <div class='ocr_carea' id='block_1_91' title="bbox 1859 4173 3443 4245">
    <p class='ocr_par' dir='ltr' id='par_1_91' title="bbox 1859 4173 3443 4245">
     <span class='ocr_line' id='line_1_91' title="bbox 1859 4173 3443 4245; baseline 0 -17"><span class='ocrx_word' id='word_1_708' title='bbox 1859 4173 1971 4228; x_wconf 90' lang='lat' dir='ltr'><strong>dita</strong></span> <span class='ocrx_word' id='word_1_709' title='bbox 2006 4184 2155 4242; x_wconf 82' lang='lat' dir='ltr'><strong>sunt,</strong></span> <span class='ocrx_word' id='word_1_710' title='bbox 2184 4185 2238 4231; x_wconf 90' lang='lat' dir='ltr'><strong>et</strong></span> <span class='ocrx_word' id='word_1_711' title='bbox 2265 4175 2402 4230; x_wconf 89' lang='lat' dir='ltr'><strong>nihil</strong></span> <span class='ocrx_word' id='word_1_712' title='bbox 2432 4177 2715 4245; x_wconf 87' lang='lat' dir='ltr'><strong>condunt;</strong></span> <span class='ocrx_word' id='word_1_713' title='bbox 2745 4177 2831 4231; x_wconf 90' lang='lat' dir='ltr'><strong>sin</strong></span> <span class='ocrx_word' id='word_1_714' title='bbox 2863 4183 3046 4230; x_wconf 87' lang='lat' dir='ltr'><strong>autem</strong></span> <span class='ocrx_word' id='word_1_715' title='bbox 3070 4175 3273 4241; x_wconf 89' lang='lat' dir='ltr'><strong>minus,</strong></span> <span class='ocrx_word' id='word_1_716' title='bbox 3310 4188 3443 4243; x_wconf 73' lang='lat' dir='ltr'><strong>ergo</strong></span> 
     </span>
    </p>
   </div>
   <div class='ocr_carea' id='block_1_92' title="bbox 1861 4265 3442 4334">
    <p class='ocr_par' dir='ltr' id='par_1_92' title="bbox 1861 4265 3442 4334">
     <span class='ocr_line' id='line_1_92' title="bbox 1861 4265 3442 4334; baseline 0.001 -15"><span class='ocrx_word' id='word_1_717' title='bbox 1861 4266 2041 4334; x_wconf 91' lang='lat' dir='ltr'><strong>seipsa</strong></span> <span class='ocrx_word' id='word_1_718' title='bbox 2078 4267 2465 4323; x_wconf 90' lang='lat' dir='ltr'><strong>condiderunt.</strong></span> <span class='ocrx_word' id='word_1_719' title='bbox 2515 4265 2675 4322; x_wconf 87' lang='lat' dir='ltr'><strong>Certe</strong></span> <span class='ocrx_word' id='word_1_720' title='bbox 2724 4267 2794 4334; x_wconf 92' lang='lat' dir='ltr'><strong>si,</strong></span> <span class='ocrx_word' id='word_1_721' title='bbox 2831 4276 2893 4322; x_wconf 90' lang='lat' dir='ltr'><strong>ut</strong></span> <span class='ocrx_word' id='word_1_722' title='bbox 2940 4267 3150 4333; x_wconf 91' lang='lat' dir='ltr'><strong>dicunt,</strong></span> <span class='ocrx_word' id='word_1_723' title='bbox 3186 4273 3442 4320; x_wconf 85' lang='lat' dir='ltr'><strong>creatura</strong></span> 
     </span>
    </p>
   </div>
   <div class='ocr_carea' id='block_1_93' title="bbox 1859 4355 3447 4430">
    <p class='ocr_par' dir='ltr' id='par_1_93' title="bbox 1859 4355 3447 4430">
     <span class='ocr_line' id='line_1_93' title="bbox 1859 4355 3447 4430; baseline 0.001 -21"><span class='ocrx_word' id='word_1_724' title='bbox 1859 4364 1944 4410; x_wconf 91' lang='lat' dir='ltr'><strong>est</strong></span> <span class='ocrx_word' id='word_1_725' title='bbox 1979 4355 2170 4425; x_wconf 88' lang='lat' dir='ltr'><strong>Filius,</strong></span> <span class='ocrx_word' id='word_1_726' title='bbox 2203 4369 2259 4414; x_wconf 91' lang='lat' dir='ltr'><strong>et</strong></span> <span class='ocrx_word' id='word_1_727' title='bbox 2305 4359 2466 4416; x_wconf 85' lang='lat' dir='ltr'><strong>Pater</strong></span> <span class='ocrx_word' id='word_1_728' title='bbox 2511 4360 2704 4417; x_wconf 80' lang='lat' dir='ltr'><strong>fecerit</strong></span> <span class='ocrx_word' id='word_1_729' title='bbox 2745 4376 2896 4425; x_wconf 92' lang='lat' dir='ltr'><strong>eum,</strong></span> <span class='ocrx_word' id='word_1_730' title='bbox 2942 4360 3104 4430; x_wconf 88' lang='lat' dir='ltr'><strong>plane</strong></span> <span class='ocrx_word' id='word_1_731' title='bbox 3143 4358 3315 4414; x_wconf 88' lang='lat' dir='ltr'><strong>Filius</strong></span> <span class='ocrx_word' id='word_1_732' title='bbox 3357 4373 3447 4412; x_wconf 82' lang='lat' dir='ltr'><strong>se-</strong></span> 
     </span>
    </p>
   </div>
   <div class='ocr_carea' id='block_1_94' title="bbox 189 4439 1759 4523">
    <p class='ocr_par' dir='ltr' id='par_1_94' title="bbox 189 4439 1754 4512">
     <span class='ocr_line' id='line_1_94' title="bbox 189 4439 1754 4512; baseline 0.004 -26"><span class='ocrx_word' id='word_1_733' title='bbox 189 4445 336 4498; x_wconf 81' lang='grc' dir='ltr'>ησαν.</span> <span class='ocrx_word' id='word_1_734' title='bbox 378 4439 596 4512; x_wconf 87' lang='grc' dir='ltr'>Ἀμέλει</span> <span class='ocrx_word' id='word_1_735' title='bbox 629 4443 697 4505; x_wconf 85' lang='grc' dir='ltr'><strong>εί,</strong></span> <span class='ocrx_word' id='word_1_736' title='bbox 737 4440 811 4504; x_wconf 83' lang='grc' dir='ltr'>ὡς</span> <span class='ocrx_word' id='word_1_737' title='bbox 841 4439 1078 4508; x_wconf 83' lang='grc' dir='ltr'>λέγουσι,</span> <span class='ocrx_word' id='word_1_738' title='bbox 1126 4440 1331 4510; x_wconf 85' lang='grc' dir='ltr'>κτίσμα</span> <span class='ocrx_word' id='word_1_739' title='bbox 1364 4441 1513 4494; x_wconf 79' lang='grc' dir='ltr'>ἐστὶν</span> <span class='ocrx_word' id='word_1_740' title='bbox 1551 4443 1579 4494; x_wconf 91' lang='lat'><strong>6</strong></span> <span class='ocrx_word' id='word_1_741' title='bbox 1608 4441 1754 4506; x_wconf 83' lang='grc' dir='ltr'>Υἱὸς,</span> 
     </span>
    </p>
   </div>
   <div class='ocr_carea' id='block_1_95' title="bbox 1859 4439 3447 4523">
    <p class='ocr_par' dir='ltr' id='par_1_95' title="bbox 1863 4450 3447 4523">
     <span class='ocr_line' id='line_1_95' title="bbox 1863 4450 3447 4523; baseline 0.002 -20"><span class='ocrx_word' id='word_1_742' title='bbox 1863 4450 2042 4520; x_wconf 89' lang='lat' dir='ltr'><strong>ipsum</strong></span> <span class='ocrx_word' id='word_1_743' title='bbox 2080 4453 2405 4517; x_wconf 87' lang='lat' dir='ltr'><strong>condiderit,</strong></span> <span class='ocrx_word' id='word_1_744' title='bbox 2455 4470 2604 4521; x_wconf 92' lang='lat' dir='ltr'><strong>cum,</strong></span> <span class='ocrx_word' id='word_1_745' title='bbox 2657 4461 2718 4508; x_wconf 92' lang='lat' dir='ltr'><strong>ut</strong></span> <span class='ocrx_word' id='word_1_746' title='bbox 2751 4454 2866 4523; x_wconf 90' lang='lat' dir='ltr'><strong>ipse</strong></span> <span class='ocrx_word' id='word_1_747' title='bbox 2898 4462 3151 4519; x_wconf 89' lang='lat' dir='ltr'><strong>testatur,</strong></span> <span class='ocrx_word' id='word_1_748' title='bbox 3182 4469 3246 4507; x_wconf 89' lang='lat' dir='ltr'><strong>ea</strong></span> <span class='ocrx_word' id='word_1_749' title='bbox 3273 4453 3447 4522; x_wconf 85' lang='lat' dir='ltr'><strong>possit</strong></span> 
     </span>
    </p>
   </div>
   <div class='ocr_carea' id='block_1_96' title="bbox 192 4524 1759 4604">
    <p class='ocr_par' dir='ltr' id='par_1_96' title="bbox 192 4524 1759 4604">
     <span class='ocr_line' id='line_1_96' title="bbox 192 4524 1759 4604; baseline 0.004 -27"><span class='ocrx_word' id='word_1_750' title='bbox 192 4524 276 4578; x_wconf 76' lang='grc' dir='ltr'><strong>καὶ</strong></span> <span class='ocrx_word' id='word_1_751' title='bbox 293 4533 429 4583; x_wconf 80' lang='grc' dir='ltr'>ποιεῖ</span> <span class='ocrx_word' id='word_1_752' title='bbox 447 4531 614 4585; x_wconf 82' lang='grc' dir='ltr'>αὐτὸν</span> <span class='ocrx_word' id='word_1_753' title='bbox 635 4534 663 4585; x_wconf 86' lang='grc' dir='ltr'>ὁ</span> <span class='ocrx_word' id='word_1_754' title='bbox 683 4531 893 4604; x_wconf 81' lang='grc' dir='ltr'>Πατὴρ,</span> <span class='ocrx_word' id='word_1_755' title='bbox 919 4533 1135 4593; x_wconf 85' lang='grc' dir='ltr'>πάντως</span> <span class='ocrx_word' id='word_1_756' title='bbox 1160 4529 1225 4584; x_wconf 86' lang='grc' dir='ltr'><strong>ἂν</strong></span> <span class='ocrx_word' id='word_1_757' title='bbox 1261 4531 1483 4603; x_wconf 81' lang='grc' dir='ltr'>ἐποίησε</span> <span class='ocrx_word' id='word_1_758' title='bbox 1512 4532 1605 4584; x_wconf 76' lang='grc' dir='ltr'><strong>καὶ</strong></span> <span class='ocrx_word' id='word_1_759' title='bbox 1631 4534 1759 4584; x_wconf 79' lang='grc' dir='ltr'>ἐαυ-</span> 
     </span>
    </p>
   </div>
   <div class='ocr_carea' id='block_1_97' title="bbox 191 4612 1759 4696">
    <p class='ocr_par' dir='ltr' id='par_1_97' title="bbox 191 4612 1759 4696">
     <span class='ocr_line' id='line_1_97' title="bbox 191 4612 1759 4696; baseline 0.008 -31"><span class='ocrx_word' id='word_1_760' title='bbox 191 4612 274 4668; x_wconf 82' lang='grc' dir='ltr'><strong>τὸν</strong></span> <span class='ocrx_word' id='word_1_761' title='bbox 299 4619 326 4671; x_wconf 89' lang='lat'><strong>6</strong></span> <span class='ocrx_word' id='word_1_762' title='bbox 362 4621 490 4687; x_wconf 81' lang='grc' dir='ltr'>Υἱὸς</span> <span class='ocrx_word' id='word_1_763' title='bbox 514 4666 529 4690; x_wconf 96' lang='grc'><strong>,</strong></span> <span class='ocrx_word' id='word_1_764' title='bbox 571 4623 867 4693; x_wconf 87' lang='grc' dir='ltr'>δυνάμενος</span> <span class='ocrx_word' id='word_1_765' title='bbox 923 4626 1106 4676; x_wconf 83' lang='grc' dir='ltr'>ποιεῖν</span> <span class='ocrx_word' id='word_1_766' title='bbox 1129 4623 1166 4678; x_wconf 78' lang='grc' dir='ltr'><strong>ἃ</strong></span> <span class='ocrx_word' id='word_1_767' title='bbox 1199 4625 1344 4676; x_wconf 89' lang='grc' dir='ltr'>ποιεῖ</span> <span class='ocrx_word' id='word_1_768' title='bbox 1388 4626 1417 4676; x_wconf 93' lang='lat'><strong>6</strong></span> <span class='ocrx_word' id='word_1_769' title='bbox 1444 4623 1655 4696; x_wconf 82' lang='grc' dir='ltr'>Πατὴρ,</span> <span class='ocrx_word' id='word_1_770' title='bbox 1684 4624 1759 4687; x_wconf 84' lang='grc' dir='ltr'>ὡς</span> 
     </span>
    </p>
   </div>
   <div class='ocr_carea' id='block_1_98' title="bbox 194 4700 1757 4778">
    <p class='ocr_par' dir='ltr' id='par_1_98' title="bbox 194 4700 1757 4778">
     <span class='ocr_line' id='line_1_98' title="bbox 194 4700 1757 4778; baseline 0.008 -24"><span class='ocrx_word' id='word_1_771' title='bbox 194 4700 336 4762; x_wconf 81' lang='grc' dir='ltr'>εἶπεν</span> <span class='ocrx_word' id='word_1_772' title='bbox 377 4715 570 4778; x_wconf 80' lang='grc' dir='ltr'>αὐτός’</span> <span class='ocrx_word' id='word_1_773' title='bbox 624 4714 739 4769; x_wconf 86' lang='grc' dir='ltr'>ἀλλ’</span> <span class='ocrx_word' id='word_1_774' title='bbox 779 4715 978 4768; x_wconf 85' lang='grc' dir='ltr'>ἄτοπον</span> <span class='ocrx_word' id='word_1_775' title='bbox 1013 4715 1108 4769; x_wconf 62' lang='grc' dir='ltr'><strong>κα)⁹</strong></span> <span class='ocrx_word' id='word_1_776' title='bbox 1145 4714 1266 4768; x_wconf 89' lang='grc' dir='ltr'>λίαν</span> <span class='ocrx_word' id='word_1_777' title='bbox 1309 4714 1610 4768; x_wconf 76' lang='grc' dir='ltr'>ἀσύστατόν</span> <span class='ocrx_word' id='word_1_778' title='bbox 1639 4715 1757 4768; x_wconf 77' lang='grc' dir='ltr'>ἐστι</span> 
     </span>
    </p>
   </div>
   <div class='ocr_carea' id='block_1_99' title="bbox 194 4796 1574 4878">
    <p class='ocr_par' dir='ltr' id='par_1_99' title="bbox 194 4796 1574 4878">
     <span class='ocr_line' id='line_1_99' title="bbox 194 4796 1574 4878; baseline 0.008 -28"><span class='ocrx_word' id='word_1_779' title='bbox 194 4796 249 4850; x_wconf 81' lang='grc' dir='ltr'><strong>τὸ</strong></span> <span class='ocrx_word' id='word_1_780' title='bbox 277 4804 510 4861; x_wconf 79' lang='grc' dir='ltr'>τοιοῦτον</span> <span class='ocrx_word' id='word_1_781' title='bbox 528 4824 543 4838; x_wconf 76' lang='grc' dir='ltr'><strong>ο</strong></span> <span class='ocrx_word' id='word_1_782' title='bbox 581 4810 756 4862; x_wconf 84' lang='grc' dir='ltr'>ποιεῖν</span> <span class='ocrx_word' id='word_1_783' title='bbox 782 4807 892 4878; x_wconf 82' lang='grc' dir='ltr'>γὰρ</span> <span class='ocrx_word' id='word_1_784' title='bbox 913 4806 1105 4861; x_wconf 80' lang='grc' dir='ltr'>ἑαυτὸν</span> <span class='ocrx_word' id='word_1_785' title='bbox 1131 4807 1308 4871; x_wconf 78' lang='grc' dir='ltr'>οὐδεὶς</span> <span class='ocrx_word' id='word_1_786' title='bbox 1331 4806 1574 4862; x_wconf 81' lang='grc' dir='ltr'>δύναται.</span> 
     </span>
    </p>
   </div>
   <div class='ocr_carea' id='block_1_100' title="bbox 263 4915 1760 4998">
    <p class='ocr_par' dir='ltr' id='par_1_100' title="bbox 263 4915 1760 4998">
     <span class='ocr_line' id='line_1_100' title="bbox 263 4915 1760 4998; baseline 0.007 -29"><span class='ocrx_word' id='word_1_787' title='bbox 263 4915 311 4971; x_wconf 89' lang='grc'><strong>8.</strong></span> <span class='ocrx_word' id='word_1_788' title='bbox 335 4921 499 4978; x_wconf 81' lang='grc' dir='ltr'>Πάλιν</span> <span class='ocrx_word' id='word_1_789' title='bbox 547 4925 607 4978; x_wconf 85' lang='grc' dir='ltr'><strong>δὲ</strong></span> <span class='ocrx_word' id='word_1_790' title='bbox 665 4925 1014 4990; x_wconf 78' lang='grc' dir='ltr'>εἰπάτωσαν,</span> <span class='ocrx_word' id='word_1_791' title='bbox 1072 4927 1121 4979; x_wconf 85' lang='grc' dir='ltr'>εἰ</span> <span class='ocrx_word' id='word_1_792' title='bbox 1160 4925 1384 4980; x_wconf 86' lang='grc' dir='ltr'>δύναται</span> <span class='ocrx_word' id='word_1_793' title='bbox 1433 4924 1502 4979; x_wconf 82' lang='grc' dir='ltr'>τὰ</span> <span class='ocrx_word' id='word_1_794' title='bbox 1557 4925 1760 4998; x_wconf 83' lang='grc' dir='ltr'>γενητὰ</span> 
     </span>
    </p>
   </div>
   <div class='ocr_carea' id='block_1_101' title="bbox 198 5003 1760 5086">
    <p class='ocr_par' dir='ltr' id='par_1_101' title="bbox 198 5003 1760 5086">
     <span class='ocr_line' id='line_1_101' title="bbox 198 5003 1760 5086; baseline 0.011 -32"><span class='ocrx_word' id='word_1_795' title='bbox 198 5003 386 5063; x_wconf 70' lang='grc' dir='ltr'>εἰπεῖν’</span> <span class='ocrx_word' id='word_1_796' title='bbox 437 5017 641 5069; x_wconf 82' lang='grc' dir='ltr'>Πάντα</span> <span class='ocrx_word' id='word_1_797' title='bbox 665 5057 678 5081; x_wconf 91' lang='grc'><strong>,</strong></span> <span class='ocrx_word' id='word_1_798' title='bbox 737 5015 856 5070; x_wconf 80' lang='grc' dir='ltr'>ὅσα</span> <span class='ocrx_word' id='word_1_799' title='bbox 885 5016 1011 5085; x_wconf 78' lang='grc' dir='ltr'>ἔχει</span> <span class='ocrx_word' id='word_1_800' title='bbox 1043 5020 1076 5071; x_wconf 83' lang='grc' dir='ltr'><strong>ό</strong></span> <span class='ocrx_word' id='word_1_801' title='bbox 1101 5017 1323 5086; x_wconf 81' lang='grc' dir='ltr'>Πατὴρ,</span> <span class='ocrx_word' id='word_1_802' title='bbox 1374 5015 1488 5085; x_wconf 80' lang='grc' dir='ltr'>ἐμά</span> <span class='ocrx_word' id='word_1_803' title='bbox 1554 5017 1760 5080; x_wconf 82' lang='grc' dir='ltr'>ἑστιν;</span> 
     </span>
    </p>
   </div>
   <div class='ocr_carea' id='block_1_102' title="bbox 264 5120 1791 5201">
    <p class='ocr_par' dir='ltr' id='par_1_102' title="bbox 264 5120 1791 5201">
     <span class='ocr_line' id='line_1_102' title="bbox 264 5120 1791 5201; baseline 0.004 -20"><span class='ocrx_word' id='word_1_804' title='bbox 264 5120 304 5152; x_wconf 81' lang='grc'><strong>³⁸</strong></span> <span class='ocrx_word' id='word_1_805' title='bbox 339 5123 493 5201; x_wconf 65' lang='lat' dir='ltr'><strong>Inani.</strong></span> <span class='ocrx_word' id='word_1_806' title='bbox 530 5146 642 5194; x_wconf 72' lang='lat' dir='ltr'><strong>xxv,</strong></span> <span class='ocrx_word' id='word_1_807' title='bbox 675 5132 727 5187; x_wconf 92' lang='lat'><strong>9.</strong></span> <span class='ocrx_word' id='word_1_808' title='bbox 806 5133 850 5164; x_wconf 75' lang='grc'><strong>³³</strong></span> <span class='ocrx_word' id='word_1_809' title='bbox 892 5132 1023 5188; x_wconf 85' lang='lat' dir='ltr'><strong>Luc.</strong></span> <span class='ocrx_word' id='word_1_810' title='bbox 1046 5149 1120 5201; x_wconf 79' lang='lat' dir='ltr'><strong>vr,</strong></span> <span class='ocrx_word' id='word_1_811' title='bbox 1144 5133 1232 5188; x_wconf 79' lang='lat'><strong>56.</strong></span> <span class='ocrx_word' id='word_1_812' title='bbox 1311 5133 1355 5164; x_wconf 67' lang='grc' dir='ltr'><strong>⁸ο</strong></span> <span class='ocrx_word' id='word_1_813' title='bbox 1397 5131 1586 5187; x_wconf 88' lang='lat' dir='ltr'><strong>Matth.</strong></span> <span class='ocrx_word' id='word_1_814' title='bbox 1618 5149 1672 5198; x_wconf 91' lang='lat' dir='ltr'><strong>v,</strong></span> <span class='ocrx_word' id='word_1_815' title='bbox 1702 5134 1791 5189; x_wconf 69' lang='lat'><strong>48.</strong></span> 
     </span>
    </p>
   </div>
   <div class='ocr_carea' id='block_1_103' title="bbox 202 5185 1372 5270">
    <p class='ocr_par' dir='ltr' id='par_1_103' title="bbox 202 5185 1372 5270">
     <span class='ocr_line' id='line_1_103' title="bbox 202 5185 1372 5270; baseline 0.003 -17"><span class='ocrx_word' id='word_1_816' title='bbox 202 5185 283 5244; x_wconf 73' lang='lat'><strong>35.</strong></span> <span class='ocrx_word' id='word_1_817' title='bbox 353 5196 396 5230; x_wconf 64' lang='grc' dir='ltr'><strong>ιι</strong></span> <span class='ocrx_word' id='word_1_818' title='bbox 431 5185 588 5256; x_wconf 85' lang='lat' dir='ltr'><strong>Joan.</strong></span> <span class='ocrx_word' id='word_1_819' title='bbox 620 5185 786 5270; x_wconf 52' lang='grc' dir='ltr'><strong>Μελ</strong></span> <span class='ocrx_word' id='word_1_820' title='bbox 865 5203 917 5235; x_wconf 57' lang='grc' dir='ltr'><strong>καί</strong></span> <span class='ocrx_word' id='word_1_821' title='bbox 943 5185 1120 5258; x_wconf 47' lang='lat' dir='ltr'><strong>ibin?</strong></span> <span class='ocrx_word' id='word_1_822' title='bbox 1142 5185 1251 5270; x_wconf 51' lang='lat' dir='ltr'><strong>inii,</strong></span> <span class='ocrx_word' id='word_1_823' title='bbox 1287 5203 1372 5258; x_wconf 78' lang='lat' dir='ltr'><strong>is.</strong></span> 
     </span>
    </p>
   </div>
   <div class='ocr_carea' id='block_1_104' title="bbox 270 5307 1761 5390">
    <p class='ocr_par' dir='ltr' id='par_1_104' title="bbox 270 5307 1761 5390">
     <span class='ocr_line' id='line_1_104' title="bbox 270 5307 1761 5390; baseline 0.004 -20"><span class='ocrx_word' id='word_1_824' title='bbox 270 5307 372 5390; x_wconf 64' lang='grc' dir='ltr'><strong>(δῖ)</strong></span> <span class='ocrx_word' id='word_1_825' title='bbox 409 5316 518 5390; x_wconf 78' lang='grc' dir='ltr'><strong>Καί</strong></span> <span class='ocrx_word' id='word_1_826' title='bbox 545 5317 698 5373; x_wconf 88' lang='lat' dir='ltr'><strong>deest</strong></span> <span class='ocrx_word' id='word_1_827' title='bbox 738 5319 792 5372; x_wconf 94' lang='lat' dir='ltr'><strong>in</strong></span> <span class='ocrx_word' id='word_1_828' title='bbox 827 5318 997 5390; x_wconf 81' lang='lat' dir='ltr'><strong>Regio</strong></span> <span class='ocrx_word' id='word_1_829' title='bbox 1043 5330 1097 5375; x_wconf 91' lang='lat' dir='ltr'><strong>et</strong></span> <span class='ocrx_word' id='word_1_830' title='bbox 1143 5320 1198 5375; x_wconf 90' lang='lat' dir='ltr'><strong>in</strong></span> <span class='ocrx_word' id='word_1_831' title='bbox 1240 5321 1557 5390; x_wconf 81' lang='lat' dir='ltr'><strong>Anglicano.</strong></span> <span class='ocrx_word' id='word_1_832' title='bbox 1594 5320 1761 5384; x_wconf 80' lang='lat' dir='ltr'><strong>lnl‘ra,</strong></span> 
     </span>
    </p>
   </div>
   <div class='ocr_carea' id='block_1_105' title="bbox 207 5376 1764 5462">
    <p class='ocr_par' dir='ltr' id='par_1_105' title="bbox 207 5376 1764 5462">
     <span class='ocr_line' id='line_1_105' title="bbox 207 5376 1764 5462; baseline -0.004 -10"><span class='ocrx_word' id='word_1_833' title='bbox 207 5376 993 5462; x_wconf 43' lang='grc' dir='ltr'>ξῖιῖιλεγομένοις,-ᾴνομοίοιὶς,</span> <span class='ocrx_word' id='word_1_834' title='bbox 1037 5393 1125 5445; x_wconf 83' lang='lat' dir='ltr'><strong>vix</strong></span> <span class='ocrx_word' id='word_1_835' title='bbox 1167 5376 1422 5462; x_wconf 63' lang='lat' dir='ltr'><strong>augurari</strong></span> <span class='ocrx_word' id='word_1_836' title='bbox 1473 5376 1764 5461; x_wconf 74' lang='lat' dir='ltr'><strong>possumus</strong></span> 
     </span>
    </p>
   </div>
   <div class='ocr_carea' id='block_1_106' title="bbox 205 5449 1763 5533">
    <p class='ocr_par' dir='ltr' id='par_1_106' title="bbox 205 5449 1763 5533">
     <span class='ocr_line' id='line_1_106' title="bbox 205 5449 1763 5533; baseline 0.005 -24"><span class='ocrx_word' id='word_1_837' title='bbox 205 5449 324 5533; x_wconf 52' lang='grc' dir='ltr'><strong>(ΡΙξά</strong></span> <span class='ocrx_word' id='word_1_838' title='bbox 349 5449 432 5533; x_wconf 68' lang='lat' dir='ltr'><strong>hic</strong></span> <span class='ocrx_word' id='word_1_839' title='bbox 457 5449 652 5533; x_wconf 70' lang='lat' dir='ltr'><strong>legerit</strong></span> <span class='ocrx_word' id='word_1_840' title='bbox 675 5449 1071 5533; x_wconf 34' lang='lat' dir='ltr'><strong>Nanniusfqui</strong></span> <span class='ocrx_word' id='word_1_841' title='bbox 1104 5449 1287 5527; x_wconf 47' lang='lat' dir='ltr'><strong>vertit,</strong></span> <span class='ocrx_word' id='word_1_842' title='bbox 1315 5465 1428 5532; x_wconf 88' lang='lat' dir='ltr'><strong>qui,</strong></span> <span class='ocrx_word' id='word_1_843' title='bbox 1455 5449 1593 5532; x_wconf 65' lang='lat' dir='ltr'><strong>quod</strong></span> <span class='ocrx_word' id='word_1_844' title='bbox 1635 5463 1763 5533; x_wconf 85' lang='lat' dir='ltr'><strong>ipsis</strong></span> 
     </span>
    </p>
   </div>
   <div class='ocr_carea' id='block_1_107' title="bbox 208 5523 1150 5600">
    <p class='ocr_par' dir='ltr' id='par_1_107' title="bbox 208 5523 1150 5600">
     <span class='ocr_line' id='line_1_107' title="bbox 208 5523 1150 5600; baseline -0.003 -11"><span class='ocrx_word' id='word_1_845' title='bbox 208 5523 386 5600; x_wconf 57' lang='grc' dir='ltr'><strong>αηξζξιξβ</strong></span> <span class='ocrx_word' id='word_1_846' title='bbox 417 5523 667 5600; x_wconf 67' lang='lat' dir='ltr'><strong>cogitant,</strong></span> <span class='ocrx_word' id='word_1_847' title='bbox 691 5532 858 5585; x_wconf 78' lang='lat' dir='ltr'><strong>verbis</strong></span> <span class='ocrx_word' id='word_1_848' title='bbox 882 5523 1150 5600; x_wconf 78' lang='lat' dir='ltr'><strong>promunt.</strong></span> 
     </span>
    </p>
   </div>
   <div class='ocr_carea' id='block_1_108' title="bbox 276 5589 1765 5675">
    <p class='ocr_par' dir='ltr' id='par_1_108' title="bbox 276 5589 1765 5675">
     <span class='ocr_line' id='line_1_108' title="bbox 276 5589 1765 5675; baseline 0 -17"><span class='ocrx_word' id='word_1_849' title='bbox 276 5589 379 5670; x_wconf 53' lang='grc'><strong>(68)</strong></span> <span class='ocrx_word' id='word_1_850' title='bbox 416 5589 500 5675; x_wconf 58' lang='lat' dir='ltr'><strong>Ita</strong></span> <span class='ocrx_word' id='word_1_851' title='bbox 528 5589 935 5675; x_wconf 78' lang='lat' dir='ltr'><strong>Regiu_s._Editi</strong></span> <span class='ocrx_word' id='word_1_852' title='bbox 966 5619 1118 5667; x_wconf 83' lang='lat' dir='ltr'><strong>vero,</strong></span> <span class='ocrx_word' id='word_1_853' title='bbox 1151 5603 1651 5675; x_wconf 73' lang='grc' dir='ltr'>πρέπεσθαιῐηιιιο.</span> <span class='ocrx_word' id='word_1_854' title='bbox 1683 5603 1765 5658; x_wconf 84' lang='lat' dir='ltr'><strong>ln-</strong></span> 
     </span>
    </p>
   </div>
   <div class='ocr_carea' id='block_1_109' title="bbox 212 5650 1764 5745">
    <p class='ocr_par' dir='ltr' id='par_1_109' title="bbox 212 5650 1764 5745">
     <span class='ocr_line' id='line_1_109' title="bbox 212 5650 1764 5745; baseline 0.003 -19"><span class='ocrx_word' id='word_1_855' title='bbox 212 5650 291 5745; x_wconf 37' lang='lat' dir='ltr'><strong>{r‘f‘</strong></span> <span class='ocrx_word' id='word_1_856' title='bbox 307 5650 729 5745; x_wconf 52' lang='lat' dir='ltr'><strong>ip’ebd“exh&#39;,&quot;§.fi</strong></span> <span class='ocrx_word' id='word_1_857' title='bbox 744 5673 900 5745; x_wconf 82' lang='lat' dir='ltr'><strong>deest</strong></span> <span class='ocrx_word' id='word_1_858' title='bbox 926 5681 1052 5726; x_wconf 90' lang='lat' dir='ltr'><strong>ante</strong></span> <span class='ocrx_word' id='word_1_859' title='bbox 1068 5650 1430 5745; x_wconf 45' lang='grc' dir='ltr'>κατέ-οὐσίαν,</span> <span class='ocrx_word' id='word_1_860' title='bbox 1452 5674 1620 5730; x_wconf 82' lang='lat' dir='ltr'><strong>Paulo</strong></span> <span class='ocrx_word' id='word_1_861' title='bbox 1641 5685 1764 5745; x_wconf 93' lang='lat' dir='ltr'><strong>post</strong></span> 
     </span>
    </p>
   </div>
   <div class='ocr_carea' id='block_1_110' title="bbox 208 5721 1096 5815">
    <p class='ocr_par' dir='ltr' id='par_1_110' title="bbox 208 5721 1096 5815">
     <span class='ocr_line' id='line_1_110' title="bbox 208 5721 1096 5815; baseline 0.015 -29"><span class='ocrx_word' id='word_1_862' title='bbox 208 5721 564 5806; x_wconf 48' lang='lat' dir='ltr'><strong>Anguem;</strong></span> <span class='ocrx_word' id='word_1_863' title='bbox 574 5721 1096 5815; x_wconf 54' lang='lat' dir='ltr'><strong>Eé§&quot;yé§ﬁi-i1~3&#39;§&amp;tl</strong></span> 
     </span>
    </p>
   </div>
   <div class='ocr_carea' id='block_1_111' title="bbox 1868 4541 3447 4612">
    <p class='ocr_par' dir='ltr' id='par_1_111' title="bbox 1868 4541 3447 4612">
     <span class='ocr_line' id='line_1_111' title="bbox 1868 4541 3447 4612; baseline -0.001 -16"><span class='ocrx_word' id='word_1_864' title='bbox 1868 4541 2049 4596; x_wconf 81' lang='lat' dir='ltr'><strong>facere</strong></span> <span class='ocrx_word' id='word_1_865' title='bbox 2073 4557 2195 4612; x_wconf 70' lang='lat' dir='ltr'><strong>quae</strong></span> <span class='ocrx_word' id='word_1_866' title='bbox 2218 4541 2378 4597; x_wconf 89' lang='lat' dir='ltr'><strong>Pater</strong></span> <span class='ocrx_word' id='word_1_867' title='bbox 2404 4543 2535 4598; x_wconf 80' lang='lat' dir='ltr'><strong>facit</strong></span> <span class='ocrx_word' id='word_1_868' title='bbox 2563 4563 2576 4599; x_wconf 87' lang='lat'><strong>:</strong></span> <span class='ocrx_word' id='word_1_869' title='bbox 2606 4543 2702 4599; x_wconf 87' lang='lat' dir='ltr'><strong>sed</strong></span> <span class='ocrx_word' id='word_1_870' title='bbox 2733 4543 2865 4597; x_wconf 85' lang='lat' dir='ltr'><strong>illud</strong></span> <span class='ocrx_word' id='word_1_871' title='bbox 2894 4543 3194 4598; x_wconf 88' lang='lat' dir='ltr'><strong>absurdum</strong></span> <span class='ocrx_word' id='word_1_872' title='bbox 3224 4551 3279 4597; x_wconf 89' lang='lat' dir='ltr'><strong>et</strong></span> <span class='ocrx_word' id='word_1_873' title='bbox 3305 4559 3447 4596; x_wconf 85' lang='lat' dir='ltr'><strong>mm-</strong></span> 
     </span>
    </p>
   </div>
   <div class='ocr_carea' id='block_1_112' title="bbox 1867 4634 3448 4706">
    <p class='ocr_par' dir='ltr' id='par_1_112' title="bbox 1867 4634 3448 4706">
     <span class='ocr_line' id='line_1_112' title="bbox 1867 4634 3448 4706; baseline 0 -19"><span class='ocrx_word' id='word_1_874' title='bbox 1867 4650 2033 4704; x_wconf 86' lang='lat' dir='ltr'><strong>quam</strong></span> <span class='ocrx_word' id='word_1_875' title='bbox 2064 4642 2318 4690; x_wconf 87' lang='lat' dir='ltr'><strong>constare</strong></span> <span class='ocrx_word' id='word_1_876' title='bbox 2360 4644 2581 4706; x_wconf 90' lang='lat' dir='ltr'><strong>potest:</strong></span> <span class='ocrx_word' id='word_1_877' title='bbox 2618 4650 2780 4690; x_wconf 89' lang='lat' dir='ltr'><strong>nemo</strong></span> <span class='ocrx_word' id='word_1_878' title='bbox 2817 4635 2964 4690; x_wconf 88' lang='lat' dir='ltr'><strong>enim</strong></span> <span class='ocrx_word' id='word_1_879' title='bbox 2997 4634 3237 4706; x_wconf 88' lang='lat' dir='ltr'><strong>seipsum</strong></span> <span class='ocrx_word' id='word_1_880' title='bbox 3270 4644 3448 4704; x_wconf 87' lang='lat' dir='ltr'><strong>potest</strong></span> 
     </span>
    </p>
   </div>
   <div class='ocr_carea' id='block_1_113' title="bbox 1864 4723 2094 4780">
    <p class='ocr_par' dir='ltr' id='par_1_113' title="bbox 1864 4723 2094 4780">
     <span class='ocr_line' id='line_1_113' title="bbox 1864 4723 2094 4780; baseline -0.004 -2"><span class='ocrx_word' id='word_1_881' title='bbox 1864 4723 2094 4780; x_wconf 80' lang='lat' dir='ltr'><strong>eﬂicere.</strong></span> 
     </span>
    </p>
   </div>
   <div class='ocr_carea' id='block_1_114' title="bbox 1939 4925 3446 5002">
    <p class='ocr_par' dir='ltr' id='par_1_114' title="bbox 1939 4925 3446 5002">
     <span class='ocr_line' id='line_1_114' title="bbox 1939 4925 3446 5002; baseline -0.005 -16"><span class='ocrx_word' id='word_1_882' title='bbox 1939 4928 2100 4998; x_wconf 83' lang='grc'><strong>717</strong></span> <span class='ocrx_word' id='word_1_883' title='bbox 2140 4928 2192 4983; x_wconf 91' lang='grc'><strong>8.</strong></span> <span class='ocrx_word' id='word_1_884' title='bbox 2231 4927 2468 4984; x_wconf 85' lang='lat' dir='ltr'><strong>Rursum</strong></span> <span class='ocrx_word' id='word_1_885' title='bbox 2499 4931 2682 4984; x_wconf 90' lang='lat' dir='ltr'><strong>dicant</strong></span> <span class='ocrx_word' id='word_1_886' title='bbox 2712 4947 2778 4984; x_wconf 90' lang='lat' dir='ltr'><strong>an</strong></span> <span class='ocrx_word' id='word_1_887' title='bbox 2810 4931 3022 5002; x_wconf 76' lang='lat' dir='ltr'><strong>possint</strong></span> <span class='ocrx_word' id='word_1_888' title='bbox 3049 4946 3137 4985; x_wconf 86' lang='lat' dir='ltr'><strong>res</strong></span> <span class='ocrx_word' id='word_1_889' title='bbox 3184 4928 3339 4983; x_wconf 71' lang='lat' dir='ltr'><strong>facta:</strong></span> <span class='ocrx_word' id='word_1_890' title='bbox 3363 4925 3446 4980; x_wconf 89' lang='lat' dir='ltr'><strong>di-</strong></span> 
     </span>
    </p>
   </div>
   <div class='ocr_carea' id='block_1_115' title="bbox 1867 5018 3446 5092">
    <p class='ocr_par' dir='ltr' id='par_1_115' title="bbox 1867 5018 3446 5092">
     <span class='ocr_line' id='line_1_115' title="bbox 1867 5018 3446 5092; baseline -0.003 -18"><span class='ocrx_word' id='word_1_891' title='bbox 1867 5034 1990 5074; x_wconf 82' lang='lat' dir='ltr'><strong>cere</strong></span> <span class='ocrx_word' id='word_1_892' title='bbox 2016 5040 2029 5074; x_wconf 92' lang='lat'><strong>:</strong></span> <span class='ocrx_word' id='word_1_893' title='bbox 2065 5019 2260 5076; x_wconf 82' lang='lat' dir='ltr'><strong>Omnia</strong></span> <span class='ocrx_word' id='word_1_894' title='bbox 2293 5038 2614 5092; x_wconf 65' lang='lat' dir='ltr'><strong>quacunque</strong></span> <span class='ocrx_word' id='word_1_895' title='bbox 2655 5023 2810 5076; x_wconf 85' lang='lat' dir='ltr'><strong>habet</strong></span> <span class='ocrx_word' id='word_1_896' title='bbox 2850 5022 3033 5090; x_wconf 87' lang='lat' dir='ltr'><strong>Pater,</strong></span> <span class='ocrx_word' id='word_1_897' title='bbox 3065 5037 3176 5075; x_wconf 89' lang='lat' dir='ltr'><strong>mea</strong></span> <span class='ocrx_word' id='word_1_898' title='bbox 3207 5029 3329 5074; x_wconf 85' lang='lat' dir='ltr'><strong>sunt</strong></span> <span class='ocrx_word' id='word_1_899' title='bbox 3351 5018 3396 5050; x_wconf 78' lang='lat'><strong>&quot;</strong></span> <span class='ocrx_word' id='word_1_900' title='bbox 3423 5018 3446 5069; x_wconf 70' lang='grc'><strong><em>2</em></strong></span> 
     </span>
    </p>
   </div>
   <div class='ocr_carea' id='block_1_116' title="bbox 1869 5133 3443 5202">
    <p class='ocr_par' dir='ltr' id='par_1_116' title="bbox 1869 5133 3443 5202">
     <span class='ocr_line' id='line_1_116' title="bbox 1869 5133 3443 5202; baseline -0.002 -12"><span class='ocrx_word' id='word_1_901' title='bbox 1869 5136 1910 5166; x_wconf 68' lang='grc' dir='ltr'><strong>δ’</strong></span> <span class='ocrx_word' id='word_1_902' title='bbox 1951 5135 2098 5191; x_wconf 84' lang='lat' dir='ltr'><strong>Psal.</strong></span> <span class='ocrx_word' id='word_1_903' title='bbox 2139 5153 2346 5202; x_wconf 76' lang='lat' dir='ltr'><strong>Luxu,</strong></span> <span class='ocrx_word' id='word_1_904' title='bbox 2376 5138 2430 5191; x_wconf 73' lang='lat'><strong>2.</strong></span> <span class='ocrx_word' id='word_1_905' title='bbox 2506 5137 2552 5169; x_wconf 76' lang='lat'>“</span> <span class='ocrx_word' id='word_1_906' title='bbox 2573 5135 2716 5193; x_wconf 87' lang='lat' dir='ltr'><strong>Psal.</strong></span> <span class='ocrx_word' id='word_1_907' title='bbox 2751 5153 2949 5202; x_wconf 78' lang='lat' dir='ltr'><strong>Lxxxv,</strong></span> <span class='ocrx_word' id='word_1_908' title='bbox 2979 5136 3030 5191; x_wconf 91' lang='lat'><strong>8.</strong></span> <span class='ocrx_word' id='word_1_909' title='bbox 3109 5136 3153 5166; x_wconf 78' lang='lat'><strong>“</strong></span> <span class='ocrx_word' id='word_1_910' title='bbox 3191 5133 3348 5190; x_wconf 83' lang='lat' dir='ltr'><strong>Joan.</strong></span> <span class='ocrx_word' id='word_1_911' title='bbox 3387 5148 3443 5188; x_wconf 73' lang='lat' dir='ltr'><strong>xv</strong></span> 
     </span>
    </p>
   </div>
   <div class='ocr_carea' id='block_1_117' title="bbox 1947 5320 3443 5394">
    <p class='ocr_par' dir='ltr' id='par_1_117' title="bbox 1947 5320 3443 5394">
     <span class='ocr_line' id='line_1_117' title="bbox 1947 5320 3443 5394; baseline 0 -16"><span class='ocrx_word' id='word_1_912' title='bbox 1947 5324 2058 5393; x_wconf 85' lang='lat'><strong>(69)</strong></span> <span class='ocrx_word' id='word_1_913' title='bbox 2097 5325 2450 5394; x_wconf 77' lang='lat' dir='ltr'><strong>Anglicanus,</strong></span> <span class='ocrx_word' id='word_1_914' title='bbox 2484 5325 2573 5378; x_wconf 83' lang='grc' dir='ltr'><strong>τὸν</strong></span> <span class='ocrx_word' id='word_1_915' title='bbox 2602 5325 2756 5380; x_wconf 86' lang='grc' dir='ltr'>Θεόν.</span> <span class='ocrx_word' id='word_1_916' title='bbox 2779 5324 2926 5384; x_wconf 85' lang='lat' dir='ltr'><strong>Mox,</strong></span> <span class='ocrx_word' id='word_1_917' title='bbox 2955 5323 3048 5377; x_wconf 86' lang='grc' dir='ltr'><strong>καί</strong></span> <span class='ocrx_word' id='word_1_918' title='bbox 3072 5323 3221 5378; x_wconf 88' lang='lat' dir='ltr'><strong>deest</strong></span> <span class='ocrx_word' id='word_1_919' title='bbox 3246 5322 3298 5377; x_wconf 92' lang='lat' dir='ltr'><strong>in</strong></span> <span class='ocrx_word' id='word_1_920' title='bbox 3335 5320 3443 5378; x_wconf 80' lang='lat' dir='ltr'><strong>Bc-</strong></span> 
     </span>
    </p>
   </div>
   <div class='ocr_carea' id='block_1_118' title="bbox 1871 5394 3161 5466">
    <p class='ocr_par' dir='ltr' id='par_1_118' title="bbox 1871 5394 3161 5466">
     <span class='ocr_line' id='line_1_118' title="bbox 1871 5394 3161 5466; baseline -0.002 -18"><span class='ocrx_word' id='word_1_921' title='bbox 1871 5395 1975 5465; x_wconf 80' lang='lat' dir='ltr'><strong>gio.</strong></span> <span class='ocrx_word' id='word_1_922' title='bbox 2013 5394 2158 5466; x_wconf 79' lang='lat' dir='ltr'><strong>Infra</strong></span> <span class='ocrx_word' id='word_1_923' title='bbox 2185 5395 2539 5466; x_wconf 82' lang='lat' dir='ltr'><strong>Anglicanus,</strong></span> <span class='ocrx_word' id='word_1_924' title='bbox 2571 5394 2752 5466; x_wconf 77' lang='grc' dir='ltr'>καθὼς</span> <span class='ocrx_word' id='word_1_925' title='bbox 2781 5397 2874 5450; x_wconf 70' lang='grc' dir='ltr'>καὶ</span> <span class='ocrx_word' id='word_1_926' title='bbox 2905 5397 2932 5447; x_wconf 88' lang='grc' dir='ltr'>ὁ</span> <span class='ocrx_word' id='word_1_927' title='bbox 2955 5394 3161 5466; x_wconf 84' lang='grc' dir='ltr'>Πατήρ.</span> 
     </span>
    </p>
   </div>
   <div class='ocr_carea' id='block_1_119' title="bbox 1943 5463 3058 5538">
    <p class='ocr_par' dir='ltr' id='par_1_119' title="bbox 1943 5463 3058 5538">
     <span class='ocr_line' id='line_1_119' title="bbox 1943 5463 3058 5538; baseline -0.003 -19"><span class='ocrx_word' id='word_1_928' title='bbox 1943 5465 2056 5538; x_wconf 69' lang='grc'>(70)</span> <span class='ocrx_word' id='word_1_929' title='bbox 2094 5463 2445 5538; x_wconf 65' lang='lat' dir='ltr'><strong>Anglicanus,</strong></span> <span class='ocrx_word' id='word_1_930' title='bbox 2471 5467 2569 5520; x_wconf 88' lang='grc' dir='ltr'><strong>οὐκ</strong></span> <span class='ocrx_word' id='word_1_931' title='bbox 2597 5463 2664 5538; x_wconf 83' lang='grc' dir='ltr'>ἧν</span> <span class='ocrx_word' id='word_1_932' title='bbox 2693 5467 2778 5520; x_wconf 74' lang='grc' dir='ltr'><strong>ἀεὶ</strong></span> <span class='ocrx_word' id='word_1_933' title='bbox 2806 5466 2874 5520; x_wconf 82' lang='grc' dir='ltr'>τὰ</span> <span class='ocrx_word' id='word_1_934' title='bbox 2901 5463 3058 5519; x_wconf 83' lang='grc' dir='ltr'>αὐτά.</span> 
     </span>
    </p>
   </div>
   <div class='ocr_carea' id='block_1_120' title="bbox 1942 5520 3323 5608">
    <p class='ocr_par' dir='ltr' id='par_1_120' title="bbox 1942 5520 3323 5608">
     <span class='ocr_line' id='line_1_120' title="bbox 1942 5520 3323 5608; baseline -0.001 -19"><span class='ocrx_word' id='word_1_935' title='bbox 1942 5520 2055 5608; x_wconf 67' lang='grc'>(71)</span> <span class='ocrx_word' id='word_1_936' title='bbox 2094 5520 2447 5608; x_wconf 57' lang='lat' dir='ltr'><strong>Anglicanus,</strong></span> <span class='ocrx_word' id='word_1_937' title='bbox 2477 5520 2890 5608; x_wconf 71' lang='grc' dir='ltr'>προκρίναντες,</span> <span class='ocrx_word' id='word_1_938' title='bbox 2911 5534 3119 5608; x_wconf 15' lang='grc' dir='ltr'>Ῠκτιστὴ</span> <span class='ocrx_word' id='word_1_939' title='bbox 3147 5520 3323 5608; x_wconf 76' lang='grc' dir='ltr'>οὐσία.</span> 
     </span>
    </p>
   </div>
   <div class='ocr_carea' id='block_1_121' title="bbox 1870 5606 3452 5731">
    <p class='ocr_par' dir='ltr' id='par_1_121' title="bbox 1870 5606 3452 5731">
     <span class='ocr_line' id='line_1_121' title="bbox 1870 5606 3452 5731; baseline -0.01 -56"><span class='ocrx_word' id='word_1_940' title='bbox 1870 5679 1903 5730; x_wconf 68' lang='grc' dir='ltr'><strong>ἃ</strong></span> <span class='ocrx_word' id='word_1_941' title='bbox 1945 5606 2160 5731; x_wconf 52' lang='grc' dir='ltr'><strong>(ἕῆίΕἰ</strong></span> <span class='ocrx_word' id='word_1_942' title='bbox 2190 5606 2350 5666; x_wconf 78' lang='lat' dir='ltr'><strong>deest</strong></span> <span class='ocrx_word' id='word_1_943' title='bbox 2383 5609 2440 5664; x_wconf 90' lang='lat' dir='ltr'><strong>in</strong></span> <span class='ocrx_word' id='word_1_944' title='bbox 2467 5606 2786 5680; x_wconf 81' lang='lat' dir='ltr'><strong>Anglicano.</strong></span> <span class='ocrx_word' id='word_1_945' title='bbox 2836 5607 2980 5663; x_wconf 83' lang='lat' dir='ltr'><strong>Infra</strong></span> <span class='ocrx_word' id='word_1_946' title='bbox 3035 5607 3197 5670; x_wconf 85' lang='lat' dir='ltr'><strong>idem,</strong></span> <span class='ocrx_word' id='word_1_947' title='bbox 3226 5606 3452 5669; x_wconf 84' lang='grc' dir='ltr'>πάντως</span> 
     </span>
     <span class='ocr_line' id='line_1_122' title="bbox 1907 5695 2156 5731; baseline 0 -1"><span class='ocrx_word' id='word_1_948' title='bbox 1907 5698 1933 5730; x_wconf 89' lang='grc' dir='ltr'><strong>ν</strong></span> <span class='ocrx_word' id='word_1_949' title='bbox 1995 5695 2062 5731; x_wconf 87' lang='grc' dir='ltr'><strong>πο</strong></span> <span class='ocrx_word' id='word_1_950' title='bbox 2087 5695 2156 5731; x_wconf 78' lang='grc' dir='ltr'>ει.</span> 
     </span>
    </p>
   </div>
   <div class='ocr_carea' id='block_1_122' title="bbox 1907 5695 2156 5734">
    <p class='ocr_par' dir='ltr' id='par_1_122' title="bbox 1907 5695 2156 5734">
     <span class='ocr_line' id='line_1_123' title="bbox 1907 5695 2156 5734; baseline 0.016 -4"><span class='ocrx_word' id='word_1_951' title='bbox 1907 5698 1933 5730; x_wconf 89' lang='grc' dir='ltr'><strong>ν</strong></span> <span class='ocrx_word' id='word_1_952' title='bbox 1963 5695 2156 5734; x_wconf 86' lang='grc' dir='ltr'>εποιει.</span> 
     </span>
    </p>
   </div>
  </div>
