3810 6228
344 297 484 357 10ιῦ

938 296 996 352 S.
1039 293 1414 349 ATHANASII
1451 292 1604 350 OPP.
1646 291 1826 348 PARS
1863 290 1906 344 1.
1944 318 2012 328 -
2050 285 2429 342 HISTORICA
2467 283 2556 339 ET
2595 279 3019 339 DOGMATICA.

3461 280 3606 340 πει

342 416 518 473 [labet
545 427 726 471 autem
745 416 854 480 ille,
879 416 1023 486 quod
1042 415 1115 471 sit
1127 423 1361 480 creator,
1378 413 1648 478 conditor,
1664 421 1918 476 aeternus,

2057 409 2182 478 Εχει
2232 406 2289 459 δὲ
2343 405 2406 458 τὸ
2439 401 2667 467 κτίζειν,
2716 401 2777 452 τὸ
2801 399 3174 471 δημιουργεῖν,
3215 398 3277 451 τὸ
3307 399 3499 465 ἀΐδιον,
3551 402 3616 455 τὺ

342 509 1114 580 omnipotens,immutabilis.
1140 505 1370 578 Opilicia
1403 515 1583 560 autem
1616 521 1717 561 nec
1736 519 1921 560 creare

343 613 592 673 possunt,
621 612 801 659 creata
831 618 954 657 cum
982 602 1092 657 sint
1118 619 1132 667 ;
1176 616 1277 657 nec
1305 610 1506 656 aeterna
1536 614 1677 665 esse,
1702 599 1919 654 initium

340 694 541 764 quippe
554 693 849 749 exsistendi
869 693 1070 748 habent
1090 710 1103 745 :
1118 707 1218 745 nec
1234 691 1415 745 omnia
1435 705 1595 760 posse
1606 698 1658 745 et
1674 690 1924 745 immuta-

343 787 468 841 bilia
485 800 626 850 esse,
643 786 744 840 sub
762 785 990 855 imperio
1007 785 1151 838 enim
1169 794 1316 850 sunt,
1333 795 1648 853 naturaeque
1662 773 1790 838 sunt
1804 799 1924 836 mu-

343 879 549 944 tahilis,
570 877 942 949 utScriptura:
972 877 1178 931 dicunt.
1209 875 1352 946 Ergo
1383 877 1429 930 si
1460 876 1576 930 haec
1600 873 1724 929 Filii
1771 886 1918 942 sunt,

343 990 453 1030 non
487 989 555 1028 ex
585 974 807 1037 virtute,
837 981 899 1027 ut
929 971 1193 1036 diximus,
1242 971 1336 1026 sed
1369 986 1434 1025 ex
1465 971 1772 1026 substantia
1821 986 1922 1024 sua

342 1067 433 1122 illa
460 1066 649 1131 habet,
697 1076 757 1121 ut
786 1065 1029 1137 synodus
1061 1066 1137 1120 ait
1164 1086 1175 1120 :
1208 1079 1310 1118 nec
1339 1079 1407 1117 ex
1455 1063 1560 1117 alia
1613 1061 1922 1118 substantia

295 1159 458 1225 ωδε
489 1167 593 1225 est,
641 1157 734 1212 sed
768 1172 833 1210 ex
872 1157 1184 1211 substantia
1227 1154 1428 1219 Patris,
1461 1152 1619 1220 cujus
1649 1153 1765 1208 hate
1795 1161 1924 1208 sunt

295 1179 298 1182 ’
399 1173 458 1213 se
489 1173 593 1225 εει,
641 1173 734 1212 seu
768 1173 833 1210 ex
872 1173 1184 1211 suoStanua
1227 1173 1428 1219 ratrts,
1461 1173 1619 1220 cujus
1651 1173 1765 1208 meo
1795 1173 1920 1208 sum

219 1173 558 1321 Wopria
580 1269 594 1303 :
619 1249 765 1319 quod
788 1257 969 1304 autem
988 1247 1308 1304 substantia:
1323 1245 1498 1302 Patris
1514 1246 1793 1316 pr0prinm
1817 1253 1920 1310 est,

342 1341 574 1410 ejusque
597 1340 804 1410 proles,
821 1340 952 1410 quid
971 1339 1116 1394 aliud
1136 1339 1318 1405 fuerit,
1334 1354 1426 1394 aut
1446 1339 1721 1409 quomodo
1747 1337 1926 1407 appel-

344 1431 568 1486 landum
590 1432 683 1497 sit,
709 1431 818 1486 nisi
856 1430 1367 1486 consubstantialc?
1395 1428 1530 1485 Nam
1557 1446 1678 1500 qua:
1710 1430 1835 1500 quis
1867 1429 1922 1484 in

340 1523 501 1581 Patre
516 1525 680 1591 videt,
694 1525 955 1579 eademin
971 1523 1107 1579 Filio
1121 1523 1388 1593 conspicit
1403 1541 1416 1590 ;
1431 1525 1484 1578 in
1500 1522 1656 1590 Filio,
1676 1523 1920 1593 inquam,

348 1637 454 1674 non
476 1635 542 1674 ex
563 1620 1002 1690 participatione,
1025 1619 1119 1673 sed
1137 1618 1436 1674 secundum
1456 1618 1838 1673 substantiam.
1862 1615 1925 1670 Et

348 1711 452 1764 hoc
478 1717 560 1764 est
588 1728 602 1764 :
626 1707 738 1779 Ego
772 1719 822 1762 et
857 1708 1026 1763 Pater
1058 1725 1223 1762 unum
1243 1724 1422 1762 sumus
1446 1707 1522 1775 “;
1550 1716 1622 1773 et,
1660 1708 1764 1772 Qui
1794 1707 1924 1760 vidit

346 1816 446 1865 me,
501 1801 634 1854 vidit
679 1812 727 1854 et
781 1800 995 1854 Patrem
1021 1800 1088 1853 ‘7.
1123 1797 1322 1854 Verum
1379 1798 1510 1852 hinc
1543 1813 1764 1868 quoque
1801 1813 1832 1853 c
1863 1813 1924 1853 rc

343 1893 510 1949 fuerit
544 1908 735 1948 eorum
771 1894 1066 1947 amentiam
1107 1899 1581 1947 commonstrare:
1617 1889 1671 1945 Si
1702 1906 1768 1945 ex
1813 1891 1924 1945 vir-

345 1993 479 2051 tute,
497 2000 661 2054 quam
698 1984 946 2054 sequitur
971 1983 1110 2038 velle
1137 1993 1191 2037 et
1223 1997 1331 2036 non
1350 1983 1508 2048 velle,
1541 1998 1641 2037 nec
1660 1998 1767 2036 non
1799 1997 1921 2037 mo-

343 2093 466 2132 rum
494 2076 800 2147 profectus,
838 2075 1038 2132 similis
1064 2084 1148 2130 est
1167 2073 1318 2129 Patri
1349 2073 1546 2141 Filius,
1577 2081 1638 2128 ut
1662 2088 1760 2128 vos
1789 2073 1923 2128 dici-

341 2171 416 2224 tis
439 2209 456 2237 ,
486 2169 604 2224 haec
629 2179 811 2223 autem
845 2178 975 2223 sunt
997 2167 1278 2238 qualitatis
1309 2167 1528 2237 prepria
1553 2185 1567 2222 :
1593 2182 1725 2235 ergo
1751 2166 1921 2222 Deum

339 2263 524 2318 dicitis
555 2277 623 2316 ex
667 2261 926 2331 qualitate
972 2269 1026 2315 et
1065 2276 1130 2315 ex
1176 2259 1482 2315 substantia
1533 2260 1914 2330 compositum.

343 2353 543 2424 Ecquis
571 2368 669 2408 vos
715 2353 860 2407 ultra
911 2351 1051 2408 ferat
1095 2352 1224 2407 talia
1269 2351 1557 2407 dicentes?
1616 2367 1724 2406 non
1775 2353 1919 2406 enim

339 2447 679 2516 compositus
707 2453 792 2500 est
818 2443 985 2509 Deus,
1019 2445 1113 2515 qui
1147 2445 1332 2500 omnia
1364 2454 1424 2499 ut
1469 2454 1652 2500 essent
1691 2459 1922 2515 compo-

342 2539 490 2594 suit:
515 2553 694 2609 neque
720 2537 867 2601 talis,
901 2528 1084 2608 qualia
1115 2545 1244 2593 sunt
1279 2553 1401 2607 qua:
1427 2537 1495 2590 ab
1517 2537 1636 2602 ipso
1662 2553 1757 2608 per
1789 2536 1923 2592 Ver-

341 2631 470 2684 bum
504 2637 634 2684 sunt
677 2627 839 2689 facta,
869 2627 1038 2681 absit.
1067 2624 1310 2696 Simplex
1348 2625 1494 2680 enim
1531 2634 1615 2678 est
1666 2625 1921 2679 substan-

345 2720 443 2785 tia,
476 2719 532 2774 in
583 2734 694 2788 qua
723 2719 872 2773 nulla
899 2717 1160 2787 qualitas,
1191 2731 1388 2787 neque,
1443 2725 1502 2770 ut
1556 2716 1630 2770 ait
1662 2713 1919 2782 Jacobus,

345 2810 720 2864 transmutatio
772 2818 864 2862 aut
918 2807 1299 2861 vicissitudinis
1330 2806 1663 2861 obumbratio
1685 2806 1748 2859 ⁸⁸.
1783 2807 1918 2860 Cum

339 2904 507 2975 igitur
536 2903 973 2958 demonstratum
1019 2900 1092 2954 sit
1149 2915 1274 2954 eum
1321 2915 1430 2954 non
1465 2915 1533 2953 ex
1564 2899 1762 2953 virtute
1795 2913 1921 2969 pro-

342 2997 554 3060 cedere,
589 2994 792 3064 quippe
825 3007 927 3047 nec
952 2992 1006 3046 in
1031 2991 1140 3046 Deo
1160 3006 1262 3046 nec
1288 2991 1344 3045 in
1377 2989 1518 3046 Filio
1541 3000 1626 3046 est
1652 2991 1916 3061 qualitas;

339 3101 472 3155 ergo
501 3084 823 3154 substantiae
855 3082 1109 3154 preprius
1162 3082 1365 3138 fuerit:
1416 3083 1630 3153 hocque
1662 3098 1793 3138 sane
1835 3081 1920 3138 fa—

339 3177 565 3234 teamini
599 3193 823 3233 necesse
848 3188 950 3241 est,
984 3177 1091 3232 nisi
1121 3177 1279 3246 plane
1309 3176 1360 3230 in
1385 3175 1544 3231 vobis
1568 3176 1921 3247 intelligentia

338 3271 580 3340 perierit.
613 3269 733 3326 Jam
760 3271 904 3342 quod
947 3269 1230 3340 proprium
1268 3277 1377 3347 est,
1409 3278 1463 3323 et
1508 3269 1650 3324 idem
1680 3284 1746 3324 ac
1788 3269 1922 3324 sub-

338 3365 538 3419 stantia
567 3364 774 3428 divina,
821 3371 874 3417 et
917 3377 984 3416 ex
1038 3363 1156 3431 ipsa
1204 3362 1454 3416 naturale
1483 3377 1746 3432 germen,
1789 3361 1921 3432 quid

337 3452 483 3506 aliud
513 3451 698 3516 fuerit,
735 3452 842 3506 nisi
873 3459 1272 3522 consequenter
1298 3451 1528 3521 genitori
1559 3452 1924 3507 consubstan-

344 3543 472 3598 tiale
503 3562 516 3597 :
553 3544 645 3598 illa
694 3543 896 3613 quippe
945 3554 1074 3598 nota
1125 3554 1209 3597 est
1237 3543 1359 3597 Filii
1397 3559 1522 3614 erga
1561 3542 1796 3598 Patrem.
1855 3542 1923 3598 Et

343 3639 447 3690 hoc.
480 3636 573 3706 qui
605 3645 790 3706 negat,
835 3637 883 3692 is
912 3637 1136 3692 minime
1163 3637 1338 3692 credit
1386 3635 1624 3692 Verbum
1669 3653 1791 3694 esse
1825 3652 1921 3692 na-

340 3743 461 3783 tura
495 3747 560 3784 ac
587 3746 713 3783 vere
744 3728 963 3783 Filium.
1580 3744 1583 3746 ·

411 3819 464 3874 9.
506 3818 645 3874 Cum
679 3835 792 3874 rem
825 3821 899 3875 ita
933 3819 1528 3892 intelligerentPatres,
1560 3821 1918 3891 scripserunt,

341 3910 539 3968 Filium
569 3929 693 3969 esse
721 3913 871 3968 Patri
900 3916 1419 3970 consubstantialem
1447 3933 1462 3982 ;
1493 3923 1547 3970 et
1575 3915 1922 3970 anathemate

341 4006 744 4061 damnaverunt
772 4020 868 4060 eos
899 4006 994 4075 qui
1025 4005 1290 4071 dicerent,
1325 4005 1522 4059 Filium
1562 4020 1629 4060 ex
1663 4005 1770 4059 alia
1799 4020 1921 4060 esse

341 4098 651 4154 substantia
678 4116 691 4153 ι
727 4113 906 4169 neque
938 4100 1102 4153 verba
1134 4099 1404 4168 ejusmodi
1433 4098 1728 4152 commenti
1769 4106 1916 4162 sunt,

340 4190 433 4244 sed
468 4206 531 4246 ca
566 4191 670 4260 ipsi
703 4205 732 4244 a
759 4191 960 4260 priscis
990 4189 1248 4244 Patribus
1274 4189 1626 4266 edidiceram,
1661 4189 1740 4242 uti
1774 4189 1918 4243 dixi-

339 4291 484 4330 inus.
528 4273 625 4345 liis
662 4275 828 4346 igitur
881 4275 954 4328 ita
997 4276 1466 4337 commenstratis,
1517 4273 1790 4344 superﬂua
1836 4281 1921 4330 est

2023 496 2159 552 εἶναι
2203 498 2627 568 παντοκράτωρ,
2655 493 2718 547 τδ
2754 493 3044 563 ἄτρεπτον.
3091 491 3173 544 Τὰ
3203 491 3262 546 δὲ
3303 495 3512 566 γενητὰ
3550 497 3613 549 οὐ

2022 590 2241 644 δύναται
2275 589 2418 659 ἔχειν
2445 589 2506 641 τὸ
2526 586 2876 658 δημιουργεῖν
2894 601 2907 614 ·
2935 583 3128 637 κτιστὰ
3150 583 3260 654 γάρ
3288 585 3440 637 ἐστιν
3457 602 3472 614 ·
3493 586 3617 640 οὐδὲ

2022 684 2083 736 τὸ
2111 684 2308 738 ἀΐδιονο
2344 679 2518 752 ἀρχὴν
2545 680 2652 750 γὰρ
2681 678 2795 749 ἔχει
2827 676 2922 730 τοῦ
2956 672 3096 730 εἶναι
3122 693 3138 706 ·
3166 676 3286 729 οὐδὲ
3315 676 3377 730 τὺ
3411 695 3616 730 παντο-

2023 775 2246 846 κράτωρ
2276 773 2369 826 καὶ
2399 772 2666 843 ἄτρεπτον
2685 786 2699 800 ·
2735 769 3083 840 κρατούμενα
3115 768 3222 839 γὰρ
3247 770 3340 822 καὶ
3373 772 3620 842 τρεπτῆς

2026 865 2238 937 φύσεώς
2269 869 2436 928 ἐστιν,
2462 863 2652 934 ὥσπερ
2674 863 2731 916 αἱ
2758 862 2973 933 Γραφαὶ
2999 861 3271 930 λέγουσιν.
3318 862 3536 916 Οὐκοῦν
3572 867 3619 916 εξ

2023 959 2196 1014 ταῦτα
2241 956 2338 1011 τοῦ
2391 956 2522 1010 Υῑοῦ
2555 957 2725 1018 ἐστιν,
2755 955 2856 1008 οὐκ
2898 953 2958 1018 ἐξ
2985 954 3206 1025 ἀρετῆς,
3236 954 3313 1014 ὡς
3363 954 3618 1025 εἴπομεν,

2025 1052 2160 1106 ἀλλὰ
2190 1051 2294 1121 τῆς
2325 1050 2516 1113 οὐσίας
2537 1047 2704 1102 αὐτοῦ
2739 1049 2857 1100 ἐστι
2897 1047 3010 1118 (75)
3039 1045 3280 1118 δηλονότι
3303 1087 3318 1111 ,
3351 1048 3429 1112 ὡς
3462 1044 3622 1103 εἶπεν

2025 1147 2058 1216 ή
2089 1143 2304 1207 σύνοδος
2327 1159 2342 1174 ·
2369 1144 2470 1196 οὐκ
2499 1140 2560 1206 ἐξ
2591 1140 2758 1210 ἄλλης
2778 1139 2964 1203 οὐσίας
2995 1140 3145 1192 ἐστὶν
3164 1180 3180 1202 ,
3215 1140 3354 1193 ἀλλά
3385 1141 3492 1212 τῆς
3524 1141 3621 1195 τοῦ

2026 1235 2260 1306 Πατρὸς,
2291 1230 2360 1308 ἧς
2395 1237 2511 1288 ἐστι
2542 1235 2634 1286 καὶ
2665 1232 2837 1286 ταῦτα
2881 1231 3017 1284 ἴδια·
3050 1232 3112 1284 τὸ
3143 1233 3201 1286 δὲ
3245 1234 3346 1303 τῆς
3376 1229 3481 1285 τοῦ
3510 1234 3625 1287 Πα-

2025 1327 2152 1400 τρὸς
2177 1327 2366 1390 οὐσίας
2397 1326 2549 1391 ἴδιον,
2577 1325 2673 1378 καὶ
2701 1323 2761 1388 ἐξ
2788 1323 2959 1394 αὐτῆς
3007 1324 3276 1395 γέννημα,
3308 1322 3362 1376 τί
3393 1323 3462 1377 ἂν
3510 1326 3621 1396 εἴη,

2026 1418 2059 1488 ἦ
2095 1417 2212 1479 πῶς
2249 1416 2314 1470 ἀν
2332 1433 2420 1479 τις
2446 1415 2764 1486 ὀνομάσειεν
2792 1414 2945 1478 αὐτὸ,
2997 1414 3030 1485 ἢ
3079 1414 3399 1485 ὁμοούσιον;
3426 1414 3464 1468 ἀ
3513 1416 3625 1487 γὰρ

2029 1511 2212 1580 βλέπει
2237 1526 2321 1573 τις
2350 1511 2408 1563 ὲν
2439 1509 2519 1580 τῷ
2549 1509 2744 1580 Πατρὶ,
2771 1507 2946 1562 ταῦτα
2977 1507 3163 1579 βλέπει
3189 1509 3285 1562 καὶ
3313 1508 3366 1578 (7
3373 1509 3426 1579 4)
3457 1511 3522 1562 ὲν
3547 1510 3627 1580 τῷ

2030 1601 2173 1672 Υίῷ·
2216 1584 2334 1671 Υιῷ
2379 1601 2436 1654 δὲ
2467 1601 2566 1654 οὐκ
2615 1602 2680 1653 ὲκ
2717 1599 3020 1671 μετουσίας,
3052 1598 3191 1653 ἀλλὰ
3235 1601 3353 1653 κατ’
3405 1601 3625 1656 οὐσίαν.

2028 1693 2140 1747 Καὶ
2165 1692 2323 1746 τοῦτό
2343 1693 2492 1745 ὲστιν
2518 1709 2531 1722 ·
2578 1691 2720 1762 Ἐγὼ
2747 1692 2846 1745 καὶ
2869 1694 2902 1746 ό
2925 1690 3129 1760 Πατὴρ
3152 1691 3222 1746 ἓν
3248 1693 3442 1762 ἐσμεν
3458 1735 3476 1759 ,
3506 1697 3625 1759 καὶ,

1957 1753 1999 1808 Β
2037 1784 2089 1835 Ὁ
2119 1783 2226 1853 ἐμὲ
2268 1782 2542 1851 ἑωρακὼς
2593 1753 2818 1852 ἐῶρακε
2855 1783 2962 1836 τὸν
3005 1753 3257 1852 Πᾶτέρα.
3314 1753 3536 1848 ’ῖΑλλως
3566 1753 3626 1838 τέ

2026 1877 2120 1931 καὶ
2151 1878 2216 1930 ὲκ
2245 1875 2435 1929 τούτου
2467 1875 2630 1929 πάλιν
2655 1875 2818 1929 καλὸν
2843 1875 3118 1928 δεικνύναι
3159 1875 3259 1946 τὴν
3301 1876 3626 1948 ἀφροσύνην

2023 1968 2204 2022 αὐτῶν
2223 1987 2236 2000 ·
2262 1971 2310 2021 εἰ
2335 1967 2393 2034 ἐξ
2419 1969 2621 2039 ἀρετῆς
2657 1967 2769 2038 (75)
2803 1967 2997 2019 ἕπεται
3019 1966 3080 2018 τὸ
3109 1966 3285 2019 θέλειν
3315 1967 3412 2020 καὶ
3439 1968 3506 2021 τὸ
3549 1971 3625 2040 μὴ

2023 2062 2224 2126 θέλειν,
2267 2062 2361 2114 καὶ
2396 2061 2616 2131 τρόπων
2667 2058 2980 2130 βελτίωσις,
3033 2059 3218 2130 ὅμοιος
3262 2060 3386 2113 καθ’
3413 2062 3567 2131 ὑμᾶς
3598 2062 3628 2112 ό

2024 2154 2153 2218 Υἱός
2189 2156 2304 2207 ἐστι
2337 2152 2413 2223 τῷ
2444 2149 2652 2221 Πατρί·
2689 2149 2862 2203 ταῦτα
2891 2149 2950 2202 δὲ
2997 2150 3284 2219 ποιότητος
3335 2150 3444 2203 ἴδια
3469 2151 3622 2220 (76)·

2021 2245 2261 2315 δηλονότι
2292 2244 2548 2298 σύνθετον
2583 2242 2676 2295 τὸν
2708 2241 2841 2294 Θεὸν
2871 2243 2937 2294 ἐκ
2968 2241 3256 2312 ποιότητος
3286 2242 3379 2294 καὶ
3429 2243 3627 2308 οὐσίας

2021 2337 2232 2405 λέγετε.
2265 2337 2374 2389 Καὶ
2405 2336 2488 2398 τίς
2521 2335 2676 2406 ὑμῶν
2706 2333 2956 2400 ἀνέξεται
2985 2333 3160 2386 ταῦτα
3193 2333 3465 2402 λεγόντων
3489 2354 3502 2365 ·
3559 2338 3625 2389 οὐ

2022 2427 2132 2498 γὰρ
2167 2426 2419 2490 σύνθετος
2443 2428 2470 2479 ὁ
2496 2425 2628 2488 Θεὸς
2659 2426 2688 2477 ὁ
2710 2423 2780 2478 τὰ
2819 2425 2996 2478 πάντα
3022 2426 3102 2488 εἰς
3149 2425 3210 2476 τὸ
3237 2421 3375 2478 εῖναι
3426 2442 3624 2479 συντετ-

2023 2515 2251 2580 θεικὼς,
2298 2515 2419 2576 οὐδὲ
2462 2514 2727 2578 τοιοῦτος,
2765 2509 2854 2567 οἷά
2888 2515 3006 2566 ἐστι
3041 2513 3110 2567 τὰ
3165 2515 3298 2584 παρ’
3329 2515 3498 2568 αὐτοῦ
3532 2517 3627 2570 διὰ

2020 2606 2113 2660 τοῦ
2141 2607 2254 2679 (77)
2303 2607 2478 2676 Λόγου
2534 2606 2820 2676 γενόμενα,
2860 2605 2935 2676 μὴ
2968 2605 3208 2674 γένοιτοί
3270 2605 3446 2677 Ἀπλῆ
3507 2608 3625 2680 γάρ

2023 2701 2172 2752 ἐστιν
2231 2699 2413 2764 οὐσία,
2466 2692 2581 2771 ὲνῇ
2620 2698 2721 2750 οὐκ
2750 2697 2828 2750 ἔνι
2853 2699 3094 2770 ποιότης,
3127 2700 3270 2764 οὐδὲ,
3295 2700 3372 2762 ὡς
3406 2695 3565 2755 εἶπεν
3592 2703 3623 2755 ό

2034 2791 2288 2854 Ἰάκωῦος
2308 2829 2326 2856 ,
2362 2788 2727 2859 Παραλίὶαγή
2757 2807 2849 2855 τις
2877 2790 2915 2859 ἢ
2945 2790 3173 2859 τροπῆς
3196 2793 3618 2862 ἀποσκίασμα.

2022 2883 2231 2936 Οὐκοῦν
2277 2883 2327 2936 εἰ
2360 2882 2634 2936 δείκνυται
2690 2883 2791 2935 οὐκ
2853 2881 2915 2946 ἐξ
2949 2883 3155 2954 ἀρετῆς
3189 2883 3341 2954 (78)·
3395 2885 3458 2937 οὐ
3505 2885 3621 2954 γὰρ
3670 2927 3673 2929 .

2023 2973 2250 3044 ποιότης
2279 2976 2338 3028 ὲν
2359 2973 2438 3044 τῷ
2459 2973 2600 3044 Θεῷ,
2631 2971 2756 3027 οὔτε
2787 2975 2844 3026 ὲν
2886 2972 2966 3044 τῷ
3010 2973 3124 3045 Υίῷ
3151 2991 3164 3004 '
3219 2974 3461 3047 δηλονότι
3513 2977 3619 3046 τῆς

1950 3092 1994 3151 c
2025 3067 2215 3130 οὐσίας
2246 3066 2376 3131 tam;
2408 3067 2473 3122 ἂν
2496 3067 2580 3139 εἴη
2607 3086 2620 3098 ·
2650 3067 2744 3121 καὶ
2771 3066 2930 3121 τοῦτο
2961 3068 3181 3131 πάντως
3210 3069 3613 3140 ὁμολογήσετε,

2024 3161 2072 3212 εί
2106 3158 2179 3231 μὴ
2201 3159 2384 3213 τέλεον
2427 3159 2490 3213 τὸ
2536 3163 2676 3213 νοεῖν
2707 3159 2957 3213 ἀπώλετο
3002 3162 3059 3214 ὲν
3111 3161 3243 3230 ὑμῖν
3285 3161 3420 3232 (79).
3455 3162 3531 3215 Τὸ
3563 3162 3616 3216 Σὲ

2025 3250 2159 3303 ῐδιον
2184 3251 2277 3303 καὶ
2303 3250 2499 3303 ταύτὸν
2526 3253 2592 3322 τῇ
2615 3251 2706 3304 τοῦ
2737 3250 2874 3304 Θεοῦ
2907 3252 3065 3322 οὐσίᾳ
3083 3252 3177 3305 καὶ
3210 3252 3270 3316 ἐξ
3291 3253 3463 3321 αὐτῆς
3489 3255 3603 3323 γέν⁴

2022 3360 2170 3414 νημα
2197 3342 2356 3412 φύσει
2397 3345 2664 3415 τυγχάνον
2693 3343 2746 3397 τί
2776 3343 2841 3398 ἂν
2871 3346 2978 3416 εἴη,
3031 3344 3065 3416 ἢ
3114 3344 3282 3398 ’πάλιν
3332 3347 3428 3399 καὶ
3470 3349 3616 3402 κατὰ

2021 3433 2180 3487 τοῦτο
2205 3434 2490 3505 ὁμοούσιον
2511 3434 2590 3504 τῷ
2610 3436 2933 3507 γεννήσαντι
2959 3452 2973 3500 ;
3001 3434 3159 3489 τοῦτο
3187 3438 3297 3506 γὰρ
3323 3437 3454 3490 Υἱοῦ
3477 3438 3613 3510 πρὸς

2023 3527 2243 3598 Πατέρα
2269 3526 2576 3599 γνώρισμα.
2604 3528 2714 3581 Καὶ
2745 3531 2772 3581 ὁ
2805 3529 2880 3600 μὴ
2911 3529 3067 3582 τοῦτο
3094 3529 3286 3598 λέγων,
3310 3533 3371 3584 οὐ
3402 3535 3612 3602 φρονεῖ,

2024 3619 2181 3688 φύσει
2212 3620 2308 3673 καὶ
2325 3619 2541 3690 ἀληθῶς
2575 3620 2702 3674 Υἱὸν
2739 3617 2880 3674 εἶναι
2907 3621 3000 3674 τὸν
3028 3619 3220 3689 Λόγον.

2091 3827 2146 3881 9.
2178 3825 2334 3879 Οὕτω
2363 3827 2654 3897 νοήσαντες
2679 3825 2728 3878 οἱ
2759 3826 3022 3897 Πατέρες,
3051 3824 3298 3897 ἔγραψαν
3320 3822 3631 3896 ὁμοούσιον’

2022 3912 2159 3970 εἶναι
2189 3917 2283 3971 τὸν
2314 3917 2442 3970 Υίὸν
2465 3916 2544 3988 τῷ
2565 3916 2778 3987 ’Πατρ“ι,
2803 3916 2899 3970 καὶ
2923 3915 3324 3988 ἀνεθεμάτισαν
3350 3917 3477 3981 τοὺς
3513 3916 3622 3972 Et?

2020 4024 2215 4076 γοντας
2246 4007 2303 4073 ἐξ
2337 4007 2528 4079 ἑτέρας
2563 4008 2913 4071 ὑποστάσεως
2955 4003 3094 4062 εἶναι
3137 4009 3229 4061 τὸν
3289 4009 3416 4063 Υἰόν
3442 4027 3457 4040 ·
3507 4011 3608 4082 οὐχ

2021 4099 2233 4177 ἑαυτοῖς
2267 4097 2603 4170 πλασάμενοι
2629 4099 2822 4164 λέξεις,
2859 4099 2994 4154 ἀλλά
3033 4101 3127 4153 καὶ
3153 4101 3307 4154 αὐτοὶ
3343 4102 3454 4156 ἀπὸ
3495 4104 3607 4158 τῶν

2020 4189 2127 4261 πρὸ
2169 4189 2349 4243 αὐτῶν
2399 4191 2658 4262 Πατέρων
2697 4191 2981 4262 μαθόντες,
3040 4192 3296 4264 καθάπερ
3354 4193 3604 4266 εἴπομεν.

2021 4279 2237 4334 Τούτων
2265 4281 2322 4334 δὲ
2347 4281 2489 4335 οὓτω
2519 4281 2905 4352 δεικνυμένων,
2930 4284 3155 4356 περιττὴ
3185 4286 3364 4338 αὐτῶν
3388 4288 3433 4360 ή.
3461 4288 3603 4359 Ἀρί-

337 4381 461 4436 qua;
480 4367 549 4421 ab
571 4365 679 4420 illis
707 4365 934 4420 aﬂ'ertur
955 4363 1322 4420 Ariminensis
1350 4364 1613 4436 synodus,
1644 4365 1914 4434 superﬂua

2057 4390 2211 4444 .ηνος,
2241 4373 2470 4445 περιττὴ
2500 4375 2592 4427 καὶ
2618 4376 2649 4446 ή
2682 4374 2793 4445 (80)
2821 4375 2954 4447 άλλη
2985 4379 3114 4447 παρ’
3142 4378 3321 4432 αὐτῶν
3338 4379 3604 4450 ὀνομαζο-

335 4433 392 4513 et
417 4457 523 4512 alia
555 4458 624 4513 ab
666 4458 802 4528 ipsis
846 4458 1197 4529 synodusde
1232 4458 1336 4513 ﬁde
1369 4433 1658 4528 appellata.
1709 4433 1918 4514 Suiﬁcit

2057 4433 2326 4534 ιένη-περὶ-
2348 4433 2583 4528 πίστεως
2617 4433 2852 4530 σύνοδος.
2889 4433 3079 4539 Ἀ’ρκεέ
3098 4468 3207 4540 γάρ
3237 4472 3270 4542 ή
3311 4472 3370 4523 ὲν
3399 4433 3602 4545 Ιλὲικαίᾳ

335 4551 480 4606 enim
515 4549 734 4605 Nicaena
757 4558 879 4620 quae
908 4566 1033 4606 cum
1060 4551 1256 4621 priscis
1306 4551 1579 4622 episcopis
1622 4551 1914 4615 consentit,

2061 4554 2315 4625 ύμφωνος
2343 4550 2478 4609 οὖσα
2504 4555 2598 4609 καὶ
2641 4560 2754 4621 τοῖς
2786 4558 3035 4630 ἀρχαίοις
3072 4561 3424 4629 ἐπισκόποις,
3460 4567 3518 4618 ἐν

339 4648 392 4698 in
428 4659 536 4713 qua
576 4644 768 4698 Patres
803 4643 1046 4714 ipsorum
1083 4643 1480 4714 subscripsere,
1511 4657 1652 4713 quos
1680 4645 1913 4698 revereri

2059 4647 2116 4700 αὶ
2134 4647 2184 4698 οἱ
2214 4647 2456 4719 Πατέρες
2485 4647 2665 4700 αὐτῶν
2693 4649 3036 4722 ὑπέγραψαν,
3063 4651 3156 4711 οὓς
3188 4653 3452 4708 αἰδεῖσθαι
3477 4655 3600 4710 τού-

339 4735 461 4790 illos
484 4737 748 4803 oportuit,
796 4751 864 4790 ne
918 4737 1101 4791 omnia
1153 4739 1335 4807 potius
1397 4752 1560 4807 quam
1619 4738 1915 4792 Christiani

2057 4755 2147 4800 ους
2177 4737 2435 4809 ἔπρεπεν,
2461 4741 2549 4794 ἵνα
2583 4739 2656 4812 μὴ
2681 4741 2859 4795 πάντα
2894 4743 3146 4814 μᾶλλονῆ
3176 4746 3491 4817 Χριστιανοὶ
3514 4765 3598 4800 νο-

344 4824 670 4880 habeantur.
702 4823 859 4891 Quod
888 4827 934 4880 si
957 4835 1079 4896 post
1112 4827 1226 4884 haec
1251 4835 1422 4892 tanta,
1461 4835 1586 4897 post
1607 4827 1913 4899 priscorum

2057 4827 2308 4883 ιισθῶσιν.
2343 4831 2406 4883 Εἰ
2457 4829 2513 4883 δὲ
2547 4830 2642 4884 πα)⁵
2692 4832 2829 4902 μετὰ
2889 4833 3144 4898 τοσαῦτα,
3202 4837 3340 4905 μετά
3378 4837 3472 4889 καὶ
3497 4837 3596 4908 τὴν

409 5003 455 5034 κ
492 5003 651 5058 Joan.
685 5021 738 5070 ς,
779 5005 866 5062 50.
945 5005 990 5037 ⁸⁷
1028 5004 1186 5061 Joan.
1222 5022 1336 5071 xw,
1369 5007 1423 5063 9.
1497 5004 1544 5038 ⁸³
1579 5001 1693 5062 Jac.
1726 5005 1882 5069 ι,17.

423 5167 537 5241 (τῇ)
566 5167 744 5241 -ξΕστι
773 5166 925 5241 deest
948 5165 1351 5241 in_An_glicano.
2097 5169 2208 5241 (78)
2250 5170 2328 5225 Ita
2360 5168 2907 5241 Anglicanus,_at'que_
2948 5168 3022 5241 ita
3073 5169 3204 5240 legit
3240 5168 3490 5224 Nannius
3516 5188 3598 5225 re-

411 5238 524 5312 (74)
565 5237 683 5291 Καί
710 5239 862 5312 deest
897 5237 951 5290 in
987 5234 1180 5305 Regio.
1222 5307 1274 5312 __
1316 5309 1327 5312 _
1440 5309 1463 5312 _
1534 5303 1562 5312 __
1748 5307 1760 5312 _
2027 5234 2132 5312 (te.
2189 5240 2245 5312 lin
2294 5234 2473 5296 editis.
2495 5249 2549 5294 et
2596 5234 2828 5312 inanis,
2859 5239 2959 5291 οὐκ
2982 5234 3154 5295 (ἰοειιῖ
3192 5242 3333 5294 Infra
3365 5241 3593 5312 Regius,

409 5303 526 5377 (75)
567 5308 878 5380 Legemlu_m
915 5303 1191 5380 putamus,
1216 5307 1276 5372 ἐξ
1304 5309 1502 5380 ἀρετῆς
1530 5303 1617 5380 ἧς,
1653 5307 1916 5380 omissum

2057 5314 2172 5373 5ιος.
2204 5311 2343 5364 Editi
2372 5325 2502 5365 vero
2527 5320 2580 5364 et
2611 5311 2723 5370 alii,
2755 5309 2901 5362 ἴδιον.

342 5373 781 5452 neinpe_vi«ietur
806 5373 874 5448 ἧς
901 5373 970 5432 οι)
997 5373 1370 5452 repetitionem
1406 5373 1648 5447 ejusdem
1676 5379 1916 5449 syllabae,
2095 5381 2205 5449 (79)
2246 5380 2449 5449 Regius
2490 5389 2547 5435 et
2590 5380 2942 5452 Angliczinus,
2971 5383 3029 5434 ἐν
3077 5381 3228 5452 ὑμῖν.
3271 5382 3409 5437 Editi
3440 5398 3595 5448 vero,

347 5449 842 5521 qudeplgruniqne
868 5449 1154 5521 contingit.
1208 5520 1214 5521 γ
1483 5519 1488 5521 _
1569 5519 1576 5521 _
1637 5518 1645 5521 _
1857 5519 1863 5521 _
2024 5453 2082 5504 ἐν
2107 5455 2240 5521 ἡμῖν
2266 5453 2428 5506 male.

2094 5517 2205 5592 (80)
2251 5523 2322 5575 lta
2365 5519 2718 5592 Qnglieanns.
2766 5517 2823 5573 In
2879 5520 3040 5574 editis
3083 5530 3138 5575 et
3181 5521 3322 5582 aliis,
3351 5523 3385 5592 ἡ
3418 5525 3594 5579 deest.

2018 5589 2193 5646 Paulo
2217 5601 2343 5664 post
2375 5589 2590 5664 ἤρεμα
2616 5589 2976 5664 _Anglicalius,
3027 5593 3210 5664 ’Δρκεί
3250 5589 3384 5664 γάρ.
3450 5594 3595 5650 Editi

2015 5677 2144 5718 vero
2173 5660 2230 5719 et
2257 5662 2536 5731 alii,’Est
2562 5660 2692 5732 γάρ.

414 5517 539 5590 (76)
569 5517 788 5587 Regius,
814 5518 990 5574 ταῦτα
1017 5520 1074 5573 δὲ
1100 5520 1382 5590 ποιότητος
1410 5519 1504 5573 καὶ
1528 5518 1734 5590 οὐσίας,
1761 5519 1922 5590 omis-

343 5589 420 5643 sis
463 5589 820 5661 interpositis,
842 5590 909 5644 δι’
935 5588 1360 5661 ὁμοιοτέλευτον.
1386 5590 1520 5644 Ibid.
1551 5589 1786 5658 Anglic.,
1818 5588 1906 5641 λέ-

343 5672 520 5730 γεται.
541 5660 652 5730 Καὶ
678 5660 762 5730 τίς
789 5661 958 5730 euang.

417 5729 529 5803 (77)
569 5729 647 5785 Ita
676 5727 892 5802 Regius.
931 5731 988 5786 ln
1017 5730 1177 5787 editis
1201 5745 1350 5798 vero,
1377 5730 1462 5784 διὰ
1494 5729 1582 5784 τοῦ
1620 5731 1792 5785 deest.
