3810 6228
137 301 160 354 ί
171 297 279 354 0-ίὸ

1185 290 1525 347 EPISTOLA
1558 290 1649 344 AD
1689 288 1918 345 AFROS
1959 286 2357 344 EPISCOPOS.

3278 255 3416 345 tota

141 407 465 484 μαρτυρίαν
514 407 618 461 τῶν
667 407 911 479 ἀρχαίων
959 408 1270 462 ἐπισκόπων
1298 447 1312 473 ,
1348 409 1442 462 καὶ
1479 408 1615 480 μετὰ
1645 407 1742 479 τὴν

1862 409 2222 478 :piscoporum
2258 405 2656 470 testimonium,
2683 415 2807 477 post
2833 407 3288 478 subscriptionem
3313 406 3417 460 Ρι-

138 501 481 574 δπογραφὴν
536 501 642 555 τῶν
693 500 836 554 ἰδίων
885 501 1165 571 Πατέρων,
1196 500 1641 572 προσποιοῦνται,
1670 500 1744 562 ὡς

138 596 506 666 ἀγνοοῦντες,
544 594 642 664 τὴν
665 592 812 659 λέξιν
835 592 1116 662 φοϐεῖσθαι
1142 591 1235 646 τοῦ
1254 592 1562 663 όμοουσίου,
1590 592 1747 645 εἰπά-

135 704 320 743 τωσαν
345 687 452 740 καὶ
481 685 852 756 φρονείτωσαν
884 685 1251 756 ἁπλούστερον
1285 685 1382 755 μὲν
1415 685 1507 738 καὶ¹
1531 683 1747 754 ἀληθῶς

138 781 229 833 τὸν
254 779 392 832 Υἰὸν
411 778 582 849 φύσει
616 777 763 841 Υἱὸν,
782 777 1342 848 ἀναθεματισάτωσαν
1370 778 1428 831 δὲ
1452 818 1466 841 ,
1498 777 1573 841 ὼς
1600 795 1746 848 παρ-

140 871 408 942 ήγγειλεν
446 872 484 940 ἡ
525 870 761 934 σύνοδος.
782 871 910 934 τοὺς
930 869 1187 938 λέγοντας
1208 872 1433 941 κτίσμα,
1456 870 1489 940 ἢ
1515 870 1745 940 ποίημα,

140 961 258 1034 ῆὲξ
294 964 402 1017 οὐκ
429 963 628 1028 ὄντων,
656 963 726 1034 ἣ,
759 958 867 1016 Ἧν
909 964 1154 1033 ποτεὸτε
1187 963 1288 1015 οὐκ
1321 958 1390 1034 ἦν
1411 965 1441 1016 ὁ
1476 962 1600 1026 Υἱὸς
1652 961 1746 1016 τοῦ

140 1054 313 1110 Θεοῦο
371 1055 479 1108 καὶ
529 1055 611 1108 ὅτι
645 1055 878 1125 τρεπτὸς
929 1055 1025 1108 καὶ
1055 1055 1344 1118 ἀλλοίωτός
1371 1057 1512 1119 ὲστι,
1562 1055 1656 1109 καὶ
1689 1054 1747 1121 ἐξ

143 1147 341 1220 ἐτέρας
368 1147 491 1218 (81)
530 1148 882 1210 ὑποστάσεως
901 1165 913 1178 ·
941 1148 1036 1201 καὶ
1091 1146 1234 1200 οῦτω
1267 1147 1616 1215 φευγέτωσαν
1640 1147 1748 1200 ἀπὸ

144 1239 241 1308 τῆς
293 1237 595 1309 ’Δρειανῆς
626 1238 890 1308 αἱρέσεως
918 1256 934 1272 ο
982 1237 1077 1291 καὶ
1133 1236 1466 1310 θαρροῦμεν,
1497 1238 1578 1290 ὅτι
1617 1254 1748 1308 γνη-

148 1327 277 1391 σίως
309 1327 496 1380 ταῦτα
526 1327 1014 1399 ὰναθεματίζοντες
1039 1328 1393 1399 ὁμολογοῦσιν
1441 1329 1635 1393 εὐθὺς,
1684 1330 1749 1382 ἐκ

145 1419 240 1488 τῆς
286 1419 487 1484 οὐσίας
522 1420 617 1473 καὶ
649 1419 947 1490 ’όμοούσιον
981 1417 1118 1476 εἶναι
1164 1421 1259 1476 τὸν
1285 1422 1415 1475 Υἱδν
1442 1422 1520 1494 τῷ
1552 1423 1745 1492 Πατρί.

147 1511 242 1564 Διὰ
261 1511 428 1564 τοῦτο
455 1510 568 1580 γὰρ
617 1512 712 1566 καὶ
759 1515 806 1565 ot
835 1512 1102 1584 Πατὲρες,
1133 1513 1419 1586 εἰρηκότες
1464 1513 1750 1584 ὁμοούσιον

149 1595 285 1654 εἶναι
328 1602 426 1654 τὸν
475 1601 632 1663 Υἰὸν,
667 1603 945 1672 ἐπήγαγον
972 1603 1168 1667 εὐθύς·
1206 1604 1344 1668 Τοὺς
1394 1603 1451 1657 δὲ
1490 1602 1751 1672 λέγοντας

152 1690 380 1762 κτίσμα,
411 1692 448 1764 ἢ
481 1691 716 1763 ποίημα,
743 1692 776 1764 ἦ
808 1692 866 1758 ἐξ
886 1694 986 1746 οὐκ
1011 1693 1199 1759 ὄντων,
1227 1695 1261 1764 ἢ
1283 1689 1422 1760 ,τΗν
1469 1711 1621 1759 ποτε,
1662 1694 1752 1746 ὅτε

1848 513 1992 557 trum
2025 515 2276 567 suorum,
2325 500 2486 570 quasi
2514 515 2705 556 eorum
2760 501 2956 572 ignari,
3006 516 3128 562 sese
3161 501 3422 558 simulant

1845 589 2333 648 consubstantialis
2379 604 2563 645 vocem
2614 589 3015 657 reformidare;
3059 590 3246 647 dicant
3289 607 3418 647 sen-

1844 686 2096 753 tiantque
2131 681 2465 751 simplicius,
2503 697 2568 736 ae
2622 681 2913 748 sincerius,
2961 681 3182 748 Filium,
3226 691 3422 740 natura

1848 793 1970 833 esse
2003 776 2202 830 Filium
2234 794 2246 829 :
2291 775 2640 829 anathemate
2674 783 2854 829 autem
2888 775 3168 839 damnent,
3211 776 3288 830 uti
3335 793 3424 846 sy-

1847 867 2025 921 nodus
2059 866 2335 936 prazcepit,
2390 879 2486 918 eos
2520 864 2620 933 qui
2655 863 2845 918 dicunt
2886 879 3035 927 eum,
3090 872 3422 927 creaturam,

1848 967 1939 1014 aut
1965 973 2079 1012 rem
2111 957 2310 1013 factam
2342 977 2356 1010 ε
2393 965 2508 1020 aut,
2544 970 2610 1009 ex
2639 971 2749 1009 non
2780 954 3145 1018 exstantibus,
3181 953 3289 1016 vel,
3327 953 3425 1008 ali-

1848 1050 2068 1122 quando
2096 1065 2206 1104 non
2237 1058 2354 1105 erat
2381 1047 2554 1102 Filius
2587 1045 2680 1100 Dei
2709 1064 2722 1100 :
2748 1055 2804 1102 et
2831 1045 3130 1112 mutabilis,
3150 1059 3215 1100 ac
3245 1044 3425 1100 varia-

1847 1145 1976 1199 bilis
2024 1147 2127 1205 εει,
2163 1151 2218 1196 et
2271 1155 2338 1196 ex
2373 1139 2478 1194 alia
2514 1137 2854 1194 substantia:
2885 1145 2941 1192 et
2991 1137 3071 1193 sic
3125 1135 3195 1191 ab
3222 1135 3424 1190 Ariana

1851 1235 2047 1291 haeresi
2075 1233 2350 1302 refugiant
2378 1249 2393 1286 :
2427 1240 2484 1286 et
2507 1230 2834 1286 conﬁdimus
2858 1243 2974 1296 eos,
3006 1230 3052 1285 si
3088 1229 3205 1284 haec
3256 1228 3428 1284 since-

1849 1329 1985 1384 riter
2016 1327 2367 1381 anathemate
2399 1325 2682 1390 damnent,
2711 1323 2894 1377 statim
2926 1319 3299 1386 confessuros,
3331 1318 3426 1374 Fi-

1852 1420 1984 1475 lium
2012 1436 2079 1475 ex
2108 1419 2416 1475 substantia
2444 1416 2622 1472 Patris
2648 1424 2702 1471 et
2733 1413 2880 1471 Patri
2906 1411 3427 1470 consubstantialem

1851 1527 1996 1568 esse.
2031 1511 2155 1567 Ideo
2189 1510 2336 1566 enim
2367 1509 2559 1565 Patres
2597 1523 2717 1563 cum
2767 1506 3035 1562 dixissent
3065 1505 3265 1560 Filium
3307 1518 3431 1560 esse

1851 1600 2000 1657 Patri
2061 1599 2587 1656 consubslantialem
2621 1637 2636 1662 ,
2683 1597 2870 1653 statim
2917 1596 3282 1652 addiderunt:
3322 1594 3430 1651 Eos

1854 1701 2036 1748 autem
2077 1690 2172 1761 qui
2210 1689 2471 1754 dixerint,
2523 1695 2855 1752 creaturam,
2886 1693 2981 1739 aut
3034 1699 3148 1738 rem
3205 1681 3429 1748 factam,

151 1784 248 1838 οὐκ
270 1779 363 1856 ἦν,
381 1784 792 1858 ,ἀναθεματίζει
825 1788 857 1856 ἡ
885 1785 1163 1857 Καθολικὴ
1187 1786 1480 1857 Ἐκκλησία
1505 1801 1518 1816 ·
1548 1786 1634 1839 ἴνα
1661 1784 1750 1839 διὰ

1862 1791 1947 1837 aut
1980 1797 2046 1836 ex
2073 1795 2180 1836 non
2209 1779 2577 1843 exstantibus,
2629 1784 2746 1840 aut,
2784 1774 3078 1846 aliquando
3129 1772 3295 1844 718
3321 1786 3430 1826 non

154 1873 355 1929 τούτων
375 1875 753 1947 γνωρίσωσιν,
787 1877 870 1930 ὅτι
901 1875 1072 1931 ταῦτα
1106 1878 1361 1948 σημαίνει
1394 1878 1505 1950 (82)
1537 1878 1596 1931 τὸ
1617 1879 1753 1949 ὁμο-

155 1965 352 2019 ούσιον.
384 1968 507 2021 Καὶ
536 1969 569 2040 ἠ
596 1965 692 2020 τοῦ
733 1969 1020 2039 ὀμοουσίου
1055 1969 1284 2041 δύναμις
1316 1969 1643 2039 γινώσκεται
1687 1972 1755 2024 ὲκ

157 2056 246 2110 τοῦ
283 2058 360 2129 μὴ
410 2055 561 2112 εἶναι
599 2061 804 2131 κτίσμα
910 2061 1122 2134 ποίημα
1149 2063 1240 2117 τὸν
1279 2063 1407 2117 Υίόν
1432 2082 1445 2094 ·
1493 2065 1586 2116 καὶ
1619 2063 1752 2116 ὅτιό

158 2148 326 2216 λέγων
351 2150 646 2221 ὁμοούσιον
703 2153 764 2205 οὐ
808 2156 996 2222 φρονεί
1034 2154 1239 2226 κτίσμα
1269 2152 1406 2209 εἶναι
1430 2156 1520 2209 τὸν
1546 2155 1716 2223 Λόγον
1735 2171 1750 2186 ·

161 2239 251 2291 καὶ
281 2242 310 2293 ὁ
336 2241 767 2312 ἀναθεματίζων
790 2243 858 2296 τὰ
885 2246 1260 2317 προειρημένα
1308 2246 1589 2317 ὁμοούσιον
1639 2245 1757 2317 ἅμα

165 2336 346 2402 φρονεῖ
359 2329 507 2386 εἶναι
526 2332 617 2386 τὸν
647 2333 775 2388 Υίὸν
814 2333 891 2404 τῷ
925 2335 1098 2406 Πατρί
1118 2353 1131 2365 °
1168 2336 1264 2390 καὶ
1300 2339 1328 2389 ὁ
1359 2335 1641 2407 όμοούσιον
1672 2335 1760 2387 λέ-

163 2435 268 2487 γων
298 2425 533 2495 γνήσιον
554 2424 648 2478 καὶ
677 2424 1109 2504 άληθινὸνκλέγει
1147 2428 1238 2480 τὸν
1283 2427 1413 2481 Υἱὸν
1462 2426 1555 2481 τοῦ
1599 2426 1754 2481 Θεοῦ.

169 2511 270 2566 Καὶ
291 2516 320 2568 ὁ
344 2515 590 2587 Γνήσιον
625 2517 807 2586 λέγων
829 2519 942 2570 νοεῖ
966 2517 1025 2570 τό
1045 2535 1058 2548 ο
1101 2517 1244 2585 Ἐγὼ
1283 2517 1382 2573 καὶ
1399 2521 1431 2572 d
1459 2517 1662 2587 Πατὴρ
1690 2517 1760 2572 ἓν

168 2601 379 2673 ἐσμεν·
409 2607 530 2672 καὶ,
573 2606 625 2658 Ὀ
658 2607 930 2675 ἑωρακὼς
951 2607 1056 2678 ἐμὲ
1082 2607 1304 2676 ἑώρακε
1334 2607 1443 2661 τὸν
1469 2607 1719 2676 Πατέρα.

173 2694 235 2750 Et
258 2699 351 2768 qui
381 2699 524 2754 dicit
550 2713 897 2768 germanum,
927 2700 1095 2769 probe
1126 2699 1376 2772 intelligit
1418 2699 1550 2755 illud
1580 2716 1594 2753 :
1622 2697 1734 2770 Ego
1767 2708 1817 2754 et

197 2808 298 2846 rem
308 2835 322 2849 .

174 2828 192 2870 ⁸
239 2887 325 2944 10.
356 2891 611 2959 Ἕπρεπε
638 2889 736 2959 μὲν
761 2882 856 2942 οῦν
887 2887 974 2940 διὰ
998 2888 1258 2942 πλειόνων
1289 2889 1358 2944 τὰ
1379 2887 1603 2944 τοιαῦτα
1617 2888 1752 2962 γρά-

177 2996 318 3046 φειν·
355 2981 553 3052 ἐπειδὴ
587 2981 643 3035 δὲ
678 2982 814 3053 πρὸς
855 2981 1066 3045 εἰδότας
1115 2982 1258 3052 ὑμᾶς
1290 2983 1575 3053 γράφομεν
1615 2979 1749 3051 (85),

180 3069 261 3123 διὰ
280 3070 436 3125 τοῦτο
459 3050 745 3142 συντόμως
772 3050 1233 3142 ὑπηγορεύσαμεν
1253 3089 1268 3102 υ
1286 3050 1572 3142 εῦχόμενοι
1604 3050 1756 3142 παρὰ
1783 3050 1824 3108 C

180 3161 306 3214 πᾶσι
334 3161 608 3227 σώζεσθαι
635 3162 724 3214 τὸν
754 3161 1053 3232 σύνδεσμον
1081 3163 1178 3233 τῆς
1201 3163 1442 3234 εἰρήνης,
1485 3163 1579 3216 καὶ
1617 3162 1756 3216 πάν-

181 3268 271 3316 τας
292 3255 416 3318 τοὺς
431 3254 538 3322 τῆς
554 3253 862 3325 Καθολικῆς
877 3254 1205 3325 Ἐκκλησίας
1233 3254 1292 3308 τὸ
1309 3255 1440 3308 αὐτὸ
1469 3254 1670 3324 λέγειν,
1697 3255 1758 3308 τὸ

182 3342 309 3411 αὐτὸ,
325 3350 568 3416 φρονεῖν.
596 3347 706 3400 Καὶ
729 3339 924 3415 οὐχ’ὼς
938 3345 1301 3410 διδάσκοντες,
1316 3345 1450 3400 ἀλλὰ
1474 3346 1549 3408 ὡς
1565 3347 1760 3416 ὑπομι-

189 3437 510 3507 μνήσκοντές
532 3437 843 3510 ὲσμεν(84).
863 3438 1056 3509 Ἐσμὲν
1075 3437 1131 3490 δὲ
1151 3438 1250 3510 οὐχ
1267 3441 1423 3509 ἡμεῖς
1451 3439 1500 3490 oi
1524 3437 1762 3508 γράφον-

185 3541 270 3589 τες
290 3530 459 3598 μόνοι,
514 3529 651 3584 ἀλλὰ
686 3532 781 3584 καὶ
811 3529 1014 3595 πάντες
1062 3531 1110 3582 oi
1147 3531 1204 3584 ὲν
1251 3532 1317 3601 τῇ
1360 3529 1621 3600 Αἰγύπτῳ
1666 3529 1762 3583 καὶ

188 3621 296 3682 ταῖς
325 3622 555 3686 Λιϐύαις
582 3622 902 3693 ἐνενήκοντά
928 3640 1029 3676 που
1065 3623 1371 3676 ἐπίσκοποι.
1404 3623 1628 3676 Πάντων
1651 3621 1761 3694 γὰρ

189 3705 243 3758 ἐν
269 3709 380 3764 ἐστι
403 3713 566 3766 τοῦτο
599 3711 873 3782 φρόνημα,
909 3712 1003 3765 καὶ
1033 3712 1172 3788 ὑπὲρ
1209 3711 1454 3782 ἀλλήλων
1498 3710 1584 3764 ἀεὶ
1627 3711 1763 3762 ὑπο-

192 3798 461 3872 γράφομεν
489 3844 505 3869 ,
554 3803 649 3856 ἐὰν
711 3802 892 3874 συμϐῇ
947 3819 1068 3856 τινα
1131 3802 1204 3874 μὴ
1244 3806 1516 3874 παρεῖναι.
1579 3801 1763 3867 Οὕτως

191 3883 277 3941 οὖν
296 3890 404 3963 (85)
431 3893 790 3964 διακείμενοι,
819 3892 1008 3960 ἐπειδὴ
1041 3892 1236 3964 συνέϐη
1268 3891 1543 3946 συνελθεῖν
1591 3891 1759 3961 ἡμᾶς,

193 3977 504 4056 ἔγράῷαμεν
542 3984 634 4038 καὶ
661 3983 738 4056 τῷ
780 3981 1048 4053 ἀγαπητῷ
1081 3983 1238 4054 ἡμῶν
1261 3983 1499 4054 Δαμάσῳ
1532 3982 1609 4052 τῷ
1641 3983 1763 4036 ἐπι-

198 4072 370 4145 σκόπῳ
398 4078 498 4148 τῆς
539 4077 782 4148 μεγάλης
834 4077 1052 4150 Ῥώμης
1081 4076 1324 4148 περὶτοῦ
1363 4076 1652 4141 Αὐξεντίου
1667 4073 1762 4128 τοῦ

200 4160 510 4231 ἐπελθόντος
541 4172 605 4240 τῇ
636 4171 693 4222 ὲν
724 4168 1036 4238 Μεδιολάνῳ
1075 4167 1361 4238 ἐκκλησίᾳ,
1417 4165 1762 4236 διηγούμενοι

196 4251 258 4307 τὰ
286 4261 399 4311 κατ’
433 4261 630 4315 αὐτόν’
665 4263 746 4315 ὅτι
769 4278 828 4313 τε
857 4263 918 4313 οὑ
948 4260 1107 4331 μόνον
1146 4259 1247 4329 τῆς
1294 4259 1578 4330 Ἀρειανῆς
1621 4256 1766 4326 αἱρέ-

201 4345 324 4412 σεώς
350 4352 460 4406 ἐστι
483 4353 756 4416 κοινωνὸς,
781 4352 916 4406 ἀλλὰ
941 4354 1035 4406 καὶ
1067 4351 1369 4414 ὑπεύθυνός
1409 4352 1524 4402 ἐστι
1552 4348 1764 4411 πολλοῖς
1796 4387 1838 4442 D

199 4442 394 4508 κακοῖς,
421 4443 636 4514 πράξας
665 4443 839 4508 ταῦτα
869 4443 1009 4514 μετὰ
1041 4442 1344 4516 Γρηγορίου
1375 4441 1468 4494 τοῦ
1503 4437 1758 4494 κοινωνοῦ

198 4519 289 4591 τῆς
333 4530 586 4596 ἀσεϐείας
627 4531 792 4586 αὐτοῦ
818 4549 831 4563 °
869 4535 963 4586 καὶ
1011 4533 1379 4604 θαυμάζοντες
1437 4531 1554 4594 πῶς
1599 4530 1759 4602 μέχρι

200 4609 286 4666 νῦν
305 4620 360 4672 οὔ
393 4623 671 4696 καθῃρέθη
699 4624 792 4677 καὶ
809 4624 1133 4694 ὲκϐἐϐληται
1159 4627 1258 4696 τῆς
1297 4622 1642 4692 Ἐκκλησίας,
1666 4623 1760 4675 καὶ

200 4704 345 4776 χάριν
371 4712 802 4786 ὡμολογήσαμεν
823 4720 889 4787 τῇ
918 4715 1196 4788 θεοσεϐείᾳ
1233 4714 1397 4768 αὐτοῦ
1430 4731 1490 4766 τε
1518 4715 1612 4766 καὶ
1649 4713 1758 4766 τῶν

205 4798 545 4858 συνελθόντων
569 4807 626 4860 ὲν
658 4808 725 4876 τῇ
756 4807 965 4878 μεγάλη
1001 4805 1188 4876 Ῥώμῃ
1209 4845 1224 4869 ,
1259 4805 1339 4856 ὃτι
1366 4803 1458 4856 καὶ
1489 4803 1614 4866 τοὺς
1632 4821 1696 4856 πε
1708 4805 1760 4873 pi.

203 4880 487 4956 Οὒρσάκιον
520 4898 614 4950 καὶ
644 4898 937 4962 Οὐάλεντα,
975 4899 1068 4951 καὶ
1099 4900 1226 4960 τοὺς
1249 4895 1318 4949 τὰ
1345 4896 1484 4949 αὐτὰ
1519 4895 1629 4967 (86)
1663 4897 1760 4950 αὑ·

205 4978 305 5068 τξῖς
328 4989 653 5055 φρονοῦντας
681 4989 1056 5055 ἐκϐάλλοντες,
1091 4990 1300 5044 ἔσωσαν
1338 4989 1438 5060 τὴν
1467 4989 1766 5068 όμοψυχίαν

237 5063 261 5076 ιν

209 5072 294 5135 τῆς
328 5072 633 5148 Καθολικῆς
678 5080 1007 5149 Ἐκκλησίας
1029 5097 1042 5109 ·
1083 5081 1150 5152 ἢν
1181 5079 1274 5134 καὶ
1300 5080 1428 5150 παρ’
1456 5080 1584 5150 ὑμῖν
1614 5079 1769 5150 εὐχό-

273 5199 375 5275 (81)
411 5208 882 5284 Anglicanusdtt
929 5212 1219 5284 ἄτρεπτος,
1263 5213 1360 5267 καὶ
1405 5211 1761 5278 ἀναλλοίωτός

211 5266 455 5352 ἒσῖξίξιαὶ
486 5266 586 5334 ὖῦκ
612 5281 671 5346 ἐξ
703 5266 917 5352 ἐτέρας,
945 5266 1105 5338 male.

263 5341 380 5426 3(982)
421 5351 618 5426 llegius
655 5341 716 5407 et
763 5341 930 5407 editio
977 5353 1265 5420 Commel.,
1297 5354 1540 5426 σημαίνῃ
1572 5354 1760 5409 male:

214 5405 407 5490 θίίξλέη
417 5405 613 5490 μαίνειζ

279 5479 580 5566 (ὃόὶξΒεείΙ.
611 5504 666 5549 et
695 5495 1048 5565 Anglicanus,
1082 5495 1386 5566 προειδόσιν
1413 5495 1541 5564 ὑμῖν
1564 5497 1770 5566 γράφο-

220 5559 327 5638 liv.
363 5559 480 5617 Mox
512 5563 735 5636 Regius,
767 5559 1247 5638 ι’ῖπηγορεῦσαμεν.
1288 5565 1416 5631 Alii,
1445 5559 1771 5636 συνηγορεύ-

221 5629 280 5671 σα

279 5636 396 5766 63?).
421 5699 494 5760 Ita
522 5703 720 5778 Regius
745 5721 906 5777 quem
932 5706 1232 5778 sequimur.
1264 5705 1777 5780 Anglicattus,dk).a

1851 1884 1988 1938 erat,
2025 1873 2370 1928 anathemate
2397 1869 2621 1925 damnat
2651 1867 2918 1923 catholica
2954 1865 3198 1921 Ecclesia
3225 1879 3240 1930 ;
3277 1871 3336 1918 ut
3365 1863 3434 1917 iis

1853 1966 2036 2021 verbis
2077 1974 2267 2020 notum
2299 1961 2560 2028 facerent,
2593 1974 2784 2014 vocem
2808 1953 3292 2014 consubstantialis
3317 1954 3434 2012 lucc

1854 2056 2182 2129 signiﬁcare.
2215 2053 2393 2124 Atque
2424 2052 2508 2107 vis
2537 2051 2702 2122 hujus
2730 2049 2903 2116 vocis,
2941 2045 3430 2110 consubstantiale,

1855 2164 1923 2204 eo
1970 2147 2291 2216 intelligitur
2339 2144 2484 2215 quod
2529 2141 2700 2198 Filius
2751 2157 2860 2196 non
2908 2139 2979 2196 sit
3006 2155 3096 2195 res
3130 2147 3311 2194 creata
3348 2136 3434 2191 vel

1853 2241 2016 2307 facta,
2043 2249 2097 2296 et
2157 2239 2325 2311 quod,
2365 2239 2457 2309 qui
2510 2237 2645 2292 dicit
2681 2234 3172 2300 consubstantiale,
3226 2247 3435 2305 nequa-

1853 2348 2021 2404 quam
2056 2331 2245 2387 credat
2272 2329 2510 2385 Verbum
2534 2344 2655 2385 esse
2689 2336 2994 2384 creaturam
3027 2345 3042 2381 :
3074 2335 3128 2382 et
3155 2325 3248 2396 qui
3273 2341 3435 2396 supe-

1853 2424 1972 2479 rius
2007 2423 2152 2478 dicta
2213 2422 2562 2477 anathemate
2599 2421 2858 2490 damnat,
2897 2435 3008 2475 una
3038 2420 3202 2476 sentit
3232 2418 3432 2473 Filium

1854 2530 1975 2570 esse
2008 2513 2154 2570 Patri
2181 2514 2704 2570 consubstantialem
2731 2533 2744 2570 :
2778 2529 3016 2584 cumque
3041 2513 3175 2569 dicit
3196 2512 3435 2568 consub-

1857 2607 2190 2675 stantialem,
2225 2623 2546 2678 germanum
2575 2623 2640 2663 ac
2677 2622 2870 2662 verum
2901 2607 3036 2662 dicit
3079 2606 3174 2662 Dei
3209 2604 3432 2660 Filium.

1855 2685 2022 2754 Pater
2048 2716 2213 2754 unum
2242 2715 2458 2765 sumus;
2491 2707 2546 2754 et
2594 2716 2609 2757 :
2657 2697 2763 2765 Qui
2808 2698 2942 2753 vidit
2966 2714 3068 2766 me,
3091 2697 3221 2754 vidit
3249 2707 3299 2753 et
3326 2696 3436 2752 Pa-

1930 2883 2019 2940 10.
2067 2881 2345 2940 Caeterum
2392 2896 2492 2951 par
2539 2889 2656 2937 erat
2693 2881 2812 2936 haec
2854 2880 3102 2951 pluribus
3159 2881 3437 2938 scribere:

1858 2989 2070 3039 verum,
2098 2972 2226 3043 quia
2280 2973 2438 3028 vobis
2478 2973 2586 3043 iam
2622 2973 2819 3028 horum
2881 2973 3070 3045 gnaris
3119 2973 3436 3036 scribimus,

1860 3067 1981 3122 ideo
2013 3065 2202 3136 paucis
2251 3064 2596 3120 dictavimus.
2635 3064 2898 3136 Optantes
2949 3076 3012 3120 ut
3055 3065 3200 3138 apud
3247 3080 3440 3124 omnes

1858 3158 2138 3214 vinculum
2169 3158 2321 3228 pacis
2367 3166 2636 3222 servetur,
2683 3166 2740 3212 et
2785 3170 2979 3212 omnes
3008 3156 3104 3227 qui
3156 3157 3442 3212 catholica

1860 3261 1990 3307 sunt
2010 3250 2289 3315 Ecclesiae,
2308 3248 2450 3303 idem
2470 3249 2675 3315 dicant,
2694 3249 2950 3319 idemque
2968 3248 3224 3303 sentiant.
3244 3247 3312 3303 Et
3326 3249 3441 3304 IIZPC

1859 3357 1969 3401 non
2025 3341 2185 3412 quasi
2242 3341 2522 3407 docentes,
2565 3339 2661 3396 sed
2716 3341 2873 3408 quasi
2921 3339 3277 3394 admonentes
3303 3339 3440 3394 dici-

1861 3448 2004 3488 mus.
2038 3431 2159 3488 Non
2185 3433 2336 3487 enim
2367 3447 2470 3487 nos
2503 3431 2605 3486 soli
2633 3432 2946 3488 scribimus.
2985 3431 3081 3486 sed
3123 3445 3315 3486 omnes
3342 3431 3443 3485 AS-

1862 3524 2009 3596 gypti
2065 3534 2117 3580 et
2171 3522 2468 3594 Libyarum
2524 3523 2822 3593 nonaginta
2889 3522 3109 3577 circiter
3172 3521 3437 3593 episcOpi.

1861 3618 2119 3675 Omnium
2153 3618 2298 3673 enim
2327 3633 2435 3678 una
2481 3617 2600 3672 haec
2633 3627 2717 3672 est
2751 3616 3021 3672 sententia
3044 3655 3058 3680 ,
3091 3624 3144 3670 et
3179 3630 3304 3670 cum
3335 3616 3439 3668 ali-

1867 3727 2031 3782 quem
2070 3709 2262 3764 abesse
2287 3708 2596 3780 contigerit,
2625 3708 2716 3762 alii
2748 3723 2848 3778 pro
2868 3708 2990 3762 aliis
3019 3706 3438 3764 subscribimus.

1867 3803 1962 3857 Sic
1997 3816 2099 3856 nos
2129 3799 2294 3870 igitur
2323 3798 2522 3866 aﬂ'ecti,
2541 3814 2668 3854 cum
2703 3798 3025 3868 contigisset
3055 3815 3156 3854 nos
3184 3799 3240 3853 in
3269 3814 3438 3853 unum

1867 3893 2182 3956 convenire,
2219 3891 2427 3947 litteras
2475 3905 2696 3961 quoque
2725 3890 2927 3946 dilecto
2977 3898 3166 3946 nostro
3209 3891 3442 3946 Damaso

1865 4003 2076 4058 magna
2114 3986 2300 4043 Roma
2329 3986 2588 4057 episcOpo
2624 3985 2900 4052 misimus,
2935 3985 3003 4040 de
3041 3984 3314 4038 Auxentio
3346 3982 3441 4054 qui

1865 4081 2328 4149 Mediolanensem
2364 4079 2569 4133 invasit.
2595 4079 2924 4144 ecclesiam,
2975 4077 3134 4148 cujus
3182 4077 3258 4130 illi
3289 4086 3441 4145 gesta

1865 4167 2267 4234 enarravimus,
2311 4181 2435 4219 eum
2471 4179 2666 4232 nempe
2719 4177 2826 4217 non
2868 4163 3031 4216 modo
3068 4176 3190 4217 esse
3225 4159 3443 4214 Arianm

1865 4261 2136 4314 haereseos
2188 4266 2536 4322 sectatorem,
2586 4255 2680 4311 sed
2711 4255 2876 4309 etiam
2913 4254 3098 4309 multis
3144 4252 3442 4308 sceleribus

1867 4351 2184 4415 obnoxium,
2217 4363 2340 4419 qua:
2371 4363 2494 4402 cum
2530 4345 2794 4416 Gregorio
2829 4344 3122 4414 impietatis
3150 4358 3264 4397 suae
3292 4341 3444 4396 socio

1868 4442 2202 4513 perpetravit
2228 4459 2241 4494 :
2281 4453 2493 4509 nosque
2519 4436 2708 4491 mirari
2760 4451 2858 4490 cur
2889 4435 3131 4488 nondum
3162 4432 3444 4502 depositus

1872 4542 1928 4587 et
1979 4533 2047 4587 ab
2098 4531 2341 4588 Ecclesia
2389 4530 2596 4601 ejectus
2643 4529 2732 4584 sit.
2783 4527 3107 4597 Gratiasque
3157 4525 3446 4581 retulimus

1867 4623 1988 4693 ejus
2018 4622 2228 4692 pietati,
2257 4637 2358 4676 nec
2383 4636 2491 4675 non
2527 4620 2594 4674 iis
2624 4619 2714 4689 qui
2754 4619 2807 4672 in
2827 4633 3079 4688 magnam
3109 4616 3297 4671 urbem
3335 4614 3448 4669 Ro-

1869 4731 2014 4769 mam
2046 4719 2437 4778 convenerant,
2463 4712 2608 4783 quod
2631 4711 2861 4767 Ursacio
2887 4719 2937 4764 et
2965 4708 3190 4764 Valente
3216 4709 3449 4778 aliisque

1867 4806 1959 4876 qui
1990 4820 2113 4859 cum
2145 4805 2254 4860 illis
2283 4799 2553 4859 sentirent
2604 4803 2814 4873 ejectis,
2867 4801 3147 4857 catholica:
3192 4799 3451 4856 Ecclesia:

1870 4898 2218 4954 concordiam
2251 4907 2581 4953 servassent.
2631 4895 2806 4961 Quam
2839 4911 2961 4948 cum
2998 4893 3137 4962 apud
3183 4907 3281 4946 vos
3312 4907 3451 4960 quo-

1871 5003 1980 5059 que
2013 4987 2220 5042 servari
2250 4995 2622 5057 peroptemus,
2678 4985 2965 5039 hortamur
2984 4997 3104 5048 vos,
3135 4995 3204 5035 ne
3239 4979 3447 5042 feratis,

1873 5093 1932 5138 ut
1957 5098 2118 5154 supra
2149 5081 2414 5146 diximus,
2443 5095 2540 5137 eos
2573 5079 2665 5150 qui
2699 5077 2824 5134 ﬁdei
2861 5077 3173 5139 occasione,
3198 5072 3447 5128 multitu-

1865 5221 1942 5296 ῥεῖ
1986 5217 2522 5296 βπομιῑθνήσὶεοηζτες,
2542 5218 2688 5288 ὗμᾶς
2711 5217 3016 5296 γράφομεν.
3043 5213 3260 5296 ᾘσμέν.
3298 5209 3442 5296 Infra

1869 5286 2214 5360 Regius,‘xdl
2242 5286 2361 5352 ταῖς
2390 5286 2724 5360 Λιϐύαιςεει
2750 5286 2831 5342 Sic
2868 5286 3043 5360 supra?
3072 5286 3270 5360 legitur
3299 5297 3356 5336 n.
3392 5286 3443 5344 l,

1869 5353 1979 5423 τὰξ
1999 5360 2224 5423 Λιϐύας,
2255 5360 2309 5412 in
2337 5359 2554 5429 plurali.
2587 5357 2728 5412 Editi
2757 5369 2808 5429 et
2841 5353 3051 5429 31ἰί,τῇ
3087 5353 3284 5426 Λιϐύῃ.

1945 5430 2060 5498 (85)
2099 5429 2454 5500 Anglicanus,
2470 5427 2674 5500 ,Οὕτως
2696 5427 2849 5500 γοῦν.

1949 5494 2060 5572 (86)
2104 5494 2349 5572 SidBeg.
2369 5499 2591 5572 optime.
2613 5498 2671 5552 In
2697 5494 2824 5572 aliis
2846 5513 2976 5553 vero
2988 5497 3126 5572 _et_in
3151 5494 3331 5572 editis,
3353 5494 3450 5572 αρ-

1875 5565 1968 5628 τά’
2011 5565 2186 5627 deest.
2239 5565 2790 5639 lni‘ra'manuscripti
2839 5578 2893 5623 et
2937 5567 3104 5622 editio
3157 5565 3452 5631 Commei.,

1879 5643 2009 5715 παρ’
2041 5644 2190 5714 ὑμῖν.
2228 5640 2374 5697 Edit.
2400 5656 2529 5698 vero
2555 5640 2758 5707 Paris.,
2795 5641 2926 5709 παρ’
2963 5640 3114 5710 ήμῖν.
