3810 6228
369 271 511 328 1047

943 270 1000 324 S.
1041 268 1415 324 ATHANASII
1454 270 1602 326 OPP.
1645 271 1825 325 PARS
1863 270 1902 324 l.
1945 301 2014 311 —-
2056 269 2425 326 HlSTOlllCA
2465 269 2553 324 ET
2594 268 3014 331 DOGMATICA,

3487 270 3626 328 1048

366 384 552 446 dinem
605 391 936 462 synodorum
988 391 1274 460 objiciunt,
1321 392 1721 447 Ariminensem
1751 434 1766 457 ,
1821 390 1909 446 Sir

2105 407 2192 442 :v0t
2216 389 2502 454 σώζεσθαι,
2535 389 2962 460 παρακαλοῦμεν
3009 389 3083 459 μὴ
3125 386 3412 458 ἀνέχεσθαι
3432 427 3447 450 ,
3479 390 3628 444 καθὰ

367 484 654 548 miensem,
689 498 809 536 eam
844 497 966 552 quae
994 482 1046 536 in
1079 481 1308 550 Isauria,
1345 483 1507 539 aliam
1536 500 1656 554 qua:
1686 485 1739 538 in
1765 484 1938 540 Thra-

366 579 472 644 cia,
505 593 599 632 eas
624 591 744 647 quae
771 577 1264 645 Constantinopoli,
1295 577 1425 631 item
1475 594 1596 648 qua:
1637 577 1938 633 Antiochiae

363 671 649 725 celebrata:
678 679 827 737 sunt,
872 686 992 740 quae
1023 670 1271 739 plurimae
1304 682 1431 725 sunt
1461 679 1517 726 et
1567 671 1932 727 tumultuosae.

364 759 469 816 Sed
503 762 646 832 apud
678 777 774 817 vos
814 761 1031 816 Nicaena
1077 763 1255 818 solum
1285 763 1420 818 ﬁdes
1473 763 1738 828 obtineat,
1770 779 1934 834 quam

361 852 550 908 Patres
599 854 1060 925 promulgarunt:
1102 855 1194 909 ubi
1239 869 1429 910 omnes
1463 854 1690 908 aderant
1721 853 1928 919 Patres,

362 945 474 997 imo
500 943 723 1012 quidam
753 959 820 997 ex
857 944 962 1000 illis
1017 945 1111 1014 qui
1151 959 1272 999 eam
1306 959 1452 999 nunc
1481 953 1813 1014 Oppugnant,
1855 947 1934 1000 uti

359 1048 526 1104 supra
547 1035 812 1101 diximus,
847 1035 1058 1105 ipsique
1087 1036 1529 1106 subscripserunt
1555 1053 1568 1102 ;
1601 1048 1660 1092 ut
1686 1039 1753 1092 de
1780 1039 1935 1093 nobis

357 1127 524 1181 etiam
551 1127 848 1198 Apostolus
869 1128 1053 1182 dicat:
1094 1127 1280 1180 Laudo
1309 1137 1484 1181 autem
1517 1145 1627 1191 vos,
1672 1130 1809 1199 quod
1843 1147 1936 1197 per

357 1219 537 1272 omnia
585 1235 840 1273 memores
898 1220 999 1272 mei
1043 1221 1213 1274 estis:
1258 1229 1307 1275 et
1358 1222 1494 1276 sicut
1541 1222 1742 1274 tradidi
1789 1223 1932 1275 vobis

355 1322 618 1383 praecepta
641 1329 757 1366 mea
782 1313 965 1368 tenetis
991 1312 1060 1368 “.

429 1506 517 1560 11.
548 1503 674 1562 Haec
704 1507 850 1562 enim
882 1506 1100 1566 Nicaena
1131 1509 1392 1580 synodus,
1439 1525 1567 1565 vere
1619 1509 1811 1580 cippus
1847 1519 1934 1565 est

354 1597 656 1667 inscriptus
684 1608 878 1654 contra
907 1601 1193 1656 universas
1232 1603 1490 1658 haereses.
1521 1601 1649 1658 Haec
1679 1605 1794 1674 ipsa
1836 1619 1931 1659 eos

2039 484 2396 554 προείπομεν,
2433 483 2542 535 τῶν
2576 482 3028 554 προϐαλλομένων
3043 481 3198 552 ὄχλον
3228 482 3462 536 συνόδων
3493 500 3629 553 προ-

2039 573 2201 641 φάσει
2222 572 2476 637 πίστεως,
2505 571 2603 643 τὴν
2639 574 2696 624 ἐν
2728 572 3024 642 Ἀριμήνῳ,
3046 572 3144 641 τὴν
3172 572 3228 623 ὲν
3253 571 3466 640 Σιρμίῳ
3488 571 3626 638 (87),

2035 663 2132 735 τὴν
2168 667 2225 718 ἐν
2250 667 2316 736 τῇ
2365 665 2624 736 Ἰσαυρίᾳ,
2663 663 2762 734 τὴν
2801 665 2857 715 ὲν
2881 665 2946 733 τῇ
2980 664 3191 734 Θρᾴκῃ,
3216 662 3317 725 τὰς
3362 665 3420 716 ὲν
3465 665 3627 716 Κων-

2039 755 2494 822 σταντινουπὸλει,
2544 756 2643 819 τὰς
2696 757 2754 807 ἐν
2794 755 3096 825 Ἀντιοχείᾳ
3128 753 3451 817 πολλὰςκαὶ
3486 754 3626 808 ἀτά-

2041 865 2221 912 κτους.
2267 848 2426 900 Ἀλλὰ
2477 847 2634 917 μόνον
2663 848 2933 918 κρατείτω
2986 847 3045 898 ἐν
3079 847 3207 916 ὑμῖν
3241 847 3274 916 ἡ
3315 846 3373 899 ὲν
3413 846 3627 918 Νικαίᾳ

2039 937 2191 1010 παρὰ
2212 939 2318 991 τῶν
2353 938 2615 1010 Ηατέρων
2653 936 3052 1008 ὁμολογηθεῖσα
3090 937 3307 1000 πίστις’
3357 938 3416 990 ἐν
3528 940 3624 990 καὶ

2035 1030 2234 1092 πάντες
2256 1030 2351 1082 καὶ
2389 1028 2494 1082 τῶν
2517 1029 2612 1081 νῦν
2650 1029 2971 1099 μαχομένων
3001 1028 3136 1097 πρὸς
3169 1029 3340 1099 αὐτὴν
3367 1030 3625 1100 παρῆσαν

2034 1122 2295 1192 Πατέρες,
2330 1121 2473 1174 καθὰ
2500 1121 2835 1191 προείπομεν
2859 1118 2988 1189 (88),
3019 1120 3114 1172 καὶ
3139 1120 3468 1190 ὑπέγραψαν
3489 1136 3505 1152 ⁸
3535 1121 3626 1175 ἵνα

2033 1214 2126 1264 καὶ
2154 1229 2219 1265 πε
2227 1212 2282 1283 ρ).
2299 1211 2454 1282 ἡμῶν
2476 1213 2504 1264 ὁ
2539 1211 2858 1274 Ἀπόστολος
2874 1211 3000 1281 εἴπῃ
3021 1228 3035 1240 ο
3075 1209 3327 1262 Ἐπαινῶ
3349 1209 3418 1262 δὲ
3437 1209 3623 1278 ὑμᾶς,

2033 1303 2122 1356 ὅτι
2171 1303 2366 1356 πάντα
2414 1321 2534 1372 μου
2562 1302 2889 1372 μέμνησθε,
2937 1301 3035 1354 καὶ
3067 1301 3260 1368 καθὼς
3304 1301 3626 1370 παρέδωκα

2030 1394 2174 1464 ὑμῖν
2197 1395 2304 1461 τὰς
2330 1394 2712 1464 παραδόσεις,
2739 1395 2892 1447 οὕτω
2917 1394 3222 1463 κατέχετε.

2118 1508 2205 1562 ii.
2236 1507 2384 1579 Δῦτη
2413 1508 2522 1578 γὰρ
2550 1509 2582 1578 ἡ
2609 1509 2665 1561 ὲν
2702 1508 2905 1578 Νικαία
2941 1506 3188 1571 σύνοδος,
3218 1504 3440 1575 ἀληθῶς
3487 1521 3621 1575 στη-

2031 1604 2302 1675 λογραφία
2329 1602 2473 1656 κατὰ
2499 1603 2678 1673 πάσης
2700 1600 2964 1674 αἱρέσεώς
2995 1603 3164 1654 ἐστιν.
3187 1599 3336 1670 Αῦτη
3368 1599 3466 1652 καὶ¹
3493 1601 3622 1661 τοὺς

353 1689 450 1758 qui
480 1690 534 1744 in
580 1689 840 1760 Spiritum
887 1702 1138 1748 sanctum
1185 1693 1586 1764 blasphemant,
1643 1696 1927 1766 ipsumque

2105 1694 2488 1766 ασφημοῦντας
2523 1697 2602 1757 εἰς
2623 1695 2684 1747 τὸ
2707 1693 2930 1764 Πνεῦμα
2955 1694 3014 1746 τὸ
3037 1693 3212 1761 ἅγιον,
3237 1691 3331 1745 καὶ
3354 1690 3622 1758 λέγοντας

352 1780 544 1836 dicunt
570 1797 693 1837 esse
717 1791 1045 1850 creaturam,
1078 1783 1342 1840 confutat.
1383 1786 1521 1842 Cum
1550 1787 1696 1842 enim
1743 1787 1927 1844 Patres

2105 1785 2165 1838 τὺ
2188 1786 2416 1856 κτίσμα,
2439 1786 2756 1856 ἀνατρέπει.
2787 1784 3085 1856 Εἱρηκότες
3129 1783 3238 1856 γὰρ
3270 1784 3321 1836 οἱ
3367 1781 3624 1852 Πατέρες

350 1873 418 1928 de
434 1872 540 1928 ﬁde
570 1873 628 1928 in
657 1873 859 1932 Filium
882 1883 1332 1945 pertractassent,
1355 1879 1541 1933 statim
1564 1879 1888 1934 addiderunt
1911 1899 1924 1934 :

351 1966 629 2022 credimus
663 1976 719 2024 et
745 1968 801 2022 in
838 1967 1100 2038 Spiritum
1135 1979 1381 2024 sanctum
1412 1988 1427 2038 ;
1466 1980 1526 2026 ut
1553 1971 1844 2042 perfectam
1875 1981 1930 2027 et

353 2057 568 2126 plenam
599 2058 666 2114 de
712 2069 902 2115 sancta
950 2059 1216 2116 Trinitate
1267 2063 1426 2118 ﬁdem
1475 2064 1733 2129 confessi,
1767 2065 1927 2120 Chri-

349 2149 542 2204 stiana:
569 2149 693 2205 ﬁdei
732 2160 992 2208 tesseram
1037 2163 1089 2208 et
1116 2155 1398 2210 catholicae
1430 2154 1688 2212 Ecclesiae
1719 2157 1926 2212 doctri-

347 2258 478 2298 nam
509 2246 562 2298 in
593 2244 696 2299 hoc
746 2245 866 2316 ipso
894 2246 1233 2302 exhiberem.
1280 2245 1565 2317 Propalam
1602 2250 1799 2319 quippe
1835 2267 1927 2304 vo-

346 2337 433 2390 bis
469 2337 838 2407 omnihusque
869 2346 974 2405 est,
1023 2349 1078 2394 et
1110 2338 1316 2394 nemini
1344 2338 1783 2396 Christianorum
1822 2343 1928 2398 hoc

343 2428 573 2482 dubium
605 2429 772 2483 fuerit
799 2449 812 2484 :
852 2446 952 2486 nos
987 2430 1043 2484 in
1071 2440 1377 2486 creaturam
1405 2433 1629 2487 minime
1663 2434 1884 2488 credere
1907 2475 1922 2499 ,

281 2512 283 2514 ’
343 2522 440 2576 sed
470 2521 525 2575 in
556 2539 724 2576 unum
752 2522 943 2589 Deum,
969 2522 1186 2579 Patrem
1207 2524 1923 2594 omnipotentem,omnium

339 2609 643 2666 visibilium
697 2623 751 2668 et
797 2613 1154 2669 invisibilium
1214 2614 1496 2670 factorem.
1539 2614 1606 2668 Et.
1655 2616 1708 2669 in
1753 2631 1923 2670 unum

343 2700 638 2758 Dominum
671 2703 858 2758 Jesum
887 2703 1168 2759 Christum
1191 2703 1390 2759 Filium
1413 2705 1532 2775 ejus
1561 2705 1920 2776 unigenitum.

341 2789 412 2846 Et
463 2792 519 2848 in
561 2810 735 2848 unum
788 2793 1054 2864 Spiritum
1113 2804 1402 2851 sanctum:
1451 2811 1622 2851 unum
1659 2795 1829 2850 Deum
1867 2799 1922 2850 in

341 2894 532 2942 sancta
555 2893 611 2940 et
639 2885 881 2955 perfecta
909 2885 1176 2943 Trinitate
1206 2887 1506 2957 cognitum.
1543 2887 1600 2941 In
1635 2887 1791 2957 cujus
1825 2904 1924 2942 no-

341 2977 491 3032 mine
520 2977 802 3048 baptizati,
835 2989 894 3033 et
915 2979 971 3033 in
1000 2995 1108 3049 qua
1149 2979 1419 3033 divinitati
1469 2980 1772 3050 conjuncti,
1803 2996 1922 3036 cre-

2033 1877 2161 1948 περὶ
2193 1877 2290 1948 τῆς
2322 1878 2402 1940 είς
2428 1877 2518 1930 τὸν
2541 1877 2669 1931 Υίδν
2699 1878 2953 1941 πίστεως,
2992 1877 3266 1946 ἐπήγαγον
3293 1873 3459 1937 εὐθύς
3478 1891 3492 1903 ·
3522 1873 3622 1926 Πι-

2033 1968 2292 2039 στεύομεν
2343 1971 2434 2022 καὶ
2461 1971 2541 2032 είς
2587 1969 2648 2021 τὸ
2692 1967 2914 2039 Πνεῦμα
2940 1968 3002 2021 τὸ
3041 1968 3216 2036 ἅγιον,
3255 1967 3362 2029 ἵνα,
3401 1964 3621 2018 τελείαν

2028 2062 2123 2114 καὶ
2159 2061 2342 2133 πλήρη
2370 2061 2468 2132 τὴν
2500 2064 2581 2125 είς
2611 2063 2710 2132 τὴν
2751 2062 2911 2131 ἁγίαν
2957 2063 3000 2114 Τ
3007 2061 3161 2132 ριάδα
3202 2060 3384 2113 πίστιν
3423 2060 3620 2130 ὁμολο-

2028 2157 2298 2225 γήσαντες
2318 2195 2333 2219 ,
2363 2155 2451 2207 τὸν
2481 2154 2806 2225 χαρακτῆρα
2851 2154 2951 2223 τῆς
2981 2157 3040 2208 ὲν
3085 2152 3305 2224 Χριστῷ
3349 2153 3616 2215 πίστεως,

2029 2248 2123 2301 καὶ
2152 2247 2250 2318 τὴν
2293 2245 2640 2300 διδασκαλίαν
2682 2247 2783 2317 τῆς
2828 2245 3137 2316 Καθολικῆς
3183 2243 3514 2314 Ἐκκλησίας
3558 2244 3618 2294 ἐν

2026 2337 2199 2408 τούτῳ
2227 2337 2338 2408 (89)
2385 2339 2718 2410 γνωρίσωοι.
2760 2337 2928 2408 Δῆλον
2950 2336 3059 2408 γὰρ
3087 2337 3180 2390 καὶ
3200 2335 3329 2406 παρ’
3354 2335 3486 2405 ὑμῖν
3521 2336 3619 2387 καὶ

2027 2430 2176 2501 παρὰ
2199 2431 2331 2482 πᾶσι
2363 2428 2669 2500 καθέστηκε
2687 2446 2701 2459 ο
2728 2429 2821 2482 κα)⁹
2849 2429 3022 2492 οὐδεὶς
3044 2428 3110 2481 ἂν
3138 2425 3483 2498 Χριστιανῶν
3514 2426 3619 2496 ἀμ-

2027 2522 2244 2592 φίϐολον
2277 2523 2356 2584 είς
2398 2520 2556 2574 τοῦτο
2591 2521 2743 2592 σχοίη
2775 2521 2874 2591 τὴν
2897 2521 3171 2582 διάνοιαν,
3206 2519 3282 2580 ὡς
3321 2520 3424 2572 οὐκ
3463 2518 3616 2571 ἔστιν

2025 2611 2180 2682 ἡμῶν
2215 2614 2248 2681 ἡ
2271 2610 2453 2674 πίστις
2484 2613 2563 2674 είς
2583 2611 2681 2682 τὴν
2707 2611 2905 2675 κτίσιν,
2941 2611 3057 2664 ἀλλ’
3082 2613 3162 2674 είς
3207 2611 3303 2663 ἕνα
3333 2609 3469 2662 Θεὸν
3502 2610 3617 2662 Πασ-

2022 2703 2156 2775 τέρα
2188 2704 2628 2775 παντοκράτορα,
2670 2704 2889 2757 πάντων
2905 2704 3118 2776 ὁρατῶν
3145 2720 3205 2756 τε
3233 2704 3329 2756 καὶ
3356 2702 3614 2773 ἀοράτων

2024 2796 2252 2868 ποιητήν
2272 2813 2285 2826 ο
2328 2797 2421 2849 καὶ
2453 2797 2533 2860 είς
2565 2796 2660 2848 ἕνα
2698 2795 2903 2866 Κύριον
2961 2795 3167 2868 Ἰησοῦν
3217 2795 3454 2865 Χριστὸν
3477 2835 3493 2859 ,
3520 2793 3614 2848 τὸν

2023 2888 2152 2941 Υίὸν
2181 2887 2346 2942 αὑτοῦ
2377 2888 2468 2942 τὸν
2496 2889 2764 2960 μονογενῆ
2786 2905 2799 2918 ’
2839 2889 2934 2943 καὶ
2972 2891 3051 2952 εἰς
3082 2888 3139 2941 ἓν
3164 2889 3386 2958 Πνεῦμα
3420 2889 3606 2956 ἅγιον·

2021 2981 2119 3036 ἕνα
2151 2980 2285 3034 Θεὸν
2313 2980 2406 3034 τὸν
2429 2980 2488 3032 ἐν
2522 2982 2589 3052 τῇ
2623 2981 2754 3053 ἁγίᾳ
2787 2981 2882 3034 καὶ
2914 2981 3096 3052 τελείᾳ
3120 2980 3310 3052 Τριάδι
3337 2980 3610 3047 γινωσκό-

340 3068 525 3122 dimus
554 3083 656 3123 nos
687 3083 914 3137 regnum
944 3071 1209 3125 caelorum
1242 3070 1556 3126 haereditate
1601 3079 1923 3141 accepturos

2105 3087 2220 3124 νον·
2253 3072 2332 3134 είς
2359 3060 2559 3141 ἦνκαὶ
2593 3070 2996 3142 βαπτιζόμενοι,
3035 3071 3129 3124 καὶ
3174 3071 3230 3122 ὲν
3264 3067 3437 3141 ταύτῃ
3481 3085 3610 3120 συν-

341 3159 398 3213 in
427 3159 650 3216 Christo
691 3159 819 3216 J’esu
871 3159 1106 3216 Domino
1149 3171 1358 3227 nostro,
1411 3178 1509 3232 per
1557 3178 1716 3232 quem
1767 3161 1916 3218 Patri

2105 3161 2317 3232 τόμενοι
2350 3163 2416 3232 τῇ
2449 3161 2682 3234 θεότητι,
2707 3162 3034 3232 πιστεύομεν
3067 3161 3161 3214 καὶ
3195 3158 3610 3231 κληρονομῆσαι

337 3251 512 3319 gloria
553 3264 606 3309 et
639 3251 929 3322 imperium
962 3251 1016 3306 in
1053 3253 1272 3308 saecula.
1308 3255 1503 3308 Amen.

2025 3253 2301 3325 βασιλείαν
2327 3253 2573 3326 οὐρανῶν
2596 3255 2654 3308 ὲν
2676 3255 2897 3327 Χριστῷ
2926 3253 3100 3326 Ἰησοῦ
3115 3253 3194 3326 τῷ
3210 3252 3398 3324 Κυρίῳ
3421 3250 3608 3324 ήμῶν,

335 3342 407 3396 δι’
432 3335 494 3397 οὗ
527 3343 604 3416 τῷ
633 3346 810 3418 Πατρὶ
843 3347 877 3417 ἡ
907 3345 1033 3412 δόξα
1065 3347 1159 3400 καὶ
1193 3346 1254 3399 τὸ
1282 3345 1481 3418 κράτος
1505 3347 1586 3410 είς
1615 3349 1740 3412 τοὺς
1789 3346 2008 3412 αἰῶνας.
2047 3349 2221 3420 Ἀμήν
2249 3345 2378 3420 (90).

412 3531 461 3562 ⁸*
492 3527 665 3586 ler.
702 3546 776 3595 x1,
803 3530 860 3586 2.

409 3711 524 3791 (8:7)
560 3713 894 3791 Anglicanus
924 3758 938 3781 ,
983 3718 1080 3790 τὴν
1127 3717 1386 3791 Ἀρσενῑῳ
1411 3761 1426 3785 ,
1479 3720 1624 3776 unde
1665 3717 1912 3777 Nannius

339 3783 526 3848 vertit,
557 3783 887 3839 Arsenicam.

409 3853 786 3943 t§St.‘Regiu§,
819 3857 1070 3943 καεξᾲπερ
1099 3859 1347 3943 εζπομεν.
1377 3860 1546 3943 Paulo
1566 3861 1911 3943 post_Re5ius

409 3876 540 3936 root.
563 3876 786 3938 nemus,
819 3876 1070 3982 καυαπιὲρ
1099 3877 1347 3931 ειπομεν.
1377 3876 1546 3942 Paulo
1566 3876 1690 3930 pOSl.
1711 3876 1911 3943 ιίθβιιιε

335 3932 391 4002 et
421 3924 608 4002 Basd._,
641 3927 813 4002 ἡμων
909 3929 1030 4002 Ἀπμ
1048 3931 1250 4002 στολος,
1291 3931 1646 4002 Anglicanus,
1691 3932 1846 4002 ὑμων
1881 3934 1911 3985 ὁ

346 3994 882 4070 ’Δπόᾼστολοςζ-Ειιίμῑί,
913 3999 1072 4070 ἡμῶν
1107 3994 1452 4066 Ἀπόστολός.

2019 3736 2219 3776 ταυτω.

2248 3790 2533 3862 Anglican.
2555 3791 2726 3856 solus,
2749 3805 2909 3862 quem
2942 3789 3192 3862 sequitur
3225 3788 3492 3862 Nannius,
3515 3790 3602 3859 τῷ

2018 3862 2195 3943 Πατρὶ
2222 3862 2318 3943 καὶ
2343 3860 2436 3933 ’τῷ
2465 3862 2612 3943 tif-{ip
2641 3860 2938 3943 Πνεῦμα-τι.
2966 3860 3112 3943 Post,
3134 3862 3187 3913 'A
3199 3862 3326 3943 μήνΞ
3363 3860 3601 3943 subjug-

2016 3928 2430 4004 gitﬁng’licani,
2463 3928 2737 4004 ἐρρῶσθαι
2766 3928 2912 4004 ἡμᾶς
2942 3931 3033 4004 καὶ
3058 3928 3416 4004 μνημονεύειν
3657 3979 3669 3990 ,

2018 4003 2076 4073 ἐν
2104 4001 2291 4073 Κυρίῳ
2310 4001 2565 4073 εὖχομαι,
2595 4003 2890 4073 ἀγαπητοί
2914 4001 3008 4054 καὶ
3028 4001 3442 4073 ῌποθεινᾴτατοι,
3462 4001 3601 4070 qua:

407 4043 1604 4141 (ἐώῖιῗῒῇξῖιὶέ.’⁸ἕῖλπῐέίῐὲἇῆῐὲιῖνΕαίιί
1657 4086 1809 4137 vero,
1855 4072 1914 4126 ὲν
1943 4067 1990 4123 Β
2018 4043 2291 4127 angar:
2310 4043 3310 4143 ῐιὲἓῖνὲιὶἒίῖ⁶ἔίῖξὲῖὲιςῖ7ξέἱέἁῖιῖ

332 4281 3563 4315 .__.___—___..________________________________________

608 4467 736 4555 IN
813 4464 1497 4557 EPISTOLAM
1575 4470 1727 4558 AD
1801 4472 2503 4566 EPICTETUM
2578 4477 3327 4573 ADMONITIO.

392 4844 558 4916 719
587 4842 629 4898 1.
666 4841 1020 4898 Celeberrima
1053 4842 1192 4910 apud
1223 4843 1468 4913 antiquos
1498 4845 1783 4914 scriptores
1811 4848 2013 4900 exstitit
2042 4848 2149 4902 l.a:c
2174 4852 2395 4918 epistola
2425 4865 2442 4902 .'
2484 4866 2598 4903 eam
2639 4851 2827 4920 quippe
2870 4853 3123 4922 integram
3163 4853 3318 4922 aﬂert
3346 4837 3589 4924 Epipha-

315 4941 434 4993 nius
474 4939 662 4992 haeresi
695 4953 878 4993 uxvu
905 4955 928 5003 ;.
954 4937 1112 5005 hujus
1141 4935 1264 4989 item
1311 4937 1549 4990 meminit
1587 4937 1825 5008 Cyrillus
1862 4940 1918 4992 in
1958 4940 2184 5008 epistola
2229 4942 2298 4994 ad
2328 4940 2587 5000 Joannem
2634 4943 3012 4998 Antiochenam
3058 4957 3107 4999 et
3137 4945 3257 5000 aliis
3302 4947 3357 4999 in
3407 4946 3536 5000 locis
3564 4964 3586 5001 :

313 5033 493 5101 aitque
515 5031 633 5099 jam
665 5032 793 5086 olim
818 5036 988 5102 ipsam
1019 5034 1084 5088 ab
1115 5034 1378 5090 haereticis
1411 5035 1575 5104 fuisse
1597 5039 1864 5102 vitiatam,
1893 5041 2032 5110 quod
2063 5041 2117 5094 in
2151 5041 2247 5095 illa
2275 5052 2542 5097 cernerent
2566 5059 2769 5098 errores
2802 5045 3021 5099 convelli
3043 5063 3199 5112 suos;
3235 5064 3267 5100 a
3299 5065 3357 5101 se
3405 5059 3588 5102 tamen

313 5127 527 5181 collatis
557 5128 946 5197 exemplaribus
968 5130 1216 5200 pristinae
1239 5132 1544 5203 integritati
1566 5135 1889 5192 restitutam.
1931 5135 2121 5191 Verum
2163 5139 2452 5208 depravata
2481 5139 2742 5208 ejusmodi
2783 5141 3020 5210 exempla
3047 5141 3117 5194 ad
3149 5152 3386 5196 nostram
3419 5159 3585 5212 usque

313 5229 526 5274 aetatem
566 5235 673 5275 non
719 5233 1126 5290 pervenererest
1155 5221 1296 5277 enim
1343 5241 1428 5287 ea.
1453 5242 1573 5296 qua:
1597 5227 1717 5296 jam
1748 5229 1802 5282 in
1841 5228 2224 5284 Athanasianis
2271 5240 2446 5285 exstat
2487 5233 2667 5298 editis,
2701 5242 2752 5286 et
2785 5233 2942 5303 plane
2965 5222 3279 5300 orthodoxa,
3303 5243 3352 5288 et
3383 5237 3432 5290 ei
3461 5253 3585 5307 qua

315 5312 457 5379 apud
491 5311 850 5381 Epipltanium
893 5314 1088 5383 legitur
1131 5316 1532 5374 consimillima.
1583 5318 1776 5387 Cyrilli
1823 5329 1999 5374 autem
2037 5321 2210 5375 locum
2255 5323 2384 5376 citat
2421 5322 2671 5378 Rusticus
2705 5326 2986 5390 diaconus,
3017 5326 3222 5383 Contra
3245 5328 3580 5400 Acephalos,

313 5419 432 5473 cap.
458 5404 513 5458 2.
550 5404 849 5474 Epistolam
883 5408 952 5460 ad
988 5406 1283 5477 Epictetum
1311 5423 1605 5467 memorant
1634 5415 1781 5482 item,
1809 5425 1858 5470 et
1890 5415 2005 5470 loca
2027 5419 2148 5472 inde
2175 5430 2422 5488 excerpta
2452 5421 2682 5489 aferunt
2728 5425 2916 5492 synodi
2957 5422 3222 5493 Epltesina
3261 5435 3312 5479 et
3355 5424 3581 5482 Chalce-

312 5501 580 5564 donensis,
605 5502 709 5557 Leo
752 5520 926 5573 papa,
963 5504 1341 5572 Theodoretus,
1374 5506 1617 5565 Gelasius
1649 5511 1784 5565 libro
1820 5511 1896 5567 De
1935 5514 2147 5569 duabus
2191 5531 2244 5568 ιη
2288 5515 2508 5570 Christo
2545 5518 2774 5582 naturis,
2817 5519 2961 5587 infra
2993 5521 3104 5574 suis
3133 5537 3310 5576 omnes
3355 5525 3579 5578 notandi

313 5595 467 5649 locis.
509 5594 647 5650 Item
680 5598 825 5667 apud
857 5596 1138 5652 Leontium
1170 5599 1532 5670 Byzantinum
1557 5605 1730 5658 multa
1759 5607 1879 5660 hinc
1902 5607 2200 5675 a/feruntur
2235 5613 2350 5661 loca
2384 5609 2478 5663 lib.
2518 5625 2581 5671 ιι,
2613 5609 2707 5662 sub
2739 5611 2917 5680 ﬁnem.
2956 5610 3179 5683 Ipseque
3207 5614 3574 5684 Apollinarins

316 5688 634 5756 raferrimus
673 5705 799 5744 sane
827 5689 1091 5758 Itomo,-in
1121 5695 1418 5766 fragmento
1450 5700 1685 5768 epistcla:
1713 5703 1781 5756 ad
1819 5703 2157 5773 Serapionem
2203 5707 2341 5778 apud
2364 5704 2643 5762 Leontium
2671 5707 3054 5778 Byzantinum,
3081 5711 3179 5778 ait,
3205 5727 3258 5766 se
3291 5711 3574 5780 epistolam
